1978 3078
40 158 108 190 489

747 161 889 194 ORATIO
909 160 1035 192 XXXII.

1678 163 1738 196 490

39 234 242 264 congressum
257 226 378 266 quidem
400 236 451 258 eos
472 227 642 258 admittere.
659 227 722 263 Qua
736 227 807 258 item
822 232 1018 266 ra-Apresso
1049 226 1141 259 corde
1166 227 1323 267 prosiliunt
1343 227 1490 268 lacrymaa.
1518 228 1589 265 Quae
1612 229 1739 270 insuper

40 271 141 312 tione,
158 274 188 301 et
203 272 319 312 quando
344 272 374 302 in
393 272 509 303 insidiis
523 276 625 303 contra
639 282 691 304 eos
706 272 869 310 latendum,

41 318 72 345 et
88 315 201 355 quibus
216 317 247 347 in
263 317 345 355 locis,
364 321 392 348 et
406 321 514 357 quanta
531 326 634 348 manus
649 317 685 348 ad
710 317 766 348 hoc
782 317 869 348 emit-

41 361 149 400 tenda,
165 361 229 401 ipse
246 361 342 392 luctus
357 371 416 392 non
431 361 520 392 dubie
544 361 710 393 constituit.
737 361 808 393 Sine
823 361 870 393 his

42 405 175 445 populus
189 406 328 440 virtutum
346 406 500 437 universus
511 406 596 438 facile
611 407 737 448 capitur.

84 452 183 490 Atque
208 451 318 482 idcirco
344 461 410 482 cum
433 452 581 488 omnibus,
599 455 627 482 et
647 461 707 492 prae
731 450 870 482 omnibus

43 495 104 525 hoc
130 499 260 526 vestrum
287 505 361 536 opus
385 496 433 536 sit,
457 496 572 536 fratres,
596 496 781 536 pcenitentia,
799 500 827 526 et
843 495 870 526 ei

45 541 209 580 conjuncta
234 540 417 580 lamentatio,
444 541 721 580 lamentationisque
747 540 871 571 comites

45 585 266 625 lacrymaa.Nec
277 586 356 616 enim
370 586 434 616 sine
446 585 617 626 paenitentia
631 586 804 626 lamentum,
817 594 872 616 nec

44 631 113 661 sine
130 631 259 662 lamento
276 631 413 671 lacrymaa
429 639 436 661 ε
454 640 504 661 sec
519 631 581 661 haec
599 630 655 661 tria
669 631 798 661 invicem
815 630 873 660 sibi

45 685 185 707 connexa
210 680 290 716 sunt,
314 680 340 706 et
366 675 445 706 aliud
470 676 534 706 sine
559 675 616 706 alio
641 684 784 716 apparere
813 684 872 706 non

46 725 156 761 potest.
175 721 218 751 Ne
233 720 298 760 quis
313 729 383 759 ergo
399 720 488 757 dicat,
505 720 647 760 quodidie
658 720 730 750 ﬂere
741 728 806 750 esse
818 719 873 749 im-

48 764 212 805 possibile;
237 773 302 795 nam
330 764 379 804 qui
405 764 444 795 ita
466 764 606 804 loquitur,
625 763 714 795 etiam
739 763 873 804 quotidie

912 269 950 300 de
965 270 1012 301 his
1027 270 1147 302 disserit
1170 271 1246 302 lecto
1270 273 1335 312 ejus
1357 272 1445 311 libro,
1463 273 1513 314 qui
1528 274 1665 312 voluerit,
1683 269 1736 306 co-

911 319 1047 354 gnoscet.

950 359 1014 390 Jam
1031 360 1096 390 siet
1109 364 1152 398 tu,
1166 370 1232 401 quae
1243 361 1272 391 in
1285 361 1348 392 dies
1360 362 1434 400 legis
1445 366 1474 393 et
1487 362 1598 403 psallis,
1613 367 1662 395 aut
1672 364 1739 395 aliis

912 404 1077 450 legentibus
1092 405 1191 444 audis,
1204 406 1279 437 nihil
1295 406 1468 446 omittendo,
1482 412 1543 440 toto
1554 409 1656 450 corde,
1669 418 1737 441 cum

911 448 1080 480 humilitate
1095 454 1125 481 et
1148 450 1206 481 fide
1226 451 1257 481 in
1274 451 1355 481 omni
1373 451 1430 483 vita
1446 452 1630 493 praestiteris.
1649 448 1739 485 amen

911 494 1087 534 evangelizo
1115 494 1170 526 tibi
1196 496 1346 534 gaudium
1375 505 1523 537 maguum
1551 497 1593 529 38.
1622 498 1698 530 Nam
1713 498 1739 529 si

912 537 943 567 in
963 538 1010 568 his
1034 538 1179 570 faciendis
1202 540 1374 580 perstiterit,
1408 541 1547 583 sitiendo,
1577 542 1738 583 vigilando,

914 591 1007 628 usque
1021 583 1057 613 ad
1075 588 1198 614 mortem
1212 589 1238 614 te
1251 584 1429 624 sujiciendo,
1444 590 1473 617 et
1485 586 1653 618 obediendo
1665 596 1739 628 prte-

915 626 1009 665 posito
1022 631 1070 658 tuo
1079 627 1353 667 indiscriminatim,
1364 639 1483 662 omnem
1500 626 1735 670 tribulationem,

914 671 1065 711 injuriam,
1081 673 1249 711 maledicta,
1268 674 1462 716 calumniam,
1481 685 1537 708 nec
1550 677 1654 708 isthaec
1668 680 1738 707 tan-

915 719 988 752 tum,
1005 716 1058 747 sed
1073 721 1161 747 etiam
1179 718 1296 757 ﬂagella
1312 722 1341 749 et
1356 720 1479 751 verbera
1491 730 1508 752 a
1522 720 1664 752 fratribus
1680 720 1739 751 tuis

914 759 1127 800 abjectioribus
1145 771 1210 793 cum
1239 763 1320 793 omni
1335 763 1495 803 gratiarum
1512 767 1629 796 actione
1644 765 1738 796 susti-

45 810 194 850 poenilere
210 809 282 840 dicit
296 819 365 840 esse
383 809 579 850 impossibile,
598 813 627 839 et
643 812 731 839 totam
754 807 873 848 Sriptu-
915 805 1025 850 tlend0,
1043 805 1081 835 ita
1097 815 1167 846 erga
1179 816 1230 837 eos
1244 808 1376 846 alfectus,
1403 813 1432 840 ut
1458 809 1537 847 mala
1558 811 1594 842 ab
1609 810 1669 840 illis
1685 809 1740 840 tibi

45 848 110 885 ram
142 863 257 885 sacram
285 854 404 894 evenit,
428 848 466 884 ne
496 853 604 893 dicam,
634 853 730 893 ipsum
756 848 1072 894 quoquenillataﬁon
1087 851 1272 889 memineris,
1291 856 1319 883 et
1342 862 1395 893 pro
1411 853 1455 884 eis
1475 854 1617 892 oraveris,
1643 853 1741 894 gande

47 884 220 932 mandatum
238 884 307 937 Dei,
327 884 507 939 quoilicitur
524 884 908 941 :7Paz'm'l‘entiomlagite,B
922 897 951 924 et
965 894 1078 941 exsulta
1092 896 1199 936 gaudio
1212 884 1367 935 ineffabili,
1384 898 1452 938 quia
1471 908 1529 930 non
1555 884 1659 931 solum“
1672 907 1740 930 ves-

50 945 305 986 appropinquavit
320 944 400 975 enim
416 952 543 983 regnum
557 943 698 974 caelorum
709 943 751 973 58,
770 942 804 972 Et
819 939 877 974 ite;
922 939 1101 986 peri,_mane
1116 944 1145 971 et
1157 940 1297 986 meridie,
1311 942 1365 972 sed
1381 943 1467 973 etiam
1485 944 1583 975 edenti
1599 949 1628 976 et
1638 944 1742 975 biben-

47 983 239 1021 rumzi’etite
249 986 879 1028 etaccipictiaguwriteetinvenietis,pul-
921 983 941 1013 ti
956 983 1019 1022 tibi,
1042 988 1071 1016 et
1092 985 1201 1026 saepius
1222 995 1289 1017 cum
1316 987 1380 1017 aliis
1401 987 1575 1028 alloquenti,
1589 989 1740 1029 spallenti,

46 1031 562 1074 sateetaperieturvobis59.Sienim
574 1031 879 1072 puenilere,etlamen—
921 1032 949 1074 et
974 1029 1096 1074 legenti,
1121 1034 1151 1060 et
1174 1031 1320 1071 precanti,
1345 1038 1375 1062 et
1397 1042 1486 1072 super
1512 1033 1620 1065 lectulo
1649 1043 1738 1066 recu-

48 1080 115 1116 tari,
135 1071 256 1110 et'ﬂere
271 1077 403 1118 quotidie
428 1077 472 1108 ais
496 1071 694 1117 impossibile,
719 1075 879 1106 humiliare
920 1071 1001 1118 banti
1011 1074 1112 1118 ipsum
1128 1074 1181 1105 Dei
1204 1075 1411 1116 inexplicabile
1431 1071 1543 1108 donum
1558 1079 1692 1117 veniens,
1708 1089 1742 1110 se

46 1134 92 1163 se,
106 1129 134 1154 et
151 1132 270 1163 semper
284 1122 425 1161 gaudere,
443 1125 473 1153 et
486 1121 552 1152 sine
570 1120 792 1152 intermissione
808 1129 878 1151 ora—

46 1179 80 1200 re
87 1170 129 1205 60,
141 1169 213 1209 quin
223 1167 310 1198 etiam
323 1167 419 1207 ipsum
427 1166 520 1198 corab
530 1165 667 1197 omnibus
678 1164 874 1205 perturbatio-

50 1214 138 1245 nibus
152 1217 182 1244 et
196 1211 423 1251 cogitationibus
439 1212 475 1242 ad
493 1213 585 1242 Deum
602 1209 796 1250 spectandum
817 1209 872 1240 ha-

48 1259 119 1290 bere
136 1258 279 1294 liberum,
291 1261 321 1287 tu
333 1266 370 1287 ne
385 1265 513 1296 unquam
530 1255 612 1286 dices
627 1253 741 1285 homini
758 1253 874 1284 mortali

47 1314 114 1335 esse
127 1302 282 1344 possibile,
294 1306 323 1332 et
339 1302 375 1332 ab
388 1311 422 1332 eo
435 1302 490 1331 ista
509 1306 592 1332 recte
607 1299 740 1340 praestari
762 1308 850 1340 posse
859 1298 874 1328 ‘I

48 1343 133 1380 haud
143 1348 236 1379 dices.
248 1346 282 1377 Et
298 1346 338 1377 ita
353 1348 383 1376 in
399 1355 523 1376 numero
538 1344 714 1382 infidelium,
731 1353 790 1374 non
803 1343 874 1374 ﬁde-

47 1394 120 1425 lium
146 1401 308 1432 reponere.
325 1390 397 1421 Nam
423 1390 448 1421 si
475 1391 552 1421 Deus
576 1389 639 1420 hac
662 1397 678 1419 a
694 1388 780 1419 nobis
799 1388 875 1420 elIici

46 1448 131 1480 posse
142 1437 232 1476 dixit,
253 1441 282 1467 et
299 1435 450 1482 praecepit,
468 1439 496 1465 et
519 1434 637 1465 assiduo
654 1433 771 1482 clamat,
788 1437 817 1482 tu
826 1443 875 1482 au-

48 1477 106 1515 tem
128 1481 312 1514 contrarium
345 1481 495 1519 affirmas,
527 1487 648 1517 nempe,
678 1477 875 1518 impossibilia

918 1116 1089 1156 dignabitur
1110 1122 1137 1149 te
1157 1119 1296 1150 omnibus
1311 1120 1418 1151 diebus
1431 1121 1498 1152 vitae
1513 1126 1580 1160 tute,
1598 1126 1628 1153 et
1642 1123 1740 1154 comi-

915 1160 1025 1192 tabitur
1039 1166 1066 1192 te
1081 1162 1112 1193 in
1127 1163 1182 1201 via,
1199 1168 1229 1194 et
1244 1173 1312 1196 cum
1337 1162 1505 1204 diverteris,
1523 1170 1621 1198 tecum
1637 1167 1740 1199 diver-

915 1210 966 1244 tet,
984 1210 1012 1237 et
1028 1216 1094 1238 cum
1111 1208 1296 1240 ministrante
1312 1209 1504 1251 ministrabit,
1522 1211 1658 1243 laborum
1675 1216 1739 1244 tuo-

913 1260 979 1281 rum
997 1252 1147 1283 molestias
1169 1263 1202 1284 ac
1219 1253 1337 1285 dolores
1353 1255 1511 1286 consolans
1534 1261 1564 1287 et
1587 1266 1741 1290 recreans.

914 1295 956 1326 Ac
970 1300 1042 1334 tum,
1059 1306 1146 1337 quam
1174 1297 1251 1329 bene
1267 1299 1538 1340 convenienterque
1553 1306 1672 1333 sanctus
1690 1301 1741 1334 Si-

917 1349 987 1370 mon
1003 1340 1123 1378 dixerit,
1139 1342 1252 1373 nemini
1268 1345 1549 1376 communicandum
1565 1346 1678 1387 absque
1694 1347 1740 1378 la-

916 1385 1038 1423 crymis,
1051 1386 1145 1417 ethoc
1157 1386 1222 1417 fieri
1236 1397 1334 1428 posse,
1352 1392 1382 1419 et
1397 1398 1501 1420 revera
1511 1399 1616 1422 omnes
1629 1385 1742 1424 decere

916 1428 1075 1469 intelliges.
1092 1431 1157 1462 Non
1181 1431 1261 1462 enim
1283 1432 1345 1470 ille,
1363 1433 1416 1463 sed
1439 1443 1493 1474 per
1511 1434 1595 1466 illum
1610 1434 1741 1476 Spiritus

916 1479 1033 1506 sanctus
1057 1475 1171 1508 locutus
1196 1482 1251 1513 est,
1276 1482 1305 1509 et
1329 1479 1443 1518 cripsit.
1468 1479 1500 1511 Si
1518 1475 1647 1521 namque
1673 1482 1740 1513 sine

47 1528 132 1559 nobis
148 1537 227 1564 esse,
246 1526 332 1567 plane
347 1525 420 1556 nihil
437 1522 904 1567 abinﬁdelidilfers.VisigiturC
918 1525 1037 1567 peccato
1061 1521 1157 1567 nullus
1180 1527 1235 1560 est,
1263 1532 1318 1553 nec
1346 1523 1454 1561 infans,
1481 1525 1567 1564 cujus
1592 1529 1637 1556 est
1652 1526 1740 1557 unius

46 1582 201 1613 nunquam
217 1565 431 1602 Eucharistiam
458 1568 614 1609 percipere
631 1568 694 1613 sine
711 1566 845 1606 lacrymis
856 1565 871 1595 ?

46 1619 90 1650 fac
103 1611 170 1659 quae
188 1616 240 1648 abs
257 1621 285 1647 te
303 1618 457 1646 cantantur
477 1613 618 1659 simul,et
637 1611 785 1659 leguntur,
803 1615 872 1659 t_u_nc

47 1655 135 1694 etiam
146 1661 226 1692 istud
239 1664 379 1702 praestare
387 1660 507 1699 poteris.
519 1656 776 1702 AudiApostolum
787 1655 871 1702 :Non

46 1709 128 1739 enim
149 1701 304 1738 auditares
323 1705 397 1745 legis
402 1704 484 1743 justi
503 1705 573 1733 sunt
592 1701 674 1741 apud
693 1701 799 1738 Deum,
816 1701 871 1730 sed

45 1754 181 1792 factores
201 1748 542 1792 legisjusti/icabuntur
560 1747 600 1778 6‘.
619 1746 690 1792 Quae
711 1754 804 1792 porro,
819 1745 869 1775 illa

45 1796 136 1828 sunt?
156 1796 200 1826 Tu
223 1804 260 1825 ne
279 1793 410 1825 funditus
432 1793 573 1832 ignaras?
595 1791 647 1822 sed
671 1800 708 1821 ne
733 1791 868 1821 cratione

45 1841 162 1881 longius
179 1839 386 1881 procedamus,
402 1838 466 1885 ipsa
479 1836 531 1885 tibi
548 1835 668 1885 Davidis
683 1834 772 1885 verba
794 1844 867 1885 sug:

45 1879 197 1925 gerimus:
213 1885 245 1916 Si
256 1883 428 1919 ascendero,
441 1881 547 1929 inquit,
557 1889 647 1929 super
658 1879 768 1929 lectum
779 1880 866 1929 strati

45 1923 117 1961 inci:
139 1931 166 1960 si
181 1929 290 1960 dedero
307 1935 446 1959 somnum
461 1926 554 1957 oculis
569 1927 655 1961 meis,
672 1928 698 1955 et
712 1923 866 1963 palpebris

43 1978 118 2006 meis
131 1975 428 2006 dormitationem:et
440 1973 577 2011 requiem
589 1969 771 2010 temporibus
778 1968 863 2004 meis,

42 2022 135 2053 donec
145 2021 299 2051 inveniam
310 2019 407 2050 lacum
418 2018 558 2054 Domino,
568 2014 796 2047 tabernaculum
803 2013 864 2044 Deo

40 2065 178 2097 Jacobi”.
188 2064 224 2095 Et
233 2073 350 2095 rursum
364 2074 370 2092 :
383 2062 452 2094 Non
471 2064 515 2093 est
532 2069 595 2101 pax
616 2059 731 2090 ossibus
745 2059 829 2095 meis,
845 2066 864 2089 α

39 2111 120 2149 facie
144 2113 339 2150 peccatorum
355 2115 499 2147 meorum,
522 2105 667 2145 quoniam
690 2104 864 2150 iniquitates

915 1564 973 1595 diei
989 1567 1046 1596 vita
1059 1565 1102 1603 67,
1128 1570 1157 1596 et
1181 1576 1268 1612 nemo
1296 1572 1391 1607 potest
1414 1573 1527 1599 castum
1543 1569 1657 1601 habere
1672 1580 1736 1612 cor,

913 1609 1024 1640 clarum
1040 1614 1096 1646 est,
1110 1620 1166 1641 nec
1174 1611 1239 1642 sine
1252 1612 1427 1651 pccnitentia
1437 1617 1465 1643 et
1476 1613 1614 1654 lacrymis
1626 1609 1739 1647 debere

913 1653 1074 1699 hominem,
1088 1660 1228 1695 quantum
1244 1656 1275 1686 in
1291 1666 1324 1687 se
1339 1661 1394 1694 est,
1409 1657 1453 1688 vel
1469 1653 1573 1699 unum,
1591 1663 1620 1690 et
1641 1659 1739 1691 solum

911 1697 990 1729 diem
1007 1699 1037 1729 in
1053 1701 1133 1729 omni
1157 1700 1213 1730 vita
1238 1709 1291 1731 sua
1305 1701 1472 1733 traducere.
1495 1697 1634 1739 Quamvis
1656 1704 1738 1735 enim

910 1742 1045 1784 lacrymis
1069 1748 1179 1785 careat,
1210 1745 1404 1777 nihilominus
1423 1756 1458 1777 ex
1484 1751 1544 1779 tota
1568 1748 1688 1790 virtute,
1709 1754 1741 1780 et

908 1787 1005 1818 anima
1020 1797 1069 1818 eas
1084 1788 1257 1820 desiderare
1274 1790 1363 1822 debet
1381 1802 1387 1822 :
1405 1791 1551 1833 siquidem
1567 1793 1654 1824 aliter
1667 1787 1738 1835 pec-

907 1833 965 1863 cati
981 1842 1083 1873 purus,
1102 1838 1131 1864 et
1147 1834 1240 1865 corde
1255 1842 1355 1867 castus
1371 1845 1436 1867 esse
1452 1836 1559 1877 niquit.

948 1877 1065 1923 Quodsi
1082 1878 1149 1919 quis
1162 1879 1396 1922 multitudinem,
1411 1881 1644 1923 gravitatemque
1662 1892 1740 1916 suo-

907 1931 972 1952 rum
986 1922 1161 1969 delictorum
1175 1933 1277 1955 secum
1293 1925 1464 1965 expendens
1480 1927 1563 1957 humi
1579 1922 1740 1969 cubare,et

907 1966 1080 2007 pervigilare
1096 1967 1237 2003 noluerit,
1252 1978 1308 2000 nec
1325 1979 1386 2009 prae
1406 1971 1597 2011 negligentia,
1616 1977 1645 2003 et
1660 1966 1737 2004 con-

907 2014 1020 2051 temptu
1034 2016 1172 2051 patentes
1179 2021 1214 2043 ac
1223 2013 1356 2054 putridas
1368 2014 1489 2052 vibices,
1503 2016 1657 2047 atl‘eetibus
1669 2027 1736 2048 ma-

906 2055 942 2086 lis
957 2055 1077 2086 obnoxii
1091 2057 1249 2096 appetitus,
1275 2062 1304 2088 et
1324 2059 1520 2099 anticiparum
1543 2060 1734 2100 opinionum,

906 2109 971 2140 quia
982 2109 1048 2131 eum
1072 2101 1108 2131 ad
1124 2103 1378 2142 stuporem‘istum
1397 2103 1613 2143 perduxerunt,
1630 2106 1734 2137 corri-

42 2145 116 2186 meae
126 2145 327 2195 supergressa
338 2155 407 2183 sunt
418 2145 507 2191 caput
517 2158 628 2187 meum,
644 2153 675 2180 et
689 2148 769 2179 velut
790 2151 975 2195 oriungere
995 2145 1181 2195 sustinuerit,
1208 2155 1272 2187 quae
1298 2156 1367 2195 vera
1392 2148 1564 2195 insipientia
1591 2154 1646 2188 est,
1674 2160 1733 2191 quo

43 2208 140 2239 grave
149 2203 282 2239 gravata;
294 2201 366 2229 sunt
376 2205 463 2236 super
473 2205 530 2243 me.
546 2196 747 2243 (furuerunt,
756 2195 783 2223 et
797 2201 864 2223 cor-

42 2248 140 2284 ruptae
149 2239 771 2288 suntcicatrices1new,afucieinsipientioe
781 2245 863 2288 mare,

42 2281 233 2325 Ldboravmt
244 2290 593 2332 incurvatussumusque
601 2283 807 2332 iiiﬁaemdota
817 2281 867 2332 die

41 2334 234 2366 contristatus
252 2331 451 2378 ingrediebar.
477 2330 619 2378 Afﬂictus
638 2331 671 2378 et
688 2325 868 2378 Ιιτιγζιὶέίαιεεξ

38 2387 108 2409 sum
123 2370 396 2417 nimiszrugiebam
410 2384 429 2406 a
439 2375 554 2415 gemitu
574 2373 673 2422 cordis
688 2372 748 2422 mei

37 2424 137 2462 factus
149 2431 216 2453 sum
229 2416 306 2453 sicut
313 2429 420 2461 passer
431 2419 591 2450 solitarius
607 2418 638 2448 in
655 2416 868 2447 tectozsimitis

38 2469 135 2506 factus
143 2476 210 2498 sum
218 2466 355 2506 pelicano
362 2467 394 2496 in
402 2464 578 2495 solitudine.
593 2462 652 2499 Qui
659 2462 791 2492 cinerem
803 2464 867 2491 tan—

39 2521 130 2551 quam
145 2520 261 2552 panem
274 2510 510 2548 manrlucabam,
527 2511 554 2538 et
567 2510 673 2548 putum
684 2514 785 2536 meum
798 2513 866 2552 cum

39 2549 112 2597 ﬂetu
125 2549 482 2588 misccbmnﬁtLaboravi
491 2555 524 2584 in
536 2553 648 2600 gemitu
660 2549 865 2600 me0.L_avub_0

39 2611 96 2641 per
115 2603 255 2641 singulos
269 2603 368 2632 noctes
387 2600 494 2630 tectum
510 2606 609 2629 meum
622 2596 779 2641 :taciymis
791 2596 865 2641 meis

42 2638 175 2677 stratum
184 2654 283 2677 meum
292 2643 536 2685 rigab065.l’orro
549 2641 637 2672 etiam
649 2644 751 2671 auctor
761 2638 863 2675 Scalae,

43 2696 160 2722 sanctus
179 2691 310 2722 Joannes
327 2690 385 2720 ait:
399 2688 469 2720 Sitis
487 2692 516 2718 et
534 2686 633 2725 vigilia
649 2688 787 2726 premunt
802 2692 863 2720 cor,

78 2773 109 2798 ὃὸ
126 2772 228 2803 Matth.
247 2776 284 2804 iv.
303 2772 352 2802 17.
396 2769 427 2795 59
444 2768 544 2800 Matth.
561 2776 581 2803 ι,
601 2767 629 2797 7.

41 2819 148 2854 xxxvn,
164 2813 236 2845 4-9.
280 2812 312 2836 6-1
326 2810 403 2842 Psal.
421 2819 459 2846 σι,
480 2810 565 2840 ’Ἰ-ῙΟ.
656 2806 732 2838 Psal.
751 2815 790 2843 γι,
807 2805 836 2836 7.

197 2873 322 2904 PATROL
341 2870 394 2902 Gu.
412 2868 493 2902 CXX.

672 2765 884 2796 601Thess.v.
903 2763 950 2794 17.

881 2803 912 2829 66
929 2803 998 2833 Luc.
1018 2811 1048 2839 II,
1068 2803 1104 2832 10

908 2193 990 2230 pacto
1006 2194 1140 2230 paratum
1158 2191 1366 2230 peccatoribus
1386 2193 1547 2232 judicium,
1565 2198 1594 2225 et
1608 2194 1733 2226 damna-

909 2235 1019 2265 tionem
1039 2235 1255 2275 apprehendet,
1273 2239 1303 2266 et
1324 2236 1428 2268 dolore
1449 2237 1549 2269 cordis
1571 2238 1616 2269 sui
1634 2239 1734 2279 plora-

908 2279 974 2309 bit?
989 2279 1038 2310 Sic
1054 2284 1170 2310 recusat
1195 2280 1332 2311 tribulari
1359 2281 1510 2313 laboribus
1533 2286 1563 2314 et
1588 2284 1733 2315 aerumnis

910 2323 1106 2364 perferendis,
1124 2324 1195 2355 dum
1210 2325 1382 2357 incurvatur
1407 2336 1501 2367 usque
1523 2327 1553 2358 in
1582 2328 1682 2366 ﬁdem,
1706 2334 1734 2360 et

911 2372 973 2414 tota
983 2369 1036 2414 die
1051 2369 1240 2401 contristatus
1256 2371 1432 2410 ingreditur,
1453 2372 1524 2402 dum
1548 2372 1688 2414 afﬁgitur,
1706 2378 1735 2405 et

908 2412 1082 2444 humiliatur
1096 2414 1196 2451 nimis,
1215 2415 1292 2453 rugit
1306 2425 1322 2446 a
1338 2416 1449 2455 gemitu
1465 2417 1562 2447 cordis
1584 2417 1639 2454 sui,
1655 2412 1685 2448 et
1703 2419 1736 2449 fit

907 2460 1046 2497 tanquam
1063 2467 1166 2498 passer
1180 2458 1331 2489 solitarius
1345 2459 1375 2489 in
1393 2464 1480 2498 tecto,
1499 2465 1527 2492 et
1549 2462 1732 2494 assimilatur

908 2502 1042 2541 pelicano
1056 2502 1087 2532 in
1102 2502 1273 2538 solitudine.
1288 2503 1357 2534 dum
1378 2504 1535 2536 effectione
1552 2505 1644 2536 animi
1660 2506 1733 2537 hos-

908 2555 962 2586 pes
977 2550 1005 2577 et
1017 2547 1192 2587 peregrinus
1204 2548 1235 2578 ﬁt
1247 2547 1283 2578 ad
1298 2548 1409 2586 omnia,
1422 2559 1487 2590 quia
1497 2549 1527 2580 in
1539 2551 1732 2591 monasterio,

908 2596 936 2622 et
951 2591 980 2621 in
997 2592 1106 2622 mundo
1120 2596 1198 2631 sunt,
1217 2597 1246 2623 et
1266 2593 1295 2623 in
1314 2593 1410 2633 parvis
1427 2605 1510 2635 usque
1527 2599 1558 2626 ut
1572 2595 1603 2626 in
1619 2597 1733 2636 magnis

908 2636 980 2667 nihil
997 2636 1023 2666 ei
1040 2635 1119 2674 licet,
1137 2637 1208 2667 dum
1232 2637 1348 2669 laborat
1364 2639 1393 2669 in
1409 2640 1530 2679 gemitu,
1549 2644 1578 2671 et
1597 2635 1732 2672 cinerem

909 2686 1046 2721 tanquam
1071 2691 1177 2721 panem
1203 2682 1371 2721 manducat,
1388 2689 1416 2714 et
1431 2688 1531 2725 potum
1553 2694 1639 2716 suum
1665 2695 1731 2716 cum

995 2761 1020 2785 61
1038 2761 1164 2797 Reinh,
1187 2762 1219 2793 13
1274 2764 1577 2795 G'Zi'sal.cxxx1.3-5.
1610 2764 1642 2789 64
1654 2765 1730 2798 Psal.

1158 2803 1188 2826 67
1204 2803 1260 2834 Jul)
1276 2813 1336 2845 xiv,
1355 2805 1372 2834 4
1387 2813 1450 2836 sec.
1465 2804 1549 2836 LXX.

1456 2867 1488 2898 10
