1978 3078
209 166 265 200 491

210 280 308 312 lavare
329 279 453 319 singulis
468 278 605 310 noctibus
628 279 736 310 lectum
754 288 851 316 suum,
869 283 920 310 aut
935 279 1030 319 lacry-

210 325 266 356 mis
280 325 376 364 rigare
391 328 514 356 stratum
529 333 614 355 suum
632 323 765 365 poterit?
781 323 858 354 Sane
882 333 1031 364 nunquam

208 370 330 410 poterit.
355 369 420 401 Non
445 370 542 400 solum
566 369 630 400 haec
651 370 679 400 in
695 378 726 399 se
742 369 818 399 facta
833 378 893 399 non
909 368 1029 406 videbit,

208 414 260 446 sed
277 423 332 446 nec
347 414 379 445 in
394 413 534 454 precibus
543 413 605 444 suis
617 422 651 444 ea
666 413 809 449 inveniet,
827 421 922 453 neque
933 413 1030 443 locum

209 459 349 497 Domino,
380 468 476 499 neque
500 458 725 489 tabernaculum
750 457 873 497 dignum
898 459 959 488 Deo
982 459 1034 487 Ja—

209 504 276 544 cob,
294 504 345 545 qui
361 508 405 535 est
420 503 554 534 Christus
579 502 736 539 Dominus,
754 501 889 532 Salvator
905 506 935 533 et
956 501 1035 533 Deus

209 553 323 585 noster,
350 547 571 588 pmparaverit.
596 546 680 583 Quod
696 546 754 577 nisi
769 547 830 577 haec
851 547 932 586 prius
957 546 1034 577 bene

209 593 400 635 praeparabit,
425 601 523 632 neque
545 601 611 622 cum
636 591 774 631 lacrymis
801 590 916 622 scilicet
936 600 1034 630 neque

209 638 311 678 digne,
328 642 361 669 ut
384 646 437 678 par
456 641 512 675 est,
529 640 698 667 consortem
713 645 748 666 ac
763 635 876 666 socium
892 637 985 666 Deum
1000 645 1034 666 ac

210 692 313 723 regem
328 683 358 713 in
374 682 507 722 seipsum
517 681 671 721 suscipiet,
684 680 801 711 etiamsi
810 680 904 710 semel
919 684 1034 711 tantum

209 728 241 759 in
256 737 333 759 anno
348 728 405 758 hoc
421 727 518 758 faciat.
534 726 650 758 Sancta
660 726 773 756 sanctis
783 725 917 765 quotidie
928 725 958 755 hi
971 725 1034 765 qui-

210 773 279 804 dem
294 773 407 810 dicunt,
425 775 454 802 ot
469 771 520 802 alii
535 771 593 802 alta
608 779 679 801 voce
695 771 846 810 occinunt,
862 770 972 800 utinam
984 779 1034 800 au-

210 823 271 849 tem
286 822 316 849 et
329 815 646 848 sibimet'occinerent.
661 815 720 846 Alii
735 823 804 845 vero
818 814 952 845 dicentes
968 814 1034 845 illos

210 862 330 894 auditis.
355 861 432 898 Quid
460 860 555 900 ergo?
576 861 625 899 qui
651 863 770 890 sanctus
791 868 850 889 non
874 863 929 896 est,
947 861 1034 889 etiam

852 167 1045 199 SYMEONIS
1066 167 1241 200 JUNIORIS

211 237 284 268 fletu
299 236 419 273 miscet;
434 234 583 275 quomodo
596 234 622 265 is
637 243 778 275 unquam,
789 233 895 265 fratres
904 234 974 272 mei,
987 238 1036 265 aut
1046 238 1067 262 Α
1078 234 1300 266 contribulalus
1323 245 1331 265 .·

1838 165 1903 199 492

1356 244 1409 266 cor
1436 237 1602 267 contritum
1630 240 1657 267 et
1687 236 1902 273 humiliatum,

1075 279 1164 319 Deus,
1181 288 1242 310 non
1255 280 1398 320 despicies
1409 281 1450 312 70.
1466 281 1502 311 Et
1516 283 1610 312 recte.
1624 281 1731 312 Anima
1740 281 1820 312 enim
1832 289 1903 310 nos-

1074 327 1119 353 tra
1134 323 1164 353 in
1180 324 1230 354 tali
1244 324 1345 355 habitu
1362 326 1531 362 constituta,
1548 329 1576 356 et
1591 326 1630 356 ita
1645 325 1801 356 humiliata
1817 323 1900 355 assi-

1073 367 1142 405 due,
1168 378 1222 399 nec
1244 378 1334 399 unum
1363 379 1492 410 unquam
1517 370 1595 401 diem
1621 369 1732 410 absque
1753 368 1903 408 lacrymis

1073 411 1172 451 exigit,
1200 413 1363 445 secundum
1389 414 1462 444 illud
1489 414 1659 445 Davidicum
1678 424 1684 445 :
1703 413 1822 445 Lavabo
1846 421 1903 452 per

1075 456 1212 495 singulas
1239 462 1338 489 noctes
1366 459 1474 490 lectum
1508 467 1618 496 meum,
1650 459 1794 498 lacrymis
1825 457 1904 488 meis

1074 504 1205 532 stratum
1220 511 1318 533 meum
1332 503 1438 542 rigubo
1453 504 1491 534 Ἡ.

1117 545 1262 582 Quocirca
1283 557 1332 577 vos
1354 557 1438 587 rogo,
1457 551 1558 579 Palres
1574 552 1603 579 et
1618 549 1737 580 Fratres
1763 547 1834 584 mei,
1852 555 1898 576 se-

1076 589 1145 620 dulo
1161 590 1285 630 quilibet
1298 592 1426 622 animam
1443 602 1526 623 suam
1538 593 1568 623 in
1584 592 1629 623 his
1646 597 1674 622 et
1688 591 1795 622 talibus
1809 590 1904 621 rebus

1076 639 1224 671 exerceat,
1250 645 1314 675 quae
1337 641 1515 676 compuncta
1538 642 1567 668 et
1589 636 1728 677 paulatim
1745 637 1904 666 immutata

1076 678 1142 709 fons
1156 679 1291 719 efﬁcitur,
1308 681 1503 720 lacrymarum
1518 686 1546 712 et
1561 680 1799 721 compunctionis
1807 681 1904 710 ﬂuen-

1076 728 1104 753 ta
1121 724 1297 755 scaturiens.
1313 725 1347 755 Ni
1363 725 1403 755 ita
1429 726 1495 766 puri
1520 726 1646 757 evadere
1669 725 1900 760 contendemus,

1075 769 1127 799 sed
1143 768 1172 798 in
1189 769 1391 807 dissolutione,
1409 771 1534 810 segnitie
1558 778 1588 802 et
1612 775 1730 802 tumore
1749 768 1901 809 superbia:

1077 822 1200 853 pergere
1209 814 1399 852 voluerimus,
1411 815 1549 855 equidem
1559 815 1633 846 nihil
1642 815 1773 846 odiosius
1785 814 1900 849 dicam,

1077 864 1203 895 parcens
1219 858 1351 889 rharitati
1366 863 1482 896 vestrm,
1508 860 1564 890 nisi
1588 860 1656 899 hoc,
1682 858 1761 899 quod
1781 858 1902 889 etiamsi

210 906 354 946 indignus
376 905 443 936 est?
469 904 592 936 minime
608 915 614 935 ε
632 903 683 934 sed
705 903 756 944 qui
782 913 842 934 non
856 903 887 933 in
902 903 1034 943 singulos
1045 904 1064 928 Β
1075 901 1397 942 Contigeritaliquando
1405 913 1471 934 cum
1483 903 1621 944 lacrymis
1632 904 1756 934 fortasse
1767 912 1902 934 commu-

210 951 275 983 dies
291 951 405 982 occulta
428 949 527 981 cordis
541 949 587 980 sui
603 948 756 980 enuntiat:
773 949 824 988 qui
841 957 900 978 non
915 948 1034 987 dignam

210 1005 263 1037 pro
280 995 339 1034 his,
356 999 386 1026 et
401 1004 467 1035 quae
484 993 652 1033 ignorantia
672 993 814 1034 peccavit,
832 992 1033 1037 paenitentiam

211 1036 280 1080 agit,
298 1040 351 1080 qui
363 1048 423 1070 non
439 1047 559 1079 semper
574 1038 663 1077 luget,
681 1042 710 1068 et
725 1038 914 1068 contristatus
930 1036 1033 1076 ingre-

211 1085 301 1123 ditur,
317 1088 346 1116 et
360 1093 427 1125 quae
443 1092 532 1124 supra
547 1083 788 1120 memoravimus,
804 1092 871 1113 cum
882 1081 1034 1121 diligentia

210 1139 271 1161 non
286 1133 489 1166 consectatur,
503 1128 552 1159 hic
566 1127 707 1167 indignus
718 1131 774 1159 est.
788 1126 844 1163 Qui
859 1130 957 1157 autem
971 1127 1032 1157 haec

210 1178 329 1215 prastat
349 1174 497 1213 universa,
513 1176 542 1203 et
557 1173 587 1203 in
602 1172 763 1212 gemitibus
787 1176 874 1211 atque
897 1171 1033 1211 lacrymis

209 1219 304 1260 spatia
318 1218 384 1249 vita
399 1227 460 1249 suae
474 1217 618 1254 decurrit,
636 1216 684 1247 hic
700 1226 759 1247 non
772 1215 802 1246 in
814 1215 862 1246 die
873 1215 950 1260 festo
960 1215 1033 1260 dun-

210 1259 301 1302 taxat,
319 1263 371 1294 sed
392 1262 481 1294 etiam
506 1261 652 1302 quotidie,
680 1260 717 1291 ab
742 1260 818 1300 ipso,
846 1259 872 1290 si
894 1259 953 1290 dici
976 1259 1030 1295 fas,

210 1308 296 1339 initio
312 1306 495 1348 paenitentiae
510 1314 571 1336 suae
586 1304 850 1344 conversionisque
865 1303 1032 1334 divinorum

209 1354 334 1384 istorum
350 1352 498 1392 particeps
513 1349 580 1381 fieri
597 1359 740 1390 perquam
753 1349 861 1388 dignus
875 1352 930 1380 est.
945 1349 1034 1379 Pater

209 1397 330 1438 quippe,
347 1397 427 1427 hunc
450 1395 480 1425 in
500 1394 558 1432 his,
569 1398 598 1424 et
617 1394 764 1425 similibus
779 1392 970 1438 operibusad
986 1402 1034 1423 ex-

210 1436 338 1472 tremum
363 1449 456 1480 usque
476 1442 745 1480 perseveraturum,
770 1438 800 1468 in
826 1436 990 1468 humilitate
1006 1441 1034 1467 et

1076 945 1177 976 nicare
1192 948 1374 986 quempiam,
1392 952 1442 978 aut
1457 953 1525 979 ante
1540 948 1700 988 liturgia'n,
1723 952 1773 978 aut
1788 947 1817 977 in
1833 947 1901 986 ipsa

1075 990 1174 1021 divina
1188 992 1316 1031 liturgia,
1334 997 1382 1023 aut
1397 993 1427 1022 in
1442 993 1506 1033 ipso
1520 993 1645 1024 articulo
1661 991 1900 1033 participationis

1075 1035 1239 1066 divinorum
1264 1038 1470 1076 mysteriorum
1494 1038 1635 1078 lacrynas
1657 1037 1803 1074 emittere,
1821 1036 1898 1067 reli-

1075 1089 1147 1120 quas
1161 1085 1258 1112 autem
1274 1081 1339 1112 dies
1349 1086 1377 1112 et
1390 1086 1492 1112 noctes
1508 1092 1565 1113 non
1578 1082 1709 1113 studebit
1722 1082 1802 1112 idem
1813 1081 1897 1112 face-

1075 1134 1118 1165 re,
1128 1125 1207 1156 nulla
1219 1126 1293 1157 eiex
1317 1126 1407 1157 nnico
1431 1127 1501 1157 ﬂetu
1524 1127 1671 1158 constabit
1697 1125 1899 1157 utilitas.Non

1074 1171 1153 1200 enim
1170 1171 1225 1201 hoc
1240 1171 1335 1201 solum
1351 1180 1404 1202 nos
1420 1171 1517 1202 statim
1533 1181 1660 1212 purgans
1670 1171 1776 1210 dignos
1787 1171 1897 1202 efficit:

1075 1214 1126 1244 sed
1143 1215 1171 1245 in
1189 1216 1263 1253 dies,
1280 1220 1309 1246 et
1323 1216 1388 1246 sine
1400 1217 1563 1247 cessatione
1573 1225 1666 1256 usque
1678 1216 1713 1246 ad
1725 1224 1898 1256 supremam

1074 1259 1170 1290 lucem
1187 1259 1216 1290 in
1234 1261 1313 1291 luctu
1327 1262 1451 1298 versari,
1464 1261 1715 1300 quemadmodum
1732 1265 1764 1290 ut
1777 1261 1898 1291 facere-

1075 1313 1151 1340 mus,
1169 1304 1232 1344 ipse
1247 1305 1391 1336 Dominus
1407 1305 1492 1336 nobis
1509 1306 1665 1346 praecepit:
1679 1306 1899 1336 Pamilenlium

1074 1348 1165 1389 agite,
1180 1349 1293 1389 inquit;
1314 1350 1420 1386 Potite.
1433 1353 1569 1390 quaerite,
1580 1351 1708 1390 pulsate.
1721 1350 1899 1390 Quousque?

1075 1392 1170 1423 donec
1185 1394 1348 1435 accipiatis,
1370 1395 1475 1436 inquit,
1491 1399 1522 1426 et
1537 1395 1705 1430 inveniatis,
1729 1399 1758 1426 et
1778 1394 1897 1435 aperia«

1075 1441 1122 1468 tur
1136 1439 1229 1470 vobis.
1247 1438 1351 1475 Quid?
1373 1441 1508 1479 Regnum
1529 1441 1671 1471 caelorum
1693 1440 1806 1480 utique.
1825 1438 1895 1470 Haec

210 1485 391 1517 contritione
403 1484 501 1515 cordis
512 1483 712 1514 incedentem.
722 1484 797 1514 Nam
806 1482 876 1512 dum
889 1482 929 1512 ita
941 1491 973 1512 se
985 1491 1034 1519 ge-
1075 1483 1154 1513 enim
1171 1488 1215 1514 est
1231 1484 1413 1524 poenitentia,
1432 1489 1461 1516 et
1475 1486 1514 1516 ita
1538 1485 1649 1525 absque
1665 1486 1845 1520 cessasione,
1863 1489 1897 1515 ut

208 1531 259 1569 rit,
270 1530 370 1561 animo
384 1529 549 1560 illustratur
560 1531 648 1568 atque
661 1527 691 1558 in
704 1527 769 1558 dies
778 1526 911 1575 singulos
922 1535 956 1557 ex
968 1535 1033 1575 par-
1041 1550 1060 1575 ο
1074 1527 1254 1575 dicebamus,
1273 1538 1366 1569 usque
1381 1529 1417 1560 ad
1435 1534 1557 1561 mortem
1575 1539 1642 1561 cum
1666 1529 1778 1563 labore.
1797 1534 1826 1560 et
1841 1529 1896 1560 tri-

208 1575 380 1616 ticipatione
390 1577 559 1605 sanctorum
576 1582 664 1612 opem
676 1576 705 1603 et
719 1571 860 1602 auxilium
876 1570 1031 1616 consequi-
1043 1569 1060 1575 “
1073 1569 1226 1602 bulatione
1240 1577 1453 1611 consummata,
1471 1573 1608 1613 paulatim
1625 1573 1694 1604 facit
1718 1583 1773 1604 nos
1797 1574 1895 1614 lacry-

209 1624 267 1660 tur,
284 1624 314 1651 et
327 1619 363 1650 ad
379 1618 540 1660 perfectam
567 1616 736 1657 puritatem,
755 1626 789 1647 ac
803 1615 1029 1646 sanctimoniam
1074 1624 1136 1645 mas
1151 1616 1237 1647 nobis
1262 1627 1376 1648 amaras
1392 1618 1528 1655 fundere,
1546 1628 1598 1658 per
1613 1628 1685 1658 quas
1705 1619 1811 1649 animae
1827 1628 1896 1649 sor-

208 1659 293 1695 brevi
308 1663 492 1705 provehitur.
506 1662 573 1693 Alio
589 1662 716 1702 quodam
733 1661 820 1691 modo
842 1659 1029 1705 immundum
1073 1659 1136 1701 des,
1154 1664 1184 1692 et
1198 1662 1424 1702 inquinamenta
1447 1667 1551 1703 purgat
1565 1667 1595 1694 et
1609 1663 1760 1702 abstergit.
1789 1663 1897 1694 Postea

207 1719 258 1740 vas
281 1704 428 1746 nostrum,
455 1706 668 1746 sordidumque
686 1705 869 1736 domicilium
889 1704 979 1741 ablui,
997 1714 1031 1735 ac
1073 1715 1173 1744 puram
1191 1706 1277 1737 nobis
1288 1707 1490 1747 pcenitentiam
1503 1707 1618 1744 inserit,
1631 1712 1660 1738 et
1673 1717 1790 1738 amaras
1801 1708 1896 1748 lacry-

208 1753 366 1794 perpugari
394 1752 510 1792 nequit.
533 1751 669 1791 Amplius
692 1750 801 1791 aliquid
832 1759 886 1787 ego
912 1749 1031 1789 quidem

208 1807 308 1839 neque
322 1807 338 1828 e
353 1796 462 1828 divinis
471 1795 632 1836 Scripturis
643 1795 743 1831 didici,
754 1797 954 1835 nequejmarte
965 1803 1032 1824 meo

207 1838 344 1881 invenire
354 1851 388 1873 ac
400 1841 571 1882 perspicere
594 1840 686 1880 potui.
705 1839 868 1870 Audiamus
888 1838 967 1869 enim
984 1838 1032 1869 di-

209 1892 326 1918 centem
343 1886 517 1926 Apostolum
537 1894 543 1915 :
566 1884 678 1915 Probet
699 1888 802 1915 autem
825 1885 1033 1923 unusquisque

207 1933 349 1972 seipsum,
365 1934 393 1962 et
403 1931 445 1961 sic
453 1929 488 1960 de
497 1938 578 1969 pane
590 1928 642 1960 illo
652 1930 733 1965 edat,
744 1932 769 1959 et
779 1928 816 1958 de
826 1927 917 1958 calice
937 1926 1029 1958 bibat.

1075 1759 1138 1780 mas
1154 1750 1289 1781 dulcibus
1305 1756 1462 1792 permutat,
1477 1761 1701 1793 perennemque
1715 1752 1745 1783 in
1755 1752 1897 1783 cordibus

1075 1795 1316 1827 nostrislzetitiam
1329 1796 1481 1833 excitat,et
1489 1797 1524 1827 ad
1534 1797 1801 1828 videndumlumen
1812 1797 1896 1828 inac-

1075 1849 1190 1870 cessum
1205 1840 1289 1870 vobis
1305 1840 1380 1871 viam
1396 1844 1478 1881 parat
1494 1850 1501 1871 :
1520 1841 1598 1882 quod
1624 1841 1724 1872 lumen
1740 1841 1797 1872 nisi
1813 1842 1897 1872 omni

1074 1884 1170 1914 studio
1187 1885 1416 1924 apprehendere
1430 1886 1610 1923 laboremus,
1627 1891 1724 1926 patres
1739 1890 1769 1916 et
1789 1887 1896 1917 fratres

1075 1929 1133 1959 mei
1146 1928 1323 1970 spirituales,
1340 1939 1493 1970 nunquam
1508 1930 1646 1960 omnibus
1660 1931 1895 1971 perturbationi-

208 1971 268 2014 Qui
277 1977 359 2007 enim
370 1975 494 2014 indigne
503 1974 665 2005 manduca!
677 1976 705 2004 et
718 1972 802 2009 bibit,
809 1972 962 2011 judicium
973 1971 1034 2002 sibi
1074 1972 1128 2003 bus
1143 1973 1180 2004 ad
1197 1983 1326 2013 unguem
1343 1974 1463 2006 liberari
1475 1975 1648 2014 poterimus;
1666 1984 1818 2015 nunquam
1834 1985 1897 2006 om-

205 2017 826 2058 manducatetbibil68.Rursumque:Qui
838 2016 1031 2062 autemjndi-
1072 2026 1126 2048 nes
1140 2018 1261 2049 virtutes
1277 2018 1515 2059 comparabimus
1529 2029 1536 2057 ;
1559 2028 1710 2062 nunquam
1726 2019 1825 2059 digne,
1843 2024 1896 2050 aut

205 2075 264 2106 ρπβ
275 2065 440 2097 manduca:
451 2072 571 2105 corpus,
582 2067 609 2094 et
621 2061 1029 2102 bibitsanguinemDomint',
1071 2071 1137 2092 cum
1165 2062 1301 2103 lacrymis
1325 2063 1489 2094 secundum
1520 2065 1612 2095 Deum
1639 2063 1772 2103 quotidie
1795 2064 1896 2095 divina

205 2119 275 2142 reus
287 2110 346 2141 erit
358 2110 490 2149 corporis
501 2113 529 2140 et
544 2108 705 2148 sanguinis
720 2106 856 2144 Domini,
873 2115 933 2136 non
946 2106 1029 2145 diju—
1072 2106 1226 2146 percipere
1254 2107 1402 2146 mysteria,
1418 2113 1469 2138 aut
1484 2107 1561 2148 quod
1576 2108 1606 2138 in
1622 2107 1659 2138 iis
1675 2113 1730 2146 est,
1758 2108 1891 2139 divinum

205 2156 313 2187 dicans
323 2163 430 2195 corpus
445 2154 569 2184 Domini
576 2152 706 2188 69.Quod
715 2151 751 2189 si,
765 2150 928 2191 quidignos
938 2150 1030 2190 pmni-
1072 2151 1171 2182 lumen
1187 2152 1320 2191 aspicere
1337 2152 1511 2193 poterimus.
1529 2151 1585 2183 Sed
1607 2162 1703 2193 neque
1719 2162 1771 2184 cor
1785 2163 1893 2193 purum

205 2200 306 2231 lentiae
330 2200 444 2230 fructus
469 2207 529 2229 non
555 2196 695 2233 ostendit,
719 2200 751 2226 ut
775 2195 916 2234 indiguus
940 2204 957 2225 a
972 2198 1056 2237 tota_
1072 2205 1203 2236 unquam
1219 2196 1394 2227 habebimus
1410 2206 1416 2226 :
1436 2206 1532 2237 neque
1549 2196 1691 2236 Spiritum
1709 2202 1844 2228 sanctum
1863 2198 1894 2229 in

205 2244 306 2276 divina
322 2243 477 2284 Scriptura
493 2241 692 2280 redarguitut‘,
711 2241 783 2271 cedo
800 2240 948 2280 quomodo
965 2239 1029 2270 sine
1043 2235 1062 2260 ο
1074 2235 1158 2270 nobis
1173 2239 1306 2270 habitare
1318 2235 1550 2279 cognoscemus:
1566 2235 1662 2280 neque
1679 2240 1759 2281 digni
1772 2242 1893 2282 judica-

205 2289 343 2330 lacrymis
358 2287 515 2328 aliquando
543 2286 660 2328 purgari
683 2285 838 2325 quisquam
864 2284 983 2330 poterit,
1003 2287 1032 2314 et
1072 2284 1181 2330 bimur,
1194 2291 1225 2315 ut
1242 2285 1492 2325 quemadmodum
1507 2286 1611 2322 sancti,
1623 2285 1715 2317 Deum
1728 2287 1894 2324 videamus,

205 2343 259 2375 pro
270 2329 394 2364 ’viribus
416 2332 477 2363 suis
503 2331 592 2371 digne
609 2330 787 2372 participare
803 2329 966 2375 mysteria?
980 2330 1032 2360 Hae
1074 2329 1212 2375 necdum
1230 2330 1277 2360 hic
1289 2339 1401 2367 sumus,
1420 2339 1474 2360 nec
1488 2330 1541 2367 ibi,
1555 2335 1586 2360 ut
1602 2330 1675 2361 mihi
1690 2330 1816 2371 videtur,
1824 2341 1893 2363 cum

207 2373 336 2420 namque
352 2377 467 2419 primus
479 2376 657 2418 paenitentia;
668 2375 781 2406 fructus
794 2378 873 2405 Sunt.
887 2373 922 2404 Et
932 2384 1032 2415 quem-
1074 2373 1144 2404 caeci
1155 2373 1224 2404 hinc
1234 2374 1548 2420 discesserimns.Nam
1561 2384 1595 2404 ex
1606 2375 1742 2413 Gregorii
1751 2375 1895 2416 Theologi

206 2418 368 2455 admodum
384 2422 566 2454 aversandus
581 2421 632 2452 ille
647 2421 742 2451 ﬂuxus
754 2429 769 2450 e
781 2428 917 2459 Corpore,
933 2424 1034 2450 etcor‘
1074 2419 1231 2456 sententia,
1247 2423 1357 2449 tantum
1372 2418 1452 2449 illius
1467 2419 1580 2450 visione
1600 2419 1781 2457 excidemus,
1796 2430 1893 2460 quan-

204 2468 251 2499 dis
262 2477 328 2499 cum
342 2468 424 2498 omni
436 2467 545 2498 affectu
557 2463 870 2506 tanquamvoluptaria
881 2463 1027 2504 quaedam,

206 2516 235 2544 et
249 2512 410 2543 libidinosa
424 2511 603 2548 commistio,
622 2509 739 2540 diabolo
753 2508 845 2539 instar
860 2508 998 2539 sacrificii
1012 2518 1029 2539 a

205 2556 292 2588 nobis
307 2557 430 2588 offertur
443 2567 449 2588 :
462 2556 505 2587 sic
523 2565 587 2596 quae
603 2565 638 2586 ex
655 2564 702 2592 eo,
725 2563 759 2584 ex
775 2553 876 2590 corde,
893 2553 1025 2594 inquam,

204 2601 335 2633 vicissim
353 2604 528 2641 promanant
551 2601 698 2640 lacrymze,
715 2601 830 2638 gratum
856 2602 1028 2638 acceptum-

206 2656 262 2688 que
277 2645 456 2677 sacrificium
482 2645 606 2677 Domino
618 2654 635 2675 a
647 2644 732 2674 nobis
742 2643 916 2680 offeruntur,
937 2647 965 2673 et
981 2643 1028 2674 fu-

205 2687 299 2723 rentis
324 2691 402 2722 illius
427 2689 584 2730 voluptatis
607 2688 818 2728 turpitudinem
837 2687 940 2718 eluunt
967 2687 1029 2718 Hoc

205 2736 377 2776 signiﬁcans
393 2735 483 2767 David
497 2734 593 2766 aiebat
608 2745 613 2764 :
626 2732 818 2773 Sacriﬁcium
829 2732 892 2763 Deo
902 2733 1029 2773 spiritus

246 2821 303 2852 681
319 2822 386 2852 Cor.
403 2829 443 2857 x1,
460 2820 566 2857 28,29.
608 2819 640 2843 69
654 2819 729 2850 Ibid.
747 2819 797 2850 27.

841 2818 871 2843 70
886 2817 962 2849 l‘sal.
981 2826 1001 2855 1,
1024 2817 1068 2849 19.

1070 2467 1130 2493 tum
1148 2473 1202 2493 nos
1216 2463 1326 2502 singuli
1341 2463 1472 2495 volentes
1494 2463 1524 2494 in
1544 2464 1598 2496 hac
1613 2464 1670 2495 vita
1686 2465 1750 2504 ejus
1766 2465 1891 2503 lumine,

1071 2508 1234 2538 secundum
1246 2508 1468 2548 proportionem
1481 2508 1670 2539 bebetudinis
1679 2509 1833 2540 oculorum
1842 2520 1890 2541 no-

1069 2553 1581 2594 strorumprivaverimus.Caeterum
1591 2553 1703 2584 utinam
1720 2564 1824 2585 omnes
1839 2565 1893 2586 nos

1071 2599 1190 2637 purgari
1206 2598 1366 2638 contingat.
1385 2603 1413 2629 et
1439 2602 1575 2638 purgatos
1599 2598 1702 2629 haberi
1723 2598 1829 2638 dignos
1842 2600 1893 2640 qui

1071 2644 1164 2674 Deum
1189 2643 1360 2674 \ideamus!
1379 2643 1434 2679 Qui
1456 2643 1533 2673 enim
1560 2648 1642 2673 extra
1656 2643 1719 2674 haec
1734 2644 1793 2674 duo
1810 2653 1826 2674 a
1841 2654 1892 2675 re-

1071 2687 1125 2718 bus
1141 2687 1315 2718 mortalibus
1331 2688 1509 2727 demigrant,
1527 2687 1564 2718 de
1582 2692 1713 2718 extrema
1727 2688 1755 2718 in
1772 2698 1804 2718 se
1820 2698 1893 2729 pro-

1071 2732 1234 2763 nuntianda
1263 2732 1411 2763 sententia
1438 2732 1545 2763 incerti
1574 2737 1653 2762 sunt.
1684 2733 1767 2769 Quod
1793 2738 1893 2766 auleln

1112 2818 1137 2842 τι
1155 2817 1230 2848 Psal.
1247 2826 1285 2857 v1,
1303 2819 1332 2848 7.
