1978 3078
13 192 90 225 493

719 194 861 226 ORATIO
882 194 1023 226 XXXIII.

1658 195 1718 228 494

17 261 185 299 incertum,
203 261 291 293 etiam
308 261 460 302 instabile,
472 272 531 293 non
543 262 742 303 sperabile,et
753 263 849 293 incer-
860 270 879 293 Α
891 261 1016 293 allatain
1030 262 1159 293 medium
1170 262 1451 303 quinquefatuarum
1469 263 1616 303 virginum
1633 274 1717 305 para-

22 309 59 336 tae
76 306 149 336 fidei
159 311 213 337 est.
226 306 281 342 Qui
293 307 372 337 enim
385 307 478 346 gratia
489 316 540 337 cor
551 316 609 337 non
625 306 775 344 stabilivit,
792 316 851 337 non

21 350 150 380 aliunde
165 360 247 391 spem
260 361 318 382 non
332 352 575 392 confundentem,
588 355 617 382 et
628 351 780 382 indubiam
794 361 852 382 un-

27 404 121 434 quam
136 396 279 436 acquiret,
299 401 329 426 ut
344 396 461 436 opinor.
478 395 540 432 Qua
554 395 604 437 qui
618 402 699 427 caret
714 405 768 436 per
781 396 853 436 quid

23 439 107 469 aliud
124 439 155 470 in
172 450 328 471 occursum
347 440 464 472 Domini
480 450 547 471 cum
563 441 674 471 sanctis
693 441 827 480 rapietur
839 441 853 470 ?

25 483 84 514 Per
99 485 172 524 quid
188 488 219 516 ct
235 486 346 525 lampas
364 489 435 516 tunc
460 489 574 522 nostra,
593 485 737 516 exstincta
754 485 790 516 ab
807 485 853 516 bis

24 537 92 568 quae
106 527 154 559 hic
171 533 249 562 sunt.
266 529 527 561 redaccendetur?
541 529 592 560 ubi
608 533 636 560 et
650 529 730 560 unde
753 529 849 560 oleum

24 572 217 604 invenietur?
233 578 261 604 et
277 574 396 614 quinam
415 574 506 614 ignis,
522 583 634 614 quaeso,
652 574 729 604 hanc
743 583 851 605 accen-

25 626 118 648 surus
136 622 181 648 est
192 618 204 648 1’
217 622 268 648 aut
283 619 374 654 unde,
390 622 440 649 aut
456 618 615 658 quomodo,
628 622 660 648 ut
676 622 745 648 tunc
761 617 853 658 parati

26 661 166 692 hilariter
180 672 246 693 cum
263 662 449 703 lampadibus
466 663 581 703 Sponso
597 662 712 694 obviam
728 672 830 693 eamus
841 664 854 691 Ῥ

27 705 103 736 Cum
132 707 210 737 enim
242 707 321 738 velut
349 708 429 738 enim
452 717 468 737 e
488 707 602 738 somnis
630 706 854 738 consurrexeri-

28 760 109 788 mus,
128 752 219 788 illico,
237 756 269 782 ut
287 752 409 792 auditis,
434 752 470 783 ad
493 761 649 782 occursum
671 751 786 782 cursuri
801 760 854 781 su-

28 804 108 826 mus.
127 795 158 826 Si
174 796 262 835 igitur
276 796 426 830 sedentes,
453 800 482 826 et
507 797 536 827 in
564 799 763 826 monumentis
781 796 852 826 dor—

27 840 160 870 mientes
177 841 244 871 tuba
259 841 400 872 insonans
417 850 471 871 nos
490 840 715 880 expergefaciet,
733 850 785 871 nos
800 849 852 870 au-

29 889 91 915 tem
109 895 168 916 non
185 890 252 916 ante
268 886 347 916 velut
363 886 513 926 lampades
528 895 669 916 accensas
692 885 853 916 habeamus

893 305 961 337 bola
970 307 1012 343 75,
1029 306 1213 337 demonstrat
1228 306 1313 337 nobis
1325 307 1474 344 onmihus,
1487 311 1517 338 et
1529 308 1714 348 pronuntiat,

894 351 968 382 nihil
1000 351 1084 381 nobis
1114 352 1305 382 commodare
1333 352 1486 392 puritatem
1517 353 1663 392 corporis,
1693 353 1717 383 si

893 395 1016 435 reliquis
1026 395 1181 426 virtutibus
1195 395 1327 426 destituti
1339 396 1443 427 simus.
1455 395 1515 426 [llze
1529 397 1608 427 enim
1627 399 1719 438 parti-

895 439 1013 470 culatim
1030 439 1126 470 oleum
1144 439 1287 470 habentes
1303 441 1332 470 in
1348 441 1424 471 vasis
1438 441 1511 476 suis,
1527 441 1556 471 id
1573 445 1629 480 est,
1657 442 1718 473 ali-

896 493 1019 524 quarum
1031 484 1185 521 virtutum,
1203 490 1454 525 externorumque
1469 489 1550 515 recte
1562 485 1716 525 factorum,

893 534 922 560 et
937 529 1133 569 quorumdam
1149 529 1360 560 charismatum
1383 529 1543 570 participes
1566 530 1673 569 (quare
1688 536 1718 562 et

892 573 1043 612 lampades
1070 582 1170 604 earum
1200 573 1372 613 aliquandiu
1397 574 1558 614 arserunt),
1585 584 1639 615 per
1660 584 1717 606 ne-

894 617 1085 656 gligentiam,
1116 617 1333 655 ignorantiam,
1365 617 1532 649 socordiam
1571 628 1654 650 suam
1681 620 1718 650 ad

895 661 993 701 ignem
1032 662 1210 692 exteriorem
1249 663 1393 693 damnata:
1432 667 1512 694 sunt.
1542 664 1608 694 Non
1638 664 1719 695 enim

895 707 1026 737 internas
1055 707 1201 737 motiones
1227 717 1243 737 a
1273 707 1410 746 malignis
1434 707 1589 748 spiritibus
1617 708 1647 739 in
1670 709 1719 749 ip-

896 750 936 781 sis
965 751 1125 782 concitalas
1151 756 1352 788 curaverunt,
1383 760 1439 782 nec
1465 757 1567 783 exacte
1606 762 1718 792 cogno-

895 800 1019 833 verunt,
1049 795 1101 826 sed
1132 796 1168 826 ab
1197 796 1436 827 adversariorum
1478 797 1719 835 instigationibus

896 849 997 870 eorum
1024 844 1137 871 mentes
1170 840 1199 870 in
1230 850 1379 872 consensu
1408 841 1619 880 cogitationum
1649 851 1718 873 cor-

894 889 988 924 rupta:
1012 889 1090 921 sunt,
1128 885 1267 915 inescatze
1293 885 1328 915 ab
1358 885 1441 925 ipsis,
1468 890 1498 916 et
1525 886 1659 922 devictae,
1691 892 1724 918 et

27 929 217 966 animas,sed
234 935 284 961 aut
299 930 372 961 nihil
388 930 517 971 penitus,
535 934 703 971 subparum
720 930 854 961 lucentes
865 932 884 957 Β
896 929 1012 960 occulte
1027 928 1070 959 eis
1086 929 1351 966 communicantes,
1378 929 1507 967 invidiae,
1526 930 1719 968 armulationi,

28 973 230 1015 inveniamur,
244 975 340 1015 etjam
352 975 557 1015 exstinguendi
573 975 736 1006 secundum
751 984 854 1005 vocem

29 1019 245 1058 evangelicam.
261 1020 311 1050 ubi
328 1025 397 1051 tunc
418 1024 469 1051 aut
495 1029 613 1059 prorsus
629 1020 788 1050 exstinctas
803 1029 854 1050 re-

29 1063 251 1103 daccendendi,
264 1065 384 1104 autjam
396 1065 462 1095 oleo
471 1063 854 1104 deﬁciente1aliquantulum

29 1107 208 1139 infundendi
225 1109 310 1149 copia
327 1109 407 1140 erit?
422 1108 500 1139 Nihil
526 1108 658 1148 profecto
675 1108 792 1147 uspiam
809 1109 854 1138 in-

30 1151 199 1183 veniemus.
216 1152 413 1189 Quamobrem
442 1163 476 1183 ex
499 1153 557 1183 hoc
580 1157 714 1192 tempore
737 1161 788 1183 eos
805 1161 857 1192 per

32 1197 251 1236 paenitentiam,
277 1202 306 1228 et
329 1198 471 1238 Iacrymas
499 1197 666 1228 luculenter
692 1197 856 1228 accendere

33 1250 192 1279 conemur,
211 1247 243 1273 ut
267 1242 297 1273 in
323 1242 544 1273 resurrectione
572 1242 686 1282 Sponso
709 1251 777 1272 cum
794 1241 859 1272 luce

34 1295 240 1324 occurramus,
268 1292 298 1319 et
312 1297 378 1318 cum
400 1288 463 1328 ipso
480 1287 509 1317 in
524 1296 646 1326 regnum
660 1286 860 1317 cmlorumin-

34 1331 218 1369 grediamur,
236 1341 270 1364 ac
284 1332 369 1363 hortis
382 1332 572 1371 sempiternis
589 1330 859 1371 perfruamurQuze

35 1375 174 1406 eveniant
190 1377 275 1408 nobis
301 1377 437 1407 omnibus
452 1376 482 1407 in
498 1376 561 1417 ipso
576 1376 694 1407 Christo
718 1375 779 1406 Deo
804 1384 860 1405 no-

39 1423 112 1460 stro,
131 1430 220 1461 quem
237 1422 323 1452 decet
337 1422 435 1452 omnis
450 1421 554 1460 gloria,
571 1421 668 1451 honor
684 1424 712 1451 et
727 1419 861 1450 adoratio

36 1473 104 1494 cum
121 1464 208 1496 Patre
226 1470 254 1497 et
270 1470 371 1497 sancto
387 1465 510 1506 Spirito,
535 1474 613 1496 nunc
629 1468 660 1496 et
683 1473 812 1504 semper,
833 1466 863 1494 et

34 1508 65 1538 in
81 1510 190 1540 saecula
201 1511 390 1541 saeculorum.
406 1513 514 1542 Amen.

304 1561 438 1594 ORATiO
467 1561 593 1593 XXXIII.

346 1607 561 1638 ARGUMENTUM.

36 1653 77 1681 Da
88 1654 261 1692 pamitgntia,
283 1656 309 1682 et
321 1656 443 1692 tantum
452 1654 602 1692 facultates
617 1651 791 1692 distribuere,
812 1659 857 1692 se-

72 1688 124 1725 que
146 1689 227 1718 rebus
250 1690 376 1718 omnibus
399 1688 516 1719 nudare.
534 1689 570 1716 ad
581 1688 777 1725 purgationem
793 1688 854 1714 ani-

73 1724 126 1753 me
153 1726 231 1753 nobis
260 1725 336 1754 haud
360 1725 500 1761 sufﬁcere,
530 1725 586 1752 nisi
612 1725 716 1752 luctum
744 1724 858 1758 insuper

73 1761 233 1790 habeamus.
252 1761 292 1789 De
306 1762 403 1789 exsilio
418 1761 530 1791 Adami,
545 1762 571 1788 et
585 1761 610 1788 si
621 1762 682 1795 post
701 1762 857 1794 transgres-

72 1797 177 1824 sionem
187 1797 366 1832 pwnituisset.
382 1797 515 1832 paradiso
529 1795 691 1832 ejiciendum
701 1802 756 1832 non
763 1795 857 1832 fuisse.

74 1830 215 1868 Quantum
231 1833 295 1860 boni
307 1830 468 1868 ρωηῐῖεηιία
480 1830 544 1868 post
561 1831 668 1868 lapsum
683 1831 709 1858 ei
723 1830 858 1858 attulerit.

77 1867 215 1900 Quomodo
228 1876 291 1896 vere
300 1867 484 1904 pwnitendum
498 1869 541 1895 sit.

81 1915 165 1946 Bona
181 1919 226 1946 est
241 1915 463 1956 pcenitentia,et
478 1924 541 1954 quin
557 1913 627 1944 inde
647 1916 764 1944 emanat
777 1912 860 1943 utili-

41 1966 97 1992 tas.
124 1959 207 1996 Quod
228 1970 294 1990 cum
323 1965 434 1999 nosset,
463 1959 513 1999 qui
542 1958 622 1989 novit
650 1957 749 1988 omnia
775 1956 861 1988 Jesus

41 2005 174 2037 Christus
190 2005 334 2036 Dominus
347 2014 382 2035 ac
398 2004 477 2036 Deus
499 2007 602 2034 noster
619 2013 625 2034 :
642 2002 861 2033 Paenitentiam

40 2050 130 2090 agite,
146 2049 252 2090 inquit,
269 2049 527 2089 appropinquavit
541 2048 621 2078 enim
636 2055 764 2086 regnum
779 2046 862 2077 carto—

40 2104 108 2126 rum
118 2094 156 2124 τε.
168 2094 251 2130 Quod
269 2094 294 2125 si
309 2093 476 2133 intelligere
490 2092 593 2130 avetis,
610 2101 668 2132 quo
684 2097 770 2132 pacto
788 2090 863 2121 citra

42 2139 257 2180 paenitentiam,
281 2142 311 2170 et
337 2137 541 2179 pmnitentiam
557 2147 591 2168 ex
607 2137 717 2171 animo,
745 2135 860 2176 qualem

896 973 1090 1013 contentioni,
1108 974 1190 1013 rixae,
1207 973 1289 1012 odio,
1304 973 1356 1004 ira:
1383 974 1524 1014 nequitm,
1541 975 1721 1006 malevolen-

896 1018 955 1058 tiae,
985 1027 1066 1049 vanae
1094 1018 1206 1057 gloriae,
1240 1018 1337 1049 studio
1365 1018 1537 1049 hominibus
1569 1020 1718 1059 placendi,

896 1063 1131 1103 complacentize,
1164 1063 1304 1100 avaritiae,
1337 1062 1585 1103 concupiscentia;
1610 1064 1719 1102 carnis,

897 1107 927 1137 in
940 1106 1169 1146 cogitationibus
1180 1107 1357 1146 voluptatem
1375 1112 1544 1147 operantes,
1561 1109 1722 1139 increduli-

898 1151 960 1187 tati,
980 1156 1075 1181 metus
1090 1151 1239 1188 vacuitati,
1257 1151 1418 1188 timiditati,
1434 1152 1556 1190 acediaa,
1582 1153 1719 1191 tristitiae,

901 1196 1149 1236 contradicentim,
1169 1195 1288 1233 tumori,
1301 1205 1418 1232 somno,
1433 1196 1568 1235 opinioni
1581 1197 1721 1237 propriae,

898 1240 1032 1280 justitize,
1058 1240 1190 1276 elationi,
1216 1240 1401 1280 arrogantiae.
1421 1241 1563 1278 aviditati,
1585 1242 1721 1281 luxurias,

901 1284 1041 1321 avaritiae,
1057 1284 1255 1324 desperationi
1277 1285 1458 1325 reliquisque
1479 1286 1638 1317 subtilibus
1663 1287 1722 1317 im-

903 1331 1032 1372 probatis
1048 1331 1173 1362 ell‘ectis.
1188 1331 1281 1361 Etiam
1299 1332 1363 1372 ipse
1380 1331 1413 1362 B.
1437 1332 1544 1363 Paulus
1571 1333 1723 1373 apostolus

901 1386 967 1407 cum
986 1375 1110 1407 Domino
1125 1376 1326 1413 consentiens,
1345 1376 1450 1407 clamat
1468 1386 1474 1407 :
1498 1378 1606 1408 Pacem
1621 1379 1724 1417 sequi-

904 1421 1052 1451 mintcum
1063 1421 1213 1459 omnibus,
1225 1425 1252 1452 et
1264 1422 1515 1456 sanctimoniam.
1529 1423 1594 1452 sine
1602 1431 1661 1462 qua
1672 1432 1725 1453 ne-

904 1474 951 1495 mo
962 1465 1073 1496 videbit
1087 1465 1178 1496 Deum
1189 1465 1228 1495 76.
1244 1466 1303 1496 Cur
1316 1475 1386 1496 usus
1400 1470 1444 1496 est
1459 1465 1546 1496 verbo
1562 1466 1723 1506 Sequimi-

866 1514 887 1539 C
898 1509 950 1541 ut?
960 1509 1032 1545 Quia
1045 1519 1100 1540 nos
1109 1511 1248 1541 unahora
1258 1510 1368 1546 fieri,et
1379 1519 1443 1541 esse
1456 1513 1575 1541 sanctos
1585 1511 1724 1550 impossi-

900 1554 958 1585 bile
973 1561 1029 1585 est.
1051 1557 1073 1585 Α
1090 1555 1186 1592 parvis
1209 1554 1287 1585 enim
1303 1554 1391 1585 ducto
1406 1554 1503 1590 initio,
1518 1554 1554 1585 ad
1571 1554 1720 1586 sanctitu-

900 1599 998 1629 dinem
1015 1598 1231 1639 puritatemqne
1246 1599 1356 1630 sensim
1382 1598 1520 1638 progredi
1545 1602 1674 1638 oportet,
1693 1602 1725 1630 et

899 1644 968 1684 quia
980 1643 1112 1684 quamvis
1128 1643 1209 1674 mille
1224 1653 1317 1674 annos
1334 1643 1362 1673 in
1378 1644 1433 1674 hac
1447 1643 1505 1673 vita
1520 1652 1721 1681 maneremus,

900 1696 1048 1728 nunquam
1065 1688 1129 1727 ejus
1145 1687 1356 1727 perfectionem
1377 1687 1525 1726 attingere
1539 1697 1695 1727 possumus
1713 1696 1720 1718 :

900 1732 950 1762 sed
967 1741 1087 1772 semper
1101 1732 1243 1772 quotidie,
1261 1741 1295 1763 ac
1311 1731 1335 1762 si
1350 1732 1575 1762 fundamentum
1593 1740 1724 1771 ponere-

901 1785 975 1813 mus,
990 1777 1259 1817 inciperemusque,
1272 1777 1300 1806 in
1319 1785 1353 1807 ea
1367 1776 1550 1806 contendere
1565 1775 1722 1806 debemus.

901 1820 983 1856 Quod
1013 1820 1090 1850 idem
1116 1829 1218 1851 rurSus
1242 1821 1393 1857 indicavit,
1418 1830 1485 1851 cum
1512 1820 1553 1850 ita
1579 1820 1722 1860 scripsit:

903 1865 1082 1905 Persequor,
1099 1866 1198 1904 siquo
1217 1865 1306 1896 modo
1323 1865 1588 1904 comprehendant,
1607 1866 1643 1896 in
1666 1874 1726 1905 quo

901 1914 930 1940 et
944 1911 1178 1949 comprehensus
1192 1919 1259 1941 sum
1275 1920 1293 1940 α
1312 1910 1433 1941 Christo
1447 1910 1515 1941 Jesu
1531 1910 1573 1940 77.

941 1954 1125 1994 Quapropter
1140 1964 1203 1991 oro,
1221 1954 1364 1985 attendite
1379 1953 1477 1991 dictis,
1491 1957 1520 1984 et
1538 1953 1640 1985 Venite
1650 1955 1726 1985 ado-

902 2008 1016 2035 remus,
1028 2008 1064 2030 ac
1074 2000 1273 2039 procidamus
1293 2003 1364 2030 ante
1383 1999 1492 2029 bonum
1516 2008 1550 2029 ac
1562 1999 1723 2037 benignum

904 2044 1012 2075 Deum.
1023 2044 1253 2075 Pra’veniamus
1261 2044 1371 2082 [actem
1378 2045 1442 2082 eius
1455 2045 1486 2073 in
1495 2043 1724 2082 confessione,et

900 2089 1054 2129 ploremus
1063 2091 1131 2119 ante
1142 2097 1237 2128 eum‘q
1243 2089 1273 2118 ui
1290 2088 1360 2127 fecit
1371 2096 1437 2124 nos;
1451 2088 1522 2125 quia
1533 2088 1597 2127 ipse
1607 2091 1648 2118 est
1661 2089 1725 2118 Do-

903 2134 1005 2164 minus
1014 2133 1091 2163 Deus
1103 2136 1200 2163 noster
1211 2141 1220 2163 :
1233 2141 1284 2162 nos
1291 2135 1389 2162 autem
1396 2132 1528 2172 populus
1538 2133 1612 2169 eius,
1623 2135 1652 2162 et
1662 2140 1728 2162 oves

42 2176 195 2224 Scriptura
210 2187 312 2214 sancta
326 2176 345 2213 εἰ
355 2182 440 2214 nobis
454 2181 590 2222 requirit,
607 2181 712 2212 salvari
723 2189 781 2211 non
795 2190 862 2220 pos-
873 2219 891 2224 ἢ
903 2186 1020 2224 pascua:
1036 2179 1100 2214 eius
1111 2177 1153 2214 78,
1170 2182 1200 2224 et
1214 2186 1272 2207 non
1288 2180 1398 2207 avertet
1415 2176 1520 2206 faciem
1542 2185 1625 2224 suam
1641 2185 1725 2224 ano-

42 2219 155 2268 sumus,
168 2227 264 2268 ipsum
277 2226 451 2268 Apostolum
467 2219 643 2257 clamantem
658 2224 758 2256 audite
775 2233 781 2255 ζ
795 2219 862 2256 Om-
873 2219 894 2244 Ῑ)
905 2222 960 2260 bis,
980 2225 1090 2268 tantum
1109 2222 1247 2268 pmniteat
1272 2231 1326 2251 nos
1351 2225 1539 2268 peccatorum
1560 2229 1597 2268 ex
1614 2219 1727 2268 intimis

43 2283 80 2305 ne
89 2276 243 2314 peccatum
256 2276 345 2303 emtra
357 2281 464 2312 corpus
475 2274 515 2302 cst
527 2280 533 2302 :
546 2272 707 2310 quiautem
723 2270 862 2308 fornica-

43 2323 104 2356 tur,
118 2321 151 2349 in
162 2326 273 2357 corpus
281 2325 369 2348 suum
377 2320 475 2357 peccat
483 2315 563 2346 73.Et
571 2315 679 2346 iterum
693 2324 700 2345 :
715 2314 862 2353 Manifes-

44 2365 103 2396 ηινί
124 2372 179 2394 nos
199 2370 302 2393 omnes
325 2364 438 2401 oportet
458 2360 675 2400 anteitm’bunal
689 2359 813 2399 Christi,
831 2361 864 2389 ut

42 2409 167 2448 recipiat
180 2407 398 2446 unusquisque,
415 2409 502 2446 prout
515 2406 608 2445 gessit
628 2405 658 2434 in
674 2412 794 2441 corpore
809 2411 862 2448 suo

42 2447 106 2484 sive
115 2453 235 2488 bonum,
247 2452 311 2482 sive
325 2451 441 2481 malum
454 2450 494 2480 7‘.
510 2448 608 2480 Potest
618 2449 706 2488 igitur
716 2447 785 2478 hinc
798 2447 862 2488 qui-

44 2498 114 2529 libet
129 2504 336 2536 saepenumero
352 2494 462 2526 dicere.
481 2495 593 2526 Gratias
610 2504 663 2533 ago
680 2494 750 2528 Deo,
766 2502 861 2533 quan-

44 2542 203 2583 doquidem
216 2540 296 2572 nulla
320 2549 406 2579 prava
420 2540 535 2570 actione
551 2538 747 2569 Contaminavi
765 2547 862 2583 mem-

44 2581 126 2618 brum
153 2585 287 2626 corporis
316 2584 398 2615 mei:
423 2585 501 2624 quod
532 2583 653 2622 quidem
683 2592 736 2621 ego
768 2581 863 2612 omnis

44 2631 204 2672 iniquitatis
233 2629 520 2670 operarius.adhuc:
535 2628 636 2658 dicere
665 2635 792 2666 nequeo.
827 2626 864 2656 Et

45 2678 120 2718 capit
136 2675 276 2707 nimirum
292 2684 326 2706 ex
340 2675 397 2706 hoc
412 2674 559 2713 solatium,
577 2672 646 2718 quia
662 2676 851 2718 extrapecca

46 2716 103 2753 tum
120 2721 166 2752 sui
182 2719 316 2760 corporis
331 2723 385 2750 est.
403 2718 460 2750 Sed
477 2717 652 2749 contradicit
666 2716 823 2756 Dominus,
835 2719 864 2746 et

83 2807 110 2832 τί
127 2805 228 2837 Matth.
259 2814 298 2845 Iv,
313 2805 361 2845 l7.

44 2850 72 2874 Π
88 2846 217 2887 Philipp.
235 2853 277 2885 tn,
292 2842 341 2876 '1‘2.
386 2845 417 2869 78
433 2844 508 2876 l’sal.
526 2851 604 2882 xcrv,
621 2844 652 2883 6,
670 2842 698 2872 7.

405 2804 463 2835 731
490 2803 556 2834 Cor.
575 2802 680 2840 v1,18.
707 2800 777 2831 7411
795 2800 862 2831 Cor.
889 2808 918 2834 v,
942 2801 985 2830 7.0.

742 2841 773 2866 79
787 2842 842 2871 Job
859 2849 889 2880 ll,
910 2842 955 2870 t3.

905 2267 1088 2307 praecordiis,
1103 2271 1132 2297 et
1147 2267 1320 2306 abjiciamus
1337 2275 1353 2296 a
1369 2265 1454 2296 nobis
1467 2274 1526 2295 non
1541 2265 1638 2295 solum
1650 2264 1728 2295 mala

905 2321 996 2351 opera
1006 2315 1118 2348 nostra,
1136 2311 1188 2342 sed
1205 2315 1233 2341 et
1248 2311 1326 2350 ipsas
1343 2310 1433 2340 malas
1449 2315 1477 2340 et
1490 2308 1658 2339 immundas
1673 2318 1727 2339 co-

904 2356 1061 2395 gitationes
1076 2355 1173 2386 contis
1189 2355 1282 2386 nostri
1308 2355 1474 2395 ejiciamus,
1498 2353 1727 2393 sicutscriptum

905 2400 965 2431 est?
975 2400 1118 2437 St'itt’lt'te,
1126 2400 1217 2431 corda
1230 2404 1339 2436 vestra,
1360 2403 1390 2430 et
1410 2407 1469 2429 non
1486 2401 1663 2429 vestimenta
1677 2407 1728 2428 ve-

905 2450 952 2477 tra
963 2446 1004 2476 79.
1022 2445 1097 2481 Quid
1115 2445 1194 2475 enim
1211 2444 1298 2474 habet
1323 2443 1528 2480 emolumenti,
1547 2442 1684 2479 obsecro,
1704 2441 1729 2472 si

904 2491 1041 2522 omnibus
1064 2490 1189 2520 fortunis
1215 2489 1322 2520 nostiis
1339 2489 1367 2519 in
1385 2497 1529 2528 pauperes
1545 2487 1727 2527 distributis,

904 2545 921 2567 a
946 2540 1065 2576 peccato
1094 2544 1151 2564 non
1177 2534 1422 2569 abstinuerimus,
1450 2542 1504 2562 nec
1531 2532 1605 2562 lllud
1623 2531 1727 2562 oderi-

905 2580 986 2611 mus?
997 2579 1073 2616 Quid
1086 2583 1146 2609 tum
1163 2588 1261 2619 porro,
1279 2579 1302 2609 si
1319 2588 1351 2609 re
1362 2578 1435 2618 ipsa,
1451 2581 1480 2607 et
1493 2582 1561 2607 actu
1576 2577 1731 2616 corporale

905 2628 1057 2666 peccatum
1084 2633 1140 2654 non
1171 2628 1387 2663 perpetremus,
1417 2622 1516 2652 animo
1541 2625 1638 2651 autem
1656 2630 1724 2650 cum

906 2670 990 2701 fmdis
1019 2673 1048 2699 et
1077 2668 1239 2698 immundis
1268 2666 1496 2707 cogitationibus
1516 2666 1728 2697 commercium

906 2715 1078 2746 haloamus,
1097 2717 1275 2752 secretoque
1297 2716 1450 2752 peccatum
1478 2710 1682 2749 designemus,
1705 2714 1732 2739 et

1030 2800 1060 2824 73
1076 2789 1176 2830 Matth.
1194 2806 1263 2828 xxv,
1295 2799 1301 2828 l
1324 2806 1406 2837 seqq.
1451 2794 1482 2820 ’⁷6
1496 2793 1587 2825 Hebr.
1611 2802 1662 2831 xu,
1687 2793 1732 2825 H.
