1978 3078
249 169 311 201 ηδ

898 167 1088 200 SYMEONIS
1107 164 1282 200 JUNIORIS

1877 170 1939 202 496

248 236 285 268 ab
296 235 447 268 effrenatis
457 235 667 267 affectionibus
676 244 800 275 regnum
813 235 961 276 quoddam
972 239 1073 275 tyran-
1085 238 1105 262 Α
1116 237 1235 264 sanctus
1236 242 1296 274 per
1305 233 1478 274 prophetam
1486 233 1577 265 David
1589 234 1699 275 inquit:
1709 234 1777 267 Nou
1786 237 1937 277 accipiam

247 280 409 321 nidemque
431 280 599 320 patiamur?
623 281 695 312 Cum
727 279 915 311 facultatibus
945 280 1065 316 nostris,

247 325 337 356 etiam
350 334 416 365 quae
430 324 559 356 diximus
575 325 720 356 malorum
744 329 916 356 consuetam
938 325 1066 355 servitu-

247 365 317 408 tem,
336 378 447 410 quaeso,
464 369 668 410 projiciamus,
692 378 766 400 neve
786 369 835 400 hic
859 369 1066 407 consistamus,

244 423 347 446 verum
363 414 546 455 poenitentiae
560 414 695 455 lacrymis
712 424 829 455 quoque
845 423 948 445 eorum
964 414 1067 445 sordes

244 458 378 490 studiose
392 459 560 491 abluamus.
570 459 827 495 Quemadmodum
844 459 923 490 enim
938 459 1002 499 ipse
1012 459 1068 489 im-

244 507 374 544 perator,
399 504 449 544 qui
464 503 602 535 diadema
618 507 647 534 et
663 512 823 544 purpuram
849 503 966 543 imperii
988 512 1069 544 sym-

245 549 313 580 bola
327 552 434 589 gestat,
448 548 500 589 qui
510 548 674 580 immensos
689 549 753 579 auri
768 548 941 588 argentique
953 548 1069 579 thesau-

244 603 294 625 ros
323 593 476 634 possidet,
509 597 538 624 et
561 593 592 624 in
621 594 713 624 thono
752 593 868 624 excelso
898 597 926 623 et
954 592 1066 624 elevato

244 638 393 675 considet,
409 637 435 668 si
452 645 573 669 omnum
588 646 622 668 ac
638 637 792 676 fuliginem
807 637 946 668 alicunde
965 636 1066 668 volens

243 681 410 723 sustulerit,
427 682 560 722 ipsisque
585 681 723 713 manibus
747 686 838 713 totam
858 681 963 712 faciem
979 690 1063 712 suam

242 726 398 764 obleverit,
415 731 503 767 atque
513 736 618 758 omnes
633 735 739 758 sensus
755 726 946 763 obstruxerit,
962 730 994 756 ut
1007 735 1063 758 ne-

241 780 300 812 que
321 771 437 809 audire,
465 781 563 812 neque
585 771 704 802 odorari
724 771 817 811 possit
834 781 841 802 ;
858 771 968 802 deinde
996 771 1062 802 facti

241 816 400 856 pcenitens,
418 820 447 846 et
461 825 494 847 se
515 816 592 847 malo
608 816 664 847 hoc
689 815 816 846 liberare
844 825 984 855 querens,
1003 825 1062 846 non

240 860 381 892 celeriter
396 860 565 891 cubiculum
582 870 667 891 suum
692 861 885 900 ingrediatur,
912 860 1062 900 multaque

1107 277 1142 308 de
1152 278 1238 308 domo
1245 281 1296 308 tua
1307 278 1427 313 vitulos.
1435 282 1463 310 et
1472 279 1507 309 de
1516 280 1658 319 gregibus
1669 283 1730 311 tuis
1741 281 1850 318 hircos,
1864 290 1936 321 quo-

1108 323 1193 353 niam
1219 331 1293 353 mea
1316 326 1388 354 sunt
1408 324 1511 354 omnia
1520 323 1563 358 82,
1577 328 1607 354 et
1620 333 1687 364 quae
1710 329 1887 365 sequuntur.
1901 325 1937 356 Et

1108 375 1245 411 rursum:
1257 366 1294 398 Si
1305 367 1650 408 voluisses,sacriﬁcium
1661 369 1810 401 dedissem
1816 371 1933 411 utique,

1108 410 1290 442 holocaustis
1302 421 1361 442 non
1378 412 1586 444 delectaberis.
1605 414 1795 453 Sacriﬁcium
1808 410 1936 455 Deospi-
1954 424 1955 427 η

1108 456 1186 486 ritus
1194 455 1417 488 contribulatus
1429 467 1436 487 ε
1448 465 1501 487 cor
1511 459 1674 489 contritum
1686 462 1715 490 et
1723 459 1932 496 lmmiliatum,

1110 499 1204 540 Deus,
1217 510 1277 531 non
1286 501 1434 541 despicies
1443 501 1485 531 83.
1497 501 1566 532 Haec
1583 502 1671 533 etiam
1688 512 1756 533 cum
1774 503 1866 534 sciret
1876 503 1935 534 Do-

1110 544 1218 585 minus,
1235 544 1371 576 dicebat:
1386 545 1484 577 Nolite
1498 550 1606 586 putare
1625 549 1771 587 quoniam
1787 549 1856 579 veni
1870 549 1934 579 sol-
1951 564 1954 580 ι

1108 597 1179 619 vere
1194 590 1288 629 legem
1302 594 1354 620 aut
1367 590 1538 630 prophetas.
1562 591 1631 622 Non
1652 595 1721 624 veni
1739 593 1863 633 solvere,
1880 594 1933 624 sed

1106 633 1273 673 adimplere
1284 633 1324 663 84.
1343 633 1408 665 Νοη
1423 634 1503 665 enim
1517 644 1571 674 per
1587 639 1706 666 terrena
1722 637 1930 667 medicamen-

1107 680 1145 714 ta,
1156 678 1212 708 hoc
1223 683 1278 715 est,
1292 687 1346 718 per
1357 680 1526 719 corporales
1534 679 1665 718 justitias
1675 681 1926 718 donorum,sacri-

1105 722 1252 760 liciorum,
1267 723 1521 760 holocaustorum,
1534 728 1562 754 et
1576 725 1759 765 reliquorum
1776 725 1813 756 ab
1829 725 1929 756 anima

1105 767 1240 798 morbum
1255 767 1500 808 inaspectabilem
1518 769 1704 800 turbidorum
1724 773 1857 801 motuum
1874 771 1929 801 de—

1104 811 1215 851 pellere
1230 816 1352 851 poterat.
1366 812 1441 843 Hinc
1454 819 1484 843 et
1494 812 1642 845 Joannes:
1657 814 1735 845 Ecce
1746 815 1846 854 Agnus
1859 815 1928 855 Dei,

1103 857 1157 895 qui
1180 856 1260 887 tollit
1280 861 1403 895 peccata
1426 858 1535 888 mundi
1548 858 1590 888 85.
1608 859 1645 889 Et
1660 858 1767 888 iterum
1792 859 1903 889 Paulus
1921 870 1927 890 τ

238 914 313 946 aqua
325 906 418 937 lutum
441 905 515 936 illud
538 914 572 936 ac
595 896 747 945 fuliginem
772 896 883 943 abluat,
907 908 998 944 atque
1014 896 1168 946 ’ὶιειΒζιξιτ
1191 903 1272 932 enim
1296 902 1424 941 spiritus
1453 903 1521 933 vitae
1547 903 1637 943 (quod
1665 906 1709 933 est
1725 904 1924 944 evangelium)

240 943 339 980 dénuo
355 949 384 980 in
401 949 487 987 solio,
504 954 536 980 ut
551 943 660 986 antea;
670 949 840 987 mundatus,
858 949 888 979 in
910 943 996 987 solio,
1011 949 1060 980 in-
1101 943 1239 976 liberavit
1264 955 1317 976 nos
1339 955 1357 976 α
1380 946 1443 987 lege
1461 949 1578 986 peccati
1602 951 1630 978 ct
1654 949 1758 978 mortis
1770 947 1812 979 86.
1826 943 1928 979 Placet

238 1003 339 1034 quam,
355 994 439 1033 regni
455 994 501 1024 sui
518 993 658 1031 resideat,
676 993 729 1024 sed
745 994 833 1033 hujus
848 993 913 1024 loco
929 997 1058 1024 tantum-
1101 991 1198 1034 autem
1220 989 1333 1029 dicere,
1361 991 1510 1030 Quomodo
1532 991 1665 1022 Christus
1687 991 1783 1032 legem
1804 996 1835 1022 et
1849 1001 1922 1032 pro-

237 1039 326 1070 modo
337 1047 442 1070 omnes
457 1039 612 1070 thesauros
632 1047 702 1070 suos
718 1038 875 1078 egentibus
889 1038 1056 1079 dispertiat,

236 1084 395 1124 omniaque
424 1083 502 1114 bona
529 1093 583 1114 sua
611 1083 732 1114 mobilia
758 1087 786 1114 et
812 1083 977 1114 immobilia
998 1083 1058 1114 illis

236 1128 422 1168 dilargiatur,
445 1128 520 1160 nihil
545 1129 616 1160 hinc
639 1128 697 1159 sibi
718 1127 870 1168 proderit,
898 1128 954 1158 nisi
982 1138 1058 1169 aqua

235 1173 329 1205 lutum
357 1182 392 1204 ac
416 1173 569 1213 fuliginem
600 1173 749 1204 abluerit:
768 1173 839 1213 quin
867 1173 956 1204 etiam
974 1174 1056 1214 aspi-

235 1217 384 1249 cientibus
397 1219 491 1249 risum
508 1218 650 1255 movebit,
667 1219 698 1249 in
715 1218 813 1249 medio
828 1219 1007 1249 asseclarum
1025 1228 1058 1249 ac

236 1271 395 1303 procerum
421 1271 544 1295 suorum
579 1263 672 1293 instar
700 1263 830 1302 portenti
859 1271 913 1293 seu
949 1263 1058 1303 spectri

235 1306 397 1338 obversans
414 1316 420 1338 :
439 1308 482 1337 sic
497 1316 553 1338 nec
568 1307 643 1338 alius
668 1307 814 1347 quispiam
835 1306 892 1338 sibi
912 1311 1057 1347 quaestum

233 1351 365 1392 colliget,
381 1352 406 1382 si
421 1351 561 1382 omnibus
576 1351 682 1392 opibus
696 1351 758 1382 suis
780 1351 811 1382 in
824 1361 967 1392 pauperes
982 1352 1056 1383 eﬂ‘u-

233 1396 289 1433 sis,
306 1395 443 1436 quamvis
458 1395 589 1436 inopiam
599 1395 879 1436 mendicitatemque
890 1396 1058 1435 susceperit

234 1448 362 1480 peccare
375 1443 474 1471 tamen
487 1449 547 1471 non
562 1440 696 1480 desierit,
713 1449 768 1471 nec
784 1449 838 1480 per
853 1440 1055 1480 paenitentiam

235 1489 266 1516 et
294 1484 440 1524 lacrymas
475 1484 604 1515 animam
630 1493 705 1516 .sum
737 1484 854 1515 eluerit.
884 1484 1059 1525 Quicunque

236 1529 318 1561 enim
335 1529 436 1567 homo,
454 1529 580 1570 perinde
599 1533 632 1560 ut
654 1538 711 1569 ego
727 1530 897 1569 damnatus,
915 1530 1056 1570 peccavit,

1100 1033 1204 1072 phetas
1219 1033 1360 1074 impleat?
1373 1037 1433 1066 Lex
1454 1035 1514 1066 ait:
1531 1035 1600 1067 Non
1624 1037 1743 1067 occidas
1749 1049 1761 1072 ,-
1777 1036 1924 1075 Christus,
1951 1058 1952 1062 η

1098 1077 1143 1108 Ne
1154 1079 1385 1120 irascaris.l.ex,
1398 1080 1465 1111 Non
1477 1081 1685 1116 mtechaberis;
1695 1081 1844 1119 Christus,
1859 1082 1925 1112 Λόη

1098 1126 1298 1162 concupisces.
1320 1125 1394 1165 Lex,
1415 1125 1484 1156 Non
1503 1126 1672 1165 peierabis;
1694 1126 1838 1162 Christus,
1856 1126 1925 1157 Non

1092 1168 1215 1205 iurabis
1226 1170 1348 1200 omnino
1357 1170 1400 1201 37.
1413 1170 1466 1206 Qui
1480 1179 1549 1208 ergo
1562 1180 1622 1201 non
1633 1171 1781 1209 irascitur,
1799 1181 1848 1211 qut
1862 1175 1924 1201 tan-

1099 1211 1168 1242 dem
1179 1213 1321 1244 occidet?
1333 1214 1382 1254 qui
1398 1223 1457 1244 non
1470 1214 1666 1254 concupiscit,
1680 1215 1829 1255 quomodo
1850 1225 1924 1246 mm-

1098 1256 1258 1288 chabitur‘!
1275 1258 1325 1298 qui
1347 1259 1474 1299 poenitus
1490 1269 1549 1289 non
1562 1260 1653 1299 jurat,
1671 1260 1820 1300 quomodo
1837 1261 1924 1300 peje-

1097 1301 1196 1331 rabit?
1210 1302 1328 1333 radices
1351 1304 1429 1334 enim
1455 1308 1646 1343 peccatorum
1662 1305 1794 1335 Salvator
1811 1314 1862 1344 per
1876 1306 1923 1335 le-

1096 1353 1162 1384 gem
1188 1345 1312 1386 Spiritus
1337 1348 1383 1378 sui
1407 1347 1442 1378 ab
1469 1348 1525 1378 ista
1551 1348 1650 1378 anima
1676 1349 1784 1379 evellit.
1802 1349 1838 1379 Et
1859 1349 1923 1380 haec

1098 1390 1251 1429 plenitudo
1270 1391 1353 1430 legis,
1371 1396 1401 1423 ut
1419 1393 1506 1424 homo
1519 1392 1568 1430 sit,
1581 1396 1610 1423 et
1622 1393 1698 1424 vivat
1712 1393 1742 1424 in
1758 1393 1829 1424 solis
1842 1403 1925 1426 man-

1099 1436 1174 1467 datis
1190 1437 1266 1477 ejus,
1282 1444 1314 1469 ut
1329 1438 1391 1470 sola
1406 1439 1486 1470 illius
1499 1439 1582 1478 jussa
1599 1444 1697 1470 servet
1720 1444 1749 1470 et
1767 1444 1921 1480 operetur.

1099 1481 1208 1512 Contra
1243 1483 1342 1514 omnia
1377 1483 1457 1515 enim
1486 1488 1608 1524 peccata
1644 1485 1744 1515 omnia
1783 1485 1923 1517 mandata

1099 1526 1209 1557 Christi
1224 1528 1309 1559 nobis
1325 1528 1394 1559 data
1408 1533 1489 1566 sunt,
1507 1533 1537 1559 et
1555 1529 1585 1559 in
1608 1529 1654 1560 his
1675 1529 1745 1560 solis
1761 1529 1921 1561 vivendum

231 1577 261 1604 et
270 1582 355 1604 cinno
366 1573 549 1614 voluptatum
562 1583 668 1604 sensus
675 1574 782 1604 anima:
790 1583 851 1604 suae
861 1574 1054 1612 obturaverit,
1067 1575 1086 1599 C
1098 1578 1186 1613 atque
1201 1575 1383 1614 operandum
1401 1575 1429 1607 ei
1444 1575 1494 1616 qui
1509 1575 1596 1606 vitam
1613 1582 1754 1607 aeternam
1770 1576 1922 1608 desiderat

229 1617 365 1658 quamvis
379 1627 442 1648 rem
459 1627 542 1648 suam
559 1627 679 1648 omnem
696 1617 876 1658 pauperibus
891 1617 1055 1653 donaverit.

231 1672 413 1703 omnemque
428 1662 552 1702 gloriam
569 1662 755 1702 dignitatum,
773 1662 973 1703 pulcherrime
988 1662 1057 1693 aedi-

230 1707 332 1739 ﬁcatas
356 1707 446 1744 ades,
479 1707 596 1738 nobiles
625 1717 729 1748 equos,
755 1717 873 1747 greges,
905 1712 1049 1746 armenta,

229 1761 342 1790 servos,
360 1761 480 1782 omnem
503 1761 585 1783 suam
609 1751 762 1792 familiam,
783 1756 812 1783 et
826 1757 965 1791 cognatos
979 1753 1051 1784 reli-

227 1796 345 1837 querit,
374 1806 537 1837 agensque,
567 1800 597 1827 et
627 1797 712 1837 inops
747 1797 882 1828 monachi
918 1797 1049 1828 habitum

226 1841 372 1879 induerit,
390 1845 532 1879 attamen,
549 1845 579 1871 ut
593 1850 626 1871 re
642 1841 769 1881 quadam
787 1842 853 1872 vitae
866 1851 926 1872 suae
941 1851 1048 1873 neces-

228 1885 306 1916 saria
331 1889 397 1925 eget
421 1885 605 1926 poenitentia:
626 1885 773 1926 lacrymis,
801 1886 908 1926 quibus
930 1896 1048 1918 caenum

227 1934 417 1970 peccatorum
446 1939 564 1961 suorum
605 1930 724 1967 abluat,
756 1940 850 1971 eoque
880 1931 994 1970 magis,
1024 1935 1047 1962 si

226 1974 334 2011 adhuc,
352 1975 602 2015 quemadmodum
618 1984 684 2014 ego,
701 1975 854 2014 fuliginem
881 1980 910 2006 et
930 1985 1046 2007 caenum

227 2019 423 2060 plurimorum
436 2020 613 2051 delictorum
623 2029 746 2051 suorum
758 2030 814 2051 non
826 2021 856 2051 in
867 2021 943 2052 facie
951 2021 1046 2052 solum

227 2068 256 2096 et
271 2064 419 2103 manibus,
440 2065 491 2096 sed
508 2065 629 2096 omnino
651 2065 682 2096 in
705 2069 765 2096 toto
787 2075 913 2106 corpore
931 2066 1045 2097 cicum-

224 2109 310 2142 ferat.
327 2110 411 2142 Haud
426 2111 505 2142 enim
521 2112 609 2142 unica
624 2111 793 2142 facultatum
809 2111 924 2151 largitio
937 2112 973 2142 ad
990 2122 1045 2151 pu-

220 2164 287 2186 rum
302 2155 392 2187 animi
409 2159 516 2186 statum
529 2155 615 2186 nobis
631 2159 675 2186 sat
687 2160 742 2193 est,
760 2156 877 2192 fratres,
888 2156 944 2187 nisi
957 2158 1045 2187 etiam

220 2199 420 2232 lamentemur
435 2205 464 2231 et
479 2201 630 2240 ploremus
645 2210 680 2232 ex
696 2201 806 2232 animo.

1098 1618 1242 1658 adipisci:
1255 1620 1285 1650 in
1297 1620 1413 1651 caeteris
1422 1621 1562 1651 omnibus
1577 1629 1644 1652 esse
1660 1621 1740 1652 velut
1756 1626 1918 1660 mortuum,

1099 1663 1179 1694 omni
1194 1664 1346 1695 functione
1363 1669 1511 1696 carentem
1530 1674 1537 1696 ;
1551 1665 1589 1696 Si
1603 1666 1695 1696 verba
1708 1675 1776 1697 mea
1786 1667 1820 1697 in
1835 1667 1920 1698 vobis

1098 1710 1284 1746 manserint,
1307 1710 1348 1741 ait
1371 1709 1726 1750 Dominus,quodcunque
1751 1711 1918 1749 volueritis,

1092 1755 1210 1793 peletis,
1236 1758 1264 1785 et
1287 1755 1336 1794 fiet
1360 1755 1442 1786 vobis
1456 1755 1497 1785 88.
1515 1755 1682 1794 Sequemur
1698 1765 1768 1795 ergo
1785 1755 1917 1787 Verbum

1093 1798 1207 1836 sedulo,
1226 1799 1321 1830 donec
1331 1799 1365 1830 ad
1378 1799 1476 1830 locum
1491 1799 1700 1839 perveniamus
1714 1800 1765 1831 ubi
1782 1799 1918 1832 Christus

1091 1842 1154 1882 ipse
1170 1847 1237 1873 est:
1255 1843 1326 1874 illuc
1351 1844 1431 1875 enim
1456 1854 1489 1875 se
1515 1848 1676 1884 sequentes
1703 1844 1802 1881 trahit,
1830 1849 1859 1875 et
1884 1845 1916 1876 in

1091 1886 1197 1918 Sancta
1222 1892 1390 1919 sanctorum
1416 1888 1590 1929 introducit,
1620 1893 1651 1919 ut
1674 1898 1798 1928 magnus
1813 1890 1917 1929 ponti-

1090 1931 1136 1962 fex
1146 1941 1216 1972 quo,
1232 1933 1327 1972 quoad
1339 1941 1394 1963 nos
1405 1933 1518 1966 attinet.
1535 1933 1599 1972 ipse
1614 1941 1667 1973 pro
1682 1933 1769 1964 nobis
1781 1942 1915 1974 praeeur-

1090 1985 1139 2006 sor
1154 1977 1296 2015 introivit,
1315 1977 1392 2007 sicut
1402 1977 1530 2017 ipsemet
1541 1977 1639 2017 inquit
1652 1986 1658 2008 :
1671 1977 1766 2009 Nemo
1781 1980 1864 2009 venit
1873 1980 1916 2010 ad

1089 2021 1222 2062 Patrem,
1234 2023 1296 2052 nisi
1304 2030 1357 2061 per
1368 2030 1426 2052 me.
1439 2022 1501 2060 Ego
1513 2025 1594 2052 enim
1604 2031 1673 2053 sum
1684 2023 1745 2059 via,
1758 2024 1916 2063 veritas,et

1088 2066 1193 2098 vita”.
1217 2065 1252 2096 Et
1271 2067 1328 2097 alio
1346 2066 1410 2096 loco
1427 2076 1434 2097 :
1457 2066 1538 2100 Volo,
1551 2066 1653 2105 Pater,
1667 2071 1699 2097 ut
1714 2075 1788 2106 quos
1801 2067 1916 2099 dedisti

1087 2111 1176 2149 mihi,
1187 2111 1302 2151 ubiego
1316 2120 1394 2148 sum,
1411 2115 1441 2141 et
1454 2111 1502 2142 illi
1521 2112 1583 2142 sint
1598 2120 1726 2151 mecum,
1743 2115 1776 2142 ut
1791 2112 1914 2144 videant

1087 2157 1258 2187 claritatem
1271 2164 1367 2186 meam
1379 2164 1469 2196 quam
1484 2156 1595 2187 dedisti
1617 2156 1692 2187 mihi
1700 2156 1742 2186 90.
1757 2157 1830 2187 Cum
1845 2156 1913 2197 ipso

1086 2199 1184 2240 itaque
1199 2200 1279 2232 cruci
1294 2201 1487 2240 conligamur,
1503 2209 1555 2240 per
1567 2201 1700 2231 omnium
1711 2201 1913 2232 tentationum

261 2245 336 2276 Puto
347 2244 565 2285 equidem,nisi
577 2254 630 2284 ego
644 2245 853 2285 memelipsum
868 2240 1141 2276 omnisedu-Dnos
1164 2245 1366 2276 invadentium
1393 2245 1595 2286 tolerantiam,
1618 2249 1647 2276 et
1669 2255 1722 2286 per
1748 2246 1914 2286 voluptates

217 2289 302 2321 litate
315 2299 332 2320 a
341 2289 465 2320 maculis
475 2293 667 2330 peccatorum
680 2298 813 2320 meorum
825 2289 897 2320 fusis
906 2289 1044 2329 lacrymis

219 2343 396 2374 expurgem.
410 2335 461 2365 sed
473 2334 514 2364 ita
529 2337 665 2374 turpatus
679 2333 767 2365 vitam
783 2333 961 2374 compleam,
975 2335 1043 2374 jure

217 2379 329 2419 optimo
345 2387 393 2409 me
409 2388 425 2409 a
442 2379 502 2410 Deo
518 2382 545 2409 et
561 2378 674 2418 angelis
699 2379 765 2418 ejus
779 2379 911 2416 irrisum,
932 2383 959 2410 et
976 2389 1042 2410 cum

223 2423 414 2455 daemonibus
428 2423 459 2454 in
474 2422 577 2463 ignem
595 2427 740 2455 mternum
752 2423 948 2455 deturbatum
964 2424 1012 2454 iri.
1023 2426 1045 2456 Ε

217 2477 321 2499 revera
339 2468 382 2499 sic
402 2472 457 2505 est,
475 2468 594 2506 fratres;
618 2468 703 2499 Nihil
728 2471 808 2499 enim
835 2469 998 2501 intulimus
1013 2471 1044 2501 in

215 2513 297 2544 hunc
309 2514 460 2544 mundum
471 2513 513 2550 80,
531 2518 562 2544 ut
572 2523 638 2544 cum
658 2513 892 2553 peccaverimus,
905 2513 934 2544 id
946 2514 1043 2555 ipsum

214 2557 275 2590 Deo
289 2558 325 2589 ad
339 2562 461 2599 peccata
474 2563 575 2590 nostra
592 2559 769 2590 redimenda
788 2559 876 2600 pretii
893 2561 956 2591 loco
973 2570 1041 2600 per-

214 2603 378 2634 solvamus;
394 2603 476 2640 Quid
487 2607 567 2634 enim
579 2603 664 2634 dabit
674 2605 762 2635 homo
775 2605 848 2642 Deo,
861 2603 901 2634 ait
913 2604 1041 2644 Aposto-

214 2648 271 2684 lus,
285 2652 313 2679 ει
326 2648 508 2680 retribuetur
521 2649 548 2680 ei
558 2648 612 2678 8‘?
632 2649 692 2681 lloc
708 2653 751 2680 est
764 2658 866 2679 verum
880 2649 1038 2690 judicium,

217 2693 279 2724 hmc
292 2693 373 2733 justa
387 2697 416 2722 et
431 2702 502 2723 vera
516 2702 586 2724 vera
602 2693 774 2732 humilitas;
792 2693 904 2725 sicutet
914 2694 1042 2735 Spiritus

1085 2290 1174 2330 hujus
1198 2291 1264 2321 vitae
1288 2290 1519 2321 commoriamur
1542 2290 1581 2328 ei,
1609 2296 1642 2320 ut
1665 2290 1754 2321 etiam
1779 2291 1915 2322 vivamus

1085 2343 1151 2365 cum
1167 2344 1212 2365 eo.
1229 2336 1302 2367 Cum
1317 2335 1382 2376 ipso
1399 2334 1481 2375 puris
1498 2334 1646 2365 mentibus
1657 2334 1733 2364 viam
1745 2334 1783 2365 ad
1800 2335 1912 2366 caelum

1085 2379 1241 2410 ducentem
1258 2379 1455 2410 ambulemus.
1470 2378 1685 2410 Gradientibus
1700 2379 1811 2410 etenim
1826 2379 1916 2411 nobis

1087 2433 1141 2464 per
1153 2424 1230 2455 viam
1246 2426 1452 2455 mandatorum
1465 2423 1582 2454 Domini
1595 2433 1629 2455 ac
1641 2424 1694 2455 Dei
1711 2423 1818 2464 nostri,
1830 2433 1916 2455 eum-

1088 2479 1145 2510 que
1170 2468 1374 2510 sequentibus,
1392 2478 1448 2500 nec
1466 2472 1547 2499 retro
1568 2468 1675 2509 pedem
1697 2468 1912 2507 referentibus,

1090 2514 1163 2545 nihil
1179 2514 1317 2546 inimicus
1332 2522 1440 2544 nocere
1457 2513 1574 2553 poterit,
1601 2513 1728 2544 maxime
1744 2513 1769 2543 si
1786 2523 1853 2544 cum
1872 2514 1912 2544 ti-

1085 2559 1144 2590 deli
1159 2559 1245 2596 duce,
1263 2558 1408 2598 bonisque
1424 2558 1585 2589 comitibus
1601 2558 1825 2589 incesserimus.
1844 2559 1911 2589 Me-

1085 2610 1200 2635 tuamus
1211 2604 1379 2643 exemplum
1392 2602 1429 2633 ob
1443 2603 1629 2633 sterilitatem
1647 2602 1813 2633 maledicta:
1822 2603 1911 2639 ﬁcus,

1084 2653 1112 2679 at
1127 2648 1242 2679 Christo
1264 2647 1369 2686 dignos
1394 2647 1574 2687 poenitentiae
1590 2647 1704 2678 fructus
1721 2647 1883 2677 offeramus
1904 2659 1910 2678 :
1952 2659 1954 2662 ν

1084 2704 1120 2724 ne
1143 2702 1196 2733 per
1219 2692 1363 2732 ignaviam
1392 2691 1498 2721 animze
1523 2691 1728 2728 dormitantes,
1759 2691 1911 2732 lampade,
1953 2706 1955 2709 ι

254 2774 285 2798 80
300 2773 312 2803 Ι
327 2772 402 2803 Tim.
420 2782 460 2810 vr,
479 2774 506 2803 7.
551 2773 577 2798 8Ι
595 2773 732 2812 ltom.xr,
746 2774 795 2806 35.
839 2775 868 2799 82
882 2775 958 2806 Psal.
971 2779 1090 2813 ΗΜΛ).
1129 2765 1251 2804 ‘85Psal.
1268 2773 1424 2813 1418,19:
1457 2771 1488 2796 84
1498 2771 1639 2810 lllatth.v,
1654 2773 1710 2813 17.7
1741 2771 1871 2804 8510M.
1886 2771 1909 2804 Ι.

214 2813 264 2844 29.
306 2814 338 2838 86
352 2813 439 2844 Rom.
456 2822 518 2851 νηί,
537 2814 566 2843 Ξ.

214 2854 246 2878 90
261 2855 344 2886 .loau.
361 2862 429 2891 xvu,
446 2854 494 2885 21.

608 2814 638 2838 ⁸7
655 2814 745 2845 Exod.
763 2823 812 2850 xx,
838 2815 870 2845 I3
885 2825 956 2855 seqq
989 2825 996 2851 ;

1025 2817 1124 2847 Matth.
1140 2823 1169 2853 ν,
1186 2815 1220 2845 21
1241 2823 1323 2854 seqq.

1367 2813 1398 2838 88
1410 2812 1495 2843 Joan.
1512 2820 1562 2851 xv,
1580 2813 1608 2842 '1.
1652 2812 1684 2837 89
1696 2812 1782 2844 Joan.
1799 2820 1861 2853 xlv,
1878 2813 1910 2845 6.
