1978 3078
227 164 288 197 499

886 161 1075 196 SYMEONIS
1094 163 1269 197 JUNIORIS

1864 166 1934 198 500

221 231 301 272 apud
317 231 425 262 inferos
443 229 572 270 delituit,
587 229 677 260 unica
691 238 762 261 voce
778 230 834 261 hac
850 230 975 262 evadere
989 239 1042 271 po-
1053 233 1074 258 Α
1125 229 1183 261 Sed
1199 231 1429 270 profunditatem
1445 231 1651 272 mysteriorum
1667 231 1721 264 Dei
1737 232 1870 273 dispice,
1896 237 1932 264 et.

225 279 431 359 mllsisoecLigitur
453 324 509 359 est,
536 320 618 361 quod
647 329 693 351 me
709 320 858 351 dicturum
874 319 1044 361 pollicebat.

1088 274 1181 312 disce,
1200 285 1233 306 ac
1244 275 1352 307 docere
1367 276 1449 316 inde,
1463 286 1522 307 non
1534 277 1625 307 fuisse
1637 277 1812 317 ejiciendos,
1828 277 1857 308 si
1870 286 1930 308 eos

1088 319 1211 350 sceleris
1241 321 1452 360 pwnituisset:
1485 331 1544 352 non
1573 321 1698 352 luissent
1712 321 1927 360 condemnati,

221 365 299 396 Audi
311 365 438 405 reliqua,
455 368 484 395 et
505 367 582 406 quod
610 365 681 404 dixi,
696 364 769 395 citra
784 365 875 395 ullam
891 364 1047 395 falsitatem
1089 373 1148 394 non
1158 364 1262 395 fuisset
1276 365 1334 396 lata
1347 365 1547 406 sententia,ut
1558 365 1588 396 in
1600 369 1711 397 terram
1724 371 1926 397 reverteren-

221 419 322 441 verum
341 419 406 441 esse
421 419 593 450 cognosces.
610 409 690 441 Dixit
713 409 793 441 Deus
808 409 923 440 Adamo
940 419 946 440 :
964 409 1049 446 Qua-

221 464 340 495 cunque
350 454 428 486 hora
442 455 632 486 comedet-itis
644 455 681 485 de
698 454 794 494 ligno,
810 454 846 485 de
856 463 914 494 quo
921 454 1052 494 pracepi

222 500 306 530 vobis
313 508 351 530 ne
358 500 533 537 comedetis,
541 502 636 530 morte
642 499 862 536 moriemini95,
871 503 964 529 morte
974 497 1053 529 vide-

222 543 292 575 licet
307 544 425 584 animae,
441 544 519 584 quod
545 548 574 574 et
604 543 668 583 ipsa
697 543 748 574 illa
777 543 849 573 liora
865 542 976 574 factum
993 547 1051 581 est,

222 589 350 629 ideoque
365 589 473 620 stolam
491 588 723 620 immortalitatis
740 588 881 628 perdidit.
898 587 976 618 Nihil
992 597 1052 618 am-

224 634 303 674 plius
318 633 454 673 praedixit
468 634 556 674 Deus,
575 637 604 664 et
620 633 694 663 nihil
712 637 856 673 praeterea
871 633 979 663 factum
995 637 1050 663 est.

225 678 388 710 Priesciens
405 678 496 718 enim,
514 682 546 708 ut
561 677 649 715 Deus,
665 687 789 718 peccare
800 687 886 718 posse
894 678 1050 713 Adamum,

223 723 385 762 volensque
415 723 568 762 pcenitenti
597 722 762 762 ignoscere,
801 723 876 752 nihil
914 722 1051 762 amplius,

225 770 258 798 ut
287 767 399 797 dictum
424 771 480 805 est,
509 772 610 798 contra
636 776 704 798 eum
729 770 815 797 antea
839 766 1051 807 pronuntiavit.

227 813 384 851 Postquam
399 815 498 842 autem
513 813 629 851 negavit
645 816 796 851 peccatum
814 821 911 850 suum,
942 816 971 842 et
996 820 1052 842 ne-

1093 412 1149 445 tur,
1167 409 1204 439 de
1219 419 1276 449 qua
1288 410 1398 449 sumpti
1414 410 1777 451 essent.Audiquomodo.
1791 412 1926 442 Postea-
1968 416 1971 418 ‘

1095 461 1183 492 quam
1201 454 1288 493 ejecti
1304 458 1383 491 sunt,
1401 464 1468 485 mox
1484 454 1514 485 in
1543 455 1661 486 labores
1676 464 1710 486 ac
1726 455 1853 486 sudores
1870 455 1926 486 in-

1096 497 1245 538 ciderunt,
1257 499 1429 539 esurireque
1438 509 1472 530 ac
1482 499 1576 536 sitire,
1593 503 1622 530 et
1636 499 1734 539 rigere
1747 509 1781 530 ex
1792 499 1925 538 frigore,

1095 551 1128 572 ac
1141 546 1269 574 tremere
1284 548 1447 583 coeperunt,
1465 553 1500 574 ac
1529 545 1645 584 perpeti
1672 545 1844 584 hujusmodi
1871 544 1927 574 in-

1094 587 1377 628 commodapqualia
1394 592 1422 619 et
1437 598 1490 619 nos
1519 588 1619 629 hodie,
1636 592 1666 619 et
1680 589 1765 629 plura
1782 588 1926 630 perpeti-

1095 639 1172 666 mur,
1203 631 1252 670 qui
1282 631 1418 662 videlicet
1460 631 1632 663 calamitatis
1660 633 1748 672 hujus
1775 637 1804 663 et
1832 641 1928 663 casus

1094 675 1293 713 cognitionem
1309 676 1480 716 accepimus
1494 687 1500 708 :
1522 686 1575 707 nec
1591 676 1620 707 id
1637 677 1744 712 solum,
1760 678 1811 708 sed
1830 676 1928 707 etiam

1094 718 1187 759 ipsius
1204 729 1307 751 eorum
1324 721 1466 758 stultitiae,
1497 725 1525 751 et
1553 721 1712 752 inelfabilis
1727 721 1780 752 Dei
1796 722 1928 752 miseri-

1095 764 1212 794 cordize.
1232 764 1319 795 Extra
1336 765 1504 805 paradisum
1530 765 1629 806 itaque
1657 770 1806 804 vagantes,
1825 770 1856 797 et
1872 775 1927 796 se-

1095 807 1209 845 dentes,
1228 809 1421 848 poenitebant,
1440 809 1561 846 flebant,
1579 810 1827 848 lamentabantur,
1838 810 1929 841 fron—

226 865 284 896 que
299 856 502 896 reprehensus
518 865 534 886 a
550 857 611 887 Deo
627 856 841 896 paenitudinem
854 857 999 895 concepit,
1013 856 1052 886 ait
1062 858 1082 882 Β
1095 858 1153 883 tem
1161 853 1317 891 feriebant,
1330 854 1452 894 capillos
1462 854 1623 889 laniabant.
1635 855 1826 894 pertinaciam
1835 864 1926 885 suam

227 900 326 931 enim:
352 900 474 941 Mulier,
491 909 582 940 quam
596 901 706 931 dedisti
720 901 808 937 mihi,
824 901 890 940 ipsa
906 910 953 932 me
967 902 1053 932 (lece-

224 946 285 985 pit.
299 962 337 967 —-
351 945 450 982 Quam
471 945 580 976 dedisti
597 946 723 982 mt/Li,‘0
743 945 872 975 animam
895 955 996 984 parum
1013 949 1056 975 at-

226 993 348 1027 tentam,
360 998 395 1020 ac
405 989 464 1019 Deo
474 990 557 1030 quasi
567 989 729 1026 dicentem,
744 991 788 1021 Tu
799 990 946 1020 otfendisti
959 1000 965 1020 :
983 991 1054 1022 Mu—

228 1033 286 1064 lier
302 1042 390 1073 quam
406 1034 516 1065 dedisti
537 1034 626 1072 mihi,
644 1034 709 1073 ipsa
725 1043 773 1065 me
788 1035 916 1074 derepit,
934 1034 1010 1074 quod
1027 1038 1056 1065 et

228 1087 309 1108 nunc
338 1078 455 1118 abjecto
483 1078 566 1115 mihi,
594 1082 622 1110 et
646 1078 761 1110 infelici
786 1088 841 1109 usu
866 1078 967 1110 venit:
996 1088 1056 1109 non

230 1122 310 1153 enim
330 1123 395 1153 volo
411 1132 543 1163 unquam
559 1123 723 1160 humiliari,
743 1127 772 1154 et
786 1124 885 1155 dicere
900 1124 1052 1158 exanimo,

230 1167 292 1207 Ego
310 1167 486 1207 perditionis
502 1177 576 1198 meae
586 1177 675 1198 causa
689 1178 753 1198 sum
772 1178 778 1197 :
797 1168 848 1198 sed
866 1168 924 1204 aio,
945 1168 995 1199 ille
1009 1177 1055 1198 me

230 1212 267 1242 ad
289 1212 363 1248 haec,
382 1216 410 1242 et
425 1212 476 1243 illa
491 1212 628 1249 dicenda,
660 1212 796 1243 facienda
818 1212 975 1252 instigavit.
1005 1212 1058 1243 Ille

234 1256 306 1286 mihi
321 1257 424 1294 suasit,
442 1261 474 1287 ut
489 1257 545 1288 hoc
560 1260 589 1287 et
611 1258 666 1288 hoc
693 1257 881 1296 facerem,f,et
896 1261 1054 1298 patrarem.

232 1299 255 1332 Ο
272 1300 422 1331 infelicem
439 1300 580 1338 animam,
604 1301 694 1332 verba
710 1302 824 1341 peccati
839 1302 926 1342 plena
942 1302 1059 1342 profun-

233 1345 353 1376 dentem
370 1347 377 1376 ι
409 1345 432 1377 Ο
447 1346 555 1376 animae
569 1346 751 1386 impudentis
765 1350 794 1376 et
809 1347 943 1377 scelestae
958 1347 1058 1386 impu-

235 1389 354 1420 dentem
370 1390 585 1430 scelestamque
608 1390 770 1421 orationem
790 1390 796 1419 !
824 1392 924 1431 Itaque
949 1400 1014 1421 cum
1031 1395 1059 1421 et

235 1433 292 1464 hoc
308 1434 439 1465 Adamus
456 1435 635 1474 protulisset,
653 1435 724 1465 dicit
740 1435 767 1465 ei
782 1435 860 1465 Deus
877 1445 883 1467 :
901 1435 937 1466 In
953 1435 1059 1466 labore

1096 897 1296 938 deplorantes.
1315 898 1347 929 Id
1366 908 1454 940 porro
1483 909 1542 929 non
1569 909 1672 939 unum,
1703 903 1752 930 aut
1767 899 1853 937 duos,
1873 903 1927 930 aut
1970 912 1971 915 π

1096 942 1200 974 decem
1217 943 1293 983 dies,
1311 943 1375 979 sed,
1405 943 1531 974 credatis
1561 943 1634 974 mihi
1663 944 1761 981 velim,
1788 944 1926 984 quandiu

1096 992 1164 1018 aetas
1180 989 1390 1028 suppeditavit.
1421 988 1574 1024 Quomodo
1602 988 1680 1019 enim
1708 992 1846 1028 poterant
1862 998 1928 1019 non

1097 1032 1286 1062 continenter
1300 1036 1386 1072 atque
1399 1034 1479 1063 omni
1497 1038 1632 1072 tempore
1648 1032 1790 1072 lacrymas
1802 1032 1928 1072 profun—

1097 1077 1178 1115 dere,
1197 1076 1437 1116 cumeominum
1455 1077 1538 1107 illum
1557 1082 1614 1107 tam
1627 1081 1824 1115 mansuetum,
1843 1077 1928 1108 deli—

1098 1121 1159 1152 cias
1182 1121 1258 1159 illas,
1289 1131 1362 1162 quas
1391 1131 1488 1153 sermo
1518 1121 1620 1162 nequit
1648 1121 1813 1160 declarare,
1841 1122 1927 1152 illam

1097 1167 1201 1197 florum
1218 1166 1467 1206 pulchritudinem
1480 1165 1721 1203 inenarrabilem,
1741 1166 1820 1196 illam
1833 1166 1925 1197 vitam

1100 1211 1180 1241 omni
1197 1211 1397 1242 sollicitudine
1412 1221 1445 1242 ac
1474 1211 1575 1242 labore
1600 1219 1732 1248 vacuam,
1748 1211 1926 1250 angelorum

1098 1255 1135 1286 ad
1160 1256 1240 1295 ipsos
1268 1256 1431 1287 descensus
1457 1264 1658 1295 ascensusque
1692 1255 1927 1295 recogitarent?
1970 1277 1971 1282 η

1100 1299 1356 1336 Quemadmodum
1374 1301 1465 1338 enim,
1496 1300 1545 1340 qui
1572 1300 1608 1330 ab
1637 1299 1736 1340 aliquo
1753 1300 1925 1341 principum

1100 1345 1188 1384 hujus
1203 1345 1301 1375 saculi
1319 1345 1402 1376 electi
1418 1349 1487 1375 sunt
1505 1344 1593 1382 servi,
1610 1344 1647 1375 ad
1664 1345 1861 1384 praestandum
1879 1345 1925 1375 illi

1100 1397 1198 1418 coram
1218 1388 1430 1426 ministerium,
1445 1388 1573 1428 quandiu
1590 1388 1802 1426 reverentiam,
1820 1393 1849 1420 et
1865 1389 1923 1419 lio-

1101 1442 1215 1470 norem,
1233 1433 1260 1464 ei
1276 1433 1425 1464 serviendi
1440 1443 1547 1464 munus
1561 1433 1710 1463 sincerum
1728 1433 1854 1464 Domino
1869 1443 1926 1464 suo

231 1481 258 1525 et
271 1479 521 1509 sudorecomedes
530 1488 639 1518 panem
651 1483 749 1517 tuum,
764 1483 791 1511 et
799 1483 904 1520 spinas
914 1489 950 1511 ac
962 1480 1058 1511 tribu-
1069 1500 1088 1525 ε
1103 1482 1250 1525 praestant,
1268 1478 1438 1519 ipsumque,
1455 1488 1503 1516 ,ac
1528 1487 1686 1525 conversos
1701 1487 1769 1525 suos
1784 1478 1924 1525 diligunt,
1970 1476 1972 1510 ί

233 1521 277 1553 los
289 1523 639 1563 terrugerminabittlbi.
661 1523 696 1555 Et
711 1528 877 1565 postremo:
895 1525 973 1561 Quia.
988 1521 1088 1564 pul-'
1103 1522 1192 1553 etiam
1207 1522 1345 1554 libertate
1369 1532 1438 1562 erga
1463 1532 1541 1559 eum,
1572 1526 1602 1553 et
1630 1522 1835 1553 benevolentia
1859 1524 1925 1563 ejus

231 1568 329 1608 vises,
346 1568 419 1598 etin
433 1567 592 1607 pulverem
602 1571 777 1600 reverteris.
791 1568 1059 1609 Dicebam,'_inquit,

232 1616 264 1642 ut
281 1612 439 1652 pmniteret
454 1616 495 1650 te,
527 1612 742 1653 pristinamque
771 1614 835 1644 vitae
851 1614 974 1644 formam
990 1614 1063 1645 reti-

234 1666 333 1688 neres.
345 1657 420 1693 Quia
428 1666 495 1688 vero
506 1657 582 1687 adeo
594 1658 765 1697 praefractus
783 1667 826 1695 es,
843 1667 934 1698 apage
949 1658 987 1689 de
1003 1668 1061 1689 cae—

233 1705 296 1732 tero
313 1711 329 1732 a
345 1711 403 1739 me,
423 1705 451 1732 et
465 1701 592 1732 sufﬁciet
606 1701 659 1732 tibi
674 1702 710 1733 ad
726 1702 914 1742 disciplinam
930 1702 1060 1733 desertio

233 1750 299 1777 tua:
315 1747 468 1783 Quoniam
478 1746 578 1786 pulvis
589 1755 631 1786 es,
644 1750 672 1777 et
681 1747 712 1777 in
718 1746 876 1787 pulverum
887 1749 1058 1779 reverteris.

233 1791 276 1822 En
304 1791 405 1831 igitur,
429 1790 571 1828 didicisti,
599 1800 664 1821 eum
686 1795 751 1832 post
775 1791 1058 1832 praevaricationem,

233 1835 300 1876 quia
311 1845 371 1866 non
383 1835 530 1875 paenituit,
544 1844 600 1866 nec
612 1835 695 1873 dixit,
711 1836 844 1873 Peccavi,
858 1836 1058 1875 etexpulsum,

234 1883 263 1910 et
278 1879 309 1910 in
326 1879 428 1910 labore
443 1889 478 1910 ac
493 1879 602 1910 sudore
628 1880 717 1911 vitam
743 1889 830 1920 agere
841 1881 968 1920 jussum,
986 1884 1015 1910 et
1028 1880 1059 1910 in

234 1928 354 1961 terram,
371 1923 409 1954 de
424 1933 482 1964 qua
496 1928 667 1964 assumptus
689 1928 744 1965 est,
762 1925 931 1955 damnatum
947 1934 1013 1955 esse
1028 1928 1060 1954 ut

232 1969 357 2008 rediret,
374 1969 455 2009 quod
470 1968 511 1999 ita
528 1969 662 2000 evenisse
689 1973 804 2000 constat
827 1979 862 2000 ex
890 1969 935 1999 his
949 1979 1014 2009 qum
1029 1969 1060 1999 in

234 2012 389 2053 Scriptura
419 2017 594 2054 sequuntur.
624 2013 752 2045 Proinde
790 2014 840 2045 illo
871 2013 993 2044 dimisso
1022 2013 1058 2044 ad

232 2057 322 2089 Evam
337 2058 428 2096 venit,
446 2058 605 2089 ostendere
621 2059 734 2097 volens,
751 2059 843 2099 ipsam
861 2068 977 2098 quoque
993 2068 1057 2098 ρω-

232 2102 330 2133 nitere
342 2102 505 2142 nolentem,
516 2103 584 2142 jure
597 2113 662 2133 cum
676 2103 740 2143 ipso
755 2103 880 2143 ejectum
893 2103 941 2140 iri,
956 2107 985 2132 et
999 2103 1055 2134 ait:

1103 1576 1265 1608 amoreque
1288 1568 1377 1598 multa
1406 1577 1472 1598 cum
1498 1567 1660 1607 vacatione,
1684 1567 1870 1607 jucunditate
1895 1571 1925 1598 et

1103 1611 1300 1643 oblectatione
1316 1612 1518 1652 perfruuntur.
1537 1611 1588 1642 Sin
1611 1616 1709 1642 autem
1732 1611 1763 1642 in
1783 1620 1922 1642 vesanam

1103 1656 1291 1687 insolentiam
1307 1662 1409 1688 contra
1425 1657 1581 1688 Dominum
1597 1665 1681 1687 suum
1696 1656 1787 1693 versi,
1804 1655 1920 1687 obtorto

1103 1701 1178 1732 collo
1193 1705 1309 1742 raptent
1336 1711 1498 1732 conservos
1522 1710 1603 1737 suos,
1633 1710 1724 1740 seque
1754 1710 1843 1740 supra
1856 1701 1923 1731 illos

1102 1746 1236 1784 efferant,
1252 1747 1303 1786 qui
1325 1747 1402 1786 apud
1425 1746 1507 1777 illum
1535 1745 1680 1783 libertate,
1705 1745 1920 1782 benevolentia,

1103 1795 1132 1822 et
1145 1800 1247 1822 amore
1275 1791 1453 1831 gaudebant,
1482 1799 1517 1821 ea
1545 1790 1645 1820 omnia
1671 1790 1821 1827 amittunt,
1849 1791 1875 1820 ei
1891 1790 1922 1820 in

1102 1836 1293 1877 longinquam
1310 1836 1345 1867 ab
1353 1846 1387 1867 eo
1399 1835 1550 1875 regionem
1562 1835 1694 1873 relagati,
1707 1835 1924 1875 ejusquejussu

1101 1882 1266 1912 innumeris
1283 1881 1499 1921 lassitudinum,
1522 1880 1768 1920 vexationumque
1784 1879 1923 1910 tentatio-

1101 1927 1189 1958 nibus
1204 1925 1325 1966 objecti,
1342 1925 1434 1965 magis
1451 1925 1602 1964 magisque
1619 1924 1707 1954 ferias
1726 1923 1833 1963 quibus
1845 1923 1921 1954 l‘rue-

1101 1972 1220 2011 bantur,
1238 1975 1267 2002 et
1284 1970 1462 2001 detrimenta
1478 1969 1620 1999 honorum
1637 1968 1814 1999 amissorum
1830 1968 1919 1998 intel-

1100 2016 1205 2056 ligunt.
1224 2015 1334 2047 Eodem
1352 2014 1439 2044 modo
1455 2013 1643 2054 protoplastis
1667 2012 1775 2049 evenit,
1792 2012 1841 2052 qui
1856 2021 1923 2042 cum

1100 2063 1131 2093 in
1159 2059 1296 2100 paradiso
1323 2063 1445 2098 agentes
1474 2057 1559 2088 bonis
1586 2057 1645 2087 illis
1671 2057 1919 2094 circumﬂuerent,

1102 2105 1211 2136 deinde
1226 2104 1262 2134 ab
1278 2103 1384 2134 iisdem
1400 2102 1512 2133 exclusi
1526 2106 1555 2132 et
1580 2101 1716 2142 projecti,
1734 2100 1784 2131 ubi
1800 2109 1834 2132 ea
1847 2100 1921 2131 ami-

233 2147 312 2184 Qui’d
342 2147 396 2178 hoc
423 2147 553 2186 fecisti?
581 2151 612 2178 ut
641 2151 670 2178 et
690 2142 743 2178 illa
756 2142 903 2187 subjiciat.
929 2142 1178 2188 peccavi.DSisse
1193 2151 1363 2184 senserunt,
1396 2156 1514 2186 semper
1544 2145 1790 2185 lamentabantur,
1807 2154 1923 2185 semper

232 2192 307 2223 Nam
322 2191 394 2232 quid
411 2192 522 2232 alioqui
537 2201 612 2232 opus
626 2191 755 2223 habebat
769 2192 858 2230 Deus,
875 2201 984 2232 quaeso,
1002 2193 1060 2222 hu-

229 2237 363 2276 jusmodi
379 2236 480 2268 verbis
496 2246 560 2267 eam
586 2238 777 2276 compellare,
807 2237 863 2267 nisi
880 2237 934 2267 hac
949 2238 1010 2267 sola
1025 2237 1062 2267 de

232 2291 333 2320 causa,
351 2285 382 2312 ut
399 2282 516 2312 diceret
542 2281 593 2312 illa
613 2290 618 2312 :
651 2282 683 2312 In
713 2281 884 2321 insipientia
913 2291 989 2321 mea,
1007 2283 1064 2313 Do-

233 2325 326 2363 mine,
340 2325 418 2357 istud
430 2326 488 2357 feci
500 2327 514 2357 ?
525 2335 579 2365 ego
595 2325 705 2356 nullius
716 2325 814 2366 pretii,
834 2330 861 2357 et
879 2326 992 2357 misella
1009 2326 1061 2357 tibi

232 2370 359 2402 Domino
376 2380 443 2401 meo
458 2380 517 2402 non
532 2370 736 2410 obtemperavi
751 2370 894 2402 miserere
909 2371 978 2402 niei.
1003 2370 1062 2402 Sed

232 2414 288 2446 ista
299 2424 357 2446 non
370 2415 454 2446 dixit.
467 2415 543 2452 Quid
560 2419 657 2445 autem
674 2415 824 2454 lSerpens
838 2416 952 2455 decepit
963 2425 1021 2447 me.
1038 2416 1061 2447 Ο

233 2464 385 2500 stuporem
401 2461 407 2490 !
424 2460 504 2491 Itane
519 2469 595 2501 pane
607 2469 673 2490 cum
687 2465 826 2500 serpente
842 2465 946 2490 contra
966 2460 1063 2491 Domi-

233 2514 305 2535 num
316 2505 405 2536 verba
418 2505 470 2536 tibi
482 2505 640 2545 ingerente
655 2504 866 2535 commercium
883 2504 1022 2540 habuisti.
1033 2510 1062 2536 et

235 2550 316 2580 hunc
329 2549 391 2581 Deo
406 2549 536 2580 creatori
548 2553 597 2579 tuo
611 2548 776 2589 praetulisti,
789 2554 817 2579 et
830 2549 986 2580 consilium
997 2549 1061 2588 ejus

234 2594 372 2625 mandato
388 2593 506 2625 Domini
523 2594 720 2635 priestantius,
745 2602 780 2624 ac
795 2593 893 2624 verius
908 2593 1059 2624 existima-

232 2641 287 2672 Sti!
305 2640 363 2672 Ubi
377 2641 467 2681 igitur
482 2650 538 2672 nec
553 2639 633 2670 illam
650 2639 799 2670 dicentem
828 2639 951 2676 invenit,
982 2640 1059 2670 Pec-

232 2685 305 2724 cavi,
322 2686 486 2726 ejiciuntur
500 2697 517 2716 e
532 2683 659 2722 deliciis,
677 2694 693 2715 a
721 2684 868 2725 paradiso,
886 2689 914 2715 et
929 2683 989 2715 Deo
1005 2693 1058 2715 ex-

233 2730 393 2770 pelluntur.

272 2820 304 2845 95
317 2819 391 2853 Gen.
410 2828 442 2861 ιι,
459 2821 509 2851 t7.

1103 2193 1224 2230 ﬂebant,
1247 2193 1365 2222 Domini
1386 2191 1432 2222 sui
1456 2190 1691 2222 misericordiam
1718 2190 1919 2230 implorantes,

1104 2238 1178 2274 Quid
1206 2237 1284 2273 facit,
1312 2236 1360 2276 qui
1385 2237 1494 2266 inultus
1523 2241 1567 2266 est
1593 2234 1622 2265 in
1652 2233 1865 2274 misericordia,
1894 2240 1923 2266 et

1103 2283 1206 2314 tardus
1220 2282 1250 2312 in
1266 2281 1436 2321 supplicio?
1452 2281 1488 2311 L’t
1504 2280 1575 2310 vidit
1586 2289 1637 2310 eos
1657 2279 1836 2316 humiliatos,
1853 2289 1931 2319 pro-'

1104 2328 1192 2358 latam
1210 2327 1385 2357 sententiain
1399 2335 1464 2356 mox
1477 2329 1606 2361 rewcat,
1622 2334 1688 2356 cum
1705 2325 1741 2355 ad
1758 2324 1922 2363 castigatio-

1106 2382 1174 2403 nem
1190 2372 1314 2409 scilicet,
1332 2375 1360 2401 et
1376 2380 1413 2400 ne
1428 2370 1493 2410 quis
1509 2369 1659 2400 Conditori
1674 2369 1876 2399 universorum
1891 2379 1922 2400 se

1104 2420 1280 2457 opponeret,
1298 2425 1362 2446 eam
1380 2415 1504 2445 tulisset.
1538 2414 1608 2444 Cum
1639 2413 1731 2450 enim,
1748 2417 1780 2444 ut
1793 2413 1878 2451 Deus,
1894 2419 1922 2445 et

1105 2471 1205 2492 casum
1222 2459 1351 2491 hominis
1381 2464 1410 2489 et
1433 2458 1635 2499 paenitentiam
1663 2457 1823 2498 praesciret,
1840 2462 1922 2489 ante-

1104 2515 1191 2546 quam
1208 2504 1429 2535 universitatem
1447 2503 1610 2542 moliretur,
1627 2502 1918 2543 ctopportunitatem,

1104 2555 1132 2581 et
1147 2555 1272 2590 tempus,
1290 2554 1319 2579 ct
1333 2548 1491 2588 quomodo,
1511 2552 1538 2578 et
1553 2549 1670 2587 quando
1682 2548 1761 2578 hunc
1775 2547 1812 2578 ab
1824 2548 1919 2578 exsdio

1102 2594 1269 2629 reduceret,
1293 2592 1495 2624 secretissimo
1521 2592 1649 2631 judicio,
1678 2597 1708 2623 et
1732 2592 1920 2632 investigabili

1102 2639 1183 2670 omni
1198 2637 1316 2679 spiritui
1333 2637 1474 2668 deﬁnivit.
1505 2637 1576 2667 Nam
1606 2636 1631 2667 si
1658 2636 1845 2677 quibusdam,
1862 2637 1920 2668 haec

1100 2683 1229 2715 revelata
1243 2682 1379 2718 fuissent,
1397 2686 1425 2711 et
1451 2681 1584 2712 scribere
1610 2681 1766 2721 voluisset,
1795 2690 1852 2712 non
1880 2683 1921 2713 eis

1101 2733 1230 2769 tempus,
1249 2736 1306 2758 non
1324 2727 1437 2763 charta,
1454 2735 1513 2756 non
1536 2730 1733 2757 atramentum
1749 2726 1920 2760 suffecisset.
