1978 3078
33 172 95 203 501

756 173 894 207 ORATIO
917 171 1054 206 XXXIII.

1686 175 1746 208 502

81 237 173 268 Sicut
187 247 257 278 ergo
272 238 430 270 miseratus
443 244 509 270 ante
518 240 669 271 constituit
686 244 715 272 et
725 240 872 282 praedixit,
886 243 907 268 Α
918 239 1060 272 desidiosi
1073 240 1185 272 fuerint
1198 241 1406 274 incredulitate
1421 251 1474 274 sua
1496 242 1591 274 Deum
1607 245 1745 275 contem-

37 282 86 313 sic
99 284 206 323 utique
222 283 309 315 etiam
324 284 413 315 fecit:
429 289 457 316 et
480 295 554 326 quos
571 295 588 316 e
610 286 746 326 paradiso
758 290 877 327 propter

37 327 278 367 impudentiam,
294 332 326 360 et
348 329 539 370 impceuitens
560 340 622 367 cor,
646 340 678 362 ac
695 331 874 362 voluntatem

38 372 228 403 obstinatam
242 373 333 413 ejicit,
348 378 379 404 ut
400 374 512 410 decuit,
532 384 583 405 eos
603 381 667 406 acta
690 375 874 415 pmnitentia,

39 421 71 447 et
91 427 149 457 pro
166 427 213 455 eo,
229 422 261 449 ut
275 418 434 457 debebant,
459 420 639 458 humiliatos,
657 425 685 451 et
701 425 763 461 post
775 421 876 451 ﬂetum

40 470 78 492 ac
96 463 230 493 lamenta
241 463 304 503 ipse
313 463 361 495 ille
371 464 451 494 solus
463 473 496 495 ex
509 464 572 494 solo
598 464 766 505 unigenitus
775 465 878 500 Filius,

41 509 73 536 et
89 505 227 537 Verbum
242 507 335 538 Patris
363 508 420 543 sui,
447 508 498 548 qui
513 508 566 539 fuit
582 513 650 539 ante
661 519 750 540 omne
765 509 878 550 princi-

41 551 146 592 pium.
177 561 244 582 cum
270 553 486 591 descendisset,
512 558 543 585 ut
569 564 671 586 omnes
698 555 803 596 nostis,
819 565 878 586 non

40 596 145 626 solum
161 596 268 628 similis
283 597 342 629 illis
365 598 453 629 homo
476 599 571 630 factus
595 603 650 640 est,
670 600 720 630 sed
738 599 825 630 etiam
842 599 879 630 ad

41 641 211 672 violentam
228 642 440 682 etprobrosam
456 648 582 675 mortem
594 648 738 684 raptatus,
757 644 880 685 perinde

41 689 76 716 ut
96 686 146 716 illi
163 687 240 717 mori
255 697 313 718 non
330 688 496 720 recusavit:
512 692 540 719 et
555 689 740 720 descendens
755 689 791 719 ad
806 689 878 720 infe-

42 739 109 770 ros,
127 731 218 761 etiam
234 731 304 762 inde
319 741 370 763 eos
399 733 517 773 eripuit.
543 732 598 769 Qui
614 743 682 773 ergo
700 738 758 764 tam
774 734 877 770 multa,

917 286 1046 327 pserint,
1059 289 1088 317 et
1103 290 1282 327 praeceptum
1304 287 1370 327 ejus
1398 286 1600 319 violaverint?
1616 287 1648 319 Si
1663 288 1744 320 enim

918 330 960 364 illi
982 330 1182 368 crididissent,
1202 341 1260 362 non
1284 335 1454 373 serpentem
1469 332 1538 370 Eva,
1565 341 1624 364 non
1654 332 1744 365 Evam

920 375 1050 407 A'lamus
1065 375 1114 406 ille
1126 376 1184 406 ﬁde
1199 375 1365 416 digniorem
1391 377 1598 408 existimasset.
1617 377 1675 409 Sed
1692 387 1743 409 ca-

919 428 989 450 vere
1003 420 1168 461 oportebat,
1183 430 1220 452 ne
1244 422 1281 452 de
1305 421 1412 452 arbore
1432 421 1520 453 vetita
1535 422 1741 454 comederent.

921 463 976 495 Ubi
988 465 1193 502 comederunt,
1212 465 1298 505 ejecti
1314 469 1392 496 sunt.
1424 465 1564 506 Rursum,
1595 466 1670 498 nihil
1686 466 1745 498 illis

922 509 1057 540 exsilium
1073 508 1185 547 damni,
1202 509 1254 540 sed
1269 509 1453 550 amplissima
1476 510 1554 541 bona
1565 511 1699 548 contulit.
1716 516 1746 543 et

923 553 956 583 ad
981 553 1104 584 salutem
1132 553 1217 585 nobis
1246 554 1384 585 omnibus
1412 555 1564 587 conduxit.
1600 555 1746 597 Delapsus

922 598 1031 639 quippe
1042 598 1079 629 de
1091 599 1168 630 cmlo
1177 598 1322 630 Dominus
1333 604 1444 638 noster,
1453 604 1548 631 morte
1557 609 1610 631 sua
1619 604 1745 632 mortem

923 647 1053 674 nostram
1070 643 1203 681 deduxit,
1231 644 1511 685 damnationemq‘ue
1526 644 1744 685 praevaricatio-

923 697 990 718 nem
1017 687 1103 728 primi
1133 689 1264 728 parentis
1290 690 1381 719 nostri
1408 693 1596 720 consecutam
1614 689 1746 720 funditus

921 732 1051 773 sustulit,
1070 742 1181 773 perque
1197 743 1312 764 sacrum
1326 733 1474 774 baptisma
1484 743 1538 764 nos
1547 743 1743 774 regenerans,

41 783 136 814 quam
153 776 291 816 quotidie
306 776 401 813 audis,
421 787 522 808 eorum
538 787 627 808 causa
641 778 772 818 pertulit,
785 782 816 808 ut
827 787 879 809 eos
922 780 951 808 et
961 777 1121 817 reﬁngens.
1139 782 1167 808 et
1190 787 1224 809 ea
1243 778 1376 819 peafecte
1398 788 1451 809 nos
1480 779 1615 816 solvens,
1642 779 1673 810 in
1688 779 1745 810 hoc

41 819 278 861 aloginquoillo
298 821 401 853 exsilio
420 826 584 860 revocaret,
610 822 636 852 si
671 822 880 862 paenituissent
922 821 1032 852 mundo
1062 831 1183 862 prorsus
1211 823 1334 864 liberos,
1365 832 1420 854 nec
1455 823 1603 863 tyrannidi
1632 823 1746 855 inimici

41 865 74 896 in
87 867 237 907 paradiso,
256 878 314 900 non
326 869 394 900 illos
422 869 648 900 commiseratus
660 869 788 900 fuisset?
804 869 879 906 Quid
894 887 911 911 Β
923 867 1071 906 subjectos
1086 867 1231 900 collocat:
1249 869 1301 900 sed
1326 868 1463 908 primaeva
1478 868 1592 900 arbitrii
1604 867 1744 900 libertate

43 912 88 947 ni,
106 912 159 951 qui
174 912 319 953 benignus
330 917 385 951 est,
403 917 431 944 et
454 913 567 944 idcirco
581 914 734 944 hominem
750 917 878 948 crearat,
923 921 977 941 nos
990 912 1151 952 honorans,
1167 913 1264 952 potius
1280 913 1357 943 vires
1384 917 1486 944 contra
1500 921 1568 944 eum
1584 913 1742 951 ministrat,

45 960 78 985 ut
108 955 197 988 bonis
221 957 314 999 ipsius
338 963 369 989 ut
392 958 528 998 paradiso
554 958 712 995 frueretur,
735 963 762 989 et
789 958 882 989 bene-
924 955 1018 996 utqui
1035 956 1241 996 volunt,nullo
1269 967 1335 988 cum
1351 958 1476 998 negocio
1491 957 1659 995 devincant,
1675 957 1745 988 feli-

47 1000 193 1032 factorem
209 1012 294 1033 suum
311 1003 514 1042 gloriﬁcaret!
528 1004 606 1034 Sane
624 1003 674 1040 ita,
694 1007 724 1034 ut
739 1003 866 1035 arbitror
923 1000 986 1031 cius
1003 1010 1089 1041 quam
1097 1002 1190 1032 sancti
1204 1011 1320 1039 omnes,
1350 1003 1401 1043 qui
1422 1005 1491 1033 ante
1512 1001 1622 1033 Christi
1636 1001 1746 1033 adven-

48 1045 171 1083 fratres,
191 1048 298 1078 factum
315 1048 429 1078 fuisset.
921 1050 984 1091 tnm
1005 1047 1153 1091 vixerunt.
1170 1046 1224 1077 Die
1233 1051 1331 1091 autem
1352 1056 1405 1078 suo
1431 1046 1567 1088 perfecti,
1594 1055 1654 1077 non
1667 1047 1744 1078 sicut

91 1090 125 1120 Et
143 1095 240 1122 autem
255 1096 284 1123 et
299 1097 406 1124 caetera
420 1093 529 1133 discas,
543 1097 571 1123 et
582 1093 680 1124 verbis
692 1093 765 1124 meis
782 1094 877 1133 major
919 1090 972 1128 illi,
989 1090 1025 1122 ad
1040 1091 1162 1129 inferos,
1174 1092 1225 1122 sed
1241 1092 1271 1122 in
1288 1092 1407 1129 cmlum,
1435 1097 1464 1122 et
1489 1091 1526 1122 ad
1543 1091 1667 1122 delicias
1678 1091 1744 1122 illas

48 1135 129 1175 apud
147 1140 175 1166 te
191 1136 265 1168 ﬁdes
293 1137 342 1177 sit,
373 1137 441 1167 audi
462 1137 587 1178 reliqua.
619 1136 647 1168 Si
674 1137 879 1177 pmniluissent
919 1144 952 1165 ac
966 1136 1126 1175 voluptates
1142 1136 1354 1176 perducuntur.
1367 1136 1403 1167 Et
1415 1146 1494 1167 nunc
1505 1135 1626 1177 quidem
1638 1135 1745 1167 mode-

49 1180 190 1211 adhucin
207 1182 342 1221 paradiso
366 1182 520 1221 degentes,
546 1181 642 1222 ipsum
665 1182 747 1212 illum
764 1182 878 1222 paradi-
920 1179 1012 1210 ratius
1039 1180 1194 1212 laetantur:
1228 1185 1258 1212 at
1287 1185 1353 1222 post
1381 1181 1511 1212 reditum
1537 1190 1695 1222 corporum
1712 1180 1744 1211 in

49 1235 117 1256 sum
133 1227 328 1267 recepissent,
342 1237 375 1258 ac
387 1231 530 1267 preterea
541 1227 627 1257 nihil.
642 1226 717 1263 Quia
731 1236 799 1257 vero
813 1236 877 1267 pro-
919 1224 1019 1262 vitam,
1032 1225 1150 1265 penitus
1166 1225 1348 1266 sempiterno
1360 1225 1466 1265 gaudio
1479 1229 1632 1266 quantum,
1649 1234 1745 1266 quan-

54 1274 122 1310 pter
137 1270 385 1311 impuenitentiam
399 1281 481 1302 suam
500 1271 613 1311 expulsi
624 1276 704 1308 sunt,
718 1281 752 1302 ac
768 1271 877 1303 deinde
919 1273 979 1300 tum
1004 1274 1049 1300 est
1073 1270 1283 1309 dignabuntur.
1300 1270 1355 1307 Qui
1369 1270 1461 1310 igitur
1483 1270 1597 1308 volunt,
1615 1270 1744 1302 mantel-

54 1315 248 1346 vehementer
263 1317 449 1357 poenitentes,
477 1316 620 1356 lacrymas
645 1315 784 1347 fuderunt
798 1316 875 1347 afﬁi-
920 1313 979 1344 lum
1007 1324 1065 1345 non
1098 1320 1241 1355 quaerant,
1269 1323 1323 1347 nec
1352 1314 1477 1346 dicant:
1508 1315 1598 1346 Plane
1623 1319 1745 1356 propter

54 1359 153 1400 ctique
169 1365 237 1391 sunt
255 1371 260 1392 :
292 1371 367 1402 quae,
389 1365 419 1391 ut
443 1360 515 1397 dixi,
541 1370 600 1391 non
629 1364 730 1392 essent
752 1361 840 1401 passi,
854 1366 878 1396 si
920 1358 1025 1389 Adami
1050 1360 1300 1399 trangressiouem
1312 1359 1523 1400 cupiditatibus
1534 1368 1600 1398 nos,
1621 1369 1656 1390 ac
1673 1359 1743 1391 libi-

51 1403 82 1434 in
100 1405 237 1444 paradiso
248 1406 466 1446 pmnituissent,
485 1415 537 1446 pro
562 1405 713 1436 laboribus
733 1406 809 1443 istis,
825 1416 876 1437 su-
921 1402 1040 1454 dinibus
1054 1403 1170 1453 agitari,
1182 1404 1395 1454 etiudenosad
1416 1407 1570 1454 peccatum
1600 1404 1743 1454 pertrahi.

52 1448 186 1490 doribus,
204 1455 233 1481 et
260 1451 413 1484 molestiis.
441 1454 470 1481 et
493 1451 569 1481 bona
594 1451 766 1490 paenitentia
778 1451 879 1481 volens
921 1447 976 1483 Qui
988 1448 1028 1479 ita
1042 1448 1174 1479 sentiunt
1188 1452 1217 1479 et
1237 1449 1408 1489 loquuntur,
1434 1448 1553 1480 Domini
1567 1458 1602 1479 ac
1618 1448 1673 1480 Dei
1686 1458 1743 1479 no-

52 1493 195 1525 Dominus
209 1496 286 1526 Deus
297 1496 408 1526 honore
420 1505 471 1526 eos
482 1499 510 1525 et
521 1495 614 1534 gloria
624 1495 754 1532 afﬁcere,
774 1505 827 1527 nec
846 1496 876 1527 id
922 1491 975 1541 stri
991 1492 1148 1524 adventum
1160 1493 1385 1542 infructuosum,
1403 1493 1584 1542 inanemque
1598 1493 1744 1542 existisse

53 1542 179 1574 tantum,
197 1540 248 1570 sed
261 1540 350 1572 etiam
367 1540 498 1570 omnium
509 1539 626 1570 illorum
642 1540 786 1571 malorum
799 1541 878 1571 obli-
890 1571 908 1578 η
922 1536 1089 1575 opinantur.
1107 1538 1183 1577 (ιυοιι
1205 1537 1424 1574 haereticorum:
1447 1547 1507 1568 non
1536 1536 1668 1568 ﬁdelium
1685 1542 1741 1578 θεῖ,

54 1571 247 1615 vioneniittis
267 1571 394 1620 latret-re,
426 1585 495 1625 quid
512 1584 595 1624 agit?
624 1584 778 1624 Perpende
807 1571 908 1618 mihic
922 1571 1125 1613 utdicitsolet:
1137 1582 1233 1617 Quare
1249 1583 1328 1613 enim
1337 1571 1504 1620 descendit,
1515 1586 1564 1613 aut
1575 1591 1628 1612 cur
1638 1571 1742 1614 necem

55 1628 246 1667 benignitatis
266 1629 512 1669 magnitudinem.
538 1629 697 1661 Descendit
710 1629 740 1660 in
755 1629 877 1669 inferos,

54 1682 164 1713 eosque
179 1673 288 1704 deinde
304 1674 456 1704 reductos.
478 1683 534 1703 non
552 1674 580 1704 in
597 1673 777 1712 paradisum,
790 1685 878 1715 quem

53 1717 224 1754 amiserant,
241 1719 378 1755 restituit,
395 1719 446 1748 sed
463 1718 492 1748 in
518 1718 590 1748 illud
619 1718 721 1749 caelum
744 1719 811 1750 εωΙὶ
828 1729 879 1750 eos

53 1762 196 1794 subvexit.
226 1763 283 1799 Qui
307 1773 373 1794 cum
399 1763 435 1794 ad
465 1763 615 1794 dexteram
646 1762 699 1794 Dei
724 1763 818 1794 Patris
833 1764 878 1795 sui

54 1807 199 1847 principio
218 1809 347 1839 carentis
373 1809 509 1844 sedisset,
537 1807 607 1848 quid
635 1808 675 1845 ei,
701 1808 814 1840 Adamo
831 1809 877 1839 in-

53 1861 151 1891 quam,
165 1862 249 1883 servo
265 1853 384 1893 quidem
403 1863 455 1883 suo
465 1853 628 1883 secundum
640 1857 785 1888 naturam,
803 1854 877 1893 patri

53 1901 148 1927 autem
166 1907 219 1928 suo
233 1903 335 1928 vocato
347 1898 510 1928 secundum
521 1897 656 1935 gratiam.
669 1897 876 1929 fecissedicis?

53 1941 127 1972 Vide
141 1942 170 1972 in
193 1947 330 1982 quantam
355 1942 538 1972 attitudmem
566 1946 686 1982 propter
700 1942 763 1982 t'jus
779 1942 875 1982 paeni-

56 1986 186 2023 tentiam,
217 1987 431 2018 humilitatem.
459 1987 588 2017 lamenta
619 1991 708 2026 atque
734 1987 877 2027 laerymas

55 2031 194 2062 Dominus
207 2032 304 2071 ipsum
320 2032 480 2062 sustulerit.
500 2031 524 2062 0
551 2032 751 2070 lacrymarum
770 2036 798 2062 et
815 2041 876 2071 pte—

55 2076 183 2106 nitentiae
198 2076 271 2106 vim!
290 2078 313 2108 0
329 2076 483 2106 immensae
494 2075 695 2115 benignitatis,
715 2081 744 2106 et
759 2082 875 2107 scruta-

57 2120 122 2151 bilis
146 2121 358 2152 misericordiae
389 2122 522 2161 pelagus,
563 2120 688 2151 fratres!
720 2120 793 2157 Quia
817 2131 877 2152 non

921 1635 1024 1665 passus
1040 1630 1095 1664 est,
1113 1626 1170 1657 nisi
1184 1627 1222 1658 ob
1238 1628 1294 1658 hoc
1309 1627 1442 1667 omnino,
1475 1631 1507 1658 ut
1521 1626 1742 1658 damnationem

921 1670 1038 1710 peccati
1068 1671 1239 1703 mercedem
1260 1671 1388 1710 tolleret,
1413 1676 1441 1703 et
1464 1681 1558 1711 genus
1579 1675 1743 1702 nostrume

920 1715 1072 1753 servitute,
1091 1723 1119 1747 et
1142 1716 1555 1757 operationeSatanaainimici
1570 1716 1743 1748 assereret?

919 1758 988 1790 Haec
1003 1760 1083 1790 enim
1094 1765 1124 1792 et
1133 1770 1273 1800 germana
1284 1761 1418 1798 libertas,
1435 1761 1546 1792 nullius
1562 1760 1742 1792 dominatio—

918 1813 986 1834 nem
1002 1814 1180 1846 quocunque
1208 1806 1328 1837 tandem
1347 1806 1433 1837 modo
1451 1807 1577 1847 perpeti.

918 1849 978 1879 Nos
1003 1848 1150 1889 siquidem
1176 1860 1193 1881 a
1221 1855 1377 1891 peccatore
1402 1855 1585 1891 peccatores,
1612 1855 1742 1883 etrans-

917 1902 1054 1932 grcssore
1070 1900 1314 1934 transgressores,
1344 1899 1374 1926 et
1389 1905 1512 1928 aservo
1538 1895 1652 1936 peccati
1669 1905 1740 1937 pro-

919 1939 1027 1978 pagati,
1049 1940 1138 1970 etiam
1151 1940 1207 1981 ipsi
1222 1941 1298 1972 servi
1313 1941 1428 1981 peccati
1453 1950 1584 1978 eramus,
1611 1951 1628 1972 a
1651 1942 1743 1973 male-

919 1983 998 2014 dicto
1014 1989 1042 2015 et
1058 1990 1174 2015 mortuo
1190 1985 1340 2017 maledicti
1351 1990 1439 2026 atque
1455 1985 1574 2024 mortui,
1587 1985 1624 2017 ab
1640 1995 1674 2017 eo
1691 1987 1742 2027 qui

919 2038 1007 2059 suasu
1022 2028 1140 2067 maligni
1158 2029 1349 2060 transversim
1365 2035 1459 2067 actus,
1476 2034 1505 2061 et
1518 2030 1549 2060 in
1561 2031 1741 2071 mancipium

919 2073 982 2113 ejus
996 2073 1144 2110 redactus,
1160 2083 1245 2104 suum
1259 2075 1309 2114 jus
1338 2083 1373 2105 ac
1388 2079 1548 2115 potestates
1577 2075 1738 2106 amiserat:

919 2118 1012 2148 utﬁlii
1028 2119 1104 2158 ejus,
1131 2119 1237 2150 eodem
1265 2119 1394 2159 maligno
1422 2119 1452 2150 in
1477 2119 1563 2151 nobis
1586 2124 1741 2160 operante.

57 2164 150 2204 ipsum
166 2165 274 2205 solum,
291 2166 343 2196 sed
374 2170 402 2196 οι
418 2165 589 2196 “(dversum
603 2165 668 2205 ejus
692 2174 806 2205 semen,
824 2175 878 2196 nos
889 2171 910 2196 1)
921 2172 1032 2203 suaque
1043 2172 1097 2193 nos
1113 2163 1243 2203 potentia
1256 2164 1456 2204 opprimente,
1472 2165 1633 2205 _tyrannico
1648 2164 1744 2205 ipsius

57 2209 192 2240 nimirum
210 2210 276 2250 ejus
292 2210 379 2248 ﬁlios,
398 2210 461 2250 ejus
481 2209 716 2247 confessionem,
734 2210 879 2250 pmniten-

59 2254 135 2294 tiam,
153 2254 291 2292 lamenta,
309 2255 464 2295 lacrymas,
492 2260 521 2285 et
540 2255 596 2285 alia
622 2263 686 2294 qua:
701 2263 789 2294 supra
805 2254 877 2292 dixi,

56 2298 194 2336 imitatos,
212 2299 336 2340 perinde
352 2305 380 2330 et
395 2300 477 2330 illum
504 2303 533 2329 et
558 2298 723 2336 honoravit,
742 2303 770 2329 et
785 2299 877 2339 glori-

57 2343 168 2374 ﬁcavit:
189 2349 217 2375 et
232 2345 271 2375 ita
297 2345 475 2375 facientibus
498 2353 590 2384 usque
616 2352 705 2380 nunc,
729 2347 757 2374 et
772 2353 806 2374 ex
822 2344 878 2374 hoc

58 2388 187 2426 facturis,
202 2389 265 2420 sive
282 2389 436 2426 mundani,
455 2389 518 2419 sive
536 2389 673 2418 monachi
690 2388 758 2425 sint,
778 2398 877 2428 parem

59 2433 196 2463 honorem
226 2437 255 2463 et
275 2434 398 2472 gloriam
424 2433 545 2464 tribuet.
568 2433 674 2469 Amen,
703 2433 776 2462 dixit
791 2442 877 2464 verax

57 2479 139 2514 Deus,
166 2486 224 2508 non
248 2478 414 2518 relinquam
444 2478 641 2517 eosjtnquam,
659 2477 711 2507 sed
738 2481 876 2518 tanquam

56 2522 156 2552 fratres
171 2531 264 2559 meos,
281 2527 309 2553 ct
323 2523 447 2559 amicos,
466 2529 575 2562 patres,
587 2526 706 2557 matres,
724 2528 875 2561 cognatos,

58 2566 222 2597 cohaeredes
252 2576 335 2597 meos
349 2567 472 2597 reddam
506 2576 568 2604 eos,
601 2569 630 2596 et
656 2566 828 2605 gloriﬁcavi,
849 2571 878 2597 et

58 2610 274 2651 gloriﬁcabo,et
290 2611 320 2641 in
335 2612 410 2642 c-elo
435 2621 566 2651 sursum,
595 2615 622 2641 et
645 2620 676 2641 ιη
693 2616 771 2641 terra
785 2611 877 2642 deor-

58 2665 128 2690 sum,
146 2659 175 2686 et
189 2656 258 2696 vita,
275 2656 386 2688 laetitia.
417 2660 505 2695 atque
531 2655 625 2695 gloria
651 2656 782 2695 ipsorum
794 2655 875 2687 nullo

59 2701 113 2731 ﬁne
127 2700 400 2732 circumscribe-tur.

95 2745 166 2781 Quid
184 2754 265 2785 ergo,
286 2746 325 2776 mi
340 2747 460 2786 frutrer,
487 2745 643 2786 potop'asti
670 2745 735 2776 vitae
749 2745 823 2775 ratio
843 2744 875 2776 in

60 2790 200 2830 paradiso,
218 2790 326 2821 laboris
342 2795 370 2822 et
385 2800 522 2822 curarum
548 2790 649 2821 nescia
670 2789 792 2830 profuit,
805 2799 873 2820 cum

95 2879 125 2905 9‘
139 2879 268 2921 Philipp.
284 2888 316 2919 η,
336 2881 361 2912 7.

921 2207 1046 2247 imperio
1063 2208 1239 2247 parebamus
1268 2207 1345 2239 Deus
1368 2212 1465 2239 autem
1492 2210 1530 2240 de
1546 2209 1620 2240 coelo
1635 2209 1739 2248 adfuit,

921 2261 1041 2283 carnem
1058 2253 1163 2293 induit,
1177 2253 1283 2284 similis
1296 2257 1428 2284 nostrum
1442 2257 1540 2291 natus,
1551 2253 1664 2295 absque
1675 2263 1743 2296 pec-

921 2301 996 2334 cato,
1009 2302 1162 2337 peccatum
1175 2298 1610 2340 sustulit,conceptionemque,
1626 2303 1655 2330 et
1670 2309 1742 2340 pro—

920 2341 1101 2372 creationem
1127 2342 1330 2379 sanctiﬁcavit,
1362 2346 1392 2373 et
1410 2343 1554 2382 gradatim
1587 2343 1740 2381 educatus,

921 2390 1011 2416 totam
1036 2390 1149 2417 {etatem
1181 2386 1343 2419 benedixit.
1387 2386 1496 2418 Viriles
1523 2391 1623 2419 autem
1648 2397 1743 2419 annos

919 2430 1081 2469 ingressus,
1111 2431 1282 2462 concionari
1305 2431 1442 2473 instituit,
1472 2433 1585 2463 docens
1613 2442 1678 2471 nos,
1705 2442 1743 2464 ne

919 2485 1008 2506 canos
1024 2475 1184 2515 prudentia
1193 2480 1223 2506 et
1234 2476 1352 2514 virtute,
1364 2476 1552 2517 nosjuvenes
1562 2477 1701 2515 maxime,
1714 2481 1744 2508 et

920 2520 1076 2559 prudentia
1090 2521 1223 2551 nondum
1238 2520 1293 2552 viri
1310 2530 1504 2561 prwcurrere,
1517 2525 1742 2553 etantevertere

919 2565 948 2594 in
964 2564 1061 2604 aliquo
1068 2564 1202 2595 velimus.
1215 2564 1351 2606 Suscepit
1362 2569 1463 2597 nostra
1474 2575 1527 2606 pro
1536 2565 1632 2604 nobis,
1647 2570 1743 2597 custo-

918 2609 1046 2649 ditisque
1062 2609 1200 2640 umnihus
1216 2610 1307 2650 patris
1322 2610 1383 2641 suis
1394 2610 1562 2652 praeceptis,
1572 2614 1742 2651 transgres-

917 2653 1000 2685 sione
1017 2663 1071 2684 nos
1085 2654 1182 2691 solvit,
1207 2659 1506 2696 transgressoresque
1521 2665 1538 2686 a
1552 2656 1743 2696 damnatique

917 2698 1084 2729 vindicavit.
1099 2699 1182 2729 Servi
1194 2699 1289 2730 forma
1298 2704 1420 2740 accepta
1428 2708 1532 2731 servus
1540 2704 1585 2732 est
1602 2700 1725 2732 factust?1
1732 2723 1740 2730 .

916 2748 945 2774 et
960 2752 1013 2774 nos
1028 2752 1128 2773 servos
1154 2744 1184 2774 in
1199 2744 1531 2785 antiquamdignitatem
1551 2745 1741 2776 dominorum

915 2787 1056 2825 restituit,
1068 2797 1102 2819 ac
1114 2788 1228 2828 tyranni
1241 2789 1349 2820 veteris
1373 2789 1511 2821 dominos
1531 2789 1640 2822 eﬂ'ecit.
1651 2789 1743 2830 Cujus
