  <div class='ocr_page' id='page_1' title='image "/cluster/home/n/w/nwhite01/storage/ocr_20150623/120/njp.32101010943973/347.png"; bbox 0 0 1978 3078; ppageno 0'>
   <div class='ocr_carea' id='block_1_1' title="bbox 217 157 1922 197">
    <p class='ocr_par' dir='ltr' id='par_1_1' title="bbox 217 157 1922 197">
     <span class='ocr_line' id='line_1_1' title="bbox 217 157 1922 197; baseline 0 -1"><span class='ocrx_word' id='word_1_1' title='bbox 217 157 276 197; x_wconf 79' lang='lat'>503</span> <span class='ocrx_word' id='word_1_2' title='bbox 868 160 1059 195; x_wconf 82' lang='lat' dir='ltr'>SYMEONIS</span> <span class='ocrx_word' id='word_1_3' title='bbox 1078 158 1253 194; x_wconf 84' lang='lat' dir='ltr'>JUNIORIS</span> <span class='ocrx_word' id='word_1_4' title='bbox 1854 163 1922 196; x_wconf 71' lang='lat'>504</span> 
     </span>
    </p>
   </div>
   <div class='ocr_carea' id='block_1_2' title="bbox 218 226 1920 268">
    <p class='ocr_par' dir='ltr' id='par_1_2' title="bbox 218 226 1920 268">
     <span class='ocr_line' id='line_1_2' title="bbox 218 226 1920 268; baseline 0.001 -8"><span class='ocrx_word' id='word_1_5' title='bbox 218 229 262 260; x_wconf 88' lang='lat' dir='ltr'>rei</span> <span class='ocrx_word' id='word_1_6' title='bbox 278 231 368 259; x_wconf 85' lang='lat' dir='ltr'>testes</span> <span class='ocrx_word' id='word_1_7' title='bbox 383 231 451 259; x_wconf 85' lang='lat' dir='ltr'>sunt</span> <span class='ocrx_word' id='word_1_8' title='bbox 465 226 570 266; x_wconf 80' lang='lat' dir='ltr'>sancti,</span> <span class='ocrx_word' id='word_1_9' title='bbox 591 227 641 268; x_wconf 88' lang='lat' dir='ltr'>qui</span> <span class='ocrx_word' id='word_1_10' title='bbox 667 227 755 259; x_wconf 88' lang='lat' dir='ltr'>etiam</span> <span class='ocrx_word' id='word_1_11' title='bbox 770 230 865 258; x_wconf 90' lang='lat' dir='ltr'>morte</span> <span class='ocrx_word' id='word_1_12' title='bbox 875 227 936 267; x_wconf 85' lang='lat' dir='ltr'>jam</span> <span class='ocrx_word' id='word_1_13' title='bbox 961 227 1070 259; x_wconf 84' lang='lat' dir='ltr'>obitaA</span> <span class='ocrx_word' id='word_1_14' title='bbox 1082 227 1160 258; x_wconf 92' lang='lat' dir='ltr'>cium</span> <span class='ocrx_word' id='word_1_15' title='bbox 1177 232 1269 260; x_wconf 90' lang='lat' dir='ltr'>tuum.</span> <span class='ocrx_word' id='word_1_16' title='bbox 1283 229 1455 261; x_wconf 87' lang='lat' dir='ltr'>etdet‘ensio</span> <span class='ocrx_word' id='word_1_17' title='bbox 1467 239 1524 261; x_wconf 93' lang='lat' dir='ltr'>non</span> <span class='ocrx_word' id='word_1_18' title='bbox 1537 230 1750 262; x_wconf 85' lang='lat' dir='ltr'>estinventain</span> <span class='ocrx_word' id='word_1_19' title='bbox 1762 240 1814 262; x_wconf 93' lang='lat' dir='ltr'>ore</span> <span class='ocrx_word' id='word_1_20' title='bbox 1826 240 1920 262; x_wconf 89' lang='lat' dir='ltr'>mec-</span> 
     </span>
    </p>
   </div>
   <div class='ocr_carea' id='block_1_3' title="bbox 218 272 1920 315">
    <p class='ocr_par' dir='ltr' id='par_1_3' title="bbox 218 272 1920 315">
     <span class='ocr_line' id='line_1_3' title="bbox 218 272 1920 315; baseline 0.001 -10"><span class='ocrx_word' id='word_1_21' title='bbox 218 274 328 314; x_wconf 87' lang='lat' dir='ltr'>ipsum,</span> <span class='ocrx_word' id='word_1_22' title='bbox 341 276 370 304; x_wconf 87' lang='lat' dir='ltr'>et</span> <span class='ocrx_word' id='word_1_23' title='bbox 385 272 537 303; x_wconf 87' lang='lat' dir='ltr'>ministros</span> <span class='ocrx_word' id='word_1_24' title='bbox 548 273 613 312; x_wconf 87' lang='lat' dir='ltr'>ejus</span> <span class='ocrx_word' id='word_1_25' title='bbox 627 276 660 303; x_wconf 87' lang='lat' dir='ltr'>ut</span> <span class='ocrx_word' id='word_1_26' title='bbox 684 272 850 312; x_wconf 88' lang='lat' dir='ltr'>languidos,</span> <span class='ocrx_word' id='word_1_27' title='bbox 864 276 893 303; x_wconf 92' lang='lat' dir='ltr'>et</span> <span class='ocrx_word' id='word_1_28' title='bbox 907 272 1043 304; x_wconf 88' lang='lat' dir='ltr'>imbecil-</span> <span class='ocrx_word' id='word_1_29' title='bbox 1083 272 1164 303; x_wconf 89' lang='lat' dir='ltr'>Nihil</span> <span class='ocrx_word' id='word_1_30' title='bbox 1172 273 1250 304; x_wconf 89' lang='lat' dir='ltr'>enim</span> <span class='ocrx_word' id='word_1_31' title='bbox 1265 283 1355 314; x_wconf 87' lang='lat' dir='ltr'>super</span> <span class='ocrx_word' id='word_1_32' title='bbox 1363 277 1470 305; x_wconf 90' lang='lat' dir='ltr'>terram</span> <span class='ocrx_word' id='word_1_33' title='bbox 1480 274 1548 315; x_wconf 84' lang='lat' dir='ltr'>feci,</span> <span class='ocrx_word' id='word_1_34' title='bbox 1561 275 1639 315; x_wconf 87' lang='lat' dir='ltr'>quod</span> <span class='ocrx_word' id='word_1_35' title='bbox 1650 275 1770 306; x_wconf 92' lang='lat' dir='ltr'>unicum</span> <span class='ocrx_word' id='word_1_36' title='bbox 1782 275 1920 307; x_wconf 85' lang='lat' dir='ltr'>verbum</span> 
     </span>
    </p>
   </div>
   <div class='ocr_carea' id='block_1_4' title="bbox 218 316 1921 360">
    <p class='ocr_par' dir='ltr' id='par_1_4' title="bbox 218 316 1921 360">
     <span class='ocr_line' id='line_1_4' title="bbox 218 316 1921 360; baseline 0.001 -11"><span class='ocrx_word' id='word_1_37' title='bbox 218 318 261 349; x_wconf 87' lang='lat' dir='ltr'>les</span> <span class='ocrx_word' id='word_1_38' title='bbox 276 317 435 358; x_wconf 87' lang='lat' dir='ltr'>repellunt,</span> <span class='ocrx_word' id='word_1_39' title='bbox 453 326 486 348; x_wconf 91' lang='lat' dir='ltr'>ac</span> <span class='ocrx_word' id='word_1_40' title='bbox 503 317 613 357; x_wconf 87' lang='lat' dir='ltr'>fugant.</span> <span class='ocrx_word' id='word_1_41' title='bbox 646 316 818 348; x_wconf 86' lang='lat' dir='ltr'>Maledictus</span> <span class='ocrx_word' id='word_1_42' title='bbox 841 317 934 348; x_wconf 86' lang='lat' dir='ltr'>factus</span> <span class='ocrx_word' id='word_1_43' title='bbox 949 318 1040 349; x_wconf 89' lang='lat' dir='ltr'>estin</span> <span class='ocrx_word' id='word_1_44' title='bbox 1084 317 1210 349; x_wconf 91' lang='lat' dir='ltr'>otiosum</span> <span class='ocrx_word' id='word_1_45' title='bbox 1227 319 1286 349; x_wconf 89' lang='lat' dir='ltr'>oris</span> <span class='ocrx_word' id='word_1_46' title='bbox 1315 319 1374 349; x_wconf 86' lang='lat' dir='ltr'>mei</span> <span class='ocrx_word' id='word_1_47' title='bbox 1385 329 1580 360; x_wconf 88' lang='lat' dir='ltr'>compensare</span> <span class='ocrx_word' id='word_1_48' title='bbox 1601 324 1699 360; x_wconf 87' lang='lat' dir='ltr'>queat.</span> <span class='ocrx_word' id='word_1_49' title='bbox 1713 319 1785 351; x_wconf 89' lang='lat' dir='ltr'>Nam</span> <span class='ocrx_word' id='word_1_50' title='bbox 1803 320 1828 350; x_wconf 98' lang='lat' dir='ltr'>si</span> <span class='ocrx_word' id='word_1_51' title='bbox 1846 329 1921 351; x_wconf 82' lang='lat' dir='ltr'>om-</span> 
     </span>
    </p>
   </div>
   <div class='ocr_carea' id='block_1_5' title="bbox 219 361 1037 402">
    <p class='ocr_par' dir='ltr' id='par_1_5' title="bbox 219 361 1037 402">
     <span class='ocr_line' id='line_1_5' title="bbox 219 361 1037 402; baseline 0.001 -9"><span class='ocrx_word' id='word_1_52' title='bbox 219 370 309 394; x_wconf 91' lang='lat' dir='ltr'>cruce</span> <span class='ocrx_word' id='word_1_53' title='bbox 321 361 444 392; x_wconf 84' lang='lat' dir='ltr'>sufﬁxus</span> <span class='ocrx_word' id='word_1_54' title='bbox 455 361 644 401; x_wconf 81' lang='lat' dir='ltr'>(Maledictus</span> <span class='ocrx_word' id='word_1_55' title='bbox 659 362 751 402; x_wconf 90' lang='lat' dir='ltr'>enim,</span> <span class='ocrx_word' id='word_1_56' title='bbox 768 361 864 401; x_wconf 80' lang='lat' dir='ltr'>inquit</span> <span class='ocrx_word' id='word_1_57' title='bbox 874 362 1037 402; x_wconf 83' lang='lat' dir='ltr'>Scriptura,</span> 
     </span>
    </p>
   </div>
   <div class='ocr_carea' id='block_1_6' title="bbox 219 405 1039 446">
    <p class='ocr_par' dir='ltr' id='par_1_6' title="bbox 219 405 1039 446">
     <span class='ocr_line' id='line_1_6' title="bbox 219 405 1039 446; baseline 0 -9"><span class='ocrx_word' id='word_1_58' title='bbox 219 408 318 438; x_wconf 79' lang='lat' dir='ltr'>omnis</span> <span class='ocrx_word' id='word_1_59' title='bbox 331 407 386 446; x_wconf 75' lang='lat' dir='ltr'>qui</span> <span class='ocrx_word' id='word_1_60' title='bbox 398 406 508 446; x_wconf 76' lang='lat' dir='ltr'>pendet</span> <span class='ocrx_word' id='word_1_61' title='bbox 519 407 554 436; x_wconf 74' lang='lat' dir='ltr'>in</span> <span class='ocrx_word' id='word_1_62' title='bbox 568 405 692 445; x_wconf 81' lang='lat' dir='ltr'>ligno95)</span> <span class='ocrx_word' id='word_1_63' title='bbox 709 409 738 436; x_wconf 91' lang='lat' dir='ltr'>et</span> <span class='ocrx_word' id='word_1_64' title='bbox 752 405 920 437; x_wconf 85' lang='lat' dir='ltr'>universam</span> <span class='ocrx_word' id='word_1_65' title='bbox 933 406 1039 438; x_wconf 88' lang='lat' dir='ltr'>Adami</span> 
     </span>
    </p>
   </div>
   <div class='ocr_carea' id='block_1_7' title="bbox 220 450 1042 492">
    <p class='ocr_par' dir='ltr' id='par_1_7' title="bbox 220 450 1042 492">
     <span class='ocr_line' id='line_1_7' title="bbox 220 450 1042 492; baseline 0.001 -11"><span class='ocrx_word' id='word_1_66' title='bbox 220 450 462 482; x_wconf 87' lang='lat' dir='ltr'>maledictionem</span> <span class='ocrx_word' id='word_1_67' title='bbox 478 459 495 481; x_wconf 86' lang='lat' dir='ltr'>a</span> <span class='ocrx_word' id='word_1_68' title='bbox 522 450 608 481; x_wconf 89' lang='lat' dir='ltr'>nobis</span> <span class='ocrx_word' id='word_1_69' title='bbox 629 450 755 491; x_wconf 81' lang='lat' dir='ltr'>depulit.</span> <span class='ocrx_word' id='word_1_70' title='bbox 781 451 914 482; x_wconf 78' lang='lat' dir='ltr'>Mortuus</span> <span class='ocrx_word' id='word_1_71' title='bbox 940 456 995 492; x_wconf 89' lang='lat' dir='ltr'>est,</span> <span class='ocrx_word' id='word_1_72' title='bbox 1013 456 1042 482; x_wconf 91' lang='lat' dir='ltr'>et</span> 
     </span>
    </p>
   </div>
   <div class='ocr_carea' id='block_1_8' title="bbox 220 495 1040 536">
    <p class='ocr_par' dir='ltr' id='par_1_8' title="bbox 220 495 1040 536">
     <span class='ocr_line' id='line_1_8' title="bbox 220 495 1040 536; baseline 0.001 -10"><span class='ocrx_word' id='word_1_73' title='bbox 220 500 316 526; x_wconf 88' lang='lat' dir='ltr'>morte</span> <span class='ocrx_word' id='word_1_74' title='bbox 327 504 381 527; x_wconf 90' lang='lat' dir='ltr'>sua</span> <span class='ocrx_word' id='word_1_75' title='bbox 389 498 513 526; x_wconf 90' lang='lat' dir='ltr'>mortem</span> <span class='ocrx_word' id='word_1_76' title='bbox 526 495 662 536; x_wconf 91' lang='lat' dir='ltr'>peremit.</span> <span class='ocrx_word' id='word_1_77' title='bbox 676 495 859 533; x_wconf 85' lang='lat' dir='ltr'>Resurrexit,</span> <span class='ocrx_word' id='word_1_78' title='bbox 874 500 902 526; x_wconf 91' lang='lat' dir='ltr'>et</span> <span class='ocrx_word' id='word_1_79' title='bbox 914 496 1040 535; x_wconf 89' lang='lat' dir='ltr'>inimici,</span> 
     </span>
    </p>
   </div>
   <div class='ocr_carea' id='block_1_9' title="bbox 218 540 1043 581">
    <p class='ocr_par' dir='ltr' id='par_1_9' title="bbox 218 540 1043 581">
     <span class='ocr_line' id='line_1_9' title="bbox 218 540 1043 581; baseline 0.001 -11"><span class='ocrx_word' id='word_1_80' title='bbox 218 540 270 581; x_wconf 85' lang='lat' dir='ltr'>qui</span> <span class='ocrx_word' id='word_1_81' title='bbox 285 549 338 581; x_wconf 92' lang='lat' dir='ltr'>per</span> <span class='ocrx_word' id='word_1_82' title='bbox 364 543 489 570; x_wconf 89' lang='lat' dir='ltr'>mortem</span> <span class='ocrx_word' id='word_1_83' title='bbox 513 543 542 570; x_wconf 90' lang='lat' dir='ltr'>et</span> <span class='ocrx_word' id='word_1_84' title='bbox 556 543 710 580; x_wconf 88' lang='lat' dir='ltr'>peccatum</span> <span class='ocrx_word' id='word_1_85' title='bbox 740 544 914 580; x_wconf 89' lang='lat' dir='ltr'>potestatem</span> <span class='ocrx_word' id='word_1_86' title='bbox 943 540 974 571; x_wconf 90' lang='lat' dir='ltr'>in</span> <span class='ocrx_word' id='word_1_87' title='bbox 989 550 1043 572; x_wconf 92' lang='lat' dir='ltr'>nos</span> 
     </span>
    </p>
   </div>
   <div class='ocr_carea' id='block_1_10' title="bbox 220 584 1041 625">
    <p class='ocr_par' dir='ltr' id='par_1_10' title="bbox 220 584 1041 625">
     <span class='ocr_line' id='line_1_10' title="bbox 220 584 1041 625; baseline 0 -9"><span class='ocrx_word' id='word_1_88' title='bbox 220 584 391 622; x_wconf 72' lang='lat' dir='ltr'>exercebat,</span> <span class='ocrx_word' id='word_1_89' title='bbox 416 584 553 615; x_wconf 78' lang='lat' dir='ltr'>virtutem</span> <span class='ocrx_word' id='word_1_90' title='bbox 578 585 842 625; x_wconf 88' lang='lat' dir='ltr'>operationemque</span> <span class='ocrx_word' id='word_1_91' title='bbox 865 585 984 617; x_wconf 87' lang='lat' dir='ltr'>delevit.</span> <span class='ocrx_word' id='word_1_92' title='bbox 1009 585 1041 616; x_wconf 91' lang='lat' dir='ltr'>In</span> 
     </span>
    </p>
   </div>
   <div class='ocr_carea' id='block_1_11' title="bbox 219 629 1039 670">
    <p class='ocr_par' dir='ltr' id='par_1_11' title="bbox 219 629 1039 670">
     <span class='ocr_line' id='line_1_11' title="bbox 219 629 1039 670; baseline 0.001 -10"><span class='ocrx_word' id='word_1_93' title='bbox 219 629 406 660; x_wconf 88' lang='lat' dir='ltr'>mortiferum</span> <span class='ocrx_word' id='word_1_94' title='bbox 434 629 542 669; x_wconf 88' lang='lat' dir='ltr'>quippe</span> <span class='ocrx_word' id='word_1_95' title='bbox 563 638 724 667; x_wconf 90' lang='lat' dir='ltr'>venenum,</span> <span class='ocrx_word' id='word_1_96' title='bbox 755 633 784 659; x_wconf 87' lang='lat' dir='ltr'>et</span> <span class='ocrx_word' id='word_1_97' title='bbox 808 629 888 659; x_wconf 89' lang='lat' dir='ltr'>virus</span> <span class='ocrx_word' id='word_1_98' title='bbox 917 630 1039 670; x_wconf 84' lang='lat' dir='ltr'>peccati,</span> 
     </span>
    </p>
   </div>
   <div class='ocr_carea' id='block_1_12' title="bbox 219 673 1044 712">
    <p class='ocr_par' dir='ltr' id='par_1_12' title="bbox 219 673 1044 712">
     <span class='ocr_line' id='line_1_12' title="bbox 219 673 1044 712; baseline 0.002 -8"><span class='ocrx_word' id='word_1_99' title='bbox 219 673 364 705; x_wconf 81' lang='lat' dir='ltr'>ineffabili</span> <span class='ocrx_word' id='word_1_100' title='bbox 379 673 508 711; x_wconf 91' lang='lat' dir='ltr'>deitatis,</span> <span class='ocrx_word' id='word_1_101' title='bbox 521 674 658 712; x_wconf 83' lang='lat' dir='ltr'>et_carnis</span> <span class='ocrx_word' id='word_1_102' title='bbox 668 683 728 705; x_wconf 61' lang='lat' dir='ltr'>suae</span> <span class='ocrx_word' id='word_1_103' title='bbox 745 674 859 705; x_wconf 84' lang='lat' dir='ltr'>viviﬁca</span> <span class='ocrx_word' id='word_1_104' title='bbox 869 674 1044 706; x_wconf 68' lang='lat' dir='ltr'>eflicacitate</span> 
     </span>
    </p>
   </div>
   <div class='ocr_carea' id='block_1_13' title="bbox 219 718 1041 759">
    <p class='ocr_par' dir='ltr' id='par_1_13' title="bbox 219 718 1041 759">
     <span class='ocr_line' id='line_1_13' title="bbox 219 718 1041 759; baseline -0.001 -10"><span class='ocrx_word' id='word_1_105' title='bbox 219 719 341 759; x_wconf 87' lang='lat' dir='ltr'>injecta,</span> <span class='ocrx_word' id='word_1_106' title='bbox 358 727 454 758; x_wconf 79' lang='lat' dir='ltr'>genus</span> <span class='ocrx_word' id='word_1_107' title='bbox 479 718 641 749; x_wconf 88' lang='lat' dir='ltr'>humanum</span> <span class='ocrx_word' id='word_1_108' title='bbox 669 718 714 758; x_wconf 68' lang='lat' dir='ltr'>ab,</span> <span class='ocrx_word' id='word_1_109' title='bbox 729 719 901 759; x_wconf 86' lang='lat' dir='ltr'>operatione</span> <span class='ocrx_word' id='word_1_110' title='bbox 927 718 1041 750; x_wconf 88' lang='lat' dir='ltr'>inimici</span> 
     </span>
    </p>
   </div>
   <div class='ocr_carea' id='block_1_14' title="bbox 220 762 1041 804">
    <p class='ocr_par' dir='ltr' id='par_1_14' title="bbox 220 762 1041 804">
     <span class='ocr_line' id='line_1_14' title="bbox 220 762 1041 804; baseline 0 -11"><span class='ocrx_word' id='word_1_111' title='bbox 220 763 556 794; x_wconf 87' lang='lat' dir='ltr'>omnimodisliberavit.</span> <span class='ocrx_word' id='word_1_112' title='bbox 572 764 629 793; x_wconf 90' lang='lat' dir='ltr'>Per</span> <span class='ocrx_word' id='word_1_113' title='bbox 639 772 754 793; x_wconf 91' lang='lat' dir='ltr'>sacrum</span> <span class='ocrx_word' id='word_1_114' title='bbox 771 767 868 793; x_wconf 89' lang='lat' dir='ltr'>autem</span> <span class='ocrx_word' id='word_1_115' title='bbox 884 762 1041 804; x_wconf 83' lang='lat' dir='ltr'>baptisma,</span> 
     </span>
    </p>
   </div>
   <div class='ocr_carea' id='block_1_15' title="bbox 219 807 1041 848">
    <p class='ocr_par' dir='ltr' id='par_1_15' title="bbox 219 807 1041 848">
     <span class='ocr_line' id='line_1_15' title="bbox 219 807 1041 848; baseline -0.001 -9"><span class='ocrx_word' id='word_1_116' title='bbox 219 811 249 840; x_wconf 90' lang='lat' dir='ltr'>et</span> <span class='ocrx_word' id='word_1_117' title='bbox 262 807 504 839; x_wconf 87' lang='lat' dir='ltr'>communionem</span> <span class='ocrx_word' id='word_1_118' title='bbox 517 807 778 847; x_wconf 56' lang='lat' dir='ltr'>iiutcmeratorum</span> <span class='ocrx_word' id='word_1_119' title='bbox 804 808 868 846; x_wconf 87' lang='lat' dir='ltr'>ejus</span> <span class='ocrx_word' id='word_1_120' title='bbox 883 807 1041 848; x_wconf 73' lang='lat' dir='ltr'>mysterio-</span> 
     </span>
    </p>
   </div>
   <div class='ocr_carea' id='block_1_16' title="bbox 1081 363 1920 405">
    <p class='ocr_par' dir='ltr' id='par_1_16' title="bbox 1081 363 1920 405">
     <span class='ocr_line' id='line_1_16' title="bbox 1081 363 1920 405; baseline 0.004 -13"><span class='ocrx_word' id='word_1_121' title='bbox 1081 371 1149 392; x_wconf 92' lang='lat' dir='ltr'>nem</span> <span class='ocrx_word' id='word_1_122' title='bbox 1162 363 1307 402; x_wconf 84' lang='lat' dir='ltr'>justitiam</span> <span class='ocrx_word' id='word_1_123' title='bbox 1333 364 1436 395; x_wconf 85' lang='lat' dir='ltr'>fecerit</span> <span class='ocrx_word' id='word_1_124' title='bbox 1460 364 1559 401; x_wconf 90' lang='lat' dir='ltr'>homo,</span> <span class='ocrx_word' id='word_1_125' title='bbox 1587 371 1726 405; x_wconf 90' lang='lat' dir='ltr'>tanquam</span> <span class='ocrx_word' id='word_1_126' title='bbox 1747 374 1867 403; x_wconf 89' lang='lat' dir='ltr'>servus,</span> <span class='ocrx_word' id='word_1_127' title='bbox 1887 370 1920 395; x_wconf 90' lang='lat' dir='ltr'>et</span> 
     </span>
    </p>
   </div>
   <div class='ocr_carea' id='block_1_17' title="bbox 1080 406 1917 450">
    <p class='ocr_par' dir='ltr' id='par_1_17' title="bbox 1080 406 1917 450">
     <span class='ocr_line' id='line_1_17' title="bbox 1080 406 1917 450; baseline 0.004 -13"><span class='ocrx_word' id='word_1_128' title='bbox 1080 406 1198 438; x_wconf 84' lang='lat' dir='ltr'>debitor</span> <span class='ocrx_word' id='word_1_129' title='bbox 1212 407 1309 448; x_wconf 91' lang='lat' dir='ltr'>faciet,</span> <span class='ocrx_word' id='word_1_130' title='bbox 1327 409 1598 449; x_wconf 86' lang='lat' dir='ltr'>compensationem</span> <span class='ocrx_word' id='word_1_131' title='bbox 1614 415 1714 440; x_wconf 86' lang='lat' dir='ltr'>autem</span> <span class='ocrx_word' id='word_1_132' title='bbox 1730 410 1846 450; x_wconf 89' lang='lat' dir='ltr'>peccati</span> <span class='ocrx_word' id='word_1_133' title='bbox 1863 410 1917 440; x_wconf 89' lang='lat' dir='ltr'>sui</span> 
     </span>
    </p>
   </div>
   <div class='ocr_carea' id='block_1_18' title="bbox 1083 452 1918 486">
    <p class='ocr_par' dir='ltr' id='par_1_18' title="bbox 1083 452 1918 486">
     <span class='ocr_line' id='line_1_18' title="bbox 1083 452 1918 486; baseline 0.004 -4"><span class='ocrx_word' id='word_1_134' title='bbox 1083 452 1193 483; x_wconf 91' lang='lat' dir='ltr'>nullam</span> <span class='ocrx_word' id='word_1_135' title='bbox 1208 453 1348 484; x_wconf 84' lang='lat' dir='ltr'>inveniet.</span> <span class='ocrx_word' id='word_1_136' title='bbox 1368 453 1483 485; x_wconf 83' lang='lat' dir='ltr'>Etenim</span> <span class='ocrx_word' id='word_1_137' title='bbox 1499 453 1706 485; x_wconf 87' lang='lat' dir='ltr'>misericordia</span> <span class='ocrx_word' id='word_1_138' title='bbox 1728 454 1780 485; x_wconf 89' lang='lat' dir='ltr'>abs</span> <span class='ocrx_word' id='word_1_139' title='bbox 1794 457 1826 486; x_wconf 88' lang='lat' dir='ltr'>te</span> <span class='ocrx_word' id='word_1_140' title='bbox 1844 454 1918 485; x_wconf 88' lang='lat' dir='ltr'>solo</span> 
     </span>
    </p>
   </div>
   <div class='ocr_carea' id='block_1_19' title="bbox 1084 497 1917 539">
    <p class='ocr_par' dir='ltr' id='par_1_19' title="bbox 1084 497 1917 539">
     <span class='ocr_line' id='line_1_19' title="bbox 1084 497 1917 539; baseline 0.004 -13"><span class='ocrx_word' id='word_1_141' title='bbox 1084 500 1138 533; x_wconf 89' lang='lat' dir='ltr'>est,</span> <span class='ocrx_word' id='word_1_142' title='bbox 1156 500 1184 527; x_wconf 89' lang='lat' dir='ltr'>et</span> <span class='ocrx_word' id='word_1_143' title='bbox 1199 502 1351 537; x_wconf 83' lang='lat' dir='ltr'>peccatum</span> <span class='ocrx_word' id='word_1_144' title='bbox 1365 507 1445 528; x_wconf 90' lang='lat' dir='ltr'>mors</span> <span class='ocrx_word' id='word_1_145' title='bbox 1461 501 1515 529; x_wconf 86' lang='lat' dir='ltr'>est.</span> <span class='ocrx_word' id='word_1_146' title='bbox 1534 498 1568 528; x_wconf 89' lang='lat' dir='ltr'>Et</span> <span class='ocrx_word' id='word_1_147' title='bbox 1583 497 1716 538; x_wconf 84' lang='lat' dir='ltr'>quisnam</span> <span class='ocrx_word' id='word_1_148' title='bbox 1743 507 1795 539; x_wconf 87' lang='lat' dir='ltr'>per</span> <span class='ocrx_word' id='word_1_149' title='bbox 1808 499 1917 539; x_wconf 83' lang='lat' dir='ltr'>ipsum</span> 
     </span>
    </p>
   </div>
   <div class='ocr_carea' id='block_1_20' title="bbox 1085 540 1919 583">
    <p class='ocr_par' dir='ltr' id='par_1_20' title="bbox 1085 540 1919 583">
     <span class='ocr_line' id='line_1_20' title="bbox 1085 540 1919 583; baseline 0.005 -13"><span class='ocrx_word' id='word_1_150' title='bbox 1085 540 1227 578; x_wconf 88' lang='lat' dir='ltr'>moriens,</span> <span class='ocrx_word' id='word_1_151' title='bbox 1244 542 1331 572; x_wconf 77' lang='lat' dir='ltr'>etiam</span> <span class='ocrx_word' id='word_1_152' title='bbox 1350 552 1402 583; x_wconf 90' lang='lat' dir='ltr'>per</span> <span class='ocrx_word' id='word_1_153' title='bbox 1415 542 1544 583; x_wconf 89' lang='lat' dir='ltr'>seipsum</span> <span class='ocrx_word' id='word_1_154' title='bbox 1560 543 1829 582; x_wconf 84' lang='lat' dir='ltr'>resurgat?nullus</span> <span class='ocrx_word' id='word_1_155' title='bbox 1846 553 1919 574; x_wconf 92' lang='lat' dir='ltr'>om-</span> 
     </span>
    </p>
   </div>
   <div class='ocr_carea' id='block_1_21' title="bbox 1084 585 1916 626">
    <p class='ocr_par' dir='ltr' id='par_1_21' title="bbox 1084 585 1916 626">
     <span class='ocr_line' id='line_1_21' title="bbox 1084 585 1916 626; baseline 0.004 -11"><span class='ocrx_word' id='word_1_156' title='bbox 1084 585 1166 616; x_wconf 87' lang='lat' dir='ltr'>nino.</span> <span class='ocrx_word' id='word_1_157' title='bbox 1197 586 1241 617; x_wconf 91' lang='lat' dir='ltr'>Tu</span> <span class='ocrx_word' id='word_1_158' title='bbox 1263 587 1343 618; x_wconf 91' lang='lat' dir='ltr'>solus</span> <span class='ocrx_word' id='word_1_159' title='bbox 1372 591 1508 618; x_wconf 89' lang='lat' dir='ltr'>mortuus</span> <span class='ocrx_word' id='word_1_160' title='bbox 1533 588 1731 626; x_wconf 79' lang='lat' dir='ltr'>resurrexisti,</span> <span class='ocrx_word' id='word_1_161' title='bbox 1765 588 1916 626; x_wconf 86' lang='lat' dir='ltr'>quoniam</span> 
     </span>
    </p>
   </div>
   <div class='ocr_carea' id='block_1_22' title="bbox 1085 631 1916 670">
    <p class='ocr_par' dir='ltr' id='par_1_22' title="bbox 1085 631 1916 670">
     <span class='ocr_line' id='line_1_22' title="bbox 1085 631 1916 670; baseline 0.004 -10"><span class='ocrx_word' id='word_1_162' title='bbox 1085 634 1237 670; x_wconf 89' lang='lat' dir='ltr'>peccatum</span> <span class='ocrx_word' id='word_1_163' title='bbox 1254 640 1313 662; x_wconf 92' lang='lat' dir='ltr'>non</span> <span class='ocrx_word' id='word_1_164' title='bbox 1335 631 1491 669; x_wconf 89' lang='lat' dir='ltr'>admisisti,</span> <span class='ocrx_word' id='word_1_165' title='bbox 1518 641 1573 663; x_wconf 89' lang='lat' dir='ltr'>nec</span> <span class='ocrx_word' id='word_1_166' title='bbox 1602 632 1738 663; x_wconf 89' lang='lat' dir='ltr'>inventus</span> <span class='ocrx_word' id='word_1_167' title='bbox 1759 637 1804 663; x_wconf 91' lang='lat' dir='ltr'>est</span> <span class='ocrx_word' id='word_1_168' title='bbox 1821 632 1916 663; x_wconf 91' lang='lat' dir='ltr'>dolus</span> 
     </span>
    </p>
   </div>
   <div class='ocr_carea' id='block_1_23' title="bbox 1084 674 1916 717">
    <p class='ocr_par' dir='ltr' id='par_1_23' title="bbox 1084 674 1916 717">
     <span class='ocr_line' id='line_1_23' title="bbox 1084 674 1916 717; baseline 0.004 -13"><span class='ocrx_word' id='word_1_169' title='bbox 1084 674 1115 705; x_wconf 90' lang='lat' dir='ltr'>in</span> <span class='ocrx_word' id='word_1_170' title='bbox 1130 684 1181 706; x_wconf 89' lang='lat' dir='ltr'>ore</span> <span class='ocrx_word' id='word_1_171' title='bbox 1196 679 1247 706; x_wconf 91' lang='lat' dir='ltr'>tuo</span> <span class='ocrx_word' id='word_1_172' title='bbox 1255 676 1297 706; x_wconf 84' lang='lat'>98.</span> <span class='ocrx_word' id='word_1_173' title='bbox 1313 677 1376 707; x_wconf 81' lang='lat' dir='ltr'>Jam</span> <span class='ocrx_word' id='word_1_174' title='bbox 1393 686 1462 707; x_wconf 88' lang='lat' dir='ltr'>vero</span> <span class='ocrx_word' id='word_1_175' title='bbox 1483 677 1549 717; x_wconf 88' lang='lat' dir='ltr'>quis</span> <span class='ocrx_word' id='word_1_176' title='bbox 1572 676 1714 707; x_wconf 89' lang='lat' dir='ltr'>morietur</span> <span class='ocrx_word' id='word_1_177' title='bbox 1728 677 1759 707; x_wconf 92' lang='lat' dir='ltr'>in</span> <span class='ocrx_word' id='word_1_178' title='bbox 1776 677 1916 717; x_wconf 89' lang='lat' dir='ltr'>peccatis</span> 
     </span>
    </p>
   </div>
   <div class='ocr_carea' id='block_1_24' title="bbox 1085 720 1913 762">
    <p class='ocr_par' dir='ltr' id='par_1_24' title="bbox 1085 720 1913 762">
     <span class='ocr_line' id='line_1_24' title="bbox 1085 720 1913 762; baseline 0.002 -13"><span class='ocrx_word' id='word_1_179' title='bbox 1085 723 1114 749; x_wconf 87' lang='lat' dir='ltr'>et</span> <span class='ocrx_word' id='word_1_180' title='bbox 1129 729 1187 750; x_wconf 91' lang='lat' dir='ltr'>non</span> <span class='ocrx_word' id='word_1_181' title='bbox 1203 720 1335 760; x_wconf 84' lang='lat' dir='ltr'>capietur</span> <span class='ocrx_word' id='word_1_182' title='bbox 1347 721 1545 762; x_wconf 71' lang='lat' dir='ltr'>pmnitudiue:</span> <span class='ocrx_word' id='word_1_183' title='bbox 1567 722 1602 752; x_wconf 90' lang='lat' dir='ltr'>ad</span> <span class='ocrx_word' id='word_1_184' title='bbox 1619 721 1692 752; x_wconf 87' lang='lat' dir='ltr'>nihil</span> <span class='ocrx_word' id='word_1_185' title='bbox 1717 722 1745 752; x_wconf 78' lang='lat' dir='ltr'>ei</span> <span class='ocrx_word' id='word_1_186' title='bbox 1756 722 1913 761; x_wconf 85' lang='lat' dir='ltr'>proderit.</span> 
     </span>
    </p>
   </div>
   <div class='ocr_carea' id='block_1_25' title="bbox 1084 763 1914 806">
    <p class='ocr_par' dir='ltr' id='par_1_25' title="bbox 1084 763 1914 806">
     <span class='ocr_line' id='line_1_25' title="bbox 1084 763 1914 806; baseline 0.002 -12"><span class='ocrx_word' id='word_1_187' title='bbox 1084 763 1133 794; x_wconf 89' lang='lat' dir='ltr'>Sic</span> <span class='ocrx_word' id='word_1_188' title='bbox 1149 768 1249 802; x_wconf 90' lang='lat' dir='ltr'>etme,</span> <span class='ocrx_word' id='word_1_189' title='bbox 1272 766 1398 797; x_wconf 90' lang='lat' dir='ltr'>Domine</span> <span class='ocrx_word' id='word_1_190' title='bbox 1421 766 1618 806; x_wconf 92' lang='lat' dir='ltr'>omnipotens,</span> <span class='ocrx_word' id='word_1_191' title='bbox 1648 766 1914 806; x_wconf 67' lang='lat' dir='ltr'>poenitetquidem</span> 
     </span>
    </p>
   </div>
   <div class='ocr_carea' id='block_1_26' title="bbox 1083 809 1913 851">
    <p class='ocr_par' dir='ltr' id='par_1_26' title="bbox 1083 809 1913 851">
     <span class='ocr_line' id='line_1_26' title="bbox 1083 809 1913 851; baseline 0.002 -13"><span class='ocrx_word' id='word_1_192' title='bbox 1083 809 1227 840; x_wconf 91' lang='lat' dir='ltr'>malorum</span> <span class='ocrx_word' id='word_1_193' title='bbox 1250 819 1316 850; x_wconf 67' lang='lat' dir='ltr'>quae</span> <span class='ocrx_word' id='word_1_194' title='bbox 1350 811 1471 850; x_wconf 90' lang='lat' dir='ltr'>patravi,</span> <span class='ocrx_word' id='word_1_195' title='bbox 1506 820 1565 841; x_wconf 93' lang='lat' dir='ltr'>non</span> <span class='ocrx_word' id='word_1_196' title='bbox 1601 810 1718 851; x_wconf 83' lang='lat' dir='ltr'>proficit</span> <span class='ocrx_word' id='word_1_197' title='bbox 1753 814 1852 840; x_wconf 89' lang='lat' dir='ltr'>autem</span> <span class='ocrx_word' id='word_1_198' title='bbox 1872 810 1913 840; x_wconf 89' lang='lat' dir='ltr'>ad</span> 
     </span>
    </p>
   </div>
   <div class='ocr_carea' id='block_1_27' title="bbox 218 852 1914 895">
    <p class='ocr_par' dir='ltr' id='par_1_27' title="bbox 218 852 1914 895">
     <span class='ocr_line' id='line_1_27' title="bbox 218 852 1914 895; baseline 0.001 -12"><span class='ocrx_word' id='word_1_199' title='bbox 218 852 442 893; x_wconf 86' lang='lat' dir='ltr'>rum,corporis</span> <span class='ocrx_word' id='word_1_200' title='bbox 454 861 573 892; x_wconf 90' lang='lat' dir='ltr'>nempe,</span> <span class='ocrx_word' id='word_1_201' title='bbox 587 856 616 882; x_wconf 88' lang='lat' dir='ltr'>et</span> <span class='ocrx_word' id='word_1_202' title='bbox 628 852 781 891; x_wconf 84' lang='lat' dir='ltr'>sanguinis</span> <span class='ocrx_word' id='word_1_203' title='bbox 792 852 923 892; x_wconf 84' lang='lat' dir='ltr'>pretiosi,</span> <span class='ocrx_word' id='word_1_204' title='bbox 939 861 1040 882; x_wconf 87' lang='lat' dir='ltr'>emun-</span> <span class='ocrx_word' id='word_1_205' title='bbox 1053 853 1224 893; x_wconf 86' lang='lat' dir='ltr'>Bjustitiam</span> <span class='ocrx_word' id='word_1_206' title='bbox 1241 855 1313 885; x_wconf 92' lang='lat' dir='ltr'>mihi</span> <span class='ocrx_word' id='word_1_207' title='bbox 1329 855 1502 895; x_wconf 69' lang='lat' dir='ltr'>paeditentia</span> <span class='ocrx_word' id='word_1_208' title='bbox 1517 864 1601 886; x_wconf 86' lang='lat' dir='ltr'>mea:</span> <span class='ocrx_word' id='word_1_209' title='bbox 1619 859 1664 886; x_wconf 87' lang='lat' dir='ltr'>est</span> <span class='ocrx_word' id='word_1_210' title='bbox 1682 855 1762 885; x_wconf 91' lang='lat' dir='ltr'>enim</span> <span class='ocrx_word' id='word_1_211' title='bbox 1779 858 1914 885; x_wconf 88' lang='lat' dir='ltr'>tantum-</span> 
     </span>
    </p>
   </div>
   <div class='ocr_carea' id='block_1_28' title="bbox 218 897 1042 937">
    <p class='ocr_par' dir='ltr' id='par_1_28' title="bbox 218 897 1042 937">
     <span class='ocr_line' id='line_1_28' title="bbox 218 897 1042 937; baseline -0.001 -9"><span class='ocrx_word' id='word_1_212' title='bbox 218 897 293 928; x_wconf 87' lang='lat' dir='ltr'>dans</span> <span class='ocrx_word' id='word_1_213' title='bbox 321 897 418 931; x_wconf 75' lang='lat' dir='ltr'>nos96,</span> <span class='ocrx_word' id='word_1_214' title='bbox 451 901 479 928; x_wconf 90' lang='lat' dir='ltr'>et</span> <span class='ocrx_word' id='word_1_215' title='bbox 511 897 673 937; x_wconf 85' lang='lat' dir='ltr'>viviﬁcans,</span> <span class='ocrx_word' id='word_1_216' title='bbox 709 901 838 934; x_wconf 87' lang='lat' dir='ltr'>sanctos,</span> <span class='ocrx_word' id='word_1_217' title='bbox 877 901 905 927; x_wconf 90' lang='lat' dir='ltr'>et</span> <span class='ocrx_word' id='word_1_218' title='bbox 928 897 1042 936; x_wconf 87' lang='lat' dir='ltr'>peccati</span> 
     </span>
    </p>
   </div>
   <div class='ocr_carea' id='block_1_29' title="bbox 220 941 1041 983">
    <p class='ocr_par' dir='ltr' id='par_1_29' title="bbox 220 941 1041 983">
     <span class='ocr_line' id='line_1_29' title="bbox 220 941 1041 983; baseline -0.001 -10"><span class='ocrx_word' id='word_1_219' title='bbox 220 951 311 983; x_wconf 88' lang='lat' dir='ltr'>puros</span> <span class='ocrx_word' id='word_1_220' title='bbox 326 942 435 973; x_wconf 85' lang='lat' dir='ltr'>reddit.</span> <span class='ocrx_word' id='word_1_221' title='bbox 452 941 511 973; x_wconf 91' lang='lat' dir='ltr'>Sed</span> <span class='ocrx_word' id='word_1_222' title='bbox 528 946 686 972; x_wconf 87' lang='lat' dir='ltr'>etrursum</span> <span class='ocrx_word' id='word_1_223' title='bbox 694 941 809 972; x_wconf 86' lang='lat' dir='ltr'>arbitrii</span> <span class='ocrx_word' id='word_1_224' title='bbox 825 941 961 972; x_wconf 82' lang='lat' dir='ltr'>libertate</span> <span class='ocrx_word' id='word_1_225' title='bbox 971 951 1041 972; x_wconf 89' lang='lat' dir='ltr'>con-</span> 
     </span>
    </p>
   </div>
   <div class='ocr_carea' id='block_1_30' title="bbox 219 985 1040 1026">
    <p class='ocr_par' dir='ltr' id='par_1_30' title="bbox 219 985 1040 1026">
     <span class='ocr_line' id='line_1_30' title="bbox 219 985 1040 1026; baseline 0 -9"><span class='ocrx_word' id='word_1_226' title='bbox 219 986 354 1017; x_wconf 88' lang='lat' dir='ltr'>decorari</span> <span class='ocrx_word' id='word_1_227' title='bbox 369 985 450 1023; x_wconf 88' lang='lat' dir='ltr'>sinit,</span> <span class='ocrx_word' id='word_1_228' title='bbox 468 989 500 1016; x_wconf 92' lang='lat' dir='ltr'>ut</span> <span class='ocrx_word' id='word_1_229' title='bbox 509 995 569 1016; x_wconf 89' lang='lat' dir='ltr'>non</span> <span class='ocrx_word' id='word_1_230' title='bbox 580 987 688 1026; x_wconf 88' lang='lat' dir='ltr'>coacti,</span> <span class='ocrx_word' id='word_1_231' title='bbox 703 986 756 1016; x_wconf 89' lang='lat' dir='ltr'>sed</span> <span class='ocrx_word' id='word_1_232' title='bbox 768 986 900 1017; x_wconf 90' lang='lat' dir='ltr'>volentes</span> <span class='ocrx_word' id='word_1_233' title='bbox 914 986 1040 1017; x_wconf 87' lang='lat' dir='ltr'>Domino</span> 
     </span>
    </p>
   </div>
   <div class='ocr_carea' id='block_1_31' title="bbox 218 1030 1041 1071">
    <p class='ocr_par' dir='ltr' id='par_1_31' title="bbox 218 1030 1041 1071">
     <span class='ocr_line' id='line_1_31' title="bbox 218 1030 1041 1071; baseline 0 -9"><span class='ocrx_word' id='word_1_234' title='bbox 218 1030 332 1062; x_wconf 88' lang='lat' dir='ltr'>servire</span> <span class='ocrx_word' id='word_1_235' title='bbox 347 1031 500 1062; x_wconf 88' lang='lat' dir='ltr'>videamur</span> <span class='ocrx_word' id='word_1_236' title='bbox 514 1039 521 1062; x_wconf 87' lang='lat'><strong>:</strong></span> <span class='ocrx_word' id='word_1_237' title='bbox 539 1034 569 1062; x_wconf 89' lang='lat' dir='ltr'>et</span> <span class='ocrx_word' id='word_1_238' title='bbox 582 1031 830 1071; x_wconf 88' lang='lat' dir='ltr'>quemadmodum</span> <span class='ocrx_word' id='word_1_239' title='bbox 842 1030 969 1062; x_wconf 89' lang='lat' dir='ltr'>abiuitio</span> <span class='ocrx_word' id='word_1_240' title='bbox 978 1036 1041 1063; x_wconf 86' lang='lat' dir='ltr'>erat</span> 
     </span>
    </p>
   </div>
   <div class='ocr_carea' id='block_1_32' title="bbox 214 1075 1039 1116">
    <p class='ocr_par' dir='ltr' id='par_1_32' title="bbox 214 1075 1039 1116">
     <span class='ocr_line' id='line_1_32' title="bbox 214 1075 1039 1116; baseline 0.001 -10"><span class='ocrx_word' id='word_1_241' title='bbox 214 1076 347 1107; x_wconf 86' lang='lat' dir='ltr'>Adamus</span> <span class='ocrx_word' id='word_1_242' title='bbox 359 1075 390 1106; x_wconf 92' lang='lat' dir='ltr'>in</span> <span class='ocrx_word' id='word_1_243' title='bbox 402 1075 542 1116; x_wconf 89' lang='lat' dir='ltr'>paradiso</span> <span class='ocrx_word' id='word_1_244' title='bbox 570 1075 657 1113; x_wconf 91' lang='lat' dir='ltr'>liber,</span> <span class='ocrx_word' id='word_1_245' title='bbox 681 1079 821 1116; x_wconf 87' lang='lat' dir='ltr'>extraque</span> <span class='ocrx_word' id='word_1_246' title='bbox 841 1075 898 1106; x_wconf 91' lang='lat' dir='ltr'>vim</span> <span class='ocrx_word' id='word_1_247' title='bbox 923 1080 952 1107; x_wconf 89' lang='lat' dir='ltr'>et</span> <span class='ocrx_word' id='word_1_248' title='bbox 969 1086 1039 1116; x_wconf 91' lang='lat' dir='ltr'>pec-</span> 
     </span>
    </p>
   </div>
   <div class='ocr_carea' id='block_1_33' title="bbox 218 1119 1039 1152">
    <p class='ocr_par' dir='ltr' id='par_1_33' title="bbox 218 1119 1039 1152">
     <span class='ocr_line' id='line_1_33' title="bbox 218 1119 1039 1152; baseline 0 -1"><span class='ocrx_word' id='word_1_249' title='bbox 218 1124 316 1152; x_wconf 85' lang='lat' dir='ltr'>catum</span> <span class='ocrx_word' id='word_1_250' title='bbox 341 1120 491 1151; x_wconf 89' lang='lat' dir='ltr'>voluntate</span> <span class='ocrx_word' id='word_1_251' title='bbox 515 1120 611 1150; x_wconf 89' lang='lat' dir='ltr'>soluta</span> <span class='ocrx_word' id='word_1_252' title='bbox 634 1129 669 1152; x_wconf 87' lang='lat' dir='ltr'>ac</span> <span class='ocrx_word' id='word_1_253' title='bbox 691 1120 785 1151; x_wconf 90' lang='lat' dir='ltr'>libera</span> <span class='ocrx_word' id='word_1_254' title='bbox 807 1119 965 1151; x_wconf 84' lang='lat' dir='ltr'>obediebat</span> <span class='ocrx_word' id='word_1_255' title='bbox 979 1121 1039 1151; x_wconf 89' lang='lat' dir='ltr'>ini-</span> 
     </span>
    </p>
   </div>
   <div class='ocr_carea' id='block_1_34' title="bbox 218 1165 1038 1205">
    <p class='ocr_par' dir='ltr' id='par_1_34' title="bbox 218 1165 1038 1205">
     <span class='ocr_line' id='line_1_34' title="bbox 218 1165 1038 1205; baseline 0 -9"><span class='ocrx_word' id='word_1_256' title='bbox 218 1165 307 1203; x_wconf 89' lang='lat' dir='ltr'>mico,</span> <span class='ocrx_word' id='word_1_257' title='bbox 324 1174 341 1196; x_wconf 88' lang='lat' dir='ltr'>a</span> <span class='ocrx_word' id='word_1_258' title='bbox 368 1174 425 1205; x_wconf 91' lang='lat' dir='ltr'>quo</span> <span class='ocrx_word' id='word_1_259' title='bbox 452 1165 596 1205; x_wconf 90' lang='lat' dir='ltr'>deceptus</span> <span class='ocrx_word' id='word_1_260' title='bbox 626 1165 796 1196; x_wconf 90' lang='lat' dir='ltr'>mandatum</span> <span class='ocrx_word' id='word_1_261' title='bbox 826 1165 878 1196; x_wconf 89' lang='lat' dir='ltr'>Dei</span> <span class='ocrx_word' id='word_1_262' title='bbox 905 1165 1038 1197; x_wconf 84' lang='lat' dir='ltr'>violavit:</span> 
     </span>
    </p>
   </div>
   <div class='ocr_carea' id='block_1_35' title="bbox 216 1209 1036 1250">
    <p class='ocr_par' dir='ltr' id='par_1_35' title="bbox 216 1209 1036 1250">
     <span class='ocr_line' id='line_1_35' title="bbox 216 1209 1036 1250; baseline 0 -9"><span class='ocrx_word' id='word_1_263' title='bbox 216 1209 260 1241; x_wconf 91' lang='lat' dir='ltr'>sic</span> <span class='ocrx_word' id='word_1_264' title='bbox 277 1214 305 1241; x_wconf 89' lang='lat' dir='ltr'>et</span> <span class='ocrx_word' id='word_1_265' title='bbox 320 1219 374 1241; x_wconf 91' lang='lat' dir='ltr'>nos</span> <span class='ocrx_word' id='word_1_266' title='bbox 386 1219 402 1240; x_wconf 90' lang='lat' dir='ltr'>e</span> <span class='ocrx_word' id='word_1_267' title='bbox 415 1218 500 1240; x_wconf 89' lang='lat' dir='ltr'>sacro</span> <span class='ocrx_word' id='word_1_268' title='bbox 510 1209 688 1250; x_wconf 86' lang='lat' dir='ltr'>baptismate</span> <span class='ocrx_word' id='word_1_269' title='bbox 696 1211 873 1249; x_wconf 81' lang='lat' dir='ltr'>regenerati,</span> <span class='ocrx_word' id='word_1_270' title='bbox 887 1210 1036 1241; x_wconf 89' lang='lat' dir='ltr'>servitutis</span> 
     </span>
    </p>
   </div>
   <div class='ocr_carea' id='block_1_36' title="bbox 213 1254 1038 1296">
    <p class='ocr_par' dir='ltr' id='par_1_36' title="bbox 213 1254 1038 1296">
     <span class='ocr_line' id='line_1_36' title="bbox 213 1254 1038 1296; baseline 0.001 -11"><span class='ocrx_word' id='word_1_271' title='bbox 213 1257 284 1296; x_wconf 88' lang='lat' dir='ltr'>jugo</span> <span class='ocrx_word' id='word_1_272' title='bbox 300 1264 317 1286; x_wconf 86' lang='lat' dir='ltr'>a</span> <span class='ocrx_word' id='word_1_273' title='bbox 329 1254 415 1286; x_wconf 87' lang='lat' dir='ltr'>nobis</span> <span class='ocrx_word' id='word_1_274' title='bbox 425 1254 564 1295; x_wconf 89' lang='lat' dir='ltr'>depulso,</span> <span class='ocrx_word' id='word_1_275' title='bbox 576 1255 670 1285; x_wconf 91' lang='lat' dir='ltr'>nostri</span> <span class='ocrx_word' id='word_1_276' title='bbox 682 1255 760 1295; x_wconf 87' lang='lat' dir='ltr'>juris</span> <span class='ocrx_word' id='word_1_277' title='bbox 771 1255 917 1295; x_wconf 88' lang='lat' dir='ltr'>liberique</span> <span class='ocrx_word' id='word_1_278' title='bbox 933 1255 1038 1286; x_wconf 90' lang='lat' dir='ltr'>reddi-</span> 
     </span>
    </p>
   </div>
   <div class='ocr_carea' id='block_1_37' title="bbox 217 1299 1035 1340">
    <p class='ocr_par' dir='ltr' id='par_1_37' title="bbox 217 1299 1035 1340">
     <span class='ocr_line' id='line_1_37' title="bbox 217 1299 1035 1340; baseline -0.001 -9"><span class='ocrx_word' id='word_1_279' title='bbox 217 1308 303 1331; x_wconf 87' lang='lat' dir='ltr'>mur:</span> <span class='ocrx_word' id='word_1_280' title='bbox 321 1309 355 1331; x_wconf 90' lang='lat' dir='ltr'>ac</span> <span class='ocrx_word' id='word_1_281' title='bbox 370 1299 427 1330; x_wconf 90' lang='lat' dir='ltr'>uisi</span> <span class='ocrx_word' id='word_1_282' title='bbox 443 1299 520 1330; x_wconf 86' lang='lat' dir='ltr'>ultro</span> <span class='ocrx_word' id='word_1_283' title='bbox 535 1299 658 1330; x_wconf 88' lang='lat' dir='ltr'>inimico</span> <span class='ocrx_word' id='word_1_284' title='bbox 681 1299 887 1340; x_wconf 86' lang='lat' dir='ltr'>obtemperare</span> <span class='ocrx_word' id='word_1_285' title='bbox 900 1300 1035 1337; x_wconf 86' lang='lat' dir='ltr'>velimus,</span> 
     </span>
    </p>
   </div>
   <div class='ocr_carea' id='block_1_38' title="bbox 217 1344 1039 1385">
    <p class='ocr_par' dir='ltr' id='par_1_38' title="bbox 217 1344 1039 1385">
     <span class='ocr_line' id='line_1_38' title="bbox 217 1344 1039 1385; baseline -0.001 -9"><span class='ocrx_word' id='word_1_286' title='bbox 217 1345 275 1376; x_wconf 86' lang='lat' dir='ltr'>alia</span> <span class='ocrx_word' id='word_1_287' title='bbox 289 1344 437 1385; x_wconf 89' lang='lat' dir='ltr'>quandam</span> <span class='ocrx_word' id='word_1_288' title='bbox 448 1344 494 1375; x_wconf 87' lang='lat' dir='ltr'>via</span> <span class='ocrx_word' id='word_1_289' title='bbox 509 1348 612 1375; x_wconf 88' lang='lat' dir='ltr'>contra</span> <span class='ocrx_word' id='word_1_290' title='bbox 623 1353 676 1375; x_wconf 88' lang='lat' dir='ltr'>nos</span> <span class='ocrx_word' id='word_1_291' title='bbox 693 1344 788 1374; x_wconf 88' lang='lat' dir='ltr'>moliri</span> <span class='ocrx_word' id='word_1_292' title='bbox 802 1344 876 1375; x_wconf 89' lang='lat' dir='ltr'>nihil</span> <span class='ocrx_word' id='word_1_293' title='bbox 888 1348 994 1385; x_wconf 88' lang='lat' dir='ltr'>potest.</span> <span class='ocrx_word' id='word_1_294' title='bbox 1008 1345 1039 1375; x_wconf 93' lang='lat' dir='ltr'>Si</span> 
     </span>
    </p>
   </div>
   <div class='ocr_carea' id='block_1_39' title="bbox 217 1388 1040 1428">
    <p class='ocr_par' dir='ltr' id='par_1_39' title="bbox 217 1388 1040 1428">
     <span class='ocr_line' id='line_1_39' title="bbox 217 1388 1040 1428; baseline -0.001 -8"><span class='ocrx_word' id='word_1_295' title='bbox 217 1389 297 1421; x_wconf 92' lang='lat' dir='ltr'>enim</span> <span class='ocrx_word' id='word_1_296' title='bbox 313 1393 382 1420; x_wconf 84' lang='lat' dir='ltr'>ante</span> <span class='ocrx_word' id='word_1_297' title='bbox 397 1389 493 1428; x_wconf 84' lang='lat' dir='ltr'>legem</span> <span class='ocrx_word' id='word_1_298' title='bbox 510 1389 829 1428; x_wconf 66' lang='lat' dir='ltr'>etadventumﬁhristi</span> <span class='ocrx_word' id='word_1_299' title='bbox 840 1389 886 1420; x_wconf 90' lang='lat' dir='ltr'>his</span> <span class='ocrx_word' id='word_1_300' title='bbox 901 1388 1040 1419; x_wconf 90' lang='lat' dir='ltr'>omnibus</span> 
     </span>
    </p>
   </div>
   <div class='ocr_carea' id='block_1_40' title="bbox 217 1433 1039 1471">
    <p class='ocr_par' dir='ltr' id='par_1_40' title="bbox 217 1433 1039 1471">
     <span class='ocr_line' id='line_1_40' title="bbox 217 1433 1039 1471; baseline -0.001 -7"><span class='ocrx_word' id='word_1_301' title='bbox 217 1438 353 1465; x_wconf 89' lang='lat' dir='ltr'>carentes</span> <span class='ocrx_word' id='word_1_302' title='bbox 369 1433 486 1464; x_wconf 85' lang='lat' dir='ltr'>auxiliis</span> <span class='ocrx_word' id='word_1_303' title='bbox 513 1433 609 1471; x_wconf 91' lang='lat' dir='ltr'>multi,</span> <span class='ocrx_word' id='word_1_304' title='bbox 635 1434 707 1464; x_wconf 87' lang='lat' dir='ltr'>inno</span> <span class='ocrx_word' id='word_1_305' title='bbox 729 1433 964 1464; x_wconf 89' lang='lat' dir='ltr'>innumerabiles</span> <span class='ocrx_word' id='word_1_306' title='bbox 978 1434 1039 1464; x_wconf 92' lang='lat' dir='ltr'>Deo</span> 
     </span>
    </p>
   </div>
   <div class='ocr_carea' id='block_1_41' title="bbox 217 1478 1039 1519">
    <p class='ocr_par' dir='ltr' id='par_1_41' title="bbox 217 1478 1039 1519">
     <span class='ocr_line' id='line_1_41' title="bbox 217 1478 1039 1519; baseline -0.001 -10"><span class='ocrx_word' id='word_1_307' title='bbox 217 1479 403 1519; x_wconf 86' lang='lat' dir='ltr'>placuerunt,</span> <span class='ocrx_word' id='word_1_308' title='bbox 418 1483 447 1509; x_wconf 91' lang='lat' dir='ltr'>et</span> <span class='ocrx_word' id='word_1_309' title='bbox 471 1482 552 1509; x_wconf 84' lang='lat' dir='ltr'>extra</span> <span class='ocrx_word' id='word_1_310' title='bbox 582 1478 698 1518; x_wconf 88' lang='lat' dir='ltr'>culpam</span> <span class='ocrx_word' id='word_1_311' title='bbox 727 1478 863 1509; x_wconf 87' lang='lat' dir='ltr'>vixerunt</span> <span class='ocrx_word' id='word_1_312' title='bbox 890 1478 917 1518; x_wconf 91' lang='lat' dir='ltr'>(e</span> <span class='ocrx_word' id='word_1_313' title='bbox 932 1478 1039 1518; x_wconf 86' lang='lat' dir='ltr'>quibus</span> 
     </span>
    </p>
   </div>
   <div class='ocr_carea' id='block_1_42' title="bbox 1085 899 1911 939">
    <p class='ocr_par' dir='ltr' id='par_1_42' title="bbox 1085 899 1911 939">
     <span class='ocr_line' id='line_1_42' title="bbox 1085 899 1911 939; baseline 0.002 -11"><span class='ocrx_word' id='word_1_314' title='bbox 1085 899 1170 929; x_wconf 91' lang='lat' dir='ltr'>modo</span> <span class='ocrx_word' id='word_1_315' title='bbox 1181 899 1293 939; x_wconf 89' lang='lat' dir='ltr'>peccati</span> <span class='ocrx_word' id='word_1_316' title='bbox 1302 900 1424 938; x_wconf 83' lang='lat' dir='ltr'>agnitio.</span> <span class='ocrx_word' id='word_1_317' title='bbox 1436 902 1469 931; x_wconf 89' lang='lat' dir='ltr'>Et</span> <span class='ocrx_word' id='word_1_318' title='bbox 1476 909 1554 930; x_wconf 90' lang='lat' dir='ltr'>nunc</span> <span class='ocrx_word' id='word_1_319' title='bbox 1562 900 1644 931; x_wconf 84' lang='lat' dir='ltr'>vides</span> <span class='ocrx_word' id='word_1_320' title='bbox 1652 900 1762 937; x_wconf 87' lang='lat' dir='ltr'>omnia,</span> <span class='ocrx_word' id='word_1_321' title='bbox 1771 900 1911 930; x_wconf 90' lang='lat' dir='ltr'>omnium</span> 
     </span>
    </p>
   </div>
   <div class='ocr_carea' id='block_1_43' title="bbox 1082 942 1913 985">
    <p class='ocr_par' dir='ltr' id='par_1_43' title="bbox 1082 942 1913 985">
     <span class='ocr_line' id='line_1_43' title="bbox 1082 942 1913 985; baseline 0.002 -13"><span class='ocrx_word' id='word_1_322' title='bbox 1082 942 1246 981; x_wconf 83' lang='lat' dir='ltr'>inspector,</span> <span class='ocrx_word' id='word_1_323' title='bbox 1265 944 1400 984; x_wconf 88' lang='lat' dir='ltr'>Domine,</span> <span class='ocrx_word' id='word_1_324' title='bbox 1413 944 1463 985; x_wconf 91' lang='lat' dir='ltr'>qui</span> <span class='ocrx_word' id='word_1_325' title='bbox 1476 954 1620 985; x_wconf 88' lang='lat' dir='ltr'>nusquam</span> <span class='ocrx_word' id='word_1_326' title='bbox 1646 944 1720 974; x_wconf 92' lang='lat' dir='ltr'>mihi</span> <span class='ocrx_word' id='word_1_327' title='bbox 1744 944 1851 975; x_wconf 85' lang='lat' dir='ltr'>relicta</span> <span class='ocrx_word' id='word_1_328' title='bbox 1863 949 1913 974; x_wconf 89' lang='lat' dir='ltr'>est</span> 
     </span>
    </p>
   </div>
   <div class='ocr_carea' id='block_1_44' title="bbox 1082 987 1908 1028">
    <p class='ocr_par' dir='ltr' id='par_1_44' title="bbox 1082 987 1908 1028">
     <span class='ocr_line' id='line_1_44' title="bbox 1082 987 1908 1028; baseline 0.004 -11"><span class='ocrx_word' id='word_1_329' title='bbox 1082 987 1185 1018; x_wconf 89' lang='lat' dir='ltr'>salutis</span> <span class='ocrx_word' id='word_1_330' title='bbox 1198 990 1327 1027; x_wconf 87' lang='lat' dir='ltr'>occasio,</span> <span class='ocrx_word' id='word_1_331' title='bbox 1345 990 1397 1020; x_wconf 91' lang='lat' dir='ltr'>sed</span> <span class='ocrx_word' id='word_1_332' title='bbox 1422 990 1517 1019; x_wconf 89' lang='lat' dir='ltr'>vivum</span> <span class='ocrx_word' id='word_1_333' title='bbox 1528 999 1574 1020; x_wconf 92' lang='lat' dir='ltr'>me</span> <span class='ocrx_word' id='word_1_334' title='bbox 1586 989 1720 1020; x_wconf 87' lang='lat' dir='ltr'>infernus</span> <span class='ocrx_word' id='word_1_335' title='bbox 1734 988 1908 1028; x_wconf 85' lang='lat' dir='ltr'>deglutivit.</span> 
     </span>
    </p>
   </div>
   <div class='ocr_carea' id='block_1_45' title="bbox 1081 1032 1909 1074">
    <p class='ocr_par' dir='ltr' id='par_1_45' title="bbox 1081 1032 1909 1074">
     <span class='ocr_line' id='line_1_45' title="bbox 1081 1032 1909 1074; baseline 0.002 -12"><span class='ocrx_word' id='word_1_336' title='bbox 1081 1032 1123 1063; x_wconf 94' lang='lat' dir='ltr'>Tu</span> <span class='ocrx_word' id='word_1_337' title='bbox 1138 1036 1235 1064; x_wconf 86' lang='lat' dir='ltr'>autem</span> <span class='ocrx_word' id='word_1_338' title='bbox 1252 1033 1332 1064; x_wconf 90' lang='lat' dir='ltr'>solus</span> <span class='ocrx_word' id='word_1_339' title='bbox 1348 1038 1431 1074; x_wconf 89' lang='lat' dir='ltr'>potes</span> <span class='ocrx_word' id='word_1_340' title='bbox 1447 1043 1494 1064; x_wconf 91' lang='lat' dir='ltr'>me</span> <span class='ocrx_word' id='word_1_341' title='bbox 1516 1033 1660 1064; x_wconf 88' lang='lat' dir='ltr'>reducere</span> <span class='ocrx_word' id='word_1_342' title='bbox 1685 1037 1714 1064; x_wconf 87' lang='lat' dir='ltr'>et</span> <span class='ocrx_word' id='word_1_343' title='bbox 1728 1042 1834 1064; x_wconf 83' lang='lat' dir='ltr'>sanare</span> <span class='ocrx_word' id='word_1_344' title='bbox 1848 1033 1909 1064; x_wconf 76' lang='lat' dir='ltr'>do-</span> 
     </span>
    </p>
   </div>
   <div class='ocr_carea' id='block_1_46' title="bbox 1082 1076 1911 1118">
    <p class='ocr_par' dir='ltr' id='par_1_46' title="bbox 1082 1076 1911 1118">
     <span class='ocr_line' id='line_1_46' title="bbox 1082 1076 1911 1118; baseline 0.001 -11"><span class='ocrx_word' id='word_1_345' title='bbox 1082 1076 1160 1108; x_wconf 91' lang='lat' dir='ltr'>lores</span> <span class='ocrx_word' id='word_1_346' title='bbox 1175 1078 1274 1108; x_wconf 90' lang='lat' dir='ltr'>cordis</span> <span class='ocrx_word' id='word_1_347' title='bbox 1291 1078 1360 1115; x_wconf 92' lang='lat' dir='ltr'>mei,</span> <span class='ocrx_word' id='word_1_348' title='bbox 1388 1078 1526 1118; x_wconf 88' lang='lat' dir='ltr'>quoniam</span> <span class='ocrx_word' id='word_1_349' title='bbox 1552 1082 1657 1118; x_wconf 90' lang='lat' dir='ltr'>potens</span> <span class='ocrx_word' id='word_1_350' title='bbox 1682 1081 1710 1108; x_wconf 90' lang='lat' dir='ltr'>et</span> <span class='ocrx_word' id='word_1_351' title='bbox 1725 1087 1831 1108; x_wconf 91' lang='lat' dir='ltr'>manus</span> <span class='ocrx_word' id='word_1_352' title='bbox 1855 1082 1911 1109; x_wconf 92' lang='lat' dir='ltr'>tua</span> 
     </span>
    </p>
   </div>
   <div class='ocr_carea' id='block_1_47' title="bbox 1081 1122 1909 1163">
    <p class='ocr_par' dir='ltr' id='par_1_47' title="bbox 1081 1122 1909 1163">
     <span class='ocr_line' id='line_1_47' title="bbox 1081 1122 1909 1163; baseline 0 -11"><span class='ocrx_word' id='word_1_353' title='bbox 1081 1122 1116 1152; x_wconf 89' lang='lat' dir='ltr'>ad</span> <span class='ocrx_word' id='word_1_354' title='bbox 1148 1122 1256 1159; x_wconf 88' lang='lat' dir='ltr'>omnia,</span> <span class='ocrx_word' id='word_1_355' title='bbox 1276 1127 1304 1153; x_wconf 92' lang='lat' dir='ltr'>et</span> <span class='ocrx_word' id='word_1_356' title='bbox 1328 1123 1356 1153; x_wconf 93' lang='lat' dir='ltr'>in</span> <span class='ocrx_word' id='word_1_357' title='bbox 1386 1123 1460 1153; x_wconf 81' lang='lat' dir='ltr'>fines</span> <span class='ocrx_word' id='word_1_358' title='bbox 1488 1123 1660 1163; x_wconf 80' lang='lat' dir='ltr'>abyssorum</span> <span class='ocrx_word' id='word_1_359' title='bbox 1685 1126 1858 1162; x_wconf 88' lang='lat' dir='ltr'>penetrans,</span> <span class='ocrx_word' id='word_1_360' title='bbox 1879 1127 1909 1153; x_wconf 93' lang='lat' dir='ltr'>et</span> 
     </span>
    </p>
   </div>
   <div class='ocr_carea' id='block_1_48' title="bbox 1082 1166 1905 1208">
    <p class='ocr_par' dir='ltr' id='par_1_48' title="bbox 1082 1166 1905 1208">
     <span class='ocr_line' id='line_1_48' title="bbox 1082 1166 1905 1208; baseline 0.001 -12"><span class='ocrx_word' id='word_1_361' title='bbox 1082 1166 1182 1197; x_wconf 87' lang='lat' dir='ltr'>omnia</span> <span class='ocrx_word' id='word_1_362' title='bbox 1195 1176 1246 1206; x_wconf 90' lang='lat' dir='ltr'>pro</span> <span class='ocrx_word' id='word_1_363' title='bbox 1271 1171 1343 1198; x_wconf 89' lang='lat' dir='ltr'>nutu</span> <span class='ocrx_word' id='word_1_364' title='bbox 1368 1171 1417 1198; x_wconf 92' lang='lat' dir='ltr'>tuo</span> <span class='ocrx_word' id='word_1_365' title='bbox 1433 1176 1572 1208; x_wconf 90' lang='lat' dir='ltr'>operans.</span> <span class='ocrx_word' id='word_1_366' title='bbox 1589 1167 1652 1197; x_wconf 90' lang='lat' dir='ltr'>Non</span> <span class='ocrx_word' id='word_1_367' title='bbox 1678 1168 1772 1198; x_wconf 85' lang='lat' dir='ltr'>audeo</span> <span class='ocrx_word' id='word_1_368' title='bbox 1787 1166 1905 1204; x_wconf 88' lang='lat' dir='ltr'>dicere,</span> 
     </span>
    </p>
   </div>
   <div class='ocr_carea' id='block_1_49' title="bbox 1077 1211 1908 1250">
    <p class='ocr_par' dir='ltr' id='par_1_49' title="bbox 1077 1211 1908 1250">
     <span class='ocr_line' id='line_1_49' title="bbox 1077 1211 1908 1250; baseline -0.001 -7"><span class='ocrx_word' id='word_1_369' title='bbox 1077 1211 1219 1243; x_wconf 84' lang='lat' dir='ltr'>Miserere</span> <span class='ocrx_word' id='word_1_370' title='bbox 1233 1212 1303 1250; x_wconf 92' lang='lat' dir='ltr'>mei,</span> <span class='ocrx_word' id='word_1_371' title='bbox 1314 1221 1380 1242; x_wconf 91' lang='lat' dir='ltr'>sum</span> <span class='ocrx_word' id='word_1_372' title='bbox 1394 1212 1472 1242; x_wconf 87' lang='lat' dir='ltr'>enim</span> <span class='ocrx_word' id='word_1_373' title='bbox 1486 1211 1623 1250; x_wconf 83' lang='lat' dir='ltr'>indignus</span> <span class='ocrx_word' id='word_1_374' title='bbox 1636 1211 1853 1243; x_wconf 81' lang='lat' dir='ltr'>misericordia.</span> <span class='ocrx_word' id='word_1_375' title='bbox 1866 1212 1908 1242; x_wconf 90' lang='lat' dir='ltr'>At</span> 
     </span>
    </p>
   </div>
   <div class='ocr_carea' id='block_1_50' title="bbox 1079 1255 1906 1295">
    <p class='ocr_par' dir='ltr' id='par_1_50' title="bbox 1079 1255 1906 1295">
     <span class='ocr_line' id='line_1_50' title="bbox 1079 1255 1906 1295; baseline 0.001 -11"><span class='ocrx_word' id='word_1_376' title='bbox 1079 1257 1120 1292; x_wconf 92' lang='lat' dir='ltr'>tu,</span> <span class='ocrx_word' id='word_1_377' title='bbox 1138 1255 1274 1293; x_wconf 85' lang='lat' dir='ltr'>Domine,</span> <span class='ocrx_word' id='word_1_378' title='bbox 1300 1257 1376 1287; x_wconf 90' lang='lat' dir='ltr'>nosti</span> <span class='ocrx_word' id='word_1_379' title='bbox 1403 1256 1513 1293; x_wconf 86' lang='lat' dir='ltr'>omnia,</span> <span class='ocrx_word' id='word_1_380' title='bbox 1530 1260 1570 1292; x_wconf 89' lang='lat' dir='ltr'>et,</span> <span class='ocrx_word' id='word_1_381' title='bbox 1595 1259 1626 1285; x_wconf 86' lang='lat' dir='ltr'>ut</span> <span class='ocrx_word' id='word_1_382' title='bbox 1643 1255 1722 1286; x_wconf 87' lang='lat' dir='ltr'>novit</span> <span class='ocrx_word' id='word_1_383' title='bbox 1737 1255 1906 1295; x_wconf 80' lang='lat' dir='ltr'>benignitas</span> 
     </span>
    </p>
   </div>
   <div class='ocr_carea' id='block_1_51' title="bbox 1080 1299 1902 1341">
    <p class='ocr_par' dir='ltr' id='par_1_51' title="bbox 1080 1299 1902 1341">
     <span class='ocr_line' id='line_1_51' title="bbox 1080 1299 1902 1341; baseline 0.001 -11"><span class='ocrx_word' id='word_1_384' title='bbox 1080 1304 1139 1336; x_wconf 91' lang='lat' dir='ltr'>tua,</span> <span class='ocrx_word' id='word_1_385' title='bbox 1159 1299 1203 1330; x_wconf 87' lang='lat' dir='ltr'>fac</span> <span class='ocrx_word' id='word_1_386' title='bbox 1219 1299 1248 1330; x_wconf 93' lang='lat' dir='ltr'>in</span> <span class='ocrx_word' id='word_1_387' title='bbox 1266 1310 1322 1338; x_wconf 92' lang='lat' dir='ltr'>me,</span> <span class='ocrx_word' id='word_1_388' title='bbox 1345 1301 1395 1341; x_wconf 88' lang='lat' dir='ltr'>qui</span> <span class='ocrx_word' id='word_1_389' title='bbox 1418 1301 1505 1331; x_wconf 90' lang='lat' dir='ltr'>etiam</span> <span class='ocrx_word' id='word_1_390' title='bbox 1522 1301 1585 1340; x_wconf 91' lang='lat' dir='ltr'>ipsa</span> <span class='ocrx_word' id='word_1_391' title='bbox 1597 1300 1654 1330; x_wconf 90' lang='lat' dir='ltr'>vita</span> <span class='ocrx_word' id='word_1_392' title='bbox 1669 1300 1808 1340; x_wconf 92' lang='lat' dir='ltr'>indignus</span> <span class='ocrx_word' id='word_1_393' title='bbox 1823 1309 1902 1332; x_wconf 93' lang='lat' dir='ltr'>sum.</span> 
     </span>
    </p>
   </div>
   <div class='ocr_carea' id='block_1_52' title="bbox 1121 1344 1906 1386">
    <p class='ocr_par' dir='ltr' id='par_1_52' title="bbox 1121 1344 1906 1386">
     <span class='ocr_line' id='line_1_52' title="bbox 1121 1344 1906 1386; baseline 0 -12"><span class='ocrx_word' id='word_1_394' title='bbox 1121 1344 1170 1375; x_wconf 91' lang='lat' dir='ltr'>Sic</span> <span class='ocrx_word' id='word_1_395' title='bbox 1181 1344 1249 1381; x_wconf 86' lang='lat' dir='ltr'>erit,</span> <span class='ocrx_word' id='word_1_396' title='bbox 1278 1345 1393 1381; x_wconf 79' lang='lat' dir='ltr'>fratres,</span> <span class='ocrx_word' id='word_1_397' title='bbox 1421 1346 1471 1386; x_wconf 88' lang='lat' dir='ltr'>qui</span> <span class='ocrx_word' id='word_1_398' title='bbox 1493 1355 1592 1376; x_wconf 81' lang='lat' dir='ltr'>coram</span> <span class='ocrx_word' id='word_1_399' title='bbox 1615 1345 1675 1375; x_wconf 85' lang='lat' dir='ltr'>Deo</span> <span class='ocrx_word' id='word_1_400' title='bbox 1700 1344 1906 1385; x_wconf 88' lang='lat' dir='ltr'>omnipotente</span> 
     </span>
    </p>
   </div>
   <div class='ocr_carea' id='block_1_53' title="bbox 1081 1388 1905 1430">
    <p class='ocr_par' dir='ltr' id='par_1_53' title="bbox 1081 1388 1905 1430">
     <span class='ocr_line' id='line_1_53' title="bbox 1081 1388 1905 1430; baseline 0 -11"><span class='ocrx_word' id='word_1_401' title='bbox 1081 1389 1224 1430; x_wconf 87' lang='lat' dir='ltr'>peccavit,</span> <span class='ocrx_word' id='word_1_402' title='bbox 1238 1394 1266 1420; x_wconf 90' lang='lat' dir='ltr'>et</span> <span class='ocrx_word' id='word_1_403' title='bbox 1290 1390 1396 1421; x_wconf 88' lang='lat' dir='ltr'>timore</span> <span class='ocrx_word' id='word_1_404' title='bbox 1418 1390 1537 1430; x_wconf 80' lang='lat' dir='ltr'>judicii,</span> <span class='ocrx_word' id='word_1_405' title='bbox 1561 1389 1781 1429; x_wconf 83' lang='lat' dir='ltr'>aversiouisque</span> <span class='ocrx_word' id='word_1_406' title='bbox 1801 1389 1855 1419; x_wconf 91' lang='lat' dir='ltr'>Dei</span> <span class='ocrx_word' id='word_1_407' title='bbox 1867 1388 1905 1419; x_wconf 93' lang='lat' dir='ltr'>ab</span> 
     </span>
    </p>
   </div>
   <div class='ocr_carea' id='block_1_54' title="bbox 1081 1433 1906 1474">
    <p class='ocr_par' dir='ltr' id='par_1_54' title="bbox 1081 1433 1906 1474">
     <span class='ocr_line' id='line_1_54' title="bbox 1081 1433 1906 1474; baseline 0 -11"><span class='ocrx_word' id='word_1_408' title='bbox 1081 1442 1124 1473; x_wconf 91' lang='lat' dir='ltr'>se,</span> <span class='ocrx_word' id='word_1_409' title='bbox 1141 1433 1233 1464; x_wconf 91' lang='lat' dir='ltr'>animi</span> <span class='ocrx_word' id='word_1_410' title='bbox 1250 1444 1373 1465; x_wconf 88' lang='lat' dir='ltr'>sensum</span> <span class='ocrx_word' id='word_1_411' title='bbox 1387 1433 1620 1474; x_wconf 86' lang='lat' dir='ltr'>accipit.Tim0r</span> <span class='ocrx_word' id='word_1_412' title='bbox 1631 1434 1709 1464; x_wconf 90' lang='lat' dir='ltr'>enim</span> <span class='ocrx_word' id='word_1_413' title='bbox 1727 1433 1856 1470; x_wconf 87' lang='lat' dir='ltr'>Domini,</span> <span class='ocrx_word' id='word_1_414' title='bbox 1876 1438 1906 1463; x_wconf 86' lang='lat' dir='ltr'>et</span> 
     </span>
    </p>
   </div>
   <div class='ocr_carea' id='block_1_55' title="bbox 1081 1477 1906 1518">
    <p class='ocr_par' dir='ltr' id='par_1_55' title="bbox 1081 1477 1906 1518">
     <span class='ocr_line' id='line_1_55' title="bbox 1081 1477 1906 1518; baseline 0 -10"><span class='ocrx_word' id='word_1_415' title='bbox 1081 1477 1185 1509; x_wconf 90' lang='lat' dir='ltr'>notitia</span> <span class='ocrx_word' id='word_1_416' title='bbox 1197 1479 1400 1510; x_wconf 84' lang='lat' dir='ltr'>retributionis</span> <span class='ocrx_word' id='word_1_417' title='bbox 1428 1479 1492 1518; x_wconf 90' lang='lat' dir='ltr'>ejus</span> <span class='ocrx_word' id='word_1_418' title='bbox 1520 1478 1560 1509; x_wconf 89' lang='lat' dir='ltr'>ita</span> <span class='ocrx_word' id='word_1_419' title='bbox 1583 1487 1686 1509; x_wconf 92' lang='lat' dir='ltr'>carnes</span> <span class='ocrx_word' id='word_1_420' title='bbox 1710 1477 1906 1518; x_wconf 84' lang='lat' dir='ltr'>liquefacitet</span> 
     </span>
    </p>
   </div>
   <div class='ocr_carea' id='block_1_56' title="bbox 215 1523 1904 1565">
    <p class='ocr_par' dir='ltr' id='par_1_56' title="bbox 215 1523 1904 1565">
     <span class='ocr_line' id='line_1_56' title="bbox 215 1523 1904 1565; baseline -0.001 -11"><span class='ocrx_word' id='word_1_421' title='bbox 215 1525 330 1564; x_wconf 89' lang='lat' dir='ltr'>justum</span> <span class='ocrx_word' id='word_1_422' title='bbox 342 1523 444 1554; x_wconf 90' lang='lat' dir='ltr'>Enoch</span> <span class='ocrx_word' id='word_1_423' title='bbox 457 1523 651 1555; x_wconf 87' lang='lat' dir='ltr'>translatione</span> <span class='ocrx_word' id='word_1_424' title='bbox 662 1523 830 1561; x_wconf 84' lang='lat' dir='ltr'>honoravit,</span> <span class='ocrx_word' id='word_1_425' title='bbox 843 1523 936 1554; x_wconf 85' lang='lat' dir='ltr'>Eliam</span> <span class='ocrx_word' id='word_1_426' title='bbox 949 1532 1036 1554; x_wconf 90' lang='lat' dir='ltr'>curru</span> <span class='ocrx_word' id='word_1_427' title='bbox 1048 1539 1067 1563; x_wconf 70' lang='grc' dir='ltr'><strong>ο</strong></span> <span class='ocrx_word' id='word_1_428' title='bbox 1081 1531 1147 1553; x_wconf 87' lang='lat' dir='ltr'>ossa</span> <span class='ocrx_word' id='word_1_429' title='bbox 1162 1524 1300 1561; x_wconf 87' lang='lat' dir='ltr'>conterit,</span> <span class='ocrx_word' id='word_1_430' title='bbox 1331 1528 1362 1556; x_wconf 86' lang='lat' dir='ltr'>ut</span> <span class='ocrx_word' id='word_1_431' title='bbox 1388 1524 1462 1565; x_wconf 87' lang='lat' dir='ltr'>lapis</span> <span class='ocrx_word' id='word_1_432' title='bbox 1489 1534 1506 1554; x_wconf 89' lang='lat' dir='ltr'>a</span> <span class='ocrx_word' id='word_1_433' title='bbox 1528 1524 1665 1554; x_wconf 86' lang='lat' dir='ltr'>machina</span> <span class='ocrx_word' id='word_1_434' title='bbox 1689 1532 1849 1562; x_wconf 91' lang='lat' dir='ltr'>suspensus</span> <span class='ocrx_word' id='word_1_435' title='bbox 1872 1523 1904 1553; x_wconf 91' lang='lat' dir='ltr'>in</span> 
     </span>
    </p>
   </div>
   <div class='ocr_carea' id='block_1_57' title="bbox 216 1567 1901 1610">
    <p class='ocr_par' dir='ltr' id='par_1_57' title="bbox 216 1567 1901 1610">
     <span class='ocr_line' id='line_1_57' title="bbox 216 1567 1901 1610; baseline -0.001 -10"><span class='ocrx_word' id='word_1_436' title='bbox 216 1568 306 1609; x_wconf 83' lang='lat' dir='ltr'>igneo</span> <span class='ocrx_word' id='word_1_437' title='bbox 317 1568 396 1599; x_wconf 90' lang='lat' dir='ltr'>velut</span> <span class='ocrx_word' id='word_1_438' title='bbox 407 1568 436 1599; x_wconf 93' lang='lat' dir='ltr'>in</span> <span class='ocrx_word' id='word_1_439' title='bbox 449 1568 560 1599; x_wconf 60' lang='lat' dir='ltr'>coelum</span> <span class='ocrx_word' id='word_1_440' title='bbox 576 1568 900 1609; x_wconf 88' lang='lat' dir='ltr'>assumpsit),quidnos</span> <span class='ocrx_word' id='word_1_441' title='bbox 909 1576 1037 1608; x_wconf 89' lang='lat' dir='ltr'>respon-</span> <span class='ocrx_word' id='word_1_442' title='bbox 1080 1567 1219 1598; x_wconf 87' lang='lat' dir='ltr'>torculari</span> <span class='ocrx_word' id='word_1_443' title='bbox 1236 1578 1304 1599; x_wconf 90' lang='lat' dir='ltr'>uvas</span> <span class='ocrx_word' id='word_1_444' title='bbox 1319 1569 1500 1610; x_wconf 86' lang='lat' dir='ltr'>comprimit,</span> <span class='ocrx_word' id='word_1_445' title='bbox 1519 1567 1789 1598; x_wconf 83' lang='lat' dir='ltr'>vehementerinde</span> <span class='ocrx_word' id='word_1_446' title='bbox 1803 1567 1901 1598; x_wconf 89' lang='lat' dir='ltr'>vinum</span> 
     </span>
    </p>
   </div>
   <div class='ocr_carea' id='block_1_58' title="bbox 216 1611 1901 1654">
    <p class='ocr_par' dir='ltr' id='par_1_58' title="bbox 216 1611 1901 1654">
     <span class='ocr_line' id='line_1_58' title="bbox 216 1611 1901 1654; baseline -0.001 -10"><span class='ocrx_word' id='word_1_447' title='bbox 216 1613 366 1649; x_wconf 88' lang='lat' dir='ltr'>debimus,</span> <span class='ocrx_word' id='word_1_448' title='bbox 379 1613 429 1653; x_wconf 93' lang='lat' dir='ltr'>qui</span> <span class='ocrx_word' id='word_1_449' title='bbox 458 1617 524 1653; x_wconf 90' lang='lat' dir='ltr'>post</span> <span class='ocrx_word' id='word_1_450' title='bbox 546 1613 684 1653; x_wconf 83' lang='lat' dir='ltr'>gratiam,</span> <span class='ocrx_word' id='word_1_451' title='bbox 710 1612 859 1652; x_wconf 85' lang='lat' dir='ltr'>talemque</span> <span class='ocrx_word' id='word_1_452' title='bbox 879 1621 912 1643; x_wconf 87' lang='lat' dir='ltr'>ac</span> <span class='ocrx_word' id='word_1_453' title='bbox 928 1616 1037 1643; x_wconf 89' lang='lat' dir='ltr'>tantam</span> <span class='ocrx_word' id='word_1_454' title='bbox 1079 1611 1226 1651; x_wconf 81' lang='lat' dir='ltr'>exprimit.</span> <span class='ocrx_word' id='word_1_455' title='bbox 1243 1612 1308 1644; x_wconf 88' lang='lat' dir='ltr'>Non</span> <span class='ocrx_word' id='word_1_456' title='bbox 1323 1623 1394 1644; x_wconf 89' lang='lat' dir='ltr'>uvas</span> <span class='ocrx_word' id='word_1_457' title='bbox 1409 1614 1458 1654; x_wconf 93' lang='lat' dir='ltr'>qui</span> <span class='ocrx_word' id='word_1_458' title='bbox 1483 1612 1597 1644; x_wconf 91' lang='lat' dir='ltr'>calcant</span> <span class='ocrx_word' id='word_1_459' title='bbox 1613 1612 1751 1652; x_wconf 86' lang='lat' dir='ltr'>primum,</span> <span class='ocrx_word' id='word_1_460' title='bbox 1769 1616 1901 1652; x_wconf 90' lang='lat' dir='ltr'>postmo-</span> 
     </span>
    </p>
   </div>
   <div class='ocr_carea' id='block_1_59' title="bbox 215 1655 1903 1699">
    <p class='ocr_par' dir='ltr' id='par_1_59' title="bbox 215 1655 1903 1699">
     <span class='ocr_line' id='line_1_59' title="bbox 215 1655 1903 1699; baseline -0.001 -11"><span class='ocrx_word' id='word_1_461' title='bbox 215 1657 457 1695; x_wconf 85' lang='lat' dir='ltr'>beneficentiam,</span> <span class='ocrx_word' id='word_1_462' title='bbox 475 1661 541 1698; x_wconf 91' lang='lat' dir='ltr'>post</span> <span class='ocrx_word' id='word_1_463' title='bbox 551 1657 655 1688; x_wconf 90' lang='lat' dir='ltr'>mortis</span> <span class='ocrx_word' id='word_1_464' title='bbox 670 1660 697 1688; x_wconf 85' lang='lat' dir='ltr'>et</span> <span class='ocrx_word' id='word_1_465' title='bbox 723 1657 836 1697; x_wconf 88' lang='lat' dir='ltr'>peccati</span> <span class='ocrx_word' id='word_1_466' title='bbox 856 1657 1035 1689; x_wconf 88' lang='lat' dir='ltr'>destructio-</span> <span class='ocrx_word' id='word_1_467' title='bbox 1079 1655 1148 1686; x_wconf 89' lang='lat' dir='ltr'>dum</span> <span class='ocrx_word' id='word_1_468' title='bbox 1165 1666 1216 1688; x_wconf 90' lang='lat' dir='ltr'>eas</span> <span class='ocrx_word' id='word_1_469' title='bbox 1230 1667 1299 1688; x_wconf 87' lang='lat' dir='ltr'>saxo</span> <span class='ocrx_word' id='word_1_470' title='bbox 1315 1658 1538 1699; x_wconf 90' lang='lat' dir='ltr'>superimmisso</span> <span class='ocrx_word' id='word_1_471' title='bbox 1551 1657 1731 1697; x_wconf 84' lang='lat' dir='ltr'>exprimunt,</span> <span class='ocrx_word' id='word_1_472' title='bbox 1748 1661 1777 1687; x_wconf 89' lang='lat' dir='ltr'>et</span> <span class='ocrx_word' id='word_1_473' title='bbox 1792 1656 1827 1686; x_wconf 86' lang='lat' dir='ltr'>iis</span> <span class='ocrx_word' id='word_1_474' title='bbox 1840 1665 1903 1687; x_wconf 93' lang='lat' dir='ltr'>om-</span> 
     </span>
    </p>
   </div>
   <div class='ocr_carea' id='block_1_60' title="bbox 216 1700 1903 1743">
    <p class='ocr_par' dir='ltr' id='par_1_60' title="bbox 216 1700 1903 1743">
     <span class='ocr_line' id='line_1_60' title="bbox 216 1700 1903 1743; baseline -0.001 -10"><span class='ocrx_word' id='word_1_475' title='bbox 216 1711 297 1740; x_wconf 88' lang='lat' dir='ltr'>nem,</span> <span class='ocrx_word' id='word_1_476' title='bbox 315 1707 381 1743; x_wconf 92' lang='lat' dir='ltr'>post</span> <span class='ocrx_word' id='word_1_477' title='bbox 396 1702 810 1743; x_wconf 86' lang='lat' dir='ltr'>baptismiregenerationem,</span> <span class='ocrx_word' id='word_1_478' title='bbox 825 1706 853 1733; x_wconf 86' lang='lat' dir='ltr'>et</span> <span class='ocrx_word' id='word_1_479' title='bbox 868 1705 1038 1733; x_wconf 86' lang='lat' dir='ltr'>sanctorum</span> <span class='ocrx_word' id='word_1_480' title='bbox 1080 1710 1148 1731; x_wconf 91' lang='lat' dir='ltr'>nem</span> <span class='ocrx_word' id='word_1_481' title='bbox 1161 1702 1220 1733; x_wconf 91' lang='lat' dir='ltr'>vini</span> <span class='ocrx_word' id='word_1_482' title='bbox 1236 1703 1390 1734; x_wconf 91' lang='lat' dir='ltr'>humorem</span> <span class='ocrx_word' id='word_1_483' title='bbox 1405 1702 1720 1741; x_wconf 61' lang='lat' dir='ltr'>demunt.‘,[lominem</span> <span class='ocrx_word' id='word_1_484' title='bbox 1737 1705 1834 1732; x_wconf 86' lang='lat' dir='ltr'>autem</span> <span class='ocrx_word' id='word_1_485' title='bbox 1849 1700 1903 1732; x_wconf 90' lang='lat' dir='ltr'>Dei</span> 
     </span>
    </p>
   </div>
   <div class='ocr_carea' id='block_1_61' title="bbox 214 1745 1903 1788">
    <p class='ocr_par' dir='ltr' id='par_1_61' title="bbox 214 1745 1903 1788">
     <span class='ocr_line' id='line_1_61' title="bbox 214 1745 1903 1788; baseline -0.001 -10"><span class='ocrx_word' id='word_1_486' title='bbox 214 1747 387 1787; x_wconf 78' lang='lat' dir='ltr'>angelorum</span> <span class='ocrx_word' id='word_1_487' title='bbox 403 1747 580 1785; x_wconf 88' lang='lat' dir='ltr'>custodiam,</span> <span class='ocrx_word' id='word_1_488' title='bbox 612 1751 640 1778; x_wconf 90' lang='lat' dir='ltr'>et</span> <span class='ocrx_word' id='word_1_489' title='bbox 662 1747 759 1788; x_wconf 89' lang='lat' dir='ltr'>ipsam</span> <span class='ocrx_word' id='word_1_490' title='bbox 787 1747 916 1787; x_wconf 89' lang='lat' dir='ltr'>Spiritus</span> <span class='ocrx_word' id='word_1_491' title='bbox 946 1745 1041 1777; x_wconf 85' lang='lat' dir='ltr'>sancti</span> <span class='ocrx_word' id='word_1_492' title='bbox 1081 1745 1219 1777; x_wconf 84' lang='lat' dir='ltr'>timorem</span> <span class='ocrx_word' id='word_1_493' title='bbox 1244 1747 1423 1787; x_wconf 86' lang='lat' dir='ltr'>ingressum,</span> <span class='ocrx_word' id='word_1_494' title='bbox 1441 1748 1506 1788; x_wconf 89' lang='lat' dir='ltr'>ipse</span> <span class='ocrx_word' id='word_1_495' title='bbox 1522 1747 1610 1777; x_wconf 89' lang='lat' dir='ltr'>timor</span> <span class='ocrx_word' id='word_1_496' title='bbox 1633 1746 1771 1777; x_wconf 92' lang='lat' dir='ltr'>omnibus</span> <span class='ocrx_word' id='word_1_497' title='bbox 1786 1754 1818 1776; x_wconf 91' lang='lat' dir='ltr'>se</span> <span class='ocrx_word' id='word_1_498' title='bbox 1833 1755 1903 1776; x_wconf 88' lang='lat' dir='ltr'>con-</span> 
     </span>
    </p>
   </div>
   <div class='ocr_carea' id='block_1_62' title="bbox 217 1790 1905 1833">
    <p class='ocr_par' dir='ltr' id='par_1_62' title="bbox 217 1790 1905 1833">
     <span class='ocr_line' id='line_1_62' title="bbox 217 1790 1905 1833; baseline -0.002 -9"><span class='ocrx_word' id='word_1_499' title='bbox 217 1793 487 1831; x_wconf 88' lang='lat' dir='ltr'>abumbrationem,</span> <span class='ocrx_word' id='word_1_500' title='bbox 508 1792 725 1833; x_wconf 88' lang='lat' dir='ltr'>adventumque</span> <span class='ocrx_word' id='word_1_501' title='bbox 749 1801 838 1832; x_wconf 90' lang='lat' dir='ltr'>super</span> <span class='ocrx_word' id='word_1_502' title='bbox 857 1800 921 1829; x_wconf 87' lang='lat' dir='ltr'>nos,</span> <span class='ocrx_word' id='word_1_503' title='bbox 934 1801 972 1822; x_wconf 92' lang='lat' dir='ltr'>ne</span> <span class='ocrx_word' id='word_1_504' title='bbox 983 1790 1041 1821; x_wconf 90' lang='lat' dir='ltr'>illis</span> <span class='ocrx_word' id='word_1_505' title='bbox 1083 1790 1258 1822; x_wconf 88' lang='lat' dir='ltr'>culcandum</span> <span class='ocrx_word' id='word_1_506' title='bbox 1281 1792 1412 1832; x_wconf 74' lang='lat' dir='ltr'>prtebere</span> <span class='ocrx_word' id='word_1_507' title='bbox 1425 1793 1503 1823; x_wconf 84' lang='lat' dir='ltr'>facit.</span> <span class='ocrx_word' id='word_1_508' title='bbox 1521 1792 1556 1822; x_wconf 91' lang='lat' dir='ltr'>Et</span> <span class='ocrx_word' id='word_1_509' title='bbox 1581 1801 1647 1822; x_wconf 93' lang='lat' dir='ltr'>cum</span> <span class='ocrx_word' id='word_1_510' title='bbox 1678 1790 1859 1831; x_wconf 82' lang='lat' dir='ltr'>superbiam,</span> <span class='ocrx_word' id='word_1_511' title='bbox 1876 1794 1905 1821; x_wconf 90' lang='lat' dir='ltr'>et</span> 
     </span>
    </p>
   </div>
   <div class='ocr_carea' id='block_1_63' title="bbox 216 1834 1905 1880">
    <p class='ocr_par' dir='ltr' id='par_1_63' title="bbox 216 1834 1905 1880">
     <span class='ocr_line' id='line_1_63' title="bbox 216 1834 1905 1880; baseline -0.003 -11"><span class='ocrx_word' id='word_1_512' title='bbox 216 1839 338 1880; x_wconf 90' lang='lat' dir='ltr'>quidem</span> <span class='ocrx_word' id='word_1_513' title='bbox 354 1837 479 1878; x_wconf 85' lang='lat' dir='ltr'>quiante</span> <span class='ocrx_word' id='word_1_514' title='bbox 488 1837 610 1876; x_wconf 79' lang='lat' dir='ltr'>gratiam</span> <span class='ocrx_word' id='word_1_515' title='bbox 619 1837 749 1875; x_wconf 84' lang='lat' dir='ltr'>fuerunt,</span> <span class='ocrx_word' id='word_1_516' title='bbox 762 1845 848 1878; x_wconf 91' lang='lat' dir='ltr'>pares</span> <span class='ocrx_word' id='word_1_517' title='bbox 863 1836 1043 1873; x_wconf 86' lang='lat' dir='ltr'>invenimur,</span> <span class='ocrx_word' id='word_1_518' title='bbox 1090 1835 1276 1875; x_wconf 89' lang='lat' dir='ltr'>cogitationis</span> <span class='ocrx_word' id='word_1_519' title='bbox 1290 1837 1400 1878; x_wconf 87' lang='lat' dir='ltr'>carnis,</span> <span class='ocrx_word' id='word_1_520' title='bbox 1416 1847 1496 1867; x_wconf 80' lang='lat' dir='ltr'>vanae</span> <span class='ocrx_word' id='word_1_521' title='bbox 1511 1836 1611 1876; x_wconf 84' lang='lat' dir='ltr'>gloriae</span> <span class='ocrx_word' id='word_1_522' title='bbox 1635 1835 1761 1876; x_wconf 89' lang='lat' dir='ltr'>cupidus</span> <span class='ocrx_word' id='word_1_523' title='bbox 1776 1834 1905 1875; x_wconf 76' lang='lat' dir='ltr'>perfecte</span> 
     </span>
    </p>
   </div>
   <div class='ocr_carea' id='block_1_64' title="bbox 217 1879 1902 1923">
    <p class='ocr_par' dir='ltr' id='par_1_64' title="bbox 217 1879 1902 1923">
     <span class='ocr_line' id='line_1_64' title="bbox 217 1879 1902 1923; baseline -0.003 -9"><span class='ocrx_word' id='word_1_524' title='bbox 217 1879 271 1914; x_wconf 83' lang='lat' dir='ltr'>sed</span> <span class='ocrx_word' id='word_1_525' title='bbox 286 1883 401 1923; x_wconf 82' lang='lat' dir='ltr'>ignavia</span> <span class='ocrx_word' id='word_1_526' title='bbox 416 1882 573 1923; x_wconf 87' lang='lat' dir='ltr'>corruptis,</span> <span class='ocrx_word' id='word_1_527' title='bbox 591 1881 643 1913; x_wconf 90' lang='lat' dir='ltr'>Dei</span> <span class='ocrx_word' id='word_1_528' title='bbox 655 1883 737 1922; x_wconf 89' lang='lat' dir='ltr'>jussa</span> <span class='ocrx_word' id='word_1_529' title='bbox 769 1881 993 1922; x_wconf 79' lang='lat' dir='ltr'>vilipendimus,</span> <span class='ocrx_word' id='word_1_530' title='bbox 1012 1890 1046 1911; x_wconf 86' lang='lat' dir='ltr'>ac</span> <span class='ocrx_word' id='word_1_531' title='bbox 1087 1881 1267 1920; x_wconf 88' lang='lat' dir='ltr'>contriverit,</span> <span class='ocrx_word' id='word_1_532' title='bbox 1278 1887 1365 1923; x_wconf 89' lang='lat' dir='ltr'>atque</span> <span class='ocrx_word' id='word_1_533' title='bbox 1373 1882 1602 1916; x_wconf 88' lang='lat' dir='ltr'>deleverit,tunc</span> <span class='ocrx_word' id='word_1_534' title='bbox 1614 1885 1730 1912; x_wconf 86' lang='lat' dir='ltr'>sanctas</span> <span class='ocrx_word' id='word_1_535' title='bbox 1742 1879 1902 1916; x_wconf 88' lang='lat' dir='ltr'>humilitas,</span> 
     </span>
    </p>
   </div>
   <div class='ocr_carea' id='block_1_65' title="bbox 216 1924 1905 1970">
    <p class='ocr_par' dir='ltr' id='par_1_65' title="bbox 216 1924 1905 1970">
     <span class='ocr_line' id='line_1_65' title="bbox 216 1924 1905 1970; baseline -0.003 -11"><span class='ocrx_word' id='word_1_536' title='bbox 216 1927 403 1970; x_wconf 68' lang='lat' dir='ltr'>praeterimus</span> <span class='ocrx_word' id='word_1_537' title='bbox 415 1927 531 1958; x_wconf 85' lang='lat' dir='ltr'>?Proro</span> <span class='ocrx_word' id='word_1_538' title='bbox 541 1927 657 1967; x_wconf 86' lang='lat' dir='ltr'>gravius</span> <span class='ocrx_word' id='word_1_539' title='bbox 668 1936 722 1958; x_wconf 92' lang='lat' dir='ltr'>nos</span> <span class='ocrx_word' id='word_1_540' title='bbox 736 1927 870 1968; x_wconf 90' lang='lat' dir='ltr'>punitum</span> <span class='ocrx_word' id='word_1_541' title='bbox 887 1927 936 1966; x_wconf 87' lang='lat' dir='ltr'>iri,</span> <span class='ocrx_word' id='word_1_542' title='bbox 956 1934 1042 1966; x_wconf 90' lang='lat' dir='ltr'>quam</span> <span class='ocrx_word' id='word_1_543' title='bbox 1085 1925 1136 1956; x_wconf 89' lang='lat' dir='ltr'>ille</span> <span class='ocrx_word' id='word_1_544' title='bbox 1151 1926 1236 1967; x_wconf 89' lang='lat' dir='ltr'>lapis,</span> <span class='ocrx_word' id='word_1_545' title='bbox 1255 1928 1305 1968; x_wconf 89' lang='lat' dir='ltr'>qui</span> <span class='ocrx_word' id='word_1_546' title='bbox 1321 1931 1421 1958; x_wconf 86' lang='lat' dir='ltr'>mente</span> <span class='ocrx_word' id='word_1_547' title='bbox 1438 1925 1612 1967; x_wconf 86' lang='lat' dir='ltr'>percipitur,</span> <span class='ocrx_word' id='word_1_548' title='bbox 1629 1925 1795 1970; x_wconf 86' lang='lat' dir='ltr'>levissimus</span> <span class='ocrx_word' id='word_1_549' title='bbox 1810 1928 1838 1954; x_wconf 89' lang='lat' dir='ltr'>et</span> <span class='ocrx_word' id='word_1_550' title='bbox 1851 1924 1905 1955; x_wconf 88' lang='lat' dir='ltr'>uti-</span> 
     </span>
    </p>
   </div>
   <div class='ocr_carea' id='block_1_66' title="bbox 216 1969 1902 2014">
    <p class='ocr_par' dir='ltr' id='par_1_66' title="bbox 216 1969 1902 2014">
     <span class='ocr_line' id='line_1_66' title="bbox 216 1969 1902 2014; baseline -0.004 -10"><span class='ocrx_word' id='word_1_551' title='bbox 216 1969 268 2013; x_wconf 86' lang='lat' dir='ltr'>qui</span> <span class='ocrx_word' id='word_1_552' title='bbox 283 1973 312 2004; x_wconf 93' lang='lat' dir='ltr'>in</span> <span class='ocrx_word' id='word_1_553' title='bbox 329 1973 394 2012; x_wconf 83' lang='lat' dir='ltr'>lege</span> <span class='ocrx_word' id='word_1_554' title='bbox 409 1978 617 2013; x_wconf 88' lang='lat' dir='ltr'>peccaverunt,</span> <span class='ocrx_word' id='word_1_555' title='bbox 633 1972 700 2004; x_wconf 92' lang='lat' dir='ltr'>siin</span> <span class='ocrx_word' id='word_1_556' title='bbox 724 1971 853 2014; x_wconf 81' lang='lat' dir='ltr'>peccatis</span> <span class='ocrx_word' id='word_1_557' title='bbox 867 1980 1042 2011; x_wconf 91' lang='lat' dir='ltr'>permanse-</span> <span class='ocrx_word' id='word_1_558' title='bbox 1085 1969 1217 2002; x_wconf 90' lang='lat' dir='ltr'>lissimus</span> <span class='ocrx_word' id='word_1_559' title='bbox 1235 1972 1366 2012; x_wconf 83' lang='lat' dir='ltr'>desuper</span> <span class='ocrx_word' id='word_1_560' title='bbox 1392 1972 1524 2012; x_wconf 85' lang='lat' dir='ltr'>illapsus,</span> <span class='ocrx_word' id='word_1_561' title='bbox 1552 1970 1600 2000; x_wconf 89' lang='lat' dir='ltr'>ubi</span> <span class='ocrx_word' id='word_1_562' title='bbox 1630 1974 1721 2000; x_wconf 91' lang='lat' dir='ltr'>totum</span> <span class='ocrx_word' id='word_1_563' title='bbox 1749 1969 1902 1999; x_wconf 87' lang='lat' dir='ltr'>humorem</span> 
     </span>
    </p>
   </div>
   <div class='ocr_carea' id='block_1_67' title="bbox 214 2013 1902 2058">
    <p class='ocr_par' dir='ltr' id='par_1_67' title="bbox 214 2013 1902 2058">
     <span class='ocr_line' id='line_1_67' title="bbox 214 2013 1902 2058; baseline -0.003 -10"><span class='ocrx_word' id='word_1_564' title='bbox 214 2017 321 2054; x_wconf 88' lang='lat' dir='ltr'>rimus,</span> <span class='ocrx_word' id='word_1_565' title='bbox 339 2017 626 2048; x_wconf 87' lang='lat' dir='ltr'>sanctusPaulushis</span> <span class='ocrx_word' id='word_1_566' title='bbox 636 2016 884 2048; x_wconf 89' lang='lat' dir='ltr'>verbisindicavit</span> <span class='ocrx_word' id='word_1_567' title='bbox 897 2025 904 2047; x_wconf 71' lang='grc' dir='ltr'><strong><em>ι</em></strong></span> <span class='ocrx_word' id='word_1_568' title='bbox 917 2016 951 2046; x_wconf 78' lang='lat' dir='ltr'>Si</span> <span class='ocrx_word' id='word_1_569' title='bbox 960 2015 1040 2046; x_wconf 83' lang='lat' dir='ltr'>enim</span> <span class='ocrx_word' id='word_1_570' title='bbox 1085 2016 1246 2048; x_wconf 88' lang='lat' dir='ltr'>carnalium</span> <span class='ocrx_word' id='word_1_571' title='bbox 1262 2017 1442 2058; x_wconf 88' lang='lat' dir='ltr'>voluptatum</span> <span class='ocrx_word' id='word_1_572' title='bbox 1462 2013 1902 2054; x_wconf 77' lang='lat' dir='ltr'>affectionumqueexpresserit,</span> 
     </span>
    </p>
   </div>
   <div class='ocr_carea' id='block_1_68' title="bbox 216 2057 1902 2104">
    <p class='ocr_par' dir='ltr' id='par_1_68' title="bbox 216 2057 1902 2104">
     <span class='ocr_line' id='line_1_68' title="bbox 216 2057 1902 2104; baseline -0.005 -9"><span class='ocrx_word' id='word_1_573' title='bbox 216 2065 270 2104; x_wconf 81' lang='lat' dir='ltr'>qui</span> <span class='ocrx_word' id='word_1_574' title='bbox 281 2071 340 2104; x_wconf 82' lang='lat' dir='ltr'>per</span> <span class='ocrx_word' id='word_1_575' title='bbox 350 2063 473 2103; x_wconf 82' lang='lat' dir='ltr'>angelos</span> <span class='ocrx_word' id='word_1_576' title='bbox 487 2062 585 2094; x_wconf 79' lang='lat' dir='ltr'>dictus</span> <span class='ocrx_word' id='word_1_577' title='bbox 595 2066 637 2094; x_wconf 83' lang='lat' dir='ltr'>est</span> <span class='ocrx_word' id='word_1_578' title='bbox 646 2063 864 2102; x_wconf 75' lang='lat' dir='ltr'>semo,faclu3</span> <span class='ocrx_word' id='word_1_579' title='bbox 873 2065 917 2092; x_wconf 80' lang='lat' dir='ltr'>est</span> <span class='ocrx_word' id='word_1_580' title='bbox 925 2060 1043 2100; x_wconf 73' lang='lat' dir='ltr'>ﬁrmus,</span> <span class='ocrx_word' id='word_1_581' title='bbox 1088 2061 1215 2093; x_wconf 91' lang='lat' dir='ltr'>animam</span> <span class='ocrx_word' id='word_1_582' title='bbox 1231 2062 1271 2093; x_wconf 88' lang='lat' dir='ltr'>ita</span> <span class='ocrx_word' id='word_1_583' title='bbox 1285 2057 1468 2103; x_wconf 76' lang='lat' dir='ltr'>expressam,</span> <span class='ocrx_word' id='word_1_584' title='bbox 1486 2061 1598 2091; x_wconf 80' lang='lat' dir='ltr'>fructus</span> <span class='ocrx_word' id='word_1_585' title='bbox 1623 2058 1701 2089; x_wconf 81' lang='lat' dir='ltr'>haud</span> <span class='ocrx_word' id='word_1_586' title='bbox 1712 2058 1833 2104; x_wconf 83' lang='lat' dir='ltr'>inanem</span> <span class='ocrx_word' id='word_1_587' title='bbox 1849 2057 1902 2088; x_wconf 91' lang='lat' dir='ltr'>de-</span> 
     </span>
    </p>
   </div>
   <div class='ocr_carea' id='block_1_69' title="bbox 215 2103 1901 2148">
    <p class='ocr_par' dir='ltr' id='par_1_69' title="bbox 215 2103 1901 2148">
     <span class='ocr_line' id='line_1_69' title="bbox 215 2103 1901 2148; baseline -0.005 -8"><span class='ocrx_word' id='word_1_588' title='bbox 215 2103 246 2140; x_wconf 74' lang='lat' dir='ltr'>et</span> <span class='ocrx_word' id='word_1_589' title='bbox 261 2103 359 2140; x_wconf 77' lang='lat' dir='ltr'>omnis</span> <span class='ocrx_word' id='word_1_590' title='bbox 369 2106 970 2148; x_wconf 59' lang='lat' dir='ltr'>praevaricatione!inobedientiaaccepit</span> <span class='ocrx_word' id='word_1_591' title='bbox 980 2107 1046 2144; x_wconf 64' lang='lat' dir='ltr'>jus-</span> <span class='ocrx_word' id='word_1_592' title='bbox 1089 2110 1256 2138; x_wconf 87' lang='lat' dir='ltr'>monstrat:</span> <span class='ocrx_word' id='word_1_593' title='bbox 1286 2107 1338 2138; x_wconf 91' lang='lat' dir='ltr'>sed</span> <span class='ocrx_word' id='word_1_594' title='bbox 1364 2116 1430 2137; x_wconf 92' lang='lat' dir='ltr'>cum</span> <span class='ocrx_word' id='word_1_595' title='bbox 1456 2115 1520 2136; x_wconf 92' lang='lat' dir='ltr'>eam</span> <span class='ocrx_word' id='word_1_596' title='bbox 1559 2104 1681 2135; x_wconf 89' lang='lat' dir='ltr'>ﬂumine</span> <span class='ocrx_word' id='word_1_597' title='bbox 1709 2103 1901 2148; x_wconf 76' lang='lat' dir='ltr'>lacrymarum</span> 
     </span>
    </p>
   </div>
   <div class='ocr_carea' id='block_1_70' title="bbox 215 2147 1903 2192">
    <p class='ocr_par' dir='ltr' id='par_1_70' title="bbox 215 2147 1903 2192">
     <span class='ocr_line' id='line_1_70' title="bbox 215 2147 1903 2192; baseline -0.004 -8"><span class='ocrx_word' id='word_1_598' title='bbox 215 2157 277 2184; x_wconf 75' lang='lat' dir='ltr'>tam</span> <span class='ocrx_word' id='word_1_599' title='bbox 292 2147 438 2184; x_wconf 76' lang='lat' dir='ltr'>mercedis</span> <span class='ocrx_word' id='word_1_600' title='bbox 453 2151 700 2189; x_wconf 73' lang='lat' dir='ltr'>retributionem,</span> <span class='ocrx_word' id='word_1_601' title='bbox 731 2152 879 2192; x_wconf 81' lang='lat' dir='ltr'>quomodo</span> <span class='ocrx_word' id='word_1_602' title='bbox 894 2159 948 2181; x_wconf 83' lang='lat' dir='ltr'>nos</span> <span class='ocrx_word' id='word_1_603' title='bbox 964 2149 1044 2189; x_wconf 73' lang='lat' dir='ltr'>e/I‘u-</span> <span class='ocrx_word' id='word_1_604' title='bbox 1087 2151 1261 2190; x_wconf 82' lang='lat' dir='ltr'>perfuderit,</span> <span class='ocrx_word' id='word_1_605' title='bbox 1274 2160 1380 2192; x_wconf 86' lang='lat' dir='ltr'>aquam</span> <span class='ocrx_word' id='word_1_606' title='bbox 1394 2151 1485 2180; x_wconf 91' lang='lat' dir='ltr'>vivam</span> <span class='ocrx_word' id='word_1_607' title='bbox 1501 2149 1645 2180; x_wconf 87' lang='lat' dir='ltr'>scaturire</span> <span class='ocrx_word' id='word_1_608' title='bbox 1661 2147 1739 2184; x_wconf 80' lang='lat' dir='ltr'>facit,</span> <span class='ocrx_word' id='word_1_609' title='bbox 1759 2147 1903 2178; x_wconf 84' lang='lat' dir='ltr'>etintlicta</span> 
     </span>
    </p>
   </div>
   <div class='ocr_carea' id='block_1_71' title="bbox 214 2191 1903 2244">
    <p class='ocr_par' dir='ltr' id='par_1_71' title="bbox 214 2191 1903 2244">
     <span class='ocr_line' id='line_1_71' title="bbox 214 2191 1903 2244; baseline -0.005 -15"><span class='ocrx_word' id='word_1_610' title='bbox 214 2199 331 2239; x_wconf 82' lang='lat' dir='ltr'>giemus</span> <span class='ocrx_word' id='word_1_611' title='bbox 344 2198 373 2228; x_wconf 77' lang='lat' dir='ltr'>si</span> <span class='ocrx_word' id='word_1_612' title='bbox 397 2199 516 2228; x_wconf 77' lang='lat' dir='ltr'>tantum</span> <span class='ocrx_word' id='word_1_613' title='bbox 531 2191 752 2236; x_wconf 69' lang='lat' dir='ltr'>neglexerimus</span> <span class='ocrx_word' id='word_1_614' title='bbox 767 2196 896 2228; x_wconf 79' lang='lat' dir='ltr'>salutent</span> <span class='ocrx_word' id='word_1_615' title='bbox 906 2195 964 2225; x_wconf 86' lang='lat'>97?</span> <span class='ocrx_word' id='word_1_616' title='bbox 1055 2205 1103 2244; x_wconf 78' lang='lat' dir='ltr'>Da</span> <span class='ocrx_word' id='word_1_617' title='bbox 1131 2200 1251 2236; x_wconf 88' lang='lat' dir='ltr'>peccato</span> <span class='ocrx_word' id='word_1_618' title='bbox 1280 2191 1401 2227; x_wconf 87' lang='lat' dir='ltr'>vulnera</span> <span class='ocrx_word' id='word_1_619' title='bbox 1431 2198 1719 2244; x_wconf 31' lang='lat' dir='ltr'>sanatineorumque</span> <span class='ocrx_word' id='word_1_620' title='bbox 1746 2191 1903 2244; x_wconf 55' lang='lat' dir='ltr'>saniem&#39;et</span> 
     </span>
    </p>
   </div>
   <div class='ocr_carea' id='block_1_72' title="bbox 256 2236 1903 2282">
    <p class='ocr_par' dir='ltr' id='par_1_72' title="bbox 256 2236 1903 2282">
     <span class='ocr_line' id='line_1_72' title="bbox 256 2236 1903 2282; baseline -0.005 -9"><span class='ocrx_word' id='word_1_621' title='bbox 256 2242 320 2274; x_wconf 91' lang='lat' dir='ltr'>Non</span> <span class='ocrx_word' id='word_1_622' title='bbox 327 2250 397 2282; x_wconf 88' lang='lat' dir='ltr'>ergo</span> <span class='ocrx_word' id='word_1_623' title='bbox 405 2241 567 2280; x_wconf 81' lang='lat' dir='ltr'>Adamum,</span> <span class='ocrx_word' id='word_1_624' title='bbox 576 2241 628 2273; x_wconf 92' lang='lat' dir='ltr'>sed</span> <span class='ocrx_word' id='word_1_625' title='bbox 637 2241 832 2282; x_wconf 89' lang='lat' dir='ltr'>semetipsum</span> <span class='ocrx_word' id='word_1_626' title='bbox 840 2241 1042 2282; x_wconf 84' lang='lat' dir='ltr'>unusquisque</span> <span class='ocrx_word' id='word_1_627' title='bbox 1055 2236 1076 2244; x_wconf 81' lang='grc'>”</span> <span class='ocrx_word' id='word_1_628' title='bbox 1087 2241 1186 2272; x_wconf 92' lang='lat' dir='ltr'>ulcera</span> <span class='ocrx_word' id='word_1_629' title='bbox 1196 2241 1299 2281; x_wconf 86' lang='lat' dir='ltr'>abluit,</span> <span class='ocrx_word' id='word_1_630' title='bbox 1313 2245 1340 2271; x_wconf 90' lang='lat' dir='ltr'>et</span> <span class='ocrx_word' id='word_1_631' title='bbox 1351 2240 1502 2271; x_wconf 90' lang='lat' dir='ltr'>hominem</span> <span class='ocrx_word' id='word_1_632' title='bbox 1516 2238 1599 2268; x_wconf 91' lang='lat' dir='ltr'>illum</span> <span class='ocrx_word' id='word_1_633' title='bbox 1619 2241 1711 2267; x_wconf 87' lang='lat' dir='ltr'>totum</span> <span class='ocrx_word' id='word_1_634' title='bbox 1724 2236 1790 2267; x_wconf 89' lang='lat' dir='ltr'>nive</span> <span class='ocrx_word' id='word_1_635' title='bbox 1804 2236 1903 2282; x_wconf 16' lang='lat' dir='ltr'>calidi-7</span> 
     </span>
    </p>
   </div>
   <div class='ocr_carea' id='block_1_73' title="bbox 215 2281 1902 2326">
    <p class='ocr_par' dir='ltr' id='par_1_73' title="bbox 215 2281 1902 2326">
     <span class='ocr_line' id='line_1_73' title="bbox 215 2281 1902 2326; baseline -0.006 -7"><span class='ocrx_word' id='word_1_636' title='bbox 215 2292 350 2319; x_wconf 90' lang='lat' dir='ltr'>nostrum</span> <span class='ocrx_word' id='word_1_637' title='bbox 365 2290 486 2318; x_wconf 89' lang='lat' dir='ltr'>accuset</span> <span class='ocrx_word' id='word_1_638' title='bbox 501 2290 530 2316; x_wconf 87' lang='lat' dir='ltr'>et</span> <span class='ocrx_word' id='word_1_639' title='bbox 551 2281 763 2326; x_wconf 84' lang='lat' dir='ltr'>reprehendat,</span> <span class='ocrx_word' id='word_1_640' title='bbox 789 2286 819 2317; x_wconf 92' lang='lat' dir='ltr'>in</span> <span class='ocrx_word' id='word_1_641' title='bbox 845 2281 1044 2326; x_wconf 87' lang='lat' dir='ltr'>quodcunque</span> <span class='ocrx_word' id='word_1_642' title='bbox 1085 2285 1199 2316; x_wconf 90' lang='lat' dir='ltr'>diorem</span> <span class='ocrx_word' id='word_1_643' title='bbox 1216 2285 1335 2316; x_wconf 89' lang='lat' dir='ltr'>reddit:</span> <span class='ocrx_word' id='word_1_644' title='bbox 1363 2284 1450 2315; x_wconf 89' lang='lat' dir='ltr'>modo</span> <span class='ocrx_word' id='word_1_645' title='bbox 1473 2282 1594 2322; x_wconf 85' lang='lat' dir='ltr'>nequis</span> <span class='ocrx_word' id='word_1_646' title='bbox 1624 2281 1713 2311; x_wconf 90' lang='lat' dir='ltr'>dubio</span> <span class='ocrx_word' id='word_1_647' title='bbox 1743 2285 1772 2311; x_wconf 92' lang='lat' dir='ltr'>et</span> <span class='ocrx_word' id='word_1_648' title='bbox 1787 2281 1902 2321; x_wconf 87' lang='lat' dir='ltr'>ancipiti</span> 
     </span>
    </p>
   </div>
   <div class='ocr_carea' id='block_1_74' title="bbox 217 2325 1901 2374">
    <p class='ocr_par' dir='ltr' id='par_1_74' title="bbox 217 2325 1901 2374">
     <span class='ocr_line' id='line_1_74' title="bbox 217 2325 1901 2374; baseline -0.005 -10"><span class='ocrx_word' id='word_1_649' title='bbox 217 2337 375 2374; x_wconf 86' lang='lat' dir='ltr'>peccatum</span> <span class='ocrx_word' id='word_1_650' title='bbox 392 2329 543 2367; x_wconf 91' lang='lat' dir='ltr'>inciderit,</span> <span class='ocrx_word' id='word_1_651' title='bbox 557 2325 625 2362; x_wconf 76' lang='lat' dir='ltr'>etsi</span> <span class='ocrx_word' id='word_1_652' title='bbox 640 2331 728 2362; x_wconf 89' lang='lat' dir='ltr'>vitam</span> <span class='ocrx_word' id='word_1_653' title='bbox 743 2325 883 2362; x_wconf 76' lang='lat' dir='ltr'>aeternam</span> <span class='ocrx_word' id='word_1_654' title='bbox 899 2330 1045 2361; x_wconf 80' lang='lat' dir='ltr'>velitcon—</span> <span class='ocrx_word' id='word_1_655' title='bbox 1089 2331 1179 2361; x_wconf 88' lang='lat' dir='ltr'>corde</span> <span class='ocrx_word' id='word_1_656' title='bbox 1189 2330 1224 2360; x_wconf 88' lang='lat' dir='ltr'>ad</span> <span class='ocrx_word' id='word_1_657' title='bbox 1239 2330 1332 2361; x_wconf 93' lang='lat' dir='ltr'>Denm</span> <span class='ocrx_word' id='word_1_658' title='bbox 1345 2330 1477 2361; x_wconf 60' lang='lat' dir='ltr'>accedat.</span> <span class='ocrx_word' id='word_1_659' title='bbox 1490 2327 1638 2374; x_wconf 76' lang='lat' dir='ltr'>Dubitatio</span> <span class='ocrx_word' id='word_1_660' title='bbox 1651 2326 1730 2374; x_wconf 82' lang='lat' dir='ltr'>enim</span> <span class='ocrx_word' id='word_1_661' title='bbox 1743 2325 1839 2374; x_wconf 77' lang='lat' dir='ltr'>cordis</span> <span class='ocrx_word' id='word_1_662' title='bbox 1850 2331 1901 2362; x_wconf 86' lang='lat' dir='ltr'>est,</span> 
     </span>
    </p>
   </div>
   <div class='ocr_carea' id='block_1_75' title="bbox 213 2370 1901 2418">
    <p class='ocr_par' dir='ltr' id='par_1_75' title="bbox 213 2370 1901 2418">
     <span class='ocr_line' id='line_1_75' title="bbox 213 2370 1901 2418; baseline -0.005 -11"><span class='ocrx_word' id='word_1_663' title='bbox 213 2370 299 2418; x_wconf 76' lang='lat' dir='ltr'>sequi</span> <span class='ocrx_word' id='word_1_664' title='bbox 315 2377 345 2407; x_wconf 95' lang='lat' dir='ltr'>in</span> <span class='ocrx_word' id='word_1_665' title='bbox 360 2376 499 2413; x_wconf 91' lang='lat' dir='ltr'>Domino,</span> <span class='ocrx_word' id='word_1_666' title='bbox 518 2375 734 2416; x_wconf 77' lang='lat' dir='ltr'>ptenitentiam,</span> <span class='ocrx_word' id='word_1_667' title='bbox 749 2378 793 2416; x_wconf 45' lang='lat' dir='ltr'>aut</span> <span class='ocrx_word' id='word_1_668' title='bbox 822 2376 872 2406; x_wconf 94' lang='lat' dir='ltr'>ille</span> <span class='ocrx_word' id='word_1_669' title='bbox 897 2375 1045 2415; x_wconf 87' lang='lat' dir='ltr'>ostendat,</span> <span class='ocrx_word' id='word_1_670' title='bbox 1089 2375 1272 2412; x_wconf 83' lang='lat' dir='ltr'>ratiocinari,</span> <span class='ocrx_word' id='word_1_671' title='bbox 1290 2381 1340 2406; x_wconf 86' lang='lat' dir='ltr'>aut.</span> <span class='ocrx_word' id='word_1_672' title='bbox 1356 2375 1442 2414; x_wconf 88' lang='lat' dir='ltr'>plane</span> <span class='ocrx_word' id='word_1_673' title='bbox 1457 2382 1557 2418; x_wconf 85' lang='lat' dir='ltr'>secum</span> <span class='ocrx_word' id='word_1_674' title='bbox 1569 2371 1609 2418; x_wconf 73' lang='lat' dir='ltr'>ita</span> <span class='ocrx_word' id='word_1_675' title='bbox 1633 2371 1764 2418; x_wconf 75' lang='lat' dir='ltr'>cogitare</span> <span class='ocrx_word' id='word_1_676' title='bbox 1781 2370 1901 2418; x_wconf 36' lang='lat' dir='ltr'>misere-</span> 
     </span>
    </p>
   </div>
   <div class='ocr_carea' id='block_1_76' title="bbox 212 2414 1902 2461">
    <p class='ocr_par' dir='ltr' id='par_1_76' title="bbox 212 2414 1902 2461">
     <span class='ocr_line' id='line_1_76' title="bbox 212 2414 1902 2461; baseline -0.006 -8"><span class='ocrx_word' id='word_1_677' title='bbox 212 2414 288 2454; x_wconf 78' lang='lat' dir='ltr'>ﬂens</span> <span class='ocrx_word' id='word_1_678' title='bbox 304 2421 336 2453; x_wconf 89' lang='lat' dir='ltr'>in</span> <span class='ocrx_word' id='word_1_679' title='bbox 350 2421 454 2452; x_wconf 87' lang='lat' dir='ltr'>dolore</span> <span class='ocrx_word' id='word_1_680' title='bbox 479 2414 580 2452; x_wconf 74' lang='lat' dir='ltr'>cordis</span> <span class='ocrx_word' id='word_1_681' title='bbox 604 2421 696 2455; x_wconf 83' lang='lat' dir='ltr'>sui.et</span> <span class='ocrx_word' id='word_1_682' title='bbox 721 2414 759 2452; x_wconf 41' lang='lat' dir='ltr'>in&#39;</span> <span class='ocrx_word' id='word_1_683' title='bbox 778 2420 930 2461; x_wconf 82' lang='lat' dir='ltr'>agnitione</span> <span class='ocrx_word' id='word_1_684' title='bbox 945 2420 990 2451; x_wconf 91' lang='lat' dir='ltr'>sui</span> <span class='ocrx_word' id='word_1_685' title='bbox 1006 2420 1042 2451; x_wconf 89' lang='lat' dir='ltr'>ad</span> <span class='ocrx_word' id='word_1_686' title='bbox 1084 2420 1163 2450; x_wconf 89' lang='lat' dir='ltr'>bitur</span> <span class='ocrx_word' id='word_1_687' title='bbox 1175 2421 1232 2451; x_wconf 86' lang='lat' dir='ltr'>mei</span> <span class='ocrx_word' id='word_1_688' title='bbox 1248 2420 1338 2456; x_wconf 89' lang='lat' dir='ltr'>Deus,</span> <span class='ocrx_word' id='word_1_689' title='bbox 1352 2428 1449 2449; x_wconf 86' lang='lat' dir='ltr'>annon</span> <span class='ocrx_word' id='word_1_690' title='bbox 1463 2415 1677 2447; x_wconf 82' lang='lat' dir='ltr'>miserebitur?</span> <span class='ocrx_word' id='word_1_691' title='bbox 1689 2414 1762 2461; x_wconf 86' lang='lat' dir='ltr'>Illud</span> <span class='ocrx_word' id='word_1_692' title='bbox 1784 2415 1902 2461; x_wconf 43' lang='lat' dir='ltr'>annon?</span> 
     </span>
    </p>
   </div>
   <div class='ocr_carea' id='block_1_77' title="bbox 211 2459 1901 2508">
    <p class='ocr_par' dir='ltr' id='par_1_77' title="bbox 211 2459 1901 2508">
     <span class='ocr_line' id='line_1_77' title="bbox 211 2459 1901 2508; baseline -0.006 -10"><span class='ocrx_word' id='word_1_693' title='bbox 211 2467 449 2508; x_wconf 89' lang='lat' dir='ltr'>omnipotentem</span> <span class='ocrx_word' id='word_1_694' title='bbox 477 2465 637 2497; x_wconf 89' lang='lat' dir='ltr'>Dominum</span> <span class='ocrx_word' id='word_1_695' title='bbox 667 2459 815 2497; x_wconf 63' lang='lat' dir='ltr'>clamans:</span> <span class='ocrx_word' id='word_1_696' title='bbox 844 2465 920 2496; x_wconf 88' lang='lat' dir='ltr'>Ecce</span> <span class='ocrx_word' id='word_1_697' title='bbox 947 2465 1040 2501; x_wconf 83' lang='lat' dir='ltr'>vides,</span> <span class='ocrx_word' id='word_1_698' title='bbox 1085 2464 1302 2496; x_wconf 68' lang='lat' dir='ltr'>incredulitatis</span> <span class='ocrx_word' id='word_1_699' title='bbox 1330 2469 1384 2495; x_wconf 67' lang='lat' dir='ltr'>est,</span> <span class='ocrx_word' id='word_1_700' title='bbox 1412 2462 1495 2499; x_wconf 88' lang='lat' dir='ltr'>Quod</span> <span class='ocrx_word' id='word_1_701' title='bbox 1525 2462 1549 2490; x_wconf 84' lang='lat' dir='ltr'>si</span> <span class='ocrx_word' id='word_1_702' title='bbox 1574 2469 1632 2490; x_wconf 91' lang='lat' dir='ltr'>non</span> <span class='ocrx_word' id='word_1_703' title='bbox 1658 2459 1765 2508; x_wconf 74' lang='lat' dir='ltr'>credis,</span> <span class='ocrx_word' id='word_1_704' title='bbox 1784 2459 1901 2508; x_wconf 45' lang='lat' dir='ltr'>eum‘tui</span> 
     </span>
    </p>
   </div>
   <div class='ocr_carea' id='block_1_78' title="bbox 211 2503 1899 2553">
    <p class='ocr_par' dir='ltr' id='par_1_78' title="bbox 211 2503 1899 2553">
     <span class='ocr_line' id='line_1_78' title="bbox 211 2503 1899 2553; baseline -0.007 -10"><span class='ocrx_word' id='word_1_705' title='bbox 211 2503 349 2548; x_wconf 69' lang='lat' dir='ltr'>Domine,</span> <span class='ocrx_word' id='word_1_706' title='bbox 368 2511 450 2552; x_wconf 91' lang='lat' dir='ltr'>(quid</span> <span class='ocrx_word' id='word_1_707' title='bbox 465 2515 510 2542; x_wconf 88' lang='lat' dir='ltr'>est</span> <span class='ocrx_word' id='word_1_708' title='bbox 534 2514 632 2542; x_wconf 84' lang='lat' dir='ltr'>autem</span> <span class='ocrx_word' id='word_1_709' title='bbox 652 2510 729 2551; x_wconf 91' lang='lat' dir='ltr'>quod</span> <span class='ocrx_word' id='word_1_710' title='bbox 763 2515 792 2541; x_wconf 91' lang='lat' dir='ltr'>tu</span> <span class='ocrx_word' id='word_1_711' title='bbox 819 2520 877 2541; x_wconf 91' lang='lat' dir='ltr'>non</span> <span class='ocrx_word' id='word_1_712' title='bbox 890 2510 991 2541; x_wconf 87' lang='lat' dir='ltr'>videas</span> <span class='ocrx_word' id='word_1_713' title='bbox 1003 2509 1040 2550; x_wconf 65' lang='grc' dir='ltr'>ἵ),</span> <span class='ocrx_word' id='word_1_714' title='bbox 1085 2509 1222 2540; x_wconf 85' lang='lat' dir='ltr'>misereri</span> <span class='ocrx_word' id='word_1_715' title='bbox 1235 2510 1309 2540; x_wconf 91' lang='lat' dir='ltr'>velle</span> <span class='ocrx_word' id='word_1_716' title='bbox 1321 2518 1409 2549; x_wconf 89' lang='lat' dir='ltr'>supra</span> <span class='ocrx_word' id='word_1_717' title='bbox 1420 2516 1506 2553; x_wconf 78' lang='lat' dir='ltr'>quam</span> <span class='ocrx_word' id='word_1_718' title='bbox 1526 2508 1674 2545; x_wconf 80' lang='lat' dir='ltr'>expectas,</span> <span class='ocrx_word' id='word_1_719' title='bbox 1688 2503 1763 2553; x_wconf 79' lang='lat' dir='ltr'>quid</span> <span class='ocrx_word' id='word_1_720' title='bbox 1772 2503 1899 2553; x_wconf 73' lang='lat' dir='ltr'>accedis,</span> 
     </span>
    </p>
   </div>
   <div class='ocr_carea' id='block_1_79' title="bbox 210 2548 1900 2598">
    <p class='ocr_par' dir='ltr' id='par_1_79' title="bbox 210 2548 1900 2598">
     <span class='ocr_line' id='line_1_79' title="bbox 210 2548 1900 2598; baseline -0.005 -10"><span class='ocrx_word' id='word_1_721' title='bbox 210 2567 265 2598; x_wconf 86' lang='lat' dir='ltr'>ego</span> <span class='ocrx_word' id='word_1_722' title='bbox 290 2548 527 2598; x_wconf 40' lang='lat' dir='ltr'>opus‘inanuum</span> <span class='ocrx_word' id='word_1_723' title='bbox 560 2548 688 2593; x_wconf 81' lang='lat' dir='ltr'>tuarum,</span> <span class='ocrx_word' id='word_1_724' title='bbox 718 2565 810 2596; x_wconf 83' lang='lat' dir='ltr'>opera</span> <span class='ocrx_word' id='word_1_725' title='bbox 835 2548 1041 2586; x_wconf 87' lang='lat' dir='ltr'>mandatorum</span> <span class='ocrx_word' id='word_1_726' title='bbox 1085 2563 1213 2595; x_wconf 81' lang='lat' dir='ltr'>eumque</span> <span class='ocrx_word' id='word_1_727' title='bbox 1228 2548 1495 2593; x_wconf 75' lang='lat' dir='ltr'>rogas?Ancipitis</span> <span class='ocrx_word' id='word_1_728' title='bbox 1515 2554 1612 2598; x_wconf 80' lang='lat' dir='ltr'>autem</span> <span class='ocrx_word' id='word_1_729' title='bbox 1625 2548 1724 2579; x_wconf 87' lang='lat' dir='ltr'>cordis</span> <span class='ocrx_word' id='word_1_730' title='bbox 1736 2551 1791 2585; x_wconf 90' lang='lat' dir='ltr'>est,</span> <span class='ocrx_word' id='word_1_731' title='bbox 1807 2548 1900 2578; x_wconf 79' lang='lat' dir='ltr'>nonin</span> 
     </span>
    </p>
   </div>
   <div class='ocr_carea' id='block_1_80' title="bbox 212 2599 1042 2640">
    <p class='ocr_par' dir='ltr' id='par_1_80' title="bbox 212 2599 1042 2640">
     <span class='ocr_line' id='line_1_80' title="bbox 212 2599 1042 2640; baseline -0.005 -6"><span class='ocrx_word' id='word_1_732' title='bbox 212 2606 330 2634; x_wconf 87' lang='lat' dir='ltr'>tuorum</span> <span class='ocrx_word' id='word_1_733' title='bbox 344 2610 404 2632; x_wconf 91' lang='lat' dir='ltr'>non</span> <span class='ocrx_word' id='word_1_734' title='bbox 444 2599 522 2631; x_wconf 84' lang='lat' dir='ltr'>feci:</span> <span class='ocrx_word' id='word_1_735' title='bbox 551 2600 605 2632; x_wconf 89' lang='lat' dir='ltr'>sed</span> <span class='ocrx_word' id='word_1_736' title='bbox 633 2609 686 2640; x_wconf 90' lang='lat' dir='ltr'>per</span> <span class='ocrx_word' id='word_1_737' title='bbox 715 2599 868 2631; x_wconf 87' lang='lat' dir='ltr'>stultitiam</span> <span class='ocrx_word' id='word_1_738' title='bbox 899 2600 979 2630; x_wconf 92' lang='lat' dir='ltr'>omni</span> <span class='ocrx_word' id='word_1_739' title='bbox 995 2608 1042 2630; x_wconf 93' lang='lat' dir='ltr'>me</span> 
     </span>
    </p>
   </div>
   <div class='ocr_carea' id='block_1_81' title="bbox 210 2644 1040 2687">
    <p class='ocr_par' dir='ltr' id='par_1_81' title="bbox 210 2644 1040 2687">
     <span class='ocr_line' id='line_1_81' title="bbox 210 2644 1040 2687; baseline -0.006 -7"><span class='ocrx_word' id='word_1_740' title='bbox 210 2647 327 2680; x_wconf 73' lang='lat' dir='ltr'>Scelere</span> <span class='ocrx_word' id='word_1_741' title='bbox 352 2645 483 2687; x_wconf 83' lang='lat' dir='ltr'>alligavi.</span> <span class='ocrx_word' id='word_1_742' title='bbox 508 2644 554 2676; x_wconf 89' lang='lat' dir='ltr'>Tu</span> <span class='ocrx_word' id='word_1_743' title='bbox 570 2645 660 2685; x_wconf 80' lang='lat' dir='ltr'>igitur</span> <span class='ocrx_word' id='word_1_744' title='bbox 688 2644 786 2676; x_wconf 89' lang='lat' dir='ltr'>bonus</span> <span class='ocrx_word' id='word_1_745' title='bbox 813 2644 968 2682; x_wconf 89' lang='lat' dir='ltr'>Dominus,</span> <span class='ocrx_word' id='word_1_746' title='bbox 986 2654 1040 2684; x_wconf 87' lang='lat' dir='ltr'>ego</span> 
     </span>
    </p>
   </div>
   <div class='ocr_carea' id='block_1_82' title="bbox 210 2690 1042 2731">
    <p class='ocr_par' dir='ltr' id='par_1_82' title="bbox 210 2690 1042 2731">
     <span class='ocr_line' id='line_1_82' title="bbox 210 2690 1042 2731; baseline -0.005 -7"><span class='ocrx_word' id='word_1_747' title='bbox 210 2697 309 2724; x_wconf 89' lang='lat' dir='ltr'>autem</span> <span class='ocrx_word' id='word_1_748' title='bbox 325 2701 385 2723; x_wconf 91' lang='lat' dir='ltr'>non</span> <span class='ocrx_word' id='word_1_749' title='bbox 400 2690 617 2731; x_wconf 83' lang='lat' dir='ltr'>cognoscebam</span> <span class='ocrx_word' id='word_1_750' title='bbox 647 2694 687 2722; x_wconf 89' lang='lat' dir='ltr'>te.</span> <span class='ocrx_word' id='word_1_751' title='bbox 702 2690 789 2721; x_wconf 91' lang='lat' dir='ltr'>Nunc</span> <span class='ocrx_word' id='word_1_752' title='bbox 803 2690 901 2721; x_wconf 89' lang='lat' dir='ltr'>audivi</span> <span class='ocrx_word' id='word_1_753' title='bbox 913 2690 950 2721; x_wconf 93' lang='lat' dir='ltr'>de</span> <span class='ocrx_word' id='word_1_754' title='bbox 962 2694 1002 2727; x_wconf 87' lang='lat' dir='ltr'>te,</span> <span class='ocrx_word' id='word_1_755' title='bbox 1013 2693 1042 2720; x_wconf 90' lang='lat' dir='ltr'>et</span> 
     </span>
    </p>
   </div>
   <div class='ocr_carea' id='block_1_83' title="bbox 210 2735 1041 2777">
    <p class='ocr_par' dir='ltr' id='par_1_83' title="bbox 210 2735 1041 2777">
     <span class='ocr_line' id='line_1_83' title="bbox 210 2735 1041 2777; baseline -0.005 -8"><span class='ocrx_word' id='word_1_756' title='bbox 210 2737 391 2776; x_wconf 87' lang='lat' dir='ltr'>contremui,</span> <span class='ocrx_word' id='word_1_757' title='bbox 409 2735 525 2777; x_wconf 89' lang='lat' dir='ltr'>etquid</span> <span class='ocrx_word' id='word_1_758' title='bbox 539 2735 646 2767; x_wconf 89' lang='lat' dir='ltr'>faciam</span> <span class='ocrx_word' id='word_1_759' title='bbox 677 2735 790 2766; x_wconf 89' lang='lat' dir='ltr'>nescio.</span> <span class='ocrx_word' id='word_1_760' title='bbox 816 2735 951 2767; x_wconf 79' lang='lat' dir='ltr'>Intellexi</span> <span class='ocrx_word' id='word_1_761' title='bbox 962 2735 1041 2775; x_wconf 89' lang='lat' dir='ltr'>judi-</span> 
     </span>
    </p>
   </div>
   <div class='ocr_carea' id='block_1_84' title="bbox 1086 2594 1899 2640">
    <p class='ocr_par' dir='ltr' id='par_1_84' title="bbox 1086 2594 1899 2640">
     <span class='ocr_line' id='line_1_84' title="bbox 1086 2594 1899 2640; baseline -0.009 -10"><span class='ocrx_word' id='word_1_762' title='bbox 1086 2603 1209 2630; x_wconf 91' lang='lat' dir='ltr'>mortem</span> <span class='ocrx_word' id='word_1_763' title='bbox 1222 2608 1342 2640; x_wconf 80' lang='lat' dir='ltr'>prorSus</span> <span class='ocrx_word' id='word_1_764' title='bbox 1353 2597 1485 2637; x_wconf 89' lang='lat' dir='ltr'>seipsum</span> <span class='ocrx_word' id='word_1_765' title='bbox 1504 2594 1631 2640; x_wconf 72' lang='lat' dir='ltr'>tradere,</span> <span class='ocrx_word' id='word_1_766' title='bbox 1651 2598 1772 2633; x_wconf 86' lang='lat' dir='ltr'>propter</span> <span class='ocrx_word' id='word_1_767' title='bbox 1783 2601 1899 2640; x_wconf 87' lang='lat' dir='ltr'>regnum</span> 
     </span>
    </p>
   </div>
   <div class='ocr_carea' id='block_1_85' title="bbox 1083 2637 1901 2677">
    <p class='ocr_par' dir='ltr' id='par_1_85' title="bbox 1083 2637 1901 2677">
     <span class='ocr_line' id='line_1_85' title="bbox 1083 2637 1901 2677; baseline -0.009 -2"><span class='ocrx_word' id='word_1_768' title='bbox 1083 2637 1245 2676; x_wconf 78' lang='lat' dir='ltr'>caelorum:</span> <span class='ocrx_word' id='word_1_769' title='bbox 1263 2643 1317 2674; x_wconf 89' lang='lat' dir='ltr'>sed</span> <span class='ocrx_word' id='word_1_770' title='bbox 1333 2643 1370 2673; x_wconf 92' lang='lat' dir='ltr'>de</span> <span class='ocrx_word' id='word_1_771' title='bbox 1387 2642 1423 2672; x_wconf 89' lang='lat' dir='ltr'>iis</span> <span class='ocrx_word' id='word_1_772' title='bbox 1439 2649 1520 2672; x_wconf 86' lang='lat' dir='ltr'>esssc</span> <span class='ocrx_word' id='word_1_773' title='bbox 1531 2638 1782 2677; x_wconf 75' lang='lat' dir='ltr'>sollicitum,quze</span> <span class='ocrx_word' id='word_1_774' title='bbox 1796 2637 1830 2667; x_wconf 90' lang='lat' dir='ltr'>ad</span> <span class='ocrx_word' id='word_1_775' title='bbox 1845 2647 1901 2668; x_wconf 90' lang='lat' dir='ltr'>car-</span> 
     </span>
    </p>
   </div>
   <div class='ocr_carea' id='block_1_86' title="bbox 1082 2681 1898 2729">
    <p class='ocr_par' dir='ltr' id='par_1_86' title="bbox 1082 2681 1898 2729">
     <span class='ocr_line' id='line_1_86' title="bbox 1082 2681 1898 2729; baseline -0.011 -9"><span class='ocrx_word' id='word_1_776' title='bbox 1082 2699 1151 2720; x_wconf 90' lang='lat' dir='ltr'>nem</span> <span class='ocrx_word' id='word_1_777' title='bbox 1167 2692 1311 2729; x_wconf 89' lang='lat' dir='ltr'>spectant.</span> <span class='ocrx_word' id='word_1_778' title='bbox 1330 2687 1384 2723; x_wconf 89' lang='lat' dir='ltr'>Qui</span> <span class='ocrx_word' id='word_1_779' title='bbox 1401 2686 1479 2717; x_wconf 88' lang='lat' dir='ltr'>enim</span> <span class='ocrx_word' id='word_1_780' title='bbox 1511 2683 1687 2729; x_wconf 77' lang='lat' dir='ltr'>laboriosam</span> <span class='ocrx_word' id='word_1_781' title='bbox 1706 2681 1898 2729; x_wconf 73' lang='lat' dir='ltr'>pmnitentiam</span> 
     </span>
    </p>
   </div>
   <div class='ocr_carea' id='block_1_87' title="bbox 1081 2726 1900 2775">
    <p class='ocr_par' dir='ltr' id='par_1_87' title="bbox 1081 2726 1900 2775">
     <span class='ocr_line' id='line_1_87' title="bbox 1081 2726 1900 2775; baseline -0.011 -10"><span class='ocrx_word' id='word_1_782' title='bbox 1081 2734 1151 2775; x_wconf 84' lang='lat' dir='ltr'>agit,</span> <span class='ocrx_word' id='word_1_783' title='bbox 1170 2726 1226 2764; x_wconf 79' lang='lat' dir='ltr'>hoc</span> <span class='ocrx_word' id='word_1_784' title='bbox 1236 2733 1332 2764; x_wconf 90' lang='lat' dir='ltr'>solum</span> <span class='ocrx_word' id='word_1_785' title='bbox 1350 2740 1454 2762; x_wconf 87' lang='lat' dir='ltr'>cavere</span> <span class='ocrx_word' id='word_1_786' title='bbox 1471 2729 1570 2763; x_wconf 85' lang='lat' dir='ltr'>debet,</span> <span class='ocrx_word' id='word_1_787' title='bbox 1597 2736 1634 2757; x_wconf 87' lang='lat' dir='ltr'>ne</span> <span class='ocrx_word' id='word_1_788' title='bbox 1652 2726 1750 2767; x_wconf 89' lang='lat' dir='ltr'>ipsum</span> <span class='ocrx_word' id='word_1_789' title='bbox 1773 2727 1900 2757; x_wconf 87' lang='lat' dir='ltr'>machina</span> 
     </span>
    </p>
   </div>
   <div class='ocr_carea' id='block_1_88' title="bbox 245 2816 1732 2866">
    <p class='ocr_par' dir='ltr' id='par_1_88' title="bbox 245 2816 1732 2866">
     <span class='ocr_line' id='line_1_88' title="bbox 245 2816 1732 2866; baseline -0.008 -7"><span class='ocrx_word' id='word_1_790' title='bbox 245 2827 278 2853; x_wconf 74' lang='lat'><strong>95</strong></span> <span class='ocrx_word' id='word_1_791' title='bbox 292 2827 378 2859; x_wconf 88' lang='lat' dir='ltr'>Deut.</span> <span class='ocrx_word' id='word_1_792' title='bbox 395 2834 457 2863; x_wconf 78' lang='lat' dir='ltr'>xxi,</span> <span class='ocrx_word' id='word_1_793' title='bbox 473 2823 535 2863; x_wconf 73' lang='lat'>23;</span> <span class='ocrx_word' id='word_1_794' title='bbox 551 2824 645 2857; x_wconf 85' lang='lat' dir='ltr'>Galat.</span> <span class='ocrx_word' id='word_1_795' title='bbox 666 2833 710 2866; x_wconf 85' lang='lat' dir='ltr'>tu,</span> <span class='ocrx_word' id='word_1_796' title='bbox 729 2824 779 2856; x_wconf 83' lang='lat' dir='ltr'>t3.</span> <span class='ocrx_word' id='word_1_797' title='bbox 821 2824 853 2850; x_wconf 79' lang='lat'><strong>96</strong></span> <span class='ocrx_word' id='word_1_798' title='bbox 868 2823 880 2855; x_wconf 97' lang='lat' dir='ltr'>l</span> <span class='ocrx_word' id='word_1_799' title='bbox 893 2822 986 2857; x_wconf 87' lang='lat' dir='ltr'>Joan.</span> <span class='ocrx_word' id='word_1_800' title='bbox 999 2834 1020 2864; x_wconf 80' lang='grc' dir='ltr'>ι,</span> <span class='ocrx_word' id='word_1_801' title='bbox 1041 2824 1088 2856; x_wconf 85' lang='grc'>16.</span> <span class='ocrx_word' id='word_1_802' title='bbox 1131 2821 1163 2849; x_wconf 73' lang='grc' dir='ltr'>θῚ</span> <span class='ocrx_word' id='word_1_803' title='bbox 1179 2821 1271 2854; x_wconf 85' lang='lat' dir='ltr'>Hebr.</span> <span class='ocrx_word' id='word_1_804' title='bbox 1290 2831 1322 2862; x_wconf 90' lang='lat' dir='ltr'>u,</span> <span class='ocrx_word' id='word_1_805' title='bbox 1338 2821 1369 2860; x_wconf 75' lang='lat'>2,</span> <span class='ocrx_word' id='word_1_806' title='bbox 1384 2823 1414 2854; x_wconf 84' lang='lat'>3.</span> <span class='ocrx_word' id='word_1_807' title='bbox 1456 2820 1489 2846; x_wconf 82' lang='lat'><strong>98</strong></span> <span class='ocrx_word' id='word_1_808' title='bbox 1503 2819 1516 2851; x_wconf 88' lang='grc' dir='ltr'><strong>Ι</strong></span> <span class='ocrx_word' id='word_1_809' title='bbox 1530 2818 1609 2850; x_wconf 85' lang='lat' dir='ltr'>Petr.</span> <span class='ocrx_word' id='word_1_810' title='bbox 1626 2825 1658 2855; x_wconf 84' lang='grc' dir='ltr'>ιι,</span> <span class='ocrx_word' id='word_1_811' title='bbox 1679 2816 1732 2849; x_wconf 75' lang='lat'>2‘2.</span> 
     </span>
    </p>
   </div>
  </div>
