1978 3078
87 125 161 160 505

810 129 950 162 ORATIO
971 128 1112 162 XXXIII.

1737 130 1796 164 506

83 195 200 237 aliqua
230 196 406 235 exstinguat,
437 200 467 227 et
494 196 541 228 sui
569 197 717 228 homicida
744 197 813 228 ﬂat:
842 196 1092 228 verbiAfricuisti
1104 196 1252 235 manibus,
1266 200 1297 228 ut
1313 197 1440 228 fructum
1460 197 1594 230 laborum
1606 201 1721 229 tuorum
1737 197 1792 228 ab-

83 241 205 281 gratia,
219 246 266 272 aut
283 251 316 272 ex
328 242 386 273 alto
398 245 425 273 et
438 242 636 282 praecipitans,
657 247 707 273 aut
726 242 923 281 strangulans,

85 288 147 315 aut
164 285 246 316 aliud
273 290 375 317 contra
399 292 535 317 naturam
565 287 621 318 sibi
636 287 779 318 inferens.
797 287 839 318 De
852 286 925 317 reli-

87 330 178 370 quis,
195 339 315 371 perque
326 340 434 372 corpus
448 331 488 363 ali
498 342 532 363 ac
556 332 654 363 vivere
678 332 745 370 scit,
769 342 806 363 ne
821 335 922 362 curet:

87 375 266 406 secundum
297 375 368 406 illud
394 380 562 407 sanctorum
588 377 760 408 oraculum:
792 376 927 414 Quaerite

85 419 239 459 primum
255 429 378 460 regnum
397 420 465 458 Dei,
487 420 550 452 Iuro
582 422 685 452 omnia
707 421 757 460 (ad
780 430 867 452 usum
882 421 928 450 vi-

87 463 211 494 delicet
226 465 360 505 corporis
375 465 556 501 necessaria)
581 466 767 504 adficientur
787 466 870 497 vobis
883 465 926 496 99.

86 508 198 539 Potest
208 518 349 549 namque,
364 509 511 549 quivitam
528 510 557 540 in
569 511 731 541 certamine
747 510 839 547 ducit,
854 514 883 540 et
893 519 928 541 ex

86 557 266 594 prescrtpto
282 554 432 594 Evangelii
448 555 531 593 vivit,
555 555 620 586 solo
644 564 731 596 pane,
757 559 785 586 et
799 564 873 595 aqua
889 555 926 585 ali

87 597 246 637 quotidie,
276 602 304 628 et
318 598 427 637 vivere,
457 602 488 630 et
516 599 644 630 habitior
658 608 738 640 esse,
763 609 852 640 quam
878 606 928 640 qui

91 643 213 674 mensis
254 644 467 676 delicatoribus
498 645 688 678 accumbunt.
729 645 872 682 Quocirca
899 650 929 677 et

87 686 207 718 Paulus
223 689 311 729 hujus
323 689 366 720 rei
377 698 489 728 gnarus
497 689 625 729 dicebat,
640 700 816 731 semperque
834 690 925 722 dicit:

86 732 248 764 Habentes
264 734 390 770 uictum,
406 737 435 764 et
449 734 557 774 quibus
582 739 719 775 tegamur
734 735 781 766 his
794 736 926 766 contenti

85 777 193 808 simus
204 778 227 809 4.
243 778 285 809 Et
300 787 441 810 rursum:
459 778 496 810 Ut
510 780 542 810 in
554 780 640 810 nobis
656 780 729 818 ipsis
749 789 923 820 responsum

968 241 1094 272 solutum
1107 242 1257 282 aspiceres
1269 241 1281 272 ?
1291 251 1326 273 eo
1337 246 1437 273 autem
1457 248 1600 284 spectato,
1621 253 1690 274 num
1706 242 1793 274 alitus

967 286 1005 316 ad
1017 286 1215 324 saturitatem,
1233 290 1261 317 et
1276 286 1391 318 vibrum
1407 287 1500 318 factus
1527 297 1558 319 es
1573 288 1746 319 robustior?
1761 288 1792 318 Si

967 331 1073 362 horum
1085 336 1183 362 certus
1194 341 1237 368 es,
1260 332 1362 371 pedes,
1376 336 1404 362 et
1416 332 1536 372 vestigia
1552 333 1661 373 pedum
1674 337 1790 363 tuorum

968 375 1071 416 adoro,
1087 379 1116 406 et
1127 376 1293 412 exosculor,
1314 386 1373 406 non
1389 377 1467 407 enim
1484 377 1594 415 di,nus
1605 387 1670 408 sum
1684 377 1790 408 faciem

968 422 1048 450 tuam
1063 420 1203 450 osculari.
1220 419 1394 460 Triumpho,
1408 425 1436 451 et
1458 422 1584 460 exsulta,
1600 431 1668 454 cum
1685 422 1792 461 gaudio

968 464 1123 504 colligens,
1141 474 1207 505 quae
1235 475 1303 496 cum
1320 465 1421 496 labore
1445 469 1475 496 et
1498 466 1673 498 lassitudine
1698 466 1791 498 semi-

968 509 1054 538 nasti.
1067 509 1118 540 Sin
1130 514 1227 540 autem
1238 509 1336 550 etipsa
1351 519 1416 550 quae
1427 520 1443 540 a
1469 520 1517 541 me
1529 511 1668 542 dieuntur
1679 512 1789 549 nescis,

970 557 999 583 et
1009 563 1106 594 neque
1120 564 1157 585 an
1172 555 1202 585 in
1216 558 1293 585 terra
1310 559 1370 591 tua,
1393 555 1423 586 in
1446 565 1526 595 agro,
1543 557 1674 596 inquam,
1692 557 1791 587 cordis

970 597 1022 638 tui,
1034 599 1071 629 de
1087 598 1233 630 fructibus
1249 599 1423 630 melioribus
1438 600 1615 631 setniuatum
1631 601 1679 639 sit,
1698 601 1788 637 nosti,

969 650 1057 673 narra
1073 643 1157 680 mihi,
1181 646 1329 674 extremos
1347 643 1428 675 orbis
1451 648 1595 675 terrarum
1621 645 1696 676 ﬁnes
1718 645 1788 676 dum

969 686 1077 724 obiisti,
1092 692 1122 718 et
1136 688 1239 719 ultima
1267 688 1361 728 pelagi
1385 689 1479 729 spatia
1503 699 1642 720 emensus
1656 699 1700 726 es,
1716 690 1787 730 quid

967 732 1231 770 protecisti?Nihil
1243 733 1354 772 utique.
1372 733 1402 764 Si
1428 733 1507 764 enim
1525 734 1554 764 in
1570 735 1788 774 eleemosynam

965 774 1076 807 dedero
1092 781 1184 807 totum
1202 779 1356 815 mundum,
1383 788 1441 809 non
1465 783 1566 810 tamen
1582 779 1617 810 de
1633 780 1718 815 meis,
1735 779 1787 809 sed

85 823 201 853 mortis
216 822 367 864 habentes,
384 832 443 854 non
453 824 546 854 simul
558 825 680 864 ﬁdentes
691 825 726 855 in
736 824 820 856 nobis
836 825 920 865 ipsis,
933 842 952 866 Β
965 824 1037 866 θείς),
1055 821 1091 851 de
1103 822 1193 866 meis,
1207 831 1253 852 me
1267 826 1364 852 autem
1375 823 1486 854 nudum
1503 827 1531 854 et
1548 824 1667 864 inopem
1679 824 1786 859 sivero.

84 868 143 898 sed
154 868 189 898 in
206 867 282 908 Deo,
298 869 351 908 qui
364 869 494 900 suscitas
509 869 671 900 mortuos’.

131 911 427 950 En,fratres,dilecti,
441 912 608 950 docuimus,
618 912 766 954 quomodo
776 912 812 943 ad
830 912 920 944 Deum

87 956 310 996 accedendum,
341 964 369 988 et
387 957 532 997 qualislei
557 957 727 998 paenitentia
757 957 922 988 exhibenda

86 1001 140 1030 sit.
159 1000 203 1032 Ne
228 1001 318 1040 igitur
342 1001 378 1032 ab
403 1011 438 1032 ea
455 1011 548 1042 usque
572 1002 610 1033 ab
635 1002 771 1033 ultimum
787 1002 919 1034 habitum

88 1051 228 1078 nostrum
254 1047 445 1086 desistamus,
473 1059 568 1089 neque.
594 1049 666 1080 boni
693 1049 781 1089 hujus
806 1044 922 1079 consilli

86 1102 148 1123 nos
164 1092 392 1132 capiatoblivio.
406 1094 437 1125 Si
450 1094 528 1124 enim
541 1093 576 1124 ad
591 1094 663 1131 hzec,
677 1093 737 1125 Deo
753 1093 918 1134 adjuvante,

88 1141 119 1167 et
135 1137 173 1167 ad
204 1137 259 1168 hoc
288 1147 363 1178 opus
397 1139 577 1178 poenitentiae
607 1139 842 1177 incubuerimus,
864 1138 920 1179 ipsi

90 1181 206 1211 sensim
220 1182 333 1222 majora
345 1183 490 1222 mysteria
503 1183 712 1223 intelligemus,
726 1193 856 1224 superna
871 1183 921 1214 illa

93 1225 190 1265 gratia
201 1226 321 1256 edocti:
351 1236 406 1258 nec
432 1228 527 1258 solum
552 1228 618 1259 fons
642 1229 851 1269 lacrymarum,
867 1228 919 1259 sed

92 1270 182 1301 etiam
209 1271 341 1301 omnium
368 1281 522 1312 pravarum
548 1273 738 1303 aﬂ'ectionum
756 1273 871 1307 horror.
890 1278 919 1304 et

90 1314 232 1345 alienatio
249 1325 305 1355 per
318 1316 524 1356 hujuStemodi
539 1318 670 1348 actiones
680 1316 766 1347 nobis
791 1316 918 1347 donabi-

91 1363 149 1390 tur.
164 1359 237 1390 Nam
254 1360 456 1400 paenitentiam
477 1365 505 1391 et
520 1362 779 1400 compunctionem
799 1370 919 1401 semper

88 1404 256 1444 exquirere,
275 1408 304 1435 et
322 1405 447 1436 scrutari
460 1415 525 1446 quae
535 1406 570 1436 ad
584 1406 758 1446 lugendum,
771 1406 914 1443 flendum,

90 1449 254 1480 dolendum
280 1449 405 1487 valeant,
437 1459 530 1490 eaque
555 1450 640 1481 enixe
661 1456 812 1491 praestare,
843 1456 870 1481 et
886 1451 916 1481 in

92 1493 175 1524 nullo
188 1493 243 1524 sibi
256 1494 386 1534 potiores
399 1487 528 1534 deferre,
542 1499 590 1526 aut
605 1487 669 1526 ulla
684 1505 717 1526 ex
740 1500 822 1535 parte
835 1495 916 1526 carni
926 1487 945 1512 C

93 1537 228 1578 obsequi,
247 1539 424 1578 compendio
441 1539 567 1579 quodam
599 1540 749 1570 hominem
764 1540 798 1570 ad
816 1541 917 1580 perfe—

92 1582 232 1620 ctionem,
248 1587 274 1613 et
284 1583 319 1613 ad
332 1584 500 1621 puritatem,
513 1585 730 1625 aﬂ'ecluumque
745 1585 918 1615 vacuitatem

96 1627 227 1664 deducit,
254 1633 282 1658 et
307 1629 402 1659 sancti
419 1627 546 1668 Spiritus
567 1630 739 1670 participem
764 1630 867 1661 elﬁcit.
885 1630 921 1660 Et

96 1671 158 1702 hac
174 1672 306 1712 quidem.
323 1673 348 1703 si
364 1673 578 1714 paenitentiam,
601 1678 629 1704 et
648 1674 854 1705 contritionem
871 1674 917 1704 di-

97 1716 267 1749 lexerimus.
281 1717 332 1748 Sin
354 1718 546 1753 noluerimus,
561 1727 684 1759 quaeque
700 1719 779 1749 dicta
793 1723 872 1756 sunt,
890 1719 919 1749 in

96 1761 131 1791 iis
143 1762 206 1792 sine
219 1761 442 1793 intermissione
453 1772 511 1793 non
527 1763 791 1803 elaborai‘erimus,
802 1773 838 1793 ne
854 1762 920 1803 quis

94 1810 191 1836 tamen
206 1806 342 1847 loquatur
357 1807 459 1847 impie,
491 1812 519 1838 et
544 1808 623 1838 dicat
649 1808 677 1839 ld
703 1808 919 1848 esseimpossi—

94 1849 168 1881 bile:
188 1860 253 1888 nec,
267 1851 344 1890 quod
357 1851 411 1882 ista
423 1852 452 1882 in
464 1852 595 1882 medium
617 1853 712 1891 attuli,
735 1862 780 1884 me
792 1853 916 1883 multum

92 1895 244 1926 abundare
259 1896 329 1931 otio,
359 1906 456 1937 neque
480 1901 634 1928 recenseat
661 1897 745 1932 mihi.
764 1902 915 1937 quamtum

96 1940 157 1970 auri
170 1941 344 1980 argentique
354 1940 564 1980 distribuerit,;
577 1951 610 1972 ac
634 1942 807 1982 disperserit
821 1954 826 1972 :
844 1951 917 1972 neve

100 1985 185 2024 dicat,
200 1990 242 2016 tot
253 1989 281 2015 et
294 1989 333 2015 tot
344 1985 381 2016 de
392 1986 578 2016 facultatibus
594 1986 667 2017 meis
694 1987 788 2017 nudos
803 1987 917 2027 vestivi,

96 2029 259 2060 esurientes
277 2030 348 2068 alui,
362 2030 496 2060 sitientes
510 2031 615 2070 potavi,
633 2031 733 2062 omnia
749 2040 814 2062 mea
829 2032 915 2063 dilar-

96 2074 169 2114 gitus
183 2083 260 2111 sum,
279 2074 344 2104 veni
359 2075 388 2105 in
405 2075 482 2105 hunc
510 2080 652 2113 montem,
677 2075 780 2106 intravi
797 2076 826 2106 in
840 2077 915 2107 hanc

97 2119 275 2158 speluncam,
289 2120 324 2149 ad
333 2118 450 2150 Domini
463 2120 634 2158 sepulcrum
647 2121 769 2161 accessi,
783 2120 812 2151 in
826 2131 913 2152 mon-

964 868 993 894 et
1007 865 1047 895 ita
1058 865 1088 896 in
1101 865 1247 897 honorum
1260 871 1400 906 egestate,
1417 868 1607 908 moriturum,
1619 873 1649 899 et
1659 869 1694 899 ad
1707 868 1788 899 terri-

963 908 1022 953 bile
1032 910 1141 942 Christi
1152 911 1276 942 tribuual
1286 912 1463 953 sistendum,
1474 913 1546 952 quid
1559 913 1632 944 mihi
1649 913 1788 953 prodest?

962 952 1084 985 Indutos
1113 959 1142 986 et
1172 961 1292 988 ornatos
1316 967 1332 988 e
1358 952 1483 997 corpore
1508 958 1588 988 exire
1610 952 1736 997 oportet,
1763 957 1788 988 si

961 998 1050 1029 modo
1063 1000 1219 1031 vilimusin
1229 1002 1340 1042 nuptiis
1360 1002 1458 1040 Regiis
1470 1011 1528 1032 una
1545 1011 1612 1032 cum
1631 1003 1696 1042 ejus
1709 1001 1782 1033 ami-

963 1042 1007 1073 cis
1023 1043 1222 1078 discumbere.
1237 1046 1313 1083 Quid
1344 1056 1432 1086 porro
1456 1050 1510 1084 est,
1538 1046 1615 1086 quod
1633 1051 1662 1077 et
1677 1056 1742 1086 ego,
1759 1050 1788 1077 et

962 1097 1066 1119 omnes
1079 1089 1166 1120 amici
1182 1091 1247 1130 ejus
1261 1091 1475 1130 superiuduere
1490 1091 1646 1127 debemus,
1663 1100 1700 1121 ne
1717 1095 1785 1121 tunc

963 1132 1035 1163 nudi
1047 1142 1244 1173 appareamus
1254 1135 1268 1164 ‘?
1284 1135 1416 1166 Christus
1428 1140 1456 1166 et
1469 1135 1546 1166 Deus
1562 1135 1680 1166 fratres.

1001 1176 1084 1213 Quod
1101 1177 1125 1208 si
1140 1178 1321 1220 universum,
1352 1179 1403 1220 qui
1425 1179 1479 1210 sub
1504 1179 1578 1210 coelo
1607 1180 1663 1218 est,
1681 1179 1784 1211 orbem

962 1230 1168 1261 peragravere,
1183 1224 1354 1265 nultamque
1365 1224 1531 1264 regionem,
1543 1229 1593 1254 aut
1606 1225 1722 1261 urbem,
1735 1229 1784 1255 aut

961 1267 1120 1298 ecclesiam
1135 1269 1364 1308 praetermisero,
1387 1269 1416 1300 in
1441 1279 1529 1310 quam
1556 1278 1615 1299 non
1629 1269 1783 1299 odoratum

961 1310 1119 1349 iutroeam,
1136 1312 1259 1353 ipasque
1272 1313 1347 1344 bene
1357 1314 1586 1354 perlustravero,
1600 1318 1629 1344 et
1647 1318 1784 1345 accurate

960 1363 1137 1395 cognovero,
1155 1366 1246 1397 regno
1261 1361 1360 1388 autem
1377 1358 1489 1389 coalesti
1507 1358 1660 1398 excidero,
1678 1358 1782 1398 ecquid

959 1410 1018 1430 non
1030 1401 1136 1432 melius
1145 1407 1218 1440 erat,
1233 1412 1280 1433 me
1296 1413 1454 1443 numquam
1467 1407 1568 1433 uatum
1580 1412 1656 1440 esse,
1677 1412 1731 1434 nec
1751 1403 1781 1433 in

959 1448 1066 1475 terrain
1083 1446 1239 1485 cecidisse,
1264 1453 1312 1478 aut
1336 1448 1472 1488 spiritum
1492 1448 1571 1478 hunc
1595 1448 1704 1478 ducere
1719 1457 1780 1479 coe-

959 1489 1049 1530 pisse,
1067 1494 1095 1521 et
1107 1491 1200 1521 oculis
1215 1492 1308 1522 solum
1323 1492 1614 1532 aspexisse?Etiam,
1635 1493 1691 1523 hoc
1709 1492 1783 1524 mihi

960 1534 1068 1565 melius
1079 1539 1154 1573 erat,
1170 1536 1246 1572 Quid
1261 1537 1351 1576 igitur
1360 1537 1477 1574 faciam,
1494 1546 1532 1568 ne
1551 1537 1606 1567 hoc
1617 1546 1709 1576 regno
1720 1537 1779 1577 pri-

961 1579 1037 1610 vel"?
1060 1579 1091 1610 Si
1119 1581 1236 1612 functus
1261 1582 1399 1612 omnibus
1427 1582 1608 1622 paenitentiae
1631 1582 1781 1622 operibus,

961 1623 1103 1663 Spiritum
1127 1630 1262 1656 sanctum
1286 1635 1441 1666 accepero.
1465 1626 1543 1656 Istud
1569 1627 1678 1667 quippe
1692 1631 1737 1658 est
1752 1636 1784 1658 se

963 1677 1030 1698 men
1046 1669 1164 1705 Christi,
1179 1680 1232 1710 per
1242 1671 1320 1710 quod
1342 1680 1396 1701 nos
1417 1680 1572 1711 pauperes,
1597 1675 1626 1701 et
1640 1671 1783 1702 mortales

961 1713 1025 1752 ejus
1035 1714 1168 1753 cognatis
1178 1715 1367 1747 ascribitnur.
1381 1715 1462 1752 Quod
1475 1715 1500 1746 si
1516 1715 1658 1746 ceciderit
1673 1715 1702 1746 in
1719 1722 1781 1746 ter-

961 1767 1023 1788 rnm
1040 1757 1158 1794 bonam,
1185 1759 1310 1790 fructum
1336 1761 1404 1797 fert,
1427 1770 1518 1790 unum
1544 1760 1737 1799 tricesimum,
1755 1764 1784 1791 et

963 1802 1042 1833 aliud
1059 1804 1288 1843 sexagesimum,
1301 1804 1379 1835 aliud
1391 1804 1606 1835 ceutisimum3.
1620 1805 1715 1844 Atque
1726 1805 1782 1835 hoc

958 1849 1054 1889 ipsum
1072 1854 1100 1880 et
1129 1860 1252 1890 regnum
1278 1853 1445 1883 cirlorutn:
1470 1856 1579 1882 caetera
1603 1852 1703 1882 omnia
1718 1851 1783 1882 sine

959 1894 1014 1924 hoc
1041 1895 1113 1925 nihil
1139 1896 1287 1926 commodi
1317 1897 1437 1927 habent.
1465 1897 1527 1927 Nisi
1558 1897 1648 1934 enim,
1665 1897 1781 1937 fratres,

959 1941 1050 1969 nostri
1067 1940 1198 1980 ipsorum
1217 1941 1424 1976 misereantur,
1453 1947 1482 1971 (Ἰ.
1507 1951 1560 1981 per
1575 1942 1781 1982 paenitentiam

958 1984 1072 2014 animas
1088 1989 1201 2016 nostras
1214 1991 1361 2026 purgatas,
1379 1995 1413 2016 ac
1442 1985 1563 2016 luu-inis
1579 1987 1681 2026 plenas
1696 1986 1779 2016 inve—

958 2029 1084 2068 niamus,
1098 2030 1170 2060 nihil
1183 2039 1236 2060 nos
1246 2031 1319 2061 alias
1330 2030 1565 2070 l‘ecissejuvabit,
1580 2035 1610 2060 ut
1621 2030 1661 2061 ait
1677 2030 1780 2061 Domi-

956 2083 1012 2103 nus
1024 2077 1051 2104 et
1062 2076 1141 2106 Deus
1155 2080 1274 2106 noster:
1287 2075 1368 2112 ρψιά
1385 2077 1509 2115 prodest
1521 2075 1647 2110 homini,
1669 2075 1696 2105 si
1707 2078 1779 2106 uni-

956 2127 1053 2149 ersum
1070 2120 1216 2150 mundum
1231 2120 1374 2155 lueretur.
1392 2122 1501 2151 animae
1519 2129 1589 2151 vero
1609 2129 1672 2151 sum
1683 2120 1778 2150 delri-

97 2167 150 2193 tem
165 2163 314 2194 Olivarum
329 2164 461 2204 ascendi,
480 2168 508 2195 et
525 2175 602 2195 nunc
629 2165 659 2195 in
684 2166 740 2196 hoc
757 2175 910 2196 iuonaste-
922 2174 944 2199 Ι)
955 2165 1781 2205 meutumpatiotur?autqunmdubilhomocummuta-

95 2207 165 2238 rium
183 2218 230 2238 me
242 2208 353 2245 abdidi,
371 2212 401 2240 et
416 2209 478 2248 jam
495 2209 648 2250 detonsus,
663 2214 712 2240 aut
728 2210 816 2241 etiam
833 2215 918 2242 antra

95 2253 241 2292 detonsus,
258 2253 287 2283 in
305 2253 379 2284 cella
391 2254 492 2288 sedeo,
513 2258 625 2284 tan'um
643 2263 799 2285 numerum
818 2265 914 2295 preca-

97 2297 202 2328 tionum
220 2297 360 2335 fundens,
373 2308 439 2328 cum
457 2299 502 2329 his
512 2298 658 2339 salvabor,
672 2303 700 2329 et
710 2299 817 2330 sufﬁcit
830 2299 914 2330 mihi.

97 2344 138 2373 Ne
153 2342 205 2373 tibi
223 2343 320 2373 fucum
337 2342 437 2375 facias.
462 2343 642 2383 quicumque
673 2352 714 2380 es,
742 2344 842 2384 frater,
861 2354 916 2375 nec

99 2387 216 2426 leipsuni
229 2386 309 2417 vanis
320 2386 549 2426 cogitationibus
560 2387 737 2426 insipienter
746 2389 912 2421 consolere.

99 2430 159 2461 Hzec
175 2431 253 2462 enim
269 2431 369 2462 omnia
391 2431 479 2470 bona,
506 2437 534 2462 et
561 2432 646 2462 valde
672 2432 748 2462 bona
764 2438 842 2473 sunt,
861 2434 913 2465 sed

97 2485 191 2506 semen
208 2480 318 2506 tantum
344 2485 410 2506 esse
439 2476 523 2506 scito.
556 2476 631 2507 Vide
656 2476 746 2515 igitur
775 2478 912 2518 (exempli

97 2521 184 2558 causa)
195 2530 295 2560 agrum
321 2520 480 2558 renovasti,
502 2521 602 2551 limum
625 2521 768 2562 sparsisli,
787 2522 913 2553 tribulos

95 2565 203 2601 vellisti,
216 2565 381 2601 seminasti,
397 2567 462 2597 Non
476 2574 545 2604 ergo
555 2575 589 2596 ex
604 2566 696 2597 herba
709 2572 797 2597 terra}
809 2577 911 2598 semen

95 2609 291 2646 seostendere,
304 2618 372 2639 num
382 2609 511 2639 crevisse
520 2609 694 2650 comperisti
704 2610 717 2640 ‘3
726 2620 795 2641 num
810 2612 908 2651 spicas

94 2654 276 2694 prodeuntes,
293 2664 362 2684 num
379 2653 461 2684 albas
479 2654 587 2684 animae
606 2663 666 2685 suae
681 2663 809 2695 segetes,
822 2661 850 2686 et
872 2657 907 2687 ad

95 2707 210 2730 messem
227 2699 351 2730 idoneas
362 2698 564 2739 conspexisti?
576 2699 681 2730 vellisti
701 2700 798 2740 spicas
813 2701 882 2732 inde
893 2701 908 2731 τ

97 2827 112 2850 x
130 2778 270 2851 9:9Matth,
289 2787 330 2817 vr,
347 2778 397 2810 33.
443 2779 452 2800 ¹
471 2778 482 2810 I
498 2778 576 2811 Tim.
606 2787 646 2816 vr,
662 2780 692 2812 8.

735 2779 752 2805 2
765 2780 790 2812 Π
810 2783 877 2815 Cor.
894 2791 917 2822 ι,
932 2782 963 2815 9.

959 2209 1069 2239 tionem
1079 2218 1136 2249 pro
1147 2211 1251 2240 animo
1261 2210 1334 2240 814.14
1345 2210 1401 2240 ‘?Et
1411 2210 1516 2240 iterum
1531 2220 1537 2238 :
1550 2210 1606 2246 Qui
1613 2210 1782 2249 perdiderit

959 2254 1093 2284 animam
1104 2263 1202 2290 suam.
1216 2255 1276 2285 sive
1293 2256 1415 2291 mundo,
1433 2259 1482 2284 aut
1497 2254 1533 2284 iis
1557 2254 1606 2294 qui
1623 2254 1653 2284 in
1670 2254 1780 2284 mundo

957 2301 1026 2328 sunt
1039 2302 1196 2335 mortuam,
1215 2303 1244 2330 et
1259 2299 1324 2330 sine
1355 2309 1442 2329 sensu
1464 2299 1637 2335 reddiderit,
1654 2302 1782 2338 propter

957 2350 1013 2382 me,
1024 2343 1158 2375 inveniet
1171 2345 1263 2375 eam5.
1277 2344 1331 2380 Qui
1345 2348 1441 2374 autem
1451 2343 1596 2374 invenerit
1609 2352 1673 2373 eam
1687 2342 1715 2372 in
1729 2343 1780 2373 ali-

956 2396 1014 2426 qua
1026 2388 1123 2418 carnis
1134 2389 1295 2426 voluntate,
1311 2389 1413 2428 perdet
1436 2397 1511 2418 eam.
1525 2386 1554 2417 Si
1567 2387 1656 2425 igitur
1668 2387 1780 2417 animas

956 2436 1072 2463 nostras
1083 2443 1141 2463 non
1165 2433 1205 2463 ila
1231 2438 1349 2473 propter
1375 2432 1524 2464 Cliritsum
1549 2431 1779 2472 perdiderimus.

954 2485 1134 2518 rursumque
1147 2478 1359 2515 inw-nerimus,
1377 2477 1495 2518 quando
1516 2486 1582 2507 cum
1605 2477 1722 2507 Christo
1737 2477 1781 2506 vi-

956 2526 1013 2553 tam
1025 2523 1236 2563 sempiternam
1261 2524 1316 2554 κίκι
1330 2524 1432 2561 rimus,
1459 2522 1530 2563 quid
1556 2521 1671 2562 reliqua
1683 2522 1783 2552 omnia

955 2567 1041 2598 nobis
1054 2567 1248 2598 emolumenti
1265 2568 1393 2599 dabunt?
1402 2568 1526 2598 Prorsus
1536 2566 1609 2596 nihil
1621 2566 1782 2606 proderunt

953 2611 1057 2643 dilecti
1072 2612 1148 2643 servi
1165 2612 1286 2650 Christi,
1304 2622 1359 2644 nec
1375 2613 1411 2643 ab
1439 2612 1559 2643 aeternis
1581 2610 1708 2642 flammis
1727 2621 1781 2642 nos

951 2661 1095 2688 asserent.
1109 2657 1205 2694 Quare
1217 2658 1328 2698 omnia,
1341 2662 1370 2688 et
1382 2666 1485 2688 omnes
1497 2656 1712 2695 relinquentes,
1727 2666 1781 2688 nos

951 2702 1031 2742 ipsos
1044 2702 1131 2740 selos,
1146 2708 1175 2734 et
1186 2707 1284 2734 nostra
1298 2707 1440 2744 perpetuo
1459 2701 1663 2741 inspiciamus,
1685 2701 1780 2734 donec

1012 2782 1029 2808 ὅ
1043 2783 1145 2815 Matth.
1162 2791 1226 2822 xui,
1242 2785 1272 2817 8.
1323 2784 1338 2810 4
1352 2783 1454 2816 Matth.
1470 2790 1532 2823 va,
1557 2781 1607 2813 26.
1649 2781 1665 2807 ⁸
1678 2782 1779 2814 Matth.

1315 2863 1326 2883 'r
