1978 3078
207 164 265 197 507

852 164 928 196 SYM
934 163 1044 197 EONIS
1063 165 1080 196 ,Ι
1085 165 1251 197 UNIORIS.

1836 167 1895 199 508

203 231 241 263 iis
256 241 320 273 qua
332 231 501 268 deterioris,
515 232 543 263 id
568 237 623 271 est,
647 232 782 273 corporis
805 236 884 269 sunt,
901 232 986 264 victis
1001 235 1029 262 et
1039 237 1060 262 Α
1070 239 1189 261 omnem
1197 230 1596 271 hujusvitwsollicitudinem
1604 232 1810 264 amandemus.
1822 232 1900 264 Ode-

205 277 356 314 edomitis,
383 283 412 309 et
444 277 573 314 meliori,
604 287 713 318 nempe
740 277 860 315 rationi,
887 281 916 308 et
931 277 1029 308 animo

203 321 341 361 subditis,
354 325 383 354 et
409 322 449 353 ita
473 322 553 362 pacis
577 322 689 362 Spiritu
714 322 860 362 pcrfruiti,
877 321 1031 353 atumultu

205 366 354 396 terrestris
365 366 487 405 spiritus
500 367 704 406 expediamur,
720 370 748 397 et
758 367 789 397 in
805 370 920 407 portum
934 366 1030 398 beatce

204 409 315 448 quietis
332 415 440 441 nostra;
451 410 666 450 ingrediamur.

244 455 350 485 Beatus
365 454 466 494 igitur,
483 455 545 495 qui,
560 465 625 496 quae
637 455 764 486 diximus
780 456 855 486 'cum
869 454 935 493 ﬁde
949 454 1049 489 audit,

204 503 234 529 et
247 499 285 530 ad
301 509 429 539 unguem
441 509 474 531 ea
489 500 671 540 exsequitur,
683 505 713 531 et
728 501 804 531 hanc
820 509 919 531 veram
937 499 1032 540 pteni-

205 543 305 575 teutize
318 545 477 585 imaginem
487 545 778 586 descriptionemque
788 544 930 585 imitatur,
943 553 1028 584 quam

204 589 286 629 prius
297 589 394 630 praxis
403 593 503 620 nostra
513 589 656 630 implevit,
674 589 862 630 postmodum
881 588 1032 629 Scriptura

203 633 301 665 verbis
311 633 471 665 commisit.
481 633 554 664 Nam
570 643 637 665 cum
650 634 728 664 bona
742 634 936 670 intellectum,
951 633 1031 672 cogi-

204 678 359 716 tationem,
380 688 552 709 sermonem
575 679 744 718 superantia
764 678 919 718 inVinerit,
938 678 1029 709 mise-

203 728 266 750 ram
284 728 402 749 manum
421 729 528 756 meam,
541 728 606 760 quae
618 719 673 749 hoc
684 719 816 759 scripsit,
835 719 951 749 beatam
969 727 1031 758 pro-

203 763 363 804 nuntiabit,
375 769 403 794 et
414 763 650 798 misericordem,
664 764 822 803 multaeque
833 763 1032 794 miserationis

204 807 362 839 Dominum
381 807 564 848 praadicabit,
587 809 638 848 qui
655 817 706 848 per
722 808 851 847 linguam
868 807 1031 842 sordidam,

203 857 232 883 et
247 852 445 889 immundam,
464 856 531 883 etos
555 852 705 893 impurum
720 853 782 883 haec
801 852 948 892 scriptura
960 862 1032 883 con—

205 897 342 937 signavit,
355 897 392 928 ad
405 898 571 937 exemplum
584 896 785 928 conversionis
798 900 827 928 et
840 896 1030 938 poenitentiae,

203 947 231 973 et
245 941 281 973 ad
297 941 372 972 viam
386 941 527 972 directam
541 941 787 982 verissimamque
808 950 911 972 eorum
934 941 983 981 qui
997 951 1031 972 ex

200 990 259 1017 tota
271 987 370 1017 anima
381 986 478 1016 sanari
492 986 720 1026 concupiscunt,
739 990 766 1017 et
778 995 901 1024 regnum
921 986 1029 1017 vitam-

199 1040 256 1071 que
266 1031 475 1066 immorta'em,
486 1040 519 1061 ac
532 1031 684 1062 caalestem
708 1040 760 1071 pro
773 1031 943 1061 haereditate
959 1032 1024 1061 adi-

201 1076 259 1107 turi
275 1079 353 1107 sunt.
365 1075 564 1111 Quamobrem
576 1085 646 1115 rogo
658 1085 721 1114 vos,
736 1076 765 1105 in
779 1075 894 1107 Christo
909 1075 1026 1116 fratres,

201 1120 433 1161 proculanobis
460 1129 579 1151 omnem
605 1121 791 1151 affectionem
819 1120 978 1158 turbidam,
1000 1125 1029 1151 et

1072 275 1166 306 rimus
1194 276 1356 316 voluptates
1381 277 1489 315 carnis,
1523 277 1726 318 jucunditates
1748 278 1895 318 corporis,

1072 319 1302 358 oblectamenta,
1315 325 1343 351 et
1353 321 1457 358 otium,
1469 331 1593 362 perquaa
1603 323 1679 362 quod
1692 322 1825 353 deterius
1838 327 1895 360 est,

1072 364 1179 404 potiori
1192 365 1339 404 praevalet,
1352 369 1380 396 et
1399 367 1489 406 agite,
1514 366 1710 407 suscipiamus
1725 367 1813 398 ﬁdem
1830 368 1897 397 sin-

1072 416 1169 438 ceram
1187 417 1254 446 crga
1270 408 1373 446 Deum,
1399 414 1428 440 et
1453 410 1503 450 qui
1528 411 1690 441 secundum
1719 412 1813 442 Deum
1828 414 1898 441 sunt

1072 456 1169 490 patres
1183 462 1217 483 ac
1232 453 1339 485 fratres
1352 454 1454 485 nostri.
1485 455 1694 486 Possideamus
1714 465 1766 486 cor
1781 455 1897 486 contri-

1073 500 1132 527 tum
1150 501 1178 527 et
1205 498 1392 529 humiliatum
1406 499 1511 530 anima;
1521 499 1670 540 spiritum,
1686 504 1715 531 et
1725 510 1779 541 per
1797 499 1896 540 paeni-

1072 541 1204 578 tentiam,
1223 546 1251 572 et
1266 544 1409 582 lacrymas
1422 553 1472 574 cor
1488 553 1594 584 purum
1617 545 1654 575 ab
1667 545 1749 575 omni
1765 544 1895 582 macula,

1073 590 1101 616 et
1115 586 1182 617 labe
1196 588 1321 627 peccati,
1339 593 1369 618 ut
1386 588 1473 618 etiam
1496 589 1645 629 possimus
1661 590 1818 629 pervenire
1837 589 1895 620 ali-

1072 631 1188 671 quando
1213 632 1248 662 ad
1275 633 1517 672 compendiosam
1542 643 1711 665 mensuram
1733 634 1896 675 spiritualis

1072 676 1176 711 aetatis,
1188 680 1217 706 et
1234 676 1333 707 videre
1345 686 1380 707 ac
1395 677 1452 707 frui
1476 677 1562 708 bonis
1584 678 1797 719 inetl‘ahilibus,
1810 678 1896 709 inde—

1074 729 1131 759 que
1141 720 1513 761 divinolumine,quamvis
1529 732 1588 753 non
1605 728 1820 760 consummate,
1840 722 1895 753 sed

1075 773 1110 794 ex
1126 768 1219 804 parte,
1236 770 1264 795 et
1281 775 1332 806 pro
1346 771 1431 806 captu
1448 772 1559 804 nostro,
1587 767 1749 799 secundum
1768 776 1896 808 propor-

1075 809 1186 840 tionem
1203 810 1347 849 puritatis,
1363 815 1391 841 et
1406 811 1582 842 innocentiae
1610 816 1728 844 nostra.
1754 812 1803 844 Sic
1814 812 1895 842 enim

1076 857 1104 884 et
1119 863 1172 884 nos
1183 854 1319 884 uniemus
1343 855 1414 893 Deo,
1442 860 1471 886 et
1492 856 1570 887 Deus
1598 857 1718 887 unietur
1747 856 1846 895 nobis,
1866 861 1896 887 et

1075 898 1290 930 consuetudine
1305 903 1403 930 nostra
1431 901 1582 931 utentibus
1604 901 1715 932 erimus
1735 901 1848 938 lumen,
1865 907 1895 932 et

1073 942 1127 978 sol,
1145 943 1180 973 ad
1197 952 1331 981 magnam
1348 953 1398 974 eor
1421 954 1448 974 m
1464 945 1618 975 utilitatem
1636 946 1665 976 in
1688 945 1806 976 Christo
1820 947 1894 976 Jesu

1070 988 1197 1018 Domino
1210 993 1320 1026 nostro,
1335 997 1423 1028 quem
1439 989 1525 1020 decet
1543 989 1640 1023 omnis
1663 990 1766 1029 gloria,
1783 990 1892 1030 honor,

1069 1037 1097 1063 et
1112 1032 1256 1069 adoratio,
1274 1041 1340 1062 cum
1361 1036 1444 1064 l'atre
1456 1037 1484 1064 et
1500 1034 1698 1071 sanctissimo,
1727 1044 1761 1065 ac
1776 1034 1892 1066 vivilico

1070 1076 1192 1116 Spiritu,
1210 1085 1287 1108 nunc
1298 1077 1471 1118 elisemper,
1489 1083 1518 1109 et
1532 1079 1561 1109 in
1593 1079 1700 1110 saecula
1713 1079 1890 1110 saeculorum

1070 1122 1179 1152 Amen.

786 1267 984 1299 EPILOGUS
1005 1268 1026 1298 A
1037 1267 1057 1298 D
1079 1266 1308 1298 LECTOREM.

241 1393 390 1424 Laudetur
401 1395 491 1431 Deus,
504 1394 554 1434 qui
567 1393 636 1424 huic
655 1393 748 1424 labori
767 1395 858 1424 ﬁnem
879 1393 971 1424 dedit.
989 1392 1029 1426 At
1069 1393 1179 1430 vivens,
1192 1391 1298 1423 animas
1310 1402 1364 1423 .uze
1389 1395 1503 1423 :etatem
1525 1392 1602 1424 ultra
1620 1393 1765 1433 phmnicis
1782 1396 1892 1426 saecula

202 1437 363 1477 tu,lector,
376 1438 468 1476 quiin
482 1439 559 1468 hunc
581 1438 687 1469 lihrum
709 1437 862 1473 incideris,
884 1437 1027 1468 menteab
1069 1437 1200 1476 augebis,
1217 1437 1313 1467 donec
1329 1436 1372 1466 vir
1388 1437 1450 1476 jam
1478 1437 1639 1476 perlectus,
1663 1438 1698 1468 ad
1717 1447 1888 1470 mensuram

200 1482 361 1512 onmicura
372 1482 460 1521 hujus
473 1482 701 1513 mundivacuus.
718 1487 748 1513 ut
767 1483 862 1522 decet,
877 1486 904 1512 te
918 1481 1056 1529 adhibeC
1069 1482 1169 1512 venias
1184 1483 1288 1518 aetatis,
1319 1491 1375 1522 qua
1399 1481 1487 1511 fuisse
1511 1481 1668 1512 Dominum
1692 1487 1816 1515 constat.
1834 1483 1891 1515 Ubi

203 1526 392 1557 sermonibus
406 1526 479 1564 istis,
495 1536 569 1566 quos
590 1527 695 1557 stndio'
709 1531 738 1557 et
763 1527 862 1557 labore
888 1536 941 1557 suo
953 1536 1025 1557 con-
1040 1526 1056 1529 ’
1069 1536 1125 1558 una
1135 1536 1200 1558 cum
1215 1526 1329 1558 Christo
1338 1526 1381 1557 sic
1397 1526 1504 1556 vixeris
1529 1536 1564 1556 ex
1578 1527 1690 1565 animo,
1706 1531 1735 1558 et
1746 1528 1890 1567 spiritua-

204 1571 273 1603 fecit
288 1572 474 1602 venerandus
490 1572 551 1608 ille,
579 1577 607 1602 et
631 1571 749 1602 inclitus
777 1573 860 1602 Pater
885 1571 1023 1612 Symeon,

202 1615 252 1656 qui
264 1616 444 1646 monasterio
455 1616 491 1646 ad
504 1616 699 1657 Xylocercum
712 1616 826 1657 przefuit
849 1616 883 1646 Et
895 1626 961 1647 cum
975 1625 1026 1647 eos

203 1659 312 1690 videris
327 1669 392 1690 esse
409 1666 469 1691 tres
485 1665 514 1691 et
542 1661 672 1700 triginta,
695 1661 816 1691 totidem
832 1669 935 1697 annos,
953 1670 1026 1701 quos

204 1704 350 1735 Dominus
366 1710 467 1735 noster
483 1715 607 1745 corpore
624 1706 752 1736 humano
761 1705 894 1742 vestitus,
907 1710 939 1736 ut
950 1715 1027 1736 mor-

204 1749 270 1779 talis
290 1749 445 1780 nobiscum
458 1749 486 1779 in
500 1750 587 1780 terris
602 1750 680 1790 vixit,
696 1750 802 1789 cogita.
825 1749 860 1780 Et
873 1750 927 1780 hoc
939 1759 1025 1780 man-

202 1793 277 1824 dans
287 1794 399 1831 animo,
411 1794 528 1831 festina,
542 1799 570 1824 ut
582 1794 726 1834 spirituali
738 1795 932 1826 incremento.
946 1795 1023 1834 quod

202 1837 280 1868 liber
292 1838 340 1868 hic
353 1838 474 1878 exponit
485 1848 519 1869 ac
531 1839 673 1877 declarat,
687 1839 825 1869 celeriter
842 1848 936 1869 annos
946 1839 1025 1870 illius

201 1891 350 1923 eratques,
368 1892 402 1914 ex
413 1883 613 1920 sermonibus,
633 1884 763 1923 inquam,
776 1883 860 1920 ,haud
878 1883 1022 1921 obscuris,

201 1931 230 1957 et
246 1926 369 1958 totidem
381 1937 505 1957 numero
519 1927 612 1958 Patris
624 1928 721 1967 hujus.
744 1927 822 1963 Quos
837 1937 902 1958 cum
918 1928 1026 1967 legeris

198 1974 227 2001 et
244 1972 427 2011 perceperis,
442 1971 694 2012 quemadmodum
721 1971 773 2002 tibi
790 1971 847 2002 vita
861 1972 1023 2004 secundum

198 2015 292 2046 Deum
305 2016 488 2047 instituenda
511 2017 560 2056 sit,
587 2026 759 2056 cognosces,
785 2021 814 2047 et
828 2017 1024 2056 cum§Christo

237 2095 254 2120 ϐ
267 2095 351 2127 Joan.
370 2105 441 2134 xvu,
458 2096 509 2128 24.

1069 1571 1147 1606 lltﬂ‘,
1165 1570 1263 1600 unitus
1289 1571 1315 1601 ei
1338 1574 1479 1610 quantum
1505 1570 1586 1610 licet,
1611 1571 1698 1602 etiam
1723 1581 1789 1602 cum
1804 1582 1839 1604 eo
1852 1574 1890 1604 de

1067 1618 1146 1645 terra
1161 1614 1285 1645 exaltalo
1297 1614 1439 1651 sublatus,
1462 1616 1497 1644 ad
1525 1615 1622 1646 locum
1650 1615 1699 1646 ubi
1724 1616 1775 1646 ille
1791 1622 1892 1648 manet

1069 1659 1234 1699 pervenies.
1246 1659 1346 1689 Trahit
1358 1659 1436 1689 enim
1450 1658 1478 1689 in
1488 1658 1593 1690 Sancta
1604 1665 1772 1691 sanctorum
1785 1671 1891 1692 omnes

1067 1704 1116 1744 qui
1132 1704 1233 1734 volunt
1247 1703 1276 1733 in
1293 1704 1358 1743 ejus
1374 1703 1486 1733 semitis
1500 1703 1619 1743 vestigia
1638 1714 1760 1744 ponere,
1781 1705 1891 1746 quibus

1067 1758 1118 1788 pro
1136 1748 1221 1779 nobis
1246 1748 1326 1788 prior
1351 1747 1414 1788 ipse
1436 1748 1567 1784 incessit,
1593 1753 1730 1789 tauquam
1747 1750 1891 1782 Mediator

1065 1793 1189 1829 scilicet,
1208 1797 1236 1823 et
1265 1802 1388 1832 magnus
1406 1797 1507 1823 noster
1522 1794 1667 1825 Pontilex.
1685 1793 1777 1824 Nemo
1794 1796 1888 1835 enim,

1066 1838 1123 1868 nisi
1143 1847 1194 1877 per
1221 1847 1287 1868 eum
1311 1837 1346 1867 ad
1364 1838 1484 1868 Palrem
1509 1839 1615 1875 veniet,
1637 1839 1889 1878 quemadmodum

1067 1883 1129 1922 ipse
1143 1881 1308 1913 afﬁrmavit.
1327 1882 1417 1921 Cujus
1442 1886 1470 1911 et
1491 1882 1548 1912 hoc
1572 1883 1693 1913 verbum
1721 1888 1787 1915 est:
1807 1885 1886 1924 l'olo,

1066 1927 1111 1958 Pa
1119 1931 1177 1961 (er,
1194 1935 1267 1966 quos
1283 1926 1394 1957 dediin
1409 1926 1497 1963 mihi,
1514 1931 1546 1957 ut
1574 1936 1691 1959 mecum
1703 1930 1776 1967 sint,
1794 1934 1822 1962 et
1837 1931 1889 1962 υἰ-

1065 1972 1156 2003 deant
1170 1971 1299 2012 gloriam
1313 1979 1420 2011 meum,
1436 1980 1527 2010 quam
1542 1972 1654 2003 dedisti
1669 1973 1772 2004 ini/(£6.

558 2253 987 2326 EJUSDEM
1057 2253 1531 2325 SYMEONIS

916 2378 1161 2417 ‘PllESBYTERI

265 2459 483 2491 DIVINORUM
508 2461 684 2498 AMORUM,
708 2461 794 2492 SlVE
816 2458 1022 2491 SACRARUM
1045 2460 1421 2500 COMMENTATIONUM,
1448 2461 1562 2491 LlBER
1583 2461 1814 2492 SINGULARIS

457 2639 577 2671 CAPUT
603 2639 758 2670 PRIMUM.

196 2682 332 2714 Precatio
349 2684 489 2723 mystica,
500 2693 560 2724 qua
571 2685 705 2724 Spirilus
714 2687 835 2715 sanctus
847 2683 1018 2716 incocalur.

236 2727 322 2765 Veni,
342 2729 452 2759 Lumen
481 2738 592 2759 Verum.
608 2728 694 2761 Veni.
723 2729 779 2759 vita
795 2733 915 2760 aeterna.
934 2727 1019 2766 Veni,

194 2770 401 2804 absconditum
427 2773 611 2815 mysterium.
638 2773 726 2811 Veni,
754 2772 905 2804 Thcsaure
916 2783 1021 2804 carens

1064 2638 1196 2668 nomine.
1210 2637 1296 2674 Veni,
1315 2647 1362 2668 res
1379 2638 1548 2672 iuetl‘abilis.
1570 2639 1659 2676 Veni,
1686 2649 1813 2680 persona
1824 2641 1883 2671 hu-

1063 2691 1178 2713 manam
1205 2682 1433 2721 intelligentiam
1463 2683 1591 2722 fugiens.
1623 2684 1710 2721 Veni,
1743 2685 1883 2726 perennis

1063 2726 1215 2758 exultatio.
1228 2725 1315 2765 Veni,
1332 2727 1442 2758 Lumen
1458 2738 1608 2768 nunquam
1626 2729 1776 2760 occidens.
1795 2730 1882 2768 Veni,

1062 2771 1194 2804 omnium
1225 2772 1430 2803 salvandorum
1474 2782 1542 2803 vera
1577 2773 1769 2814 exspectatio.
1794 2773 1882 2814 Veni,
