1978 3078
79 167 148 200 509

666 167 887 201 DIVINORUM
907 166 1070 199 AMORUM
1094 167 1210 200 LIBER

1725 163 1785 197 5l0

83 240 277 267 mortuorum
298 235 496 267 resuscitatio.
517 235 607 276 Veni,
620 239 736 276 potens,
750 235 801 276 qui
817 233 946 265 omniaA
958 232 1007 265 Sic
1021 243 1074 265 ero
1088 233 1244 275 quibusvis
1258 233 1379 274 regibus
1402 234 1571 274 opulentior
1587 243 1595 264 :
1611 237 1641 265 et
1655 231 1784 264 mandu-

84 289 214 321 semper
222 280 286 311 solo
301 284 375 311 nutu
384 280 468 319 facis,
492 280 642 318 immutas,
659 284 688 311 et
702 280 810 310 varias.
827 279 915 316 Veni,

87 325 213 364 penitus
246 324 481 365 inaspectabilis,
510 324 664 361 intactilis,
703 323 915 364 impalpabilis.

86 368 182 406 Veni,
199 378 319 409 semper
335 377 438 399 manes
465 368 638 406 immobilis,
654 377 772 409 quoque
785 370 813 398 in
830 368 919 398 horas

88 418 174 445 totus
190 413 420 454 transmoveris,
436 418 465 443 et
479 413 516 443 ad
530 422 584 444 nos
594 413 818 453 venisjacentes
827 413 856 443 in
870 412 918 442 in-

86 459 176 496 feris,
187 459 334 499 quisupra
342 467 447 488 omnes
462 457 553 488 caelos
566 458 692 488 habitas.
709 457 797 495 Veni,
810 466 920 488 nomen

87 502 364 542 exoptatissimum,
381 506 410 532 et
436 501 717 542 celebratissimum,
740 502 777 533 de
793 511 851 542 quo
867 500 921 531 fari

88 547 165 586 quid
183 546 235 585 sis,
264 550 314 577 aut
339 555 429 578 nosse
456 546 562 586 qualis,
593 551 641 577 aut
670 546 837 586 cuiusmodi
867 545 919 582 sis,

87 591 181 622 nobis
196 600 317 632 prorsus
345 595 483 630 negatum
501 595 556 622 est.
582 591 668 632 Veni,
693 591 792 622 laetitia
807 589 920 630 sempi-

89 639 189 667 terna.
207 635 294 673 Veni,
306 644 417 666 corona
433 635 702 667 immareescibilis.
719 635 804 672 Veni,
822 633 921 674 magni

89 680 150 711 Dei
167 684 195 710 et
209 679 400 720 Imperatoris
415 681 506 710 nostri
520 689 662 720 purpura.
675 680 750 710 Veni
766 689 839 710 zona
856 679 917 719 (Π)

90 728 127 756 ut
144 725 301 765 crystallus
323 724 433 761 lucida,
452 728 480 755 et
505 725 630 764 gemmis
653 724 813 764 variegata.
831 723 919 764 Veni,

90 769 242 809 refugium
274 769 471 800 inaccessum.
500 769 587 804 Veni.
612 769 719 809 regalis
735 777 875 810 purpura,
892 769 922 798 et

91 819 226 854 augustae
259 814 423 854 maiestatis
437 815 569 846 dextera.
593 815 679 855 Veni,
706 823 794 855 quem
810 814 919 844 misera

91 859 195 890 anima
209 868 276 890 mea
290 859 481 896 desideravit,
508 863 536 890 et
555 859 715 890 desiderat.
742 858 829 896 Veni,
842 858 917 896 sole,

92 905 131 936 ad
147 905 243 936 solum
258 915 266 943 ;
279 914 343 936 sum
361 905 441 936 enim
457 905 548 943 solus,
581 906 623 936 uti
650 905 743 937 vides.
765 904 853 941 Veni,
870 905 921 944 qui

95 959 144 980 me
159 950 313 990 separasti,
331 953 360 980 et
374 950 470 980 solum
488 950 594 981 essein
614 957 693 981 terra
708 950 816 981 fecisti.
832 949 920 986 Veni,

93 995 146 1035 qui
157 995 250 1026 factus
267 1004 299 1026 es
312 994 494 1025 desiderium
509 1004 620 1031 meum,
634 995 791 1035 fecistique
805 993 923 1025 utdesi-

93 1039 232 1071 derarem
249 1044 289 1076 te,
306 1039 342 1070 ad
355 1048 444 1080 quem
455 1039 589 1080 aspirare
605 1040 703 1070 nullus
717 1043 823 1078 potest.
834 1037 921 1075 Veni,

93 1084 204 1115 halitus
221 1089 252 1116 et
266 1083 323 1114 vita
339 1093 416 1114 mea.
430 1084 507 1114 Veni
522 1084 713 1124 deSpicabilis
733 1083 838 1114 animae
849 1091 923 1113 meae

93 1129 273 1166 consolatio,
300 1128 388 1168 Veni,
405 1128 558 1168 gaudium,
582 1132 611 1159 et
633 1129 738 1168 gloria,
765 1133 794 1159 et
809 1127 924 1158 deliciae

96 1182 171 1204 mere
186 1172 324 1203 assiduae.
342 1172 457 1204 Gratias
483 1181 537 1211 ago
554 1172 618 1213 tibi,
635 1171 752 1212 quando
769 1180 846 1202 unus
862 1180 922 1202 me-

93 1227 161 1248 cum
177 1217 300 1257 spiritus
309 1216 383 1248 citra
403 1216 620 1254 confusionem,
642 1217 878 1248 immutationem
894 1219 924 1246 et

92 1261 318 1293 conversionem
333 1262 427 1292 factus
442 1270 486 1298 es,
518 1261 646 1301 quicum
672 1261 712 1291 sis
736 1263 816 1292 Deus
833 1269 923 1299 super

96 1306 208 1347 omnia,
221 1306 294 1337 mihi
317 1305 417 1336 omnia
434 1305 526 1337 factus
552 1315 584 1336 es
603 1305 753 1336 omnibus.
775 1305 925 1338 Alimonia

94 1350 322 1391 inexplicabilis,
335 1360 402 1390 quae
413 1349 531 1381 absumi
547 1350 719 1390 neutiquam
734 1354 828 1391 potes,
844 1359 920 1390 quaa-

95 1405 154 1436 que
169 1394 259 1425 labris
284 1395 390 1425 animae
415 1403 488 1424 mea:
509 1395 621 1434 jugiter
644 1394 817 1432 aﬂ‘underis,
849 1394 922 1425 etin

95 1441 176 1470 fonte
202 1439 300 1470 cordis
324 1439 383 1470 mei
411 1439 537 1470 ubertim
554 1439 694 1470 scaturis.
712 1438 922 1470 Indumentum

94 1484 258 1523 fulgurans,
282 1487 311 1513 et
336 1483 487 1514 daemonas
516 1483 657 1514 adurens.
694 1483 851 1520 Lnstratio,
869 1492 921 1523 per

94 1528 250 1560 continuas
265 1532 294 1559 et
308 1533 424 1559 sanctas
439 1529 595 1568 lacrymas,
621 1537 695 1568 quas
708 1528 858 1568 presentia
873 1532 922 1558 tua

96 1573 133 1604 iis
148 1574 183 1604 ad
200 1583 273 1614 quos
281 1573 364 1604 venis
376 1573 511 1612 largitur,
532 1573 636 1603 eluens
652 1582 710 1603 me.
738 1571 853 1604 Gratias
867 1581 921 1612 ago

98 1620 163 1658 tibi,
179 1621 321 1661 quoniam
348 1620 413 1651 dies
439 1620 503 1650 sine
527 1629 651 1660 vespera
677 1620 748 1650 mihi
761 1619 920 1658 ,factuses,

99 1669 129 1696 et
143 1666 186 1696 sol
203 1666 279 1696 citra
289 1673 425 1696 occasum
441 1664 509 1705 :qui
525 1675 582 1695 non
596 1665 686 1695 habes
699 1664 748 1694 ubi
763 1668 791 1694 te
802 1664 926 1695 abscon-

99 1709 162 1747 das,
174 1710 284 1750 quique
300 1709 395 1749 gloria
411 1713 459 1739 tua
478 1709 584 1750 imples
601 1709 750 1740 universa.
769 1708 925 1749 Nunquam

99 1758 128 1785 tu
141 1754 177 1785 ab
193 1754 253 1785 ullo
269 1759 297 1785 te
311 1754 507 1794 abscondisti,
533 1763 634 1784 verum
652 1763 705 1784 nos
719 1762 838 1794 semper
853 1762 925 1783 nos-

99 1802 160 1829 met
174 1801 230 1829 ate
252 1797 473 1836 abswndimns,
494 1799 564 1829 dum
575 1798 611 1829 ad
626 1802 652 1828 te
663 1798 763 1828 venire
775 1797 923 1828 nolumus.

99 1843 154 1875 Ubi
171 1843 250 1873 enim
268 1847 295 1873 te
309 1843 524 1880 absconderes,
549 1843 597 1874 cui
620 1842 829 1883 requiescendi
844 1843 925 1873 locus

101 1897 246 1928 nusquam
263 1887 331 1918 est?
342 1888 463 1918 Autcur
476 1892 504 1918 te
520 1887 732 1925 abscondercs,
747 1887 797 1928 qui
813 1896 848 1917 ex
859 1896 925 1917 orn-

103 1933 189 1963 nibus
216 1932 360 1963 aversaris
383 1932 546 1973 neminem,
576 1932 722 1963 revereris
750 1931 926 1962 neminem?

99 1977 181 2007 Nunc
195 1977 295 2016 igitur,
313 1978 362 2017 pie
376 1977 513 2015 Domine,
537 1977 759 2008 tabernaculum
773 1976 803 2006 in
816 1975 928 2007 metibi

103 2023 168 2061 tige,
187 2026 216 2051 et
227 2021 327 2052 habita
339 2021 368 2051 in
385 2030 444 2058 me,
461 2026 490 2052 et
501 2030 594 2061 usque
605 2021 642 2052 ad
654 2020 766 2052 obitum
780 2029 879 2051 meum
890 2029 928 2051 ne

100 2065 260 2103 divellaris,
275 2075 330 2096 nec
341 2065 576 2105 separerisame
597 2075 683 2096 servo
711 2070 770 2101 tuo,
793 2069 862 2095 utet
873 2074 927 2104 ego

101 2110 131 2140 in
147 2109 226 2140 exitu
243 2119 321 2147 meo,
339 2114 368 2140 et
396 2114 461 2149 post
489 2110 599 2141 exitum
630 2110 660 2140 in
692 2114 720 2141 te
735 2110 880 2146 inveniar,
900 2113 929 2139 et

102 2162 223 2193 regnem
243 2156 353 2194 tecum,
377 2155 555 2194 quiregnas,
586 2154 677 2191 Deus,
702 2163 792 2194 super
816 2153 927 2189 omnia,

957 287 1040 316 cans,
1050 287 1084 309 ac
1104 278 1210 310 bibens
1224 282 1265 317 te,
1282 283 1311 310 et
1327 279 1358 310 in
1373 279 1461 310 horas
1476 279 1607 318 singulas
1618 278 1746 309 induens
1757 281 1785 308 te

958 322 1039 354 fruar
1062 324 1207 354 bonorum
1224 323 1341 356 deliciis
1355 322 1616 355 inenarrabilibus.
1641 322 1784 359 Quoniam

961 372 991 398 tu
1008 377 1096 398 omne
1105 367 1267 405 bonum,et
1279 368 1480 406 omnedecus,
1498 372 1527 399 et
1544 377 1632 398 omne
1651 367 1784 398 delecta-

962 416 1092 442 mentum
1110 421 1153 450 es,
1173 417 1201 443 et
1228 411 1355 451 teldecet
1379 413 1481 452 gloria,
1510 418 1642 444 sanctam
1658 415 1688 442 et
1708 420 1784 442 con-

962 456 1171 488 subtantialem
1188 457 1375 498 Trinitatem,
1402 467 1467 498 qua:
1492 457 1522 488 in
1538 459 1636 495 Patre,
1653 461 1682 488 et
1696 455 1783 495 Filio,

962 505 990 531 et
1004 500 1114 541 Spiritu
1127 507 1228 532 sancto
1245 502 1418 538 honoratur,
1431 506 1460 532 et
1471 502 1651 541 agnoscitur,
1671 505 1700 532 et
1711 500 1785 531 ado-

962 550 1054 583 ratur,
1073 549 1102 576 et
1115 546 1221 577 colitur
1236 546 1271 577 ab
1298 546 1487 577 uniVersitate
1514 546 1646 577 fidelium
1662 554 1740 576 nunc
1757 548 1786 574 et

962 597 1091 630 semper,
1109 593 1135 620 et
1153 598 1206 630 per
1222 590 1396 621 infinitatem
1414 590 1600 621 saeculorum.
1619 590 1725 621 Amen.

1278 647 1398 680 CAPUT
1422 648 1458 680 Il.

961 703 1103 742 Dagivina
1114 704 1300 742 illustratione
1309 709 1332 733 et
1344 706 1547 735 illuminationc
1555 705 1676 742 Spiritus
1685 705 1786 734 sancti-

999 739 1090 769 Unum
1118 749 1173 769 esse
1202 741 1415 778 locumrDeum,
1446 743 1476 770 in
1501 750 1554 778 quo
1570 739 1642 778 'post
1669 743 1786 778 mortem

998 778 1089 806 sancti
1112 784 1207 814 omnes
1226 777 1426 814 requiescunt:
1448 782 1472 806 ct
1495 777 1543 814 qui
1571 777 1655 806 Deum
1678 777 1784 814 amisit.

1001 814 1057 842 alio
1072 813 1173 841 inloco
1196 812 1227 840 in
1250 812 1351 848 futura
1374 814 1432 842 vila
1456 812 1579 849 requiem
1606 820 1662 841 non
1689 812 1785 840 inven-

998 852 1102 878 turum.

1003 903 1090 940 Hem,
1103 902 1180 943 quod
1191 902 1268 933 istud
1283 907 1341 934 tam
1354 903 1555 934 venerandum
1566 900 1738 943 mysterium
1755 901 1786 931 in

966 958 1012 980 me
1029 948 1173 988 paratur?
1188 947 1267 986 quod
1281 957 1336 978 ncc
1364 948 1464 987 lingua
1484 947 1580 985 etfari,
1606 956 1660 978 nec
1683 954 1785 976 manus

964 993 1081 1023 infirma
1096 992 1203 1022 litteris
1218 1001 1342 1023 exarare
1356 997 1462 1032 potest,
1487 994 1523 1023 a.l
1544 991 1664 1023 laudem
1676 994 1704 1021 et
1715 990 1785 1030 glo-

963 1037 1039 1068 riam
1055 1037 1134 1067 illius
1159 1038 1205 1067 cui
1230 1046 1334 1067 revera
1362 1046 1414 1077 par
1437 1037 1511 1075 laus,
1536 1041 1564 1067 et
1585 1035 1677 1066 oratio
1706 1034 1786 1064 nulla

963 1081 1091 1122 reperiri
1103 1086 1200 1122 queat.
1218 1082 1277 1113 Sed
1296 1082 1322 1113 si
1336 1091 1401 1122 qua;
1417 1091 1495 1112 nunc
1522 1081 1553 1112 in
1569 1090 1616 1112 me
1631 1079 1784 1121 deplorato

964 1130 1101 1166 aguntur,
1125 1125 1287 1157 ineﬂ‘abilia
1311 1130 1340 1157 et
1367 1125 1588 1166 inexplicabilia
1617 1128 1696 1163 sunt,
1726 1132 1784 1164 quo

965 1171 1084 1202 tandem
1101 1170 1131 1201 in
1147 1175 1231 1211 pacto
1248 1171 1283 1208 is,
1297 1171 1347 1211 qui
1362 1171 1431 1201 talia
1443 1170 1565 1209 largitur
1580 1169 1717 1204 eteflicit,
1735 1177 1786 1198 no-

964 1215 1033 1247 stris
1048 1215 1191 1246 encomiis
1208 1219 1236 1246 et
1251 1214 1663 1255 prwdicationibusindigebit
1675 1218 1687 1245 ?
1700 1213 1785 1245 Certe

965 1270 1023 1292 non
1032 1260 1254 1300 gloriﬁcahitur,
1267 1260 1317 1300 qui
1329 1265 1373 1291 est
1379 1261 1560 1300 gloriﬁcatus
1573 1270 1580 1292 ι
1592 1259 1786 1300 quemadmo-

964 1305 1034 1336 dum
1050 1314 1105 1336 nec
1121 1304 1325 1345 illustrabilur,
1341 1314 1398 1336 nec
1413 1305 1514 1336 lumen
1533 1315 1551 1336 ει
1564 1304 1649 1336 nobis
1665 1308 1784 1335 mutua-

965 1350 1046 1381 bitur
1062 1349 1109 1380 hic
1124 1350 1181 1390 sol,
1199 1359 1287 1390 qutm
1303 1349 1335 1381 in
1348 1349 1424 1381 cmlo
1449 1350 1598 1391 fulgentes
1613 1348 1786 1389 aspicimus.

965 1394 1126 1432 Illuminat,
1141 1403 1199 1425 non
1215 1394 1411 1431 illuminatur,
1428 1395 1523 1426 lucem
1535 1393 1642 1431 fundit,
1661 1402 1718 1423 non
1736 1401 1787 1422 re-

965 1441 1054 1481 cipit:
1068 1441 1156 1472 habet
1165 1441 1323 1482 siquidem,
1336 1451 1426 1482 quam
1433 1442 1459 1474 ei
1471 1451 1486 1472 a
1496 1441 1642 1482 principio
1652 1439 1788 1471 conditor

930 1509 949 1534 ρ
965 1490 1009 1515 est
1025 1485 1203 1534 impeditus.
1232 1485 1359 1534 Si_erg_o
1380 1486 1429 1534 qui
1453 1487 1547 1534 solem
1570 1484 1787 1534 fecit_omnium

963 1529 1239 1570 procreatorDeus,
1267 1529 1306 1561 ita
1331 1530 1413 1570 fecit,
1440 1535 1472 1562 ut
1487 1531 1602 1561 luceret
1625 1528 1785 1560 abundanti

963 1574 1087 1612 lumine,
1100 1583 1154 1605 nec
1166 1584 1240 1615 opus
1250 1575 1372 1606 haberet
1383 1576 1441 1606 ullo
1454 1575 1542 1607 modo
1560 1575 1678 1606 aliunde
1693 1573 1788 1612 majus

965 1623 1080 1659 petere,
1097 1619 1246 1660 quomodo
1276 1629 1293 1650 a
1316 1630 1363 1650 me
1391 1620 1441 1650 vili
1465 1620 1640 1660 abjectoque
1662 1618 1788 1659 gloriam

965 1664 1091 1704 accipiet
1107 1664 1265 1694 fabricator
1273 1665 1356 1702 solis,
1377 1665 1424 1695 cui
1437 1665 1516 1695 nulla
1527 1664 1647 1695 omnino
1663 1673 1695 1694 re
1715 1672 1789 1702 opus

967 1714 1023 1744 est,
1041 1713 1070 1738 et
1084 1708 1134 1748 qui
1149 1712 1221 1738 nutu
1237 1718 1271 1739 ac
1294 1709 1443 1741 voluntate
1467 1709 1558 1747 (solus
1580 1709 1660 1740 enim
1685 1711 1790 1748 potens

967 1757 1022 1792 est)
1034 1752 1120 1783 bOIJS
1133 1753 1268 1783 omnibus
1282 1753 1384 1794 implet
1401 1754 1523 1784 omnia?
1545 1753 1666 1786 Interim
1686 1757 1715 1784 et
1729 1752 1790 1783 lin-

967 1807 1023 1837 gua
1039 1807 1085 1828 me
1099 1797 1212 1837 ingenti
1229 1798 1305 1828 \crb«
1319 1808 1383 1829 rum
1396 1804 1524 1839 egestate
1539 1799 1643 1833 labrat,
1655 1802 1685 1830 et
1707 1807 1789 1839 quaa-

967 1842 1057 1872 inme
1074 1847 1209 1882 aguntur,
1227 1852 1312 1874 mens
1328 1853 1393 1874 mea
1418 1844 1495 1874 videt
1517 1844 1566 1875 illa
1587 1844 1719 1885 quidem,
1736 1842 1789 1874 sed

969 1896 1117 1926 exponere
1134 1896 1191 1917 non
1208 1889 1291 1917 valet.
1326 1887 1454 1928 Aspicit,
1479 1893 1507 1919 et
1534 1889 1631 1930 eloqui
1648 1889 1719 1926 vult,
1737 1889 1790 1920 sed

969 1941 1026 1971 quo
1036 1931 1209 1962 scrmoneid
1220 1932 1319 1969 furiat,
1335 1942 1391 1963 non
1403 1932 1523 1964 invrnit.
1539 1933 1670 1965 lntnetur
1682 1934 1791 1975 quippe

970 1975 1203 2015 inaspectabilia,
1211 1977 1343 2007 etomnis
1350 1977 1449 2016 figurae
1457 1979 1792 2019 undequamqueexper-

971 2021 1020 2055 tia,
1038 2019 1185 2060 simplicia
1197 2030 1328 2060 prorsus,
1347 2031 1404 2052 non
1432 2023 1606 2062 composita,
1631 2029 1658 2054 et
1675 2024 1791 2064 magni-

972 2064 1075 2094 tudine
1092 2064 1218 2095 inftnita.
1236 2064 1295 2096 Nec
1311 2066 1390 2096 enim
1410 2067 1589 2107 principium
1612 2069 1717 2106 ullum,
1735 2078 1791 2100 nec

970 2109 1059 2140 linem
1068 2110 1219 2150 perspicit,
1233 2115 1261 2140 et
1271 2111 1398 2142 medium
1409 2112 1495 2152 plane
1519 2113 1644 2154 ignorat,
1657 2123 1711 2145 nec
1722 2114 1789 2151 scit,

973 2154 1091 2194 quinam
1108 2155 1222 2191 efferat,
1252 2154 1329 2195 quod
1353 2155 1441 2186 videt.
1465 2156 1570 2187 Totum
1597 2158 1744 2198 quoddam
1761 2158 1792 2189 in

103 2199 198 2236 Mane,
212 2199 347 2238 Domine,
362 2204 391 2229 et
407 2208 444 2229 ne
457 2209 506 2230 me
525 2199 620 2230 solum
642 2198 788 2239 relinque,
815 2202 845 2228 ut
860 2208 927 2229 cum
939 2208 1099 2236 Dsumma,
1116 2204 1147 2229 ut
1172 2200 1311 2239 arbitror,
1328 2204 1357 2230 et
1377 2201 1550 2241 neutiquam
1574 2203 1638 2243 ipsa
1664 2204 1792 2235 essentia

104 2243 238 2274 venerint
252 2243 365 2273 inimici
382 2243 450 2283 mei,
464 2244 515 2284 qui
531 2244 719 2275 continenter
734 2243 929 2283 quaeruntde-

103 2297 204 2318 vorare
220 2288 348 2318 animam
366 2297 475 2328 meam,
489 2292 576 2329 thue
601 2288 679 2319 intra
695 2298 742 2318 me
759 2292 928 2318 manentem

103 2332 280 2372 repererint,
294 2332 411 2372 penitus
423 2337 600 2373 penitusque
618 2332 775 2372 refugiant,
791 2341 845 2362 nec
858 2341 929 2372 prae-

103 2378 216 2407 valeant
231 2376 314 2414 mihi,
332 2386 398 2407 cum
425 2382 454 2407 te
477 2377 626 2408 fortiorem
651 2376 789 2407 omnibus
804 2377 883 2407 intus
898 2377 928 2407 in

105 2421 253 2452 domicilio
269 2421 391 2452 humilis
401 2422 508 2453 animm
522 2431 594 2452 mete
603 2421 788 2453 residentem
806 2431 929 2462 conspe-

104 2466 210 2497 xerint.
228 2467 316 2502 Sane,
331 2470 361 2496 ut
379 2475 494 2497 memor
517 2467 598 2498 fuisti
622 2466 692 2503 mei,
709 2465 848 2506 Domine,
860 2476 927 2497 cum

104 2510 132 2541 in
149 2511 258 2540 mundo
275 2518 383 2546 essem,
402 2514 430 2541 et
446 2520 493 2541 me
510 2510 604 2542 inscio
621 2510 684 2550 ipse
701 2509 817 2550 elegisti
827 2519 886 2547 me,
900 2517 929 2543 et

104 2565 120 2586 a
135 2554 244 2585 mundo
259 2554 424 2595 removisti,
440 2560 530 2596 atque
541 2560 608 2586 ante
624 2555 729 2586 faciem
753 2555 854 2594 gloriae
872 2559 928 2586 tua":

106 2599 282 2630 constituisti
296 2610 302 2628 :
315 2599 358 2629 sic
370 2599 457 2630 etiam
470 2599 643 2631 modointus
659 2609 706 2630 me
722 2599 925 2642 constitutum,

107 2654 164 2675 seu:
170 2653 223 2684 per
232 2643 428 2682 immobilem,
443 2649 564 2685 propter
576 2649 654 2675 tuam
666 2644 759 2682 inline
771 2644 927 2675 habitatio-

107 2699 171 2720 nem
188 2689 316 2728 custodi,
334 2689 508 2729 utquotidie
531 2689 650 2720 intuens
674 2694 701 2719 te
717 2698 771 2728 ego
785 2692 927 2728 mortuus,

107 2734 208 2772 vivam,
222 2732 378 2774 possidens
391 2738 418 2764 te
430 2742 483 2774 ego
495 2743 620 2775 pauper,
632 2742 753 2773 semper
764 2733 845 2764 dives
859 2734 928 2767 sim.

143 2822 200 2861 (17)
216 2822 289 2856 Cod.
306 2823 406 2856 mend.
423 2825 559 2863 ὑπόθημα,
578 2823 633 2862 leg.
652 2822 783 2862 ὑπόδυμκ.

969 2253 1034 2281 sua,
1051 2243 1104 2274 sed
1130 2244 1355 2284 participatione
1380 2245 1505 2277 videtur.
1533 2246 1648 2278 Etenim
1674 2257 1707 2279 ex
1724 2248 1792 2288 igne

970 2289 1068 2333 ignem
1080 2288 1228 2326 ascendis,
1253 2293 1281 2319 et
1297 2293 1388 2320 totum
1413 2291 1490 2330 quod
1516 2296 1544 2322 et
1569 2292 1645 2331 ignis
1658 2292 1789 2333 accipis:

969 2332 1033 2373 ipsa
1048 2337 1148 2364 tamen
1169 2337 1274 2364 natura
1302 2334 1375 2374 ipsis
1403 2345 1460 2365 non
1480 2335 1588 2374 delicit,
1611 2341 1638 2367 et
1653 2332 1790 2375 indivisa,

970 2381 1002 2408 ut
1013 2381 1082 2408 ante
1099 2383 1265 2417 permanet.
1282 2377 1496 2416 Veruntanlen,
1524 2381 1601 2420 quod
1622 2382 1791 2412 communi-

970 2425 1063 2462 catur,
1079 2431 1096 2452 a
1122 2422 1217 2462 primo
1246 2432 1424 2463 separatur:
1448 2427 1478 2454 et
1499 2425 1569 2464 quia
1605 2430 1791 2466 corporatum

970 2466 1111 2511 quiddam
1127 2471 1181 2508 est,
1198 2467 1227 2497 in
1242 2467 1393 2507 lampadas
1421 2469 1590 2508 complures
1605 2470 1791 2511 dispertitur.

970 2510 1044 2542 illud
1060 2515 1158 2542 autem
1175 2511 1328 2552 spintuale
1344 2516 1398 2549 est,
1424 2510 1671 2556 divisionemque,
1689 2515 1794 2546 sectio-

970 2565 1051 2595 nem,
1066 2556 1283 2596 seperationem
1302 2566 1422 2596 prorsus
1445 2557 1556 2589 nullam
1578 2559 1705 2590 admittit
1728 2560 1794 2591 Non

971 2600 1051 2631 enim
1076 2601 1216 2640 quoniam
1244 2602 1492 2643 communicatur,
1523 2603 1619 2634 idirco
1643 2605 1673 2634 in
1703 2605 1794 2636 multa

971 2645 1146 2682 secernitur,
1177 2645 1230 2676 sed
1258 2645 1416 2676 indivisum
1444 2652 1622 2687 perseverat,
1650 2654 1680 2680 et
1699 2648 1728 2679 in
1745 2658 1792 2680 me

971 2693 1027 2728 est,
1045 2694 1074 2720 et
1088 2690 1118 2720 in
1133 2699 1182 2721 me
1195 2690 1273 2720 intus
1289 2689 1319 2720 in
1337 2691 1444 2721 misero
1466 2693 1556 2723 corde
1571 2703 1637 2723 meo
1653 2697 1791 2734 tanquam

971 2736 1027 2774 sol,
1044 2738 1094 2765 aut
1109 2734 1210 2766 discus
1225 2734 1296 2766 solis
1309 2735 1412 2775 hujus,
1428 2737 1583 2775 rotundus,
1611 2737 1670 2769 luci
1687 2737 1794 2769 similis
