1978 3078
182 156 236 189 511

831 157 1023 191 SYMEONIS
1043 157 1059 190 J
1064 159 1220 191 UNIORIS

1813 155 1871 187 512

178 223 259 262 (nam
272 226 301 253 et
312 223 362 254 lux
373 223 428 262 est)
447 222 591 254 exoritur.
605 222 722 260 Nescio,
748 227 779 254 ut
793 223 919 262 aiebam,
933 223 1002 264 quid
1014 227 1035 252 Α
1045 223 1111 256 Νοιι
1119 226 1199 256 enim
1215 225 1466 267 quemadmodum
1480 234 1560 256 nunc
1575 224 1606 254 in
1620 223 1720 261 terris,
1734 223 1777 254 sic
1786 223 1876 254 etiam

180 268 218 298 de
233 277 267 298 eo
284 267 437 299 dicam.Et
458 267 709 307 velobamtacere,
722 268 801 308 quod
813 269 925 300 utinam
943 278 1008 309 pos-
1050 273 1118 300 tunc
1131 271 1260 302 futurum
1277 275 1332 302 est.
1358 270 1442 301 Nunc
1467 269 1576 310 quippe
1604 267 1655 309 qui
1681 272 1709 299 te
1725 267 1873 303 nesciunt,

180 321 243 343 sem
261 312 333 342 :sed
365 312 540 343 miraculum
564 313 765 344 venerationis
788 314 907 354 plenum
921 314 1006 344 solli—

180 357 248 387 citat
278 356 421 393 animum,
454 361 482 388 et
506 362 620 388 reserat
649 358 798 398 impurum
826 368 859 389 os
888 368 1004 391 meum:

178 401 288 441 quique
303 410 382 432 nunc
397 401 428 432 in
444 402 534 433 corde
551 411 617 433 meo
639 403 798 433 tenebroso
823 407 918 434 ortum
935 413 1003 443 pro-

179 445 253 482 tulit,
267 445 304 476 ad
324 446 517 486 loquendum,
550 447 800 488 scribuenquue
821 447 866 479 vel
881 447 1004 479 invitum

179 499 227 520 me
239 491 401 530 compellit.

222 535 277 572 Qui
293 535 366 565 mihi
382 536 596 567 demonstravit
609 536 765 576 mirabilia,
778 547 843 578 qua:
854 538 931 569 oculi
944 547 1001 569 non

178 580 327 618 viderunt,
337 580 386 620 qui
400 581 429 611 in
442 590 489 611 me
501 585 532 611 ut
543 585 725 621 postremum
750 591 784 612 ac
798 582 923 613 infinum
935 592 995 613 om-

179 625 261 655 nium
279 634 311 655 se
327 625 456 656 demisit.
471 625 525 662 Qui
537 626 684 666 apostolos
696 626 867 666 discipulos,
883 631 912 658 et
927 627 1002 658 ﬁlios

177 669 318 701 reddidit.
330 669 363 700 In
377 679 434 707 me,
448 669 580 710 inquam,
594 679 681 710 quem
692 671 856 709 horribilis,
868 676 896 702 et
907 672 1000 703 inter—

177 713 274 744 fector
288 714 444 744 hominum
461 715 550 746 draco
575 714 704 750 tenebat,
719 715 800 755 prius
828 717 925 748 omnis
940 717 1001 748 ini-

178 758 300 798 quitatis
325 758 506 799 ministrum,
535 763 560 789 e'
590 760 772 799 operarium.
799 761 848 791 Sol
874 761 935 801 ille,
952 763 1000 802 qui

178 803 277 833 existit
290 807 357 833 ante
369 803 513 843 originem
534 805 720 839 saeculorum,
745 809 773 836 et
787 806 836 846 qui
858 807 935 846 apud
951 808 1000 838 in-

1049 315 1094 344 hic
1111 314 1140 345 in
1156 315 1281 353 deliciis,
1307 319 1336 346 et
1359 314 1560 355 voluptatibus
1583 312 1736 353 Corporeis
1758 316 1873 343 wtatem

1047 359 1176 398 cxiguut,
1193 360 1241 390 hic
1252 360 1409 396 exsultant,
1428 363 1457 390 et
1472 359 1564 389 instar
1573 358 1724 389 brutarum
1737 357 1873 388 animan-

1048 403 1119 434 tium
1137 404 1260 434 saltibus
1275 405 1441 435 lasciviunt.
1456 403 1526 440 Qum
1540 403 1576 434 ad
1589 412 1675 434 usum
1691 407 1720 434 et
1736 411 1872 432 commo-

1047 447 1169 479 ditatem
1181 452 1245 479 vitaa
1257 449 1381 489 agendm
1392 449 1513 486 dedisti,
1530 457 1564 478 ea
1579 447 1637 478 sibi
1657 446 1778 483 habent,
1796 450 1825 477 et
1841 446 1873 476 in

1046 491 1082 522 iis
1093 492 1165 532 splis
1181 493 1282 530 defixi,
1297 498 1361 533 post
1371 493 1535 524 discessum
1549 502 1583 523 ex
1596 492 1651 522 hac
1665 493 1729 522 luce
1739 491 1872 521 similem

1043 536 1149 568 animae
1169 542 1274 568 statum
1297 538 1358 568 fore
1384 538 1561 568 existimant.
1587 535 1646 568 Sed
1672 536 1748 566 male
1771 535 1872 576 conje-

1045 585 1134 619 ctant,
1145 584 1220 612 male
1231 582 1358 622 sapiunt,
1373 583 1424 622 qui
1434 591 1530 612 senon
1542 585 1649 618 tecum,
1664 584 1872 611 verumtamen

1044 624 1074 655 in
1090 626 1193 665 requie
1207 627 1320 657 futuros
1337 630 1499 665 automant,
1517 626 1564 656 cui
1586 625 1682 656 locum
1696 624 1870 665 quemdam,

1044 680 1060 700 ο
1077 670 1270 711 dementiam,
1285 675 1365 703 extra
1392 680 1515 710 regnum
1533 680 1566 701 ac
1583 670 1769 706 thalamum,
1788 678 1804 699 a
1819 679 1870 708 ge-

1043 715 1141 745 henna
1157 721 1184 745 et
1200 715 1276 755 ignis
1291 715 1435 757 supplicio
1461 719 1619 751 semotum,
1637 723 1691 744 nec
1708 723 1775 744 eum
1791 713 1870 744 luci-

1043 759 1124 794 dum,
1140 769 1174 790 ac
1190 760 1320 790 tenebris
1342 764 1491 790 vacantem
1521 759 1710 794 constituant,
1733 757 1764 788 in
1779 767 1869 797 quem

1042 803 1175 834 infelices
1192 804 1233 835 illi
1253 805 1393 835 devenire
1410 809 1521 845 optant,
1540 813 1599 834 non
1616 812 1703 842 egere
1712 811 1743 833 se
1756 806 1869 832 aeterna

178 847 258 878 feros
274 848 467 888 resplenduit,
486 849 638 880 ettandem
647 849 816 882 collustrata
825 852 924 882 anima
935 861 1000 883 mea
1012 853 1030 878 Β
1043 853 1090 879 tua
1100 849 1204 888 gloria.
1221 854 1271 880 aut
1285 851 1426 880 cwlorum
1443 859 1546 888 regno,
1564 848 1615 880 sed
1642 848 1670 878 in
1688 847 1790 887 requie
1804 847 1868 878 fore

179 891 311 923 tenebris
342 893 470 934 oppleta,
501 894 578 924 diem
606 895 678 925 mihi
703 905 824 935 vespera
848 902 999 928 carentem

177 936 299 976 largitus
314 942 368 969 est.
386 938 440 974 Qui
454 938 675 970 mendicitatem
693 949 787 971 meam
806 941 890 972 bonis
906 942 1000 972 omni-

176 981 232 1012 bus
245 983 414 1023 cumulasti,
433 987 461 1013 tu
479 993 647 1014 sermonem
665 984 752 1023 dona,
780 990 808 1016 et
822 987 912 1017 verba
929 988 997 1018 mihi

173 1035 310 1065 suggere,
323 1027 358 1057 ad
372 1028 571 1059 enarrandum
583 1029 730 1060 universis
745 1040 836 1070 opera
848 1035 895 1062 tua
907 1032 998 1063 mira-

171 1070 255 1111 bilia,
268 1081 333 1112 quae
345 1072 434 1103 hodie
443 1083 562 1113 quoque
585 1078 705 1114 praestas
717 1084 786 1114 erga
802 1085 856 1106 nos
874 1077 998 1107 famulos

173 1119 260 1146 tuos:
279 1120 310 1146 ut
325 1121 353 1146 et
368 1117 417 1157 qui
434 1117 464 1147 in
495 1118 627 1150 tenebris
642 1119 787 1150 socordiae
801 1120 995 1158 dormientes,

172 1164 308 1190 asserunt
323 1165 493 1200 peccatores
515 1172 574 1193 non
601 1172 688 1202 posse
714 1164 830 1204 salvari,
858 1174 892 1196 ac
907 1166 996 1197 veluti

173 1205 305 1250 Petrum,
335 1212 518 1247 cmterosque
543 1209 691 1248 apostolos
712 1213 829 1240 sanctos
845 1211 994 1250 ctjustos,

173 1249 238 1289 ipso
255 1249 393 1281 similiter
410 1251 646 1283 misericordiam
667 1253 804 1294 adipisci,
827 1254 856 1285 id
873 1249 995 1287 bonitati

175 1297 231 1324 tuae
245 1294 331 1325 facile
348 1295 449 1336 fuisse,
477 1305 554 1332 esse,
575 1301 603 1328 et
628 1298 688 1328 fore
704 1303 893 1338 cognoscant,
910 1305 938 1331 et
953 1300 996 1331 in-

172 1338 321 1378 telligant:
340 1344 369 1370 et
384 1340 434 1380 qui
450 1350 481 1371 se
496 1342 655 1380 opinantur
684 1343 837 1382 possidere
853 1348 879 1374 te
895 1345 995 1376 lumen

171 1383 252 1414 orbis
263 1388 423 1422 terrarum,
439 1395 494 1416 nec
508 1391 606 1417 tamen
631 1391 659 1418 te
683 1387 783 1419 videre
804 1388 918 1429 dicunt,
936 1399 993 1420 non

170 1428 268 1459 vivere
283 1429 312 1458 in
329 1429 452 1467 lumine,
470 1440 527 1461 non
544 1431 716 1465 illuminari,
735 1442 792 1463 non
811 1433 993 1473 perspicere,

171 1472 326 1513 tejugiter,
341 1474 535 1512 miSalvator,
562 1476 673 1512 norint,
692 1480 720 1507 te
735 1477 764 1507 in
783 1472 930 1509 mentibus
941 1487 993 1509 eo-

1041 894 1229 925 arbitrantes.
1244 895 1319 926 Proh
1332 895 1452 925 istorum
1460 894 1617 932 caliginem
1629 893 1635 923 ἔ
1646 893 1719 932 proh
1732 893 1870 931 ignoran-

1041 938 1110 968 tiam
1124 939 1130 968 ε
1147 940 1218 979 proh
1230 939 1378 969 miseriam
1395 944 1423 969 et
1435 948 1503 978 spes
1515 939 1617 968 inanes
1632 938 1638 968 !
1654 946 1796 977 nusquam
1810 937 1868 967 hoc

1041 984 1185 1024 scriptum
1201 987 1306 1021 exstat,
1323 993 1467 1024 nusquam
1492 984 1547 1014 hoc
1569 982 1625 1013 erit
1640 993 1645 1013 :
1664 991 1765 1012 verum
1782 981 1867 1012 inlu-

1041 1029 1120 1060 mine
1135 1029 1319 1068 felicitatum,
1332 1029 1382 1070 qui
1394 1033 1494 1060 sancta
1505 1028 1641 1061 etdivina
1657 1027 1814 1067 gesserint,
1833 1026 1866 1057 in

1040 1074 1278 1105 tenebrisautem
1309 1083 1463 1114 paen-arum
1489 1079 1584 1111 erunt,
1618 1073 1668 1113 qui
1698 1071 1863 1112 iniquitatis

1039 1119 1166 1158 operarii
1183 1118 1302 1149 iuerint.
1320 1118 1352 1149 In
1367 1118 1464 1149 medio
1477 1123 1574 1149 autem
1592 1118 1688 1147 hiatus
1703 1120 1747 1147 est
1761 1116 1864 1146 formi-

1038 1163 1154 1200 dabilis,
1171 1163 1275 1194 ambos
1294 1172 1467 1200 secernens,
1484 1162 1630 1203 quomodo
1656 1166 1684 1191 tu
1706 1161 1782 1201 ipse,
1801 1160 1862 1190 Do-

1039 1208 1128 1244 mine,
1147 1208 1304 1248 docuisti'l,
1319 1208 1369 1248 qui
1387 1208 1449 1238 haec
1466 1206 1647 1247 prteparasti.
1679 1205 1741 1236 Hoc
1767 1205 1861 1235 inter-

1036 1253 1144 1283 vallum
1159 1253 1272 1283 homini
1284 1253 1313 1283 in
1327 1253 1423 1293 ipsum
1434 1251 1583 1283 delabenti
1609 1250 1690 1281 omni
1713 1253 1860 1280 tormento

1037 1306 1071 1328 ac
1087 1297 1231 1337 supplicio
1247 1298 1338 1327 dirius
1355 1297 1421 1334 erit,
1443 1297 1473 1326 in
1489 1296 1625 1336 abyssum
1642 1304 1808 1336 poenarum,
1827 1295 1858 1324 in

1038 1342 1126 1372 chaos
1143 1342 1316 1381 perditionis
1332 1351 1385 1382 per
1399 1346 1486 1381 caput
1498 1340 1656 1371 infeliciter
1670 1349 1703 1370 se
1719 1339 1859 1380 praecipi-

1037 1385 1120 1423 tanti,
1137 1386 1305 1426 ruentique,
1323 1396 1380 1426 quo
1397 1386 1444 1416 his
1467 1385 1517 1426 qui
1539 1385 1568 1415 in
1585 1385 1717 1416 cruciatu
1734 1393 1858 1415 versan-

1037 1434 1093 1467 tur,
1111 1431 1127 1460 d
1143 1430 1230 1461 ﬂicile
1246 1435 1290 1461 est
1303 1430 1477 1468 ascendere,
1493 1434 1522 1460 et
1535 1430 1570 1460 ad
1588 1436 1695 1461 terram
1707 1429 1856 1469 justorum

1036 1479 1229 1506 transmeare.
1249 1475 1359 1506 Malunt
1374 1475 1561 1515 siquidemin
1576 1475 1643 1513 igne
1655 1483 1720 1504 cum
1737 1473 1855 1503 acerbi-

169 1525 235 1547 rum
258 1527 317 1547 non
343 1518 473 1555 fulsisse,
505 1529 560 1550 nec
589 1520 749 1552 incoluisse
775 1531 876 1552 eorum
906 1523 1095 1560 cordactate
1108 1520 1139 1550 in
1167 1520 1298 1551 cinerem
1322 1520 1525 1560 redigi,quam
1536 1519 1565 1550 in
1576 1517 1855 1549 chaoshorrendum

169 1561 292 1592 sordida
307 1562 472 1603 frustraque
496 1573 547 1594 eos
574 1574 647 1595 vana
673 1574 725 1605 spe
747 1567 906 1607 exsultare,
923 1567 993 1598 dum

169 1614 202 1636 se
218 1611 283 1645 post
297 1607 386 1637 finem
404 1608 492 1648 hujus
507 1609 572 1640 vitae
598 1610 697 1640 lumen
715 1614 794 1641 tuum
815 1611 928 1642 visuros
942 1621 992 1642 ar-

168 1649 325 1682 bitrantur.
338 1652 410 1682 Nam
425 1653 541 1693 pignus,
552 1658 580 1684 et
602 1654 744 1693 sigillum,
757 1664 809 1686 seu
830 1660 940 1687 tessera
956 1656 992 1687 ad

169 1695 320 1726 dexteram
338 1697 522 1729 collocandis
537 1699 639 1729 ovibus
656 1700 742 1739 plane
755 1700 803 1731 hic
814 1701 879 1731 data
889 1706 942 1732 est.
960 1701 993 1733 Si

170 1740 248 1770 enim
268 1742 470 1782 unusquisque
487 1744 632 1774 mortemi
665 1745 852 1776 seinclusam
867 1746 994 1776 circum-

169 1784 236 1821 fert,
255 1789 283 1816 et
302 1790 367 1825 post
382 1791 506 1817 mortem
533 1788 671 1819 omnibus
699 1799 733 1819 ex
762 1799 844 1829 aequo
869 1791 991 1821 facultas

169 1830 314 1868 operandi
326 1830 432 1868 deerit,
450 1836 478 1862 et
494 1841 581 1862 nemo
593 1842 643 1863 seu
657 1833 737 1870 boni,
757 1843 809 1864 seu
825 1835 891 1865 mali
904 1836 992 1875 quid-

171 1874 248 1914 piam
263 1884 351 1914 agere
363 1876 481 1915 poterit,
494 1877 618 1916 quilibet
633 1879 744 1918 utique,
763 1879 856 1919 qualis
870 1874 929 1910 tum
944 1880 993 1911 in-

168 1922 273 1965 ventus
285 1919 384 1957 fuerit,
403 1921 470 1951 talis
495 1922 560 1952 erit.
586 1921 665 1953 Istud
689 1928 745 1960 est,
766 1924 902 1964 Domine,
916 1925 992 1965 quod

171 1963 245 1993 mihi
259 1968 275 1994 tt
288 1973 400 1995 rrorem
418 1970 639 2007 tremoremque
652 1967 765 1998 incutit.
795 1968 874 1998 Istud
891 1963 994 2000 omnes

169 2017 275 2039 sensus
288 2019 369 2040 meos
385 2009 531 2041 tabctacit.
549 2010 642 2042 Sicuti
665 2021 761 2043 czecus
791 2013 847 2043 fato
864 2013 992 2052 functus,

170 2058 199 2084 et
215 2053 285 2084 illuc
302 2054 474 2092 translatus,
488 2065 639 2095 nunquam
653 2056 744 2087 Solem
761 2057 839 2088 hunc
848 2067 936 2088 sensu
951 2058 995 2089 vi-

168 2098 255 2128 vendi
286 2099 451 2139 usurpavit,
482 2100 614 2140 quamvis
643 2101 714 2131 olim
741 2101 772 2131 in
790 2101 846 2132 vita
861 2103 992 2140 rediens,

170 2143 282 2174 lumina
292 2144 441 2184 receperit
454 2154 460 2175 :
474 2145 514 2174 ita
532 2154 630 2185 neque
645 2146 695 2186 qui
721 2156 787 2177 cum
804 2152 903 2177 mente
917 2157 994 2179 cmca

170 2188 249 2218 diem
258 2192 422 2219 extremum
435 2188 553 2227 obierit,
569 2194 596 2220 te
609 2191 713 2225 solem,
724 2190 928 2230 intelligentiae
938 2192 993 2223 soli

170 2236 336 2272 parentem,
355 2233 433 2264 Deus
450 2243 544 2274 meus,
562 2234 733 2265 intuebitur.
748 2236 800 2266 sed
823 2245 960 2275 egressus
976 2247 992 2268 e

169 2277 490 2308 tenebrishabitabitin
504 2277 646 2316 tenebris,
659 2283 745 2319 atque
757 2279 785 2310 in
796 2290 883 2311 omne
899 2290 991 2312 aevum

169 2325 231 2353 ate
245 2321 443 2361 separabitur.
473 2322 566 2353 Nemo
583 2323 749 2362 hominum,
766 2325 902 2362 Domine,
920 2326 949 2356 in
966 2331 993 2357 te

169 2367 366 2398 credentium.
383 2377 469 2398 nemo
486 2367 516 2398 in
544 2368 664 2398 nomine
693 2373 742 2399 tuo
767 2369 991 2410 baptizatorum,

168 2421 306 2451 magnum
326 2412 380 2442 hoc
392 2417 420 2442 et
436 2412 571 2443 horroris
588 2413 708 2453 plenum
733 2422 807 2445 onus
823 2415 992 2453 sustinebit,

168 2461 200 2487 ut
214 2456 266 2487 abs
280 2461 308 2488 te
323 2461 490 2497 separetur.
507 2456 574 2487 Dira
608 2462 651 2487 est
669 2458 747 2488 enim
765 2458 821 2489 ista
834 2459 992 2497 tribulatio,

168 2501 244 2537 dira,
262 2506 291 2531 et
307 2501 505 2538 intoleranda,
533 2505 562 2532 et
585 2506 694 2532 aeterna
719 2504 888 2534 mmstitudo
919 2504 992 2540 Quid

169 2556 308 2587 namque,
324 2546 460 2577 Salvator
474 2546 525 2586 mi,
544 2547 628 2586 pejus
644 2556 709 2577 esse
719 2553 825 2588 potest,
839 2559 926 2588 quam
939 2551 993 2581 abs

169 2596 196 2622 te
212 2591 322 2628 divelli,
339 2595 425 2631 atque
441 2591 866 2631 sejungi?quitlcruciibilius,
880 2604 994 2634 quama

167 2637 224 2667 vita
240 2637 422 2677 disjuuctum
439 2636 499 2666 illic
521 2635 620 2666 vivere
643 2636 736 2667 instar
757 2638 876 2678 mortui,
895 2639 991 2678 priva-

167 2685 290 2722 tumque
306 2681 375 2721 vita,
392 2680 502 2721 priVAri
514 2681 600 2711 simul
626 2681 710 2712 bonis
740 2683 993 2714 universis‘INam

167 2726 218 2766 qui
234 2726 286 2757 abs
301 2731 328 2758 te
339 2728 506 2767 separatur,
517 2725 614 2756 omnis
627 2725 846 2766 bonijacturam
856 2728 992 2759 incurrit.

207 2811 221 2838 7
237 2810 307 2846 Luc,
323 2819 383 2848 va,
398 2810 448 2843 26.

1035 1574 1067 1595 se
1084 1565 1304 1605 projicere.Qui
1322 1574 1392 1603 ergo
1407 1565 1467 1595 illic
1483 1569 1548 1604 post
1563 1568 1689 1594 mortem
1706 1572 1770 1594 esse
1785 1572 1856 1593 con-

1035 1609 1198 1649 cupist-unt,
1217 1609 1316 1639 multis
1328 1608 1464 1648 lacrymis
1475 1613 1503 1638 et
1519 1608 1658 1638 lamentis
1673 1607 1754 1646 digni
1769 1611 1852 1637 sunt:

1035 1655 1173 1693 quoniam
1183 1654 1352 1693 utjumenta
1363 1653 1486 1684 rationis
1497 1653 1638 1693 expertia,
1651 1652 1766 1692 penitus
1781 1651 1856 1681 nihil

1036 1698 1163 1738 sapiunt,
1195 1698 1315 1728 sibimet
1345 1702 1458 1738 pestem
1495 1697 1711 1737 imprecantur,
1740 1695 1856 1736 seipsos

1033 1743 1176 1774 seducunt

1074 1787 1116 1818 Tu
1133 1797 1257 1827 regnum
1270 1787 1422 1823 ctelorum,
1445 1786 1570 1824 Christe,
1585 1790 1615 1815 tu
1630 1789 1709 1816 terra
1725 1784 1853 1815 mitium.

1035 1832 1078 1864 Tu
1095 1833 1192 1864 virens
1209 1832 1371 1872 paradisus.
1385 1831 1427 1861 Tu
1441 1831 1587 1861 thalamus
1599 1830 1725 1864 divinus.
1740 1834 1768 1860 et
1782 1829 1858 1859 inef-

1035 1877 1143 1908 fabilis.
1160 1877 1203 1907 ’l‘u
1220 1886 1322 1907 mensa
1346 1875 1514 1906 communis
1542 1874 1686 1905 omnium.
1714 1874 1756 1904 Tu
1773 1874 1857 1913 panis

1036 1922 1112 1952 vita}.
1132 1922 1174 1952 Tu
1193 1926 1278 1962 potus
1295 1922 1422 1952 maxime
1439 1929 1540 1950 novus.
1552 1919 1595 1950 Tu
1608 1919 1744 1959 poculum
1761 1928 1855 1958 aqum.

1036 1966 1079 1997 Tu
1094 1976 1169 2007 aqua
1183 1967 1257 1997 vitae.
1275 1967 1317 1996 Tu
1333 1966 1477 2005 cujuSque
1486 1969 1654 1995 sanctorum
1679 1965 1801 1994 lucerna
1814 1964 1858 1994 in-

1037 2012 1189 2042 exstincta.
1208 2011 1253 2041 Tu
1270 2014 1298 2041 et
1311 2010 1419 2049 tunica,
1448 2013 1476 2039 et
1491 2018 1612 2046 corona,
1637 2013 1666 2039 et
1682 2017 1857 2039 coronarum

1036 2056 1219 2086 distributor.
1237 2055 1280 2086 Tu
1296 2055 1447 2094 gaudium,
1463 2054 1632 2094 etrequies.
1649 2053 1692 2084 Tu
1707 2054 1765 2092 glox
1775 2053 1811 2090 ia,
1830 2057 1859 2083 et

1038 2101 1162 2131 deliciae.
1181 2100 1224 2130 Tu
1237 2100 1437 2130 exaltatio.Tu
1454 2097 1811 2138 animorumjucunditas.
1823 2097 1858 2128 Et

1039 2145 1350 2184 lucebilgratiasancti
1362 2143 1489 2184 Spiritus
1500 2143 1553 2181 tui,
1566 2144 1644 2174 Deus
1656 2152 1749 2180 meus,
1766 2143 1860 2174 instar

1005 2179 1106 2221 1)solis
1118 2200 1144 2220 tn
1157 2179 1294 2220 omnibus
1315 2179 1424 2219 sanctis
1436 2189 1503 2219 tuis.
1527 2179 1563 2219 Et
1578 2187 1691 2218 lucebis
1707 2187 1736 2218 in
1753 2197 1858 2218 eorum

1036 2235 1145 2272 medio,
1154 2235 1204 2266 Sol
1217 2235 1398 2270 inaccessus,
1407 2242 1568 2273 omnesque
1575 2233 1766 2272 proportione
1776 2233 1857 2271 fidei,

1036 2289 1158 2320 operum
1177 2279 1252 2319 spei.
1270 2278 1435 2318 cbari'atis,
1449 2277 1585 2318 puritatis
1601 2281 1629 2307 et
1640 2277 1859 2318 illustrationis,

1035 2334 1070 2355 ex
1087 2324 1197 2364 Spiritu
1216 2328 1275 2360 tuo,
1289 2322 1543 2353 illuminabuntur.
1557 2322 1636 2352 Deus
1652 2321 1714 2352 sole
1727 2322 1860 2361 longani-

1038 2370 1105 2406 mis,
1117 2373 1146 2399 et
1159 2369 1249 2409 judex
1259 2368 1405 2408 omnium,
1416 2367 1461 2398 bis
1473 2366 1523 2407 qui
1535 2366 1704 2396 mansiones
1712 2367 1859 2408 diversas,

1037 2413 1420 2449 etlocacomminiscuntur,
1433 2420 1571 2442 mensura
1581 2411 1705 2441 L-Itaritat
1718 2421 1731 2441 ε
1740 2421 1859 2442 rursum

1037 2459 1093 2490 erit
1107 2467 1245 2488 mensura
1261 2457 1404 2488 claritatis
1424 2457 1569 2496 ipsorum,
1581 2460 1608 2485 et
1618 2465 1758 2487 mensura
1768 2457 1860 2488 visio—

1037 2504 1083 2534 nis
1099 2508 1165 2543 tuze,
1183 2503 1238 2533 erit
1250 2504 1356 2532 iterum
1374 2502 1467 2541 portio
1485 2501 1713 2540 magnificentiae
1728 2501 1859 2540 illorum,

1037 2550 1143 2584 honor,
1156 2548 1281 2583 deliciae,
1300 2551 1328 2577 ct
1342 2547 1449 2585 gloria,
1478 2547 1514 2576 ad
1534 2545 1757 2577 distributiones
1772 2547 1861 2578 domo

1036 2603 1114 2628 rum,
1132 2597 1161 2623 (-t
1177 2593 1362 2622 mansionum
1376 2590 1630 2621 admiraudarum.
1642 2590 1704 2621 Hoc
1720 2590 1862 2622 taberna—

1036 2640 1103 2670 cula
1115 2639 1242 2674 diversa,
1257 2638 1311 2667 hoc
1323 2637 1422 2667 multa;
1433 2637 1550 2675 domus,
1559 2636 1614 2666 hoc
1625 2637 1707 2667 stola;
1722 2637 1863 2677 splendi-

1035 2684 1164 2715 dissima:
1175 2682 1331 2712 multarum
1339 2681 1689 2721 dignitatum,etcor0nze
1703 2681 1860 2719 distinctio,

1036 2728 1141 2772 lapilli,
1159 2726 1336 2769 margaritae,
1368 2731 1398 2757 et
1427 2726 1515 2757 ﬂores
1544 2725 1739 2767 immortales,
1758 2740 1862 2764 novam
