  <div class='ocr_page' id='page_1' title='image "/cluster/home/n/w/nwhite01/storage/ocr_20150623/120/njp.32101010943973/352.png"; bbox 0 0 1978 3078; ppageno 0'>
   <div class='ocr_carea' id='block_1_1' title="bbox 122 184 183 216">
    <p class='ocr_par' dir='ltr' id='par_1_1' title="bbox 122 184 183 216">
     <span class='ocr_line' id='line_1_1' title="bbox 122 184 183 216; baseline 0.016 -1"><span class='ocrx_word' id='word_1_1' title='bbox 122 184 183 216; x_wconf 84' lang='grc'><strong>513</strong></span> 
     </span>
    </p>
   </div>
   <div class='ocr_carea' id='block_1_2' title="bbox 697 178 1240 216">
    <p class='ocr_par' dir='ltr' id='par_1_2' title="bbox 697 178 1240 216">
     <span class='ocr_line' id='line_1_2' title="bbox 697 178 1240 216; baseline -0.009 0"><span class='ocrx_word' id='word_1_2' title='bbox 697 182 916 216; x_wconf 83' lang='lat' dir='ltr'><strong>DIVINORUM</strong></span> <span class='ocrx_word' id='word_1_3' title='bbox 938 178 1102 213; x_wconf 83' lang='lat' dir='ltr'><strong>AMOBUM</strong></span> <span class='ocrx_word' id='word_1_4' title='bbox 1124 180 1240 211; x_wconf 79' lang='lat' dir='ltr'><strong>LIBER</strong></span> 
     </span>
    </p>
   </div>
   <div class='ocr_carea' id='block_1_3' title="bbox 1751 172 1810 206">
    <p class='ocr_par' dir='ltr' id='par_1_3' title="bbox 1751 172 1810 206">
     <span class='ocr_line' id='line_1_3' title="bbox 1751 172 1810 206; baseline 0 -1"><span class='ocrx_word' id='word_1_5' title='bbox 1751 172 1810 206; x_wconf 80' lang='grc'><strong>514</strong></span> 
     </span>
    </p>
   </div>
   <div class='ocr_carea' id='block_1_4' title="bbox 123 243 1816 292">
    <p class='ocr_par' dir='ltr' id='par_1_4' title="bbox 123 243 1816 292">
     <span class='ocr_line' id='line_1_4' title="bbox 123 243 1816 292; baseline -0.005 -9"><span class='ocrx_word' id='word_1_6' title='bbox 123 252 273 283; x_wconf 77' lang='lat' dir='ltr'><strong>habentes</strong></span> <span class='ocrx_word' id='word_1_7' title='bbox 289 251 433 292; x_wconf 83' lang='lat' dir='ltr'><strong>speciem,</strong></span> <span class='ocrx_word' id='word_1_8' title='bbox 446 251 502 281; x_wconf 92' lang='lat' dir='ltr'><strong>hoc</strong></span> <span class='ocrx_word' id='word_1_9' title='bbox 514 249 981 290; x_wconf 71' lang='lat' dir='ltr'><strong>lecti,stragulaavestes,men-A</strong></span> <span class='ocrx_word' id='word_1_10' title='bbox 993 247 1121 289; x_wconf 77' lang='lat' dir='ltr'><strong>Spiritus</strong></span> <span class='ocrx_word' id='word_1_11' title='bbox 1135 246 1324 278; x_wconf 84' lang='lat' dir='ltr'><strong>sermonibus</strong></span> <span class='ocrx_word' id='word_1_12' title='bbox 1346 245 1530 277; x_wconf 85' lang='lat' dir='ltr'><strong>incredulus.</strong></span> <span class='ocrx_word' id='word_1_13' title='bbox 1557 246 1589 277; x_wconf 84' lang='lat' dir='ltr'><strong>in</strong></span> <span class='ocrx_word' id='word_1_14' title='bbox 1618 244 1700 292; x_wconf 82' lang='lat' dir='ltr'><strong>omni</strong></span> <span class='ocrx_word' id='word_1_15' title='bbox 1714 243 1816 292; x_wconf 88' lang='lat' dir='ltr'><strong>utique</strong></span> 
     </span>
    </p>
   </div>
   <div class='ocr_carea' id='block_1_5' title="bbox 121 294 950 336">
    <p class='ocr_par' dir='ltr' id='par_1_5' title="bbox 121 294 950 336">
     <span class='ocr_line' id='line_1_5' title="bbox 121 294 950 336; baseline -0.004 -9"><span class='ocrx_word' id='word_1_16' title='bbox 121 307 167 334; x_wconf 89' lang='lat' dir='ltr'><strong>sa,</strong></span> <span class='ocrx_word' id='word_1_17' title='bbox 185 296 296 333; x_wconf 92' lang='lat' dir='ltr'><strong>throni,</strong></span> <span class='ocrx_word' id='word_1_18' title='bbox 314 300 344 326; x_wconf 91' lang='lat' dir='ltr'><strong>et</strong></span> <span class='ocrx_word' id='word_1_19' title='bbox 357 295 500 336; x_wconf 86' lang='lat' dir='ltr'><strong>quidquid</strong></span> <span class='ocrx_word' id='word_1_20' title='bbox 515 295 550 326; x_wconf 85' lang='lat' dir='ltr'><strong>ad</strong></span> <span class='ocrx_word' id='word_1_21' title='bbox 574 295 751 335; x_wconf 88' lang='lat' dir='ltr'><strong>voluptatem</strong></span> <span class='ocrx_word' id='word_1_22' title='bbox 765 294 950 334; x_wconf 89' lang='lat' dir='ltr'><strong>jucundissi-</strong></span> 
     </span>
    </p>
   </div>
   <div class='ocr_carea' id='block_1_6' title="bbox 122 339 950 378">
    <p class='ocr_par' dir='ltr' id='par_1_6' title="bbox 122 339 950 378">
     <span class='ocr_line' id='line_1_6' title="bbox 122 339 950 378; baseline -0.005 -6"><span class='ocrx_word' id='word_1_23' title='bbox 122 351 205 372; x_wconf 94' lang='lat' dir='ltr'><strong>mum</strong></span> <span class='ocrx_word' id='word_1_24' title='bbox 217 345 272 378; x_wconf 90' lang='lat' dir='ltr'><strong>est,</strong></span> <span class='ocrx_word' id='word_1_25' title='bbox 287 344 361 376; x_wconf 87' lang='lat' dir='ltr'><strong>erat,</strong></span> <span class='ocrx_word' id='word_1_26' title='bbox 373 344 417 370; x_wconf 90' lang='lat' dir='ltr'><strong>est</strong></span> <span class='ocrx_word' id='word_1_27' title='bbox 428 344 457 371; x_wconf 88' lang='lat' dir='ltr'><strong>et</strong></span> <span class='ocrx_word' id='word_1_28' title='bbox 469 340 535 377; x_wconf 89' lang='lat' dir='ltr'><strong>erit,</strong></span> <span class='ocrx_word' id='word_1_29' title='bbox 545 343 572 370; x_wconf 90' lang='lat' dir='ltr'><strong>te</strong></span> <span class='ocrx_word' id='word_1_30' title='bbox 581 339 950 378; x_wconf 88' lang='lat' dir='ltr'><strong>solumintueri.Siigitur,</strong></span> 
     </span>
    </p>
   </div>
   <div class='ocr_carea' id='block_1_7' title="bbox 120 383 951 426">
    <p class='ocr_par' dir='ltr' id='par_1_7' title="bbox 120 383 951 426">
     <span class='ocr_line' id='line_1_7' title="bbox 120 383 951 426; baseline -0.004 -9"><span class='ocrx_word' id='word_1_31' title='bbox 120 390 155 417; x_wconf 87' lang='lat' dir='ltr'><strong>ut</strong></span> <span class='ocrx_word' id='word_1_32' title='bbox 168 395 256 426; x_wconf 87' lang='lat' dir='ltr'><strong>supra</strong></span> <span class='ocrx_word' id='word_1_33' title='bbox 267 384 453 422; x_wconf 86' lang='lat' dir='ltr'><strong>dicebamus,</strong></span> <span class='ocrx_word' id='word_1_34' title='bbox 470 394 527 415; x_wconf 92' lang='lat' dir='ltr'><strong>non</strong></span> <span class='ocrx_word' id='word_1_35' title='bbox 535 384 670 414; x_wconf 82' lang='lat' dir='ltr'><strong>videntes</strong></span> <span class='ocrx_word' id='word_1_36' title='bbox 685 383 785 415; x_wconf 90' lang='lat' dir='ltr'><strong>lumen</strong></span> <span class='ocrx_word' id='word_1_37' title='bbox 794 387 951 421; x_wconf 88' lang='lat' dir='ltr'><strong>tuum,nec</strong></span> 
     </span>
    </p>
   </div>
   <div class='ocr_carea' id='block_1_8' title="bbox 120 428 953 469">
    <p class='ocr_par' dir='ltr' id='par_1_8' title="bbox 120 428 953 469">
     <span class='ocr_line' id='line_1_8' title="bbox 120 428 953 469; baseline -0.005 -7"><span class='ocrx_word' id='word_1_38' title='bbox 120 431 175 462; x_wconf 88' lang='lat' dir='ltr'><strong>abs</strong></span> <span class='ocrx_word' id='word_1_39' title='bbox 191 436 219 462; x_wconf 86' lang='lat' dir='ltr'><strong>te</strong></span> <span class='ocrx_word' id='word_1_40' title='bbox 236 430 301 467; x_wconf 85' lang='lat' dir='ltr'><strong>visi,</strong></span> <span class='ocrx_word' id='word_1_41' title='bbox 317 430 369 460; x_wconf 91' lang='lat' dir='ltr'><strong>sed</strong></span> <span class='ocrx_word' id='word_1_42' title='bbox 384 429 523 469; x_wconf 85' lang='lat' dir='ltr'><strong>separati,</strong></span> <span class='ocrx_word' id='word_1_43' title='bbox 546 429 660 459; x_wconf 85' lang='lat' dir='ltr'><strong>visione</strong></span> <span class='ocrx_word' id='word_1_44' title='bbox 684 433 742 465; x_wconf 87' lang='lat' dir='ltr'><strong>tua,</strong></span> <span class='ocrx_word' id='word_1_45' title='bbox 759 429 860 458; x_wconf 92' lang='lat' dir='ltr'><strong>omnia</strong></span> <span class='ocrx_word' id='word_1_46' title='bbox 875 428 953 459; x_wconf 90' lang='lat' dir='ltr'><strong>bona</strong></span> 
     </span>
    </p>
   </div>
   <div class='ocr_carea' id='block_1_9' title="bbox 121 473 951 516">
    <p class='ocr_par' dir='ltr' id='par_1_9' title="bbox 121 473 951 516">
     <span class='ocr_line' id='line_1_9' title="bbox 121 473 951 516; baseline -0.004 -10"><span class='ocrx_word' id='word_1_47' title='bbox 121 475 343 516; x_wconf 80' lang='lat' dir='ltr'><strong>romplectente</strong></span> <span class='ocrx_word' id='word_1_48' title='bbox 358 474 521 514; x_wconf 85' lang='lat' dir='ltr'><strong>privantur,</strong></span> <span class='ocrx_word' id='word_1_49' title='bbox 538 473 659 504; x_wconf 87' lang='lat' dir='ltr'><strong>ubinam</strong></span> <span class='ocrx_word' id='word_1_50' title='bbox 676 473 823 513; x_wconf 88' lang='lat' dir='ltr'><strong>requiem,</strong></span> <span class='ocrx_word' id='word_1_51' title='bbox 840 473 889 504; x_wconf 93' lang='lat' dir='ltr'><strong>ubi</strong></span> <span class='ocrx_word' id='word_1_52' title='bbox 907 474 951 503; x_wconf 93' lang='lat' dir='ltr'><strong>Io—</strong></span> 
     </span>
    </p>
   </div>
   <div class='ocr_carea' id='block_1_10' title="bbox 121 517 953 555">
    <p class='ocr_par' dir='ltr' id='par_1_10' title="bbox 121 517 953 555">
     <span class='ocr_line' id='line_1_10' title="bbox 121 517 953 555; baseline -0.004 -4"><span class='ocrx_word' id='word_1_53' title='bbox 121 530 191 551; x_wconf 89' lang='lat' dir='ltr'><strong>cum</strong></span> <span class='ocrx_word' id='word_1_54' title='bbox 209 520 311 551; x_wconf 85' lang='lat' dir='ltr'><strong>dolore</strong></span> <span class='ocrx_word' id='word_1_55' title='bbox 327 528 450 550; x_wconf 90' lang='lat' dir='ltr'><strong>vacuum</strong></span> <span class='ocrx_word' id='word_1_56' title='bbox 467 519 619 549; x_wconf 79' lang='lat' dir='ltr'><strong>invenient</strong></span> <span class='ocrx_word' id='word_1_57' title='bbox 630 522 643 550; x_wconf 84' lang='lat'><strong>?</strong></span> <span class='ocrx_word' id='word_1_58' title='bbox 660 518 711 548; x_wconf 94' lang='lat' dir='ltr'><strong>ubi</strong></span> <span class='ocrx_word' id='word_1_59' title='bbox 728 518 914 555; x_wconf 84' lang='lat' dir='ltr'><strong>habitabunt,</strong></span> <span class='ocrx_word' id='word_1_60' title='bbox 928 517 953 549; x_wconf 90' lang='lat' dir='ltr'><strong>si</strong></span> 
     </span>
    </p>
   </div>
   <div class='ocr_carea' id='block_1_11' title="bbox 121 563 953 596">
    <p class='ocr_par' dir='ltr' id='par_1_11' title="bbox 121 563 953 596">
     <span class='ocr_line' id='line_1_11' title="bbox 121 563 953 596; baseline -0.004 0"><span class='ocrx_word' id='word_1_61' title='bbox 121 565 199 596; x_wconf 86' lang='lat' dir='ltr'><strong>recti</strong></span> <span class='ocrx_word' id='word_1_62' title='bbox 218 574 277 595; x_wconf 90' lang='lat' dir='ltr'><strong>non</strong></span> <span class='ocrx_word' id='word_1_63' title='bbox 294 563 434 594; x_wconf 83' lang='lat' dir='ltr'><strong>fuerint?</strong></span> <span class='ocrx_word' id='word_1_64' title='bbox 457 564 568 594; x_wconf 87' lang='lat' dir='ltr'><strong>etenim</strong></span> <span class='ocrx_word' id='word_1_65' title='bbox 589 563 670 594; x_wconf 64' lang='lat' dir='ltr'><strong>Ret-li</strong></span> <span class='ocrx_word' id='word_1_66' title='bbox 691 563 873 594; x_wconf 72' lang='lat' dir='ltr'><strong>habitabant</strong></span> <span class='ocrx_word' id='word_1_67' title='bbox 887 572 953 594; x_wconf 88' lang='lat' dir='ltr'><strong>cum</strong></span> 
     </span>
    </p>
   </div>
   <div class='ocr_carea' id='block_1_12' title="bbox 121 607 951 643">
    <p class='ocr_par' dir='ltr' id='par_1_12' title="bbox 121 607 951 643">
     <span class='ocr_line' id='line_1_12' title="bbox 121 607 951 643; baseline -0.002 -3"><span class='ocrx_word' id='word_1_68' title='bbox 121 609 209 640; x_wconf 80' lang='lat' dir='ltr'><strong>vultu</strong></span> <span class='ocrx_word' id='word_1_69' title='bbox 223 614 274 640; x_wconf 84' lang='lat' dir='ltr'><strong>tuo</strong></span> <span class='ocrx_word' id='word_1_70' title='bbox 285 609 311 639; x_wconf 81' lang='lat'><strong>8.</strong></span> <span class='ocrx_word' id='word_1_71' title='bbox 326 608 481 639; x_wconf 87' lang='lat' dir='ltr'><strong>Formatus</strong></span> <span class='ocrx_word' id='word_1_72' title='bbox 493 608 572 639; x_wconf 91' lang='lat' dir='ltr'><strong>enim</strong></span> <span class='ocrx_word' id='word_1_73' title='bbox 587 608 617 638; x_wconf 91' lang='lat' dir='ltr'><strong>in</strong></span> <span class='ocrx_word' id='word_1_74' title='bbox 628 617 654 638; x_wconf 77' lang='lat' dir='ltr'><strong>et</strong></span> <span class='ocrx_word' id='word_1_75' title='bbox 666 618 729 637; x_wconf 85' lang='lat' dir='ltr'><strong>rum</strong></span> <span class='ocrx_word' id='word_1_76' title='bbox 753 612 834 638; x_wconf 88' lang='lat' dir='ltr'><strong>recto</strong></span> <span class='ocrx_word' id='word_1_77' title='bbox 852 607 951 643; x_wconf 85' lang='lat' dir='ltr'><strong>corde,</strong></span> 
     </span>
    </p>
   </div>
   <div class='ocr_carea' id='block_1_13' title="bbox 123 652 902 689">
    <p class='ocr_par' dir='ltr' id='par_1_13' title="bbox 123 652 902 689">
     <span class='ocr_line' id='line_1_13' title="bbox 123 652 902 689; baseline -0.001 -5"><span class='ocrx_word' id='word_1_78' title='bbox 123 659 155 684; x_wconf 85' lang='lat' dir='ltr'><strong>et</strong></span> <span class='ocrx_word' id='word_1_79' title='bbox 170 653 305 684; x_wconf 84' lang='lat' dir='ltr'><strong>habitant</strong></span> <span class='ocrx_word' id='word_1_80' title='bbox 319 662 386 683; x_wconf 91' lang='lat' dir='ltr'><strong>cum</strong></span> <span class='ocrx_word' id='word_1_81' title='bbox 399 653 494 683; x_wconf 87' lang='lat' dir='ltr'><strong>forma</strong></span> <span class='ocrx_word' id='word_1_82' title='bbox 509 656 557 683; x_wconf 86' lang='lat' dir='ltr'><strong>tua</strong></span> <span class='ocrx_word' id='word_1_83' title='bbox 573 652 603 682; x_wconf 92' lang='lat' dir='ltr'><strong>in</strong></span> <span class='ocrx_word' id='word_1_84' title='bbox 620 656 658 689; x_wconf 88' lang='lat' dir='ltr'><strong>te,</strong></span> <span class='ocrx_word' id='word_1_85' title='bbox 676 652 792 683; x_wconf 76' lang='lat' dir='ltr'><strong>Christe</strong></span> <span class='ocrx_word' id='word_1_86' title='bbox 807 661 902 683; x_wconf 87' lang='lat' dir='ltr'><strong>meus.</strong></span> 
     </span>
    </p>
   </div>
   <div class='ocr_carea' id='block_1_14' title="bbox 164 696 950 736">
    <p class='ocr_par' dir='ltr' id='par_1_14' title="bbox 164 696 950 736">
     <span class='ocr_line' id='line_1_14' title="bbox 164 696 950 736; baseline -0.003 -8"><span class='ocrx_word' id='word_1_87' title='bbox 164 698 187 729; x_wconf 93' lang='grc'>0</span> <span class='ocrx_word' id='word_1_88' title='bbox 204 698 277 728; x_wconf 87' lang='lat' dir='ltr'><strong>mira</strong></span> <span class='ocrx_word' id='word_1_89' title='bbox 293 707 352 735; x_wconf 84' lang='lat' dir='ltr'><strong>res,</strong></span> <span class='ocrx_word' id='word_1_90' title='bbox 379 707 396 728; x_wconf 89' lang='grc' dir='ltr'>ο</span> <span class='ocrx_word' id='word_1_91' title='bbox 412 697 552 728; x_wconf 86' lang='lat' dir='ltr'><strong>bonitatis</strong></span> <span class='ocrx_word' id='word_1_92' title='bbox 568 697 678 727; x_wconf 83' lang='lat' dir='ltr'><strong>donum</strong></span> <span class='ocrx_word' id='word_1_93' title='bbox 708 696 902 736; x_wconf 85' lang='lat' dir='ltr'><strong>inopinabile,</strong></span> <span class='ocrx_word' id='word_1_94' title='bbox 920 696 950 726; x_wconf 92' lang='lat' dir='ltr'><strong>in</strong></span> 
     </span>
    </p>
   </div>
   <div class='ocr_carea' id='block_1_15' title="bbox 122 741 949 782">
    <p class='ocr_par' dir='ltr' id='par_1_15' title="bbox 122 741 949 782">
     <span class='ocr_line' id='line_1_15' title="bbox 122 741 949 782; baseline -0.004 -8"><span class='ocrx_word' id='word_1_95' title='bbox 122 743 220 774; x_wconf 87' lang='lat' dir='ltr'><strong>forma</strong></span> <span class='ocrx_word' id='word_1_96' title='bbox 238 743 291 773; x_wconf 88' lang='lat' dir='ltr'><strong>Dei</strong></span> <span class='ocrx_word' id='word_1_97' title='bbox 308 751 374 772; x_wconf 90' lang='lat' dir='ltr'><strong>esse</strong></span> <span class='ocrx_word' id='word_1_98' title='bbox 388 742 536 779; x_wconf 89' lang='lat' dir='ltr'><strong>homines,</strong></span> <span class='ocrx_word' id='word_1_99' title='bbox 551 742 706 772; x_wconf 88' lang='lat' dir='ltr'><strong>etformari</strong></span> <span class='ocrx_word' id='word_1_100' title='bbox 720 742 748 771; x_wconf 93' lang='lat' dir='ltr'><strong>in</strong></span> <span class='ocrx_word' id='word_1_101' title='bbox 765 741 849 782; x_wconf 83' lang='lat' dir='ltr'><strong>ipsis,</strong></span> <span class='ocrx_word' id='word_1_102' title='bbox 861 750 949 782; x_wconf 90' lang='lat' dir='ltr'><strong>quem</strong></span> 
     </span>
    </p>
   </div>
   <div class='ocr_carea' id='block_1_16' title="bbox 122 785 948 827">
    <p class='ocr_par' dir='ltr' id='par_1_16' title="bbox 122 785 948 827">
     <span class='ocr_line' id='line_1_16' title="bbox 122 785 948 827; baseline -0.004 -9"><span class='ocrx_word' id='word_1_103' title='bbox 122 797 212 818; x_wconf 86' lang='lat' dir='ltr'><strong>nemo</strong></span> <span class='ocrx_word' id='word_1_104' title='bbox 227 787 318 827; x_wconf 90' lang='lat' dir='ltr'><strong>capit,</strong></span> <span class='ocrx_word' id='word_1_105' title='bbox 338 788 442 823; x_wconf 87' lang='lat' dir='ltr'><strong>Deum,</strong></span> <span class='ocrx_word' id='word_1_106' title='bbox 470 786 555 826; x_wconf 88' lang='lat' dir='ltr'><strong>cujus</strong></span> <span class='ocrx_word' id='word_1_107' title='bbox 580 790 684 816; x_wconf 90' lang='lat' dir='ltr'><strong>natura</strong></span> <span class='ocrx_word' id='word_1_108' title='bbox 709 790 738 816; x_wconf 86' lang='lat' dir='ltr'><strong>et</strong></span> <span class='ocrx_word' id='word_1_109' title='bbox 752 785 948 826; x_wconf 84' lang='lat' dir='ltr'><strong>invariabilis,</strong></span> 
     </span>
    </p>
   </div>
   <div class='ocr_carea' id='block_1_17' title="bbox 121 829 950 871">
    <p class='ocr_par' dir='ltr' id='par_1_17' title="bbox 121 829 950 871">
     <span class='ocr_line' id='line_1_17' title="bbox 121 829 950 871; baseline -0.001 -9"><span class='ocrx_word' id='word_1_110' title='bbox 121 836 152 863; x_wconf 91' lang='lat' dir='ltr'><strong>et</strong></span> <span class='ocrx_word' id='word_1_111' title='bbox 166 831 373 870; x_wconf 86' lang='lat' dir='ltr'><strong>immutabilis,</strong></span> <span class='ocrx_word' id='word_1_112' title='bbox 392 831 441 871; x_wconf 92' lang='lat' dir='ltr'><strong>qui</strong></span> <span class='ocrx_word' id='word_1_113' title='bbox 457 831 486 860; x_wconf 91' lang='lat' dir='ltr'><strong>in</strong></span> <span class='ocrx_word' id='word_1_114' title='bbox 500 830 638 860; x_wconf 89' lang='lat' dir='ltr'><strong>omnibus</strong></span> <span class='ocrx_word' id='word_1_115' title='bbox 655 839 686 860; x_wconf 91' lang='lat' dir='ltr'><strong>sc</strong></span> <span class='ocrx_word' id='word_1_116' title='bbox 703 830 799 870; x_wconf 84' lang='lat' dir='ltr'><strong>dignis</strong></span> <span class='ocrx_word' id='word_1_117' title='bbox 815 829 950 861; x_wconf 85' lang='lat' dir='ltr'><strong>habitare</strong></span> 
     </span>
    </p>
   </div>
   <div class='ocr_carea' id='block_1_18' title="bbox 994 288 1816 329">
    <p class='ocr_par' dir='ltr' id='par_1_18' title="bbox 994 288 1816 329">
     <span class='ocr_line' id='line_1_18' title="bbox 994 288 1816 329; baseline -0.006 -6"><span class='ocrx_word' id='word_1_118' title='bbox 994 288 1081 324; x_wconf 84' lang='lat' dir='ltr'><strong>etiam</strong></span> <span class='ocrx_word' id='word_1_119' title='bbox 1097 292 1128 323; x_wconf 90' lang='lat' dir='ltr'><strong>hi</strong></span> <span class='ocrx_word' id='word_1_120' title='bbox 1144 295 1243 329; x_wconf 87' lang='lat' dir='ltr'><strong>erunt,</strong></span> <span class='ocrx_word' id='word_1_121' title='bbox 1258 300 1363 322; x_wconf 85' lang='lat' dir='ltr'><strong>revera</strong></span> <span class='ocrx_word' id='word_1_122' title='bbox 1388 295 1485 322; x_wconf 88' lang='lat' dir='ltr'><strong>autem</strong></span> <span class='ocrx_word' id='word_1_123' title='bbox 1514 294 1597 321; x_wconf 81' lang='lat' dir='ltr'><strong>extra</strong></span> <span class='ocrx_word' id='word_1_124' title='bbox 1620 288 1752 320; x_wconf 87' lang='lat' dir='ltr'><strong>divinum</strong></span> <span class='ocrx_word' id='word_1_125' title='bbox 1769 289 1816 318; x_wconf 85' lang='lat' dir='ltr'><strong>lu-</strong></span> 
     </span>
    </p>
   </div>
   <div class='ocr_carea' id='block_1_19' title="bbox 994 333 1817 378">
    <p class='ocr_par' dir='ltr' id='par_1_19' title="bbox 994 333 1817 378">
     <span class='ocr_line' id='line_1_19' title="bbox 994 333 1817 378; baseline -0.006 -10"><span class='ocrx_word' id='word_1_126' title='bbox 994 347 1074 376; x_wconf 88' lang='lat' dir='ltr'><strong>men,</strong></span> <span class='ocrx_word' id='word_1_127' title='bbox 1093 337 1250 378; x_wconf 89' lang='lat' dir='ltr'><strong>ipsumque</strong></span> <span class='ocrx_word' id='word_1_128' title='bbox 1268 338 1372 368; x_wconf 87' lang='lat' dir='ltr'><strong>Deum.</strong></span> <span class='ocrx_word' id='word_1_129' title='bbox 1403 335 1441 367; x_wconf 86' lang='lat' dir='ltr'><strong>Ut</strong></span> <span class='ocrx_word' id='word_1_130' title='bbox 1469 336 1550 373; x_wconf 65' lang='lat' dir='ltr'><strong>caeci,</strong></span> <span class='ocrx_word' id='word_1_131' title='bbox 1569 335 1684 365; x_wconf 88' lang='lat' dir='ltr'><strong>lucente</strong></span> <span class='ocrx_word' id='word_1_132' title='bbox 1699 333 1773 370; x_wconf 83' lang='lat' dir='ltr'><strong>sole,</strong></span> <span class='ocrx_word' id='word_1_133' title='bbox 1788 336 1817 363; x_wconf 90' lang='lat' dir='ltr'><strong>et</strong></span> 
     </span>
    </p>
   </div>
   <div class='ocr_carea' id='block_1_20' title="bbox 993 379 1815 417">
    <p class='ocr_par' dir='ltr' id='par_1_20' title="bbox 993 379 1815 417">
     <span class='ocr_line' id='line_1_20' title="bbox 993 379 1815 417; baseline -0.006 -5"><span class='ocrx_word' id='word_1_134' title='bbox 993 382 1045 413; x_wconf 92' lang='lat' dir='ltr'><strong>toti</strong></span> <span class='ocrx_word' id='word_1_135' title='bbox 1062 381 1234 412; x_wconf 87' lang='lat' dir='ltr'><strong>circumfusi</strong></span> <span class='ocrx_word' id='word_1_136' title='bbox 1252 381 1376 417; x_wconf 81' lang='lat' dir='ltr'><strong>lumine,</strong></span> <span class='ocrx_word' id='word_1_137' title='bbox 1406 384 1504 410; x_wconf 87' lang='lat' dir='ltr'><strong>tamen</strong></span> <span class='ocrx_word' id='word_1_138' title='bbox 1521 384 1603 410; x_wconf 81' lang='lat' dir='ltr'><strong>extra</strong></span> <span class='ocrx_word' id='word_1_139' title='bbox 1620 379 1722 409; x_wconf 88' lang='lat' dir='ltr'><strong>lumen</strong></span> <span class='ocrx_word' id='word_1_140' title='bbox 1736 380 1815 414; x_wconf 87' lang='lat' dir='ltr'><strong>sunt,</strong></span> 
     </span>
    </p>
   </div>
   <div class='ocr_carea' id='block_1_21' title="bbox 994 423 1816 466">
    <p class='ocr_par' dir='ltr' id='par_1_21' title="bbox 994 423 1816 466">
     <span class='ocr_line' id='line_1_21' title="bbox 994 423 1816 466; baseline -0.006 -9"><span class='ocrx_word' id='word_1_141' title='bbox 994 427 1160 466; x_wconf 81' lang='lat' dir='ltr'><strong>cognitione</strong></span> <span class='ocrx_word' id='word_1_142' title='bbox 1175 430 1356 466; x_wconf 84' lang='lat' dir='ltr'><strong>aspectuque</strong></span> <span class='ocrx_word' id='word_1_143' title='bbox 1369 425 1406 456; x_wconf 88' lang='lat' dir='ltr'><strong>ab</strong></span> <span class='ocrx_word' id='word_1_144' title='bbox 1434 434 1469 456; x_wconf 93' lang='lat' dir='ltr'><strong>eo</strong></span> <span class='ocrx_word' id='word_1_145' title='bbox 1495 424 1643 465; x_wconf 84' lang='lat' dir='ltr'><strong>sejuncti:</strong></span> <span class='ocrx_word' id='word_1_146' title='bbox 1661 423 1703 454; x_wconf 91' lang='lat' dir='ltr'><strong>sic</strong></span> <span class='ocrx_word' id='word_1_147' title='bbox 1726 427 1772 453; x_wconf 90' lang='lat' dir='ltr'><strong>est</strong></span> <span class='ocrx_word' id='word_1_148' title='bbox 1786 423 1816 452; x_wconf 92' lang='lat' dir='ltr'><strong>in</strong></span> 
     </span>
    </p>
   </div>
   <div class='ocr_carea' id='block_1_22' title="bbox 994 468 1817 507">
    <p class='ocr_par' dir='ltr' id='par_1_22' title="bbox 994 468 1817 507">
     <span class='ocr_line' id='line_1_22' title="bbox 994 468 1817 507; baseline -0.005 -6"><span class='ocrx_word' id='word_1_149' title='bbox 994 471 1075 502; x_wconf 89' lang='lat' dir='ltr'><strong>omni</strong></span> <span class='ocrx_word' id='word_1_150' title='bbox 1090 471 1221 501; x_wconf 69' lang='lat' dir='ltr'><strong>divinum</strong></span> <span class='ocrx_word' id='word_1_151' title='bbox 1238 470 1391 500; x_wconf 79' lang='lat' dir='ltr'><strong>Trinitatis</strong></span> <span class='ocrx_word' id='word_1_152' title='bbox 1407 470 1517 507; x_wconf 89' lang='lat' dir='ltr'><strong>lumen,</strong></span> <span class='ocrx_word' id='word_1_153' title='bbox 1545 473 1574 500; x_wconf 91' lang='lat' dir='ltr'><strong>et</strong></span> <span class='ocrx_word' id='word_1_154' title='bbox 1588 469 1618 499; x_wconf 93' lang='lat' dir='ltr'><strong>in</strong></span> <span class='ocrx_word' id='word_1_155' title='bbox 1635 468 1733 499; x_wconf 89' lang='lat' dir='ltr'><strong>medio</strong></span> <span class='ocrx_word' id='word_1_156' title='bbox 1749 471 1817 497; x_wconf 91' lang='lat' dir='ltr'><strong>sunt</strong></span> 
     </span>
    </p>
   </div>
   <div class='ocr_carea' id='block_1_23' title="bbox 995 513 1816 556">
    <p class='ocr_par' dir='ltr' id='par_1_23' title="bbox 995 513 1816 556">
     <span class='ocr_line' id='line_1_23' title="bbox 995 513 1816 556; baseline -0.005 -9"><span class='ocrx_word' id='word_1_157' title='bbox 995 520 1174 556; x_wconf 88' lang='lat' dir='ltr'><strong>peccatores,</strong></span> <span class='ocrx_word' id='word_1_158' title='bbox 1189 516 1320 546; x_wconf 90' lang='lat' dir='ltr'><strong>tenebris</strong></span> <span class='ocrx_word' id='word_1_159' title='bbox 1332 515 1497 556; x_wconf 72' lang='lat' dir='ltr'><strong>praepediti,</strong></span> <span class='ocrx_word' id='word_1_160' title='bbox 1519 515 1677 555; x_wconf 90' lang='lat' dir='ltr'><strong>quominus</strong></span> <span class='ocrx_word' id='word_1_161' title='bbox 1688 513 1816 550; x_wconf 84' lang='lat' dir='ltr'><strong>videant,</strong></span> 
     </span>
    </p>
   </div>
   <div class='ocr_carea' id='block_1_24' title="bbox 994 557 1814 600">
    <p class='ocr_par' dir='ltr' id='par_1_24' title="bbox 994 557 1814 600">
     <span class='ocr_line' id='line_1_24' title="bbox 994 557 1814 600; baseline -0.004 -9"><span class='ocrx_word' id='word_1_162' title='bbox 994 561 1145 600; x_wconf 79' lang='lat' dir='ltr'><strong>ullamque</strong></span> <span class='ocrx_word' id='word_1_163' title='bbox 1162 560 1327 591; x_wconf 87' lang='lat' dir='ltr'><strong>Divinitatis</strong></span> <span class='ocrx_word' id='word_1_164' title='bbox 1340 560 1488 590; x_wconf 88' lang='lat' dir='ltr'><strong>notionem</strong></span> <span class='ocrx_word' id='word_1_165' title='bbox 1502 569 1535 590; x_wconf 90' lang='lat' dir='ltr'><strong>ac</strong></span> <span class='ocrx_word' id='word_1_166' title='bbox 1543 568 1662 590; x_wconf 90' lang='lat' dir='ltr'><strong>sensum</strong></span> <span class='ocrx_word' id='word_1_167' title='bbox 1676 557 1814 589; x_wconf 83' lang='lat' dir='ltr'><strong>habeant:</strong></span> 
     </span>
    </p>
   </div>
   <div class='ocr_carea' id='block_1_25' title="bbox 994 602 1816 645">
    <p class='ocr_par' dir='ltr' id='par_1_25' title="bbox 994 602 1816 645">
     <span class='ocr_line' id='line_1_25' title="bbox 994 602 1816 645; baseline -0.005 -9"><span class='ocrx_word' id='word_1_168' title='bbox 994 606 1046 636; x_wconf 91' lang='lat' dir='ltr'><strong>sed</strong></span> <span class='ocrx_word' id='word_1_169' title='bbox 1062 606 1211 642; x_wconf 81' lang='lat' dir='ltr'><strong>ardentes,</strong></span> <span class='ocrx_word' id='word_1_170' title='bbox 1231 609 1259 635; x_wconf 90' lang='lat' dir='ltr'><strong>et</strong></span> <span class='ocrx_word' id='word_1_171' title='bbox 1273 614 1325 635; x_wconf 92' lang='lat' dir='ltr'><strong>sua</strong></span> <span class='ocrx_word' id='word_1_172' title='bbox 1339 604 1471 645; x_wconf 88' lang='lat' dir='ltr'><strong>ipsorum</strong></span> <span class='ocrx_word' id='word_1_173' title='bbox 1482 603 1664 635; x_wconf 84' lang='lat' dir='ltr'><strong>conscientia</strong></span> <span class='ocrx_word' id='word_1_174' title='bbox 1671 602 1816 633; x_wconf 89' lang='lat' dir='ltr'><strong>condem-</strong></span> 
     </span>
    </p>
   </div>
   <div class='ocr_carea' id='block_1_26' title="bbox 994 647 1816 690">
    <p class='ocr_par' dir='ltr' id='par_1_26' title="bbox 994 647 1816 690">
     <span class='ocr_line' id='line_1_26' title="bbox 994 647 1816 690; baseline -0.002 -10"><span class='ocrx_word' id='word_1_175' title='bbox 994 649 1066 690; x_wconf 87' lang='lat' dir='ltr'><strong>nati,</strong></span> <span class='ocrx_word' id='word_1_176' title='bbox 1083 649 1273 680; x_wconf 87' lang='lat' dir='ltr'><strong>afﬁictionem</strong></span> <span class='ocrx_word' id='word_1_177' title='bbox 1290 649 1541 689; x_wconf 83' lang='lat' dir='ltr'><strong>inexplicabilem,</strong></span> <span class='ocrx_word' id='word_1_178' title='bbox 1559 653 1587 679; x_wconf 93' lang='lat' dir='ltr'><strong>et</strong></span> <span class='ocrx_word' id='word_1_179' title='bbox 1602 648 1736 678; x_wconf 85' lang='lat' dir='ltr'><strong>dolorem</strong></span> <span class='ocrx_word' id='word_1_180' title='bbox 1748 647 1816 678; x_wconf 90' lang='lat' dir='ltr'><strong>ine-</strong></span> 
     </span>
    </p>
   </div>
   <div class='ocr_carea' id='block_1_27' title="bbox 992 691 1775 733">
    <p class='ocr_par' dir='ltr' id='par_1_27' title="bbox 992 691 1775 733">
     <span class='ocr_line' id='line_1_27' title="bbox 992 691 1775 733; baseline -0.003 -9"><span class='ocrx_word' id='word_1_181' title='bbox 992 694 1172 724; x_wconf 84' lang='lat' dir='ltr'><strong>narrabilem</strong></span> <span class='ocrx_word' id='word_1_182' title='bbox 1190 703 1242 733; x_wconf 87' lang='lat' dir='ltr'><strong>per</strong></span> <span class='ocrx_word' id='word_1_183' title='bbox 1257 694 1366 724; x_wconf 58' lang='lat' dir='ltr'><strong>sacula</strong></span> <span class='ocrx_word' id='word_1_184' title='bbox 1381 693 1562 733; x_wconf 88' lang='lat' dir='ltr'><strong>sempiterna</strong></span> <span class='ocrx_word' id='word_1_185' title='bbox 1576 691 1775 723; x_wconf 84' lang='lat' dir='ltr'><strong>sustinebunt.</strong></span> 
     </span>
    </p>
   </div>
   <div class='ocr_carea' id='block_1_28' title="bbox 1305 753 1502 786">
    <p class='ocr_par' dir='ltr' id='par_1_28' title="bbox 1305 753 1502 786">
     <span class='ocr_line' id='line_1_28' title="bbox 1305 753 1502 786; baseline -0.01 0"><span class='ocrx_word' id='word_1_186' title='bbox 1305 753 1425 786; x_wconf 80' lang='lat' dir='ltr'><strong>CAPUT</strong></span> <span class='ocrx_word' id='word_1_187' title='bbox 1452 753 1502 785; x_wconf 82' lang='grc' dir='ltr'><strong>ΙΙΙ.</strong></span> 
     </span>
    </p>
   </div>
   <div class='ocr_carea' id='block_1_29' title="bbox 991 818 1818 860">
    <p class='ocr_par' dir='ltr' id='par_1_29' title="bbox 991 818 1818 860">
     <span class='ocr_line' id='line_1_29' title="bbox 991 818 1818 860; baseline 0 -14"><span class='ocrx_word' id='word_1_188' title='bbox 991 818 1127 860; x_wconf 74' lang='lat' dir='ltr'><strong>Quomodo</strong></span> <span class='ocrx_word' id='word_1_189' title='bbox 1141 820 1224 860; x_wconf 51' lang='lat' dir='ltr'><strong>Pater</strong></span> <span class='ocrx_word' id='word_1_190' title='bbox 1238 820 1281 848; x_wconf 78' lang='lat' dir='ltr'><strong>hic</strong></span> <span class='ocrx_word' id='word_1_191' title='bbox 1304 820 1478 860; x_wconf 62' lang='lat' dir='ltr'><strong>immutatus,</strong></span> <span class='ocrx_word' id='word_1_192' title='bbox 1503 821 1701 860; x_wconf 67' lang='lat' dir='ltr'><strong>purgatusque,</strong></span> <span class='ocrx_word' id='word_1_193' title='bbox 1731 818 1818 860; x_wconf 54' lang='lat' dir='ltr'><strong>arcti:</strong></span> 
     </span>
    </p>
   </div>
   <div class='ocr_carea' id='block_1_30' title="bbox 1025 855 1818 891">
    <p class='ocr_par' dir='ltr' id='par_1_30' title="bbox 1025 855 1818 891">
     <span class='ocr_line' id='line_1_30' title="bbox 1025 855 1818 891; baseline -0.001 -8"><span class='ocrx_word' id='word_1_194' title='bbox 1025 855 1092 883; x_wconf 73' lang='lat' dir='ltr'><strong>sime</strong></span> <span class='ocrx_word' id='word_1_195' title='bbox 1115 864 1177 883; x_wconf 76' lang='lat' dir='ltr'><strong>cum</strong></span> <span class='ocrx_word' id='word_1_196' title='bbox 1200 857 1255 884; x_wconf 83' lang='lat' dir='ltr'><strong>Deo</strong></span> <span class='ocrx_word' id='word_1_197' title='bbox 1279 857 1440 891; x_wconf 80' lang='lat' dir='ltr'><strong>conjuiwtus</strong></span> <span class='ocrx_word' id='word_1_198' title='bbox 1455 855 1509 891; x_wconf 67' lang='lat' dir='ltr'><strong>sit,</strong></span> <span class='ocrx_word' id='word_1_199' title='bbox 1524 858 1549 884; x_wconf 80' lang='lat' dir='ltr'><strong>ut</strong></span> <span class='ocrx_word' id='word_1_200' title='bbox 1571 855 1661 891; x_wconf 80' lang='lat' dir='ltr'><strong>qualis</strong></span> <span class='ocrx_word' id='word_1_201' title='bbox 1685 863 1721 883; x_wconf 78' lang='lat' dir='ltr'><strong>ea:</strong></span> <span class='ocrx_word' id='word_1_202' title='bbox 1741 855 1818 890; x_wconf 78' lang='lat' dir='ltr'><strong>quati</strong></span> 
     </span>
    </p>
   </div>
   <div class='ocr_carea' id='block_1_31' title="bbox 121 875 926 927">
    <p class='ocr_par' dir='ltr' id='par_1_31' title="bbox 121 875 926 927">
     <span class='ocr_line' id='line_1_31' title="bbox 121 875 926 927; baseline -0.002 -20"><span class='ocrx_word' id='word_1_203' title='bbox 121 877 195 918; x_wconf 86' lang='lat' dir='ltr'><strong>vult,</strong></span> <span class='ocrx_word' id='word_1_204' title='bbox 212 881 243 907; x_wconf 93' lang='lat' dir='ltr'><strong>ut</strong></span> <span class='ocrx_word' id='word_1_205' title='bbox 254 877 379 917; x_wconf 90' lang='lat' dir='ltr'><strong>quilibet</strong></span> <span class='ocrx_word' id='word_1_206' title='bbox 388 877 459 926; x_wconf 76' lang='lat' dir='ltr'><strong>inse</strong></span> <span class='ocrx_word' id='word_1_207' title='bbox 468 879 561 927; x_wconf 78' lang='lat' dir='ltr'><strong>totum</strong></span> <span class='ocrx_word' id='word_1_208' title='bbox 575 884 689 927; x_wconf 73' lang='lat' dir='ltr'><strong>regem,</strong></span> <span class='ocrx_word' id='word_1_209' title='bbox 704 875 799 927; x_wconf 72' lang='lat' dir='ltr'><strong>ipsum</strong></span> <span class='ocrx_word' id='word_1_210' title='bbox 810 884 926 914; x_wconf 86' lang='lat' dir='ltr'><strong>regnun</strong></span> 
     </span>
    </p>
   </div>
   <div class='ocr_carea' id='block_1_32' title="bbox 1008 875 1818 927">
    <p class='ocr_par' dir='ltr' id='par_1_32' title="bbox 1027 875 1818 927">
     <span class='ocr_line' id='line_1_32' title="bbox 1027 875 1818 927; baseline 0 -9"><span class='ocrx_word' id='word_1_211' title='bbox 1027 892 1152 922; x_wconf 76' lang='lat' dir='ltr'><strong>evaserit.</strong></span> <span class='ocrx_word' id='word_1_212' title='bbox 1168 875 1255 920; x_wconf 67' lang='grc' dir='ltr'><em>υεῖδᾶ</em></span> <span class='ocrx_word' id='word_1_213' title='bbox 1267 875 1440 927; x_wconf 53' lang='grc' dir='ltr'><strong>ιιῖῦῗῖιέἳὲ</strong></span> <span class='ocrx_word' id='word_1_214' title='bbox 1453 875 1549 927; x_wconf 65' lang='grc' dir='ltr'><strong>ἔὶἱρίιῖ</strong></span> <span class='ocrx_word' id='word_1_215' title='bbox 1560 875 1595 918; x_wconf 56' lang='lat' dir='ltr'><strong>ait</strong></span> <span class='ocrx_word' id='word_1_216' title='bbox 1609 875 1698 919; x_wconf 63' lang='lat' dir='ltr'><strong>béimi</strong></span> <span class='ocrx_word' id='word_1_217' title='bbox 1713 875 1818 918; x_wconf 69' lang='grc' dir='ltr'><strong>αιῗιονίε</strong></span> 
     </span>
    </p>
   </div>
   <div class='ocr_carea' id='block_1_33' title="bbox 122 919 954 961">
    <p class='ocr_par' dir='ltr' id='par_1_33' title="bbox 122 919 954 961">
     <span class='ocr_line' id='line_1_33' title="bbox 122 919 954 961; baseline -0.004 -9"><span class='ocrx_word' id='word_1_218' title='bbox 122 926 153 952; x_wconf 89' lang='lat' dir='ltr'><strong>et</strong></span> <span class='ocrx_word' id='word_1_219' title='bbox 167 922 202 953; x_wconf 88' lang='lat' dir='ltr'><strong>ad</strong></span> <span class='ocrx_word' id='word_1_220' title='bbox 218 930 343 959; x_wconf 81' lang='lat' dir='ltr'><strong>regnum</strong></span> <span class='ocrx_word' id='word_1_221' title='bbox 356 920 534 961; x_wconf 88' lang='lat' dir='ltr'><strong>pertinentia</strong></span> <span class='ocrx_word' id='word_1_222' title='bbox 543 919 660 957; x_wconf 87' lang='lat' dir='ltr'><strong>habeat,</strong></span> <span class='ocrx_word' id='word_1_223' title='bbox 676 924 705 950; x_wconf 92' lang='lat' dir='ltr'><strong>et</strong></span> <span class='ocrx_word' id='word_1_224' title='bbox 719 920 838 958; x_wconf 82' lang='lat' dir='ltr'><strong>fulgeat,</strong></span> <span class='ocrx_word' id='word_1_225' title='bbox 852 929 954 960; x_wconf 84' lang='lat' dir='ltr'><strong>quem.</strong></span> 
     </span>
    </p>
   </div>
   <div class='ocr_carea' id='block_1_34' title="bbox 122 964 952 1004">
    <p class='ocr_par' dir='ltr' id='par_1_34' title="bbox 122 964 952 1004">
     <span class='ocr_line' id='line_1_34' title="bbox 122 964 952 1004; baseline -0.004 -7"><span class='ocrx_word' id='word_1_226' title='bbox 122 966 285 997; x_wconf 89' lang='lat' dir='ltr'><strong>admodum</strong></span> <span class='ocrx_word' id='word_1_227' title='bbox 304 965 420 996; x_wconf 84' lang='lat' dir='ltr'><strong>refulsit</strong></span> <span class='ocrx_word' id='word_1_228' title='bbox 437 964 671 995; x_wconf 89' lang='lat' dir='ltr'><strong>redivivusDeus</strong></span> <span class='ocrx_word' id='word_1_229' title='bbox 683 974 778 1000; x_wconf 86' lang='lat' dir='ltr'><strong>meus,</strong></span> <span class='ocrx_word' id='word_1_230' title='bbox 798 964 952 1004; x_wconf 89' lang='lat' dir='ltr'><strong>plusquam</strong></span> 
     </span>
    </p>
   </div>
   <div class='ocr_carea' id='block_1_35' title="bbox 121 1008 952 1050">
    <p class='ocr_par' dir='ltr' id='par_1_35' title="bbox 121 1008 952 1050">
     <span class='ocr_line' id='line_1_35' title="bbox 121 1008 952 1050; baseline -0.002 -10"><span class='ocrx_word' id='word_1_231' title='bbox 121 1011 198 1040; x_wconf 87' lang='lat' dir='ltr'><strong>radii</strong></span> <span class='ocrx_word' id='word_1_232' title='bbox 214 1010 285 1041; x_wconf 91' lang='lat' dir='ltr'><strong>solis</strong></span> <span class='ocrx_word' id='word_1_233' title='bbox 300 1010 401 1050; x_wconf 87' lang='lat' dir='ltr'><strong>hujus,</strong></span> <span class='ocrx_word' id='word_1_234' title='bbox 422 1018 510 1050; x_wconf 84' lang='lat' dir='ltr'><strong>quem</strong></span> <span class='ocrx_word' id='word_1_235' title='bbox 533 1009 695 1040; x_wconf 89' lang='lat' dir='ltr'><strong>cernimus.</strong></span> <span class='ocrx_word' id='word_1_236' title='bbox 713 1008 747 1039; x_wconf 86' lang='lat' dir='ltr'><strong>Et</strong></span> <span class='ocrx_word' id='word_1_237' title='bbox 763 1018 830 1039; x_wconf 91' lang='lat' dir='ltr'><strong>cum</strong></span> <span class='ocrx_word' id='word_1_238' title='bbox 847 1008 952 1039; x_wconf 86' lang='lat' dir='ltr'><strong>astite-</strong></span> 
     </span>
    </p>
   </div>
   <div class='ocr_carea' id='block_1_36' title="bbox 123 1050 948 1095">
    <p class='ocr_par' dir='ltr' id='par_1_36' title="bbox 123 1050 948 1095">
     <span class='ocr_line' id='line_1_36' title="bbox 123 1050 948 1095; baseline -0.001 -10"><span class='ocrx_word' id='word_1_239' title='bbox 123 1054 185 1085; x_wconf 88' lang='lat' dir='ltr'><strong>rint</strong></span> <span class='ocrx_word' id='word_1_240' title='bbox 198 1055 225 1085; x_wconf 89' lang='lat' dir='ltr'><strong>ei</strong></span> <span class='ocrx_word' id='word_1_241' title='bbox 241 1054 290 1095; x_wconf 90' lang='lat' dir='ltr'><strong>qui</strong></span> <span class='ocrx_word' id='word_1_242' title='bbox 307 1055 350 1086; x_wconf 90' lang='lat' dir='ltr'><strong>sic</strong></span> <span class='ocrx_word' id='word_1_243' title='bbox 364 1054 445 1094; x_wconf 89' lang='lat' dir='ltr'><strong>ipsos</strong></span> <span class='ocrx_word' id='word_1_244' title='bbox 460 1053 644 1093; x_wconf 88' lang='lat' dir='ltr'><strong>gloriﬁcavit,</strong></span> <span class='ocrx_word' id='word_1_245' title='bbox 663 1050 867 1092; x_wconf 77' lang='lat' dir='ltr'><strong>magnitudine</strong></span> <span class='ocrx_word' id='word_1_246' title='bbox 882 1053 948 1092; x_wconf 82' lang='lat' dir='ltr'><strong>glo-</strong></span> 
     </span>
    </p>
   </div>
   <div class='ocr_carea' id='block_1_37' title="bbox 123 1098 949 1137">
    <p class='ocr_par' dir='ltr' id='par_1_37' title="bbox 123 1098 949 1137">
     <span class='ocr_line' id='line_1_37' title="bbox 123 1098 949 1137; baseline -0.004 -7"><span class='ocrx_word' id='word_1_247' title='bbox 123 1099 188 1137; x_wconf 66' lang='lat' dir='ltr'><strong>riae,</strong></span> <span class='ocrx_word' id='word_1_248' title='bbox 206 1103 236 1130; x_wconf 88' lang='lat' dir='ltr'><strong>et</strong></span> <span class='ocrx_word' id='word_1_249' title='bbox 250 1099 368 1130; x_wconf 90' lang='lat' dir='ltr'><strong>assiduo</strong></span> <span class='ocrx_word' id='word_1_250' title='bbox 384 1098 490 1129; x_wconf 84' lang='lat' dir='ltr'><strong>divinae</strong></span> <span class='ocrx_word' id='word_1_251' title='bbox 505 1098 646 1129; x_wconf 82' lang='lat' dir='ltr'><strong>claritatis</strong></span> <span class='ocrx_word' id='word_1_252' title='bbox 658 1098 842 1128; x_wconf 88' lang='lat' dir='ltr'><strong>incremento</strong></span> <span class='ocrx_word' id='word_1_253' title='bbox 857 1098 949 1128; x_wconf 90' lang='lat' dir='ltr'><strong>admi-</strong></span> 
     </span>
    </p>
   </div>
   <div class='ocr_carea' id='block_1_38' title="bbox 123 1143 950 1176">
    <p class='ocr_par' dir='ltr' id='par_1_38' title="bbox 123 1143 950 1176">
     <span class='ocr_line' id='line_1_38' title="bbox 123 1143 950 1176; baseline 0 -2"><span class='ocrx_word' id='word_1_254' title='bbox 123 1144 239 1175; x_wconf 87' lang='lat' dir='ltr'><strong>ratione</strong></span> <span class='ocrx_word' id='word_1_255' title='bbox 253 1144 368 1174; x_wconf 87' lang='lat' dir='ltr'><strong>attoniti</strong></span> <span class='ocrx_word' id='word_1_256' title='bbox 393 1148 524 1175; x_wconf 83' lang='lat' dir='ltr'><strong>manent.</strong></span> <span class='ocrx_word' id='word_1_257' title='bbox 556 1143 616 1176; x_wconf 87' lang='lat' dir='ltr'><strong>Nec</strong></span> <span class='ocrx_word' id='word_1_258' title='bbox 642 1144 720 1175; x_wconf 88' lang='lat' dir='ltr'><strong>enim</strong></span> <span class='ocrx_word' id='word_1_259' title='bbox 751 1143 818 1174; x_wconf 91' lang='lat' dir='ltr'><strong>ullis</strong></span> <span class='ocrx_word' id='word_1_260' title='bbox 834 1143 950 1174; x_wconf 63' lang='lat' dir='ltr'><strong>saeculis</strong></span> 
     </span>
    </p>
   </div>
   <div class='ocr_carea' id='block_1_39' title="bbox 121 1188 948 1228">
    <p class='ocr_par' dir='ltr' id='par_1_39' title="bbox 121 1188 948 1228">
     <span class='ocr_line' id='line_1_39' title="bbox 121 1188 948 1228; baseline -0.001 -9"><span class='ocrx_word' id='word_1_261' title='bbox 121 1189 294 1228; x_wconf 57' lang='lat' dir='ltr'><strong>proﬁciendi</strong></span> <span class='ocrx_word' id='word_1_262' title='bbox 311 1188 378 1219; x_wconf 83' lang='lat' dir='ltr'><strong>ﬁnis</strong></span> <span class='ocrx_word' id='word_1_263' title='bbox 394 1188 468 1219; x_wconf 90' lang='lat' dir='ltr'><strong>erit:</strong></span> <span class='ocrx_word' id='word_1_264' title='bbox 488 1188 633 1228; x_wconf 88' lang='lat' dir='ltr'><strong>siquidem</strong></span> <span class='ocrx_word' id='word_1_265' title='bbox 648 1188 744 1225; x_wconf 75' lang='lat' dir='ltr'><strong>statio,</strong></span> <span class='ocrx_word' id='word_1_266' title='bbox 758 1198 810 1219; x_wconf 88' lang='lat' dir='ltr'><strong>seu</strong></span> <span class='ocrx_word' id='word_1_267' title='bbox 825 1188 948 1219; x_wconf 82' lang='lat' dir='ltr'><strong>Cessatio</strong></span> 
     </span>
    </p>
   </div>
   <div class='ocr_carea' id='block_1_40' title="bbox 122 1233 949 1273">
    <p class='ocr_par' dir='ltr' id='par_1_40' title="bbox 122 1233 949 1273">
     <span class='ocr_line' id='line_1_40' title="bbox 122 1233 949 1273; baseline -0.002 -9"><span class='ocrx_word' id='word_1_268' title='bbox 122 1233 308 1264; x_wconf 84' lang='lat' dir='ltr'><strong>incrementi</strong></span> <span class='ocrx_word' id='word_1_269' title='bbox 324 1233 423 1264; x_wconf 92' lang='lat' dir='ltr'><strong>ﬁniret</strong></span> <span class='ocrx_word' id='word_1_270' title='bbox 447 1233 475 1264; x_wconf 88' lang='lat' dir='ltr'><strong>id</strong></span> <span class='ocrx_word' id='word_1_271' title='bbox 492 1233 570 1273; x_wconf 90' lang='lat' dir='ltr'><strong>quod</strong></span> <span class='ocrx_word' id='word_1_272' title='bbox 588 1233 667 1263; x_wconf 90' lang='lat' dir='ltr'><strong>ﬁniri</strong></span> <span class='ocrx_word' id='word_1_273' title='bbox 692 1234 804 1273; x_wconf 74' lang='lat' dir='ltr'><strong>nequit,</strong></span> <span class='ocrx_word' id='word_1_274' title='bbox 822 1237 851 1263; x_wconf 91' lang='lat' dir='ltr'><strong>et</strong></span> <span class='ocrx_word' id='word_1_275' title='bbox 865 1242 949 1263; x_wconf 90' lang='lat' dir='ltr'><strong>com—</strong></span> 
     </span>
    </p>
   </div>
   <div class='ocr_carea' id='block_1_41' title="bbox 122 1276 951 1318">
    <p class='ocr_par' dir='ltr' id='par_1_41' title="bbox 122 1276 951 1318">
     <span class='ocr_line' id='line_1_41' title="bbox 122 1276 951 1318; baseline -0.001 -10"><span class='ocrx_word' id='word_1_276' title='bbox 122 1278 355 1318; x_wconf 82' lang='lat' dir='ltr'><strong>prehensionem</strong></span> <span class='ocrx_word' id='word_1_277' title='bbox 374 1276 824 1318; x_wconf 85' lang='lat' dir='ltr'><strong>prorsusincomprehensibilis,</strong></span> <span class='ocrx_word' id='word_1_278' title='bbox 834 1277 951 1308; x_wconf 86' lang='lat' dir='ltr'><strong>satieta-</strong></span> 
     </span>
    </p>
   </div>
   <div class='ocr_carea' id='block_1_42' title="bbox 123 1322 947 1363">
    <p class='ocr_par' dir='ltr' id='par_1_42' title="bbox 123 1322 947 1363">
     <span class='ocr_line' id='line_1_42' title="bbox 123 1322 947 1363; baseline -0.002 -9"><span class='ocrx_word' id='word_1_279' title='bbox 123 1328 243 1363; x_wconf 88' lang='lat' dir='ltr'><strong>temque</strong></span> <span class='ocrx_word' id='word_1_280' title='bbox 258 1323 413 1354; x_wconf 83' lang='lat' dir='ltr'><strong>induceret</strong></span> <span class='ocrx_word' id='word_1_281' title='bbox 423 1322 514 1359; x_wconf 89' lang='lat' dir='ltr'><strong>illius,</strong></span> <span class='ocrx_word' id='word_1_282' title='bbox 528 1332 585 1362; x_wconf 91' lang='lat' dir='ltr'><strong>quo</strong></span> <span class='ocrx_word' id='word_1_283' title='bbox 607 1322 704 1353; x_wconf 86' lang='lat' dir='ltr'><strong>satiari</strong></span> <span class='ocrx_word' id='word_1_284' title='bbox 717 1322 814 1353; x_wconf 92' lang='lat' dir='ltr'><strong>nullus</strong></span> <span class='ocrx_word' id='word_1_285' title='bbox 828 1326 924 1362; x_wconf 87' lang='lat' dir='ltr'><strong>potest</strong></span> <span class='ocrx_word' id='word_1_286' title='bbox 941 1333 947 1352; x_wconf 90' lang='lat'>:</span> 
     </span>
    </p>
   </div>
   <div class='ocr_carea' id='block_1_43' title="bbox 123 1366 950 1408">
    <p class='ocr_par' dir='ltr' id='par_1_43' title="bbox 123 1366 950 1408">
     <span class='ocr_line' id='line_1_43' title="bbox 123 1366 950 1408; baseline -0.001 -10"><span class='ocrx_word' id='word_1_287' title='bbox 123 1368 176 1398; x_wconf 82' lang='lat' dir='ltr'><strong>sed</strong></span> <span class='ocrx_word' id='word_1_288' title='bbox 193 1367 344 1408; x_wconf 87' lang='lat' dir='ltr'><strong>plenitudo</strong></span> <span class='ocrx_word' id='word_1_289' title='bbox 356 1366 432 1407; x_wconf 86' lang='lat' dir='ltr'><strong>ejus,</strong></span> <span class='ocrx_word' id='word_1_290' title='bbox 447 1371 475 1397; x_wconf 90' lang='lat' dir='ltr'><strong>et</strong></span> <span class='ocrx_word' id='word_1_291' title='bbox 486 1367 578 1405; x_wconf 83' lang='lat' dir='ltr'><strong>gloria</strong></span> <span class='ocrx_word' id='word_1_292' title='bbox 588 1366 663 1397; x_wconf 92' lang='lat' dir='ltr'><strong>lucis</strong></span> <span class='ocrx_word' id='word_1_293' title='bbox 674 1366 796 1407; x_wconf 78' lang='lat' dir='ltr'><strong>abyssus</strong></span> <span class='ocrx_word' id='word_1_294' title='bbox 809 1367 865 1397; x_wconf 91' lang='lat' dir='ltr'><strong>erit</strong></span> <span class='ocrx_word' id='word_1_295' title='bbox 881 1377 950 1407; x_wconf 93' lang='lat' dir='ltr'><strong>pro-</strong></span> 
     </span>
    </p>
   </div>
   <div class='ocr_carea' id='block_1_44' title="bbox 124 1411 951 1452">
    <p class='ocr_par' dir='ltr' id='par_1_44' title="bbox 124 1411 951 1452">
     <span class='ocr_line' id='line_1_44' title="bbox 124 1411 951 1452; baseline 0 -10"><span class='ocrx_word' id='word_1_296' title='bbox 124 1412 229 1450; x_wconf 89' lang='lat' dir='ltr'><strong>fectus,</strong></span> <span class='ocrx_word' id='word_1_297' title='bbox 244 1417 271 1444; x_wconf 92' lang='lat' dir='ltr'><strong>et</strong></span> <span class='ocrx_word' id='word_1_298' title='bbox 284 1413 348 1443; x_wconf 91' lang='lat' dir='ltr'><strong>sine</strong></span> <span class='ocrx_word' id='word_1_299' title='bbox 356 1413 417 1443; x_wconf 84' lang='lat' dir='ltr'><strong>ﬁne</strong></span> <span class='ocrx_word' id='word_1_300' title='bbox 425 1411 616 1452; x_wconf 91' lang='lat' dir='ltr'><strong>principium.</strong></span> <span class='ocrx_word' id='word_1_301' title='bbox 632 1411 667 1442; x_wconf 87' lang='lat' dir='ltr'><strong>Et</strong></span> <span class='ocrx_word' id='word_1_302' title='bbox 685 1411 761 1442; x_wconf 87' lang='lat' dir='ltr'><strong>sicut</strong></span> <span class='ocrx_word' id='word_1_303' title='bbox 777 1411 825 1451; x_wconf 90' lang='lat' dir='ltr'><strong>qui</strong></span> <span class='ocrx_word' id='word_1_304' title='bbox 842 1412 951 1442; x_wconf 87' lang='lat' dir='ltr'><strong>habent</strong></span> 
     </span>
    </p>
   </div>
   <div class='ocr_carea' id='block_1_45' title="bbox 126 1455 951 1496">
    <p class='ocr_par' dir='ltr' id='par_1_45' title="bbox 126 1455 951 1496">
     <span class='ocr_line' id='line_1_45' title="bbox 126 1455 951 1496; baseline -0.001 -8"><span class='ocrx_word' id='word_1_305' title='bbox 126 1456 275 1488; x_wconf 88' lang='lat' dir='ltr'><strong>Christum</strong></span> <span class='ocrx_word' id='word_1_306' title='bbox 291 1457 370 1487; x_wconf 92' lang='lat' dir='ltr'><strong>intus</strong></span> <span class='ocrx_word' id='word_1_307' title='bbox 394 1456 565 1494; x_wconf 89' lang='lat' dir='ltr'><strong>formatum,</strong></span> <span class='ocrx_word' id='word_1_308' title='bbox 590 1455 700 1494; x_wconf 73' lang='lat' dir='ltr'><strong>eich,</strong></span> <span class='ocrx_word' id='word_1_309' title='bbox 729 1465 896 1496; x_wconf 88' lang='lat' dir='ltr'><strong>quanquam</strong></span> <span class='ocrx_word' id='word_1_310' title='bbox 911 1455 951 1488; x_wconf 83' lang='lat' dir='ltr'><strong>ita</strong></span> 
     </span>
    </p>
   </div>
   <div class='ocr_carea' id='block_1_46' title="bbox 125 1500 951 1541">
    <p class='ocr_par' dir='ltr' id='par_1_46' title="bbox 125 1500 951 1541">
     <span class='ocr_line' id='line_1_46' title="bbox 125 1500 951 1541; baseline -0.002 -9"><span class='ocrx_word' id='word_1_311' title='bbox 125 1501 262 1540; x_wconf 77' lang='lat' dir='ltr'><strong>fulgenti,</strong></span> <span class='ocrx_word' id='word_1_312' title='bbox 277 1505 308 1532; x_wconf 90' lang='lat' dir='ltr'><strong>ut</strong></span> <span class='ocrx_word' id='word_1_313' title='bbox 319 1501 395 1532; x_wconf 87' lang='lat' dir='ltr'><strong>adiri</strong></span> <span class='ocrx_word' id='word_1_314' title='bbox 414 1505 552 1541; x_wconf 86' lang='lat' dir='ltr'><strong>nequeat,</strong></span> <span class='ocrx_word' id='word_1_315' title='bbox 565 1504 661 1531; x_wconf 90' lang='lat' dir='ltr'><strong>astant</strong></span> <span class='ocrx_word' id='word_1_316' title='bbox 681 1500 893 1531; x_wconf 86' lang='lat' dir='ltr'><strong>nihilominus:</strong></span> <span class='ocrx_word' id='word_1_317' title='bbox 909 1501 951 1531; x_wconf 89' lang='lat' dir='ltr'><strong>sic</strong></span> 
     </span>
    </p>
   </div>
   <div class='ocr_carea' id='block_1_47' title="bbox 124 1545 950 1586">
    <p class='ocr_par' dir='ltr' id='par_1_47' title="bbox 124 1545 950 1586">
     <span class='ocr_line' id='line_1_47' title="bbox 124 1545 950 1586; baseline 0 -10"><span class='ocrx_word' id='word_1_318' title='bbox 124 1546 193 1577; x_wconf 88' lang='lat' dir='ltr'><strong>ﬁnis</strong></span> <span class='ocrx_word' id='word_1_319' title='bbox 208 1546 238 1576; x_wconf 93' lang='lat' dir='ltr'><strong>in</strong></span> <span class='ocrx_word' id='word_1_320' title='bbox 254 1546 338 1586; x_wconf 89' lang='lat' dir='ltr'><strong>ipsis,</strong></span> <span class='ocrx_word' id='word_1_321' title='bbox 351 1546 454 1585; x_wconf 69' lang='lat' dir='ltr'><strong>gloriae</strong></span> <span class='ocrx_word' id='word_1_322' title='bbox 467 1550 511 1576; x_wconf 90' lang='lat' dir='ltr'><strong>est</strong></span> <span class='ocrx_word' id='word_1_323' title='bbox 522 1545 651 1576; x_wconf 88' lang='lat' dir='ltr'><strong>initium.</strong></span> <span class='ocrx_word' id='word_1_324' title='bbox 666 1545 761 1585; x_wconf 85' lang='lat' dir='ltr'><strong>Atque</strong></span> <span class='ocrx_word' id='word_1_325' title='bbox 773 1549 804 1575; x_wconf 92' lang='lat' dir='ltr'><strong>ut</strong></span> <span class='ocrx_word' id='word_1_326' title='bbox 819 1545 871 1576; x_wconf 91' lang='lat' dir='ltr'><strong>tibi</strong></span> <span class='ocrx_word' id='word_1_327' title='bbox 884 1555 950 1576; x_wconf 75' lang='lat' dir='ltr'><strong>sen-</strong></span> 
     </span>
    </p>
   </div>
   <div class='ocr_carea' id='block_1_48' title="bbox 1028 926 1818 963">
    <p class='ocr_par' dir='ltr' id='par_1_48' title="bbox 1028 926 1818 963">
     <span class='ocr_line' id='line_1_48' title="bbox 1028 926 1818 963; baseline -0.001 -9"><span class='ocrx_word' id='word_1_328' title='bbox 1028 927 1109 962; x_wconf 80' lang='lat' dir='ltr'><strong>plena</strong></span> <span class='ocrx_word' id='word_1_329' title='bbox 1122 926 1319 956; x_wconf 70' lang='lat' dir='ltr'><strong>demonstrant.</strong></span> <span class='ocrx_word' id='word_1_330' title='bbox 1335 928 1379 955; x_wconf 81' lang='lat' dir='ltr'><strong>Ad</strong></span> <span class='ocrx_word' id='word_1_331' title='bbox 1395 926 1546 956; x_wconf 67' lang='lat' dir='ltr'><strong>extremum</strong></span> <span class='ocrx_word' id='word_1_332' title='bbox 1561 927 1708 963; x_wconf 79' lang='lat' dir='ltr'><strong>theologire</strong></span> <span class='ocrx_word' id='word_1_333' title='bbox 1722 926 1754 954; x_wconf 76' lang='lat' dir='ltr'><strong>de</strong></span> <span class='ocrx_word' id='word_1_334' title='bbox 1765 934 1818 954; x_wconf 86' lang='lat' dir='ltr'><strong>an-</strong></span> 
     </span>
    </p>
   </div>
   <div class='ocr_carea' id='block_1_49' title="bbox 1028 963 1818 1000">
    <p class='ocr_par' dir='ltr' id='par_1_49' title="bbox 1028 963 1818 1000">
     <span class='ocr_line' id='line_1_49' title="bbox 1028 963 1818 1000; baseline -0.001 -10"><span class='ocrx_word' id='word_1_335' title='bbox 1028 963 1094 998; x_wconf 79' lang='lat' dir='ltr'><strong>gelis</strong></span> <span class='ocrx_word' id='word_1_336' title='bbox 1110 963 1232 1000; x_wconf 54' lang='lat' dir='ltr'><strong>disserit,</strong></span> <span class='ocrx_word' id='word_1_337' title='bbox 1255 964 1399 1000; x_wconf 77' lang='lat' dir='ltr'><strong>Principio</strong></span> <span class='ocrx_word' id='word_1_338' title='bbox 1423 963 1568 996; x_wconf 68' lang='lat' dir='ltr'><strong>orationis,</strong></span> <span class='ocrx_word' id='word_1_339' title='bbox 1593 970 1669 990; x_wconf 86' lang='lat' dir='ltr'><strong>more</strong></span> <span class='ocrx_word' id='word_1_340' title='bbox 1678 963 1818 998; x_wconf 80' lang='lat' dir='ltr'><strong>juslorum</strong></span> 
     </span>
    </p>
   </div>
   <div class='ocr_carea' id='block_1_50' title="bbox 1029 999 1295 1028">
    <p class='ocr_par' dir='ltr' id='par_1_50' title="bbox 1029 999 1295 1028">
     <span class='ocr_line' id='line_1_50' title="bbox 1029 999 1295 1028; baseline 0.004 -2"><span class='ocrx_word' id='word_1_341' title='bbox 1029 1001 1174 1027; x_wconf 79' lang='lat' dir='ltr'><strong>accusator</strong></span> <span class='ocrx_word' id='word_1_342' title='bbox 1188 999 1232 1027; x_wconf 79' lang='lat' dir='ltr'><strong>sui</strong></span> <span class='ocrx_word' id='word_1_343' title='bbox 1247 1002 1295 1028; x_wconf 79' lang='lat' dir='ltr'><strong>est.</strong></span> 
     </span>
    </p>
   </div>
   <div class='ocr_carea' id='block_1_51' title="bbox 1033 1052 1818 1092">
    <p class='ocr_par' dir='ltr' id='par_1_51' title="bbox 1033 1052 1818 1092">
     <span class='ocr_line' id='line_1_51' title="bbox 1033 1052 1818 1092; baseline 0.001 -9"><span class='ocrx_word' id='word_1_344' title='bbox 1033 1052 1152 1089; x_wconf 70' lang='lat' dir='ltr'><strong>Quaeest</strong></span> <span class='ocrx_word' id='word_1_345' title='bbox 1163 1054 1229 1090; x_wconf 84' lang='lat' dir='ltr'><strong>ista,</strong></span> <span class='ocrx_word' id='word_1_346' title='bbox 1241 1054 1376 1085; x_wconf 78' lang='lat' dir='ltr'><strong>Salvator</strong></span> <span class='ocrx_word' id='word_1_347' title='bbox 1387 1054 1439 1092; x_wconf 90' lang='lat' dir='ltr'><strong>mi,</strong></span> <span class='ocrx_word' id='word_1_348' title='bbox 1455 1054 1602 1084; x_wconf 89' lang='lat' dir='ltr'><strong>immensa</strong></span> <span class='ocrx_word' id='word_1_349' title='bbox 1613 1053 1818 1084; x_wconf 80' lang='lat' dir='ltr'><strong>misericordia</strong></span> 
     </span>
    </p>
   </div>
   <div class='ocr_carea' id='block_1_52' title="bbox 993 1097 1818 1139">
    <p class='ocr_par' dir='ltr' id='par_1_52' title="bbox 993 1097 1818 1139">
     <span class='ocr_line' id='line_1_52' title="bbox 993 1097 1818 1139; baseline 0 -11"><span class='ocrx_word' id='word_1_350' title='bbox 993 1101 1041 1128; x_wconf 88' lang='lat' dir='ltr'><strong>tua</strong></span> <span class='ocrx_word' id='word_1_351' title='bbox 1050 1098 1065 1127; x_wconf 84' lang='lat'>?</span> <span class='ocrx_word' id='word_1_352' title='bbox 1076 1097 1228 1134; x_wconf 88' lang='lat' dir='ltr'><strong>Quomodo</strong></span> <span class='ocrx_word' id='word_1_353' title='bbox 1238 1108 1284 1129; x_wconf 89' lang='lat' dir='ltr'><strong>me</strong></span> <span class='ocrx_word' id='word_1_354' title='bbox 1297 1099 1460 1138; x_wconf 89' lang='lat' dir='ltr'><strong>impurum,</strong></span> <span class='ocrx_word' id='word_1_355' title='bbox 1474 1108 1521 1129; x_wconf 89' lang='lat' dir='ltr'><strong>me</strong></span> <span class='ocrx_word' id='word_1_356' title='bbox 1536 1098 1695 1139; x_wconf 90' lang='lat' dir='ltr'><strong>perditum,</strong></span> <span class='ocrx_word' id='word_1_357' title='bbox 1708 1098 1818 1129; x_wconf 91' lang='lat' dir='ltr'><strong>mefor-</strong></span> 
     </span>
    </p>
   </div>
   <div class='ocr_carea' id='block_1_53' title="bbox 992 1143 1817 1180">
    <p class='ocr_par' dir='ltr' id='par_1_53' title="bbox 992 1143 1817 1180">
     <span class='ocr_line' id='line_1_53' title="bbox 992 1143 1817 1180; baseline 0.001 -8"><span class='ocrx_word' id='word_1_358' title='bbox 992 1143 1147 1180; x_wconf 90' lang='lat' dir='ltr'><strong>nicarium,</strong></span> <span class='ocrx_word' id='word_1_359' title='bbox 1166 1143 1230 1174; x_wconf 90' lang='lat' dir='ltr'><strong>ﬁeri</strong></span> <span class='ocrx_word' id='word_1_360' title='bbox 1246 1143 1414 1174; x_wconf 81' lang='lat' dir='ltr'><strong>membrum</strong></span> <span class='ocrx_word' id='word_1_361' title='bbox 1425 1143 1628 1174; x_wconf 89' lang='lat' dir='ltr'><strong>tuumvoluisti</strong></span> <span class='ocrx_word' id='word_1_362' title='bbox 1640 1146 1654 1174; x_wconf 83' lang='lat'><strong>?</strong></span> <span class='ocrx_word' id='word_1_363' title='bbox 1665 1143 1817 1179; x_wconf 85' lang='lat' dir='ltr'><strong>Quomodo</strong></span> 
     </span>
    </p>
   </div>
   <div class='ocr_carea' id='block_1_54' title="bbox 991 1188 1816 1228">
    <p class='ocr_par' dir='ltr' id='par_1_54' title="bbox 991 1188 1816 1228">
     <span class='ocr_line' id='line_1_54' title="bbox 991 1188 1816 1228; baseline 0 -10"><span class='ocrx_word' id='word_1_364' title='bbox 991 1196 1038 1218; x_wconf 93' lang='lat' dir='ltr'><strong>me</strong></span> <span class='ocrx_word' id='word_1_365' title='bbox 1050 1188 1124 1218; x_wconf 87' lang='lat' dir='ltr'><strong>stola</strong></span> <span class='ocrx_word' id='word_1_366' title='bbox 1138 1188 1331 1228; x_wconf 88' lang='lat' dir='ltr'><strong>lucidissima,</strong></span> <span class='ocrx_word' id='word_1_367' title='bbox 1345 1188 1505 1228; x_wconf 90' lang='lat' dir='ltr'><strong>splendore</strong></span> <span class='ocrx_word' id='word_1_368' title='bbox 1515 1188 1745 1219; x_wconf 88' lang='lat' dir='ltr'><strong>immortalitatis</strong></span> <span class='ocrx_word' id='word_1_369' title='bbox 1763 1197 1816 1219; x_wconf 92' lang='lat' dir='ltr'><strong>co-</strong></span> 
     </span>
    </p>
   </div>
   <div class='ocr_carea' id='block_1_55' title="bbox 992 1233 1817 1270">
    <p class='ocr_par' dir='ltr' id='par_1_55' title="bbox 992 1233 1817 1270">
     <span class='ocr_line' id='line_1_55' title="bbox 992 1233 1817 1270; baseline 0.001 -8"><span class='ocrx_word' id='word_1_370' title='bbox 992 1237 1143 1270; x_wconf 84' lang='lat' dir='ltr'><strong>ruscante,</strong></span> <span class='ocrx_word' id='word_1_371' title='bbox 1160 1237 1188 1263; x_wconf 91' lang='lat' dir='ltr'><strong>et</strong></span> <span class='ocrx_word' id='word_1_372' title='bbox 1203 1233 1303 1264; x_wconf 87' lang='lat' dir='ltr'><strong>omnia</strong></span> <span class='ocrx_word' id='word_1_373' title='bbox 1320 1233 1455 1264; x_wconf 88' lang='lat' dir='ltr'><strong>membra</strong></span> <span class='ocrx_word' id='word_1_374' title='bbox 1478 1242 1542 1263; x_wconf 87' lang='lat' dir='ltr'><strong>mea</strong></span> <span class='ocrx_word' id='word_1_375' title='bbox 1557 1233 1657 1263; x_wconf 90' lang='lat' dir='ltr'><strong>lucida</strong></span> <span class='ocrx_word' id='word_1_376' title='bbox 1672 1233 1817 1264; x_wconf 90' lang='lat' dir='ltr'><strong>reddente</strong></span> 
     </span>
    </p>
   </div>
   <div class='ocr_carea' id='block_1_56' title="bbox 990 1277 1818 1318">
    <p class='ocr_par' dir='ltr' id='par_1_56' title="bbox 990 1277 1818 1318">
     <span class='ocr_line' id='line_1_56' title="bbox 990 1277 1818 1318; baseline 0.002 -12"><span class='ocrx_word' id='word_1_377' title='bbox 990 1277 1149 1308; x_wconf 73' lang='lat' dir='ltr'><strong>vestivisti?</strong></span> <span class='ocrx_word' id='word_1_378' title='bbox 1158 1278 1275 1309; x_wconf 86' lang='lat' dir='ltr'><strong>Etenim</strong></span> <span class='ocrx_word' id='word_1_379' title='bbox 1290 1287 1398 1318; x_wconf 91' lang='lat' dir='ltr'><strong>corpus</strong></span> <span class='ocrx_word' id='word_1_380' title='bbox 1411 1282 1492 1308; x_wconf 91' lang='lat' dir='ltr'><strong>tuum</strong></span> <span class='ocrx_word' id='word_1_381' title='bbox 1501 1278 1733 1313; x_wconf 80' lang='lat' dir='ltr'><strong>immaculatum.</strong></span> <span class='ocrx_word' id='word_1_382' title='bbox 1745 1278 1818 1308; x_wconf 80' lang='lat' dir='ltr'><strong>divi-</strong></span> 
     </span>
    </p>
   </div>
   <div class='ocr_carea' id='block_1_57' title="bbox 992 1323 1816 1364">
    <p class='ocr_par' dir='ltr' id='par_1_57' title="bbox 992 1323 1816 1364">
     <span class='ocr_line' id='line_1_57' title="bbox 992 1323 1816 1364; baseline 0.001 -11"><span class='ocrx_word' id='word_1_383' title='bbox 992 1332 1132 1364; x_wconf 88' lang='lat' dir='ltr'><strong>numque,</strong></span> <span class='ocrx_word' id='word_1_384' title='bbox 1151 1333 1209 1354; x_wconf 90' lang='lat' dir='ltr'><strong>non</strong></span> <span class='ocrx_word' id='word_1_385' title='bbox 1225 1324 1424 1363; x_wconf 86' lang='lat' dir='ltr'><strong>commistum,</strong></span> <span class='ocrx_word' id='word_1_386' title='bbox 1438 1329 1469 1355; x_wconf 91' lang='lat' dir='ltr'><strong>et</strong></span> <span class='ocrx_word' id='word_1_387' title='bbox 1478 1323 1665 1354; x_wconf 90' lang='lat' dir='ltr'><strong>commistum</strong></span> <span class='ocrx_word' id='word_1_388' title='bbox 1677 1323 1816 1354; x_wconf 82' lang='lat' dir='ltr'><strong>ineffabi-</strong></span> 
     </span>
    </p>
   </div>
   <div class='ocr_carea' id='block_1_58' title="bbox 992 1367 1815 1409">
    <p class='ocr_par' dir='ltr' id='par_1_58' title="bbox 992 1367 1815 1409">
     <span class='ocr_line' id='line_1_58' title="bbox 992 1367 1815 1409; baseline 0.002 -12"><span class='ocrx_word' id='word_1_389' title='bbox 992 1368 1070 1405; x_wconf 86' lang='lat' dir='ltr'><strong>liter,</strong></span> <span class='ocrx_word' id='word_1_390' title='bbox 1082 1372 1173 1399; x_wconf 89' lang='lat' dir='ltr'><strong>totum</strong></span> <span class='ocrx_word' id='word_1_391' title='bbox 1185 1368 1252 1408; x_wconf 76' lang='lat' dir='ltr'><strong>igne</strong></span> <span class='ocrx_word' id='word_1_392' title='bbox 1264 1368 1426 1399; x_wconf 83' lang='lat' dir='ltr'><strong>divinitatis</strong></span> <span class='ocrx_word' id='word_1_393' title='bbox 1437 1368 1573 1408; x_wconf 89' lang='lat' dir='ltr'><strong>fulgurat.</strong></span> <span class='ocrx_word' id='word_1_394' title='bbox 1586 1367 1620 1399; x_wconf 85' lang='lat' dir='ltr'><strong>Et</strong></span> <span class='ocrx_word' id='word_1_395' title='bbox 1631 1369 1687 1399; x_wconf 85' lang='lat' dir='ltr'><strong>hoc</strong></span> <span class='ocrx_word' id='word_1_396' title='bbox 1697 1378 1815 1409; x_wconf 88' lang='lat' dir='ltr'><strong>quoque</strong></span> 
     </span>
    </p>
   </div>
   <div class='ocr_carea' id='block_1_59' title="bbox 992 1411 1816 1453">
    <p class='ocr_par' dir='ltr' id='par_1_59' title="bbox 992 1411 1816 1453">
     <span class='ocr_line' id='line_1_59' title="bbox 992 1411 1816 1453; baseline 0.001 -11"><span class='ocrx_word' id='word_1_397' title='bbox 992 1411 1109 1442; x_wconf 84' lang='lat' dir='ltr'><strong>donasti</strong></span> <span class='ocrx_word' id='word_1_398' title='bbox 1125 1412 1212 1450; x_wconf 87' lang='lat' dir='ltr'><strong>mihi,</strong></span> <span class='ocrx_word' id='word_1_399' title='bbox 1228 1412 1307 1444; x_wconf 91' lang='lat' dir='ltr'><strong>Deus</strong></span> <span class='ocrx_word' id='word_1_400' title='bbox 1319 1422 1413 1443; x_wconf 91' lang='lat' dir='ltr'><strong>meus.</strong></span> <span class='ocrx_word' id='word_1_401' title='bbox 1431 1412 1508 1443; x_wconf 89' lang='lat' dir='ltr'><strong>Deus</strong></span> <span class='ocrx_word' id='word_1_402' title='bbox 1521 1422 1650 1453; x_wconf 86' lang='lat' dir='ltr'><strong>namque</strong></span> <span class='ocrx_word' id='word_1_403' title='bbox 1663 1413 1733 1443; x_wconf 88' lang='lat' dir='ltr'><strong>huic</strong></span> <span class='ocrx_word' id='word_1_404' title='bbox 1749 1422 1816 1443; x_wconf 91' lang='lat' dir='ltr'><strong>sor-</strong></span> 
     </span>
    </p>
   </div>
   <div class='ocr_carea' id='block_1_60' title="bbox 993 1455 1817 1494">
    <p class='ocr_par' dir='ltr' id='par_1_60' title="bbox 993 1455 1817 1494">
     <span class='ocr_line' id='line_1_60' title="bbox 993 1455 1817 1494; baseline 0.001 -8"><span class='ocrx_word' id='word_1_405' title='bbox 993 1455 1073 1494; x_wconf 87' lang='lat' dir='ltr'><strong>dido,</strong></span> <span class='ocrx_word' id='word_1_406' title='bbox 1085 1459 1113 1487; x_wconf 90' lang='lat' dir='ltr'><strong>et</strong></span> <span class='ocrx_word' id='word_1_407' title='bbox 1125 1457 1258 1487; x_wconf 91' lang='lat' dir='ltr'><strong>interitui</strong></span> <span class='ocrx_word' id='word_1_408' title='bbox 1270 1457 1397 1487; x_wconf 85' lang='lat' dir='ltr'><strong>obnoxio</strong></span> <span class='ocrx_word' id='word_1_409' title='bbox 1420 1456 1611 1488; x_wconf 89' lang='lat' dir='ltr'><strong>tabernaculo</strong></span> <span class='ocrx_word' id='word_1_410' title='bbox 1632 1466 1699 1488; x_wconf 88' lang='lat' dir='ltr'><strong>meo</strong></span> <span class='ocrx_word' id='word_1_411' title='bbox 1714 1457 1817 1488; x_wconf 92' lang='lat' dir='ltr'><strong>unitur</strong></span> 
     </span>
    </p>
   </div>
   <div class='ocr_carea' id='block_1_61' title="bbox 991 1501 1816 1541">
    <p class='ocr_par' dir='ltr' id='par_1_61' title="bbox 991 1501 1816 1541">
     <span class='ocr_line' id='line_1_61' title="bbox 991 1501 1816 1541; baseline 0.001 -10"><span class='ocrx_word' id='word_1_412' title='bbox 991 1510 1098 1541; x_wconf 89' lang='lat' dir='ltr'><strong>corpus</strong></span> <span class='ocrx_word' id='word_1_413' title='bbox 1127 1505 1207 1532; x_wconf 93' lang='lat' dir='ltr'><strong>tuum</strong></span> <span class='ocrx_word' id='word_1_414' title='bbox 1236 1501 1598 1539; x_wconf 85' lang='lat' dir='ltr'><strong>incontatninatissimum,</strong></span> <span class='ocrx_word' id='word_1_415' title='bbox 1630 1506 1659 1532; x_wconf 92' lang='lat' dir='ltr'><strong>et</strong></span> <span class='ocrx_word' id='word_1_416' title='bbox 1696 1501 1816 1540; x_wconf 82' lang='lat' dir='ltr'><strong>sanguis</strong></span> 
     </span>
    </p>
   </div>
   <div class='ocr_carea' id='block_1_62' title="bbox 991 1546 1816 1586">
    <p class='ocr_par' dir='ltr' id='par_1_62' title="bbox 991 1546 1816 1586">
     <span class='ocr_line' id='line_1_62' title="bbox 991 1546 1816 1586; baseline 0.001 -11"><span class='ocrx_word' id='word_1_417' title='bbox 991 1554 1075 1575; x_wconf 91' lang='lat' dir='ltr'><strong>meus</strong></span> <span class='ocrx_word' id='word_1_418' title='bbox 1088 1546 1286 1586; x_wconf 83' lang='lat' dir='ltr'><strong>permiscetur</strong></span> <span class='ocrx_word' id='word_1_419' title='bbox 1303 1546 1441 1586; x_wconf 88' lang='lat' dir='ltr'><strong>sanguini</strong></span> <span class='ocrx_word' id='word_1_420' title='bbox 1469 1551 1528 1583; x_wconf 84' lang='lat' dir='ltr'><strong>tuo,</strong></span> <span class='ocrx_word' id='word_1_421' title='bbox 1558 1551 1602 1577; x_wconf 87' lang='lat' dir='ltr'><strong>sat</strong></span> <span class='ocrx_word' id='word_1_422' title='bbox 1626 1546 1699 1583; x_wconf 92' lang='lat' dir='ltr'><strong>scio,</strong></span> <span class='ocrx_word' id='word_1_423' title='bbox 1718 1547 1816 1577; x_wconf 87' lang='lat' dir='ltr'><strong>unitus</strong></span> 
     </span>
    </p>
   </div>
   <div class='ocr_carea' id='block_1_63' title="bbox 122 1578 1816 1631">
    <p class='ocr_par' dir='ltr' id='par_1_63' title="bbox 122 1578 1816 1631">
     <span class='ocr_line' id='line_1_63' title="bbox 122 1578 1816 1631; baseline 0.001 -10"><span class='ocrx_word' id='word_1_424' title='bbox 122 1600 190 1622; x_wconf 90' lang='lat' dir='ltr'><strong>sum</strong></span> <span class='ocrx_word' id='word_1_425' title='bbox 203 1578 394 1630; x_wconf 50' lang='lat' dir='ltr'><strong>men-tem’qiie</strong></span> <span class='ocrx_word' id='word_1_426' title='bbox 404 1599 502 1621; x_wconf 90' lang='lat' dir='ltr'><strong>meam</strong></span> <span class='ocrx_word' id='word_1_427' title='bbox 515 1589 675 1620; x_wconf 90' lang='lat' dir='ltr'><strong>dilucidius</strong></span> <span class='ocrx_word' id='word_1_428' title='bbox 685 1578 841 1629; x_wconf 65' lang='lat' dir='ltr'><strong>exponam,</strong></span> <span class='ocrx_word' id='word_1_429' title='bbox 851 1589 880 1620; x_wconf 90' lang='lat' dir='ltr'><strong>in</strong></span> <span class='ocrx_word' id='word_1_430' title='bbox 888 1590 947 1621; x_wconf 91' lang='lat' dir='ltr'><strong>ﬁne</strong></span> <span class='ocrx_word' id='word_1_431' title='bbox 959 1578 978 1603; x_wconf 66' lang='grc' dir='ltr'>ε</span> <span class='ocrx_word' id='word_1_432' title='bbox 990 1598 1055 1619; x_wconf 90' lang='lat' dir='ltr'><strong>sum</strong></span> <span class='ocrx_word' id='word_1_433' title='bbox 1073 1578 1160 1621; x_wconf 63' lang='lat' dir='ltr'><strong>etiam</strong></span> <span class='ocrx_word' id='word_1_434' title='bbox 1177 1590 1324 1622; x_wconf 88' lang='lat' dir='ltr'><strong>divinitati</strong></span> <span class='ocrx_word' id='word_1_435' title='bbox 1342 1578 1407 1627; x_wconf 56' lang='lat' dir='ltr'><strong>tam,</strong></span> <span class='ocrx_word' id='word_1_436' title='bbox 1434 1595 1464 1622; x_wconf 90' lang='lat' dir='ltr'><strong>et</strong></span> <span class='ocrx_word' id='word_1_437' title='bbox 1487 1578 1611 1622; x_wconf 80' lang='lat' dir='ltr'><strong>affectus</strong></span> <span class='ocrx_word' id='word_1_438' title='bbox 1627 1578 1699 1621; x_wconf 43' lang='lat' dir='ltr'><strong>sum,</strong></span> <span class='ocrx_word' id='word_1_439' title='bbox 1708 1600 1816 1631; x_wconf 91' lang='lat' dir='ltr'><strong>corpus</strong></span> 
     </span>
    </p>
   </div>
   <div class='ocr_carea' id='block_1_64' title="bbox 121 1632 1815 1675">
    <p class='ocr_par' dir='ltr' id='par_1_64' title="bbox 121 1632 1815 1675">
     <span class='ocr_line' id='line_1_64' title="bbox 121 1632 1815 1675; baseline 0.001 -10"><span class='ocrx_word' id='word_1_440' title='bbox 121 1634 276 1666; x_wconf 87' lang='lat' dir='ltr'><strong>habebunt</strong></span> <span class='ocrx_word' id='word_1_441' title='bbox 290 1634 481 1674; x_wconf 89' lang='lat' dir='ltr'><strong>principium,</strong></span> <span class='ocrx_word' id='word_1_442' title='bbox 500 1638 528 1664; x_wconf 89' lang='lat' dir='ltr'><strong>et</strong></span> <span class='ocrx_word' id='word_1_443' title='bbox 543 1633 571 1664; x_wconf 92' lang='lat' dir='ltr'><strong>in</strong></span> <span class='ocrx_word' id='word_1_444' title='bbox 587 1632 732 1673; x_wconf 86' lang='lat' dir='ltr'><strong>principio</strong></span> <span class='ocrx_word' id='word_1_445' title='bbox 744 1633 845 1665; x_wconf 88' lang='lat' dir='ltr'><strong>ﬁnem.</strong></span> <span class='ocrx_word' id='word_1_446' title='bbox 859 1633 945 1664; x_wconf 88' lang='lat' dir='ltr'><strong>Plus-</strong></span> <span class='ocrx_word' id='word_1_447' title='bbox 988 1638 1071 1665; x_wconf 90' lang='lat' dir='ltr'><strong>tuum</strong></span> <span class='ocrx_word' id='word_1_448' title='bbox 1079 1635 1815 1675; x_wconf 87' lang='lat' dir='ltr'><strong>mundissimum,membrumfulgidum,membrum</strong></span> 
     </span>
    </p>
   </div>
   <div class='ocr_carea' id='block_1_65' title="bbox 122 1677 1815 1720">
    <p class='ocr_par' dir='ltr' id='par_1_65' title="bbox 122 1677 1815 1720">
     <span class='ocr_line' id='line_1_65' title="bbox 122 1677 1815 1720; baseline 0.001 -11"><span class='ocrx_word' id='word_1_449' title='bbox 122 1689 210 1719; x_wconf 88' lang='lat' dir='ltr'><strong>quam</strong></span> <span class='ocrx_word' id='word_1_450' title='bbox 227 1679 348 1719; x_wconf 88' lang='lat' dir='ltr'><strong>plenum</strong></span> <span class='ocrx_word' id='word_1_451' title='bbox 365 1679 497 1718; x_wconf 81' lang='lat' dir='ltr'><strong>intelligc</strong></span> <span class='ocrx_word' id='word_1_452' title='bbox 514 1679 597 1715; x_wconf 88' lang='lat' dir='ltr'><strong>mihi,</strong></span> <span class='ocrx_word' id='word_1_453' title='bbox 629 1682 658 1707; x_wconf 77' lang='lat' dir='ltr'><strong>et</strong></span> <span class='ocrx_word' id='word_1_454' title='bbox 674 1677 853 1708; x_wconf 84' lang='lat' dir='ltr'><strong>accessionis</strong></span> <span class='ocrx_word' id='word_1_455' title='bbox 869 1678 947 1709; x_wconf 86' lang='lat' dir='ltr'><strong>haud</strong></span> <span class='ocrx_word' id='word_1_456' title='bbox 987 1687 1055 1709; x_wconf 86' lang='lat' dir='ltr'><strong>vere</strong></span> <span class='ocrx_word' id='word_1_457' title='bbox 1070 1684 1216 1717; x_wconf 87' lang='lat' dir='ltr'><strong>sanctum,</strong></span> <span class='ocrx_word' id='word_1_458' title='bbox 1236 1680 1402 1711; x_wconf 91' lang='lat' dir='ltr'><strong>membrum</strong></span> <span class='ocrx_word' id='word_1_459' title='bbox 1420 1681 1508 1720; x_wconf 85' lang='lat' dir='ltr'><strong>longe</strong></span> <span class='ocrx_word' id='word_1_460' title='bbox 1529 1681 1664 1718; x_wconf 87' lang='lat' dir='ltr'><strong>rutilans,</strong></span> <span class='ocrx_word' id='word_1_461' title='bbox 1687 1681 1815 1720; x_wconf 89' lang='lat' dir='ltr'><strong>pelluci-</strong></span> 
     </span>
    </p>
   </div>
   <div class='ocr_carea' id='block_1_66' title="bbox 123 1723 946 1763">
    <p class='ocr_par' dir='ltr' id='par_1_66' title="bbox 123 1723 946 1763">
     <span class='ocr_line' id='line_1_66' title="bbox 123 1723 946 1763; baseline -0.001 -9"><span class='ocrx_word' id='word_1_462' title='bbox 123 1724 272 1763; x_wconf 82' lang='lat' dir='ltr'><strong>indigum,</strong></span> <span class='ocrx_word' id='word_1_463' title='bbox 289 1728 318 1754; x_wconf 90' lang='lat' dir='ltr'><strong>et</strong></span> <span class='ocrx_word' id='word_1_464' title='bbox 328 1724 378 1763; x_wconf 92' lang='lat' dir='ltr'><strong>qui</strong></span> <span class='ocrx_word' id='word_1_465' title='bbox 390 1728 523 1762; x_wconf 87' lang='lat' dir='ltr'><strong>currunt,</strong></span> <span class='ocrx_word' id='word_1_466' title='bbox 535 1733 586 1754; x_wconf 89' lang='lat' dir='ltr'><strong>eos</strong></span> <span class='ocrx_word' id='word_1_467' title='bbox 600 1723 689 1753; x_wconf 81' lang='lat' dir='ltr'><strong>finem</strong></span> <span class='ocrx_word' id='word_1_468' title='bbox 702 1723 807 1753; x_wconf 87' lang='lat' dir='ltr'><strong>inﬁniti</strong></span> <span class='ocrx_word' id='word_1_469' title='bbox 823 1732 881 1753; x_wconf 93' lang='lat' dir='ltr'><strong>non</strong></span> <span class='ocrx_word' id='word_1_470' title='bbox 893 1732 946 1753; x_wconf 91' lang='lat' dir='ltr'><strong>an-</strong></span> 
     </span>
    </p>
   </div>
   <div class='ocr_carea' id='block_1_67' title="bbox 123 1767 950 1808">
    <p class='ocr_par' dir='ltr' id='par_1_67' title="bbox 123 1767 950 1808">
     <span class='ocr_line' id='line_1_67' title="bbox 123 1767 950 1808; baseline -0.001 -10"><span class='ocrx_word' id='word_1_471' title='bbox 123 1773 281 1800; x_wconf 88' lang='lat' dir='ltr'><strong>tevertere.</strong></span> <span class='ocrx_word' id='word_1_472' title='bbox 298 1768 330 1800; x_wconf 88' lang='lat' dir='ltr'><strong>Si</strong></span> <span class='ocrx_word' id='word_1_473' title='bbox 345 1778 474 1808; x_wconf 89' lang='lat' dir='ltr'><strong>namque</strong></span> <span class='ocrx_word' id='word_1_474' title='bbox 488 1771 620 1800; x_wconf 51' lang='lat' dir='ltr'><strong>transeat</strong></span> <span class='ocrx_word' id='word_1_475' title='bbox 642 1767 748 1798; x_wconf 70' lang='lat' dir='ltr'><strong>cmltam</strong></span> <span class='ocrx_word' id='word_1_476' title='bbox 766 1767 856 1808; x_wconf 87' lang='lat' dir='ltr'><strong>istud,</strong></span> <span class='ocrx_word' id='word_1_477' title='bbox 873 1767 950 1808; x_wconf 84' lang='lat' dir='ltr'><strong>quod</strong></span> 
     </span>
    </p>
   </div>
   <div class='ocr_carea' id='block_1_68' title="bbox 125 1812 951 1853">
    <p class='ocr_par' dir='ltr' id='par_1_68' title="bbox 125 1812 951 1853">
     <span class='ocr_line' id='line_1_68' title="bbox 125 1812 951 1853; baseline -0.002 -9"><span class='ocrx_word' id='word_1_478' title='bbox 125 1814 260 1844; x_wconf 85' lang='lat' dir='ltr'><strong>videmus</strong></span> <span class='ocrx_word' id='word_1_479' title='bbox 275 1817 304 1844; x_wconf 90' lang='lat' dir='ltr'><strong>et</strong></span> <span class='ocrx_word' id='word_1_480' title='bbox 319 1817 409 1851; x_wconf 89' lang='lat' dir='ltr'><strong>terra,</strong></span> <span class='ocrx_word' id='word_1_481' title='bbox 427 1819 457 1844; x_wconf 87' lang='lat' dir='ltr'><strong>et.</strong></span> <span class='ocrx_word' id='word_1_482' title='bbox 485 1822 549 1853; x_wconf 78' lang='lat' dir='ltr'><strong>quae</strong></span> <span class='ocrx_word' id='word_1_483' title='bbox 575 1812 605 1843; x_wconf 93' lang='lat' dir='ltr'><strong>in</strong></span> <span class='ocrx_word' id='word_1_484' title='bbox 630 1821 664 1843; x_wconf 89' lang='lat' dir='ltr'><strong>ea</strong></span> <span class='ocrx_word' id='word_1_485' title='bbox 678 1816 747 1842; x_wconf 89' lang='lat' dir='ltr'><strong>sunt</strong></span> <span class='ocrx_word' id='word_1_486' title='bbox 761 1812 862 1843; x_wconf 84' lang='lat' dir='ltr'><strong>omnia</strong></span> <span class='ocrx_word' id='word_1_487' title='bbox 877 1821 951 1843; x_wconf 86' lang='lat' dir='ltr'><strong>con-</strong></span> 
     </span>
    </p>
   </div>
   <div class='ocr_carea' id='block_1_69' title="bbox 119 1856 952 1898">
    <p class='ocr_par' dir='ltr' id='par_1_69' title="bbox 119 1856 952 1898">
     <span class='ocr_line' id='line_1_69' title="bbox 119 1856 952 1898; baseline -0.004 -9"><span class='ocrx_word' id='word_1_488' title='bbox 119 1859 202 1898; x_wconf 87' lang='lat' dir='ltr'><strong>jecta</strong></span> <span class='ocrx_word' id='word_1_489' title='bbox 216 1858 296 1898; x_wconf 91' lang='lat' dir='ltr'><strong>quod</strong></span> <span class='ocrx_word' id='word_1_490' title='bbox 312 1858 383 1891; x_wconf 84' lang='lat' dir='ltr'><strong>dixi)</strong></span> <span class='ocrx_word' id='word_1_491' title='bbox 398 1858 455 1889; x_wconf 84' lang='lat' dir='ltr'><strong>erit</strong></span> <span class='ocrx_word' id='word_1_492' title='bbox 470 1857 527 1888; x_wconf 91' lang='lat' dir='ltr'><strong>loci</strong></span> <span class='ocrx_word' id='word_1_493' title='bbox 544 1857 786 1898; x_wconf 88' lang='lat' dir='ltr'><strong>comprehensio,</strong></span> <span class='ocrx_word' id='word_1_494' title='bbox 801 1857 850 1887; x_wconf 89' lang='lat' dir='ltr'><strong>ubi</strong></span> <span class='ocrx_word' id='word_1_495' title='bbox 863 1856 952 1887; x_wconf 89' lang='lat' dir='ltr'><strong>ﬁnem</strong></span> 
     </span>
    </p>
   </div>
   <div class='ocr_carea' id='block_1_70' title="bbox 125 1901 952 1942">
    <p class='ocr_par' dir='ltr' id='par_1_70' title="bbox 125 1901 952 1942">
     <span class='ocr_line' id='line_1_70' title="bbox 125 1901 952 1942; baseline -0.002 -9"><span class='ocrx_word' id='word_1_496' title='bbox 125 1903 274 1939; x_wconf 82' lang='lat' dir='ltr'><strong>invenies,</strong></span> <span class='ocrx_word' id='word_1_497' title='bbox 290 1912 349 1933; x_wconf 93' lang='lat' dir='ltr'><strong>non</strong></span> <span class='ocrx_word' id='word_1_498' title='bbox 362 1903 428 1933; x_wconf 91' lang='lat' dir='ltr'><strong>dico</strong></span> <span class='ocrx_word' id='word_1_499' title='bbox 438 1911 625 1942; x_wconf 89' lang='lat' dir='ltr'><strong>corporeum,</strong></span> <span class='ocrx_word' id='word_1_500' title='bbox 639 1901 689 1932; x_wconf 90' lang='lat' dir='ltr'><strong>sed</strong></span> <span class='ocrx_word' id='word_1_501' title='bbox 705 1901 803 1932; x_wconf 91' lang='lat' dir='ltr'><strong>animo</strong></span> <span class='ocrx_word' id='word_1_502' title='bbox 821 1901 952 1941; x_wconf 90' lang='lat' dir='ltr'><strong>plenitu-</strong></span> 
     </span>
    </p>
   </div>
   <div class='ocr_carea' id='block_1_71' title="bbox 125 1946 950 1987">
    <p class='ocr_par' dir='ltr' id='par_1_71' title="bbox 125 1946 950 1987">
     <span class='ocr_line' id='line_1_71' title="bbox 125 1946 950 1987; baseline 0 -10"><span class='ocrx_word' id='word_1_503' title='bbox 125 1947 224 1978; x_wconf 91' lang='lat' dir='ltr'><strong>dinem</strong></span> <span class='ocrx_word' id='word_1_504' title='bbox 250 1947 354 1978; x_wconf 92' lang='lat' dir='ltr'><strong>mundi</strong></span> <span class='ocrx_word' id='word_1_505' title='bbox 370 1947 537 1987; x_wconf 88' lang='lat' dir='ltr'><strong>incorporei</strong></span> <span class='ocrx_word' id='word_1_506' title='bbox 554 1946 666 1987; x_wconf 82' lang='lat' dir='ltr'><strong>poteris</strong></span> <span class='ocrx_word' id='word_1_507' title='bbox 682 1946 950 1986; x_wconf 83' lang='lat' dir='ltr'><strong>comprehendere.</strong></span> 
     </span>
    </p>
   </div>
   <div class='ocr_carea' id='block_1_72' title="bbox 123 1991 951 2031">
    <p class='ocr_par' dir='ltr' id='par_1_72' title="bbox 123 1991 951 2031">
     <span class='ocr_line' id='line_1_72' title="bbox 123 1991 951 2031; baseline 0 -9"><span class='ocrx_word' id='word_1_508' title='bbox 123 1991 187 2023; x_wconf 92' lang='lat' dir='ltr'><strong>Non</strong></span> <span class='ocrx_word' id='word_1_509' title='bbox 200 1995 244 2022; x_wconf 92' lang='lat' dir='ltr'><strong>est</strong></span> <span class='ocrx_word' id='word_1_510' title='bbox 258 1997 354 2022; x_wconf 89' lang='lat' dir='ltr'><strong>autem</strong></span> <span class='ocrx_word' id='word_1_511' title='bbox 368 1992 506 2029; x_wconf 90' lang='lat' dir='ltr'><strong>mundus,</strong></span> <span class='ocrx_word' id='word_1_512' title='bbox 530 1991 585 2022; x_wconf 86' lang='lat' dir='ltr'><strong>sed</strong></span> <span class='ocrx_word' id='word_1_513' title='bbox 602 2001 664 2031; x_wconf 82' lang='lat' dir='ltr'><strong>aer,</strong></span> <span class='ocrx_word' id='word_1_514' title='bbox 681 1991 755 2021; x_wconf 83' lang='lat' dir='ltr'><strong>sicut</strong></span> <span class='ocrx_word' id='word_1_515' title='bbox 769 1995 854 2021; x_wconf 87' lang='lat' dir='ltr'><strong>antea</strong></span> <span class='ocrx_word' id='word_1_516' title='bbox 871 1999 878 2022; x_wconf 89' lang='lat'><strong>:</strong></span> <span class='ocrx_word' id='word_1_517' title='bbox 897 2000 951 2022; x_wconf 91' lang='lat' dir='ltr'><strong>nec</strong></span> 
     </span>
    </p>
   </div>
   <div class='ocr_carea' id='block_1_73' title="bbox 121 2035 951 2077">
    <p class='ocr_par' dir='ltr' id='par_1_73' title="bbox 121 2035 951 2077">
     <span class='ocr_line' id='line_1_73' title="bbox 121 2035 951 2077; baseline -0.002 -10"><span class='ocrx_word' id='word_1_518' title='bbox 121 2046 184 2077; x_wconf 90' lang='lat' dir='ltr'><strong>aer,</strong></span> <span class='ocrx_word' id='word_1_519' title='bbox 191 2037 242 2067; x_wconf 89' lang='lat' dir='ltr'><strong>sed</strong></span> <span class='ocrx_word' id='word_1_520' title='bbox 250 2036 459 2068; x_wconf 87' lang='lat' dir='ltr'><strong>inenarrabilis</strong></span> <span class='ocrx_word' id='word_1_521' title='bbox 467 2037 556 2077; x_wconf 89' lang='lat' dir='ltr'><strong>(quod</strong></span> <span class='ocrx_word' id='word_1_522' title='bbox 566 2037 735 2069; x_wconf 89' lang='lat' dir='ltr'><strong>universum</strong></span> <span class='ocrx_word' id='word_1_523' title='bbox 744 2036 859 2076; x_wconf 83' lang='lat' dir='ltr'><strong>vocant)</strong></span> <span class='ocrx_word' id='word_1_524' title='bbox 868 2035 951 2076; x_wconf 76' lang='lat' dir='ltr'><strong>abys-</strong></span> 
     </span>
    </p>
   </div>
   <div class='ocr_carea' id='block_1_74' title="bbox 121 2081 948 2122">
    <p class='ocr_par' dir='ltr' id='par_1_74' title="bbox 121 2081 948 2122">
     <span class='ocr_line' id='line_1_74' title="bbox 121 2081 948 2122; baseline 0 -10"><span class='ocrx_word' id='word_1_525' title='bbox 121 2091 171 2112; x_wconf 92' lang='lat' dir='ltr'><strong>sus</strong></span> <span class='ocrx_word' id='word_1_526' title='bbox 183 2082 242 2112; x_wconf 91' lang='lat' dir='ltr'><strong>ﬁne</strong></span> <span class='ocrx_word' id='word_1_527' title='bbox 255 2091 361 2112; x_wconf 89' lang='lat' dir='ltr'><strong>carens</strong></span> <span class='ocrx_word' id='word_1_528' title='bbox 375 2083 503 2122; x_wconf 82' lang='lat' dir='ltr'><strong>penitus;</strong></span> <span class='ocrx_word' id='word_1_529' title='bbox 523 2081 675 2122; x_wconf 78' lang='lat' dir='ltr'><strong>aequaliter</strong></span> <span class='ocrx_word' id='word_1_530' title='bbox 689 2081 822 2120; x_wconf 90' lang='lat' dir='ltr'><strong>undique</strong></span> <span class='ocrx_word' id='word_1_531' title='bbox 837 2085 895 2111; x_wconf 87' lang='lat' dir='ltr'><strong>tota</strong></span> <span class='ocrx_word' id='word_1_532' title='bbox 914 2090 948 2112; x_wconf 85' lang='lat' dir='ltr'><strong>ex</strong></span> 
     </span>
    </p>
   </div>
   <div class='ocr_carea' id='block_1_75' title="bbox 122 2127 945 2168">
    <p class='ocr_par' dir='ltr' id='par_1_75' title="bbox 122 2127 945 2168">
     <span class='ocr_line' id='line_1_75' title="bbox 122 2127 945 2168; baseline -0.001 -10"><span class='ocrx_word' id='word_1_533' title='bbox 122 2127 254 2168; x_wconf 85' lang='lat' dir='ltr'><strong>partibus</strong></span> <span class='ocrx_word' id='word_1_534' title='bbox 269 2128 413 2168; x_wconf 86' lang='lat' dir='ltr'><strong>utrisque.</strong></span> <span class='ocrx_word' id='word_1_535' title='bbox 431 2128 493 2159; x_wconf 87' lang='lat' dir='ltr'><strong>Hoc</strong></span> <span class='ocrx_word' id='word_1_536' title='bbox 518 2137 605 2159; x_wconf 90' lang='lat' dir='ltr'><strong>omne</strong></span> <span class='ocrx_word' id='word_1_537' title='bbox 632 2128 783 2158; x_wconf 87' lang='lat' dir='ltr'><strong>divinitate</strong></span> <span class='ocrx_word' id='word_1_538' title='bbox 799 2128 945 2167; x_wconf 91' lang='lat' dir='ltr'><strong>repletum</strong></span> 
     </span>
    </p>
   </div>
   <div class='ocr_carea' id='block_1_76' title="bbox 993 1723 1816 1766">
    <p class='ocr_par' dir='ltr' id='par_1_76' title="bbox 993 1723 1816 1766">
     <span class='ocr_line' id='line_1_76' title="bbox 993 1723 1816 1766; baseline 0.004 -13"><span class='ocrx_word' id='word_1_539' title='bbox 993 1723 1076 1760; x_wconf 91' lang='lat' dir='ltr'><strong>dum,</strong></span> <span class='ocrx_word' id='word_1_540' title='bbox 1096 1729 1125 1755; x_wconf 91' lang='lat' dir='ltr'><strong>et</strong></span> <span class='ocrx_word' id='word_1_541' title='bbox 1139 1725 1311 1765; x_wconf 88' lang='lat' dir='ltr'><strong>splendens.</strong></span> <span class='ocrx_word' id='word_1_542' title='bbox 1328 1725 1421 1756; x_wconf 89' lang='lat' dir='ltr'><strong>Video</strong></span> <span class='ocrx_word' id='word_1_543' title='bbox 1438 1725 1705 1766; x_wconf 85' lang='lat' dir='ltr'><strong>pulchritudinem,</strong></span> <span class='ocrx_word' id='word_1_544' title='bbox 1731 1725 1816 1756; x_wconf 89' lang='lat' dir='ltr'><strong>video</strong></span> 
     </span>
    </p>
   </div>
   <div class='ocr_carea' id='block_1_77' title="bbox 993 1768 1815 1810">
    <p class='ocr_par' dir='ltr' id='par_1_77' title="bbox 993 1768 1815 1810">
     <span class='ocr_line' id='line_1_77' title="bbox 993 1768 1815 1810; baseline 0.005 -13"><span class='ocrx_word' id='word_1_545' title='bbox 993 1768 1196 1808; x_wconf 84' lang='lat' dir='ltr'><strong>splendorem,</strong></span> <span class='ocrx_word' id='word_1_546' title='bbox 1209 1770 1239 1800; x_wconf 91' lang='lat' dir='ltr'><strong>in</strong></span> <span class='ocrx_word' id='word_1_547' title='bbox 1251 1770 1372 1810; x_wconf 90' lang='lat' dir='ltr'><strong>speculo</strong></span> <span class='ocrx_word' id='word_1_548' title='bbox 1383 1771 1484 1810; x_wconf 70' lang='lat' dir='ltr'><strong>gratiae</strong></span> <span class='ocrx_word' id='word_1_549' title='bbox 1495 1774 1551 1801; x_wconf 62' lang='lat' dir='ltr'><strong>tua;</strong></span> <span class='ocrx_word' id='word_1_550' title='bbox 1570 1770 1670 1801; x_wconf 93' lang='lat' dir='ltr'><strong>lumen</strong></span> <span class='ocrx_word' id='word_1_551' title='bbox 1687 1770 1815 1809; x_wconf 87' lang='lat' dir='ltr'><strong>intueor,</strong></span> 
     </span>
    </p>
   </div>
   <div class='ocr_carea' id='block_1_78' title="bbox 995 1812 1817 1855">
    <p class='ocr_par' dir='ltr' id='par_1_78' title="bbox 995 1812 1817 1855">
     <span class='ocr_line' id='line_1_78' title="bbox 995 1812 1817 1855; baseline 0.005 -13"><span class='ocrx_word' id='word_1_552' title='bbox 995 1817 1023 1843; x_wconf 89' lang='lat' dir='ltr'><strong>et</strong></span> <span class='ocrx_word' id='word_1_553' title='bbox 1037 1812 1279 1853; x_wconf 71' lang='lat' dir='ltr'><strong>inexplicabilem</strong></span> <span class='ocrx_word' id='word_1_554' title='bbox 1296 1815 1441 1854; x_wconf 78' lang='lat' dir='ltr'><strong>fulgorem</strong></span> <span class='ocrx_word' id='word_1_555' title='bbox 1468 1815 1656 1855; x_wconf 88' lang='lat' dir='ltr'><strong>obstupesco,</strong></span> <span class='ocrx_word' id='word_1_556' title='bbox 1674 1819 1703 1846; x_wconf 87' lang='lat' dir='ltr'><strong>et</strong></span> <span class='ocrx_word' id='word_1_557' title='bbox 1718 1820 1817 1846; x_wconf 88' lang='lat' dir='ltr'><strong>mente</strong></span> 
     </span>
    </p>
   </div>
   <div class='ocr_carea' id='block_1_79' title="bbox 995 1859 1817 1901">
    <p class='ocr_par' dir='ltr' id='par_1_79' title="bbox 995 1859 1817 1901">
     <span class='ocr_line' id='line_1_79' title="bbox 995 1859 1817 1901; baseline 0.004 -13"><span class='ocrx_word' id='word_1_558' title='bbox 995 1859 1117 1899; x_wconf 76' lang='lat' dir='ltr'><strong>excedo,</strong></span> <span class='ocrx_word' id='word_1_559' title='bbox 1135 1859 1205 1890; x_wconf 91' lang='lat' dir='ltr'><strong>dum</strong></span> <span class='ocrx_word' id='word_1_560' title='bbox 1233 1860 1448 1897; x_wconf 86' lang='lat' dir='ltr'><strong>animadverto,</strong></span> <span class='ocrx_word' id='word_1_561' title='bbox 1475 1861 1569 1901; x_wconf 90' lang='lat' dir='ltr'><strong>qualis</strong></span> <span class='ocrx_word' id='word_1_562' title='bbox 1584 1861 1701 1898; x_wconf 89' lang='lat' dir='ltr'><strong>fuerim,</strong></span> <span class='ocrx_word' id='word_1_563' title='bbox 1722 1861 1817 1901; x_wconf 93' lang='lat' dir='ltr'><strong>qualis</strong></span> 
     </span>
    </p>
   </div>
   <div class='ocr_carea' id='block_1_80' title="bbox 994 1902 1815 1944">
    <p class='ocr_par' dir='ltr' id='par_1_80' title="bbox 994 1902 1815 1944">
     <span class='ocr_line' id='line_1_80' title="bbox 994 1902 1815 1944; baseline 0.004 -11"><span class='ocrx_word' id='word_1_564' title='bbox 994 1902 1087 1934; x_wconf 82' lang='lat' dir='ltr'><strong>factus</strong></span> <span class='ocrx_word' id='word_1_565' title='bbox 1099 1903 1153 1934; x_wconf 93' lang='lat' dir='ltr'><strong>sim</strong></span> <span class='ocrx_word' id='word_1_566' title='bbox 1164 1904 1341 1935; x_wconf 89' lang='lat' dir='ltr'><strong>mirabiliter</strong></span> <span class='ocrx_word' id='word_1_567' title='bbox 1357 1914 1364 1936; x_wconf 89' lang='lat'><strong>:</strong></span> <span class='ocrx_word' id='word_1_568' title='bbox 1389 1909 1417 1935; x_wconf 89' lang='lat' dir='ltr'><strong>et</strong></span> <span class='ocrx_word' id='word_1_569' title='bbox 1431 1905 1532 1944; x_wconf 88' lang='lat' dir='ltr'><strong>timeo,</strong></span> <span class='ocrx_word' id='word_1_570' title='bbox 1550 1910 1579 1936; x_wconf 91' lang='lat' dir='ltr'><strong>et</strong></span> <span class='ocrx_word' id='word_1_571' title='bbox 1593 1915 1734 1936; x_wconf 89' lang='lat' dir='ltr'><strong>revereor</strong></span> <span class='ocrx_word' id='word_1_572' title='bbox 1748 1915 1815 1936; x_wconf 88' lang='lat' dir='ltr'><strong>me-</strong></span> 
     </span>
    </p>
   </div>
   <div class='ocr_carea' id='block_1_81' title="bbox 992 1947 1816 1992">
    <p class='ocr_par' dir='ltr' id='par_1_81' title="bbox 992 1947 1816 1992">
     <span class='ocr_line' id='line_1_81' title="bbox 992 1947 1816 1992; baseline 0.005 -14"><span class='ocrx_word' id='word_1_573' title='bbox 992 1947 1100 1988; x_wconf 90' lang='lat' dir='ltr'><strong>ipsum,</strong></span> <span class='ocrx_word' id='word_1_574' title='bbox 1118 1953 1146 1979; x_wconf 88' lang='lat' dir='ltr'><strong>et</strong></span> <span class='ocrx_word' id='word_1_575' title='bbox 1161 1953 1297 1990; x_wconf 86' lang='lat' dir='ltr'><strong>tanquam</strong></span> <span class='ocrx_word' id='word_1_576' title='bbox 1316 1955 1344 1980; x_wconf 87' lang='lat' dir='ltr'><strong>te</strong></span> <span class='ocrx_word' id='word_1_577' title='bbox 1360 1959 1498 1981; x_wconf 89' lang='lat' dir='ltr'><strong>revereor</strong></span> <span class='ocrx_word' id='word_1_578' title='bbox 1517 1960 1550 1981; x_wconf 89' lang='lat' dir='ltr'><strong>ac</strong></span> <span class='ocrx_word' id='word_1_579' title='bbox 1573 1955 1682 1992; x_wconf 90' lang='lat' dir='ltr'><strong>metuo,</strong></span> <span class='ocrx_word' id='word_1_580' title='bbox 1701 1955 1730 1981; x_wconf 89' lang='lat' dir='ltr'><strong>et</strong></span> <span class='ocrx_word' id='word_1_581' title='bbox 1745 1960 1816 1991; x_wconf 90' lang='lat' dir='ltr'><strong>per-</strong></span> 
     </span>
    </p>
   </div>
   <div class='ocr_carea' id='block_1_82' title="bbox 993 1993 1814 2036">
    <p class='ocr_par' dir='ltr' id='par_1_82' title="bbox 993 1993 1814 2036">
     <span class='ocr_line' id='line_1_82' title="bbox 993 1993 1814 2036; baseline 0.005 -13"><span class='ocrx_word' id='word_1_582' title='bbox 993 1993 1096 2032; x_wconf 88' lang='lat' dir='ltr'><strong>plexus</strong></span> <span class='ocrx_word' id='word_1_583' title='bbox 1107 2003 1184 2031; x_wconf 91' lang='lat' dir='ltr'><strong>sum,</strong></span> <span class='ocrx_word' id='word_1_584' title='bbox 1198 1998 1226 2025; x_wconf 90' lang='lat' dir='ltr'><strong>et</strong></span> <span class='ocrx_word' id='word_1_585' title='bbox 1239 1995 1360 2025; x_wconf 91' lang='lat' dir='ltr'><strong>omnino</strong></span> <span class='ocrx_word' id='word_1_586' title='bbox 1372 2004 1478 2025; x_wconf 91' lang='lat' dir='ltr'><strong>vereor</strong></span> <span class='ocrx_word' id='word_1_587' title='bbox 1489 1995 1538 2026; x_wconf 90' lang='lat' dir='ltr'><strong>ubi</strong></span> <span class='ocrx_word' id='word_1_588' title='bbox 1547 1996 1680 2032; x_wconf 83' lang='lat' dir='ltr'><strong>sedeam,</strong></span> <span class='ocrx_word' id='word_1_589' title='bbox 1697 1996 1745 2027; x_wconf 90' lang='lat' dir='ltr'><strong>cui</strong></span> <span class='ocrx_word' id='word_1_590' title='bbox 1760 2005 1814 2036; x_wconf 89' lang='lat' dir='ltr'><strong>ap-</strong></span> 
     </span>
    </p>
   </div>
   <div class='ocr_carea' id='block_1_83' title="bbox 994 2039 1816 2080">
    <p class='ocr_par' dir='ltr' id='par_1_83' title="bbox 994 2039 1816 2080">
     <span class='ocr_line' id='line_1_83' title="bbox 994 2039 1816 2080; baseline 0.004 -12"><span class='ocrx_word' id='word_1_591' title='bbox 994 2039 1199 2079; x_wconf 85' lang='lat' dir='ltr'><strong>propinquem,</strong></span> <span class='ocrx_word' id='word_1_592' title='bbox 1218 2039 1307 2070; x_wconf 89' lang='lat' dir='ltr'><strong>etubi</strong></span> <span class='ocrx_word' id='word_1_593' title='bbox 1318 2039 1452 2070; x_wconf 87' lang='lat' dir='ltr'><strong>membra</strong></span> <span class='ocrx_word' id='word_1_594' title='bbox 1461 2044 1509 2070; x_wconf 88' lang='lat' dir='ltr'><strong>tua</strong></span> <span class='ocrx_word' id='word_1_595' title='bbox 1527 2040 1683 2078; x_wconf 89' lang='lat' dir='ltr'><strong>reclinem,</strong></span> <span class='ocrx_word' id='word_1_596' title='bbox 1699 2040 1736 2071; x_wconf 85' lang='lat' dir='ltr'><strong>ad</strong></span> <span class='ocrx_word' id='word_1_597' title='bbox 1751 2050 1816 2080; x_wconf 84' lang='lat' dir='ltr'><strong>quae</strong></span> 
     </span>
    </p>
   </div>
   <div class='ocr_carea' id='block_1_84' title="bbox 990 2083 1815 2124">
    <p class='ocr_par' dir='ltr' id='par_1_84' title="bbox 990 2083 1815 2124">
     <span class='ocr_line' id='line_1_84' title="bbox 990 2083 1815 2124; baseline 0.004 -11"><span class='ocrx_word' id='word_1_598' title='bbox 990 2092 1090 2122; x_wconf 89' lang='lat' dir='ltr'><strong>opera,</strong></span> <span class='ocrx_word' id='word_1_599' title='bbox 1108 2083 1143 2113; x_wconf 87' lang='lat' dir='ltr'><strong>ad</strong></span> <span class='ocrx_word' id='word_1_600' title='bbox 1160 2092 1234 2124; x_wconf 87' lang='lat' dir='ltr'><strong>quas</strong></span> <span class='ocrx_word' id='word_1_601' title='bbox 1257 2084 1390 2114; x_wconf 88' lang='lat' dir='ltr'><strong>actiones</strong></span> <span class='ocrx_word' id='word_1_602' title='bbox 1415 2089 1473 2114; x_wconf 85' lang='lat' dir='ltr'><strong>tam</strong></span> <span class='ocrx_word' id='word_1_603' title='bbox 1503 2085 1723 2115; x_wconf 84' lang='lat' dir='ltr'><strong>venerabilibus</strong></span> <span class='ocrx_word' id='word_1_604' title='bbox 1738 2085 1815 2116; x_wconf 88' lang='lat' dir='ltr'><strong>divi-</strong></span> 
     </span>
    </p>
   </div>
   <div class='ocr_carea' id='block_1_85' title="bbox 989 2127 1816 2170">
    <p class='ocr_par' dir='ltr' id='par_1_85' title="bbox 989 2127 1816 2170">
     <span class='ocr_line' id='line_1_85' title="bbox 989 2127 1816 2170; baseline 0.004 -13"><span class='ocrx_word' id='word_1_605' title='bbox 989 2127 1093 2168; x_wconf 90' lang='lat' dir='ltr'><strong>nisque</strong></span> <span class='ocrx_word' id='word_1_606' title='bbox 1104 2128 1246 2159; x_wconf 87' lang='lat' dir='ltr'><strong>membris</strong></span> <span class='ocrx_word' id='word_1_607' title='bbox 1258 2129 1376 2160; x_wconf 84' lang='lat' dir='ltr'><strong>tandem</strong></span> <span class='ocrx_word' id='word_1_608' title='bbox 1388 2128 1438 2160; x_wconf 93' lang='lat' dir='ltr'><strong>ubi</strong></span> <span class='ocrx_word' id='word_1_609' title='bbox 1454 2128 1591 2161; x_wconf 88' lang='lat' dir='ltr'><strong>debeam.</strong></span> <span class='ocrx_word' id='word_1_610' title='bbox 1609 2130 1651 2161; x_wconf 89' lang='lat' dir='ltr'><strong>Da</strong></span> <span class='ocrx_word' id='word_1_611' title='bbox 1667 2130 1739 2160; x_wconf 91' lang='lat' dir='ltr'><strong>mihi</strong></span> <span class='ocrx_word' id='word_1_612' title='bbox 1751 2139 1816 2170; x_wconf 75' lang='lat' dir='ltr'><strong>quae</strong></span> 
     </span>
    </p>
   </div>
   <div class='ocr_carea' id='block_1_86' title="bbox 122 2171 1814 2215">
    <p class='ocr_par' dir='ltr' id='par_1_86' title="bbox 122 2171 1814 2215">
     <span class='ocr_line' id='line_1_86' title="bbox 122 2171 1814 2215; baseline 0.001 -12"><span class='ocrx_word' id='word_1_613' title='bbox 122 2177 179 2204; x_wconf 90' lang='lat' dir='ltr'><strong>est.</strong></span> <span class='ocrx_word' id='word_1_614' title='bbox 195 2172 251 2209; x_wconf 89' lang='lat' dir='ltr'><strong>Qui</strong></span> <span class='ocrx_word' id='word_1_615' title='bbox 267 2182 336 2213; x_wconf 81' lang='lat' dir='ltr'><strong>ergo</strong></span> <span class='ocrx_word' id='word_1_616' title='bbox 353 2174 417 2213; x_wconf 87' lang='lat' dir='ltr'><strong>ejus</strong></span> <span class='ocrx_word' id='word_1_617' title='bbox 431 2173 591 2214; x_wconf 90' lang='lat' dir='ltr'><strong>participes</strong></span> <span class='ocrx_word' id='word_1_618' title='bbox 607 2177 685 2210; x_wconf 87' lang='lat' dir='ltr'><strong>sunt,</strong></span> <span class='ocrx_word' id='word_1_619' title='bbox 703 2172 771 2203; x_wconf 88' lang='lat' dir='ltr'><strong>etin</strong></span> <span class='ocrx_word' id='word_1_620' title='bbox 787 2172 850 2212; x_wconf 91' lang='lat' dir='ltr'><strong>ipso</strong></span> <span class='ocrx_word' id='word_1_621' title='bbox 867 2172 948 2203; x_wconf 85' lang='lat' dir='ltr'><strong>habi—</strong></span> <span class='ocrx_word' id='word_1_622' title='bbox 960 2171 1056 2205; x_wconf 88' lang='lat' dir='ltr'><strong>Ddico</strong></span> <span class='ocrx_word' id='word_1_623' title='bbox 1073 2176 1101 2203; x_wconf 89' lang='lat' dir='ltr'><strong>et</strong></span> <span class='ocrx_word' id='word_1_624' title='bbox 1115 2172 1206 2213; x_wconf 85' lang='lat' dir='ltr'><strong>loqui,</strong></span> <span class='ocrx_word' id='word_1_625' title='bbox 1223 2177 1252 2204; x_wconf 89' lang='lat' dir='ltr'><strong>et</strong></span> <span class='ocrx_word' id='word_1_626' title='bbox 1268 2173 1377 2211; x_wconf 86' lang='lat' dir='ltr'><strong>facere,</strong></span> <span class='ocrx_word' id='word_1_627' title='bbox 1395 2184 1411 2204; x_wconf 93' lang='grc' dir='ltr'><strong>ο</strong></span> <span class='ocrx_word' id='word_1_628' title='bbox 1426 2174 1543 2215; x_wconf 85' lang='lat' dir='ltr'><strong>artifex,</strong></span> <span class='ocrx_word' id='word_1_629' title='bbox 1572 2178 1600 2204; x_wconf 92' lang='lat' dir='ltr'><strong>et</strong></span> <span class='ocrx_word' id='word_1_630' title='bbox 1616 2175 1701 2205; x_wconf 79' lang='lat' dir='ltr'><strong>ﬁctor</strong></span> <span class='ocrx_word' id='word_1_631' title='bbox 1717 2184 1814 2206; x_wconf 88' lang='lat' dir='ltr'><strong>meus.</strong></span> 
     </span>
    </p>
   </div>
   <div class='ocr_carea' id='block_1_87' title="bbox 124 2216 949 2258">
    <p class='ocr_par' dir='ltr' id='par_1_87' title="bbox 124 2216 949 2258">
     <span class='ocr_line' id='line_1_87' title="bbox 124 2216 949 2258; baseline 0 -10"><span class='ocrx_word' id='word_1_632' title='bbox 124 2221 196 2255; x_wconf 90' lang='lat' dir='ltr'><strong>tant,</strong></span> <span class='ocrx_word' id='word_1_633' title='bbox 213 2218 361 2258; x_wconf 91' lang='lat' dir='ltr'><strong>quomodo</strong></span> <span class='ocrx_word' id='word_1_634' title='bbox 374 2222 465 2248; x_wconf 89' lang='lat' dir='ltr'><strong>totum</strong></span> <span class='ocrx_word' id='word_1_635' title='bbox 486 2218 731 2258; x_wconf 84' lang='lat' dir='ltr'><strong>complectantur,</strong></span> <span class='ocrx_word' id='word_1_636' title='bbox 749 2221 780 2247; x_wconf 94' lang='lat' dir='ltr'><strong>ut</strong></span> <span class='ocrx_word' id='word_1_637' title='bbox 795 2216 884 2247; x_wconf 82' lang='lat' dir='ltr'><strong>etiam</strong></span> <span class='ocrx_word' id='word_1_638' title='bbox 899 2226 949 2248; x_wconf 87' lang='lat' dir='ltr'><strong>sa-</strong></span> 
     </span>
    </p>
   </div>
   <div class='ocr_carea' id='block_1_88' title="bbox 125 2259 951 2302">
    <p class='ocr_par' dir='ltr' id='par_1_88' title="bbox 125 2259 951 2302">
     <span class='ocr_line' id='line_1_88' title="bbox 125 2259 951 2302; baseline -0.005 -10"><span class='ocrx_word' id='word_1_639' title='bbox 125 2266 262 2293; x_wconf 88' lang='lat' dir='ltr'><strong>turentur</strong></span> <span class='ocrx_word' id='word_1_640' title='bbox 277 2261 290 2292; x_wconf 65' lang='grc' dir='ltr'><em>Υ</em></span> <span class='ocrx_word' id='word_1_641' title='bbox 313 2267 363 2293; x_wconf 90' lang='lat' dir='ltr'><strong>aut</strong></span> <span class='ocrx_word' id='word_1_642' title='bbox 389 2262 549 2300; x_wconf 81' lang='lat' dir='ltr'><strong>quomodo,</strong></span> <span class='ocrx_word' id='word_1_643' title='bbox 566 2262 614 2292; x_wconf 94' lang='lat' dir='ltr'><strong>dic</strong></span> <span class='ocrx_word' id='word_1_644' title='bbox 632 2261 716 2302; x_wconf 92' lang='lat' dir='ltr'><strong>mihi,</strong></span> <span class='ocrx_word' id='word_1_645' title='bbox 734 2261 823 2291; x_wconf 90' lang='lat' dir='ltr'><strong>ﬁnem</strong></span> <span class='ocrx_word' id='word_1_646' title='bbox 840 2259 951 2292; x_wconf 81' lang='lat' dir='ltr'><strong>infiniti</strong></span> 
     </span>
    </p>
   </div>
   <div class='ocr_carea' id='block_1_89' title="bbox 124 2305 947 2347">
    <p class='ocr_par' dir='ltr' id='par_1_89' title="bbox 124 2305 947 2347">
     <span class='ocr_line' id='line_1_89' title="bbox 124 2305 947 2347; baseline -0.001 -11"><span class='ocrx_word' id='word_1_647' title='bbox 124 2306 269 2346; x_wconf 81' lang='lat' dir='ltr'><strong>capient?</strong></span> <span class='ocrx_word' id='word_1_648' title='bbox 294 2306 507 2338; x_wconf 86' lang='lat' dir='ltr'><strong>Difﬁcillimum</strong></span> <span class='ocrx_word' id='word_1_649' title='bbox 524 2307 620 2347; x_wconf 87' lang='lat' dir='ltr'><strong>plane,</strong></span> <span class='ocrx_word' id='word_1_650' title='bbox 647 2310 676 2337; x_wconf 90' lang='lat' dir='ltr'><strong>et</strong></span> <span class='ocrx_word' id='word_1_651' title='bbox 691 2305 878 2345; x_wconf 88' lang='lat' dir='ltr'><strong>impossibile</strong></span> <span class='ocrx_word' id='word_1_652' title='bbox 894 2309 947 2335; x_wconf 87' lang='lat' dir='ltr'><strong>est.</strong></span> 
     </span>
    </p>
   </div>
   <div class='ocr_carea' id='block_1_90' title="bbox 124 2350 950 2392">
    <p class='ocr_par' dir='ltr' id='par_1_90' title="bbox 124 2350 950 2392">
     <span class='ocr_line' id='line_1_90' title="bbox 124 2350 950 2392; baseline 0 -12"><span class='ocrx_word' id='word_1_653' title='bbox 124 2350 198 2381; x_wconf 83' lang='lat' dir='ltr'><strong>Nam</strong></span> <span class='ocrx_word' id='word_1_654' title='bbox 208 2360 305 2391; x_wconf 91' lang='lat' dir='ltr'><strong>neque</strong></span> <span class='ocrx_word' id='word_1_655' title='bbox 315 2351 363 2382; x_wconf 89' lang='lat' dir='ltr'><strong>hic</strong></span> <span class='ocrx_word' id='word_1_656' title='bbox 374 2352 403 2382; x_wconf 90' lang='lat' dir='ltr'><strong>in</strong></span> <span class='ocrx_word' id='word_1_657' title='bbox 415 2360 540 2392; x_wconf 90' lang='lat' dir='ltr'><strong>corpore</strong></span> <span class='ocrx_word' id='word_1_658' title='bbox 558 2354 674 2382; x_wconf 78' lang='lat' dir='ltr'><strong>sanctos</strong></span> <span class='ocrx_word' id='word_1_659' title='bbox 687 2350 840 2387; x_wconf 49' lang='lat' dir='ltr'><strong>degentes,</strong></span> <span class='ocrx_word' id='word_1_660' title='bbox 853 2359 950 2390; x_wconf 91' lang='lat' dir='ltr'><strong>neque</strong></span> 
     </span>
    </p>
   </div>
   <div class='ocr_carea' id='block_1_91' title="bbox 124 2394 950 2435">
    <p class='ocr_par' dir='ltr' id='par_1_91' title="bbox 124 2394 950 2435">
     <span class='ocr_line' id='line_1_91' title="bbox 124 2394 950 2435; baseline 0.001 -10"><span class='ocrx_word' id='word_1_661' title='bbox 124 2395 196 2426; x_wconf 87' lang='lat' dir='ltr'><strong>illuc</strong></span> <span class='ocrx_word' id='word_1_662' title='bbox 207 2396 237 2426; x_wconf 87' lang='lat' dir='ltr'><strong>in</strong></span> <span class='ocrx_word' id='word_1_663' title='bbox 249 2396 308 2426; x_wconf 89' lang='lat' dir='ltr'><strong>Deo</strong></span> <span class='ocrx_word' id='word_1_664' title='bbox 322 2397 474 2427; x_wconf 89' lang='lat' dir='ltr'><strong>translatos</strong></span> <span class='ocrx_word' id='word_1_665' title='bbox 489 2396 556 2427; x_wconf 83' lang='lat' dir='ltr'><strong>talis</strong></span> <span class='ocrx_word' id='word_1_666' title='bbox 571 2396 692 2427; x_wconf 91' lang='lat' dir='ltr'><strong>omnino</strong></span> <span class='ocrx_word' id='word_1_667' title='bbox 706 2394 950 2435; x_wconf 81' lang='lat' dir='ltr'><strong>cogitatiosubire</strong></span> 
     </span>
    </p>
   </div>
   <div class='ocr_carea' id='block_1_92' title="bbox 124 2439 948 2481">
    <p class='ocr_par' dir='ltr' id='par_1_92' title="bbox 124 2439 948 2481">
     <span class='ocr_line' id='line_1_92' title="bbox 124 2439 948 2481; baseline -0.001 -11"><span class='ocrx_word' id='word_1_668' title='bbox 124 2444 233 2480; x_wconf 90' lang='lat' dir='ltr'><strong>potest.</strong></span> <span class='ocrx_word' id='word_1_669' title='bbox 246 2439 433 2480; x_wconf 81' lang='lat' dir='ltr'><strong>Obteguntur</strong></span> <span class='ocrx_word' id='word_1_670' title='bbox 444 2450 571 2481; x_wconf 89' lang='lat' dir='ltr'><strong>namque</strong></span> <span class='ocrx_word' id='word_1_671' title='bbox 592 2440 703 2471; x_wconf 85' lang='lat' dir='ltr'><strong>lumine</strong></span> <span class='ocrx_word' id='word_1_672' title='bbox 717 2439 824 2470; x_wconf 69' lang='lat' dir='ltr'><strong>divina:</strong></span> <span class='ocrx_word' id='word_1_673' title='bbox 836 2439 948 2476; x_wconf 72' lang='lat' dir='ltr'><strong>glorize,</strong></span> 
     </span>
    </p>
   </div>
   <div class='ocr_carea' id='block_1_93' title="bbox 124 2483 951 2524">
    <p class='ocr_par' dir='ltr' id='par_1_93' title="bbox 124 2483 951 2524">
     <span class='ocr_line' id='line_1_93' title="bbox 124 2483 951 2524; baseline 0 -10"><span class='ocrx_word' id='word_1_674' title='bbox 124 2484 342 2522; x_wconf 88' lang='lat' dir='ltr'><strong>illuminantur,</strong></span> <span class='ocrx_word' id='word_1_675' title='bbox 360 2490 386 2516; x_wconf 90' lang='lat' dir='ltr'><strong>et</strong></span> <span class='ocrx_word' id='word_1_676' title='bbox 405 2486 516 2524; x_wconf 90' lang='lat' dir='ltr'><strong>lucent,</strong></span> <span class='ocrx_word' id='word_1_677' title='bbox 549 2489 577 2516; x_wconf 94' lang='lat' dir='ltr'><strong>et</strong></span> <span class='ocrx_word' id='word_1_678' title='bbox 602 2485 788 2516; x_wconf 84' lang='lat' dir='ltr'><strong>oblectantur</strong></span> <span class='ocrx_word' id='word_1_679' title='bbox 803 2485 831 2515; x_wconf 89' lang='lat' dir='ltr'><strong>in</strong></span> <span class='ocrx_word' id='word_1_680' title='bbox 848 2483 904 2517; x_wconf 84' lang='lat' dir='ltr'><strong>his,</strong></span> <span class='ocrx_word' id='word_1_681' title='bbox 922 2487 951 2514; x_wconf 91' lang='lat' dir='ltr'><strong>et</strong></span> 
     </span>
    </p>
   </div>
   <div class='ocr_carea' id='block_1_94' title="bbox 123 2527 949 2570">
    <p class='ocr_par' dir='ltr' id='par_1_94' title="bbox 123 2527 949 2570">
     <span class='ocr_line' id='line_1_94' title="bbox 123 2527 949 2570; baseline 0 -11"><span class='ocrx_word' id='word_1_682' title='bbox 123 2528 222 2559; x_wconf 87' lang='lat' dir='ltr'><strong>sciunt</strong></span> <span class='ocrx_word' id='word_1_683' title='bbox 237 2539 317 2570; x_wconf 86' lang='lat' dir='ltr'><strong>vere,</strong></span> <span class='ocrx_word' id='word_1_684' title='bbox 335 2530 475 2570; x_wconf 86' lang='lat' dir='ltr'><strong>omnique</strong></span> <span class='ocrx_word' id='word_1_685' title='bbox 492 2535 521 2561; x_wconf 85' lang='lat' dir='ltr'><strong>et</strong></span> <span class='ocrx_word' id='word_1_686' title='bbox 538 2530 624 2570; x_wconf 86' lang='lat' dir='ltr'><strong>plena</strong></span> <span class='ocrx_word' id='word_1_687' title='bbox 639 2529 708 2569; x_wconf 88' lang='lat' dir='ltr'><strong>ﬁde,</strong></span> <span class='ocrx_word' id='word_1_688' title='bbox 727 2529 830 2559; x_wconf 90' lang='lat' dir='ltr'><strong>horum</strong></span> <span class='ocrx_word' id='word_1_689' title='bbox 848 2527 949 2568; x_wconf 84' lang='lat' dir='ltr'><strong>perfe-</strong></span> 
     </span>
    </p>
   </div>
   <div class='ocr_carea' id='block_1_95' title="bbox 125 2573 950 2614">
    <p class='ocr_par' dir='ltr' id='par_1_95' title="bbox 125 2573 950 2614">
     <span class='ocr_line' id='line_1_95' title="bbox 125 2573 950 2614; baseline -0.002 -10"><span class='ocrx_word' id='word_1_690' title='bbox 125 2573 256 2604; x_wconf 88' lang='lat' dir='ltr'><strong>ctionem</strong></span> <span class='ocrx_word' id='word_1_691' title='bbox 269 2575 413 2605; x_wconf 91' lang='lat' dir='ltr'><strong>inﬁnitam</strong></span> <span class='ocrx_word' id='word_1_692' title='bbox 424 2576 498 2606; x_wconf 88' lang='lat' dir='ltr'><strong>fore.</strong></span> <span class='ocrx_word' id='word_1_693' title='bbox 512 2576 534 2606; x_wconf 91' lang='lat' dir='ltr'><strong>A</strong></span> <span class='ocrx_word' id='word_1_694' title='bbox 548 2575 608 2605; x_wconf 91' lang='lat' dir='ltr'><strong>Deo</strong></span> <span class='ocrx_word' id='word_1_695' title='bbox 620 2578 717 2605; x_wconf 87' lang='lat' dir='ltr'><strong>autem</strong></span> <span class='ocrx_word' id='word_1_696' title='bbox 727 2573 847 2614; x_wconf 86' lang='lat' dir='ltr'><strong>abjccti,</strong></span> <span class='ocrx_word' id='word_1_697' title='bbox 857 2573 950 2603; x_wconf 86' lang='lat' dir='ltr'><strong>miror</strong></span> 
     </span>
    </p>
   </div>
   <div class='ocr_carea' id='block_1_96' title="bbox 124 2617 949 2659">
    <p class='ocr_par' dir='ltr' id='par_1_96' title="bbox 124 2617 949 2659">
     <span class='ocr_line' id='line_1_96' title="bbox 124 2617 949 2659; baseline -0.001 -11"><span class='ocrx_word' id='word_1_698' title='bbox 124 2618 175 2648; x_wconf 88' lang='lat' dir='ltr'><strong>ubi</strong></span> <span class='ocrx_word' id='word_1_699' title='bbox 192 2618 365 2656; x_wconf 86' lang='lat' dir='ltr'><strong>consistent,</strong></span> <span class='ocrx_word' id='word_1_700' title='bbox 398 2620 482 2659; x_wconf 81' lang='lat' dir='ltr'><strong>longe</strong></span> <span class='ocrx_word' id='word_1_701' title='bbox 508 2619 634 2658; x_wconf 86' lang='lat' dir='ltr'><strong>sejuncti</strong></span> <span class='ocrx_word' id='word_1_702' title='bbox 661 2619 697 2649; x_wconf 89' lang='lat' dir='ltr'><strong>ab</strong></span> <span class='ocrx_word' id='word_1_703' title='bbox 723 2628 758 2649; x_wconf 92' lang='lat' dir='ltr'><strong>eo</strong></span> <span class='ocrx_word' id='word_1_704' title='bbox 774 2618 824 2658; x_wconf 89' lang='lat' dir='ltr'><strong>qui</strong></span> <span class='ocrx_word' id='word_1_705' title='bbox 840 2617 949 2657; x_wconf 85' lang='lat' dir='ltr'><strong>ubique</strong></span> 
     </span>
    </p>
   </div>
   <div class='ocr_carea' id='block_1_97' title="bbox 125 2662 947 2704">
    <p class='ocr_par' dir='ltr' id='par_1_97' title="bbox 125 2662 947 2704">
     <span class='ocr_line' id='line_1_97' title="bbox 125 2662 947 2704; baseline 0 -12"><span class='ocrx_word' id='word_1_706' title='bbox 125 2667 180 2693; x_wconf 60' lang='lat' dir='ltr'><strong>est,</strong></span> <span class='ocrx_word' id='word_1_707' title='bbox 195 2664 456 2704; x_wconf 83' lang='lat' dir='ltr'><strong>Etsane,fralres,</strong></span> <span class='ocrx_word' id='word_1_708' title='bbox 477 2665 648 2695; x_wconf 86' lang='lat' dir='ltr'><strong>miraculum</strong></span> <span class='ocrx_word' id='word_1_709' title='bbox 665 2662 947 2703; x_wconf 74' lang='lat' dir='ltr'><strong>obstupcsecndum,</strong></span> 
     </span>
    </p>
   </div>
   <div class='ocr_carea' id='block_1_98' title="bbox 125 2707 949 2748">
    <p class='ocr_par' dir='ltr' id='par_1_98' title="bbox 125 2707 949 2748">
     <span class='ocr_line' id='line_1_98' title="bbox 125 2707 949 2748; baseline -0.001 -10"><span class='ocrx_word' id='word_1_710' title='bbox 125 2713 154 2738; x_wconf 89' lang='lat' dir='ltr'><strong>et</strong></span> <span class='ocrx_word' id='word_1_711' title='bbox 172 2708 205 2738; x_wconf 83' lang='lat' dir='ltr'><strong>ad</strong></span> <span class='ocrx_word' id='word_1_712' title='bbox 224 2709 301 2748; x_wconf 84' lang='lat' dir='ltr'><strong>quod</strong></span> <span class='ocrx_word' id='word_1_713' title='bbox 319 2709 394 2739; x_wconf 89' lang='lat' dir='ltr'><strong>bene</strong></span> <span class='ocrx_word' id='word_1_714' title='bbox 421 2709 645 2748; x_wconf 77' lang='lat' dir='ltr'><strong>intelligendum</strong></span> <span class='ocrx_word' id='word_1_715' title='bbox 672 2713 770 2739; x_wconf 84' lang='lat' dir='ltr'><strong>mente</strong></span> <span class='ocrx_word' id='word_1_716' title='bbox 786 2707 949 2738; x_wconf 83' lang='lat' dir='ltr'><strong>illuminala</strong></span> 
     </span>
    </p>
   </div>
   <div class='ocr_carea' id='block_1_99' title="bbox 125 2751 949 2793">
    <p class='ocr_par' dir='ltr' id='par_1_99' title="bbox 125 2751 949 2793">
     <span class='ocr_line' id='line_1_99' title="bbox 125 2751 949 2793; baseline -0.001 -10"><span class='ocrx_word' id='word_1_717' title='bbox 125 2761 200 2793; x_wconf 89' lang='lat' dir='ltr'><strong>opus</strong></span> <span class='ocrx_word' id='word_1_718' title='bbox 215 2756 262 2792; x_wconf 77' lang='lat' dir='ltr'><strong>sit,</strong></span> <span class='ocrx_word' id='word_1_719' title='bbox 280 2758 310 2783; x_wconf 86' lang='lat' dir='ltr'><strong>ut</strong></span> <span class='ocrx_word' id='word_1_720' title='bbox 326 2763 385 2784; x_wconf 91' lang='lat' dir='ltr'><strong>non</strong></span> <span class='ocrx_word' id='word_1_721' title='bbox 401 2753 514 2785; x_wconf 85' lang='lat' dir='ltr'><strong>incidas</strong></span> <span class='ocrx_word' id='word_1_722' title='bbox 538 2754 568 2784; x_wconf 92' lang='lat' dir='ltr'><strong>in</strong></span> <span class='ocrx_word' id='word_1_723' title='bbox 593 2753 730 2784; x_wconf 60' lang='lat' dir='ltr'><strong>haeresim</strong></span> <span class='ocrx_word' id='word_1_724' title='bbox 759 2753 842 2793; x_wconf 83' lang='lat' dir='ltr'><strong>quasi</strong></span> <span class='ocrx_word' id='word_1_725' title='bbox 858 2751 949 2782; x_wconf 88' lang='lat' dir='ltr'><strong>divini</strong></span> 
     </span>
    </p>
   </div>
   <div class='ocr_carea' id='block_1_100' title="bbox 163 2837 771 2876">
    <p class='ocr_par' dir='ltr' id='par_1_100' title="bbox 163 2837 771 2876">
     <span class='ocr_line' id='line_1_100' title="bbox 163 2837 771 2876; baseline 0.002 -8"><span class='ocrx_word' id='word_1_726' title='bbox 163 2839 179 2862; x_wconf 88' lang='lat'><strong>8</strong></span> <span class='ocrx_word' id='word_1_727' title='bbox 195 2837 270 2870; x_wconf 87' lang='lat' dir='ltr'><strong>Psal.</strong></span> <span class='ocrx_word' id='word_1_728' title='bbox 288 2846 404 2869; x_wconf 74' lang='lat' dir='ltr'><strong>cxxxrx.</strong></span> <span class='ocrx_word' id='word_1_729' title='bbox 426 2840 473 2870; x_wconf 75' lang='lat' dir='ltr'><strong>tl.</strong></span> <span class='ocrx_word' id='word_1_730' title='bbox 517 2839 559 2869; x_wconf 78' lang='lat'><strong>01</strong></span> <span class='ocrx_word' id='word_1_731' title='bbox 577 2839 644 2871; x_wconf 86' lang='lat' dir='ltr'><strong>Cor.</strong></span> <span class='ocrx_word' id='word_1_732' title='bbox 661 2846 724 2876; x_wconf 78' lang='lat' dir='ltr'><strong>xm,</strong></span> <span class='ocrx_word' id='word_1_733' title='bbox 743 2839 771 2869; x_wconf 84' lang='grc'><strong>1.</strong></span> 
     </span>
    </p>
   </div>
   <div class='ocr_carea' id='block_1_101' title="bbox 991 2215 1814 2259">
    <p class='ocr_par' dir='ltr' id='par_1_101' title="bbox 991 2215 1814 2259">
     <span class='ocr_line' id='line_1_101' title="bbox 991 2215 1814 2259; baseline 0.005 -13"><span class='ocrx_word' id='word_1_734' title='bbox 991 2215 1110 2257; x_wconf 89' lang='lat' dir='ltr'><strong>Nam,si</strong></span> <span class='ocrx_word' id='word_1_735' title='bbox 1122 2226 1187 2257; x_wconf 73' lang='lat' dir='ltr'><strong>quae</strong></span> <span class='ocrx_word' id='word_1_736' title='bbox 1199 2217 1312 2257; x_wconf 89' lang='lat' dir='ltr'><strong>loquor,</strong></span> <span class='ocrx_word' id='word_1_737' title='bbox 1328 2218 1410 2248; x_wconf 87' lang='lat' dir='ltr'><strong>factis</strong></span> <span class='ocrx_word' id='word_1_738' title='bbox 1429 2227 1488 2249; x_wconf 92' lang='lat' dir='ltr'><strong>non</strong></span> <span class='ocrx_word' id='word_1_739' title='bbox 1510 2223 1627 2259; x_wconf 72' lang='lat' dir='ltr'><strong>praesto,</strong></span> <span class='ocrx_word' id='word_1_740' title='bbox 1640 2220 1733 2250; x_wconf 85' lang='lat' dir='ltr'><strong>factus</strong></span> <span class='ocrx_word' id='word_1_741' title='bbox 1749 2229 1814 2250; x_wconf 92' lang='lat' dir='ltr'><strong>sum</strong></span> 
     </span>
    </p>
   </div>
   <div class='ocr_carea' id='block_1_102' title="bbox 992 2262 1814 2304">
    <p class='ocr_par' dir='ltr' id='par_1_102' title="bbox 992 2262 1814 2304">
     <span class='ocr_line' id='line_1_102' title="bbox 992 2262 1814 2304; baseline 0.004 -13"><span class='ocrx_word' id='word_1_742' title='bbox 992 2270 1042 2298; x_wconf 77' lang='lat' dir='ltr'><strong>aes,</strong></span> <span class='ocrx_word' id='word_1_743' title='bbox 1058 2265 1154 2299; x_wconf 89' lang='lat' dir='ltr'><strong>acute,</strong></span> <span class='ocrx_word' id='word_1_744' title='bbox 1179 2266 1207 2292; x_wconf 89' lang='lat' dir='ltr'><strong>et</strong></span> <span class='ocrx_word' id='word_1_745' title='bbox 1233 2263 1341 2293; x_wconf 86' lang='lat' dir='ltr'><strong>frustra</strong></span> <span class='ocrx_word' id='word_1_746' title='bbox 1355 2262 1494 2301; x_wconf 89' lang='lat' dir='ltr'><strong>tinniens,</strong></span> <span class='ocrx_word' id='word_1_747' title='bbox 1512 2268 1541 2293; x_wconf 92' lang='lat' dir='ltr'><strong>et</strong></span> <span class='ocrx_word' id='word_1_748' title='bbox 1555 2273 1659 2294; x_wconf 91' lang='lat' dir='ltr'><strong>sonum</strong></span> <span class='ocrx_word' id='word_1_749' title='bbox 1677 2264 1814 2304; x_wconf 89' lang='lat' dir='ltr'><strong>pulsuum</strong></span> 
     </span>
    </p>
   </div>
   <div class='ocr_carea' id='block_1_103' title="bbox 992 2305 1813 2344">
    <p class='ocr_par' dir='ltr' id='par_1_103' title="bbox 992 2305 1813 2344">
     <span class='ocr_line' id='line_1_103' title="bbox 992 2305 1813 2344; baseline 0.005 -8"><span class='ocrx_word' id='word_1_750' title='bbox 992 2305 1066 2336; x_wconf 90' lang='lat' dir='ltr'><strong>nihil</strong></span> <span class='ocrx_word' id='word_1_751' title='bbox 1077 2306 1208 2337; x_wconf 88' lang='lat' dir='ltr'><strong>sentiens</strong></span> <span class='ocrx_word' id='word_1_752' title='bbox 1216 2307 1242 2336; x_wconf 83' lang='lat'><strong>9.</strong></span> <span class='ocrx_word' id='word_1_753' title='bbox 1255 2307 1313 2339; x_wconf 89' lang='lat' dir='ltr'><strong>Sed</strong></span> <span class='ocrx_word' id='word_1_754' title='bbox 1326 2311 1355 2338; x_wconf 90' lang='lat' dir='ltr'><strong>tu</strong></span> <span class='ocrx_word' id='word_1_755' title='bbox 1368 2307 1427 2339; x_wconf 92' lang='lat' dir='ltr'><strong>noli</strong></span> <span class='ocrx_word' id='word_1_756' title='bbox 1438 2317 1486 2339; x_wconf 92' lang='lat' dir='ltr'><strong>me</strong></span> <span class='ocrx_word' id='word_1_757' title='bbox 1499 2308 1660 2344; x_wconf 81' lang='lat' dir='ltr'><strong>dimittere.</strong></span> <span class='ocrx_word' id='word_1_758' title='bbox 1683 2308 1744 2340; x_wconf 90' lang='lat' dir='ltr'><strong>noli</strong></span> <span class='ocrx_word' id='word_1_759' title='bbox 1759 2309 1813 2340; x_wconf 85' lang='lat' dir='ltr'><strong>dc-</strong></span> 
     </span>
    </p>
   </div>
   <div class='ocr_carea' id='block_1_104' title="bbox 991 2350 1812 2392">
    <p class='ocr_par' dir='ltr' id='par_1_104' title="bbox 991 2350 1812 2392">
     <span class='ocr_line' id='line_1_104' title="bbox 991 2350 1812 2392; baseline 0.006 -12"><span class='ocrx_word' id='word_1_760' title='bbox 991 2350 1162 2391; x_wconf 90' lang='lat' dir='ltr'><strong>relinquere</strong></span> <span class='ocrx_word' id='word_1_761' title='bbox 1174 2360 1181 2382; x_wconf 87' lang='lat'><strong>:</strong></span> <span class='ocrx_word' id='word_1_762' title='bbox 1194 2361 1266 2383; x_wconf 91' lang='lat' dir='ltr'><strong>neve</strong></span> <span class='ocrx_word' id='word_1_763' title='bbox 1275 2352 1354 2382; x_wconf 85' lang='lat' dir='ltr'><strong>sinas</strong></span> <span class='ocrx_word' id='word_1_764' title='bbox 1363 2352 1503 2384; x_wconf 89' lang='lat' dir='ltr'><strong>oberrare</strong></span> <span class='ocrx_word' id='word_1_765' title='bbox 1514 2362 1562 2384; x_wconf 91' lang='lat' dir='ltr'><strong>me</strong></span> <span class='ocrx_word' id='word_1_766' title='bbox 1574 2353 1706 2384; x_wconf 88' lang='lat' dir='ltr'><strong>Salvator</strong></span> <span class='ocrx_word' id='word_1_767' title='bbox 1716 2363 1812 2392; x_wconf 90' lang='lat' dir='ltr'><strong>meus,</strong></span> 
     </span>
    </p>
   </div>
   <div class='ocr_carea' id='block_1_105' title="bbox 992 2396 1812 2439">
    <p class='ocr_par' dir='ltr' id='par_1_105' title="bbox 992 2396 1812 2439">
     <span class='ocr_line' id='line_1_105' title="bbox 992 2396 1812 2439; baseline 0.005 -14"><span class='ocrx_word' id='word_1_768' title='bbox 992 2404 1050 2433; x_wconf 93' lang='lat' dir='ltr'><strong>me,</strong></span> <span class='ocrx_word' id='word_1_769' title='bbox 1064 2396 1195 2436; x_wconf 86' lang='lat' dir='ltr'><strong>inquam,</strong></span> <span class='ocrx_word' id='word_1_770' title='bbox 1210 2397 1362 2432; x_wconf 82' lang='lat' dir='ltr'><strong>miserum,</strong></span> <span class='ocrx_word' id='word_1_771' title='bbox 1376 2398 1557 2438; x_wconf 89' lang='lat' dir='ltr'><strong>mendicum,</strong></span> <span class='ocrx_word' id='word_1_772' title='bbox 1567 2407 1600 2429; x_wconf 91' lang='lat' dir='ltr'><strong>ac</strong></span> <span class='ocrx_word' id='word_1_773' title='bbox 1608 2399 1812 2439; x_wconf 86' lang='lat' dir='ltr'><strong>peregrinum,</strong></span> 
     </span>
    </p>
   </div>
   <div class='ocr_carea' id='block_1_106' title="bbox 991 2440 1811 2476">
    <p class='ocr_par' dir='ltr' id='par_1_106' title="bbox 991 2440 1811 2476">
     <span class='ocr_line' id='line_1_106' title="bbox 991 2440 1811 2476; baseline 0.006 -6"><span class='ocrx_word' id='word_1_774' title='bbox 991 2444 1022 2471; x_wconf 90' lang='lat' dir='ltr'><strong>et</strong></span> <span class='ocrx_word' id='word_1_775' title='bbox 1035 2440 1138 2471; x_wconf 88' lang='lat' dir='ltr'><strong>decem</strong></span> <span class='ocrx_word' id='word_1_776' title='bbox 1155 2441 1279 2471; x_wconf 91' lang='lat' dir='ltr'><strong>millium</strong></span> <span class='ocrx_word' id='word_1_777' title='bbox 1304 2441 1483 2473; x_wconf 87' lang='lat' dir='ltr'><strong>talentorum</strong></span> <span class='ocrx_word' id='word_1_778' title='bbox 1509 2443 1561 2474; x_wconf 90' lang='lat' dir='ltr'><strong>tibi</strong></span> <span class='ocrx_word' id='word_1_779' title='bbox 1576 2443 1742 2475; x_wconf 84' lang='lat' dir='ltr'><strong>debitorum</strong></span> <span class='ocrx_word' id='word_1_780' title='bbox 1759 2444 1811 2476; x_wconf 65' lang='lat'><strong>*0:</strong></span> 
     </span>
    </p>
   </div>
   <div class='ocr_carea' id='block_1_107' title="bbox 990 2485 1814 2524">
    <p class='ocr_par' dir='ltr' id='par_1_107' title="bbox 990 2485 1814 2524">
     <span class='ocr_line' id='line_1_107' title="bbox 990 2485 1814 2524; baseline 0.007 -10"><span class='ocrx_word' id='word_1_781' title='bbox 990 2494 1093 2516; x_wconf 86' lang='lat' dir='ltr'><strong>verum</strong></span> <span class='ocrx_word' id='word_1_782' title='bbox 1110 2485 1186 2516; x_wconf 91' lang='lat' dir='ltr'><strong>sicut</strong></span> <span class='ocrx_word' id='word_1_783' title='bbox 1200 2485 1283 2524; x_wconf 91' lang='lat' dir='ltr'><strong>olim,</strong></span> <span class='ocrx_word' id='word_1_784' title='bbox 1296 2486 1336 2517; x_wconf 89' lang='lat' dir='ltr'><strong>ita</strong></span> <span class='ocrx_word' id='word_1_785' title='bbox 1349 2490 1464 2518; x_wconf 88' lang='lat' dir='ltr'><strong>etnunc</strong></span> <span class='ocrx_word' id='word_1_786' title='bbox 1477 2488 1573 2520; x_wconf 92' lang='lat' dir='ltr'><strong>facito.</strong></span> <span class='ocrx_word' id='word_1_787' title='bbox 1587 2490 1671 2519; x_wconf 89' lang='lat' dir='ltr'><strong>Tunc</strong></span> <span class='ocrx_word' id='word_1_788' title='bbox 1683 2490 1762 2520; x_wconf 92' lang='lat' dir='ltr'><strong>enim</strong></span> <span class='ocrx_word' id='word_1_789' title='bbox 1778 2489 1814 2520; x_wconf 90' lang='lat' dir='ltr'><strong>ab</strong></span> 
     </span>
    </p>
   </div>
   <div class='ocr_carea' id='block_1_108' title="bbox 991 2529 1812 2574">
    <p class='ocr_par' dir='ltr' id='par_1_108' title="bbox 991 2529 1812 2574">
     <span class='ocr_line' id='line_1_108' title="bbox 991 2529 1812 2574; baseline 0.007 -14"><span class='ocrx_word' id='word_1_790' title='bbox 991 2529 1176 2569; x_wconf 65' lang='lat' dir='ltr'><strong>haereditate,</strong></span> <span class='ocrx_word' id='word_1_791' title='bbox 1194 2535 1311 2572; x_wconf 88' lang='lat' dir='ltr'><strong>totaque</strong></span> <span class='ocrx_word' id='word_1_792' title='bbox 1329 2535 1406 2563; x_wconf 89' lang='lat' dir='ltr'><strong>terra</strong></span> <span class='ocrx_word' id='word_1_793' title='bbox 1423 2533 1526 2572; x_wconf 85' lang='lat' dir='ltr'><strong>patria,</strong></span> <span class='ocrx_word' id='word_1_794' title='bbox 1551 2537 1642 2573; x_wconf 87' lang='lat' dir='ltr'><strong>patre,</strong></span> <span class='ocrx_word' id='word_1_795' title='bbox 1660 2533 1812 2574; x_wconf 84' lang='lat' dir='ltr'><strong>fratribus,</strong></span> 
     </span>
    </p>
   </div>
   <div class='ocr_carea' id='block_1_109' title="bbox 994 2575 1812 2620">
    <p class='ocr_par' dir='ltr' id='par_1_109' title="bbox 994 2575 1812 2620">
     <span class='ocr_line' id='line_1_109' title="bbox 994 2575 1812 2620; baseline 0.007 -17"><span class='ocrx_word' id='word_1_796' title='bbox 994 2578 1096 2620; x_wconf 82' lang='lat' dir='ltr'><strong>matre,</strong></span> <span class='ocrx_word' id='word_1_797' title='bbox 1115 2575 1298 2615; x_wconf 87' lang='lat' dir='ltr'><strong>domesticis,</strong></span> <span class='ocrx_word' id='word_1_798' title='bbox 1325 2575 1442 2616; x_wconf 86' lang='lat' dir='ltr'><strong>alienis,</strong></span> <span class='ocrx_word' id='word_1_799' title='bbox 1472 2581 1501 2608; x_wconf 91' lang='lat' dir='ltr'><strong>et</strong></span> <span class='ocrx_word' id='word_1_800' title='bbox 1517 2578 1648 2617; x_wconf 77' lang='lat' dir='ltr'><strong>cognatis</strong></span> <span class='ocrx_word' id='word_1_801' title='bbox 1663 2579 1812 2620; x_wconf 87' lang='lat' dir='ltr'><strong>omnibus,</strong></span> 
     </span>
    </p>
   </div>
   <div class='ocr_carea' id='block_1_110' title="bbox 992 2619 1813 2659">
    <p class='ocr_par' dir='ltr' id='par_1_110' title="bbox 992 2619 1813 2659">
     <span class='ocr_line' id='line_1_110' title="bbox 992 2619 1813 2659; baseline 0.006 -10"><span class='ocrx_word' id='word_1_802' title='bbox 992 2623 1020 2649; x_wconf 89' lang='lat' dir='ltr'><strong>et</strong></span> <span class='ocrx_word' id='word_1_803' title='bbox 1034 2619 1138 2649; x_wconf 90' lang='lat' dir='ltr'><strong>amicis</strong></span> <span class='ocrx_word' id='word_1_804' title='bbox 1154 2629 1200 2649; x_wconf 87' lang='lat' dir='ltr'><strong>me</strong></span> <span class='ocrx_word' id='word_1_805' title='bbox 1217 2625 1417 2659; x_wconf 80' lang='lat' dir='ltr'><strong>peccatorem,</strong></span> <span class='ocrx_word' id='word_1_806' title='bbox 1435 2626 1463 2652; x_wconf 86' lang='lat' dir='ltr'><strong>et</strong></span> <span class='ocrx_word' id='word_1_807' title='bbox 1492 2622 1630 2652; x_wconf 85' lang='lat' dir='ltr'><strong>omnibus</strong></span> <span class='ocrx_word' id='word_1_808' title='bbox 1647 2623 1710 2653; x_wconf 88' lang='lat' dir='ltr'><strong>istis</strong></span> <span class='ocrx_word' id='word_1_809' title='bbox 1727 2619 1813 2655; x_wconf 52' lang='lat' dir='ltr'><strong>vilioé</strong></span> 
     </span>
    </p>
   </div>
   <div class='ocr_carea' id='block_1_111' title="bbox 992 2664 1815 2708">
    <p class='ocr_par' dir='ltr' id='par_1_111' title="bbox 992 2664 1815 2708">
     <span class='ocr_line' id='line_1_111' title="bbox 992 2664 1815 2708; baseline 0.009 -15"><span class='ocrx_word' id='word_1_810' title='bbox 992 2673 1053 2694; x_wconf 91' lang='lat' dir='ltr'><strong>rem</strong></span> <span class='ocrx_word' id='word_1_811' title='bbox 1061 2664 1337 2705; x_wconf 84' lang='lat' dir='ltr'><strong>scparasti,tuisque</strong></span> <span class='ocrx_word' id='word_1_812' title='bbox 1345 2666 1422 2696; x_wconf 85' lang='lat' dir='ltr'><strong>ulnis</strong></span> <span class='ocrx_word' id='word_1_813' title='bbox 1431 2666 1815 2708; x_wconf 85' lang='lat' dir='ltr'><strong>mundissimiscomple\us</strong></span> 
     </span>
    </p>
   </div>
   <div class='ocr_carea' id='block_1_112' title="bbox 991 2709 1815 2750">
    <p class='ocr_par' dir='ltr' id='par_1_112' title="bbox 991 2709 1815 2750">
     <span class='ocr_line' id='line_1_112' title="bbox 991 2709 1815 2750; baseline 0.008 -13"><span class='ocrx_word' id='word_1_814' title='bbox 991 2717 1033 2748; x_wconf 76' lang='lat' dir='ltr'><strong>es,</strong></span> <span class='ocrx_word' id='word_1_815' title='bbox 1049 2709 1099 2749; x_wconf 58' lang='lat' dir='ltr'><strong>riui</strong></span> <span class='ocrx_word' id='word_1_816' title='bbox 1117 2718 1163 2740; x_wconf 86' lang='lat' dir='ltr'><strong>tne</strong></span> <span class='ocrx_word' id='word_1_817' title='bbox 1179 2709 1322 2740; x_wconf 69' lang='lat' dir='ltr'><strong>adversus</strong></span> <span class='ocrx_word' id='word_1_818' title='bbox 1339 2710 1484 2741; x_wconf 71' lang='lat' dir='ltr'><strong>beneﬁcii</strong></span> <span class='ocrx_word' id='word_1_819' title='bbox 1502 2716 1549 2741; x_wconf 90' lang='lat' dir='ltr'><strong>tua</strong></span> <span class='ocrx_word' id='word_1_820' title='bbox 1565 2711 1711 2750; x_wconf 78' lang='lat' dir='ltr'><strong>ingratum</strong></span> <span class='ocrx_word' id='word_1_821' title='bbox 1729 2714 1815 2744; x_wconf 78' lang='lat' dir='ltr'><strong>exhi-</strong></span> 
     </span>
    </p>
   </div>
   <div class='ocr_carea' id='block_1_113' title="bbox 992 2753 1814 2791">
    <p class='ocr_par' dir='ltr' id='par_1_113' title="bbox 992 2753 1814 2791">
     <span class='ocr_line' id='line_1_113' title="bbox 992 2753 1814 2791; baseline 0.011 -9"><span class='ocrx_word' id='word_1_822' title='bbox 992 2753 1113 2784; x_wconf 86' lang='lat' dir='ltr'><strong>hueram</strong></span> <span class='ocrx_word' id='word_1_823' title='bbox 1130 2753 1192 2784; x_wconf 87' lang='lat' dir='ltr'><strong>:sic</strong></span> <span class='ocrx_word' id='word_1_824' title='bbox 1208 2755 1297 2785; x_wconf 87' lang='lat' dir='ltr'><strong>etiam</strong></span> <span class='ocrx_word' id='word_1_825' title='bbox 1315 2764 1392 2786; x_wconf 88' lang='lat' dir='ltr'><strong>nunc</strong></span> <span class='ocrx_word' id='word_1_826' title='bbox 1409 2759 1438 2786; x_wconf 84' lang='lat' dir='ltr'><strong>tu</strong></span> <span class='ocrx_word' id='word_1_827' title='bbox 1456 2755 1625 2786; x_wconf 79' lang='lat' dir='ltr'><strong>misericors</strong></span> <span class='ocrx_word' id='word_1_828' title='bbox 1642 2758 1814 2791; x_wconf 72' lang='lat' dir='ltr'><strong>miserit-or-</strong></span> 
     </span>
    </p>
   </div>
   <div class='ocr_carea' id='block_1_114' title="bbox 816 2838 1126 2876">
    <p class='ocr_par' dir='ltr' id='par_1_114' title="bbox 816 2838 1126 2876">
     <span class='ocr_line' id='line_1_114' title="bbox 816 2838 1126 2876; baseline 0.003 -8"><span class='ocrx_word' id='word_1_829' title='bbox 816 2838 843 2863; x_wconf 69' lang='grc'><strong>10</strong></span> <span class='ocrx_word' id='word_1_830' title='bbox 859 2838 959 2869; x_wconf 73' lang='lat' dir='ltr'><strong>Matth.</strong></span> <span class='ocrx_word' id='word_1_831' title='bbox 976 2846 1060 2876; x_wconf 82' lang='lat' dir='ltr'><strong>xvm,</strong></span> <span class='ocrx_word' id='word_1_832' title='bbox 1077 2838 1126 2869; x_wconf 67' lang='lat'><strong>24.</strong></span> 
     </span>
    </p>
   </div>
  </div>
