1978 3078
175 171 242 205 515

830 167 1018 202 SYMEONIS
1036 167 1208 200 JUNIORIS

1813 169 1873 203 516

177 242 256 273 diam
269 239 341 272 mihi
354 238 462 276 tribue,
483 238 540 279 sic,
552 237 686 278 inquam,
704 235 764 267 imo
780 245 851 267 vero
867 235 972 276 magis,
986 240 1034 266 0A
1045 235 1114 266 Hac
1129 235 1276 276 subjectio
1300 238 1432 269 omnium
1461 247 1526 279 quae
1554 242 1674 277 aspectu
1689 237 1869 269 sentiuntur.

176 286 255 318 Deus
271 293 364 318 meus,
377 287 405 314 et
415 283 561 314 miserere
573 282 644 318 mei,
658 285 686 312 et
698 280 814 312 custodi
826 289 885 318 me,
899 284 927 310 et
942 290 1000 310 non

176 334 274 362 rectos
289 328 380 360 animi
392 328 449 358 mei
461 327 593 368 impetus
603 335 772 366 compesce,
786 330 815 356 et
829 325 865 356 ad
881 333 1001 356 omnem

175 374 367 408 tentationem
386 372 612 412 molestiamque
627 371 692 402 vita:
707 371 809 410 hujus,
820 373 849 400 et
865 379 1004 410 quaecun-

175 430 233 463 que
247 420 311 460 ipse
326 417 398 448 mihi
415 418 505 448 stulte
521 426 601 453 creo,
625 420 653 447 et
671 417 701 446 in
718 415 825 463 quibus
840 425 891 463 me
905 414 1004 463 invidit

173 457 343 498 daemonum
360 467 463 493 natura
490 465 594 502 tentat,
621 465 649 491 et
671 469 736 501 quae
760 459 929 490 imbecilles
955 457 1003 488 isti

173 512 279 542 fratres
290 510 347 539 mei
360 507 478 548 pariunt
488 506 561 537 mihi
574 505 672 536 verbis
684 510 712 536 et
723 505 818 542 factis,
829 504 864 534 ad
878 505 950 541 hinc,
961 503 1005 533 in-

173 564 273 596 quam,
290 553 390 583 omnia
417 551 563 596 patienter
594 549 772 590 perferenda
800 558 847 579 me
863 549 1003 579 idoneum

175 595 358 632 redde.Heu
378 605 437 633 me,
457 595 525 636 quia
541 595 674 626 membra
691 603 756 624 mea
772 599 946 624 consumunt
958 601 1006 622 me

176 649 265 685 atque
281 641 457 680 conﬁciunt,
475 644 503 671 et
518 643 638 680 propter
662 639 767 669 eadem
784 647 903 685 rursum
919 637 1005 685 doleo

176 682 340 728 trahorque
357 695 372 716 a
400 685 536 725 pedibus,
564 684 613 724 qui
643 684 743 728 locum
764 683 870 722 capitis
885 682 1006 713 sortitus

173 744 252 765 sum.
265 731 377 763 Incedo
398 729 487 760 Ludis
503 728 642 768 pedibus,
659 732 687 758 et
703 727 795 768 spinis
810 735 1004 767 compungor,

175 778 356 817 cruciorque
372 775 575 811 vehementer,
589 783 643 803 nec
656 772 818 803 cruciatum
831 771 905 802 fero.
922 772 1008 804 Alter

173 823 285 864 pedum
306 816 375 851 meo
382 828 445 850 rum
457 828 543 864 porro
556 817 699 864 procedit,
712 818 792 864 alter
802 816 909 847 iterum
926 821 1006 847 retro

176 861 376 902 convertitur,
390 864 448 895 huc
459 863 528 894 illuc
542 863 671 902 trahunt,
687 866 716 893 et
729 861 847 902 rapiunt
857 871 917 899 me,
932 870 1006 901 sup-

172 914 300 955 plantor,
318 915 348 941 et
359 910 501 955 deorsum
513 908 600 940 cado.
621 907 732 955 Omnes
745 907 833 955 igitur
843 906 928 955 sequi
943 916 1004 937 non

174 952 427 999 possum.Jacere
439 953 547 984 malum
564 957 618 989 est,
634 957 662 983 et
676 952 819 999 incedere
835 952 878 982 sic
894 952 1004 999 impro-

172 995 239 1034 vide
250 1000 384 1032 deterius
400 1003 551 1038 est,quam
562 997 677 1037 jacere,
691 996 807 1035 quando
823 995 1003 1026 omnesalias

171 1047 356 1080 calamitates
369 1043 470 1074 vincit.
486 1042 622 1078 Domine,
638 1040 744 1080 largire
768 1040 839 1071 mihi
855 1041 966 1071 luctum
975 1046 1004 1071 et

1045 281 1126 311 Hanc
1142 280 1310 313 habuerunt
1336 283 1435 322 angeli
1461 286 1552 313 status
1578 282 1624 314 sui
1640 282 1868 322 ﬁrmitudinem,

1045 333 1112 354 cum
1124 323 1260 356 Satanam
1275 330 1304 356 et
1314 327 1412 357 socios
1420 327 1494 367 ejus,
1505 327 1648 366 opinione
1658 327 1770 364 inﬂata,
1781 335 1870 366 quam

1046 369 1084 399 de
1098 373 1192 400 semet
1208 369 1355 402 habebant
1370 371 1518 409 seductos,
1536 371 1573 402 de
1589 372 1662 403 caelo
1679 372 1787 402 cadere
1802 379 1871 402 cer-

1047 417 1162 451 nentes,
1179 415 1348 453 cognitione
1362 420 1391 448 et
1404 416 1509 447 timore
1523 417 1600 447 aucti
1616 420 1696 447 sunt.
1717 415 1771 452 Qui
1789 415 1871 446 enim

1045 457 1133 497 hujus
1150 462 1261 490 tantum
1278 459 1362 490 obliti
1378 464 1458 495 sunt,
1481 462 1567 491 etiam
1593 461 1720 492 elatione
1735 460 1872 490 volunta-

1044 501 1088 532 ria
1103 502 1288 535 deciderunt.
1307 505 1425 542 Contra,
1442 507 1490 545 qui
1507 505 1585 536 istud
1602 509 1812 545 cognoverunt.
1831 503 1868 534 ti—

1046 546 1120 576 mori
1136 547 1329 588 charitatique
1345 549 1543 587 adhaerentes,
1555 550 1674 580 exaltati
1689 553 1767 580 sunt.
1783 548 1872 580 Unde

1048 592 1175 629 cognitio
1193 593 1354 624 Dominicse
1381 595 1535 634 potestatis
1561 594 1733 625 charitatem
1751 601 1873 634 quoque

1047 635 1247 676 amplificavit,
1263 640 1400 678 quoniam
1417 639 1518 679 plures
1533 639 1621 669 etiam
1638 647 1793 669 coruscum
1806 637 1873 668 Tri-

1048 680 1147 711 nitatis
1162 681 1306 722 fulgorem
1317 683 1503 714 manifestius
1517 683 1666 720 videbant,
1678 682 1789 713 etistud
1800 691 1870 712 rur-

1049 734 1114 755 sum
1132 735 1251 757 onmem
1266 727 1354 758 aliam
1371 728 1578 767 cogitationem
1605 727 1793 762 escludebat,
1810 726 1871 757 im-

1051 770 1267 811 mutabilesque
1277 772 1402 803 faciebat
1415 782 1465 803 eos
1476 773 1524 812 qui
1539 773 1575 803 ah
1598 772 1681 803 initio
1697 770 1871 802 mutabilem

1049 819 1184 846 naturam
1195 821 1382 856 acceperant,
1394 817 1424 847 in
1436 817 1616 848 sublimitate
1625 816 1791 848 caelestium
1804 823 1873 855 per-

1017 885 1037 910 B
1049 865 1214 892 manentes.

1360 909 1482 940 CAPUT
1507 909 1553 941 ιν.

1048 952 1091 984 De
1101 962 1171 986 vero
1181 955 1329 986 monac/to
1340 960 1368 986 et
1383 958 1448 995 ejus
1460 956 1566 996 ofﬁcio.
1577 955 1621 987 Ad
1633 959 1781 996 quantum
1796 963 1870 985 cou-

1124 996 1336 1036 templalionis
1350 997 1509 1036 fastigium
1524 998 1587 1036 ipse
1601 996 1782 1027 ascenderit.

1086 1047 1260 1088 Quicunque
1273 1049 1437 1079 monachus
1448 1053 1503 1086 est,
1518 1048 1628 1079 mundo
1643 1057 1675 1079 se
1685 1057 1743 1078 non
1751 1047 1868 1085 miscet,

171 1090 447 1132 compunalm‘em:
463 1092 492 1118 θῑ
508 1087 631 1135 digna“?
648 1095 700 1135 me,
711 1085 823 1135 sef‘v'it'e
840 1085 903 1135 tibi,
915 1090 943 1117 te
955 1095 1001 1135 ρο·
1043 1097 1145 1124 etcum
1158 1085 1221 1123 solo
1239 1095 1298 1124 Deo
1311 1098 1452 1134 perpetuo
1467 1085 1608 1125 versatur.
1621 1092 1719 1130 Videt,
1738 1096 1767 1123 et
1782 1092 1867 1122 vide—

171 1129 289 1173 lel'e;el
301 1142 419 1164 servare
429 1135 530 1178 “in?”
546 1131 680 1178 ηιιιιιςιδιῖι
694 1134 742 1178 if"?
753 1130 783 1178 il}
794 1129 924 1161 tenebris
935 1130 1001 1178 ’ζίίδὲ
1044 1142 1100 1175 tur,
1119 1141 1208 1175 amat,
1227 1141 1255 1169 et
1271 1129 1396 1168 amatur.
1417 1139 1461 1169 Fit
1477 1138 1590 1170 lumen.
1608 1129 1715 1168 lucens
1725 1140 1868 1178 quantum

175 1180 275 1220 huius,
289 1183 318 1209 εί
330 1178 359 1208 in
374 1176 562 1223 '“undOlS‘O:
577 1174 853 1223 ‘lE‘llrlSllliEIQCUF
867 1174 1001 1223 εει-βιη-
1042 1182 1140 1212 verbis
1155 1182 1299 1212 declarari
1315 1192 1373 1213 non
1392 1187 1497 1223 potest.
1518 1183 1709 1219 Praadicatus,
1727 1174 1820 1220 magis
1835 1190 1870 1211 se

176 1223 372 1262 liastibiago,
386 1221 554 1266 ευωνίιειφ
570 1219 642 1250 mihi
667 1219 808 1266 tribuis“:
826 1219 1001 1266 donastigue
1045 1226 1213 1257 mendicum
1230 1231 1357 1266 reputat,
1390 1219 1415 1257 et
1444 1227 1602 1258 conciliata
1634 1226 1690 1257 sibi
1707 1219 1867 1256 multorum

174 1273 206 1300 ut
223 1275 448 1307 cognoscerem,
465 1269 494 1296 et
508 1265 662 1295 adorarem
680 1269 719 1301 te,
738 1263 817 1294 Deus
829 1272 911 1294 meus
934 1262 997 1294 Hzet

1054 1267 1187 1308 tmicitia,
1202 1262 1297 1302 instar
1325 1262 1450 1312 hospitis
1475 1282 1509 1303 ac
1534 1271 1683 1312 peregrini
1708 1273 1762 1301 est.
1791 1270 1867 1301 Hem

175 1318 219 1345 est
235 1311 400 1358 enimuvila,
414 1318 594 1349 cognoscere
605 1308 734 1358 tesolum
749 1308 1003 1358 Dcum,etcondi—
1045 1323 1150 1347 novum
1168 1325 1298 1355 prorsus,
1330 1320 1358 1346 ει
1381 1308 1463 1356 'quod
1496 1308 1553 1347 n0},
1584 1308 1678 1357 passis
1706 1319 1751 1346 sui
1768 1314 1866 1355 eloqui

177 1363 272 1389 ῑοΐθῐῐι
290 1356 519 1403 θπθείξπθῐηιὶυε
548 1356 711 1403 οπιηξυηῖδ.
727 1362 784 1403 ηοη
800 1357 926 1403 filium;
944 1362 1002 1403 "9"
1045 1359 1218 1390 miraculum
1251 1361 1282 1391 ln
1312 1360 1468 1393 immensis
1484 1361 1589 1401 opibus
1605 1369 1715 1401 pauper
1731 1369 1795 1390 sum
1813 1370 1819 1388 :
1839 1363 1868 1389 et

178 1406 322 1437 creatum,
346 1400 440 1430 solum
457 1398 571 1438 absque
587 1397 744 1438 principio,
759 1401 788 1428 et
800 1397 909 1447 Filium
924 1406 959 1447 ex
976 1400 997 1428 tt

1054 1414 1111 1435 :um
1128 1405 1295 1444 possideam
1312 1405 1449 1446 plurima,
1468 1397 1541 1436 nihil
1558 1397 1672 1436 habere
1684 1414 1731 1436 me
1744 1408 1824 1445 puto,
1838 1407 1868 1435 et

177 1446 321 1487 genitum,
339 1445 376 1481 Η,
395 1448 424 1474 et
439 1443 648 1483 procedentem
665 1452 701 1473 ex
716 1447 844 1493 utroque
860 1441 997 1493 Spiritum

1058 1460 1075 1481 ιι
1090 1441 1233 1490 aquarum
1245 1441 1330 1491 copia
1340 1450 1424 1482 sitire
1437 1441 1484 1482 me
1496 1451 1646 1492 proﬁteor.
1663 1450 1697 1481 Et
1712 1441 1777 1490 quis
1792 1441 1867 1480 mihi

177 1485 1005 1536 ἐαηειίεεῇηλυηι,οηιηίδυεριόεθίιυβηρεηιἓειυάίὺυειτί-
1045 1485 1256 1535 suppeditabit,
1266 1485 1324 1536 quo
1336 1495 1478 1526 abundo?
1496 1485 1758 1532 etubiinveniam,
1776 1504 1866 1535 quem

179 1545 246 1567 nam
261 1534 419 1570 unitatem,
432 1541 519 1572 quam
532 1531 656 1562 adorare
674 1531 761 1572 etpie
774 1531 884 1571 colere,
898 1540 997 1572 quam-

1054 1531 1177 1580 lubtidie
1191 1531 1306 1571 cerno?
1330 1545 1358 1571 et
1383 1540 1530 1581 quomodo
1547 1540 1641 1580 patiar
1656 1549 1691 1571 eo
1707 1539 1757 1580 qui
1773 1531 1803 1570 in
1818 1549 1867 1570 me

176 1580 220 1611 Vis
235 1579 326 1626 «illam
341 1577 464 1617 gloriam
480 1585 533 1607 se“
549 1580 711 1615 ῑθ¹“¹ἐήἒι¹ῐ¹›
724 1585 776 1607 seu
785 1576 935 1607 εωιθεῑθῐη
951 1585 1002 1606 θη·
1043 1576 1072 1614 ἐι
1084 1589 1165 1615 extra
1178 1585 1321 1616 mundum
1338 1576 1408 1616 est?!
1429 1576 1555 1626 prorsus.
1565 1585 1645 1616 enim
1663 1576 1725 1615 non
1737 1583 1864 1615 videtur.

182 1625 380 1706 leEDedlll‘enim
390 1666 582 1707 Angelorum,
591 1665 661 1706 quid
668 1665 936 1705 Archangelorum,
945 1665 1003 1697 Do-

177 1714 385 1749 minationum,
401 1710 571 1749 Cherubim,
589 1714 619 1741 et
634 1709 1001 1750 Seraphim,caeterarum—

175 1769 232 1800 que
248 1758 380 1790 omnium
397 1755 561 1788 caelestium
577 1754 724 1800 legionum
740 1754 851 1800 gloria,
859 1758 918 1800 est,
944 1755 1001 1789 nisi

174 1799 276 1835 lumen
293 1800 537 1838 immortalitatis,
548 1799 605 1830 nisi
617 1799 768 1839 gaudium,
778 1799 834 1829 nisi
846 1799 999 1830 illumina-

177 1849 215 1880 tio
234 1848 301 1879 vitae
312 1847 350 1877 ab
366 1845 449 1877 Omni
463 1845 527 1876 fece
541 1853 642 1875 rerum
659 1844 856 1874 humanarum
873 1843 998 1884 purissi-

177 1893 256 1924 mae?
271 1892 328 1922 nisi
344 1899 435 1922 unum
452 1889 552 1920 lumen
580 1893 689 1919 sanctae
705 1887 858 1918 Trinitatis
872 1888 997 1919 divisum

172 1937 300 1969 indivise
316 1934 486 1975 tripliciter,
504 1933 582 1974 quod
603 1942 693 1964 unum
710 1935 754 1963 est
768 1932 798 1963 in
816 1932 909 1965 tribus
925 1934 999 1964 cha-

170 1981 349 2018 racteribus,
364 1978 516 2018 incognite
530 1977 680 2017 cognitum
692 1980 834 2018 quantum
846 1977 928 2009 vult?
938 1977 999 2009 Nec

171 2028 252 2059 enim
269 2029 405 2057 creatura
419 2025 589 2055 Creatorem
607 2021 650 2053 sic
665 2026 758 2052 totum
774 2026 871 2062 potest
885 2032 998 2062 cogno-

170 2081 266 2109 scere,
285 2074 316 2101 ut
337 2069 401 2110 ipse
417 2078 450 2099 se
465 2067 628 2099 secundum
646 2071 779 2098 naturam
797 2076 879 2098 suam
891 2077 999 2108 cogno-

170 2117 251 2148 scit:
282 2115 334 2146 sed
362 2123 415 2155 per
432 2113 555 2153 gratiam
584 2121 688 2143 omnes
716 2112 824 2151 angeli,
841 2112 998 2153 omnique

168 2171 235 2193 crea
243 2166 272 2192 ta
280 2164 386 2191 natura
394 2167 462 2189 eum
475 2157 615 2188 videntet
633 2156 813 2196 intelligunt.
836 2156 897 2188 Nec
912 2167 996 2188 com-

171 2205 372 2246 prehendunt,
382 2203 434 2234 sed
446 2201 624 2241 intelligunt,
634 2204 779 2241 quatenus
788 2202 887 2232 lumen
901 2203 998 2238 caecis,

168 2245 218 2282 aut
233 2250 321 2281 etiam
340 2248 428 2289 plane
445 2246 612 2277 videntibus
637 2245 834 2287 manifestari,
863 2251 892 2277 et
907 2247 944 2278 ab
961 2249 998 2278 iis

168 2294 306 2336 cognosci
321 2292 456 2324 voluerit.
469 2291 542 2322 Nam
559 2290 662 2336 oculus
680 2290 793 2336 absque
808 2291 922 2323 lumine
938 2302 998 2324 non

165 2335 258 2380 videt,
272 2338 323 2370 sed
337 2337 464 2369 utetiam
477 2336 585 2373 videat,
597 2344 614 2366 a
625 2335 741 2380 lumine
748 2335 866 2376 accipit,
875 2338 997 2377 quando

166 2385 203 2416 ab
218 2379 284 2425 ipso
309 2391 427 2424 quoque
457 2380 616 2425 fabricatus
646 2383 700 2410 est.
732 2379 789 2411 Seu
806 2390 995 2424 corporeum,

165 2439 219 2462 seu
232 2424 458 2467 incorporeum,
475 2425 576 2456 omnia
589 2424 668 2456 Deus
679 2425 761 2466 fecit,
775 2435 840 2466 quae
852 2426 881 2456 in
899 2427 994 2464 cmlis,

167 2473 310 2515 etquaein
323 2472 451 2503 terriset
472 2480 537 2511 quze
555 2470 586 2501 in
606 2470 718 2510 abyssis
737 2475 816 2501 sunt.
835 2471 871 2502 Et
887 2471 993 2502 horum

167 2519 301 2551 omnium
327 2526 385 2547 una
406 2516 463 2546 vita
495 2520 524 2546 et
551 2515 656 2553 gloria,
688 2525 778 2546 unum
794 2515 994 2553 desiderium,

165 2574 257 2596 unum
273 2573 410 2603 regnum,
426 2561 546 2602 divitia},
559 2561 711 2601 gaudium,
722 2570 843 2599 corona,
859 2562 993 2604 victoria,

165 2619 231 2647 pax,
249 2612 278 2639 et
293 2608 390 2638 omnis
405 2606 496 2638 decor
513 2615 572 2636 non
587 2605 663 2636 alius
685 2611 740 2643 est,
758 2615 846 2646 quam
862 2607 991 2646 cognitio

163 2653 303 2694 principii
316 2659 345 2683 et
356 2661 453 2682 causa:
464 2650 542 2682 unde
554 2651 697 2691 producta
717 2655 747 2682 et
762 2655 826 2681 orta
841 2656 910 2682 sunt
923 2661 990 2682 om-

161 2699 224 2730 nia.
236 2699 304 2730 Haac
315 2702 360 2728 est
368 2697 555 2738 superiorum
564 2695 987 2736 inferiorumqueconjunctio.

163 2743 233 2775 Haec
248 2743 321 2775 ordo
338 2743 468 2774 omnium
485 2751 550 2782 quae
565 2740 761 2780 intelligentia
771 2741 986 2781 percipiuntur.

204 2824 228 2845 “
244 2822 328 2854 Joau.
348 2831 423 2861 xvtl,
441 2822 470 2854 3.

1041 1628 1098 1665 Qui
1113 1629 1202 1661 habet
1230 1639 1317 1661 aures
1340 1630 1492 1668 audiendi,
1521 1630 1630 1670 audiat,
1655 1629 1748 1670 probe
1775 1628 1868 1660 verba

1041 1673 1183 1706 illitterati
1200 1675 1382 1715 intelligens.

1362 1729 1482 1761 CAPUT
1507 1729 1543 1761 V.

1041 1776 1174 1805 Doctrina
1196 1776 1233 1805 ad
1256 1777 1414 1813 monachos,
1442 1777 1490 1813 qui
1515 1785 1607 1805 recens
1635 1777 1749 1811 mundo,
1779 1778 1804 1804 et
1831 1777 1866 1806 iis

1076 1820 1137 1848 qua
1155 1813 1186 1840 in
1208 1812 1311 1840 mundo
1334 1815 1408 1844 sunt.
1434 1812 1563 1841 viantium
1590 1813 1767 1841 remiserunt.
1785 1814 1866 1847 Qua-

1077 1849 1129 1876 lem
1142 1848 1222 1885 ﬁdem
1236 1848 1297 1883 quis
1312 1856 1377 1885 erga
1399 1849 1511 1877 Patrem
1533 1857 1614 1877 suum
1629 1849 1803 1885 spiritualem
1816 1856 1865 1884 ge—

1077 1892 1139 1912 rere
1152 1884 1255 1912 debeat.

1082 1934 1221 1964 Mundum
1231 1937 1334 1971 totum,
1348 1938 1376 1964 et
1387 1934 1524 1964 homines
1534 1934 1623 1973 hujus
1636 1932 1861 1971 mundidesere,

1041 1979 1195 2020 solumque
1207 1978 1324 2010 beatum
1335 1980 1443 2010 luctum
1455 1988 1585 2016 assume,
1601 1983 1629 2009 et
1649 1982 1759 2009 tantum
1778 1987 1863 2009 com-

1041 2024 1131 2055 missa
1143 2024 1196 2055 abs
1212 2028 1240 2055 te
1255 2028 1376 2063 peccata
1396 2024 1557 2055 lamentare
1571 2035 1578 2055 :
1606 2024 1746 2064 quoniam
1763 2024 1818 2054 ista
1834 2028 1864 2054 te

1041 2068 1170 2100 omnium
1185 2069 1340 2099 conditore
1351 2068 1478 2107 Christo,
1491 2073 1520 2100 et
1531 2069 1671 2099 societate
1691 2073 1860 2100 sanctorum

1040 2114 1105 2154 ejus
1115 2113 1325 2154 spoliaverunt.
1348 2113 1459 2144 Praeter
1478 2114 1541 2144 haec
1557 2113 1631 2144 nihil
1648 2113 1700 2144 tibi
1715 2123 1794 2144 cura;
1810 2113 1860 2144 sit.

1039 2158 1117 2194 Quin
1132 2158 1219 2189 etiam
1236 2167 1344 2197 corpus
1360 2162 1443 2188 tuum
1473 2163 1505 2189 ut
1526 2158 1658 2198 ignotum
1673 2167 1708 2188 ac
1725 2158 1859 2198 peregri-

1011 2212 1114 2239 onum
1131 2203 1250 2236 habeto.
1268 2207 1296 2233 et
1311 2203 1423 2243 oculos,
1434 2203 1523 2234 veluti
1535 2203 1761 2241 condemnatus,
1778 2211 1807 2234 et
1823 2203 1860 2233 ad

1042 2253 1167 2280 mortem
1183 2247 1386 2287 excipiendam
1405 2248 1580 2288 procedens,
1598 2248 1679 2279 humi
1696 2247 1804 2288 dejice.
1817 2248 1861 2279 Ab

1040 2294 1100 2324 imo
1115 2297 1234 2334 pectore
1247 2292 1305 2323 duc
1319 2292 1444 2332 gemitus
1459 2293 1589 2334 assiduo,
1607 2298 1636 2324 et
1657 2293 1762 2324 faciem
1781 2297 1860 2324 tuam

1040 2338 1176 2378 lacrymis
1190 2337 1331 2369 duntaxat
1359 2337 1473 2377 prolue,
1505 2337 1607 2378 pedes,
1634 2337 1683 2378 qui
1698 2338 1733 2368 ad
1752 2338 1861 2369 malum

1040 2387 1247 2418 cucurrerunt,
1278 2381 1447 2423 neutiquam
1487 2382 1558 2413 velis
1597 2382 1756 2423 aliquando
1785 2391 1862 2422 aqua

1040 2428 1172 2459 abluere.
1190 2427 1268 2458 Sane
1283 2436 1352 2457 vero
1368 2427 1456 2458 etiam
1472 2436 1576 2458 manus
1602 2432 1665 2458 tuas
1694 2431 1861 2459 contractas

1040 2472 1126 2510 habe,
1144 2471 1455 2512 easqueimpudenter
1484 2471 1518 2502 ad
1548 2472 1642 2503 Deum
1667 2481 1705 2502 ne
1721 2471 1859 2509 extende,

1040 2526 1113 2557 quas
1128 2516 1164 2547 ad
1181 2519 1332 2556 peccatum
1357 2525 1562 2556 saepenumero
1589 2516 1761 2547 extendisti.
1789 2516 1859 2546 Lin-

1038 2571 1124 2601 guam
1139 2560 1283 2591 lubricam
1301 2569 1406 2592 coerce
1432 2570 1484 2601 pro
1509 2561 1604 2592 virili:
1630 2565 1674 2592 est
1701 2561 1780 2592 enim
1796 2560 1862 2601 ipsa

1036 2607 1131 2638 facilis
1147 2606 1182 2637 ad
1211 2609 1375 2646 peccatum,
1404 2611 1433 2637 et
1462 2616 1514 2647 per
1539 2607 1632 2647 ipsam
1662 2606 1753 2637 solam
1770 2606 1860 2638 etiam

1032 2652 1130 2692 multi,
1146 2656 1174 2682 et
1189 2651 1287 2689 magni
1314 2651 1369 2681 viri
1399 2660 1415 2681 a
1444 2656 1525 2683 recto
1548 2652 1656 2683 itinere
1671 2651 1857 2689 aberrantes,

1031 2706 1155 2737 regnum
1172 2696 1313 2726 caelorum
1331 2695 1536 2736 perdiderunt.
1556 2698 1613 2728 Sed
1631 2701 1699 2727 ante
1717 2696 1782 2737 sepi
1799 2706 1856 2727 au-

1030 2752 1079 2774 res
1092 2745 1166 2777 tuas,
1185 2745 1213 2770 ut
1228 2739 1302 2770 nihil
1325 2744 1410 2780 turpe
1434 2750 1468 2771 ac
1492 2751 1597 2772 vanum
1624 2742 1767 2772 audiant:
1796 2745 1858 2772 tum
