1978 3078
213 165 274 198 519
873 159 1063 195 SYMEONIS
1082 161 1260 194 IUNIORIS
1848 165 1914 197 520

214 233 353 264 homines
377 231 448 262 deos
474 229 556 268 facis,
581 229 720 261 tenebras
745 229 846 260 lumen
871 228 984 265 reddis,
1001 227 1184 260 abAabesse
1197 229 1344 270 suspicor,
1362 230 1441 272 quod
1453 239 1581 262 cernens
1595 231 1786 272 concupisco,
1805 235 1835 263 et
1856 233 1908 263 ni-

214 277 320 308 inferis
335 275 464 310 reducis,
481 279 614 305 mortuos
637 274 857 305 immortalitate
872 274 964 305 donas
978 273 993 303 ?
1008 277 1040 304 ut
1081 273 1122 304 hil
1138 274 1250 305 habere
1277 284 1323 306 me
1339 275 1488 316 existimo,
1506 275 1592 316 plane
1607 275 1730 306 donatas
1746 276 1818 308 mihi
1834 287 1910 317 opes

213 321 352 352 tenebras
365 320 396 350 in
412 319 508 350 lucem
536 319 687 359 producis,
717 322 834 349 noctem
852 328 948 358 pugno
964 328 1037 348 con-

213 366 319 402 cludis,
337 374 389 396 cor
404 364 626 403 circumfulges,
645 373 691 394 me
718 368 808 394 totum
824 363 962 394 immutas
976 362 992 392 ‘l
1007 367 1038 394 ut

214 416 241 441 te
257 409 413 450 conjungis
445 409 627 446 hominibus,
659 408 711 439 Dei
737 408 813 438 filios
838 407 920 445 facis,
937 417 1037 438 amore

212 455 452 493 tuisintlammas,
465 453 625 493 adoptione
635 453 761 491 etgratia
770 457 827 488 tua,
838 461 890 492 per
897 452 1035 492 Spiritum

212 505 306 537 tuum,
323 498 471 535 distantia,
490 502 520 528 ut
543 498 631 535 Deus,
659 497 874 528 admirabiliter
887 496 1008 536 copulas
1022 500 1036 527 ?

512 550 631 582 CAPUT
656 550 731 581 \‘III.

210 599 313 633 Quibus
327 599 520 634 manifestatur
536 599 614 630 Deus,
639 600 665 626 et
687 598 717 625 in
732 598 830 634 quibus
843 605 893 633 per
907 597 1035 625 observa-

272 636 373 664 tionem
386 633 585 662 niandutorum
597 634 665 669 ejus.
681 634 745 661 boni
761 633 870 661 [cubitus
885 634 964 661 insit,

249 685 403 721 Quomodo
420 689 464 722 tu,
476 684 528 725 qui
544 694 574 715 es
586 684 789 719 absconditus,
806 683 954 722 inspectas
966 692 1032 713 om-

209 730 284 761 nia‘?
298 729 453 766 Quomodo
469 728 555 759 nobis
571 738 629 758 non
655 728 798 764 cerneris,
816 732 844 758 et
860 737 919 758 non
936 727 1033 758 cernis

210 774 329 805 omnes?
342 775 565 813 Verumtamen,
577 782 634 803 non
648 781 834 813 omnesquos
842 771 936 808 vides,
945 772 1032 802 etiam

208 828 350 859 agnosces
366 829 372 849 :
400 817 451 848 sed
465 818 620 857 diligentes
645 822 682 855 te,
702 827 752 848 eos
767 818 845 848 solos
862 825 914 856 pro
929 815 1033 846 amicis

208 863 354 902 agnoscis,
373 862 453 894 etiis
481 862 664 892 excellenter
693 865 721 892 te
751 861 922 892 manifestas
937 860 1031 891 solem

1082 327 1139 348 non
1155 319 1288 350 sentiens
1305 330 1313 358 ;
1344 329 1398 351 nec
1427 320 1504 360 quod
1520 320 1613 351 solem
1630 320 1759 358 intueor,
1776 321 1806 352 id
1819 331 1909 362 repu-

1080 365 1120 393 to.
1138 362 1270 399 Quonam
1299 364 1416 395 modo?
1444 364 1524 402 audi,
1556 369 1585 396 et
1613 365 1713 396 crede.
1740 365 1822 402 Quod
1849 375 1908 406 ego

1079 407 1191 446 aspicio
1207 412 1253 439 est
1280 409 1335 443 sol.
1367 409 1453 449 cujus
1480 409 1554 439 mihi
1579 418 1685 440 sensus
1710 419 1801 450 supra
1816 420 1908 450 quam

1079 451 1138 482 dici
1155 453 1426 492 potestjucundus,
1444 453 1632 494 animamque
1648 454 1773 485 mirifico
1802 459 1831 485 et
1861 455 1909 486 di-

1079 495 1144 527 vino
1160 505 1261 527 amore
1277 498 1377 529 trahit.
1406 497 1470 538 lpsvi
1497 507 1623 528 cernens
1646 498 1753 537 uritur,
1777 503 1806 530 et
1820 500 1908 533 ardet

1076 547 1190 578 amore,
1207 550 1241 571 ac
1258 545 1350 572 totum
1377 543 1456 581 quod
1481 547 1614 582 apparet,
1639 542 1717 573 intra
1742 552 1775 574 se
1792 543 1907 575 habere

1077 584 1179 624 cupit;
1208 585 1285 625 quod
1317 595 1383 616 cum
1401 591 1538 626 nequeat,
1557 587 1594 618 ob
1610 586 1638 617 id
1656 587 1859 625 contristatur,
1876 592 1908 619 et

1076 629 1188 670 videre,
1220 631 1409 671 lustrareque
1439 641 1497 661 non
1536 641 1603 662 esse
1638 631 1748 662 bonum
1773 632 1904 673 judicat.

1075 673 1198 709 Quando
1213 674 1304 714 igitur
1319 675 1368 715 qui
1384 676 1528 712 cernitur,
1553 680 1581 706 et
1596 685 1612 706 a
1628 676 1748 707 nemine
1762 677 1827 717 capi
1845 687 1904 717 po-

1074 720 1141 755 test,
1162 723 1189 749 et
1203 728 1306 750 revera
1322 720 1495 750 inaccessos
1511 724 1566 757 est,
1583 721 1698 751 afﬂictae
1713 725 1741 751 et
1756 721 1904 752 humilia-

1074 766 1110 792 tos
1124 763 1230 794 animae
1245 772 1317 794 mea;
1333 764 1470 795 misereri
1486 764 1623 802 voluerit,
1640 769 1763 805 repente
1776 766 1874 805 qualis
1887 776 1905 797 a

1074 816 1122 837 me
1137 807 1250 837 videtur
1264 812 1332 838 ante
1347 808 1447 839 oeulos
1477 809 1601 847 fulgens,
1635 809 1699 840 talis
1714 813 1791 842 totus
1805 810 1836 840 in
1851 820 1903 841 me

1075 861 1230 882 coruscare
1245 855 1389 890 cernitur,
1408 858 1435 884 et
1452 858 1530 884 totus
1556 853 1638 884 omni
1666 854 1786 894 gaudio,
1817 856 1900 886 omni

207 891 424 938 abaconditum.
444 907 556 938 Omnes
568 906 706 937 mortales
719 905 1027 946 fornicarii,adulteri,
1044 891 1062 916 Β
1075 895 1234 946 ἀςέε-ίάξΐίο,
1248 897 1446 946 θι-άυίεεάίιηε
1464 897 1648 946 ViSiODiS_me
1667 898 1807 946 humilem
1821 910 1903 946 com-

207 952 391 987 decoctores,
410 954 592 991 peccatores,
612 951 772 990 publicani,
792 949 862 980 dum
880 949 1026 989 poeniten-

207 997 278 1026 tiam
293 1000 392 1035 agunt,
421 995 527 1025 divina:
558 995 632 1026 lucis
661 999 716 1025 tuae
745 994 797 1025 lilii
812 993 949 1025 evadunt.
970 994 1028 1024 Lux

205 1047 305 1072 autem
321 1039 442 1071 omnino
458 1040 555 1070 lucem
572 1043 711 1079 generat:
744 1039 841 1079 itaque
866 1042 894 1069 et
909 1038 964 1078 ipsi
980 1038 1029 1069 lux

205 1090 274 1116 sunt
290 1085 342 1116 filii
358 1084 421 1121 Dei,
451 1089 481 1114 ut
505 1084 649 1124 scriptum
669 1088 714 1115 est
727 1083 784 1124 49*,
802 1083 881 1114 etdii
897 1092 949 1123 per
961 1092 1029 1122 gra-

205 1131 287 1166 tiam,
307 1133 448 1170 quotquot
466 1129 563 1160 divina
592 1129 730 1160 mandata
759 1132 807 1158 tua
827 1127 918 1168 probe
933 1137 1030 1158 serva-

205 1177 309 1207 verint.
323 1175 498 1215 Quicunque
508 1175 612 1205 mundi
631 1175 788 1211 vanitates,
806 1178 834 1204 et
850 1174 1029 1213 imposturas

205 1221 302 1252 valere
323 1220 479 1259 jusserint.
510 1219 685 1260 Quicunque
711 1222 861 1259 parentes,
879 1223 909 1249 et
923 1218 1029 1249 fratres

204 1265 268 1296 sine
282 1264 350 1295 odio
362 1264 491 1304 oderint,
505 1264 679 1304 peregrinos
691 1273 732 1301 se,
746 1267 774 1294 et
788 1263 915 1294 viatores
926 1263 957 1293 in
972 1264 1027 1293 hac

204 1310 261 1340 vita
276 1309 420 1340 arbitrati.
437 1308 611 1348 Quicunque
627 1308 737 1339 divitiis
764 1312 793 1338 et
821 1307 946 1347 pecunia
960 1316 1026 1337 sese

203 1353 390 1391 nudaverint,
408 1353 585 1393 illarumque
608 1353 745 1383 affectum
773 1352 889 1392 penitus
903 1352 1025 1391 abjece—

201 1400 271 1430 rint.
302 1398 477 1438 Quicunque
515 1397 633 1428 inanem
671 1397 794 1437 gloriam
824 1397 1026 1436 humanasque

200 1443 305 1474 laudes
320 1452 353 1473 ex
367 1442 478 1482 animo,
499 1446 619 1482 propter
634 1444 782 1472 caelestem
798 1440 921 1480 gloriam
937 1449 1026 1480 repu-

1075 940 1145 980 plet.
1163 941 1330 980 Repentina
1345 945 1389 972 est
1405 942 1468 973 hwc
1493 942 1628 980 mutatio,
1653 943 1810 983 peregrina
1835 944 1901 974 haec

1075 985 1206 1025 variatio,
1225 995 1280 1016 nec
1296 986 1394 1018 verbis
1422 986 1552 1017 describi
1583 991 1688 1026 potest,
1707 988 1786 1027 quod
1802 988 1834 1018 in
1850 997 1900 1019 me

1071 1030 1230 1070 peragitur.
1248 1030 1278 1061 Si
1295 1031 1373 1061 enim
1391 1031 1483 1062 solem
1501 1032 1590 1069 hunc,
1608 1041 1696 1072 quem
1713 1041 1818 1063 omnes
1828 1042 1900 1063 con-

1075 1079 1201 1114 tuemur,
1220 1074 1297 1105 intra
1312 1084 1363 1106 cor
1377 1085 1462 1107 suum
1482 1075 1674 1106 descendisse
1689 1076 1849 1117 quispiam,
1869 1082 1899 1108 et

1074 1122 1166 1149 totum
1181 1119 1210 1149 id
1227 1119 1315 1150 inhab
1331 1125 1453 1157 tantem,
1481 1124 1510 1150 et
1533 1129 1616 1160 aeque
1633 1120 1795 1159 lucentem,
1811 1121 1896 1162 vidit,

1071 1173 1168 1194 nonne
1185 1164 1328 1195 miraculo
1343 1166 1497 1202 attonitus,
1524 1169 1553 1196 et
1578 1175 1654 1205 pene
1669 1165 1814 1196 exanimis
1828 1166 1896 1207 fuit,

1071 1212 1099 1238 et
1114 1218 1172 1238 om'
1187 1217 1219 1238 es
1235 1209 1285 1248 qui
1303 1219 1369 1239 eum
1387 1209 1534 1246 viderunt,
1555 1209 1773 1249 obstupuerunt
1789 1210 1801 1241 ζ’
1828 1209 1895 1242 Jam

1070 1253 1118 1292 qui
1134 1253 1206 1283 solis
1221 1257 1384 1284 creatorem
1409 1254 1503 1284 instar
1529 1253 1685 1285 luminaria
1711 1254 1801 1294 hujus
1816 1255 1847 1285 in
1862 1264 1896 1286 se

1068 1297 1284 1337 splendentem,
1302 1302 1486 1338 operantem,
1503 1298 1672 1338 loquentem
1690 1299 1797 1336 cernit,
1815 1308 1893 1339 quo-

1069 1341 1154 1373 modo
1167 1350 1288 1381 aspectu
1298 1352 1355 1372 non
1368 1343 1578 1382 obstupescet?
1589 1343 1738 1383 quomodo
1749 1343 1894 1383 religione

1068 1396 1126 1418 nou
1143 1386 1361 1427 perfundetnr?
1379 1387 1527 1427 quomodo
1543 1397 1602 1418 non
1619 1387 1733 1427 diliget,
1750 1397 1768 1418 a
1781 1398 1839 1428 quo
1848 1389 1894 1420 vi-

1065 1437 1124 1465 tam
1141 1431 1279 1472 accepit?
1308 1431 1451 1462 Homines
1467 1431 1524 1462 sibi
1539 1431 1652 1462 similes
1666 1432 1804 1464 homines
1820 1433 1894 1464 dili-

201 1487 357 1518 diaverint.
371 1475 520 1526 Quotquot
531 1475 679 1526 propriam
700 1475 879 1516 voluntatem
893 1475 1023 1524 perfecte

1090 1480 1145 1526 int,
1159 1475 1434 1526 quando-praestare
1445 1476 1582 1526 nonnihil
1593 1476 1660 1507 aliis
1673 1477 1822 1508 videntur.
1840 1480 1894 1510 Ast

201 1520 435 1570 exstirpaverint,
453 1520 482 1562 et
498 1520 748 1570 quemadmodum
757 1539 834 1568 .oves
851 1520 1051 1570 innocentes"
1065 1521 1196 1570 οηιιξξυῑη
1214 1520 1411 1570 conditorem,
1439 1520 1535 1570 ξοιυιυ
1561 1520 1891 1570 ίωῐηοτίᾷι-θῐῖιζιοωηξ-

200 1586 269 1616 erga
284 1561 430 1616 pastorem
460 1584 492 1605 se
507 1561 679 1614 lgesserint.
707 1564 882 1614 Quicunque
898 1583 1023 1614 corpore

1090 1566 1161 1596 lOdlS
1173 1569 1336 1605 potentem,
1350 1565 1416 1605 qnis
1429 1565 1522 1596 visum
1541 1575 1600 1596 non
1622 1566 1756 1597 amabit?
1770 1566 1814 1597 Ex
1828 1567 1892 1598 sola

199 1621 237 1652 ad
254 1619 417 1661 quamlibet
431 1619 578 1650 actionem
605 1629 721 1660 pravam
738 1619 860 1656 mortui,
879 1618 1021 1650 virtutum

198 1665 292 1696 labori
318 1664 532 1705 insudaverint,
555 1668 584 1695 et
609 1673 644 1694 ex
665 1664 727 1695 sola
754 1663 951 1694 moderatoris
977 1662 1022 1693 sui

197 1710 347 1740 voluntate
363 1709 500 1746 vixerint,
518 1708 688 1739 obedientia
710 1707 830 1746 mortui,
853 1708 1021 1748 iterumque

196 1753 345 1785 viviﬁcati.
363 1753 537 1793 Quicunque
553 1753 659 1783 timore
689 1753 754 1790 Dei,
772 1756 800 1783 et
815 1753 1020 1783 recordatione

198 1799 313 1836 mortis,
330 1799 362 1829 in
377 1798 509 1836 singulos
523 1798 588 1828 dies
603 1802 631 1828 et
657 1802 759 1828 noctes
775 1797 916 1838 lacrymas
932 1797 1019 1827 fude—

195 1844 266 1884 rint,
283 1848 312 1873 et
327 1843 493 1873 secundum
525 1843 706 1874 intellectum
737 1841 772 1873 ad
800 1842 891 1882 pedes
906 1841 1025 1876 Domini

196 1887 438 1928 procumbentes,
456 1887 692 1918 misericordiam
710 1891 739 1918 et
763 1886 881 1917 veniam
897 1885 1024 1916 delicto-

195 1942 260 1963 rum
278 1931 484 1972 tfagitaverint.
501 1931 537 1963 Hi
562 1931 707 1962 bonorum
725 1931 856 1962 omnium
873 1931 1020 1961 exercita-

196 1978 286 2014 tione,
304 1981 333 2008 et
347 1987 401 2008 usu
428 1976 560 2008 habitum
588 1975 658 2007 boni
680 1976 896 2016 adipiscuntur,
915 1976 1019 2015 lugen-

193 2027 298 2062 tesque
310 2021 455 2062 quotidie,
470 2025 499 2052 et
510 2025 734 2062 perseveranter
751 2021 912 2062 pulsantes,
926 2021 1018 2051 mise-

191 2067 352 2098 ricordiam
368 2071 601 2107 consequuntur.
619 2066 654 2097 Hi
669 2066 783 2096 crebris
800 2065 1016 2096 obsecrationi-

191 2111 246 2143 bus
259 2111 474 2151 gemitibusque
490 2111 751 2148 inenarrabilibus,
771 2115 801 2141 et
817 2111 1014 2151 lacrymarum

191 2156 322 2188 fontibus
341 2156 469 2187 animam
492 2160 666 2196 expurgant,
694 2165 780 2196 quam
807 2159 957 2196 purgatam
970 2155 1017 2186 vi-

1063 1610 1214 1641 auditione
1229 1610 1312 1640 multi
1341 1610 1429 1640 ﬁdem
1457 1609 1600 1641 habentes
1625 1620 1693 1641 eum
1709 1610 1889 1652 dilexerunt,

1062 1659 1094 1686 et
1108 1655 1194 1685 vitam
1223 1654 1288 1693 ejus
1313 1663 1400 1684 causa
1423 1659 1588 1694 posuerunt
1612 1654 1718 1692 sancti,
1747 1659 1775 1685 et
1789 1655 1892 1686 vivunt

1062 1699 1269 1730 nihilominus.
1287 1700 1342 1730 Ast
1356 1699 1406 1739 qui
1424 1698 1545 1730 visionis
1560 1703 1589 1730 et
1603 1699 1726 1731 luminis
1741 1700 1805 1739 ejus
1820 1710 1891 1740 par-

1062 1744 1167 1784 ticipes
1182 1744 1250 1775 facti
1265 1748 1346 1781 sunt,
1363 1744 1471 1783 cogniti
1500 1744 1535 1774 ab
1551 1744 1627 1784 ipso,
1643 1749 1673 1775 et
1687 1750 1891 1784 cognoverunt

1060 1789 1170 1829 ipsum,
1187 1789 1332 1829 quomodo
1349 1798 1408 1819 non
1422 1788 1574 1825 amabunt,
1591 1797 1689 1829 quaeso
1704 1789 1719 1818 ?
1735 1790 1888 1830 quomodo

1067 1837 1188 1874 propter
1203 1842 1271 1864 eum
1285 1842 1344 1863 non
1374 1832 1519 1873 lugebunt
1541 1837 1685 1872 perpetuo
1698 1832 1713 1862 ‘?
1738 1834 1889 1873 quomodo

1066 1887 1125 1909 non
1140 1878 1293 1914 mundum,
1311 1881 1341 1908 et
1355 1887 1419 1917 qua
1428 1877 1458 1907 in
1469 1877 1579 1907 mundo
1590 1881 1658 1907 sunt
1673 1880 1889 1910 contemnent?

1065 1923 1213 1963 quomodo
1229 1931 1288 1953 non
1305 1931 1424 1952 omnem
1440 1922 1584 1952 honorem
1599 1925 1628 1953 et
1643 1921 1766 1961 gloriam
1783 1922 1887 1963 despi-

1061 1968 1150 2005 cient,
1163 1967 1212 2008 qui
1224 1967 1305 1998 omni
1317 1967 1412 2006 gloria
1436 1967 1582 2003 terrestri,
1599 1967 1680 1997 omni
1696 1967 1811 1998 honore
1828 1978 1889 2000 ma-

1056 2013 1151 2052 jores,
1169 2021 1247 2049 eum,
1275 2012 1325 2053 qui
1341 2015 1386 2042 est
1401 2016 1482 2042 extra
1498 2015 1619 2049 terram,
1649 2016 1677 2042 et
1692 2017 1774 2043 extra
1787 2014 1888 2045 omnia

1059 2057 1261 2098 aspectabilia,
1287 2058 1347 2087 imo
1372 2066 1440 2087 vero
1465 2056 1516 2097 qui
1539 2057 1672 2087 condidit
1695 2058 1887 2098 aspectabilia

1059 2102 1207 2138 universa,
1227 2106 1257 2133 et
1281 2101 1404 2141 gloriam
1430 2101 1629 2132 immortalem
1646 2102 1838 2141 invenerunt,
1857 2109 1886 2135 et

1059 2151 1250 2187 acceperunt,
1268 2147 1400 2187 citraque
1416 2146 1563 2177 defectum
1585 2157 1673 2178 omne
1689 2147 1799 2179 bonum
1815 2149 1886 2180 inde

191 2201 457 2232 dentesincensum
465 2191 648 2232 desiderium
659 2191 723 2231 eam
731 2191 1016 2240 pleneexpurgatam

1090 2191 1169 2222 tbt‘nl.
1184 2191 1198 2221 ‘2
1214 2191 1290 2227 Quin
1306 2196 1334 2222 et
1349 2200 1468 2222 omnem
1499 2192 1712 2232 appetentiam,
1730 2203 1820 2224 omne
1834 2194 1885 2224 de-

190 2246 308 2277 videndi
337 2246 501 2284 concipiut.
531 2245 676 2281 Quoniam
706 2250 803 2276 autem
830 2246 920 2276 finem
942 2245 1016 2276 lucis

190 2291 325 2321 invenire
341 2300 399 2321 non
414 2291 525 2329 valent,
543 2292 639 2321 omnis
664 2289 798 2331 purgatio
814 2290 888 2330 ipsis
900 2290 1015 2330 imper-

189 2336 266 2367 fecta
281 2339 335 2366 est.

228 2380 497 2420 Quantumcunque
525 2379 604 2410 enim
635 2383 774 2420 purgatus
800 2379 894 2417 fuero,
921 2384 951 2410 et
965 2381 1013 2410 ni-

187 2429 272 2456 tuero
288 2425 392 2463 miser,
409 2429 438 2455 et
453 2430 717 2465 quantumcunque
731 2433 748 2455 a
763 2433 811 2455 me
822 2424 902 2455 visus
913 2425 1013 2464 fuerit,

186 2479 316 2511 purgans
333 2479 380 2501 me
396 2469 534 2510 Spiritus,
551 2479 670 2510 semper
687 2469 760 2500 mihi
777 2474 807 2501 et
819 2469 1012 2510 purgationis,

186 2522 216 2546 et
231 2515 351 2546 visionis
368 2515 548 2555 principium
563 2515 692 2546 videtur.
722 2514 754 2545 In
772 2515 917 2555 profundo
933 2515 1012 2546 enim

185 2560 311 2597 infinito,
327 2565 357 2591 et
371 2560 525 2590 altitudine
551 2560 694 2590 immensa
718 2559 785 2599 quis
813 2560 944 2590 medium
961 2568 1013 2594 aut

184 2607 274 2637 ﬁnem
291 2605 459 2636 invenerit?
484 2605 604 2635 Multum
630 2614 695 2635 esse
712 2605 786 2642 scio,
802 2605 853 2635 sed
871 2608 1010 2645 quantum

185 2653 234 2688 sit,
260 2650 372 2681 nescio.
403 2649 470 2680 Plus
500 2650 565 2690 plus
594 2650 746 2690 desidero,
774 2654 802 2680 et
824 2650 1013 2682 continenter

181 2704 281 2734 gemo,
306 2694 376 2734 quia
401 2693 538 2733 exiguum
566 2698 622 2734 est,
648 2693 726 2733 quod
752 2694 851 2724 (latum
878 2699 921 2724 est
941 2695 1008 2734 (etsi

183 2740 307 2769 multum
333 2748 398 2769 esse
423 2739 540 2779 opinor)
567 2739 603 2769 ad
629 2739 671 2776 id,
695 2739 773 2779 quod
802 2739 902 2779 procul
931 2750 946 2770 a
964 2749 1009 2770 mc

223 2820 260 2843 19'
275 2819 353 2864 Psal.
372 2827 473 2860 Lxxitl,
493 2820 521 2850 ὓ.

1058 2237 1202 2267 siderium
1218 2236 1467 2276 sempiternorum
1483 2236 1640 2274 bonorum,
1659 2247 1820 2278 rerumque
1835 2239 1883 2269 di-

1057 2281 1203 2318 vinarum,
1219 2285 1248 2312 et
1257 2280 1362 2312 eodem
1378 2281 1455 2311 fonte
1466 2290 1585 2322 semper
1601 2281 1726 2320 vivente,
1745 2286 1883 2323 tanquam

1058 2325 1177 2358 divitias
1196 2326 1379 2356 hauserunt:
1396 2335 1454 2366 quo
1471 2330 1500 2357 et
1517 2325 1614 2363 nobis,
1630 2327 1769 2361 Domine,
1786 2327 1883 2358 abun-

1056 2371 1162 2402 danter
1176 2370 1276 2401 satiari
1291 2370 1433 2408 concede,
1460 2374 1488 2400 et
1502 2370 1641 2402 omnibus
1659 2371 1836 2410 amantibus,
1853 2377 1883 2403 et

1056 2416 1255 2455 quaerentibus
1271 2420 1299 2446 te
1321 2425 1356 2446 ex
1374 2415 1486 2456 animo,
1504 2421 1536 2446 ut
1551 2420 1579 2447 et
1594 2417 1651 2457 ipsi
1665 2426 1718 2448 nos
1734 2427 1799 2448 curn
1816 2427 1882 2448 san-

1055 2462 1110 2493 ctis
1135 2462 1192 2493 tuis
1217 2466 1328 2492 aeterna
1356 2461 1495 2493 felicitate
1519 2463 1550 2492 in
1575 2463 1678 2494 omnia
1705 2463 1880 2495 saeculorum

1055 2507 1149 2547 spatio
1165 2507 1359 2538 oblectemur.
1377 2509 1483 2538 Amen.

1376 2561 1496 2592 CAI-‘UT
1512 2561 1562 2593 IX.

1053 2616 1174 2651 Spirilus
1195 2616 1284 2644 sancti
1300 2618 1458 2652 compotem,
1484 2616 1518 2644 ab
1541 2616 1662 2652 ejusdem
1685 2616 1789 2644 lunu'ne
1803 2618 1876 2653 rapi,

1090 2655 1114 2715 ἳι
1127 2660 1214 2715 suplra
1220 2660 1315 2714 potius
1327 2653 1548 2688 perturbalioms
1558 2653 1639 2689 ferri,
1651 2660 1698 2680 nec
1709 2660 1805 2680 «arum
1817 2662 1865 2680 wn
1874 2669 1880 2675 -

1102 2693 1165 2715 artu
1190 2696 1218 2716 α’.
1233 2697 1251 2715 ι.

1091 2736 1190 2768 Proh!
1220 2738 1316 2778 proh!
1352 2738 1475 2768 Domine
1504 2737 1702 2778 omnipotens,
1732 2737 1798 2777 quis
1829 2742 1876 2768 tua
