1978 3078
24 189 84 222 521

27 301 365 342 comprehensibilitale
381 299 557 340 implebitur
567 298 583 328 ‘l
598 298 665 339 quis
677 307 744 329 cum
762 306 816 342 pro
830 305 867 327 eo

28 357 66 378 ac
84 341 215 378 decelin
229 345 375 376 mandatis
385 344 442 376 tuis
452 343 658 383 ambulaverit,
675 342 764 373 etiam
772 341 868 372 vultus

31 392 77 422 tui
92 392 197 422 lumen
208 389 357 431 aspiciet?
371 390 511 430 Magnum
524 388 687 429 quoddam,
699 391 728 418 et
742 386 867 431 admira-

610 184 831 219 DIVINORUM
853 182 1017 214 AMORUM
1041 182 1155 214 LIBER

23 256 241 298 inaspectabili
254 254 477 297 pulchritudine
492 253 669 286 satiabitur!
683 252 751 293 quis
763 256 813 283 tua
823 251 866 281 in-
876 255 897 278 Α

1670 179 1729 212 522

1220 247 1340 280 CAPUT
1362 247 1412 280 Xl.

948 293 1043 324 Deum
1056 293 1116 324 sibi
1130 294 1206 324 sicut
1221 293 1318 324 Paulo
1332 296 1359 324 et
1375 293 1530 333 Stephano
1544 292 1683 332 apostolis

1032 341 1142 375 uisum,
1156 347 1225 369 cum
1239 341 1362 377 stupore
1377 341 1600 369 commemorat.

949 388 1019 424 Quae
1034 389 1120 429 hujus
1136 388 1268 419 miraculi
1285 388 1492 428 novitasquod
1505 393 1533 419 et
1544 397 1623 419 nunc
1636 391 1729 428 patra'

32 436 111 474 bile,
131 440 160 467 et
175 435 253 476 quod
270 434 392 465 omnino
408 432 613 473 intelligentiae
625 431 683 462 vim
695 430 867 476 superet,in
910 433 974 464 tur?
987 433 1079 464 Deum
1089 433 1177 464 etiam
1189 433 1304 464 hodiea
1314 433 1519 473 peccatoribus
1526 431 1730 473 vultconspici,

33 481 94 512 hoc
111 475 194 520 gravi
210 484 239 511 et
255 479 414 510 tenebroso
430 478 540 509 mundo
557 477 702 509 viventem
726 475 835 507 auferri
851 484 868 507 e
912 477 961 518 qui
974 478 1035 517 jam
1047 478 1117 508 olim
1128 477 1306 513 ascendit,et
1317 477 1347 507 in
1356 477 1438 508 caelis
1450 481 1572 517 paterno
1584 477 1732 508 intbrono

33 525 153 556 mundo
169 534 237 555 cum
253 532 388 564 corpore.
406 522 481 553 Hem
498 521 671 562 mysterium
687 520 867 564 inauditum!
912 522 1069 553 considens
1094 526 1138 552 est
1161 521 1362 552 absconditus.
1388 521 1520 552 Abstulit
1542 522 1620 553 enim
1647 530 1678 552 se
1693 520 1730 551 ab

33 567 111 604 QUiS
138 568 282 608 parietem
300 563 361 598 suae
375 566 473 597 carnis
497 570 700 605 transgressus
717 563 786 595 est?
802 563 871 603 quis
912 565 1006 596 oculis
1031 569 1200 596 sanctorum
1226 565 1437 605 apostolorum,
1455 569 1487 595 ut
1510 565 1686 602 audivimus,
1705 568 1735 595 et

35 612 172 653 pervasit
194 611 393 651 corruptionis
419 610 587 650 caliginem,
611 613 731 649 totoque
757 608 867 653 mundo
912 610 993 641 solus
1008 614 1109 650 postea
1124 609 1290 650 Stephanus
1304 609 1394 640 caelos
1407 613 1525 650 apertos
1540 610 1624 647 vidit,
1639 619 1674 640 ac
1689 609 1733 640 di-

36 651 162 687 deserto
178 655 285 687 latuit?
301 656 398 696 Papae,
416 663 504 695 quam
526 653 620 685 facilis
645 653 704 684 ista
726 651 866 692 cognitio,
907 654 968 686 xit:
990 654 1078 686 Video
1093 655 1209 686 Filium
1223 658 1351 686 stantem
1373 663 1392 685 a
1411 655 1527 686 dextris
1543 654 1653 696 gloriae
1669 653 1733 685 Pa-

36 705 68 731 et
82 710 145 732 non
157 700 275 731 subtilis
291 700 385 731 oratio
397 700 404 729 l
417 698 473 730 Ubi
484 698 579 734 latuit,
591 697 642 738 qui
654 697 798 728 mundum
812 700 869 727 tra-
909 699 1117 740 trisM_Adque
1129 699 1242 730 idcirco
1253 699 1290 729 ab
1302 699 1376 739 ipsis
1390 697 1463 739 legis
1474 699 1646 730 doctoribus
1656 699 1733 740 lapi-

33 746 125 786 jecit,
143 750 174 777 et
189 749 271 776 extra
286 745 386 775 omnia
401 753 466 784 quae
484 743 601 774 videbat
615 752 648 773 se
663 740 792 773 extulit?
806 740 866 780 dic,
909 743 995 775 dibus
1003 743 1136 782 obrutus,
1150 753 1202 784 pro
1227 749 1340 776 natura
1358 743 1530 775 conditione
1550 744 1687 781 moritur,
1705 747 1734 774 et

36 790 188 830 sapientia
211 790 378 830 sapientum
402 788 572 829 reprobate,
598 796 636 818 ne
659 786 757 817 dicam
774 794 791 816 a
806 786 868 817 Deo
908 787 977 818 vivit
992 797 1052 819 aevo
1068 788 1481 828 sempiterno.Verumtamen
1495 792 1557 819 erat
1571 788 1634 828 ipse
1649 796 1734 828 apos-

37 834 130 866 stulta
144 834 231 872 facta,
248 838 279 865 ut
292 833 387 874 inquit
403 833 555 870 Paulust5,
569 836 598 863 et
609 830 732 872 quilibet
743 830 794 861 Dei
807 838 868 860 ser.
879 862 898 874 n
910 832 1014 870 stolus,
1031 836 1060 863 et
1072 837 1135 863 erat
1149 832 1362 870 sanctiﬁcatus,
1374 837 1403 863 et
1414 837 1601 863 sacrosancto
1620 831 1732 872 Spiritu

38 888 107 910 vus.
126 878 180 910 Hic
196 862 241 910 est
257 878 301 909 vir
314 862 529 918 concupiscens
549 862 697 917 spiritum.
724 874 778 906 Hic
799 883 868 905 cor-
879 862 899 887 Β
910 862 1584 918 undiqueplenuslnitioautem’promulgatum
1593 862 1734 908 estlEvan-

40 932 114 964 pore
131 923 249 963 corpori
259 922 501 964 appropinquans
517 924 613 961 potest
628 919 734 960 spiritu
751 923 869 949 sanctus
909 921 1020 961 gelium
1036 921 1218 952 multitudini
1242 921 1418 959 inﬁdelium,
1450 922 1500 962 qui
1527 922 1732 962 apostolorum

40 976 121 999 esse.
147 967 236 998 Extra
260 967 404 998 mundum
431 966 510 996 enim
528 968 558 996 et
572 965 634 995 haec
649 972 785 1004 corpora,
809 972 869 994 non

40 1016 87 1043 est
101 1011 254 1052 appetitus
263 1011 391 1043 carnalis
404 1009 580 1043 all'ectionis.
597 1009 650 1040 sed
663 1008 792 1039 vacuitas
804 1016 870 1048 pas-

39 1057 173 1092 sionum,
183 1065 269 1096 quam
289 1056 339 1096 qui
352 1055 466 1091 dilexit.
478 1058 506 1086 et
516 1063 550 1085 ex
564 1062 598 1085 ea
611 1052 869 1084 dilectionevitam

42 1101 203 1138 lucrifecit,
216 1110 297 1138 eum,
311 1100 424 1131 etiamsi
448 1099 589 1130 indecore
609 1107 641 1128 se
661 1101 824 1136 gerentem,
842 1099 871 1126 et

42 1145 79 1176 ad
103 1145 254 1176 actionem
269 1143 440 1185 hujusmodi
456 1144 537 1184 quasi
555 1142 733 1182 transfugam
749 1150 782 1172 se
796 1145 869 1172 c‘on-

43 1190 192 1221 ferentem
208 1189 319 1226 videas,
337 1188 411 1220 scito
427 1188 457 1219 id
472 1188 744 1228 corpusﬂmortuum
761 1185 869 1217 facere.

44 1234 110 1266 Non
136 1235 203 1266 dico
231 1243 338 1274 corpus
367 1233 434 1265 sine
459 1233 569 1270 anima,
591 1241 657 1273 quae
686 1231 728 1263 illi
758 1235 871 1261 motum

44 1279 144 1316 affert,
170 1278 223 1309 sed
251 1278 317 1309 sine
341 1278 417 1309 mala
441 1277 589 1318 cupidate.
621 1275 762 1315 Voluptas
790 1274 869 1305 enim

47 1323 199 1364 praeclarae
214 1323 350 1359 ἀπαθείας,
363 1326 391 1353 et
401 1321 479 1362 quod
492 1330 526 1352 ex
538 1320 608 1351 inde
619 1319 786 1351 incredibili
799 1327 870 1359 quo-

47 1369 115 1399 dam
133 1367 221 1399 modo
238 1377 286 1399 me
300 1367 395 1406 diligit
410 1367 523 1404 lumen,
541 1369 633 1397 totam
651 1364 871 1403 mibilmentem

49 1413 217 1454 percellens
244 1412 369 1452 abripit,
394 1411 548 1452 ipsamque
576 1410 699 1441 nudam‘
716 1408 872 1454 continens

50 1453 241 1489 immateriali
256 1466 355 1492 manu,
373 1465 433 1487 non
449 1464 497 1486 me
507 1464 560 1486 sua
574 1454 707 1485 claritate
722 1453 872 1489 excidere,

911 975 1002 1006 opera
1017 966 1047 996 in
1063 965 1210 997 Christum
1226 966 1395 1002 credentes,
1414 966 1502 997 etiam
1525 966 1648 1006 gratiam
1663 966 1735 997 ﬁdei

909 1010 1020 1041 donum
1037 1015 1227 1050 acceperunt.
1244 1011 1284 1042 At
1301 1010 1382 1041 enim
1409 1020 1488 1041 nunc
1513 1020 1561 1041 res
1583 1020 1658 1041 nova
1673 1011 1736 1041 haec

910 1063 975 1095 qua:
985 1054 1016 1084 in
1031 1063 1080 1085 me
1094 1055 1138 1094 ﬁt,
1155 1054 1295 1095 quidnam
1313 1054 1370 1085 sibi
1380 1055 1457 1086 vult?
1472 1054 1549 1090 Quid
1565 1056 1611 1086 his
1625 1064 1690 1095 quae
1704 1055 1735 1086 in

911 1108 958 1129 me
975 1103 1182 1139 perpetrantur
1206 1099 1246 1130 ita
1267 1099 1470 1139 obstupesco?
1485 1099 1552 1139 quis
1575 1099 1623 1130 hic
1648 1099 1735 1130 beni-

911 1144 1028 1183 gnitatis
1045 1143 1160 1180 modus,
1179 1152 1266 1184 quem
1283 1143 1440 1184 experior?
1457 1143 1545 1174 Novae
1559 1143 1667 1175 divitia:
1682 1144 1736 1174 bo-

911 1188 1024 1226 uitatis,
1040 1189 1114 1219 alius
1129 1188 1193 1218 fons
1206 1188 1432 1226 misericordiae,
1449 1189 1541 1219 multo
1568 1189 1634 1229 plus
1647 1198 1736 1229 quam

913 1233 984 1264 olim
1000 1233 1169 1264 effundens.
1187 1233 1288 1264 Multis
1305 1233 1384 1264 enim
1409 1243 1445 1264 ex
1471 1233 1655 1272 benignitate
1681 1233 1738 1265 Dei

913 1278 1118 1309 misericordia
1143 1278 1291 1318 impertita
1309 1282 1354 1308 est
1371 1289 1377 1309 :
1395 1283 1601 1309 verumtamen
1627 1282 1656 1309 et
1680 1277 1739 1318 ipsi

913 1323 1067 1364 proprium
1080 1323 1327 1363 quiddamﬁdem
1338 1323 1478 1354 nimirum
1490 1323 1738 1361 aﬂ‘erebant,cum

914 1367 980 1398 aliis
997 1367 1153 1398 virtutibus
1174 1367 1364 1408 probatisque
1386 1367 1562 1398 actionibus.
1586 1367 1645 1407 Ego
1663 1376 1735 1398 vero

913 1412 960 1443 his
973 1411 1111 1443 omnibus
1128 1421 1176 1443 me
1191 1421 1294 1443 carere
1309 1412 1470 1452 perspicio,
1485 1417 1515 1444 et
1529 1413 1601 1451 scio,
1619 1418 1648 1444 et
1659 1413 1737 1444 ferre

914 1466 1040 1497 nequeo,
1062 1466 1129 1497 quae
1152 1457 1183 1487 in
1207 1466 1255 1487 me
1279 1457 1314 1487 ab
1330 1461 1414 1488 utero
1431 1458 1533 1488 matris
1549 1458 1735 1498 deploratum

50 1505 99 1532 aut
114 1500 227 1541 aliquid
243 1509 310 1531 cum
326 1499 430 1530 vitiosa
445 1499 574 1529 motione
589 1498 781 1538 conjunctum
795 1496 900 1542 COng-C
913 1496 986 1533 ﬁnxit
996 1512 1014 1532 δ,
1029 1503 1101 1540 Deo,
1112 1502 1161 1542 qui
1175 1501 1262 1532 verbo
1274 1510 1394 1533 omnem
1406 1506 1539 1533 naturam
1552 1496 1734 1542 procreavit,

48 1550 110 1577 tare
126 1545 257 1586 patitur:
270 1544 323 1575 sed
334 1543 541 1584 complectitur
552 1542 750 1579 continenter,
768 1546 796 1572 et
804 1541 872 1572 ani-

48 1600 126 1621 mam
153 1598 251 1620 meam
275 1592 368 1620 torret
391 1597 486 1625 amor,
504 1597 559 1618 nec
585 1591 630 1618 est
653 1587 684 1617 in
706 1595 753 1616 me
768 1595 873 1617 sensus

48 1635 135 1667 alius.
147 1633 262 1670 Quanto
274 1633 355 1664 enim
377 1629 592 1664 mundissimus
607 1633 692 1672 panis
715 1631 784 1662 timo
802 1640 871 1671 pre-

51 1680 143 1711 tiosor
163 1683 192 1709 et
206 1679 324 1710 suavior
337 1681 393 1715 est,
412 1681 493 1708 tanto
509 1676 636 1716 amplius
660 1680 690 1707 et
707 1675 772 1706 sine
788 1685 871 1706 com-

51 1722 349 1765 paratione/amplius
364 1731 492 1762 superna
507 1721 631 1752 infernis
644 1724 782 1761 praestant
795 1720 872 1760 apud

49 1769 128 1808 illos,
142 1767 192 1808 qui
209 1776 243 1798 ea
254 1767 331 1798 bene
347 1769 546 1806 gustaverunt.
563 1765 742 1796 Erubescam
758 1765 874 1805 sapien-

50 1818 112 1844 tum
125 1812 282 1853 sapientia,
299 1820 376 1842 verae
390 1811 569 1850 cognitionis
584 1819 701 1850 expers.
718 1809 873 1849 Simplici-

51 1862 94 1888 tas
109 1857 189 1888 enim
204 1860 377 1887 nostrorum
397 1864 568 1886 sermonum
591 1854 691 1894 reipsa
713 1853 873 1893 legitimam

50 1901 225 1943 sapientiam
255 1900 407 1941 possidet,
438 1909 504 1940 quae
532 1898 747 1930 consuetudine
776 1897 874 1928 divina

51 1948 152 1978 fruens
165 1946 251 1977 illum
266 1945 381 1981 adorat,
394 1954 412 1976 a
424 1954 481 1985 quo
498 1943 596 1974 omnis
608 1943 755 1983 sapientia
775 1943 804 1972 in
821 1943 874 1973 hac

51 1992 108 2022 vita
130 1991 240 2022 donata
265 1987 321 2027 es't,
350 1998 402 2030 per
425 1997 515 2029 quam
540 1987 686 2026 reﬁngor,
708 1992 758 2019 aut
784 1986 873 2018 etiam

53 2036 159 2067 deitate
174 2034 299 2066 elﬁcior.

379 2100 496 2132 CAPUT
517 2099 554 2132 X.

57 2157 224 2190 Tristitiam
237 2164 277 2188 ex
290 2155 374 2187 obitu
400 2155 565 2209 citatorum
585 2153 677 2185 etiam
692 2152 875 2184 robustiores
885 2152 989 2209 1)

382 2202 543 2240 attingere.

913 1556 1038 1587 quasque
1047 1550 1075 1577 et
1085 1547 1184 1577 animo
1197 1546 1328 1586 cogitare
1340 1546 1514 1583 reformido,
1525 1547 1636 1577 nedum
1653 1550 1685 1578 ut
1702 1556 1738 1578 ea

914 1591 1047 1623 scribere
1071 1591 1208 1623 audeam.
1230 1591 1303 1622 Nam
1323 1601 1459 1632 quamam
1488 1601 1592 1622 manus
1607 1592 1678 1622 huic
1693 1591 1737 1623 rei

913 1636 1075 1667 inserviet?
1089 1636 1155 1676 quis
1170 1636 1301 1666 calamus
1316 1636 1472 1667 exarabit?
1487 1636 1554 1677 quis
1565 1646 1665 1668 sermo
1677 1637 1738 1667 elo-

913 1680 1034 1721 quetur'!
1044 1689 1109 1721 quae
1128 1680 1229 1721 linqua
1244 1681 1442 1712 renuntiabit?
1453 1690 1517 1721 quae
1532 1681 1614 1712 labra
1631 1681 1735 1721 expri-

915 1729 1006 1762 ment,
1020 1734 1085 1765 qute
1104 1725 1134 1755 in
1150 1735 1199 1756 me
1213 1730 1374 1756 cernuntur
1387 1725 1463 1763 ﬁeri,
1482 1730 1510 1756 et
1524 1729 1584 1756 tota
1599 1725 1648 1756 die
1664 1735 1735 1766 per-

914 1770 986 1801 ﬁci?
1001 1769 1118 1801 Etenim
1135 1774 1164 1800 et
1178 1769 1245 1809 ipsa
1261 1774 1359 1807 nocte,
1376 1769 1406 1800 in
1421 1769 1494 1810 ipsis
1510 1770 1642 1801 tenebris
1668 1779 1737 1801 cum

914 1819 1046 1845 tremore
1061 1813 1209 1845 Christum
1225 1814 1316 1845 caelos
1337 1814 1410 1845 mihi
1434 1814 1620 1855 aperientem
1639 1814 1736 1855 video,

914 1859 1074 1899 ipsumque
1089 1858 1331 1899 prospicientem,
1349 1863 1378 1890 et
1399 1859 1429 1890 in
1455 1869 1502 1890 me
1527 1860 1669 1891 deorsum
1688 1859 1737 1890 in-

915 1907 1059 1941 tuentem,
1075 1913 1142 1934 cum
1155 1903 1240 1934 Patre
1252 1903 1413 1944 etSpiritu,
1431 1904 1543 1935 lumine
1558 1908 1606 1936 ter
1620 1908 1736 1936 sancto.

915 1947 1013 1980 Unum
1028 1947 1118 1988 igitur
1131 1948 1162 1978 in
1177 1948 1285 1989 tribus,
1316 1952 1346 1979 et
1366 1949 1396 1979 in
1421 1958 1479 1980 uno
1498 1949 1554 1980 tria
1577 1949 1674 1990 ipsum
1690 1948 1739 1980 lu—

917 2001 985 2024 men
1001 1992 1088 2033 plane
1105 1996 1159 2029 est,
1176 1997 1206 2023 et
1220 1993 1323 2024 lumen
1338 2002 1430 2024 unum
1442 1993 1510 2032 tria,
1525 1994 1604 2034 quod
1620 1998 1649 2025 et
1661 1994 1740 2035 plus~

916 2046 1004 2078 quam
1018 2037 1062 2068 sol
1078 2037 1206 2067 animam
1224 2047 1321 2068 meam
1337 2038 1471 2076 irradiat,
1495 2044 1524 2069 et
1540 2043 1672 2070 mentem
1692 2043 1740 2069 te-

916 2081 1018 2112 nebris
1043 2081 1167 2112 offusam
1191 2081 1331 2113 illustrat.
1357 2082 1388 2113 Si
1411 2083 1490 2113 enim
1516 2083 1639 2113 vidisset
1655 2092 1740 2113 mens

917 2135 993 2164 mea,
1006 2127 1044 2157 ab
1055 2126 1138 2156 initio
1153 2126 1285 2157 vidisset.
1301 2126 1359 2158 Sed
1375 2137 1470 2158 caecus
1486 2136 1581 2164 eram,
1591 2127 1665 2158 mihi
1676 2136 1741 2158 cre-

1003 2181 1057 2202 nec
1066 2170 1307 2212 videbam,atque
1324 2171 1391 2202 ideo
1402 2171 1576 2203 miraculum
1589 2172 1684 2211 magis
1694 2180 1742 2203 me

916 2216 1133 2257 obstupefacit,
1160 2225 1229 2247 cum
1257 2216 1377 2247 oculum
1409 2217 1518 2247 mentis
1549 2217 1683 2257 aperiat,
1713 2221 1743 2247 et

96 2271 171 2302 Rem
197 2277 301 2300 novam
323 2271 353 2298 et
370 2266 635 2307 obstupescendam
650 2264 759 2297 audivi.
777 2264 873 2296 Natu-
915 2260 1135 2307 quodammodo
1150 2260 1252 2307 videre
1267 2261 1328 2307 det,
1343 2267 1373 2307 et
1389 2265 1434 2307 est
1449 2261 1548 2302 ipsum
1565 2261 1643 2307 quod
1652 2261 1742 2307 _vide_-

56 2324 131 2352 ram,
152 2312 200 2344 cui
215 2312 289 2343 nihil
304 2322 370 2343 cum
383 2305 474 2342 rebus
488 2310 607 2342 caducis
630 2308 814 2346 commercii,
830 2308 873 2338 la-
914 2310 972 2352 tur.
990 2307 1056 2346 [pse
1069 2305 1265 2352 enimlunien
1282 2305 1318 2336 de
1343 2306 1456 2337 lumine
1479 2310 1599 2346 apparet
1613 2305 1745 2336 videnti.

56 2359 134 2400 pide,
147 2357 194 2389 cui
204 2365 314 2388 nomen
324 2356 455 2391 adamas.
472 2355 645 2400 solidiorem
658 2354 720 2400 pati
730 2352 873 2400 potuisse.

59 2397 114 2441 Qui
128 2401 203 2443 lapis
217 2410 284 2432 cum
297 2409 352 2432 nec
362 2400 441 2439 igne,
454 2409 510 2430 nec
521 2399 599 2430 ferro
609 2397 877 2443 mollescat,plum-

58 2448 94 2479 bo
107 2442 286 2487 implicatus,
303 2454 372 2476 cera
388 2445 419 2475 tit
434 2444 563 2475 mollior.
578 2443 666 2475 Modo
681 2442 795 2474 credidi
810 2445 877 2481 gut-

61 2497 102 2524 tas
115 2499 198 2532 aqua!
212 2490 299 2529 longo
312 2489 405 2529 spatio
421 2488 451 2519 in
465 2492 577 2529 petram
593 2488 736 2532 cadentes
747 2496 811 2517 eam
828 2495 876 2516 ca-

60 2531 185 2568 vareJEt
197 2534 328 2575 profecto
340 2534 414 2564 nihil
428 2538 471 2564 est
479 2533 509 2563 in
519 2533 575 2564 vita
584 2531 879 2563 immutabile.Nemo

62 2591 106 2612 me
128 2589 163 2611 ex
188 2588 312 2610 occursu
334 2578 460 2618 judicet.
477 2577 537 2615 Vae,
563 2576 676 2617 fugacia
699 2576 786 2616 hujus
814 2575 881 2607 vitae

63 2626 139 2657 bona
153 2628 290 2664 tanquam
306 2623 391 2654 ﬁrma
405 2626 435 2653 et
448 2622 544 2653 valida
563 2621 700 2658 intuenti,
718 2625 747 2651 et
771 2619 881 2651 laetanti

62 2671 92 2701 in
105 2670 175 2701 illis.
192 2668 304 2700 Eadem
316 2667 361 2698 illi
375 2677 432 2698 usu
445 2667 576 2704 venient,
593 2676 659 2707 quae
675 2665 747 2696 mibi
759 2665 879 2696 misero.

63 2716 123 2747 Nox
139 2723 186 2745 me
200 2722 217 2744 a
232 2713 323 2744 fratre
337 2712 524 2752 dulcissimo,
541 2711 706 2751 interrupto
732 2709 883 2741 charitalis

63 2758 185 2791 indiviso
201 2757 313 2788 lumine
329 2756 486 2798 separavit.

105 2839 130 2865 ιδ
143 2838 155 2870 l
167 2837 237 2869 Cor.
255 2845 275 2876 I,
297 2838 343 2869 t9.
388 2837 418 2862 ίι
431 2838 496 2869 Act.
515 2845 566 2874 vn,
582 2836 632 2868 55.

222 2924 348 2956 Ρλτιοι.
365 2922 419 2956 Gn.
435 2920 518 2956 CXX.

918 2350 984 2387 bus,
1003 2354 1032 2381 et
1045 2350 1095 2390 qui
1109 2350 1140 2380 in
1156 2349 1267 2381 lumine
1292 2351 1403 2388 vident,
1432 2350 1528 2390 ipsum
1558 2359 1678 2381 rursum
1697 2350 1742 2380 vi-

919 2396 1001 2432 dent,
1019 2394 1048 2424 in
1065 2394 1177 2425 lumine
1193 2395 1273 2425 enim
1289 2394 1419 2435 Spiritus
1434 2395 1545 2435 vident,
1561 2394 1613 2434 qui
1631 2394 1743 2434 vident,

919 2443 947 2471 et
962 2439 993 2469 in
1009 2439 1065 2469 hoc
1081 2439 1225 2476 videntes,
1239 2439 1348 2470 Filium
1366 2439 1562 2480 perspiciunt.
1575 2438 1631 2474 Qui
1645 2442 1744 2469 autem

919 2484 1026 2524 dignus
1041 2487 1087 2514 est
1102 2483 1230 2520 habitus,
1245 2484 1349 2514 videre
1366 2484 1485 2522 Filium,
1498 2484 1614 2515 Patrem
1627 2492 1746 2523 quoque

920 2529 1009 2560 videt.
1025 2530 1138 2559 Patrem
1156 2533 1254 2559 autem
1272 2529 1385 2569 videns,
1401 2538 1469 2559 cum
1486 2529 1560 2559 Filio
1572 2528 1694 2559 omnino
1707 2529 1747 2557 vi-

921 2574 981 2611 det,
998 2573 1074 2603 sicut
1086 2578 1114 2604 et
1131 2582 1220 2610 nunc,
1239 2577 1269 2603 ut
1281 2573 1393 2604 dictum
1410 2578 1464 2611 est,
1482 2573 1512 2603 in
1525 2582 1571 2604 me
1585 2573 1628 2603 fit.
1645 2573 1745 2603 Etnon

921 2617 1123 2658 intelligibilia
1147 2617 1329 2657 aliquantum
1354 2617 1485 2657 inteliigo
1504 2627 1510 2648 :
1529 2622 1557 2649 et
1574 2627 1652 2648 nunc
1677 2617 1746 2657 pul-

922 2663 1107 2694 chritudines
1124 2669 1246 2703 propter
1265 2663 1366 2693 lumen
1390 2662 1608 2699 inaccessibile,
1626 2666 1748 2702 propter

922 2707 1047 2747 gloriam
1069 2717 1127 2737 non
1154 2707 1357 2739 sustinendam
1376 2707 1653 2748 incontemplabiles
1674 2715 1746 2746 pro-

925 2752 971 2783 cul
988 2751 1111 2791 aspicio.

1468 2919 1505 2951 17
