1978 3078
218 159 276 193 523
869 159 1055 193 SYMEONIS
1074 158 1244 192 JUNlORIS
1846 156 1903 189 594

260 226 408 259 Attonitus
422 227 460 257 ﬁo
473 225 681 266 vehementer,
697 229 727 256 et
737 229 869 257 tremore
883 226 1039 267 corripior,
1052 231 1070 255 Α
1084 226 1120 257 ab
1136 236 1181 265 eo,
1195 227 1245 267 qui
1261 231 1306 258 est
1320 227 1350 257 in
1366 226 1524 267 principio,
1538 230 1606 257 ante
1621 226 1722 257 omnia
1736 225 1854 262 saecula,
1868 233 1903 255 ex

219 282 286 304 cum
302 271 360 303 nisi
374 279 461 302 unam
477 273 588 310 guttam
605 279 640 301 ex
655 269 758 310 abysso
773 269 900 308 videam,
918 271 1039 302 univer-
1081 270 1177 308 Patre,
1203 280 1270 302 cum
1290 271 1402 311 Spiritu
1425 274 1538 308 sancto,
1563 270 1638 301 Filio
1661 275 1689 302 et
1711 269 1810 301 Verbo
1839 268 1903 300 Dei.

219 317 290 349 sitas
303 319 402 347 autem
417 324 559 355 aquarum
581 319 614 346 ut
644 315 673 345 in
704 318 784 355 gutta
806 314 1038 354 demonstratur,
1082 315 1528 356 (Decstinutroqueexmplarz‘
1533 316 1649 356 pagina
1659 315 1906 354 fortasseum)...

217 369 343 403 quanam
365 359 506 401 qualitate
515 364 544 390 et
558 359 658 400 specie
673 359 711 389 sit
732 369 739 389 :
765 359 842 390 sicut
866 369 901 391 ex
923 360 1042 391 fimbria
1083 364 1112 391 et
1127 360 1157 390 in
1173 369 1221 390 me
1237 360 1404 400 producunt
1418 359 1540 397 bestias,
1558 364 1587 390 et
1603 360 1748 390 dracones
1764 359 1838 389 mihi
1850 368 1907 389 na-

217 410 310 438 totum
325 409 449 445 textum,
468 408 508 442 et,
525 407 557 435 ut
576 404 669 441 aiunt,
687 413 721 434 ex
737 413 835 444 ungue
851 404 909 435 leo.
928 404 974 436 Sic
991 411 1038 435 to-
1083 409 1217 441 scuntur,
1235 404 1403 444 etreptilia,
1429 409 1457 435 et
1481 407 1630 444 sepentes,
1649 403 1784 437 membra
1799 403 1908 433 animae

217 455 280 482 tum
295 450 327 481 in
350 458 438 491 parvo
461 449 633 489 amplexans
655 449 752 486 video,
769 449 927 489 ipsumque
955 449 1038 480 illum
1081 458 1155 479 meae
1170 454 1310 480 vexantes
1325 450 1540 488 semper.Vana
1558 449 1667 489 quippe
1683 452 1712 479 et
1726 448 1823 478 inanis
1838 447 1907 488 glo-

217 495 379 535 Christum,
394 498 423 525 et
433 495 528 525 Deum
542 502 641 524 meum
655 493 756 524 adoro.
773 493 929 524 Solabalur
939 498 1038 525 autem
1078 493 1124 524 ria
1137 495 1253 524 mordet
1267 503 1326 531 me,
1343 497 1373 524 et
1386 493 1491 524 dentes
1515 493 1611 532 inﬁgit
1624 493 1654 523 in
1678 501 1730 524 cor
1743 502 1854 529 meum,
1869 502 1907 523 ex

217 549 265 571 me
281 538 429 577 nonnihil,
446 537 524 579 quod
539 547 598 568 non
614 538 783 575 devorarer,
796 538 875 578 quod
889 548 948 569 non
959 548 1040 569 com-
1080 548 1138 578 quo
1154 537 1271 568 inﬁrmo
1284 538 1345 577 jam
1361 543 1389 568 et
1405 538 1491 578 plane
1506 538 1597 569 fracto
1614 547 1660 568 me
1677 547 1768 568 canes
1785 537 1903 568 feroces

216 584 352 622 burerer,
371 584 453 615 velut
466 591 563 614 cerac
575 582 657 622 facie
670 584 762 622 ignis,
774 588 806 612 ut
822 582 895 613 dixit
910 583 1036 623 Prophe-
1080 582 1255 613 exstiterunt
1271 587 1299 613 et
1320 583 1448 613 ferarum
1468 582 1632 613 multitudo.
1651 581 1781 622 Cumque
1793 583 1902 622 jacen—

217 629 285 668 ωδ,
293 629 363 669 quia
376 627 464 667 longe
475 627 617 658 distarem
628 626 769 657 alumine
788 626 999 665 inaccessibili,
1010 631 1039 658 et
1080 631 1139 657 tem
1156 627 1349 664 invenissent,
1364 627 1560 658 comederunt
1575 636 1632 658 me.
1649 627 1770 658 Deliciae
1782 627 1862 658 enim
1873 630 1904 657 et

216 672 452 705 consisteremin
462 670 569 702 mediis
589 670 732 708 tenebris,
753 674 782 701 et
797 671 843 701 his
861 671 1036 712 occultarer,
1080 671 1184 702 laudes
1202 672 1337 702 humana
1359 671 1577 702 emedullaiunt
1594 676 1622 702 et
1639 677 1817 702 enervarunt
1833 671 1902 702 ani-

215 718 297 749 unde
307 717 387 749 velut
397 725 450 758 per
459 715 609 747 modicum
619 715 752 746 foramen
764 715 1036 755 prospiciens,ver-
1081 725 1158 746 mam
1172 725 1279 754 meam,
1297 716 1539 756 abstuleruntque
1556 715 1627 746 mihi
1641 715 1732 747 robur
1746 720 1775 746 et
1790 716 1902 746 alacri-

215 763 339 804 tiginem
349 760 492 803 patiebar.
504 759 537 791 In
548 759 595 792 his
607 760 676 790 dum
687 759 762 795 vivo,
775 764 966 800 mentemque
977 760 1038 791 dis-
1079 764 1165 791 tatem
1182 770 1289 792 meam.
1301 760 1366 791 Heu
1378 759 1443 792 me!
1456 761 1506 801 qui
1520 760 1646 791 scribam
1663 761 1777 791 omnia?
1789 760 1900 800 Magni-

216 808 346 845 tineo,et
356 805 479 848 quasiin
491 805 598 836 caelum
611 814 660 836 me
670 808 738 845 puto
749 804 914 845 suspicere,
928 805 1035 836 timeo-
1078 805 1133 836 ﬁca
1146 809 1243 837 autern
1260 805 1400 845 opinione
1415 806 1452 836 de
1468 815 1516 836 me
1526 805 1898 845 ipso,inertia,voluplate,

215 861 284 894 que.
301 860 339 882 ne
351 847 477 894 propior
494 849 566 894 mihi
585 849 679 880 factus
693 858 741 894 me
751 847 1035 894 aiilet,ipsumillum
1077 859 1147 881 cura
1158 849 1330 880 hominibus
1340 850 1630 890 placendi,tanquam
1646 849 1812 881 latronibus
1823 849 1898 880 mihi

215 893 327 934 inveni,
353 904 442 936 quem
466 893 634 935 Stephanus
654 893 737 924 caelis
761 894 870 934 apertis
895 893 978 932 vidit,
1006 893 1233 939 etBimpositis,
1249 893 1388 939 utrinque
1402 894 1563 939 trahentes,
1581 894 1779 925 distraxerunt
1792 894 1898 924 me.Et

215 946 317 984 postea
333 941 441 973 Paulus
455 949 524 984 cum
540 939 672 984 vidisset,
688 942 850 984 excaecatus
867 943 912 984 est
924 938 965 977 18,
987 943 1033 984 tor-
1075 939 1138 970 haec
1152 939 1271 984 quidem
1287 938 1383 969 ablata
1397 938 1559 984 sobrietate
1572 943 1601 969 et
1618 939 1824 984 temperantia;
1834 939 1898 970 haec

214 983 277 1018 tum
299 985 429 1027 profecto
458 987 491 1016 ut
516 983 616 1023 ignem
643 983 673 1013 in
702 983 800 1014 medio
830 983 929 1015 cordis
962 983 1032 1016 mei.
1074 992 1143 1014 vero
1159 993 1249 1023 opera
1264 983 1352 1020 bona,
1370 987 1400 1014 et
1413 983 1546 1014 actiones
1561 985 1726 1015 secundum
1743 983 1850 1020 Deum,
1867 988 1899 1014 ut

214 1030 413 1068 Quamobrem
438 1028 580 1059 miraculo
611 1028 811 1065 tremefactus,
842 1032 872 1059 et
899 1028 1034 1069 trepidus
1074 1028 1200 1068 aseipsa
1218 1028 1364 1068 profectas
1378 1031 1540 1065 ostentans,
1555 1032 1704 1059 mortuum
1721 1037 1767 1059 me
1791 1027 1897 1059 reddi-

213 1074 309 1113 valde,
326 1078 356 1106 et
369 1073 473 1105 solutis
489 1072 614 1110 viribus,
631 1072 668 1104 de
691 1076 790 1103 mente
807 1073 936 1111 decessi,
956 1077 1034 1104 totus
1075 1072 1193 1104 derunt.
1209 1072 1273 1110 Dic,
1290 1072 1408 1110 amabo,
1425 1081 1462 1103 an
1482 1082 1541 1103 non
1557 1073 1740 1111 miserabile,
1758 1077 1787 1104 et
1804 1073 1898 1103 mise-

212 1118 446 1152 haasitabundus.
469 1118 535 1149 Non
561 1116 711 1148 sustinens
733 1121 832 1148 autem
856 1118 1033 1149 immensam
1074 1117 1192 1149 ratione
1213 1116 1421 1156 dignissimum
1446 1121 1501 1154 est,
1523 1126 1589 1148 cum
1613 1121 1670 1148 tam
1689 1118 1791 1148 multa;
1806 1118 1897 1148 affec-

213 1164 352 1205 gloriam,
364 1163 395 1194 in
403 1166 490 1194 nocte
497 1162 602 1193 harum
611 1161 781 1192 notitiarum
791 1171 912 1193 aversus
923 1163 1031 1203 aufugi,
1075 1162 1182 1200 tiones,
1195 1166 1224 1193 et
1237 1162 1366 1202 impetus
1383 1161 1543 1192 turbulenti
1556 1161 1586 1192 in
1603 1171 1650 1192 me
1666 1167 1788 1202 repente
1803 1162 1898 1193 irrue-

213 1213 368 1250 tectusque
383 1206 622 1247 cogitationibus,
648 1206 678 1237 in
703 1206 750 1237 his
773 1206 851 1237 velut
871 1207 901 1238 in
924 1217 1033 1238 monu—
1074 1213 1157 1246 runt,
1174 1211 1203 1237 et
1216 1206 1298 1237 omni
1322 1206 1428 1237 virtute
1447 1209 1567 1236 exutum
1583 1216 1617 1237 ac
1632 1206 1829 1247 despoliatum
1845 1207 1896 1237 in-

213 1257 345 1285 mentum
357 1252 527 1292 ingressus,
550 1254 580 1282 et
596 1259 648 1290 pro
663 1250 762 1290 lapide
776 1250 834 1282 hoc
848 1251 1032 1282 crassissima
1076 1255 1270 1288 teremerunt,
1299 1259 1418 1282 rursum
1448 1260 1496 1281 me
1524 1250 1619 1291 ipsum
1645 1251 1757 1289 nescio,
1774 1256 1803 1282 ct
1818 1251 1895 1282 nihil

212 1306 338 1340 corpore
353 1295 551 1337 superposito,
562 1294 698 1340 obtectus
709 1303 785 1333 sum,
797 1300 826 1326 et
838 1295 1032 1340 absconditus
1075 1305 1177 1326 eorum
1192 1305 1256 1336 quae
1272 1295 1344 1340 milii
1360 1295 1550 1334 contigerunt
1562 1305 1722 1334 agnocens,
1737 1300 1831 1326 statuo
1846 1305 1895 1327 me

212 1338 353 1384 opinione
369 1349 436 1372 mea
449 1350 466 1370 a
482 1343 628 1380 praesente
647 1338 768 1384 ubique,
794 1339 844 1379 qui
862 1338 1031 1384 olimrmor-
1075 1341 1217 1380 majorem
1232 1339 1380 1379 omnibus,
1397 1343 1426 1370 et
1441 1344 1591 1370 vacantem
1604 1340 1892 1380 perturbationibus,

211 1391 295 1418 tuum
312 1395 346 1417 ac
360 1384 509 1425 sepultum
520 1392 568 1414 me
580 1383 726 1414 excitavit.
743 1383 887 1414 Tremens
901 1383 991 1421 enim,
1004 1388 1033 1414 et
1073 1389 1102 1415 et
1110 1385 1204 1415 virum
1215 1388 1360 1420 sanctum,
1374 1388 1402 1414 et
1410 1384 1588 1424 sapientem,
1602 1385 1803 1425 eximiumque
1813 1386 1897 1416 theo-

210 1440 272 1462 non
288 1430 364 1471 potis
377 1429 480 1460 videre
490 1428 556 1468 ejus
567 1428 702 1467 glariam,
714 1428 817 1458 subire
826 1427 907 1467 elegi
923 1427 1031 1469 potius,
1073 1430 1183 1469 logum,
1209 1433 1238 1460 et
1254 1429 1323 1469 jure
1346 1429 1545 1459 venerandum
1561 1429 1598 1460 ab
1617 1430 1762 1460 universis
1778 1434 1892 1460 morta-

211 1478 242 1506 et
256 1483 380 1506 manere
394 1473 426 1504 in
441 1473 591 1513 sepulcro,
609 1475 639 1503 et
653 1471 786 1503 habitare
808 1481 875 1502 cum
895 1472 1030 1510 mortuis,

1073 1473 1150 1504 libus
1178 1473 1234 1505 Sed
1252 1477 1281 1504 et
1295 1482 1362 1504 cum
1377 1473 1492 1510 laudor,
1508 1477 1540 1504 ut
1553 1473 1670 1505 laudem
1687 1475 1809 1505 meritus
1824 1484 1893 1505 om-

211 1518 311 1550 vivens
325 1518 390 1558 ipse
404 1517 435 1548 in
450 1516 599 1557 sepulcro,
618 1525 706 1556 quam
727 1520 759 1547 ut
784 1515 852 1555 igne
876 1516 926 1546 illo
946 1515 1126 1548 com-cnes
1142 1517 1298 1552 advocans.
1322 1517 1360 1548 ab
1384 1517 1421 1548 iis
1446 1518 1518 1548 mihi
1545 1518 1666 1549 honoris
1692 1519 1893 1550 testimonium

210 1562 314 1595 bnstus
328 1562 461 1593 funditus
476 1560 617 1601 perirem.
629 1559 673 1590 lbi
689 1560 840 1591 sedentem
858 1569 906 1590 me
921 1561 1030 1600 despe-

210 1611 319 1644 ratum,
345 1606 467 1637 omnino
491 1605 557 1635 sine
577 1605 638 1635 line
661 1604 828 1641 lamentari,
859 1608 888 1636 et
913 1605 1030 1645 plorare

211 1655 337 1693 oportet,
362 1651 431 1692 quia
450 1649 579 1680 desirato
608 1649 776 1686 frustratus,
806 1658 885 1680 nunc
910 1648 940 1679 in
964 1658 1029 1680 mo-

210 1700 352 1728 numento
372 1695 526 1726 delitesco.
550 1693 658 1725 Vivens
686 1697 784 1724 autem
813 1697 946 1724 mortuus
974 1693 1030 1724 sul)

209 1746 300 1779 terra,
331 1744 360 1772 et
385 1739 484 1780 lapide
505 1741 668 1774 contectus,
690 1737 778 1768 vitam
808 1737 909 1769 inveni
934 1738 1029 1769 Deum

207 1786 319 1827 ipsum,
337 1785 387 1825 qui
401 1784 488 1825 vitam
505 1782 599 1820 dedit,
617 1782 664 1813 cui
679 1782 717 1813 sit
730 1783 874 1823 gloria,et
894 1783 990 1814 honor
998 1783 1029 1813 in

208 1830 325 1861 saecula.
970 1847 974 1850 ν

517 1890 637 1923 CAPUT
660 1890 722 1922 XII.

209 1957 251 1988 De
261 1956 378 1987 unitate
392 1954 566 1986 omnimodo
580 1953 784 1992 τρισυποστάτου
799 1952 941 1989 Deitatis;
956 1958 986 1984 et
997 1956 1030 1986 in

246 1995 356 2037 quibus
369 2003 402 2037 se
416 1994 534 2034 aliquid
548 2002 610 2024 esse
634 1993 727 2037 dicat,
742 1992 908 2037 humilium
929 2001 961 2025 se
974 1994 1030 2026 hac

248 2033 441 2075 confessione,
465 2033 497 2065 ει
521 2035 732 2073 arrogantiam
744 2033 950 2073 pudefaciens.

248 2097 413 2137 Quomodo,
430 2105 496 2137 quae
510 2095 669 2136 aliquando
681 2095 711 2125 in
725 2104 772 2125 me
787 2095 933 2133 delevisti,
950 2095 1028 2128 Deus

208 2152 305 2180 meus,
327 2141 519 2179 reviviscunt,
542 2149 649 2180 meque
674 2139 819 2176 cruciant,
837 2143 866 2170 et
889 2141 1026 2173 tenebras

1071 1562 1268 1602 colligendum
1283 1566 1365 1602 puto.
1375 1561 1570 1606 'Congregalis
1587 1563 1666 1593 enim
1681 1563 1751 1604 illis,
1769 1573 1822 1604 ego
1833 1573 1896 1594 am-

1070 1606 1148 1647 plius
1170 1606 1346 1645 intumesco,
1373 1611 1401 1637 et
1416 1610 1520 1637 crebro
1535 1607 1750 1648 circumspicio,
1768 1618 1804 1639 ne
1819 1609 1895 1640 forte

1070 1651 1136 1692 quis
1150 1651 1237 1692 absit,
1250 1653 1299 1692 qui
1317 1660 1364 1682 me
1379 1661 1439 1682 non
1453 1651 1562 1682 videat.
1579 1652 1662 1688 Quod
1680 1653 1705 1683 si
1721 1653 1797 1683 forte
1812 1653 1893 1694 quis-

1070 1698 1147 1736 piam
1164 1696 1243 1726 limis
1257 1696 1350 1726 oculis
1366 1705 1413 1726 me
1429 1697 1587 1736 aspexerit,
1605 1697 1762 1737 malignior,
1780 1701 1811 1728 et
1825 1707 1894 1728 con-

1068 1740 1171 1781 vicior,
1187 1744 1216 1771 et
1230 1740 1267 1771 de
1277 1740 1328 1771 illo
1344 1741 1477 1780 detraho,
1495 1745 1526 1771 ut
1553 1745 1581 1771 et
1607 1742 1684 1780 ipse,
1700 1742 1747 1772 hlS
1768 1742 1891 1783 auditis,

1070 1785 1265 1816 convitiorum
1277 1794 1410 1816 meorum
1422 1785 1581 1826 impatiens
1592 1786 1700 1824 veniat,
1713 1796 1761 1817 me
1772 1787 1890 1825 salutet,

1071 1839 1203 1870 meaeque
1222 1829 1303 1866 ﬁdei,
1319 1839 1513 1870 mearumque
1531 1839 1663 1871 precum,
1686 1835 1714 1862 et
1739 1832 1892 1863 charitatis

1070 1874 1209 1913 indignus
1224 1873 1461 1914 appareat.Quod
1478 1875 1515 1905 de
1528 1875 1651 1915 reliquis
1661 1875 1799 1906 omnibus
1808 1878 1889 1908 dico.

1070 1919 1158 1950 Venit
1172 1918 1258 1959 alius,
1269 1923 1299 1949 et
1313 1918 1554 1949 benedictionem
1565 1929 1662 1950 meam
1677 1925 1817 1960 reportat,
1829 1930 1894 1952 ser-

1071 1973 1174 1994 mones
1184 1968 1214 1994 et
1228 1963 1392 1994 doctrinam
1408 1973 1503 1994 meam
1525 1965 1681 1996 auscultat.
1698 1964 1775 1996 Proh
1791 1966 1892 1996 stulti—

1070 2007 1139 2038 tiam
1168 2008 1286 2038 meam!
1319 2007 1471 2044 Quomodo
1500 2008 1662 2040 nuditatem
1691 2019 1725 2040 ac
1741 2011 1892 2041 miseriam

1070 2061 1167 2083 meam
1193 2061 1252 2083 non
1274 2062 1376 2090 cerno,
1392 2057 1422 2084 et
1438 2052 1537 2093 plagas
1553 2063 1611 2084 non
1627 2054 1737 2092 sentio,
1754 2065 1812 2086 non
1835 2055 1892 2086 tri-

1069 2101 1141 2137 stor,
1157 2106 1215 2127 non
1231 2098 1298 2135 fleo,
1316 2107 1373 2128 nec
1393 2098 1575 2128 sanationem
1592 2107 1691 2138 quaero
1703 2099 1733 2130 in
1762 2110 1891 2131 nosoco-

1068 2142 1128 2172 mio
1140 2142 1255 2182 jacens,
1270 2151 1325 2173 nec
1347 2151 1469 2173 accerso
1485 2142 1617 2173 medicos
1632 2144 1793 2175 ostendens
1810 2144 1889 2176 vibi-

208 2188 282 2220 mihi
296 2186 422 2219 faciunt?
439 2185 688 2226 perturbationes,
708 2183 840 2224 inquam,
853 2184 915 2222 irae,
933 2188 962 2215 et
976 2191 1123 2216 ex-Dces
1145 2195 1225 2217 meas
1241 2191 1269 2217 et
1284 2186 1426 2226 detegens
1451 2186 1511 2217 illis
1535 2187 1623 2217 etiam
1647 2188 1777 2219 occultas
1797 2190 1891 2221 animi

208 2232 438 2269 candescentize,
453 2230 533 2262 unde
548 2238 649 2270 vapor,
666 2233 695 2259 et
710 2229 803 2268 caligo
819 2228 961 2260 invadunt
976 2239 1027 2261 ca-

207 2282 261 2319 put
274 2286 385 2314 meum,
402 2279 608 2315 cacanturque
630 2273 708 2305 oculi
722 2273 923 2319 intelligentia
941 2284 1026 2307 meae.

207 2317 326 2355 Etenim
347 2321 428 2353 velut
451 2319 612 2351 connivere
626 2322 656 2350 et
680 2317 797 2348 occludi
823 2322 978 2357 coguntur,
1000 2323 1030 2350 et

206 2371 257 2398 tuo
272 2366 384 2407 spolior
393 2365 517 2400 lumine;
528 2362 608 2404 quod
617 2371 683 2407 cum
694 2370 780 2407 nemo
795 2371 853 2392 non
865 2362 1026 2403 desideret,

209 2406 297 2452 pauci
312 2415 411 2441 tamen
426 2408 595 2450 exquirunt.
612 2406 697 2452 Quini
713 2406 801 2452 etiam
816 2416 890 2447 quos
907 2408 963 2438 tuis
979 2418 1029 2439 ar-

208 2451 290 2488 canis
304 2455 441 2495 dignatus
454 2463 498 2491 es,
511 2457 540 2484 et
549 2452 585 2483 ad
595 2451 777 2482 materialem
789 2453 1029 2484 communionem

208 2510 276 2532 cum
292 2510 381 2531 sensu
394 2509 452 2530 non
464 2496 623 2534 materiali,
635 2495 843 2536 ineli‘ahilium,
853 2501 883 2528 et
893 2498 1030 2530 omnibus

208 2545 431 2577 tremendorum
460 2542 664 2584 mysteriorum
690 2545 806 2571 tuorum
828 2541 986 2583 admisisti,
1002 2547 1030 2574 et

209 2590 317 2621 dedisti
330 2589 374 2621 eis
384 2593 414 2620 ut
425 2591 638 2628 cognescerent
658 2585 837 2616 invisibilem
857 2585 887 2616 in
903 2586 1027 2618 visibili-

210 2634 267 2665 bus
280 2633 417 2673 gloriam,
435 2640 602 2672 novumque
624 2630 794 2671 mysterium
811 2630 842 2660 in
857 2632 967 2662 mundo
982 2632 1028 2663 fa-

209 2683 289 2710 ctum
307 2679 475 2716 (admodum
492 2676 577 2717 pauci
592 2679 671 2714 sunt,
689 2678 733 2705 sat
749 2674 823 2710 scio,
840 2675 890 2714 qui
911 2676 973 2707 haec
989 2677 1027 2708 li-

210 2723 299 2764 quido
322 2723 400 2764 apud
423 2721 555 2754 animum
581 2729 667 2752 suum
686 2719 881 2759 contemplati
900 2720 1027 2761 fuerunt)

252 2812 282 2839 ίδ
294 2811 372 2845 Pul.
388 2819 483 2850 mn,
501 2811 529 2843 3.
573 2809 603 2836 ιο
616 2810 682 2842 Act.
699 2818 738 2849 rx,
755 2810 785 2842 8.

1071 2231 1130 2261 mei
1146 2230 1346 2270 agritudines,
1374 2235 1406 2262 ut
1431 2231 1512 2262 sicca
1537 2231 1695 2272 emplastra
1724 2237 1752 2264 et
1780 2234 1892 2265 ustoria

1069 2275 1243 2315 imponant,
1269 2285 1334 2316 quae
1362 2275 1477 2307 fortiter
1504 2276 1638 2307 sanitatis
1675 2279 1891 2318 recuperandae

1070 2329 1159 2350 causa
1182 2320 1369 2352 sustineam?
1388 2321 1446 2352 Sed
1463 2320 1558 2361 potius
1584 2320 1660 2352 addo
1676 2322 1797 2353 vulnera
1812 2333 1890 2364 quo-

1071 2364 1154 2396 tidie.
1584 2382 1590 2385 -

1111 2412 1150 2441 At
1161 2414 1202 2447 tu,
1217 2419 1234 2440 ο
1246 2411 1324 2441 Deus
1339 2419 1432 2448 meus,
1446 2410 1591 2441 miserere
1606 2411 1737 2451 mei,qui
1750 2411 1894 2453 deceptus

1071 2463 1136 2484 sum
1152 2457 1180 2485 et
1194 2455 1308 2492 erravi;
1337 2458 1366 2485 et
1393 2455 1529 2485 timorem
1557 2458 1639 2485 tuum
1667 2455 1768 2487 insere
1794 2455 1824 2486 in
1840 2465 1894 2487 cor

1072 2503 1233 2537 meum,,ut
1247 2499 1409 2530 secundum
1440 2500 1579 2531 mandata
1602 2503 1652 2530 tua
1675 2500 1818 2531 mundum
1843 2501 1892 2532 fu—

1070 2543 1160 2584 giam,
1178 2547 1207 2574 et
1221 2544 1346 2582 oderim,
1363 2548 1391 2575 et
1406 2544 1518 2575 salubri
1543 2548 1622 2574 metu
1643 2545 1817 2575 contraham
1843 2555 1893 2577 me

1071 2588 1232 2628 sapienter.
1248 2588 1291 2619 Ne
1307 2589 1398 2626 sinas,
1416 2589 1543 2629 Christe,
1570 2597 1617 2619 me
1639 2588 1670 2619 in
1694 2590 1794 2621 medio
1812 2590 1893 2621 illius

1072 2633 1212 2664 oberrare
1226 2633 1400 2673 vagarique;
1415 2642 1482 2664 nam
1500 2637 1528 2664 te
1543 2633 1651 2672 solum,
1668 2634 1810 2665 hactenus
1831 2644 1892 2666 non

1070 2677 1223 2716 dilectum,
1234 2677 1334 2717 diligo,
1349 2682 1379 2708 et
1394 2682 1443 2709 tua
1458 2677 1553 2708 solum
1569 2684 1718 2718 praecepta
1733 2688 1781 2710 me
1795 2689 1894 2710 serva-

1069 2727 1168 2754 turum
1183 2723 1311 2762 conﬁdo,
1329 2723 1380 2764 qui
1397 2727 1475 2755 totus
1489 2731 1555 2755 sum
1565 2723 1595 2753 in
1605 2722 1691 2761 vitiis,
1710 2733 1765 2755 nec
1780 2733 1892 2765 cogno-
