1978 3078
25 211 85 245 525
105 236 107 239 ι
600 213 820 247 DIVINORUM
840 212 1004 244 AMORUM
1029 214 1143 245 LIBER
1417 223 1419 225 ‘
1655 213 1715 245 526

24 280 50 310 vi
67 284 108 311 te.
130 280 201 317 Quis
216 281 326 311 etenim
349 285 376 312 te
396 281 543 321 cognovit,
562 285 590 311 et
607 281 709 312 mundi
724 281 847 320 gloriam
858 286 879 310 Α
891 280 957 311 sine
972 289 1073 320 sensu,
1094 280 1188 311 instar
1199 280 1252 311 luti
1264 284 1319 312 est.
1335 277 1442 312 Totam
1455 282 1561 312 animae
1582 280 1713 312 hominis

25 325 198 357 desiderat?
223 330 272 356 aut
295 325 361 366 quis
387 329 414 356 te
439 330 527 364 amat,
546 330 575 356 et
602 330 710 366 praeter
728 330 755 356 te
769 325 847 356 aliud
889 325 1068 356 voluntatem
1084 334 1171 355 unam
1197 334 1262 356 esse
1288 329 1367 365 puto.
1393 326 1449 362 Qui
1467 336 1536 366 ergo
1559 335 1643 357 suam
1661 325 1710 358 di-

23 370 145 409 quaerit?
162 380 268 410 nempe
282 374 311 400 ut
323 379 427 400 omnes
447 370 482 401 ad
498 379 530 401 se
541 370 733 406 laudandum,
751 375 779 401 et
794 370 848 401 ad-
889 369 956 400 vino
989 369 1113 409 Spiritui
1141 370 1344 409 conjunxerit,
1372 371 1432 401 Deo
1461 371 1567 402 similis
1596 371 1710 407 evasit;

24 413 193 445 mirandum
208 415 344 452 advocet;
360 419 409 445 aut
424 414 601 454 quibusdam
617 415 777 451 aduletur;
799 419 849 446 aut
889 413 1004 445 Christo
1020 414 1049 444 in
1067 417 1167 454 pectus
1187 419 1320 455 accepto,
1347 415 1531 446 Christianus
1553 425 1571 446 a
1595 415 1710 447 Christo

23 458 158 489 omnium
170 459 316 490 amicitias
328 458 383 489 sibi
395 459 556 490 conciliare
572 459 775 490 studeat.ch
786 459 849 490 nul-
894 462 949 495 est,
965 459 1115 490 Christum
1131 459 1288 490 formatum
1305 459 1335 490 in
1352 460 1462 500 seipso,
1480 460 1712 500 incomprehen-

24 502 71 533 lus
86 512 240 534 servorum
266 508 383 534 tuorum
408 513 616 542 germanorum
643 504 736 541 fecit;
753 505 854 534 ethoc
896 512 973 540 sum,
991 503 1098 541 solum,
1116 508 1144 534 et
1158 513 1259 534 revera
1283 504 1422 535 omnibus
1450 505 1577 536 conditis
1599 505 1712 536 naturis

25 551 70 577 est
91 548 171 587 quod
199 558 244 579 me
272 548 398 587 cruciat,
417 552 446 579 et
460 548 490 578 in
509 548 660 579 tristitiam
687 549 748 588 dat,
774 550 855 579 Deus
897 547 1084 578 inaccessum
1100 548 1185 588 plane
1200 549 1229 579 in
1246 557 1278 580 se
1293 548 1461 580 continens.
1488 549 1558 585 Sed,
1575 559 1592 580 ο
1609 554 1712 581 natura

24 601 121 628 meus,
139 592 208 632 quia
223 593 307 624 video
333 602 380 623 me
405 592 437 623 in
463 593 509 623 his
524 593 668 624 servitute
683 593 859 636 subactum,
898 592 1083 628 intemerata,
1111 593 1238 624 essentia
1254 593 1390 631 .occulta,
1421 594 1520 633 ignota
1547 594 1713 634 benignitas

25 646 81 667 nec
96 637 268 677 persuaderi
290 638 320 668 in
344 638 467 668 alteram
486 642 608 677 partem,
628 648 683 668 nec
701 635 855 669 humiliari
901 635 1036 675 plurimis
1050 637 1232 673 hominibus,
1250 638 1453 669 misericordia
1467 648 1532 679 quae
1555 649 1615 670 non
1629 639 1714 670 vide-

26 690 158 720 possum,
173 692 227 713 nec
239 686 317 713 tuam
329 681 422 713 solius
437 682 560 721 gloriam
574 692 706 723 quaerere
718 684 848 719 instituo,

25 734 80 764 per
95 736 183 764 quam
209 727 396 757 deinonstrer
418 726 526 763 ﬁdelis,
553 736 587 757 ac
609 736 711 758 servus
727 731 803 764 tuus,
822 730 851 758 et

24 779 78 808 per
93 780 182 808 quam
199 771 358 811 (praecipue
374 771 404 801 in
421 771 532 802 vilitate
550 776 580 802 et
595 771 798 807 mendicitate,
816 780 850 802 ac

24 813 189 854 laboribus)
207 825 265 846 non
283 816 498 855 potentioribus
515 816 615 853 modo,
626 816 677 847 sed
690 816 849 856 etregibus

25 868 102 898 queo
119 859 360 892 ﬁerisublimior.
374 860 509 892 Flectere
519 860 608 899 igitur
623 860 700 891 Deus
716 860 849 891 omnium

893 683 939 709 tur
958 689 976 710 a
998 680 1086 711 stulte
1114 681 1276 712 viventibus
1302 681 1496 722 invariabilis,
1527 683 1711 720 insecabilis,

892 727 936 754 ter
951 730 1052 756 sancta
1067 725 1206 764 essentia,
1223 726 1348 766 simplex
1365 727 1478 763 lumen,
1492 731 1521 758 et
1531 737 1636 759 carens
1648 738 1714 768 spe-

892 769 948 806 cie,
966 769 1088 800 minime
1103 770 1310 810 compositum,
1334 771 1559 812 incorporeum,
1576 773 1714 813 quodque

891 822 908 843 a
932 813 1013 844 nulla
1039 818 1143 845 natura
1168 815 1234 855 capi
1260 819 1349 855 atque
1373 816 1588 856 comprehendi
1619 821 1713 857 potes,

891 858 1050 897 quomodo,
1070 868 1087 888 ο
1113 868 1176 895 rex,
1204 859 1297 890 oculis
1325 860 1463 892 humanis
1488 860 1621 901 objectus
1637 870 1668 892 es
1684 866 1716 892 ut

25 902 180 942 opilex.ad
193 903 380 935 tribuendam
392 904 628 936 misericordiam
644 905 750 936 animae
762 914 846 942 meae,
861 910 879 935 Β
892 911 956 941 egi).
974 902 1110 941 cognitus
1125 903 1161 934 ab
1181 904 1226 934 his
1239 904 1289 944 qui
1312 904 1343 935 in
1364 905 1473 935 mundo
1487 911 1568 944 sunt,
1583 910 1715 945 gestatus

26 948 77 986 qui
90 947 166 978 bene
178 952 209 978 ut
220 958 328 986 essem,
339 949 446 980 dedisti
460 949 542 986 mihi,
554 954 582 981 et
594 950 793 988 cognitionem
805 959 852 980 ve.
893 950 1001 977 sanctze
1025 948 1124 978 Matris
1141 952 1197 979 tuae
1220 948 1369 985 manibus,
1385 949 1490 988 ligatus
1506 954 1538 981 ut
1553 950 1713 989 homicida,

25 1001 89 1021 ram
107 992 227 1031 largire,
255 996 287 1023 ut
313 993 399 1024 bonis
415 994 472 1024 tuis
489 994 606 1024 aeternis
622 995 651 1024 in
668 995 737 1026 solis
752 994 852 1025 seiens
894 1000 995 1030 passus
1011 996 1042 1022 ut
1057 992 1216 1030 maleliCUS,
1234 993 1304 1023 dum
1319 1003 1367 1024 me
1383 1003 1504 1034 prorsus
1528 994 1640 1026 salvare
1659 995 1714 1032 Vis,

27 1040 56 1066 et
72 1037 206 1076 prudens
221 1037 394 1074 inhmream,
411 1038 596 1079 glmiamque
613 1043 690 1069 luam
703 1050 737 1070 ex
753 1041 852 1072 animo
893 1039 922 1066 et
937 1035 967 1066 in
987 1036 1155 1076 paradisum
1177 1037 1278 1076 gloriae
1293 1037 1391 1068 denuo
1413 1038 1569 1071 reducere.
1587 1039 1655 1070 Haec
1671 1044 1716 1071 est

27 1080 152 1120 diligam
168 1086 196 1112 et
212 1091 354 1121 quaeram,
371 1083 532 1113 humanam
548 1087 741 1114 acteirenam
758 1085 852 1116 neuli-
893 1081 1058 1112 (Βαοηοπιίίι
1075 1085 1133 1122 tua,
1151 1082 1213 1112 haec
1226 1091 1315 1113 causa
1329 1082 1473 1113 adventus
1486 1082 1539 1122 luis
1552 1083 1614 1114 hac
1627 1084 1715 1114 mise“

25 1134 112 1165 quam
130 1135 251 1163 curem;
269 1133 300 1157 ut
322 1126 375 1157 tibi
392 1137 482 1162 nunc,
499 1133 529 1158 et
543 1132 609 1167 post
623 1133 748 1159 mortem
772 1139 842 1160 con-

19 1170 145 1209 jungar,
162 1175 190 1201 et
204 1180 320 1202 merear
334 1181 459 1211 regnare
482 1176 590 1212 tecum,
607 1173 740 1213 quiimea
757 1183 846 1205 causa

24 1214 254 1253 ignominiosam
264 1225 366 1246 necem
376 1225 408 1247 es
415 1226 599 1256 perpesssus,
609 1223 762 1248 etumnem
769 1228 846 1250 (eco—

24 1259 156 1289 nomiam
173 1259 340 1299 implevisti.
352 1259 434 1291 Tunc
448 1261 620 1292 mortalibus
635 1262 779 1293 universis
795 1272 845 1294 ero

886 1124 1025 1164 ricordia,
1044 1129 1073 1156 et
1096 1126 1267 1157 humanitas
1292 1131 1351 1164 tua,
1378 1126 1517 1157 omnibus
1539 1128 1715 1160 mortalibus

886 1168 972 1199 nobis
989 1169 1128 1208 exhibita,
1148 1171 1297 1211 ﬁdelibus,
1312 1171 1493 1208 inﬁdelibus,
1508 1172 1635 1203 ethnicis
1645 1182 1715 1213 pec-

887 1214 1049 1252 catoribus,
1067 1219 1097 1245 et
1112 1216 1234 1246 sanctis.
1254 1216 1343 1247 Facta
1354 1220 1400 1247 est
1413 1216 1493 1246 enim
1507 1217 1653 1257 apparitio
1666 1223 1716 1249 tua

887 1261 919 1290 in
937 1268 1024 1289 carne
1040 1260 1208 1291 communis
1233 1260 1365 1291 omnium
1388 1260 1520 1292 vivorum
1535 1270 1570 1292 ac
1582 1265 1714 1293 mortuo-

887 1312 952 1333 rum
975 1303 1054 1334 salus
1070 1308 1099 1335 et
1109 1304 1289 1345 redemptio.

930 1347 1011 1383 Quod
1024 1353 1124 1380 autem
1140 1349 1170 1379 in
1187 1359 1233 1380 me
1249 1349 1364 1390 perdito
1381 1350 1510 1387 occulte,
1527 1355 1557 1381 et
1578 1360 1713 1383 seorsum

890 1392 1057 1431 ignorantia
1080 1393 1272 1432 cagnoscibili
1296 1394 1370 1424 mihi
1393 1394 1514 1434 quidem
1537 1400 1630 1434 certe,
1647 1397 1714 1428 aliis

890 1441 988 1466 autem
1001 1447 1070 1477 non,
1083 1438 1247 1476 perfectura
1263 1442 1320 1476 est,
1342 1447 1408 1478 quae
1422 1439 1522 1478 lingua
1537 1440 1715 1480 eloquetur?

890 1491 955 1521 quae
971 1491 1056 1512 mens
1065 1482 1309 1522 interpretabitur
1319 1482 1334 1512 ί)
1345 1483 1411 1524 quis
1422 1493 1522 1514 sermo
1533 1485 1711 1525 enuntiabit,

60 1524 179 1552 similem
194 1525 299 1553 reddat.
323 1524 332 1526 “
482 1524 491 1525 “
891 1530 961 1557 utet
976 1536 1079 1557 manus
1105 1536 1170 1558 mea
1194 1527 1301 1559 litteris
1327 1527 1448 1558 exaret?
1468 1537 1538 1559 vero
1554 1529 1634 1560 enim
1651 1524 1714 1560 treé

67 1573 220 1613 lllacrymu
237 1579 265 1605 el
280 1584 472 1614 compungor,
491 1586 557 1606 cum
583 1576 657 1607 mihi
671 1576 773 1607 iumen
789 1577 848 1608 fu]-
892 1572 1045 1609 mendum,
1066 1572 1252 1603 tremendum
1268 1577 1324 1610 est,
1341 1573 1473 1614 inquam,
1492 1583 1547 1605 nec
1568 1575 1639 1606 satis
1653 1575 1714 1606 dici

24 1618 65 1648 sit
80 1618 223 1659 videoque
237 1619 458 1650 mendicitatem
473 1630 582 1661 meam,
597 1626 784 1659 etcognosco
799 1616 880 1652 ubic
893 1621 999 1656 ροιεει,
1016 1617 1093 1657 quod
1106 1627 1123 1648 ἃ
1140 1627 1185 1648 me
1200 1617 1316 1648 Videtur
1345 1618 1459 1658 iumen,
1481 1618 1559 1658 quod
1585 1619 1714 1650 mundus

24 1671 104 1698 sum,
122 1667 151 1694 et
165 1663 282 1703 qualem
299 1664 602 1702 mundunrincolam,
620 1665 753 1696 mortalis
768 1675 850 1696 mor-
891 1660 946 1691 iste
965 1671 1023 1691 non
1041 1662 1140 1693 habet.
1163 1661 1197 1692 Et
1212 1661 1307 1701 diligit
1330 1672 1388 1699 me,
1407 1663 1458 1703 qui
1481 1663 1513 1693 in
1528 1663 1584 1694 hoc
1600 1664 1710 1695 mundo

25 1707 115 1738 talem
129 1712 158 1738 et
169 1708 356 1738 interiturum
370 1708 495 1740 scilicet.
511 1710 646 1740 Delector
656 1719 724 1741 vero
740 1714 768 1740 et
781 1720 850 1750 gau-
892 1715 950 1736 ῐιοιι
963 1711 1020 1736 85L
1037 1707 1142 1745 Εῐβὲο
1157 1708 1185 1737 in
1202 1707 1299 1738 medio
1315 1707 1400 1738 cellae
1415 1716 1488 1738 mea!
1513 1708 1598 1739 Video
1613 1709 1712 1747 illum,

25 1751 96 1788 deo,
121 1752 237 1792 quoties
261 1757 367 1783 statum
392 1762 490 1783 meum
513 1758 542 1784 et
555 1763 730 1785 concessam
747 1755 819 1785 mihi
834 1765 851 1785 a
892 1750 942 1790 qui
956 1755 1037 1781 extra
1055 1751 1197 1781 mundum
1213 1756 1269 1783 θεία
1286 1750 1499 1791 δυρετιθοιιιιο
1516 1761 1581 1783 meo
1606 1753 1708 1795 sedeo,

26 1796 89 1827 Deo
105 1797 230 1836 gloriam
248 1797 408 1837 perspicio,
425 1807 458 1828 ac
474 1807 522 1829 me
537 1798 616 1829 velut
637 1801 772 1837 angelum
788 1799 849 1830 Do-
893 1799 921 1824 et
937 1799 1018 1825 extra
1039 1795 1181 1826 mundum
1197 1805 1308 1827 versor.
1323 1795 1396 1826 Eum
1412 1800 1511 1827 autem
1527 1797 1577 1837 qui
1592 1807 1713 1839 semper

26 1841 103 1871 mini
115 1841 391 1872 totumindumento
404 1851 462 1872 non
476 1843 620 1873 materiali
633 1848 769 1873 ornatum
779 1853 850 1874 con-
891 1843 946 1879 est,
964 1845 993 1870 et
1009 1844 1104 1870 tamen
1120 1840 1237 1880 genitus
1259 1845 1304 1871 est
1327 1841 1423 1879 video,
1447 1841 1499 1881 qui
1525 1851 1591 1872 cum
1615 1847 1644 1874 et
1665 1843 1710 1874 lo-

23 1886 116 1924 jecto.
137 1884 282 1916 Gaudium
295 1886 383 1925 igitur
398 1886 545 1925 largitoris
560 1891 588 1917 et
600 1887 784 1918 immutantis
801 1897 848 1918 me
891 1894 965 1924 quor
990 1885 1144 1925 alitiqutio
1167 1885 1279 1922 dicere,
1308 1885 1394 1923 Αῐηο,
1418 1886 1559 1926 quoniam
1587 1887 1639 1918 illo
1664 1897 1711 1919 me

25 1930 80 1960 Dei
94 1930 275 1960 desiderium
291 1931 322 1960 in
339 1940 384 1960 me
405 1934 574 1971 exsuscitat,
602 1932 785 1962 desiderium
801 1933 847 1963 la-
890 1933 977 1960 amat.
995 1928 1064 1960 Sola
1079 1931 1143 1969 Ejus
1158 1930 1368 1969 contemplatio
1384 1931 1532 1970 praeclarae
1556 1932 1629 1963 mihi
1655 1932 1711 1964 da-

25 1984 191 2015 crymarum
208 1976 318 2005 ﬂuenta
333 1975 473 2015 proludit,
492 1981 521 2006 et
536 1986 582 2006 me
598 1976 718 2007 uberius
733 1976 846 2007 illumi-
890 1982 942 2013 pes
957 1978 986 2004 et
1001 1974 1183 2005 nutrimenta
1198 1979 1276 2012 sunt;
1288 1975 1391 2015 illique
1403 1976 1503 2006 unitus
1518 1985 1608 2016 supra
1620 1979 1711 2008 caelos

24 2024 85 2051 nat.
101 2020 218 2054 Audite,
237 2020 287 2059 qni
302 2020 331 2050 in
346 2019 453 2057 Deum,
471 2025 501 2050 ut
512 2029 579 2060 ego,
598 2021 736 2060 peccatis;
751 2022 847 2052 elabo-
889 2019 1011 2050 scando.
1027 2019 1061 2049 Et
1080 2020 1137 2050 hoc
1152 2028 1253 2049 verum
1271 2029 1305 2050 ac
1329 2023 1443 2050 certum
1466 2029 1532 2051 esse
1554 2021 1627 2054 scio.
1655 2022 1712 2054 Ubi

23 2069 87 2095 rate
103 2069 133 2095 et
143 2063 253 2095 currite
264 2064 294 2094 in
307 2064 393 2095 bonis
407 2064 558 2106 operibus,
573 2066 846 2106 utcomprehenda-
887 2067 985 2094 autem
1003 2064 1059 2094 hoc
1075 2073 1182 2104 corpus
1197 2068 1258 2094 tum
1274 2064 1323 2100 sit,
1338 2064 1449 2096 nescio.
1461 2065 1528 2095 Scio
1541 2066 1709 2098 descende-

25 2110 72 2147 tis,
91 2113 120 2140 et
134 2109 371 2148 complectamini
388 2109 464 2148 ignis
488 2112 610 2140 materia
633 2110 763 2141 vacantis
779 2120 845 2141 ma-
887 2117 930 2143 re,
945 2108 995 2148 qui
1011 2112 1054 2139 est
1067 2108 1241 2139 immobilis.
1258 2108 1327 2139 Scio
1338 2118 1355 2138 a
1367 2118 1413 2139 me
1426 2110 1533 2146 videri,
1550 2120 1601 2150 qui
1621 2116 1710 2142 natu-

24 2154 130 2184 teriam
147 2154 226 2193 (cum
242 2153 309 2184 dico
326 2155 489 2194 materiam,
504 2153 631 2185 divinam
647 2155 699 2185 tibi
712 2160 844 2186 naturam
886 2161 918 2182 ra
932 2156 977 2182 est
992 2152 1222 2192 inaspectabiiis-
1247 2153 1326 2190 Seio,
1343 2153 1394 2192 qui
1419 2153 1455 2184 ab
1471 2154 1553 2184 omni
1578 2160 1713 2187 creatura

24 2198 174 2239 signiﬁco)
191 2198 395 2229 ctasceudatis
407 2198 636 2230 intellectualem
647 2200 753 2230 animae
766 2200 843 2231 lam—
885 2197 972 2237 longe
998 2197 1095 2234 distat,
1122 2196 1158 2227 ab
1188 2206 1222 2228 eo
1247 2197 1353 2237 accipi,
1386 2201 1415 2228 et
1441 2199 1520 2228 inter
1542 2199 1629 2230 ulnas
1645 2201 1712 2240 ejus

23 2244 143 2284 padem,
160 2248 192 2274 ut
213 2244 287 2274 ﬁatis
310 2244 389 2274 soles
413 2244 443 2274 in
467 2244 578 2274 mundo
604 2245 786 2277 collucenles
816 2242 1040 2284 elDabscundi,
1058 2246 1087 2272 et
1103 2246 1172 2272 tunc
1190 2247 1272 2273 extra
1288 2246 1381 2274 totum
1399 2243 1542 2274 mundum
1561 2253 1608 2275 me
1624 2246 1708 2276 inve-

24 2297 210 2328 nequaquam
226 2288 281 2320 visi
295 2289 391 2319 abhis
406 2288 455 2328 qui
471 2289 500 2319 in
520 2289 631 2319 mundo
650 2294 730 2327 sunt;
742 2294 774 2320 ut
787 2290 850 2325 silis
891 2287 960 2317 niri.
977 2286 1113 2317 Vicissim
1130 2295 1183 2326 ego
1198 2287 1342 2326 mortalis,
1359 2287 1428 2317 etin
1443 2287 1500 2318 hoc
1517 2289 1626 2320 mundo
1639 2299 1710 2329 par-

22 2332 99 2363 sicut
115 2332 168 2370 dii,
187 2336 275 2363 totam
290 2332 343 2363 Dei
359 2332 484 2372 gloriam
501 2333 578 2364 intra
588 2343 638 2364 vos
651 2334 846 2374 possidentes,
891 2341 945 2362 vus
960 2336 1047 2372 atque
1063 2332 1195 2370 exiguus,
1212 2331 1289 2361 intra
1305 2341 1352 2362 me
1368 2335 1531 2363 creatorem
1549 2334 1651 2364 mundi
1667 2338 1710 2365 to-

22 2377 50 2408 in
62 2376 180 2407 duabus
193 2377 462 2416 essentiis,duabus
472 2378 594 2409 omnino
610 2379 848 2419 naturis,duplici
890 2380 950 2407 tum
967 2376 1079 2416 aspicio
1097 2385 1103 2407 ἰ
1121 2379 1150 2406 et
1165 2375 1235 2406 dum
1261 2375 1338 2407 intra
1353 2376 1443 2406 Vitam
1465 2386 1542 2415 sum,
1559 2382 1710 2419 totamque

21 2421 727 2462 functione,geminavoluntate,quemadmodum
738 2423 843 2455 Paulus
888 2421 976 2452 vitam
992 2421 1068 2452 intra
1082 2430 1128 2451 me
1144 2420 1291 2459 vigentem
1302 2424 1331 2450 et
1342 2421 1499 2452 ﬂorentem
1515 2422 1708 2462 complector,

22 2467 128 2498 clamat
143 2466 251 2497 i7.Aiia
266 2471 310 2497 est
325 2466 471 2507 siquidem
488 2468 573 2498 ﬂuxa!
583 2467 682 2498 carnis
697 2469 840 2507 voluntas,
885 2475 932 2496 me
947 2475 1005 2496 non
1023 2466 1197 2496 moriturum
1213 2465 1287 2496 scio.
1305 2464 1337 2495 In
1353 2465 1444 2495 corde
1470 2475 1536 2496 meo
1554 2471 1610 2507 est,
1627 2471 1656 2498 et
1679 2468 1710 2499 in

22 2512 77 2542 alia
93 2511 218 2551 spiritus
233 2515 261 2542 et
276 2511 382 2542 animae
394 2520 467 2542 mea:
480 2521 486 2542 :
499 2516 702 2543 verumtamen
715 2523 773 2543 non
790 2514 839 2544 tri-
885 2510 959 2540 cado
974 2519 1032 2540 non
1046 2510 1128 2540 deest
1147 2520 1153 2539 :
1173 2510 1221 2540 hic
1238 2513 1266 2539 et
1281 2509 1322 2539 ibi
1337 2519 1353 2539 a
1371 2519 1418 2540 me
1434 2510 1566 2541 cernitur
1585 2513 1709 2552 zequali-

23 2556 154 2596 plex,sed
170 2555 276 2596 duplex
287 2555 426 2595 uthomo,
440 2556 632 2587 sum.Anima
644 2567 708 2587 mea
724 2558 841 2597 corpori
885 2559 930 2585 ter
944 2555 1250 2590 coruscam-Quonam
1276 2562 1375 2586 autem
1403 2556 1490 2586 modo
1515 2556 1711 2597 intelligentia

22 2609 85 2632 meo
113 2600 315 2640 inexplicabili
333 2601 449 2630 vinculo
475 2601 609 2640 colligata
636 2606 691 2632 est.
706 2602 842 2633 Altamen
885 2601 954 2631 satis
970 2610 1144 2640 consequar,
1162 2610 1220 2640 quo
1238 2604 1321 2639 pacto
1340 2600 1384 2630 ha:
1401 2600 1490 2630 lianl‘?
1510 2606 1561 2632 aut
1582 2611 1709 2642 quomo-

22 2645 165 2676 utrumvis
176 2649 374 2684 congruenter
387 2654 441 2675 sua
456 2647 571 2685 quzei'it,
586 2647 843 2687 corpus,comede-
885 2645 921 2676 do
941 2645 992 2676 tibi
1015 2655 1154 2676 enarrare
1177 2649 1292 2684 potero,
1317 2654 1382 2684 quin
1406 2644 1541 2685 in‘elligo
1558 2651 1586 2676 et
1600 2647 1709 2678 video?

22 2689 503 2729 re,bibere,dormire;quasetiam
511 2690 607 2720 carnis
616 2692 845 2722 terrenzevolun-
887 2689 960 2721 Sunt
972 2690 1050 2720 enim
1065 2691 1194 2730 profecto
1207 2690 1296 2720 elfutu
1309 2689 1513 2728 impossibilia,
1531 2694 1559 2720 et
1572 2691 1708 2722 universe

24 2738 93 2766 lates
109 2734 326 2775 appello.Quod
341 2738 494 2774 postquam
512 2734 548 2765 ab
563 2735 661 2766 anima
676 2740 844 2776 separatum
885 2735 1107 2772 inenarrabilia,
1126 2745 1191 2775 quae
1202 2734 1305 2765 oculus
1320 2743 1382 2764 non
1398 2734 1479 2771 vidit,
1497 2743 1552 2766 nec
1566 2735 1645 2766 auris
1655 2745 1706 2766 au-

23 2777 117 2820 iuerit,
136 2779 211 2810 nihil
233 2779 346 2820 appetit
361 2780 568 2819 hujuscemodi
585 2789 591 2810 :
606 2781 657 2811 sed
681 2785 842 2820 mortuum,
885 2780 966 2818 divit,
982 2785 1010 2811 et
1027 2780 1055 2809 in
1074 2789 1124 2810 cor
1139 2779 1256 2810 carnale
1282 2788 1340 2809 non
1365 2780 1609 2810 ascenderunt‘s.
1630 2781 1703 2812 Gra-

25 1303 178 1334 illustrior.
196 1305 301 1335 Amen.
320 1305 361 1335 Ita
377 1305 436 1343 ﬁat,
454 1305 590 1345 Domine,
605 1316 683 1337 nunc
699 1311 728 1337 et
742 1307 772 1338 in
788 1317 845 1338 s33-

26 1348 102 1378 cuia.

328 1401 449 1433 CAPUT
471 1401 548 1433 XIII.

23 1453 68 1480 Αιι
81 1454 270 1488 paenitentiam
283 1454 446 1487 cohortatio,
462 1456 488 1482 et
502 1456 635 1490 quomodo
648 1456 773 1485 voluntas
787 1464 848 1484 car-

62 1489 285 1526 ηῇδηυοιωιζαιὶ
310 1491 425 1526 spiritus
453 1489 597 1525 copulata,
629 1492 766 1520 hominm
792 1492 848 1520 Deo

57 2865 80 2890 Π
97 2864 183 2896 Rom.
202 2873 253 2903 vn,
276 2865 310 2896 l4
325 2874 408 2906 seqq.
454 2866 482 2890 I8
498 2866 554 2896 Isa.
571 2874 651 2904 LXIV,
671 2866 687 2897 4
706 2877 713 2903 ;
731 2866 743 2897 Ι
759 2867 826 2897 Cor.
846 2874 876 2906 ii,
895 2866 924 2897 9.
