1978 3078
200 181 257 214 527

840 182 996 215 SYMEON
998 183 1034 214 IS
1053 183 1069 214 J
1073 183 1240 216 UNIORIS.

1825 186 1886 220 528

201 250 260 296 tias
272 259 326 290 ego
339 249 566 296 tibiLDomine,
590 250 732 296 quoniam
753 251 894 282 misertus
905 260 949 296 res
965 251 1054 282 meiA
1065 256 1095 283 ut
1111 252 1171 283 mei
1187 253 1330 285 misertus
1344 253 1474 285 salvares
1489 264 1547 286 me.
1565 254 1627 286 Hoc
1643 259 1725 286 certa
1739 255 1798 287 ﬁde
1813 265 1886 296 per-

200 299 230 326 et
243 294 358 326 donasti
369 294 453 335 mihi,
471 298 503 325 ut
517 294 580 326 haec
594 294 738 334 viderem,
747 299 777 326 et
785 295 1018 333 conscriberem,

199 338 385 379 posterisque
399 339 474 370 meis
489 339 682 380 praedicarem
699 339 912 380 benignitatem
925 343 1019 376 tuam;

198 387 231 414 nt
245 387 276 414 et
286 392 366 414 nunc
381 392 466 414 sacra
481 383 536 414 hac
551 383 686 415 doctrina
710 383 883 416 imbuantur
908 384 1019 425 populi,

198 426 292 459 tribus
308 431 337 459 et
350 427 468 468 linguai,
486 428 564 469 quod
581 429 714 460 omnium
735 429 848 460 fervide
873 429 1020 469 poeniten-

197 471 272 504 tium
288 472 450 510 misereris;
467 473 544 504 sicut
558 474 762 512 apostolorum
779 478 908 513 tuorum,
921 477 951 504 et
961 482 1023 503 om-

198 517 280 548 nium
295 522 464 549 sanctorum
487 517 625 550 misertus
641 528 685 550 es.
701 518 856 550 Benefacis
882 518 953 554 illis,
971 526 1022 548 eos

199 562 339 600 honorae,
356 567 386 593 et
396 562 557 602 gloriﬁcas,
582 562 661 594 Deus
682 572 786 601 meus;
803 566 835 594 ut
849 572 917 594 cum
938 562 1020 593 desi-

199 605 283 638 derio
299 607 403 645 multo,
419 610 449 638 et
457 607 564 638 timore
580 612 608 638 te
624 607 824 648 exquirentes,
842 611 872 638 et
886 607 922 638 ad
934 612 963 638 te
974 616 1020 637 so-

199 651 260 682 lum
274 651 380 684 mundi
394 652 533 693 opiﬁcem
548 661 725 693 conversos,
742 662 831 694 quem
851 652 937 683 decet
953 652 1021 692 glo—

199 695 255 735 ria,
286 697 394 734 honor,
421 696 593 737 imperium,
619 697 770 737 majestas,
794 700 826 728 ut
853 706 969 736 regem,
993 700 1022 727 et

198 739 306 779 Deum,
321 751 356 773 ac
371 741 531 774 Dominum
546 742 689 779 universi,
706 751 786 773 nunc
801 746 831 773 et
845 742 1021 773 innumera-

201 784 312 817 bilibus
325 786 502 818 saeculorum
517 786 662 818 aetatibus.
680 789 787 818 Amen.

502 845 625 878 CAPUT
646 845 723 878 XIV.

1062 305 1182 327 suasum
1198 297 1324 336 habens,
1349 307 1366 329 a
1390 298 1486 338 gratia
1502 304 1550 330 tua
1565 299 1706 339 gaudium
1726 299 1884 340 carpebam

1062 340 1252 382 inexplebile,
1270 346 1299 373 et
1319 342 1413 374 solida
1427 352 1481 383 spe
1501 344 1697 376 sustentabar.
1711 343 1755 376 De
1767 344 1886 376 duobus

1063 389 1159 430 autem
1175 385 1235 417 illis
1249 387 1389 418 extremis
1404 388 1474 428 quid
1492 388 1588 419 dicam
1605 389 1717 423 nescio.
1737 399 1804 430 quae
1818 389 1884 426 tibi,

1062 428 1124 460 Rex
1139 439 1232 468 meus,
1250 432 1279 462 in
1297 440 1344 462 me
1360 432 1424 462 fieri
1440 432 1646 473 complacitum
1663 437 1716 471 est,
1733 428 1799 474 qua:
1817 433 1886 464 ani-

1064 483 1119 504 mae
1132 483 1168 505 ac
1185 475 1276 507 menti
1292 475 1487 516 privationem
1503 477 1641 515 afferunt,
1659 478 1887 518 functionesque

1063 522 1092 549 et
1107 519 1319 560 intelligentias
1332 531 1436 552 omnes
1451 521 1628 562 impediunt.
1641 521 1716 559 Quin
1733 526 1762 553 et
1774 522 1887 563 magni-

1063 565 1165 597 tudine
1187 567 1287 606 gloriae
1304 571 1360 599 tum
1373 573 1503 608 gravant,
1530 573 1559 600 et
1582 569 1675 601 ferme
1699 573 1888 600 commovent

1063 619 1111 641 me
1126 611 1161 641 ad
1177 612 1364 651 cessandum,
1384 617 1415 644 ut
1438 613 1514 645 nihil
1538 614 1651 654 loquar,
1669 614 1742 645 nihil
1766 614 1886 650 faciam,

1061 654 1136 685 nihil
1152 655 1258 687 horum
1274 657 1414 697 attingam
1421 680 1428 688 .

1101 699 1215 741 Estuo,
1239 705 1269 732 et
1295 701 1446 734 admirans
1473 703 1644 744 contristor,
1675 704 1753 745 quod
1779 703 1816 735 ad
1835 713 1886 735 res

1063 743 1147 789 tales,
1164 749 1222 776 tam
1237 751 1439 779 sacrosanctos
1455 758 1503 779 me
1518 743 1666 787 dederim,
1682 743 1713 779 ut
1727 748 1884 789 servirem,

1064 791 1093 834 et
1114 787 1253 828 liturgum
1263 799 1383 830 agerem
1398 792 1430 822 in
1445 792 1483 823 iis
1498 801 1553 832 ego
1568 793 1670 833 miser,
1687 802 1752 834 quae
1773 787 1887 824 intueri

1064 831 1156 863 libere
1170 833 1268 872 angeli
1282 840 1433 875 verentur;
1450 831 1603 877 prophetae
1617 831 1684 868 curn
1696 831 1814 869 timore
1829 847 1882 869 co-

203 890 383 932 Gratiarum
397 891 477 922 actio
501 890 542 922 ad
559 891 664 932 Deum,
687 895 807 931 propter
820 890 902 922 dona
917 889 1019 932 quibus

1068 882 1243 929 gnoverunt,
1258 879 1344 932 simul
1367 881 1405 912 de
1424 881 1563 921 gloriosa,
1586 887 1614 913 et
1636 882 1887 922 incompreltensa

247 935 283 971 ab
294 939 329 962 eo
340 931 484 971 dignatur
502 935 556 963 est.
571 924 802 971 Ργωροὲἰῑιίνιτ,
818 939 854 962 ac
863 924 1019 971 sacerdoti:

1068 924 1263 971 oeconominia
1275 924 1450 956 audiverunt
1461 936 1467 956 :
1477 926 1614 967 apostoli,
1628 931 1784 967 martyres,
1795 930 1824 971 et
1834 927 1888 958 do-

242 970 422 1017 dignitutem
437 971 511 1011 ipsis
533 970 652 1012 quoque
666 971 784 1012 angelis
808 970 1020 1007 venerabilem,

242 1019 279 1042 ac
292 1019 477 1052 suspwteum
491 1020 565 1042 esse.

241 1060 314 1102 Ego,
331 1061 468 1101 Domine,
482 1061 599 1094 etiamsi
614 1063 695 1104 loqui
704 1062 805 1100 velim,
818 1071 878 1093 non
888 1070 1020 1102 possum.

1063 969 1177 997 clorum
1203 968 1312 1000 chorus
1335 970 1464 1001 clamant
1488 974 1517 1001 et
1530 970 1740 1008 vociferantur,
1756 980 1789 1002 se
1802 970 1886 1002 indi-

1063 1019 1137 1056 gnos
1153 1011 1249 1051 palam
1265 1013 1470 1054 praedicantes.
1481 1015 1543 1055 Ego
1559 1020 1657 1046 autem
1673 1016 1816 1056 perditus,
1829 1024 1885 1056 ego

1063 1054 1234 1093 fornicator,
1251 1059 1399 1098 quomodo
1422 1054 1545 1091 fratrum
1561 1054 1682 1100 rector;
1696 1054 1884 1091 divinorum-

201 1106 279 1144 Quid
293 1107 374 1138 enim
389 1107 508 1138 tandem
524 1107 639 1148 loquar,
653 1102 724 1139 cum
740 1106 884 1145 consiliis,
897 1105 1021 1138 actioni-
1060 1109 1118 1148 qu_e
1124 1102 1882 1148 mysteriorum,sacerdos,etTrinitatisimmaculata

201 1152 257 1183 bus
279 1155 309 1183 et
332 1151 472 1182 omnibus
495 1152 725 1192 cogitationibus
748 1151 920 1182 immundus
941 1150 1022 1181 sim?

201 1195 401 1228 Nihilominus
423 1197 574 1228 vulnerata
597 1200 643 1228 est
670 1197 770 1228 anima
792 1205 868 1233 mea,
886 1200 916 1227 et
940 1195 1023 1226 intus

201 1241 305 1279 ardeo,
321 1240 444 1281 cupiens
459 1245 489 1272 te
502 1241 615 1282 alloqui
629 1241 733 1272 saltem
746 1239 1023 1281 aliquantum,Deus

203 1294 298 1317 meus.
328 1284 422 1316 Video
447 1285 528 1316 enim
555 1290 676 1323 memet,
699 1286 777 1326 quod
799 1285 869 1322 scis,
894 1289 924 1316 et
936 1284 1022 1316 video

203 1329 352 1370 quomodo
366 1329 500 1361 membra
516 1330 617 1361 omnia
631 1330 764 1371 corporis
780 1334 809 1361 et
824 1330 931 1361 animae
949 1337 1024 1360 mete

203 1373 240 1405 ab
255 1374 319 1415 ipso
332 1377 399 1405 ortu
414 1374 648 1414 inquinaverim,
665 1379 742 1406 totus
757 1378 913 1414 peccatum
925 1373 1000 1414 (18).

242 1417 405 1450 Considero
440 1418 695 1460 misericordiam,
728 1418 963 1458 benignitatem,
994 1422 1023 1449 et

203 1462 297 1494 multa
310 1461 390 1493 bona
402 1466 452 1494 tua
466 1471 531 1503 qum
545 1463 578 1493 in
592 1472 640 1494 me
655 1467 794 1504 operatus
809 1472 852 1502 es,
869 1467 898 1494 et
913 1462 1021 1494 obmu—

1063 1144 1198 1177 minister
1211 1156 1276 1178 sum
1289 1147 1301 1178 ’ἶ
1316 1147 1440 1184 Quando
1455 1149 1536 1180 enim
1551 1149 1636 1190 panis
1651 1150 1781 1190 ponitur,
1795 1154 1825 1181 et
1838 1149 1885 1180 vi-

1063 1198 1135 1235 num
1155 1190 1292 1223 hauritur
1313 1194 1349 1225 ad
1368 1203 1476 1234 corpus
1503 1197 1532 1225 et
1558 1194 1732 1235 sanguinem
1756 1199 1852 1235 tuum,
1868 1203 1886 1225 ο

1064 1233 1206 1273 Verbum,
1228 1233 1458 1275 conficiendum,
1487 1237 1528 1270 ibi
1556 1233 1627 1270 ades
1655 1243 1685 1270 tu
1707 1239 1783 1280 ipse,
1805 1233 1886 1271 Deus

1065 1288 1160 1317 meus,
1176 1284 1205 1311 et
1221 1281 1283 1313 haec
1296 1291 1365 1313 vere
1379 1292 1487 1324 corpus
1507 1288 1588 1314 tuum
1612 1287 1642 1315 et
1664 1284 1782 1325 sanguis
1797 1284 1884 1321 ﬁunt,

1064 1328 1243 1369 superventu
1259 1325 1386 1366 Spiritus
1407 1327 1512 1366 sancti,
1538 1327 1704 1369 virtuteque
1726 1328 1884 1368 Altissimi,

1065 1374 1094 1398 et
1111 1368 1203 1399 Deum
1219 1368 1469 1409 inaccessum,vel
1482 1372 1580 1412 potius
1590 1368 1772 1404 habitantem
1786 1373 1883 1404 lucem

1063 1412 1300 1445 inaccessibilem
1315 1425 1375 1447 non
1389 1416 1485 1447 solum
1506 1416 1576 1448 huic
1599 1421 1713 1448 natura).
1735 1417 1884 1459 humanae,

1064 1465 1090 1488 et
1108 1458 1291 1503 corruptioni
1305 1460 1451 1499 obnoxiae,
1473 1461 1526 1492 sed
1553 1461 1642 1493 etiam
1667 1461 1804 1493 omnibus
1819 1471 1884 1503 quae

202 1513 295 1547 ιεπο,
311 1502 588 1548 ρι-ορεπιοάίιωιιυε
603 1502 743 1548 ἀθερὶειιο,
760 1512 790 1539 ει
804 1507 917 1548 amigor
931 1505 1053 1539 πρωί-ο
1066 1503 1179 1548 ratione
1203 1502 1420 1545 intelliguntur.
1438 1506 1610 1546 angelorum
1632 1506 1812 1547 agminibus,
1827 1502 1883 1539 au-

202 1556 320 1589 nenter,
336 1560 371 1582 ac
385 1551 488 1582 tristor
502 1551 614 1592 infelix,
629 1552 698 1593 quia
709 1552 849 1583 omnibus
864 1552 950 1583 bonis
967 1551 1024 1583 tuis

200 1595 341 1636 indignus
351 1605 429 1629 sum.
440 1595 512 1628 Cum
524 1597 651 1637 porroin
666 1597 812 1638 meipsum
827 1597 1022 1634 descendens,

201 1640 423 1672 multitudinem
437 1645 625 1681 peccatorum
647 1650 781 1673 meorum
797 1641 874 1681 apud
890 1641 1023 1672 animum

200 1689 318 1727 reputo,
335 1694 514 1726 mecumque
529 1686 638 1726 cogito,
655 1695 710 1717 nec
723 1695 816 1717 unum
829 1686 933 1718 saltem
948 1695 1024 1726 opus

201 1729 312 1761 bonum
327 1729 358 1760 in
370 1730 429 1760 vita
453 1730 620 1770 suscepisse
645 1739 703 1768 me,
728 1734 757 1762 et
783 1739 834 1770 pro
857 1730 1021 1771 suppliciis,

201 1783 268 1815 qum
277 1784 312 1805 ex
323 1774 404 1814 justa
418 1774 463 1805 ira
476 1778 526 1805 tua
540 1775 691 1806 sustinere
703 1774 862 1812 debebam,
880 1779 912 1806 ut
928 1775 979 1816 qui
995 1779 1023 1806 te

201 1818 309 1860 saepius
325 1818 530 1856 offendissem,
547 1819 683 1860 plurimis
697 1819 795 1860 potius
805 1819 961 1851 beneﬁciis
970 1820 1023 1851 abs

201 1867 230 1894 te
244 1863 412 1894 humaniter
433 1864 615 1894 cumulatum
641 1873 718 1905 esse,
736 1864 766 1895 in
783 1864 1022 1905 desperationem

203 1907 588 1948 adducor,quandoquidem
595 1908 630 1939 ad
635 1909 692 1939 huc
698 1908 831 1948 quotidie
841 1913 936 1940 errata
943 1918 1024 1940 erra-

201 1953 240 1984 tis
252 1952 373 1992 adjicio;
386 1956 416 1983 et
429 1962 467 1983 ne
476 1953 598 1984 multam
615 1952 840 1984 miserationem
853 1953 1022 1994 benignita-

202 2001 324 2037 temque
336 2001 415 2028 tuam
425 1996 462 2028 ad
476 1997 572 2038 majus
585 1997 763 2038 supplicium
776 1997 849 2028 mihi
864 1997 1023 2038 imponen-

202 2042 273 2073 dum
288 2045 384 2072 vertas
400 2041 548 2073 formido:
563 2042 702 2083 quoniam
724 2051 783 2083 quo
807 2042 940 2082 pluribus
957 2052 1022 2074 me-

202 2086 267 2117 ritis
280 2086 334 2117 abs
349 2091 378 2117 te
393 2095 494 2123 ornor,
512 2095 547 2117 eo
562 2086 656 2126 magis
668 2086 801 2126 ingratus
810 2095 876 2117 sum
890 2087 943 2118 tibi
954 2096 1019 2127 ego,

1065 1545 1170 1578 demus
1185 1548 1369 1589 contingere.
1386 1549 1448 1581 Hoc
1462 1545 1552 1590 igitur
1565 1545 1717 1590 arcanum,
1727 1552 1783 1583 hoc
1794 1561 1885 1593 supra

1065 1595 1199 1636 naturam
1221 1603 1307 1634 opus,
1323 1598 1354 1625 et
1373 1595 1437 1626 haec
1452 1595 1540 1632 actio,
1556 1594 1593 1626 ad
1613 1605 1699 1636 quam
1716 1596 1882 1628 obeundam

1065 1635 1197 1669 delectus
1220 1647 1298 1679 sum,
1325 1639 1429 1670 suadet
1448 1644 1480 1670 ut
1502 1640 1576 1671 mihi
1592 1635 1634 1671 uti
1660 1645 1798 1679 mortem,
1815 1646 1885 1674 ante

1065 1681 1167 1713 oculos
1191 1692 1365 1723 proponam.
1391 1683 1474 1716 Unde
1503 1684 1668 1725 posthabita
1692 1685 1793 1717 laetitia
1821 1690 1884 1718 tre-

1063 1735 1148 1771 more
1162 1728 1327 1767 concutior,
1342 1738 1409 1760 cum
1425 1729 1515 1760 sciam
1532 1738 1588 1760 nec
1605 1739 1663 1770 me,
1680 1739 1736 1761 nec
1750 1731 1885 1771 quemvis

1064 1769 1153 1801 alium
1184 1781 1235 1812 pro
1272 1772 1392 1812 dignate
1423 1782 1509 1814 posse
1538 1769 1699 1814 λειτουργεῖν
1729 1769 1886 1813 (sacriﬁcio

1064 1814 1158 1861 fungi)
1181 1820 1209 1847 et
1231 1816 1319 1849 vitam
1341 1817 1415 1849 adeo
1443 1818 1622 1858 angelicam,
1648 1819 1708 1850 imo
1730 1819 1886 1861 pluSquam

1064 1860 1227 1904 angelicam
1243 1862 1274 1893 in
1289 1872 1413 1904 corpore
1436 1862 1614 1895 traducere:
1632 1867 1664 1894 ut
1687 1860 1886 1904 quemadmo-

1066 1902 1134 1934 dum
1155 1905 1230 1937 ratio
1253 1902 1350 1948 docet,
1367 1911 1396 1938 et
1411 1907 1518 1938 veritas
1533 1907 1636 1947 habet,
1659 1902 1712 1949 pro
1727 1918 1763 1940 eo
1784 1918 1819 1940 ac
1837 1909 1887 1940 di-

1065 1958 1155 1988 gnum
1171 1954 1226 1988 est,
1241 1950 1415 1982 familiarior
1425 1951 1500 1992 ipsis
1514 1953 1627 1992 angelis
1640 1952 1702 1985 Deo
1713 1953 1775 1992 ﬁat;
1785 1957 1888 1994 utpote

1066 1997 1095 2023 et
1109 1994 1247 2026 manibus
1266 1999 1406 2034 tractans,
1422 2000 1451 2027 et
1466 2005 1518 2027 ore
1542 1997 1715 2036 absumens,
1740 1997 1819 2038 quod
1843 1998 1889 2029 illi

1065 2043 1188 2078 auguste
1212 2045 1401 2079 venerantur,
1429 2045 1458 2072 et
1481 2051 1548 2072 cum
1576 2047 1706 2074 tremore
1726 2042 1886 2073 circumsi-

1065 2087 1147 2114 stunt
1159 2083 1308 2116 Judicium
1323 2090 1423 2117 autem
1435 2085 1687 2127 fratrum,quibus
1698 2086 1889 2119 moderandis

202 2130 274 2161 boni
297 2130 416 2162 Domini
439 2140 541 2162 servus
555 2125 719 2172 improbus.
742 2130 850 2162 Omnia
863 2131 952 2171 igitur
964 2125 1127 2163 aliansum
1144 2130 1327 2169 praepositus,
1341 2139 1406 2171 qua:
1419 2130 1518 2162 anima
1533 2125 1705 2172 portaverit?
1718 2141 1783 2172 quae
1800 2141 1890 2164 mens

201 2175 401 2213 incommoda,
417 2175 556 2216 Domine,
569 2175 718 2216 patientiae
732 2175 806 2206 mihi
822 2180 917 2213 erant,
938 2185 1022 2216 spem

201 2223 322 2251 aeternae
334 2219 401 2251 vitae
414 2221 617 2260 suggerantia;
633 2220 717 2260 cujus
733 2219 777 2250 rei
800 2229 889 2251 causa
909 2221 1023 2260 gaude-

203 2264 272 2296 bam
288 2273 379 2305 saepe,
394 2265 474 2306 quod
489 2265 573 2296 solus
585 2264 674 2301 nosti,
685 2264 816 2296 confisus
826 2264 985 2297 clementia
996 2271 1025 2298 et

203 2308 410 2340 misericordia
424 2308 535 2341 tua.0b
548 2309 603 2340 hoc
618 2309 699 2340 enim
715 2318 750 2340 ex
766 2313 826 2340 toto
842 2310 954 2341 mundo
966 2310 1025 2342 ele-

203 2353 271 2394 gisti
285 2363 344 2394 me,
361 2358 448 2395 atque
472 2354 508 2385 ab
530 2353 635 2385 amicis
658 2352 849 2394 cognatisque
869 2354 1025 2394 sejunxisti

244 2439 302 2476 (18)
314 2438 495 2471 Humilitatis
508 2442 537 2470 et
551 2438 698 2478 religiosae
713 2438 867 2470 modestia;
882 2444 950 2471 sunt
964 2441 1028 2472 ista

204 2488 303 2516 voces;
312 2478 471 2511 similesilli
479 2478 640 2510 Davidicaa:
649 2479 716 2511 Non
722 2480 927 2511 estsanitasin
934 2490 1028 2512 carne

204 2527 271 2551 meo
290 2518 387 2559 (Psal.
407 2519 739 2558 xxxvu,4).EtLumbi
756 2520 818 2550 mei
828 2519 942 2559 impleti
954 2524 1029 2552 sunt

206 2559 492 2598 illusionibusllbid.
500 2561 530 2598 8)
536 2559 697 2602 .Inquinan
699 2564 745 2591 tur
752 2559 887 2590 membra
895 2561 1029 2602 corporis

206 2608 258 2640 per
273 2604 442 2641 peccatuim,
452 2604 598 2641 quatenus
612 2600 886 2631 suntinstrumenta
901 2600 1029 2632 hominis

206 2640 372 2682 peccantis.
388 2640 423 2682 Et
436 2640 487 2672 ille
509 2641 603 2682 homo
625 2640 656 2671 fit
680 2644 763 2682 totus
784 2645 937 2682 peccatum
955 2651 962 2673 :
979 2642 1030 2682 qui

207 2679 347 2727 omnibus
362 2681 425 2727 suis
436 2679 627 2727 poenitentiis
635 2679 818 2727 etmemhris
829 2680 865 2727 ad
877 2679 1029 2722 peccatum

207 2720 357 2762 abutitur,
370 2720 513 2753 nimirum
530 2720 648 2762 quando
656 2720 892 2762 immensitatem
907 2731 961 2754 seu
975 2731 1029 2753 ex-

206 2761 409 2802 spperantiam
433 2761 479 2793 rei
501 2760 628 2802 alicujus
645 2761 791 2802 denotare
803 2760 951 2801 volumus,
969 2766 1030 2793 tum

206 2800 353 2834 abstracta
375 2801 517 2835 vocabula
540 2800 675 2841 subjecto
702 2800 873 2835 tribuimus.
901 2800 946 2834 Ut
964 2811 1030 2834 cum

1063 2173 1199 2211 sufﬁciet,
1220 2174 1293 2206 citra
1305 2176 1419 2216 justum
1435 2176 1702 2215 reprehensionem
1721 2177 1890 2217 gubernare

1065 2219 1209 2259 cujusque
1223 2219 1366 2259 animum,
1383 2225 1413 2251 et
1431 2224 1539 2252 cuncta
1558 2230 1622 2262 quae
1634 2221 1681 2252 sui
1698 2221 1789 2253 ofﬁcii
1802 2227 1888 2261 sunt,

1066 2261 1130 2293 sine
1145 2263 1312 2296 defectione
1327 2265 1475 2305 conferre,
1497 2274 1588 2306 seque
1610 2266 1709 2307 ipsum
1729 2266 1766 2297 ab
1781 2275 1886 2298 eorum

1065 2307 1200 2352 censuris
1216 2308 1348 2350 eripere?
1359 2308 1423 2341 Hoc
1437 2308 1511 2340 mihi
1525 2310 1700 2351 neutiquam
1715 2310 1805 2342 alicui
1819 2320 1890 2352 pos-

1066 2350 1153 2383 sibile
1173 2351 1302 2386 videtur.
1325 2353 1431 2386 Induxi
1453 2362 1523 2393 ergo
1543 2355 1575 2386 in
1599 2350 1744 2396 animum,
1761 2359 1791 2386 et
1811 2350 1890 2387 malo

1067 2436 1197 2477 aliquem
1213 2438 1250 2470 ob
1266 2440 1406 2471 eximium
1423 2440 1515 2472 animi
1529 2439 1702 2478 candorem,
1715 2443 1808 2471 totum
1821 2450 1895 2472 can-

1068 2481 1176 2511 dorem
1183 2480 1371 2521 nominatus.
1388 2480 1450 2518 Quo
1466 2480 1606 2521 pertinet,
1616 2480 1804 2521 etiamrillius
1819 2489 1891 2512 ora-

1070 2521 1122 2554 tio.
1141 2519 1335 2562 qui_dicebat,
1361 2519 1520 2552 lusciniam
1545 2520 1620 2562 nihil
1637 2520 1719 2562 aliud
1738 2529 1817 2562 esse,
1834 2521 1894 2553 nisi

1069 2559 1179 2593 vocem.
1191 2559 1259 2591 Haec
1275 2559 1487 2597 adnotaverim,
1499 2570 1538 2592 ne
1553 2560 1620 2600 quis
1633 2570 1667 2592 ex
1683 2561 1892 2592 haereticorum

1070 2610 1158 2641 grege
1173 2600 1204 2631 in
1219 2601 1298 2633 hunc
1312 2602 1410 2633 locum
1439 2601 1586 2638 incidens,
1604 2601 1816 2641 exsultat-etii):
1830 2601 1892 2634 ὄνος

1071 2640 1106 2674 ἐίς
1122 2640 1208 2682 ἆχυρνᾳ
1223 2642 1371 2681 ἐμπίπτων,
1387 2645 1470 2673 ratus
1484 2650 1516 2672 se
1535 2641 1687 2682 reperisse
1698 2640 1892 2682 stabilimen-

1073 2686 1134 2723 tum
1148 2681 1255 2723 delirio
1270 2692 1325 2713 suo
1341 2682 1378 2723 de
1393 2686 1513 2723 peccato
1529 2681 1653 2721 originis
1664 2681 1753 2712 etiam
1766 2681 1893 2723 postiba-

1071 2722 1238 2764 ptissimum
1252 2723 1284 2753 in
1299 2722 1426 2764 homine
1435 2726 1767 2764 rem_anente,eumque,
1784 2728 1818 2752 ut
1828 2722 1893 2753 fer-

1073 2762 1207 2794 mentum
1222 2772 1362 2803 massam,
1378 2762 1597 2803 miserabiliter
1611 2762 1765 2803 inliciente
1778 2765 1808 2793 et
1822 2771 1894 2793 cor—

1072 2807 1243 2844 rumpente,
1259 2803 1300 2834 ita
1314 2807 1347 2835 ut
1355 2801 1430 2834 nihil
1445 2802 1485 2834 sit
1499 2802 1578 2842 quod
1593 2802 1631 2834 ab
1643 2803 1699 2834 hac
1712 2801 1761 2834 lue
1774 2807 1872 2834 vacet.
