1978 3078
80 166 145 199 529

659 169 878 201 DIVINORUM
900 171 1064 203 AMORUM
1087 172 1201 204 LIBER

1717 173 1777 206 580

80 241 154 280 esse
168 232 360 280 discipulus.‘
375 237 404 264 et
431 234 495 280 sub
516 234 604 265 unius
633 233 811 280 voluntatem
827 234 909 266 arbi-
920 241 941 264 Α
951 235 1157 276 indignitatem
1172 237 1271 276 video,
1283 247 1379 280 eaque
1391 239 1630 272 consideratione
1644 243 1776 272 mentem

82 276 238 318 triumque
253 277 373 318 subjici,
391 281 421 309 et
444 278 534 309 unius
549 287 706 319 capessere
717 279 814 319 jussa,
831 283 860 311 et
875 279 914 311 ob

84 321 169 352 hunc
185 331 278 353 unum
293 321 421 353 reddere
450 323 608 360 rationem,
634 332 721 363 quam
738 323 871 355 moribus
885 327 916 356 et

84 366 291 398 voluntatibus
305 366 418 398 servire
444 367 584 407 plurium,
613 377 776 408 eorumque
801 373 915 400 mentes

85 411 227 452 scrutari,
243 411 368 442 consilia
391 411 571 453 comperire,
597 413 732 444 actiones
758 417 788 444 et
800 413 914 452 cogita-

89 455 188 487 tiones
203 455 332 497 penitius
348 456 528 496 investigare
545 466 554 494 ;
583 456 701 497 quando
728 460 757 488 et
768 457 915 498 judicium

86 510 137 532 me
150 504 260 538 manet,
274 504 303 532 et
316 510 515 542 responsurus
529 511 592 533 sum
606 502 702 543 proiis
714 512 802 543 quam
815 513 917 544 pecea-

86 548 170 583 runt,
188 546 223 576 ad
241 555 315 586 quos
343 547 491 586 regendos
517 555 570 586 ego
599 556 708 578 arcano
723 548 849 579 omnino
862 548 916 580 Dei

86 590 214 621 consilio
225 591 338 621 electus
348 599 414 622 sum
426 591 518 623 solus.
541 591 752 632 Unusquisque
768 593 847 624 enim
865 602 917 633 per

91 643 125 665 se
136 634 332 675 judicabitur,
350 639 379 666 et
393 636 537 666 rationem
565 635 653 676 plene
676 636 783 668 reddet
809 646 914 670 eorum

89 689 158 720 quae
173 679 238 720 ipse
252 688 306 710 seu
322 679 400 711 bona
414 688 469 711 seu
483 680 560 711 mala
588 680 723 719 gesserit.
751 683 808 713 Pro
837 691 914 713 uno-

90 733 211 764 quoque
226 728 324 755 autem
340 724 421 755 solus
435 734 488 764 ego
503 724 639 756 reddam.
667 725 704 757 Et
719 726 838 766 quinam
853 726 914 757 sal-

89 768 193 806 vabor,
222 772 272 799 aut
299 769 448 810 quomodo
473 769 708 800 misericordiam
737 770 912 811 impetrabo,

90 813 144 854 qui
159 822 254 854 neque
271 823 324 854 pro
340 823 399 844 una
413 823 480 845 mea
506 818 536 845 et
557 814 667 846 misera
680 815 778 846 anima
792 825 913 856 possum

87 857 183 888 ullum
200 867 274 898 opus
289 858 349 889 ullo
366 858 453 889 modo
469 858 504 889 ad
517 858 641 889 salutem
655 863 805 900 peractum
817 864 914 891 osten-

89 902 175 940 dere,
190 911 244 942 per
259 902 337 944 quod
350 902 435 943 ignes
446 907 572 934 aeternos
582 904 703 934 evadam
716 908 730 935 ?
743 903 812 942 Sed,
830 915 847 936 ο
859 905 913 937 be-

89 946 181 986 nigne
197 946 342 985 Salvator,
358 947 529 979 misericors
538 948 755 980 etmiserator:
775 949 847 980 mihi
862 949 915 980 ab-

86 991 170 1031 jecto
185 991 315 1022 divinam
341 992 447 1032 largire
463 992 612 1030 virtutem,
641 999 674 1024 ut
690 1003 764 1034 quos
778 993 809 1024 in
825 994 914 1025 ﬁdem

92 1045 189 1066 meam
208 1036 353 1067 tradidisti
383 1036 498 1077 fratres,
527 1046 578 1068 eos
604 1046 703 1077 regam
731 1038 822 1069 verbo
847 1047 913 1070 cum

91 1080 260 1120 prudentia,
277 1085 367 1122 atque
379 1081 415 1112 ad
433 1090 541 1122 pascua
554 1081 654 1122 legum
669 1086 784 1113 tuarum
800 1082 915 1114 divina-

93 1134 159 1156 rum
175 1125 331 1163 deducam,
346 1129 375 1156 et
395 1125 425 1156 in
441 1126 610 1157 mansiones
625 1126 753 1158 caelestis
767 1127 851 1166 regni
866 1136 916 1158 re—

91 1169 211 1200 stituam
237 1170 343 1206 salvos,
374 1170 495 1208 illaesos,
526 1171 665 1202 virtutum
695 1171 917 1211 pulchritudine

89 1214 276 1254 splendidos,
294 1215 400 1255 dignos
408 1215 579 1247 adoratores
589 1215 625 1246 ad
638 1215 772 1247 terribile
787 1216 916 1247 tribunal

89 1263 182 1290 tuum.
201 1259 241 1290 Et
258 1268 305 1290 me
323 1269 441 1300 quoque
456 1259 609 1300 indignum
639 1269 656 1291 e
671 1261 783 1291 mundo
799 1269 916 1292 assum-

94 1307 186 1344 ptum.
205 1305 322 1336 tametsi
349 1304 450 1335 multis
476 1308 664 1345 peccatorum
680 1305 758 1336 uotis
772 1305 914 1343 inustum,

94 1352 191 1380 tamen
207 1348 403 1386 sacerdotem,
421 1353 450 1379 et
464 1349 597 1380 inutilem
614 1358 731 1380 servum
748 1353 841 1390 tuutn,
858 1359 916 1390 quo

90 1393 168 1424 nosti
193 1393 320 1433 judicio,
350 1393 449 1424 choris
477 1393 640 1425 electorum
668 1402 735 1424 cum
764 1393 918 1435 discipulis

91 1438 166 1469 meis
180 1438 362 1476 adnumera;
379 1443 411 1469 ut
426 1438 514 1469 simul
528 1448 632 1469 omnes
644 1438 766 1478 gloriam
778 1443 857 1469 tuam
868 1439 917 1470 di-

91 1483 189 1514 vinam
201 1483 367 1521 videamus,
378 1487 407 1514 et
421 1482 507 1513 bouis
528 1483 586 1513 tuis
598 1482 799 1514 inetl’abilibus
813 1482 917 1514 oblec-

93 1531 202 1558 temur.
219 1527 262 1558 Tu
275 1528 358 1565 pnim
374 1537 406 1558 es
435 1528 582 1568 voluptas,
610 1527 737 1564 deliciae,
762 1527 853 1558 decus
865 1536 916 1558 ar-

92 1572 198 1603 denter
214 1576 241 1603 te
253 1573 427 1609 amantium,
444 1572 474 1602 in
491 1571 673 1612 sempiterna
688 1572 805 1603 sacula.

393 1638 514 1671 CAPUT
547 1638 608 1670 XV.

98 1694 195 1723 Viden:
209 1693 330 1728 gloriam
343 1693 403 1725 Dei,
419 1700 502 1728 quam
517 1692 548 1721 in
562 1699 590 1721 se
617 1692 803 1728 operationem
825 1699 916 1720 sme-

129 1730 178 1758 rit.
194 1728 376 1758 Dioinilatem
390 1736 446 1757 esse
469 1729 500 1756 in
522 1728 608 1762 omni,
632 1735 679 1756 seu
693 1728 827 1760 universo,
842 1734 916 1756 com-

126 1763 312 1802 prehendique
325 1767 350 1793 et
365 1771 421 1802 non
434 1763 671 1802 comprehendigb
684 1763 730 1802 his
748 1763 796 1802 qui
809 1770 917 1802 meren-

130 1804 187 1830 tur.
203 1799 327 1829 Nos’eue
355 1800 464 1828 domum
492 1799 593 1828 David.
622 1799 764 1828 Christum
777 1799 808 1826 in
821 1799 918 1827 multis

127 1837 253 1865 membris
267 1836 372 1864 nostris
401 1836 552 1871 cognitum,
584 1834 705 1863 eumdem
727 1842 814 1862 unum
837 1836 918 1870 atque

129 1872 281 1901 indicium
294 1879 359 1900 esse.

136 1934 212 1964 Dum
231 1937 259 1964 te
273 1933 399 1970 revelas,
412 1933 538 1964 Domine
548 1931 807 1970 universorum,'_et
821 1931 918 1962 vultus

95 1981 136 2012 tui
154 1980 276 2020 gloriam
293 1980 477 2011 manifestius
500 1980 698 2016 demonstras,
715 1982 794 2009 totus
809 1982 916 2014 tremo,

97 2030 126 2056 te
141 2034 271 2064 superne
285 2024 444 2064 aspiciens,
461 2027 601 2064 quantum
629 2031 682 2062 pro
698 2022 803 2053 humili
819 2027 848 2053 et
863 2022 916 2053 ab-

94 2070 177 2110 jecta
192 2073 299 2100 natura
313 2078 379 2100 mea
408 2078 539 2109 possum,
572 2072 601 2098 et
629 2068 734 2098 timore
750 2077 785 2098 ac
799 2071 920 2107 stupore

95 2117 253 2154 correptus
269 2113 349 2154 dico,
380 2112 527 2153 Superant
555 2117 673 2152 captum
703 2120 802 2142 meum
819 2111 921 2142 omnia

96 2164 154 2191 tua,
173 2158 252 2190 Deus
268 2167 363 2189 meus.
381 2157 453 2189 Sum
476 2157 555 2188 enim
572 2156 756 2193 immundus,
784 2162 813 2187 et
839 2156 920 2186 indi-

94 2212 170 2243 gnus
185 2203 307 2233 omnino
322 2202 432 2233 intueri
448 2207 487 2240 te,
506 2210 611 2242 purum
627 2205 657 2231 et
673 2204 806 2231 sanctum
823 2200 921 2231 Domi-

98 2256 181 2285 num,
199 2256 287 2288 quem
303 2251 477 2278 reverentur
492 2246 602 2286 angeli,
616 2245 698 2276 etcui
709 2255 777 2276 cum
792 2249 921 2276 tremore

96 2292 271 2324 ministrant
288 2302 296 2329 ',
311 2292 398 2331 cujus
411 2302 426 2321 ιι
443 2290 516 2322 facie
532 2291 710 2327 concutitur,
741 2293 770 2320 et
799 2293 920 2320 contre-

101 2337 201 2367 miscit
216 2336 314 2367 omnis
325 2340 473 2367 creatura.
486 2335 558 2367 Cum
570 2335 633 2365 haec
644 2334 716 2372 dixi,
732 2333 838 2365 claudo
853 2343 923 2365 ocu-

97 2381 154 2417 los,
174 2381 230 2411 hoc
247 2385 302 2418 est,
329 2380 365 2411 ad
395 2380 510 2411 inferna
539 2383 637 2410 averto
667 2383 796 2409 mentem
814 2387 922 2418 meam,

97 2425 168 2466 quia
183 2425 285 2456 videre
300 2435 334 2456 ac
349 2425 519 2465 perspicere
534 2423 656 2456 Deitatis
671 2427 728 2453 tuae
737 2423 921 2463 majestatem

98 2480 158 2501 non
175 2469 320 2501 sustineo.
337 2469 373 2501 Et
390 2474 449 2500 tum
477 2469 637 2505 lamentor,
654 2467 773 2498 orbatus
789 2467 922 2508 pulchri-

101 2514 205 2546 tudine
223 2519 284 2552 tua,
301 2524 357 2545 nec
370 2514 434 2545 fero
449 2512 582 2554 separari
606 2512 659 2543 abs
675 2515 715 2548 te,
730 2512 781 2552 qui
795 2513 877 2542 solus
892 2521 923 2543 es

98 2559 257 2599 benignus.
273 2560 317 2591 Tu
333 2568 403 2590 vero
413 2558 457 2589 sic
472 2559 694 2594 lamentantem,
705 2560 734 2587 et
746 2556 922 2596 plorantem,

99 2607 207 2640 totum,
224 2613 306 2644 papae
318 2604 325 2633 !
339 2603 560 2642 circumfulges,
572 2605 601 2632 et
610 2600 789 2641 obstupeﬁo,
806 2607 836 2632 et
848 2601 924 2632 ube-

99 2649 165 2680 rius
192 2648 287 2680 tluunt
317 2648 390 2679 mihi
415 2648 560 2688 lacrymaa,
589 2645 658 2676 dum
689 2645 924 2677 misericordiam

101 2698 181 2725 tuam
196 2702 267 2733 erga
282 2702 330 2725 me
362 2692 510 2733 perditum
540 2690 683 2722 admiror.
700 2689 776 2721 Tum
793 2690 927 2731 corporis

101 2739 160 2770 mei
175 2738 298 2769 multam
315 2737 490 2778 fmditatem,
505 2741 535 2768 et
546 2733 726 2768 miserabilis
735 2734 843 2766 animae
853 2744 927 2766 mea;

141 2823 168 2848 '9
180 2823 243 2855 Jac.
263 2831 293 2859 tl,
307 2822 355 2853 20.

956 282 1113 321 perculsus
1128 282 1273 320 exclamo,
1290 282 1362 319 Quis
1377 283 1467 323 igitur
1488 293 1542 324 ego
1557 293 1636 325 sum,
1653 294 1671 315 ο
1685 284 1776 322 Deus,

956 329 986 356 et
998 330 1101 357 auctor
1115 326 1248 358 omnium
1261 327 1277 357 7
1287 331 1316 358 et
1331 327 1402 368 quid
1417 329 1536 359 tandem
1552 328 1610 361 feci
1627 328 1777 361 laudabile

956 369 986 400 in
1001 370 1059 400 vita
1070 379 1136 401 mea
1150 380 1159 408 ;
1178 375 1229 402 aut
1244 372 1393 412 quodnam
1408 372 1578 403 mandatum
1595 377 1676 404 tuum
1693 382 1775 404 com-

957 414 1046 455 plevi,
1059 415 1137 455 quod
1148 415 1199 446 tali
1209 415 1303 456 gloria
1318 425 1365 447 me
1379 416 1593 457 despicabilem
1602 417 1751 457 gloriﬁcas
1764 417 1778 448 τ

958 458 994 489 Et
1009 459 1100 497 unde,
1115 463 1145 490 et
1159 469 1216 500 qua
1230 460 1268 491 de
1282 469 1370 491 causa
1385 460 1527 491 miserum
1543 470 1591 492 me
1605 461 1654 493 die
1669 464 1777 494 noctu-

958 512 1017 543 que
1033 504 1082 534 tali
1098 503 1165 535 luce
1180 504 1422 536 circumfundare
1437 505 1571 544 dignatus
1594 505 1652 537 es?
1679 506 1779 546 Egone

957 548 1115 588 aliquando
1132 548 1237 579 sitiens
1254 549 1375 589 quaesivi
1391 553 1429 587 te,
1443 548 1504 582 Rex
1516 559 1612 588 meus,
1627 559 1724 592 egone
1738 551 1780 582 la-

958 592 1082 623 boribus
1097 593 1303 624 mandatorum
1331 597 1448 625 tuorum
1465 594 1642 634 defatigatus
1655 599 1685 626 et
1700 595 1778 627 afﬂi-

957 641 1021 668 ctus
1036 647 1101 668 sum
1120 637 1134 668 ἵ
1160 647 1254 678 egone
1282 639 1462 670 tentationes
1476 643 1506 670 et
1523 639 1639 678 ﬂagella
1655 639 1776 680 pertuli,

956 681 1104 721 quomodo
1120 691 1226 713 omnes
1241 682 1334 713 sancti
1350 687 1415 723 post
1430 683 1585 714 hominum
1602 684 1777 715 memoriam

956 727 1020 756 haec
1036 726 1182 766 patienter
1198 727 1337 765 tulerunt,
1355 731 1387 758 ut
1415 736 1462 758 me
1477 727 1537 758 illis
1552 727 1776 759 adnumeratum

955 771 1067 802 salvum
1083 780 1150 801 esse
1165 771 1266 803 velis?
1283 771 1455 812 Quanquam
1482 771 1607 803 miriﬁce
1631 773 1779 804 humanus

954 823 989 846 ac
1004 815 1150 855 benignus
1166 825 1209 853 es,
1235 820 1267 847 ut
1290 825 1397 857 parens
1424 820 1453 847 et
1480 816 1616 848 conditor
1631 817 1777 856 omnium,

925 874 944 899 Β
955 859 1043 890 audio
1057 863 1157 891 tamen
1172 860 1314 892 Jacobum
1330 860 1530 897 dicentem”,
1547 865 1694 892 mortuam
1712 870 1778 893 esse

955 904 1045 935 fidem
1075 904 1141 935 sine
1170 905 1324 945 operibus,
1355 905 1522 945 horreoque
1550 905 1706 946 supplicia,
1724 915 1777 946 pro

955 953 1036 979 certo
1050 948 1111 979 illic
1122 949 1209 980 vilem
1222 949 1453 980 homuncionem
1467 958 1514 980 me
1536 949 1695 980 manentia.
1711 951 1777 986 Quo

956 998 1042 1033 pacto
1056 993 1145 1033 igitur
1158 995 1303 1025 conﬁdam
1320 1004 1386 1034 ego,
1402 994 1539 1031 Domine,
1556 1003 1604 1025 me
1619 998 1651 1025 ut
1659 994 1778 1025 ﬁdelem

956 1038 992 1067 ad
1009 1037 1129 1068 illorum
1145 1047 1301 1069 numerum
1316 1042 1506 1078 aggregatum
1522 1037 1570 1078 iri,
1587 1037 1637 1079 qui
1653 1038 1779 1069 antehac

957 1081 1008 1112 tibi
1025 1082 1204 1120 servierunt,
1220 1092 1286 1114 cum
1304 1083 1367 1123 ipse
1393 1091 1449 1114 nec
1472 1091 1564 1113 unum
1579 1082 1618 1113 de
1632 1082 1779 1113 mandatis

958 1126 1015 1156 tuis
1030 1127 1209 1158 servaverim
1223 1127 1235 1157 '.’
1251 1127 1362 1158 Verum
1379 1126 1446 1158 novi
1463 1131 1491 1158 te
1506 1135 1593 1168 posse
1608 1127 1719 1163 omnia,
1734 1127 1778 1157 fa-

958 1170 1001 1201 cis
1015 1171 1114 1201 omnia
1128 1175 1160 1201 ut
1174 1171 1228 1208 vis,
1256 1176 1286 1203 et
1315 1171 1473 1212 postremis
1500 1171 1553 1202 das
1566 1175 1599 1201 ut
1614 1170 1730 1211 primis,
1747 1174 1779 1203 et.

957 1214 1034 1255 quod
1051 1215 1157 1246 mirum
1174 1220 1219 1246 est
1241 1217 1337 1256 valde,
1368 1217 1531 1256 primorum
1555 1215 1696 1246 extremis
1712 1216 1778 1256 pri-

959 1268 1038 1290 mum
1054 1259 1116 1291 das.
1133 1261 1201 1291 Haec
1217 1270 1284 1291 cum
1300 1260 1354 1291 tibi
1379 1260 1459 1298 dico,
1476 1260 1542 1296 tibi.
1560 1260 1692 1300 inquam,
1709 1264 1779 1291 eon-

957 1303 1046 1334 ditori
1056 1304 1143 1344 hujus
1159 1305 1273 1342 mundi,
1287 1305 1370 1345 prius
1385 1314 1475 1345 supra
1489 1304 1653 1345 apparenti,
1670 1308 1699 1335 et
1713 1314 1781 1336 rur-

956 1357 1022 1379 sum
1039 1353 1067 1379 te
1083 1349 1252 1386 occultanti,
1270 1359 1304 1380 ac
1321 1356 1422 1389 postea
1437 1358 1485 1380 me
1507 1353 1598 1380 totum
1613 1348 1705 1380 radiis
1717 1349 1778 1381 cir-

958 1393 1120 1434 cumdanti,
1135 1398 1258 1434 repente
1275 1397 1304 1425 te
1318 1398 1410 1424 totum
1424 1393 1454 1424 in
1466 1402 1513 1424 me
1529 1393 1677 1434 perspicio
1693 1394 1780 1425 exsti-

959 1437 1039 1475 tisse,
1053 1438 1101 1478 qui
1111 1442 1180 1470 ante
1191 1448 1282 1479 supra
1291 1438 1453 1476 videbaris,
1470 1443 1498 1469 et
1513 1442 1542 1469 te
1558 1438 1665 1468 iterum
1681 1437 1779 1470 occul-

959 1486 1083 1517 taveras,
1100 1482 1177 1513 sicut
1191 1483 1236 1514 sol
1250 1487 1345 1514 tectus
1360 1481 1490 1514 nubibus
1502 1482 1689 1513 tenuioribus
1702 1491 1777 1514 con-

959 1527 1119 1568 tractisque
1129 1528 1230 1559 radiis.
1244 1527 1500 1564 Quemadmodum
1509 1526 1560 1558 ille
1576 1530 1636 1558 tum
1646 1527 1780 1568 aspectui

959 1575 1048 1612 patet,
1065 1578 1094 1602 et
1108 1576 1177 1603 tunc
1194 1573 1299 1604 melius
1314 1572 1445 1604 cernitur
1469 1571 1505 1603 ab
1524 1570 1716 1602 hominibus:
1735 1572 1780 1603 sic

959 1620 987 1647 et
1004 1620 1035 1647 tu
1050 1616 1124 1648 mihi
1138 1617 1320 1648 accessibilis
1335 1626 1379 1657 es,
1395 1617 1491 1648 latens
1506 1616 1583 1647 intra
1596 1625 1655 1653 me,
1668 1616 1780 1657 alioqui

957 1661 1140 1701 inaccessus,
1167 1662 1262 1693 oculis
1284 1662 1369 1702 meis,
1400 1670 1474 1702 quos
1501 1660 1672 1692 intellectus
1700 1661 1781 1692 novit

957 1710 1146 1746 conspectus,
1164 1710 1196 1737 ut
1212 1707 1283 1745 scis,
1301 1706 1442 1747 paulatim
1458 1714 1608 1743 crescens,
1625 1705 1780 1745 majorem-

959 1759 1016 1791 que
1033 1751 1130 1781 lucem
1145 1751 1328 1788 ditTundens,
1344 1756 1374 1782 et
1386 1750 1512 1791 amplius
1527 1758 1699 1781 coruscans.
1715 1750 1781 1781 Ali-

959 1795 1076 1836 quando
1090 1795 1197 1827 iterum
1213 1797 1288 1828 mihi
1316 1796 1486 1827 inaccessus
1515 1803 1560 1825 es.
1590 1793 1688 1830 Quare
1701 1794 1781 1835 quod

959 1840 1174 1880 comprehendi
1188 1850 1247 1871 non
1259 1844 1354 1881 potes,
1364 1839 1431 1871 ideo
1438 1843 1465 1870 te
1475 1838 1606 1876 celebro,
1624 1842 1654 1869 et
1668 1838 1781 1879 magnis

961 1884 1082 1915 vocibus
1096 1884 1261 1917 bonitatem
1278 1890 1357 1916 tuam
1367 1883 1506 1924 praedico,
1516 1886 1712 1923 naturamque
1726 1892 1782 1914 no—

960 1934 1049 1959 stram
1064 1929 1282 1969 gloriﬁcantem
1298 1929 1446 1970 glorifico.

1000 1973 1109 2012 Gloria,
1135 1984 1152 2005 ο
1179 1974 1323 2015 Verbum,
1353 1974 1508 2004 immensae
1535 1971 1784 2004 condescensioni

961 2024 1028 2049 tuae.
1059 2019 1159 2051 Gloria
1188 2019 1400 2050 misericordiae
1425 2022 1491 2048 tuae.
1518 2017 1618 2049 Gloria
1633 2016 1781 2057 potentiae.

961 2063 1059 2095 Gloria
1089 2064 1152 2101 tibi,
1192 2064 1330 2104 quoniam
1374 2061 1580 2099 immutabilis,
1624 2064 1713 2102 atque
1739 2060 1785 2092 in-

961 2108 1110 2139 variabilis
1139 2118 1273 2144 manens,
1319 2112 1398 2139 totus
1438 2116 1470 2138 es
1509 2105 1682 2143 immobilis,
1715 2114 1783 2136 cum

962 2163 1082 2194 semper
1097 2154 1255 2191 m0vearis,
1272 2157 1351 2185 totus
1376 2156 1458 2184 extra
1481 2154 1646 2182 creaturam
1663 2153 1693 2181 et
1707 2153 1784 2181 totus

962 2198 993 2229 in
1018 2202 1164 2236 creatura,
1183 2202 1259 2230 totus
1283 2197 1388 2238 imples
1411 2196 1512 2227 omnia
1540 2199 1569 2226 et
1597 2199 1674 2226 totus
1703 2198 1785 2226 extra

932 2239 1073 2274 I’omnia.
1101 2245 1199 2283 Super
1222 2243 1323 2273 omnia
1351 2251 1394 2279 es,
1424 2240 1561 2278 Domine,
1592 2248 1683 2279 super
1697 2248 1785 2270 omne

964 2288 1139 2329 principium
1146 2297 1247 2328 ,super
1254 2296 1372 2319 omnem
1380 2286 1645 2325 essentiam,super
1652 2288 1783 2314 naturam

964 2337 1090 2370 naturae,
1107 2342 1197 2373 super
1212 2332 1311 2363 omnia
1325 2331 1443 2368 saecula,
1461 2339 1552 2370 super
1568 2338 1657 2360 omne
1673 2329 1784 2368 lumen,

965 2387 1055 2418 super
1069 2377 1267 2418 intelligentes
1297 2377 1448 2408 beatarum
1480 2373 1623 2405 mentium
1641 2377 1784 2404 naturas:

967 2432 1032 2453 nam
1050 2426 1080 2453 et
1096 2423 1152 2453 illa:
1164 2427 1256 2460 tuum,
1269 2422 1313 2453 vel
1327 2421 1424 2463 potius
1439 2419 1627 2460 cogitationis
1641 2423 1697 2450 tua;
1712 2427 1787 2459 opus

966 2471 1043 2497 sunt.
1060 2468 1102 2498 Tu
1116 2467 1194 2498 enim
1212 2467 1285 2498 nihil
1302 2462 1334 2498 es
1348 2466 1494 2502 omnium,
1511 2468 1539 2495 et
1548 2462 1788 2505 superioromni-

967 2511 1033 2542 bus.
1050 2511 1122 2543 Nam
1139 2512 1315 2544 exstantium
1342 2520 1431 2543 causa
1460 2520 1503 2548 es,
1521 2514 1553 2541 ut
1567 2509 1700 2540 omnium
1717 2517 1788 2549 pro-

966 2562 1094 2594 creator,
1109 2562 1137 2588 et
1154 2557 1265 2589 idcirco
1280 2560 1435 2598 separatus
1449 2564 1494 2593 es,
1509 2564 1544 2586 ac
1559 2554 1650 2585 distas
1665 2552 1702 2584 ab
1716 2553 1788 2584 uni-

968 2601 1071 2642 versis,
1094 2606 1122 2632 et
1137 2611 1226 2643 supra
1241 2597 1342 2633 omnia
1359 2611 1426 2642 quae
1440 2603 1510 2631 sunt
1525 2600 1656 2630 eminere
1675 2597 1788 2629 intelli-

967 2655 1011 2686 get
1022 2646 1058 2683 is,
1071 2642 1223 2678 oculorum
1237 2647 1369 2678 obtutum
1380 2645 1537 2685 etl’ugiens,
1547 2644 1728 2681 inaccessus,
1740 2642 1788 2672 in-

967 2691 1214 2731 comprehensus,
1232 2692 1386 2729 intactilis,
1413 2690 1491 2721 haud
1507 2687 1712 2728 intelligibilis,
1729 2687 1788 2718 im-

970 2735 1129 2776 mutabilis,
1146 2741 1225 2768 totus
1239 2737 1376 2777 simplex,
1405 2739 1435 2767 et
1462 2738 1560 2766 tamen
1585 2736 1662 2764 totus
1676 2731 1787 2769 varius,
