  <div class='ocr_page' id='page_1' title='image "/cluster/home/n/w/nwhite01/storage/ocr_20150623/120/njp.32101010943973/361.png"; bbox 0 0 1978 3078; ppageno 0'>
   <div class='ocr_carea' id='block_1_1' title="bbox 222 153 1066 191">
    <p class='ocr_par' dir='ltr' id='par_1_1' title="bbox 222 153 1066 191">
     <span class='ocr_line' id='line_1_1' title="bbox 222 153 1066 191; baseline -0.004 -2"><span class='ocrx_word' id='word_1_1' title='bbox 222 157 278 191; x_wconf 79' lang='grc'><strong>531</strong></span> <span class='ocrx_word' id='word_1_2' title='bbox 877 153 1066 188; x_wconf 71' lang='lat' dir='ltr'><strong>SYMEONIS</strong></span> 
     </span>
    </p>
   </div>
   <div class='ocr_carea' id='block_1_2' title="bbox 224 222 1074 262">
    <p class='ocr_par' dir='ltr' id='par_1_2' title="bbox 224 222 1074 262">
     <span class='ocr_line' id='line_1_2' title="bbox 224 222 1074 262; baseline -0.006 -6"><span class='ocrx_word' id='word_1_3' title='bbox 224 229 253 256; x_wconf 90' lang='lat' dir='ltr'><strong>et</strong></span> <span class='ocrx_word' id='word_1_4' title='bbox 268 225 390 256; x_wconf 88' lang='lat' dir='ltr'><strong>omnino</strong></span> <span class='ocrx_word' id='word_1_5' title='bbox 406 232 491 255; x_wconf 88' lang='lat' dir='ltr'><strong>mens</strong></span> <span class='ocrx_word' id='word_1_6' title='bbox 512 232 578 255; x_wconf 87' lang='lat' dir='ltr'><strong>mea</strong></span> <span class='ocrx_word' id='word_1_7' title='bbox 593 223 767 254; x_wconf 83' lang='lat' dir='ltr'><strong>varietatem</strong></span> <span class='ocrx_word' id='word_1_8' title='bbox 783 222 896 262; x_wconf 59' lang='lat' dir='ltr'><strong>gloria,</strong></span> <span class='ocrx_word' id='word_1_9' title='bbox 913 225 943 253; x_wconf 91' lang='lat' dir='ltr'><strong>et</strong></span> <span class='ocrx_word' id='word_1_10' title='bbox 958 222 1074 253; x_wconf 73' lang='lat' dir='ltr'><strong>deco-A</strong></span> 
     </span>
    </p>
   </div>
   <div class='ocr_carea' id='block_1_3' title="bbox 223 266 1045 308">
    <p class='ocr_par' dir='ltr' id='par_1_3' title="bbox 223 266 1045 308">
     <span class='ocr_line' id='line_1_3' title="bbox 223 266 1045 308; baseline -0.005 -8"><span class='ocrx_word' id='word_1_11' title='bbox 223 279 286 301; x_wconf 92' lang='lat' dir='ltr'><strong>rem</strong></span> <span class='ocrx_word' id='word_1_12' title='bbox 304 269 456 308; x_wconf 67' lang='lat' dir='ltr'><strong>elegantiae</strong></span> <span class='ocrx_word' id='word_1_13' title='bbox 483 272 540 299; x_wconf 71' lang='lat' dir='ltr'><strong>tuae</strong></span> <span class='ocrx_word' id='word_1_14' title='bbox 568 267 738 308; x_wconf 79' lang='lat' dir='ltr'><strong>perspicere</strong></span> <span class='ocrx_word' id='word_1_15' title='bbox 767 267 880 307; x_wconf 81' lang='lat' dir='ltr'><strong>nequit.</strong></span> <span class='ocrx_word' id='word_1_16' title='bbox 905 266 982 306; x_wconf 86' lang='lat' dir='ltr'><strong>Ergo</strong></span> <span class='ocrx_word' id='word_1_17' title='bbox 995 266 1045 306; x_wconf 90' lang='lat' dir='ltr'><strong>qui</strong></span> 
     </span>
    </p>
   </div>
   <div class='ocr_carea' id='block_1_4' title="bbox 231 312 1047 352">
    <p class='ocr_par' dir='ltr' id='par_1_4' title="bbox 231 312 1047 352">
     <span class='ocr_line' id='line_1_4' title="bbox 231 312 1047 352; baseline -0.005 -7"><span class='ocrx_word' id='word_1_18' title='bbox 231 323 265 345; x_wconf 86' lang='lat' dir='ltr'><strong>ex</strong></span> <span class='ocrx_word' id='word_1_19' title='bbox 281 313 420 344; x_wconf 91' lang='lat' dir='ltr'><strong>omnibus</strong></span> <span class='ocrx_word' id='word_1_20' title='bbox 435 313 511 344; x_wconf 83' lang='lat' dir='ltr'>nihil</span> <span class='ocrx_word' id='word_1_21' title='bbox 527 317 581 350; x_wconf 91' lang='lat' dir='ltr'><strong>est,</strong></span> <span class='ocrx_word' id='word_1_22' title='bbox 598 312 746 352; x_wconf 91' lang='lat' dir='ltr'><strong>quomodo</strong></span> <span class='ocrx_word' id='word_1_23' title='bbox 763 312 881 342; x_wconf 80' lang='lat' dir='ltr'><strong>tandem</strong></span> <span class='ocrx_word' id='word_1_24' title='bbox 899 317 943 342; x_wconf 89' lang='lat' dir='ltr'><strong>est</strong></span> <span class='ocrx_word' id='word_1_25' title='bbox 957 320 1047 351; x_wconf 82' lang='lat' dir='ltr'><strong>super</strong></span> 
     </span>
    </p>
   </div>
   <div class='ocr_carea' id='block_1_5' title="bbox 223 355 1044 394">
    <p class='ocr_par' dir='ltr' id='par_1_5' title="bbox 223 355 1044 394">
     <span class='ocr_line' id='line_1_5' title="bbox 223 355 1044 394; baseline -0.004 -5"><span class='ocrx_word' id='word_1_26' title='bbox 223 358 324 389; x_wconf 87' lang='lat' dir='ltr'><strong>omnia</strong></span> <span class='ocrx_word' id='word_1_27' title='bbox 339 358 355 388; x_wconf 87' lang='lat'><strong>?</strong></span> <span class='ocrx_word' id='word_1_28' title='bbox 383 357 438 394; x_wconf 87' lang='lat' dir='ltr'><strong>Qui</strong></span> <span class='ocrx_word' id='word_1_29' title='bbox 463 363 547 388; x_wconf 91' lang='lat' dir='ltr'><strong>extra</strong></span> <span class='ocrx_word' id='word_1_30' title='bbox 570 357 681 393; x_wconf 81' lang='lat' dir='ltr'><strong>omnia,</strong></span> <span class='ocrx_word' id='word_1_31' title='bbox 709 360 738 387; x_wconf 90' lang='lat' dir='ltr'><strong>et</strong></span> <span class='ocrx_word' id='word_1_32' title='bbox 762 355 892 387; x_wconf 90' lang='lat' dir='ltr'><strong>omnium</strong></span> <span class='ocrx_word' id='word_1_33' title='bbox 909 356 988 387; x_wconf 89' lang='lat' dir='ltr'><strong>Deus</strong></span> <span class='ocrx_word' id='word_1_34' title='bbox 1001 365 1044 393; x_wconf 86' lang='lat' dir='ltr'><strong>es,</strong></span> 
     </span>
    </p>
   </div>
   <div class='ocr_carea' id='block_1_6' title="bbox 222 403 1045 444">
    <p class='ocr_par' dir='ltr' id='par_1_6' title="bbox 222 403 1045 444">
     <span class='ocr_line' id='line_1_6' title="bbox 222 403 1045 444; baseline -0.005 -9"><span class='ocrx_word' id='word_1_35' title='bbox 222 408 386 444; x_wconf 78' lang='lat' dir='ltr'><strong>aspectum,</strong></span> <span class='ocrx_word' id='word_1_36' title='bbox 404 413 570 440; x_wconf 86' lang='lat' dir='ltr'><strong>accessum,</strong></span> <span class='ocrx_word' id='word_1_37' title='bbox 586 403 784 440; x_wconf 87' lang='lat' dir='ltr'><strong>intellectum,</strong></span> <span class='ocrx_word' id='word_1_38' title='bbox 803 406 911 432; x_wconf 88' lang='lat' dir='ltr'><strong>tactum</strong></span> <span class='ocrx_word' id='word_1_39' title='bbox 927 411 1045 432; x_wconf 90' lang='lat' dir='ltr'><strong>omnem</strong></span> 
     </span>
    </p>
   </div>
   <div class='ocr_carea' id='block_1_7' title="bbox 222 446 1046 487">
    <p class='ocr_par' dir='ltr' id='par_1_7' title="bbox 222 446 1046 487">
     <span class='ocr_line' id='line_1_7' title="bbox 222 446 1046 487; baseline -0.005 -8"><span class='ocrx_word' id='word_1_40' title='bbox 222 448 350 487; x_wconf 78' lang='lat' dir='ltr'><strong>fugiens,</strong></span> <span class='ocrx_word' id='word_1_41' title='bbox 368 448 447 479; x_wconf 88' lang='lat' dir='ltr'><strong>idem</strong></span> <span class='ocrx_word' id='word_1_42' title='bbox 465 448 597 478; x_wconf 75' lang='lat' dir='ltr'><strong>mortalis</strong></span> <span class='ocrx_word' id='word_1_43' title='bbox 612 448 715 483; x_wconf 79' lang='lat' dir='ltr'><strong>factus,</strong></span> <span class='ocrx_word' id='word_1_44' title='bbox 744 447 774 477; x_wconf 89' lang='lat' dir='ltr'><strong>in</strong></span> <span class='ocrx_word' id='word_1_45' title='bbox 790 446 934 477; x_wconf 89' lang='lat' dir='ltr'><strong>mundum</strong></span> <span class='ocrx_word' id='word_1_46' title='bbox 950 456 982 476; x_wconf 91' lang='lat' dir='ltr'><strong>es</strong></span> <span class='ocrx_word' id='word_1_47' title='bbox 997 446 1046 475; x_wconf 91' lang='lat' dir='ltr'><strong>in-</strong></span> 
     </span>
    </p>
   </div>
   <div class='ocr_carea' id='block_1_8' title="bbox 223 490 1046 533">
    <p class='ocr_par' dir='ltr' id='par_1_8' title="bbox 223 490 1046 533">
     <span class='ocr_line' id='line_1_8' title="bbox 223 490 1046 533; baseline -0.005 -9"><span class='ocrx_word' id='word_1_48' title='bbox 223 502 342 533; x_wconf 86' lang='lat' dir='ltr'><strong>gressus</strong></span> <span class='ocrx_word' id='word_1_49' title='bbox 357 497 569 532; x_wconf 89' lang='lat' dir='ltr'><strong>assumptoque</strong></span> <span class='ocrx_word' id='word_1_50' title='bbox 585 501 712 531; x_wconf 89' lang='lat' dir='ltr'><strong>corpore</strong></span> <span class='ocrx_word' id='word_1_51' title='bbox 724 492 864 528; x_wconf 89' lang='lat' dir='ltr'><strong>humano,</strong></span> <span class='ocrx_word' id='word_1_52' title='bbox 887 490 1046 531; x_wconf 83' lang='lat' dir='ltr'><strong>apparuisti</strong></span> 
     </span>
    </p>
   </div>
   <div class='ocr_carea' id='block_1_9' title="bbox 224 535 1045 576">
    <p class='ocr_par' dir='ltr' id='par_1_9' title="bbox 224 535 1045 576">
     <span class='ocr_line' id='line_1_9' title="bbox 224 535 1045 576; baseline -0.005 -8"><span class='ocrx_word' id='word_1_53' title='bbox 224 537 361 569; x_wconf 92' lang='lat' dir='ltr'><strong>omnibus</strong></span> <span class='ocrx_word' id='word_1_54' title='bbox 376 537 569 568; x_wconf 85' lang='lat' dir='ltr'><strong>accessibilis.</strong></span> <span class='ocrx_word' id='word_1_55' title='bbox 589 537 729 576; x_wconf 84' lang='lat' dir='ltr'><strong>Cognitus</strong></span> <span class='ocrx_word' id='word_1_56' title='bbox 746 546 778 566; x_wconf 86' lang='lat' dir='ltr'><strong>es</strong></span> <span class='ocrx_word' id='word_1_57' title='bbox 794 536 879 566; x_wconf 87' lang='lat' dir='ltr'><strong>etiam</strong></span> <span class='ocrx_word' id='word_1_58' title='bbox 909 545 926 566; x_wconf 92' lang='lat' dir='ltr'><strong>a</strong></span> <span class='ocrx_word' id='word_1_59' title='bbox 947 535 1045 565; x_wconf 87' lang='lat' dir='ltr'><strong>ﬁdeli—</strong></span> 
     </span>
    </p>
   </div>
   <div class='ocr_carea' id='block_1_10' title="bbox 224 580 1045 622">
    <p class='ocr_par' dir='ltr' id='par_1_10' title="bbox 224 580 1045 622">
     <span class='ocr_line' id='line_1_10' title="bbox 224 580 1045 622; baseline -0.006 -8"><span class='ocrx_word' id='word_1_60' title='bbox 224 582 279 614; x_wconf 87' lang='lat' dir='ltr'><strong>bus</strong></span> <span class='ocrx_word' id='word_1_61' title='bbox 295 591 362 613; x_wconf 93' lang='lat' dir='ltr'><strong>cum</strong></span> <span class='ocrx_word' id='word_1_62' title='bbox 377 582 472 622; x_wconf 84' lang='lat' dir='ltr'><strong>gloria</strong></span> <span class='ocrx_word' id='word_1_63' title='bbox 486 581 652 612; x_wconf 87' lang='lat' dir='ltr'><strong>divinitatis</strong></span> <span class='ocrx_word' id='word_1_64' title='bbox 669 585 736 616; x_wconf 66' lang='lat' dir='ltr'><strong>tuae,</strong></span> <span class='ocrx_word' id='word_1_65' title='bbox 755 585 783 610; x_wconf 90' lang='lat' dir='ltr'><strong>et</strong></span> <span class='ocrx_word' id='word_1_66' title='bbox 809 580 843 611; x_wconf 90' lang='lat' dir='ltr'><strong>ab</strong></span> <span class='ocrx_word' id='word_1_67' title='bbox 870 580 943 620; x_wconf 86' lang='lat' dir='ltr'><strong>ipsis</strong></span> <span class='ocrx_word' id='word_1_68' title='bbox 966 589 1045 610; x_wconf 87' lang='lat' dir='ltr'><strong>coni-</strong></span> 
     </span>
    </p>
   </div>
   <div class='ocr_carea' id='block_1_11' title="bbox 224 623 1045 668">
    <p class='ocr_par' dir='ltr' id='par_1_11' title="bbox 224 623 1045 668">
     <span class='ocr_line' id='line_1_11' title="bbox 224 623 1045 668; baseline -0.005 -10"><span class='ocrx_word' id='word_1_69' title='bbox 224 628 401 668; x_wconf 85' lang='lat' dir='ltr'><strong>prehensus,</strong></span> <span class='ocrx_word' id='word_1_70' title='bbox 419 627 470 666; x_wconf 94' lang='lat' dir='ltr'><strong>qui</strong></span> <span class='ocrx_word' id='word_1_71' title='bbox 485 635 606 666; x_wconf 84' lang='lat' dir='ltr'><strong>prorsus</strong></span> <span class='ocrx_word' id='word_1_72' title='bbox 622 630 666 656; x_wconf 90' lang='lat' dir='ltr'><strong>est</strong></span> <span class='ocrx_word' id='word_1_73' title='bbox 681 623 1045 665; x_wconf 70' lang='lat' dir='ltr'><strong>incomprehensibilis,let</strong></span> 
     </span>
    </p>
   </div>
   <div class='ocr_carea' id='block_1_12' title="bbox 222 669 1042 711">
    <p class='ocr_par' dir='ltr' id='par_1_12' title="bbox 222 669 1042 711">
     <span class='ocr_line' id='line_1_12' title="bbox 222 669 1042 711; baseline -0.005 -8"><span class='ocrx_word' id='word_1_74' title='bbox 222 672 302 703; x_wconf 87' lang='lat' dir='ltr'><strong>visus</strong></span> <span class='ocrx_word' id='word_1_75' title='bbox 315 671 351 702; x_wconf 90' lang='lat' dir='ltr'><strong>ab</strong></span> <span class='ocrx_word' id='word_1_76' title='bbox 379 671 437 702; x_wconf 88' lang='lat' dir='ltr'><strong>illis</strong></span> <span class='ocrx_word' id='word_1_77' title='bbox 453 675 531 701; x_wconf 87' lang='lat' dir='ltr'><strong>totus</strong></span> <span class='ocrx_word' id='word_1_78' title='bbox 549 680 555 701; x_wconf 77' lang='grc' dir='ltr'>ε</span> <span class='ocrx_word' id='word_1_79' title='bbox 586 670 697 711; x_wconf 87' lang='lat' dir='ltr'><strong>alioqui</strong></span> <span class='ocrx_word' id='word_1_80' title='bbox 721 669 858 700; x_wconf 90' lang='lat' dir='ltr'><strong>omnibus</strong></span> <span class='ocrx_word' id='word_1_81' title='bbox 874 669 1042 707; x_wconf 77' lang='lat' dir='ltr'><strong>invi~ibilis,</strong></span> 
     </span>
    </p>
   </div>
   <div class='ocr_carea' id='block_1_13' title="bbox 224 713 1044 755">
    <p class='ocr_par' dir='ltr' id='par_1_13' title="bbox 224 713 1044 755">
     <span class='ocr_line' id='line_1_13' title="bbox 224 713 1044 755; baseline -0.005 -8"><span class='ocrx_word' id='word_1_82' title='bbox 224 721 255 748; x_wconf 89' lang='lat' dir='ltr'><strong>et</strong></span> <span class='ocrx_word' id='word_1_83' title='bbox 283 715 422 748; x_wconf 88' lang='lat' dir='ltr'><strong>viderunt</strong></span> <span class='ocrx_word' id='word_1_84' title='bbox 451 715 634 755; x_wconf 84' lang='lat' dir='ltr'><strong>majestatem</strong></span> <span class='ocrx_word' id='word_1_85' title='bbox 663 719 855 745; x_wconf 69' lang='lat' dir='ltr'><strong>sacrosancta:</strong></span> <span class='ocrx_word' id='word_1_86' title='bbox 883 713 1044 744; x_wconf 85' lang='lat' dir='ltr'><strong>divinitatis</strong></span> 
     </span>
    </p>
   </div>
   <div class='ocr_carea' id='block_1_14' title="bbox 224 758 1042 792">
    <p class='ocr_par' dir='ltr' id='par_1_14' title="bbox 224 758 1042 792">
     <span class='ocr_line' id='line_1_14' title="bbox 224 758 1042 792; baseline -0.005 0"><span class='ocrx_word' id='word_1_87' title='bbox 224 765 291 792; x_wconf 55' lang='lat' dir='ltr'><strong>tuae.</strong></span> <span class='ocrx_word' id='word_1_88' title='bbox 310 760 371 792; x_wconf 89' lang='lat' dir='ltr'><strong>Soli</strong></span> <span class='ocrx_word' id='word_1_89' title='bbox 387 760 493 791; x_wconf 89' lang='lat' dir='ltr'><strong>ﬁdeles</strong></span> <span class='ocrx_word' id='word_1_90' title='bbox 507 759 609 790; x_wconf 84' lang='lat' dir='ltr'><strong>vident</strong></span> <span class='ocrx_word' id='word_1_91' title='bbox 625 768 631 790; x_wconf 92' lang='lat'>:</span> <span class='ocrx_word' id='word_1_92' title='bbox 664 768 767 789; x_wconf 91' lang='lat' dir='ltr'><strong>omnes</strong></span> <span class='ocrx_word' id='word_1_93' title='bbox 787 763 883 789; x_wconf 90' lang='lat' dir='ltr'><strong>autem</strong></span> <span class='ocrx_word' id='word_1_94' title='bbox 907 758 1042 789; x_wconf 91' lang='lat' dir='ltr'><strong>inﬁdeles</strong></span> 
     </span>
    </p>
   </div>
   <div class='ocr_carea' id='block_1_15' title="bbox 223 803 1039 843">
    <p class='ocr_par' dir='ltr' id='par_1_15' title="bbox 223 803 1039 843">
     <span class='ocr_line' id='line_1_15' title="bbox 223 803 1039 843; baseline -0.004 -7"><span class='ocrx_word' id='word_1_95' title='bbox 223 805 285 836; x_wconf 92' lang='lat' dir='ltr'><strong>viso</strong></span> <span class='ocrx_word' id='word_1_96' title='bbox 300 809 329 836; x_wconf 91' lang='lat' dir='ltr'><strong>te</strong></span> <span class='ocrx_word' id='word_1_97' title='bbox 344 805 448 835; x_wconf 92' lang='lat' dir='ltr'><strong>mundi</strong></span> <span class='ocrx_word' id='word_1_98' title='bbox 465 804 590 841; x_wconf 78' lang='lat' dir='ltr'><strong>lumine,</strong></span> <span class='ocrx_word' id='word_1_99' title='bbox 607 805 677 835; x_wconf 74' lang='grc' dir='ltr'><strong>εωεί</strong></span> <span class='ocrx_word' id='word_1_100' title='bbox 708 807 894 843; x_wconf 86' lang='lat' dir='ltr'><strong>permanent.</strong></span> <span class='ocrx_word' id='word_1_101' title='bbox 913 803 1039 840; x_wconf 84' lang='lat' dir='ltr'><strong>Fideles,</strong></span> 
     </span>
    </p>
   </div>
   <div class='ocr_carea' id='block_1_16' title="bbox 221 848 1040 890">
    <p class='ocr_par' dir='ltr' id='par_1_16' title="bbox 221 848 1040 890">
     <span class='ocr_line' id='line_1_16' title="bbox 221 848 1040 890; baseline -0.004 -10"><span class='ocrx_word' id='word_1_102' title='bbox 221 850 321 890; x_wconf 89' lang='lat' dir='ltr'><strong>itaque</strong></span> <span class='ocrx_word' id='word_1_103' title='bbox 337 854 366 880; x_wconf 90' lang='lat' dir='ltr'><strong>et</strong></span> <span class='ocrx_word' id='word_1_104' title='bbox 381 854 450 880; x_wconf 91' lang='lat' dir='ltr'><strong>tunc</strong></span> <span class='ocrx_word' id='word_1_105' title='bbox 466 859 546 880; x_wconf 86' lang='lat' dir='ltr'><strong>nunc</strong></span> <span class='ocrx_word' id='word_1_106' title='bbox 569 858 688 888; x_wconf 87' lang='lat' dir='ltr'><strong>semper</strong></span> <span class='ocrx_word' id='word_1_107' title='bbox 718 852 745 878; x_wconf 91' lang='lat' dir='ltr'><strong>te</strong></span> <span class='ocrx_word' id='word_1_108' title='bbox 770 848 878 883; x_wconf 85' lang='lat' dir='ltr'><strong>vident,</strong></span> <span class='ocrx_word' id='word_1_109' title='bbox 897 851 925 878; x_wconf 87' lang='lat' dir='ltr'><strong>et</strong></span> <span class='ocrx_word' id='word_1_110' title='bbox 941 856 1040 878; x_wconf 88' lang='lat' dir='ltr'><strong>secum</strong></span> 
     </span>
    </p>
   </div>
   <div class='ocr_carea' id='block_1_17' title="bbox 223 892 1071 933">
    <p class='ocr_par' dir='ltr' id='par_1_17' title="bbox 223 892 1071 933">
     <span class='ocr_line' id='line_1_17' title="bbox 223 892 1071 933; baseline -0.005 -8"><span class='ocrx_word' id='word_1_111' title='bbox 223 899 252 925; x_wconf 89' lang='lat' dir='ltr'><strong>te</strong></span> <span class='ocrx_word' id='word_1_112' title='bbox 267 893 387 931; x_wconf 87' lang='lat' dir='ltr'><strong>habent,</strong></span> <span class='ocrx_word' id='word_1_113' title='bbox 414 893 615 924; x_wconf 90' lang='lat' dir='ltr'><strong>universitatis</strong></span> <span class='ocrx_word' id='word_1_114' title='bbox 639 893 786 933; x_wconf 85' lang='lat' dir='ltr'><strong>opiﬁcem,</strong></span> <span class='ocrx_word' id='word_1_115' title='bbox 819 897 997 929; x_wconf 85' lang='lat' dir='ltr'><strong>versantem,</strong></span> <span class='ocrx_word' id='word_1_116' title='bbox 1013 892 1071 922; x_wconf 84' lang='lat' dir='ltr'><strong>etB</strong></span> 
     </span>
    </p>
   </div>
   <div class='ocr_carea' id='block_1_18' title="bbox 222 936 1042 978">
    <p class='ocr_par' dir='ltr' id='par_1_18' title="bbox 222 936 1042 978">
     <span class='ocr_line' id='line_1_18' title="bbox 222 936 1042 978; baseline -0.005 -8"><span class='ocrx_word' id='word_1_117' title='bbox 222 938 403 970; x_wconf 87' lang='lat' dir='ltr'><strong>habitantem</strong></span> <span class='ocrx_word' id='word_1_118' title='bbox 421 948 488 969; x_wconf 92' lang='lat' dir='ltr'><strong>cum</strong></span> <span class='ocrx_word' id='word_1_119' title='bbox 513 938 587 978; x_wconf 87' lang='lat' dir='ltr'><strong>ipsis</strong></span> <span class='ocrx_word' id='word_1_120' title='bbox 612 937 641 968; x_wconf 93' lang='lat' dir='ltr'><strong>in</strong></span> <span class='ocrx_word' id='word_1_121' title='bbox 665 938 753 977; x_wconf 87' lang='lat' dir='ltr'><strong>hujus</strong></span> <span class='ocrx_word' id='word_1_122' title='bbox 768 937 832 968; x_wconf 65' lang='lat' dir='ltr'><strong>vitae</strong></span> <span class='ocrx_word' id='word_1_123' title='bbox 850 936 992 974; x_wconf 86' lang='lat' dir='ltr'><strong>tenebris,</strong></span> <span class='ocrx_word' id='word_1_124' title='bbox 1009 941 1042 967; x_wconf 88' lang='lat' dir='ltr'><strong>ut</strong></span> 
     </span>
    </p>
   </div>
   <div class='ocr_carea' id='block_1_19' title="bbox 219 981 1039 1022">
    <p class='ocr_par' dir='ltr' id='par_1_19' title="bbox 219 981 1039 1022">
     <span class='ocr_line' id='line_1_19' title="bbox 219 981 1039 1022; baseline -0.005 -8"><span class='ocrx_word' id='word_1_125' title='bbox 219 984 314 1014; x_wconf 90' lang='lat' dir='ltr'><strong>solem</strong></span> <span class='ocrx_word' id='word_1_126' title='bbox 325 983 522 1019; x_wconf 87' lang='lat' dir='ltr'><strong>inaccessum,</strong></span> <span class='ocrx_word' id='word_1_127' title='bbox 539 982 745 1022; x_wconf 88' lang='lat' dir='ltr'><strong>utlampadem</strong></span> <span class='ocrx_word' id='word_1_128' title='bbox 757 981 1039 1020; x_wconf 83' lang='lat' dir='ltr'><strong>inexstinguibilem,</strong></span> 
     </span>
    </p>
   </div>
   <div class='ocr_carea' id='block_1_20' title="bbox 221 1025 1041 1068">
    <p class='ocr_par' dir='ltr' id='par_1_20' title="bbox 221 1025 1041 1068">
     <span class='ocr_line' id='line_1_20' title="bbox 221 1025 1041 1068; baseline -0.004 -10"><span class='ocrx_word' id='word_1_129' title='bbox 221 1029 272 1068; x_wconf 89' lang='lat' dir='ltr'><strong>qui</strong></span> <span class='ocrx_word' id='word_1_130' title='bbox 286 1037 304 1058; x_wconf 93' lang='lat' dir='ltr'><strong>a</strong></span> <span class='ocrx_word' id='word_1_131' title='bbox 319 1027 451 1059; x_wconf 88' lang='lat' dir='ltr'><strong>tenebris</strong></span> <span class='ocrx_word' id='word_1_132' title='bbox 467 1028 583 1067; x_wconf 89' lang='lat' dir='ltr'><strong>penitus</strong></span> <span class='ocrx_word' id='word_1_133' title='bbox 599 1036 657 1058; x_wconf 93' lang='lat' dir='ltr'><strong>non</strong></span> <span class='ocrx_word' id='word_1_134' title='bbox 675 1025 950 1067; x_wconf 60' lang='lat' dir='ltr'><strong>comprehenderis,</strong></span> <span class='ocrx_word' id='word_1_135' title='bbox 969 1029 997 1056; x_wconf 90' lang='lat' dir='ltr'><strong>et</strong></span> <span class='ocrx_word' id='word_1_136' title='bbox 1014 1030 1041 1055; x_wconf 90' lang='lat' dir='ltr'><strong>te</strong></span> 
     </span>
    </p>
   </div>
   <div class='ocr_carea' id='block_1_21' title="bbox 221 1071 1042 1112">
    <p class='ocr_par' dir='ltr' id='par_1_21' title="bbox 221 1071 1042 1112">
     <span class='ocr_line' id='line_1_21' title="bbox 221 1071 1042 1112; baseline -0.004 -9"><span class='ocrx_word' id='word_1_137' title='bbox 221 1073 354 1103; x_wconf 90' lang='lat' dir='ltr'><strong>videntes</strong></span> <span class='ocrx_word' id='word_1_138' title='bbox 382 1081 501 1112; x_wconf 82' lang='lat' dir='ltr'><strong>semper</strong></span> <span class='ocrx_word' id='word_1_139' title='bbox 530 1072 690 1102; x_wconf 89' lang='lat' dir='ltr'><strong>illuminas.</strong></span> <span class='ocrx_word' id='word_1_140' title='bbox 723 1071 796 1108; x_wconf 87' lang='lat' dir='ltr'><strong>Quia</strong></span> <span class='ocrx_word' id='word_1_141' title='bbox 824 1071 911 1110; x_wconf 81' lang='lat' dir='ltr'><strong>igitur</strong></span> <span class='ocrx_word' id='word_1_142' title='bbox 939 1075 980 1106; x_wconf 89' lang='lat' dir='ltr'><strong>tu,</strong></span> <span class='ocrx_word' id='word_1_143' title='bbox 1011 1074 1042 1100; x_wconf 91' lang='lat' dir='ltr'><strong>ut</strong></span> 
     </span>
    </p>
   </div>
   <div class='ocr_carea' id='block_1_22' title="bbox 220 1115 1041 1154">
    <p class='ocr_par' dir='ltr' id='par_1_22' title="bbox 220 1115 1041 1154">
     <span class='ocr_line' id='line_1_22' title="bbox 220 1115 1041 1154; baseline -0.004 -7"><span class='ocrx_word' id='word_1_144' title='bbox 220 1117 360 1154; x_wconf 81' lang='lat' dir='ltr'><strong>diximus,</strong></span> <span class='ocrx_word' id='word_1_145' title='bbox 378 1120 460 1148; x_wconf 84' lang='lat' dir='ltr'><strong>extra</strong></span> <span class='ocrx_word' id='word_1_146' title='bbox 473 1117 572 1147; x_wconf 90' lang='lat' dir='ltr'><strong>omnia</strong></span> <span class='ocrx_word' id='word_1_147' title='bbox 587 1126 629 1153; x_wconf 89' lang='lat' dir='ltr'><strong>es,</strong></span> <span class='ocrx_word' id='word_1_148' title='bbox 646 1116 735 1147; x_wconf 90' lang='lat' dir='ltr'><strong>etiam</strong></span> <span class='ocrx_word' id='word_1_149' title='bbox 750 1115 802 1146; x_wconf 92' lang='lat' dir='ltr'><strong>abs</strong></span> <span class='ocrx_word' id='word_1_150' title='bbox 818 1119 846 1145; x_wconf 89' lang='lat' dir='ltr'><strong>te</strong></span> <span class='ocrx_word' id='word_1_151' title='bbox 861 1115 1041 1145; x_wconf 89' lang='lat' dir='ltr'><strong>illuminatos</strong></span> 
     </span>
    </p>
   </div>
   <div class='ocr_carea' id='block_1_23' title="bbox 221 1159 1042 1202">
    <p class='ocr_par' dir='ltr' id='par_1_23' title="bbox 221 1159 1042 1202">
     <span class='ocr_line' id='line_1_23' title="bbox 221 1159 1042 1202; baseline -0.004 -10"><span class='ocrx_word' id='word_1_152' title='bbox 221 1165 303 1192; x_wconf 86' lang='lat' dir='ltr'><strong>extra</strong></span> <span class='ocrx_word' id='word_1_153' title='bbox 318 1171 353 1192; x_wconf 86' lang='lat' dir='ltr'><strong>ea</strong></span> <span class='ocrx_word' id='word_1_154' title='bbox 367 1171 433 1202; x_wconf 82' lang='lat' dir='ltr'><strong>quae</strong></span> <span class='ocrx_word' id='word_1_155' title='bbox 448 1170 570 1192; x_wconf 89' lang='lat' dir='ltr'><strong>sensum</strong></span> <span class='ocrx_word' id='word_1_156' title='bbox 593 1162 748 1192; x_wconf 85' lang='lat' dir='ltr'><strong>oculorum</strong></span> <span class='ocrx_word' id='word_1_157' title='bbox 776 1164 905 1199; x_wconf 90' lang='lat' dir='ltr'><strong>movent,</strong></span> <span class='ocrx_word' id='word_1_158' title='bbox 921 1169 986 1190; x_wconf 86' lang='lat' dir='ltr'><strong>esse</strong></span> <span class='ocrx_word' id='word_1_159' title='bbox 1002 1159 1042 1190; x_wconf 79' lang='lat' dir='ltr'><strong>fa-</strong></span> 
     </span>
    </p>
   </div>
   <div class='ocr_carea' id='block_1_24' title="bbox 219 1205 1040 1245">
    <p class='ocr_par' dir='ltr' id='par_1_24' title="bbox 219 1205 1040 1245">
     <span class='ocr_line' id='line_1_24' title="bbox 219 1205 1040 1245; baseline -0.004 -8"><span class='ocrx_word' id='word_1_160' title='bbox 219 1206 273 1244; x_wconf 88' lang='lat' dir='ltr'><strong>cis,</strong></span> <span class='ocrx_word' id='word_1_161' title='bbox 287 1212 316 1237; x_wconf 86' lang='lat' dir='ltr'><strong>et</strong></span> <span class='ocrx_word' id='word_1_162' title='bbox 329 1215 447 1236; x_wconf 85' lang='lat' dir='ltr'><strong>rursum</strong></span> <span class='ocrx_word' id='word_1_163' title='bbox 459 1216 525 1236; x_wconf 91' lang='lat' dir='ltr'><strong>cum</strong></span> <span class='ocrx_word' id='word_1_164' title='bbox 540 1205 624 1237; x_wconf 82' lang='lat' dir='ltr'><strong>Patre</strong></span> <span class='ocrx_word' id='word_1_165' title='bbox 637 1209 698 1236; x_wconf 87' lang='lat' dir='ltr'><strong>tuo.</strong></span> <span class='ocrx_word' id='word_1_166' title='bbox 711 1205 746 1236; x_wconf 86' lang='lat' dir='ltr'><strong>Et</strong></span> <span class='ocrx_word' id='word_1_167' title='bbox 763 1205 909 1245; x_wconf 91' lang='lat' dir='ltr'><strong>quomodo</strong></span> <span class='ocrx_word' id='word_1_168' title='bbox 927 1209 956 1235; x_wconf 92' lang='lat' dir='ltr'><strong>tu</strong></span> <span class='ocrx_word' id='word_1_169' title='bbox 974 1213 1040 1234; x_wconf 85' lang='lat' dir='ltr'><strong>cum</strong></span> 
     </span>
    </p>
   </div>
   <div class='ocr_carea' id='block_1_25' title="bbox 219 1248 1040 1287">
    <p class='ocr_par' dir='ltr' id='par_1_25' title="bbox 219 1248 1040 1287">
     <span class='ocr_line' id='line_1_25' title="bbox 219 1248 1040 1287; baseline -0.004 -6"><span class='ocrx_word' id='word_1_170' title='bbox 219 1250 280 1281; x_wconf 90' lang='lat' dir='ltr'><strong>illic</strong></span> <span class='ocrx_word' id='word_1_171' title='bbox 296 1250 347 1287; x_wconf 91' lang='lat' dir='ltr'><strong>sis,</strong></span> <span class='ocrx_word' id='word_1_172' title='bbox 366 1250 431 1281; x_wconf 89' lang='lat' dir='ltr'><strong>sine</strong></span> <span class='ocrx_word' id='word_1_173' title='bbox 446 1250 600 1281; x_wconf 90' lang='lat' dir='ltr'><strong>intervallo</strong></span> <span class='ocrx_word' id='word_1_174' title='bbox 617 1250 771 1280; x_wconf 87' lang='lat' dir='ltr'><strong>nobiscum</strong></span> <span class='ocrx_word' id='word_1_175' title='bbox 804 1259 835 1280; x_wconf 92' lang='lat' dir='ltr'><strong>es</strong></span> <span class='ocrx_word' id='word_1_176' title='bbox 866 1253 943 1279; x_wconf 87' lang='lat' dir='ltr'><strong>totus</strong></span> <span class='ocrx_word' id='word_1_177' title='bbox 959 1259 966 1279; x_wconf 88' lang='lat'>:</span> <span class='ocrx_word' id='word_1_178' title='bbox 998 1248 1040 1278; x_wconf 91' lang='lat' dir='ltr'><strong>sic</strong></span> 
     </span>
    </p>
   </div>
   <div class='ocr_carea' id='block_1_26' title="bbox 219 1293 1041 1332">
    <p class='ocr_par' dir='ltr' id='par_1_26' title="bbox 219 1293 1041 1332">
     <span class='ocr_line' id='line_1_26' title="bbox 219 1293 1041 1332; baseline -0.002 -7"><span class='ocrx_word' id='word_1_179' title='bbox 219 1304 274 1325; x_wconf 93' lang='lat' dir='ltr'><strong>nos</strong></span> <span class='ocrx_word' id='word_1_180' title='bbox 283 1304 384 1325; x_wconf 91' lang='lat' dir='ltr'><strong>servos</strong></span> <span class='ocrx_word' id='word_1_181' title='bbox 396 1299 472 1330; x_wconf 88' lang='lat' dir='ltr'><strong>tuos,</strong></span> <span class='ocrx_word' id='word_1_182' title='bbox 489 1295 520 1324; x_wconf 90' lang='lat' dir='ltr'><strong>in</strong></span> <span class='ocrx_word' id='word_1_183' title='bbox 537 1294 634 1325; x_wconf 90' lang='lat' dir='ltr'><strong>medio</strong></span> <span class='ocrx_word' id='word_1_184' title='bbox 651 1303 751 1324; x_wconf 90' lang='lat' dir='ltr'><strong>rerum</strong></span> <span class='ocrx_word' id='word_1_185' title='bbox 768 1293 822 1324; x_wconf 87' lang='lat' dir='ltr'><strong>sub</strong></span> <span class='ocrx_word' id='word_1_186' title='bbox 838 1303 942 1324; x_wconf 87' lang='lat' dir='ltr'><strong>sensus</strong></span> <span class='ocrx_word' id='word_1_187' title='bbox 955 1302 1041 1332; x_wconf 88' lang='lat' dir='ltr'><strong>aspe-</strong></span> 
     </span>
    </p>
   </div>
   <div class='ocr_carea' id='block_1_27' title="bbox 219 1338 1041 1379">
    <p class='ocr_par' dir='ltr' id='par_1_27' title="bbox 219 1338 1041 1379">
     <span class='ocr_line' id='line_1_27' title="bbox 219 1338 1041 1379; baseline -0.004 -9"><span class='ocrx_word' id='word_1_188' title='bbox 219 1343 359 1379; x_wconf 89' lang='lat' dir='ltr'><strong>ctumque</strong></span> <span class='ocrx_word' id='word_1_189' title='bbox 373 1339 542 1370; x_wconf 89' lang='lat' dir='ltr'><strong>cadentium</strong></span> <span class='ocrx_word' id='word_1_190' title='bbox 568 1343 731 1375; x_wconf 85' lang='lat' dir='ltr'><strong>versantes,</strong></span> <span class='ocrx_word' id='word_1_191' title='bbox 749 1338 862 1374; x_wconf 81' lang='lat' dir='ltr'><strong>educis,</strong></span> <span class='ocrx_word' id='word_1_192' title='bbox 880 1342 908 1368; x_wconf 90' lang='lat' dir='ltr'><strong>et</strong></span> <span class='ocrx_word' id='word_1_193' title='bbox 923 1346 1041 1368; x_wconf 88' lang='lat' dir='ltr'><strong>sursum</strong></span> 
     </span>
    </p>
   </div>
   <div class='ocr_carea' id='block_1_28' title="bbox 221 1383 1041 1420">
    <p class='ocr_par' dir='ltr' id='par_1_28' title="bbox 221 1383 1041 1420">
     <span class='ocr_line' id='line_1_28' title="bbox 221 1383 1041 1420; baseline -0.002 -5"><span class='ocrx_word' id='word_1_194' title='bbox 221 1384 342 1415; x_wconf 90' lang='lat' dir='ltr'><strong>omnino</strong></span> <span class='ocrx_word' id='word_1_195' title='bbox 359 1388 458 1415; x_wconf 83' lang='lat' dir='ltr'><strong>tecum</strong></span> <span class='ocrx_word' id='word_1_196' title='bbox 473 1384 586 1414; x_wconf 93' lang='lat' dir='ltr'><strong>lumine</strong></span> <span class='ocrx_word' id='word_1_197' title='bbox 603 1388 652 1414; x_wconf 92' lang='lat' dir='ltr'><strong>tuo</strong></span> <span class='ocrx_word' id='word_1_198' title='bbox 676 1383 838 1414; x_wconf 87' lang='lat' dir='ltr'><strong>illustratos</strong></span> <span class='ocrx_word' id='word_1_199' title='bbox 853 1383 942 1420; x_wconf 74' lang='grc' dir='ltr'><strong>ιοΙΙιε,</strong></span> <span class='ocrx_word' id='word_1_200' title='bbox 961 1387 991 1412; x_wconf 75' lang='lat' dir='ltr'><strong>et</strong></span> <span class='ocrx_word' id='word_1_201' title='bbox 1006 1392 1041 1413; x_wconf 84' lang='lat' dir='ltr'><strong>ex</strong></span> 
     </span>
    </p>
   </div>
   <div class='ocr_carea' id='block_1_29' title="bbox 221 1427 1039 1468">
    <p class='ocr_par' dir='ltr' id='par_1_29' title="bbox 221 1427 1039 1468">
     <span class='ocr_line' id='line_1_29' title="bbox 221 1427 1039 1468; baseline -0.002 -9"><span class='ocrx_word' id='word_1_202' title='bbox 221 1428 393 1459; x_wconf 89' lang='lat' dir='ltr'><strong>mortalibus</strong></span> <span class='ocrx_word' id='word_1_203' title='bbox 406 1428 588 1459; x_wconf 88' lang='lat' dir='ltr'><strong>immortales</strong></span> <span class='ocrx_word' id='word_1_204' title='bbox 605 1428 716 1463; x_wconf 89' lang='lat' dir='ltr'><strong>reddis,</strong></span> <span class='ocrx_word' id='word_1_205' title='bbox 736 1432 948 1468; x_wconf 73' lang='lat' dir='ltr'><strong>monentesque</strong></span> <span class='ocrx_word' id='word_1_206' title='bbox 963 1427 1039 1467; x_wconf 89' lang='lat' dir='ltr'><strong>quod</strong></span> 
     </span>
    </p>
   </div>
   <div class='ocr_carea' id='block_1_30' title="bbox 220 1471 1039 1512">
    <p class='ocr_par' dir='ltr' id='par_1_30' title="bbox 220 1471 1039 1512">
     <span class='ocr_line' id='line_1_30' title="bbox 220 1471 1039 1512; baseline -0.001 -10"><span class='ocrx_word' id='word_1_207' title='bbox 220 1482 333 1503; x_wconf 90' lang='lat' dir='ltr'><strong>sumus.</strong></span> <span class='ocrx_word' id='word_1_208' title='bbox 351 1473 444 1512; x_wconf 84' lang='lat' dir='ltr'><strong>gratia</strong></span> <span class='ocrx_word' id='word_1_209' title='bbox 458 1476 508 1502; x_wconf 88' lang='lat' dir='ltr'><strong>tua</strong></span> <span class='ocrx_word' id='word_1_210' title='bbox 532 1473 595 1508; x_wconf 84' lang='lat' dir='ltr'><strong>ﬁlii,</strong></span> <span class='ocrx_word' id='word_1_211' title='bbox 621 1472 734 1503; x_wconf 87' lang='lat' dir='ltr'><strong>similes</strong></span> <span class='ocrx_word' id='word_1_212' title='bbox 752 1471 803 1502; x_wconf 93' lang='lat' dir='ltr'><strong>tibi</strong></span> <span class='ocrx_word' id='word_1_213' title='bbox 819 1472 983 1508; x_wconf 82' lang='lat' dir='ltr'><strong>evadimus,</strong></span> <span class='ocrx_word' id='word_1_214' title='bbox 1001 1472 1039 1501; x_wconf 90' lang='lat' dir='ltr'><strong>dii</strong></span> 
     </span>
    </p>
   </div>
   <div class='ocr_carea' id='block_1_31' title="bbox 1085 152 1924 188">
    <p class='ocr_par' dir='ltr' id='par_1_31' title="bbox 1085 152 1924 188">
     <span class='ocr_line' id='line_1_31' title="bbox 1085 152 1924 188; baseline -0.004 -2"><span class='ocrx_word' id='word_1_215' title='bbox 1085 155 1100 186; x_wconf 70' lang='grc' dir='ltr'><strong><em>Ι</em></strong></span> <span class='ocrx_word' id='word_1_216' title='bbox 1106 156 1261 188; x_wconf 82' lang='lat' dir='ltr'><strong>UNIORIS</strong></span> <span class='ocrx_word' id='word_1_217' title='bbox 1854 152 1924 184; x_wconf 82' lang='lat'><strong>53&#39;2</strong></span> 
     </span>
    </p>
   </div>
   <div class='ocr_carea' id='block_1_32' title="bbox 1087 221 1923 262">
    <p class='ocr_par' dir='ltr' id='par_1_32' title="bbox 1087 221 1923 262">
     <span class='ocr_line' id='line_1_32' title="bbox 1087 221 1923 262; baseline 0 -10"><span class='ocrx_word' id='word_1_218' title='bbox 1087 221 1118 252; x_wconf 93' lang='lat' dir='ltr'><strong>lii</strong></span> <span class='ocrx_word' id='word_1_219' title='bbox 1132 222 1236 261; x_wconf 88' lang='lat' dir='ltr'><strong>David,</strong></span> <span class='ocrx_word' id='word_1_220' title='bbox 1254 233 1357 254; x_wconf 90' lang='lat' dir='ltr'><strong>semen</strong></span> <span class='ocrx_word' id='word_1_221' title='bbox 1368 223 1499 255; x_wconf 90' lang='lat' dir='ltr'><strong>divinum</strong></span> <span class='ocrx_word' id='word_1_222' title='bbox 1512 227 1594 254; x_wconf 89' lang='lat' dir='ltr'><strong>tuum</strong></span> <span class='ocrx_word' id='word_1_223' title='bbox 1606 232 1720 253; x_wconf 89' lang='lat' dir='ltr'><strong>omnes.</strong></span> <span class='ocrx_word' id='word_1_224' title='bbox 1734 222 1923 262; x_wconf 80' lang='lat' dir='ltr'><strong>Congregati</strong></span> 
     </span>
    </p>
   </div>
   <div class='ocr_carea' id='block_1_33' title="bbox 1089 268 1923 307">
    <p class='ocr_par' dir='ltr' id='par_1_33' title="bbox 1089 268 1923 307">
     <span class='ocr_line' id='line_1_33' title="bbox 1089 268 1923 307; baseline 0 -9"><span class='ocrx_word' id='word_1_225' title='bbox 1089 272 1185 298; x_wconf 85' lang='lat' dir='ltr'><strong>autem</strong></span> <span class='ocrx_word' id='word_1_226' title='bbox 1198 269 1227 298; x_wconf 91' lang='lat' dir='ltr'><strong>in</strong></span> <span class='ocrx_word' id='word_1_227' title='bbox 1238 279 1326 300; x_wconf 85' lang='lat' dir='ltr'><strong>unam</strong></span> <span class='ocrx_word' id='word_1_228' title='bbox 1335 269 1528 300; x_wconf 89' lang='lat' dir='ltr'><strong>coalescimus</strong></span> <span class='ocrx_word' id='word_1_229' title='bbox 1539 269 1659 299; x_wconf 91' lang='lat' dir='ltr'><strong>domum</strong></span> <span class='ocrx_word' id='word_1_230' title='bbox 1675 278 1683 306; x_wconf 87' lang='lat'><strong>;</strong></span> <span class='ocrx_word' id='word_1_231' title='bbox 1696 268 1726 298; x_wconf 91' lang='lat' dir='ltr'><strong>id</strong></span> <span class='ocrx_word' id='word_1_232' title='bbox 1738 273 1793 307; x_wconf 90' lang='lat' dir='ltr'><strong>est,</strong></span> <span class='ocrx_word' id='word_1_233' title='bbox 1804 277 1923 298; x_wconf 88' lang='lat' dir='ltr'><strong>omnes</strong></span> 
     </span>
    </p>
   </div>
   <div class='ocr_carea' id='block_1_34' title="bbox 1089 312 1919 353">
    <p class='ocr_par' dir='ltr' id='par_1_34' title="bbox 1089 312 1919 353">
     <span class='ocr_line' id='line_1_34' title="bbox 1089 312 1919 353; baseline -0.001 -11"><span class='ocrx_word' id='word_1_234' title='bbox 1089 321 1192 343; x_wconf 92' lang='lat' dir='ltr'><strong>sumus</strong></span> <span class='ocrx_word' id='word_1_235' title='bbox 1207 313 1323 353; x_wconf 74' lang='lat' dir='ltr'><strong>fratres,</strong></span> <span class='ocrx_word' id='word_1_236' title='bbox 1350 323 1455 344; x_wconf 85' lang='lat' dir='ltr'><strong>omnes</strong></span> <span class='ocrx_word' id='word_1_237' title='bbox 1483 314 1599 353; x_wconf 81' lang='lat' dir='ltr'><strong>cognati</strong></span> <span class='ocrx_word' id='word_1_238' title='bbox 1629 314 1680 344; x_wconf 90' lang='lat' dir='ltr'><strong>tui.</strong></span> <span class='ocrx_word' id='word_1_239' title='bbox 1708 312 1743 343; x_wconf 88' lang='lat' dir='ltr'><strong>Et</strong></span> <span class='ocrx_word' id='word_1_240' title='bbox 1757 312 1919 352; x_wconf 86' lang='lat' dir='ltr'><strong>quomodo</strong></span> 
     </span>
    </p>
   </div>
   <div class='ocr_carea' id='block_1_35' title="bbox 1089 357 1919 398">
    <p class='ocr_par' dir='ltr' id='par_1_35' title="bbox 1089 357 1919 398">
     <span class='ocr_line' id='line_1_35' title="bbox 1089 357 1919 398; baseline -0.002 -10"><span class='ocrx_word' id='word_1_241' title='bbox 1089 366 1147 387; x_wconf 90' lang='lat' dir='ltr'><strong>non</strong></span> <span class='ocrx_word' id='word_1_242' title='bbox 1165 367 1214 388; x_wconf 85' lang='lat' dir='ltr'><strong>res</strong></span> <span class='ocrx_word' id='word_1_243' title='bbox 1229 358 1412 398; x_wconf 85' lang='lat' dir='ltr'><strong>admiranda,</strong></span> <span class='ocrx_word' id='word_1_244' title='bbox 1439 357 1586 394; x_wconf 88' lang='lat' dir='ltr'><strong>quomodo</strong></span> <span class='ocrx_word' id='word_1_245' title='bbox 1611 367 1668 388; x_wconf 90' lang='lat' dir='ltr'><strong>non</strong></span> <span class='ocrx_word' id='word_1_246' title='bbox 1685 358 1830 397; x_wconf 90' lang='lat' dir='ltr'><strong>stupenda</strong></span> <span class='ocrx_word' id='word_1_247' title='bbox 1843 357 1919 387; x_wconf 92' lang='lat' dir='ltr'><strong>cui-</strong></span> 
     </span>
    </p>
   </div>
   <div class='ocr_carea' id='block_1_36' title="bbox 1089 402 1917 443">
    <p class='ocr_par' dir='ltr' id='par_1_36' title="bbox 1089 402 1917 443">
     <span class='ocr_line' id='line_1_36' title="bbox 1089 402 1917 443; baseline 0.001 -12"><span class='ocrx_word' id='word_1_248' title='bbox 1089 402 1131 431; x_wconf 86' lang='lat' dir='ltr'><strong>vis</strong></span> <span class='ocrx_word' id='word_1_249' title='bbox 1157 403 1212 433; x_wconf 91' lang='lat' dir='ltr'><strong>hoc</strong></span> <span class='ocrx_word' id='word_1_250' title='bbox 1239 403 1394 443; x_wconf 78' lang='lat' dir='ltr'><strong>cogitanti,</strong></span> <span class='ocrx_word' id='word_1_251' title='bbox 1415 404 1470 434; x_wconf 91' lang='lat' dir='ltr'><strong>hoc</strong></span> <span class='ocrx_word' id='word_1_252' title='bbox 1487 402 1694 443; x_wconf 86' lang='lat' dir='ltr'><strong>perpendenti,</strong></span> <span class='ocrx_word' id='word_1_253' title='bbox 1710 402 1786 442; x_wconf 89' lang='lat' dir='ltr'><strong>quod</strong></span> <span class='ocrx_word' id='word_1_254' title='bbox 1804 407 1835 432; x_wconf 92' lang='lat' dir='ltr'><strong>tu</strong></span> <span class='ocrx_word' id='word_1_255' title='bbox 1853 411 1917 432; x_wconf 85' lang='lat' dir='ltr'><strong>no-</strong></span> 
     </span>
    </p>
   </div>
   <div class='ocr_carea' id='block_1_37' title="bbox 1089 447 1918 487">
    <p class='ocr_par' dir='ltr' id='par_1_37' title="bbox 1089 447 1918 487">
     <span class='ocr_line' id='line_1_37' title="bbox 1089 447 1918 487; baseline -0.001 -9"><span class='ocrx_word' id='word_1_256' title='bbox 1089 447 1203 478; x_wconf 91' lang='lat' dir='ltr'><strong>biscum</strong></span> <span class='ocrx_word' id='word_1_257' title='bbox 1220 457 1250 478; x_wconf 92' lang='lat' dir='ltr'><strong>es</strong></span> <span class='ocrx_word' id='word_1_258' title='bbox 1267 457 1354 486; x_wconf 91' lang='lat' dir='ltr'><strong>nunc,</strong></span> <span class='ocrx_word' id='word_1_259' title='bbox 1385 452 1414 478; x_wconf 86' lang='lat' dir='ltr'><strong>et</strong></span> <span class='ocrx_word' id='word_1_260' title='bbox 1442 447 1471 478; x_wconf 91' lang='lat' dir='ltr'><strong>in</strong></span> <span class='ocrx_word' id='word_1_261' title='bbox 1501 448 1608 478; x_wconf 67' lang='lat' dir='ltr'><strong>saecula</strong></span> <span class='ocrx_word' id='word_1_262' title='bbox 1624 452 1918 487; x_wconf 88' lang='lat' dir='ltr'><strong>etunumquemque</strong></span> 
     </span>
    </p>
   </div>
   <div class='ocr_carea' id='block_1_38' title="bbox 1088 491 1917 533">
    <p class='ocr_par' dir='ltr' id='par_1_38' title="bbox 1088 491 1917 533">
     <span class='ocr_line' id='line_1_38' title="bbox 1088 491 1917 533; baseline -0.001 -11"><span class='ocrx_word' id='word_1_263' title='bbox 1088 491 1208 523; x_wconf 90' lang='lat' dir='ltr'><strong>domum</strong></span> <span class='ocrx_word' id='word_1_264' title='bbox 1224 493 1308 533; x_wconf 81' lang='lat' dir='ltr'><strong>facis,</strong></span> <span class='ocrx_word' id='word_1_265' title='bbox 1326 496 1354 524; x_wconf 92' lang='lat' dir='ltr'><strong>et</strong></span> <span class='ocrx_word' id='word_1_266' title='bbox 1379 492 1495 523; x_wconf 87' lang='lat' dir='ltr'><strong>habitas</strong></span> <span class='ocrx_word' id='word_1_267' title='bbox 1524 493 1553 522; x_wconf 92' lang='lat' dir='ltr'><strong>in</strong></span> <span class='ocrx_word' id='word_1_268' title='bbox 1583 492 1733 528; x_wconf 88' lang='lat' dir='ltr'><strong>omnibus,</strong></span> <span class='ocrx_word' id='word_1_269' title='bbox 1749 496 1780 523; x_wconf 89' lang='lat' dir='ltr'><strong>et</strong></span> <span class='ocrx_word' id='word_1_270' title='bbox 1796 501 1827 521; x_wconf 92' lang='lat' dir='ltr'><strong>es</strong></span> <span class='ocrx_word' id='word_1_271' title='bbox 1846 491 1917 531; x_wconf 87' lang='lat' dir='ltr'><strong>ipse</strong></span> 
     </span>
    </p>
   </div>
   <div class='ocr_carea' id='block_1_39' title="bbox 1088 536 1917 576">
    <p class='ocr_par' dir='ltr' id='par_1_39' title="bbox 1088 536 1917 576">
     <span class='ocr_line' id='line_1_39' title="bbox 1088 536 1917 576; baseline -0.001 -10"><span class='ocrx_word' id='word_1_272' title='bbox 1088 536 1194 567; x_wconf 87' lang='lat' dir='ltr'><strong>domus</strong></span> <span class='ocrx_word' id='word_1_273' title='bbox 1209 537 1359 575; x_wconf 89' lang='lat' dir='ltr'><strong>omnibus,</strong></span> <span class='ocrx_word' id='word_1_274' title='bbox 1377 541 1406 568; x_wconf 91' lang='lat' dir='ltr'><strong>et</strong></span> <span class='ocrx_word' id='word_1_275' title='bbox 1421 537 1451 567; x_wconf 92' lang='lat' dir='ltr'><strong>in</strong></span> <span class='ocrx_word' id='word_1_276' title='bbox 1467 541 1496 568; x_wconf 92' lang='lat' dir='ltr'><strong>te</strong></span> <span class='ocrx_word' id='word_1_277' title='bbox 1523 536 1689 567; x_wconf 88' lang='lat' dir='ltr'><strong>habitamus</strong></span> <span class='ocrx_word' id='word_1_278' title='bbox 1702 536 1917 576; x_wconf 84' lang='lat' dir='ltr'><strong>unusquisque</strong></span> 
     </span>
    </p>
   </div>
   <div class='ocr_carea' id='block_1_40' title="bbox 1088 580 1916 621">
    <p class='ocr_par' dir='ltr' id='par_1_40' title="bbox 1088 580 1916 621">
     <span class='ocr_line' id='line_1_40' title="bbox 1088 580 1916 621; baseline -0.001 -10"><span class='ocrx_word' id='word_1_279' title='bbox 1088 585 1233 618; x_wconf 90' lang='lat' dir='ltr'><strong>nostrum,</strong></span> <span class='ocrx_word' id='word_1_280' title='bbox 1252 585 1327 612; x_wconf 90' lang='lat' dir='ltr'><strong>lotus</strong></span> <span class='ocrx_word' id='word_1_281' title='bbox 1342 591 1411 612; x_wconf 90' lang='lat' dir='ltr'><strong>cum</strong></span> <span class='ocrx_word' id='word_1_282' title='bbox 1428 585 1500 621; x_wconf 89' lang='lat' dir='ltr'><strong>toto,</strong></span> <span class='ocrx_word' id='word_1_283' title='bbox 1518 585 1547 611; x_wconf 90' lang='lat' dir='ltr'><strong>et</strong></span> <span class='ocrx_word' id='word_1_284' title='bbox 1570 581 1647 621; x_wconf 90' lang='lat' dir='ltr'><strong>quod</strong></span> <span class='ocrx_word' id='word_1_285' title='bbox 1672 580 1804 621; x_wconf 86' lang='lat' dir='ltr'><strong>quolibet</strong></span> <span class='ocrx_word' id='word_1_286' title='bbox 1819 580 1916 610; x_wconf 82' lang='lat' dir='ltr'><strong>vicis-</strong></span> 
     </span>
    </p>
   </div>
   <div class='ocr_carea' id='block_1_41' title="bbox 1087 625 1917 666">
    <p class='ocr_par' dir='ltr' id='par_1_41' title="bbox 1087 625 1917 666">
     <span class='ocr_line' id='line_1_41' title="bbox 1087 625 1917 666; baseline -0.001 -11"><span class='ocrx_word' id='word_1_287' title='bbox 1087 626 1143 656; x_wconf 91' lang='lat' dir='ltr'><strong>sim</strong></span> <span class='ocrx_word' id='word_1_288' title='bbox 1160 630 1200 666; x_wconf 92' lang='lat' dir='ltr'><strong>tu,</strong></span> <span class='ocrx_word' id='word_1_289' title='bbox 1219 636 1284 656; x_wconf 88' lang='lat' dir='ltr'><strong>cum</strong></span> <span class='ocrx_word' id='word_1_290' title='bbox 1309 626 1372 656; x_wconf 92' lang='lat' dir='ltr'><strong>solo</strong></span> <span class='ocrx_word' id='word_1_291' title='bbox 1394 626 1484 662; x_wconf 85' lang='lat' dir='ltr'><strong>solus,</strong></span> <span class='ocrx_word' id='word_1_292' title='bbox 1517 630 1546 656; x_wconf 91' lang='lat' dir='ltr'><strong>et</strong></span> <span class='ocrx_word' id='word_1_293' title='bbox 1571 634 1660 665; x_wconf 87' lang='lat' dir='ltr'><strong>supra</strong></span> <span class='ocrx_word' id='word_1_294' title='bbox 1689 635 1742 655; x_wconf 89' lang='lat' dir='ltr'><strong>nos</strong></span> <span class='ocrx_word' id='word_1_295' title='bbox 1767 625 1863 664; x_wconf 86' lang='lat' dir='ltr'><strong>solus,</strong></span> <span class='ocrx_word' id='word_1_296' title='bbox 1885 629 1917 654; x_wconf 89' lang='lat' dir='ltr'><strong>et</strong></span> 
     </span>
    </p>
   </div>
   <div class='ocr_carea' id='block_1_42' title="bbox 1088 670 1911 710">
    <p class='ocr_par' dir='ltr' id='par_1_42' title="bbox 1088 670 1911 710">
     <span class='ocr_line' id='line_1_42' title="bbox 1088 670 1911 710; baseline 0 -11"><span class='ocrx_word' id='word_1_297' title='bbox 1088 673 1167 700; x_wconf 84' lang='lat' dir='ltr'><strong>totus</strong></span> <span class='ocrx_word' id='word_1_298' title='bbox 1191 670 1248 701; x_wconf 85' lang='lat' dir='ltr'><strong>es?</strong></span> <span class='ocrx_word' id='word_1_299' title='bbox 1272 670 1356 700; x_wconf 86' lang='lat' dir='ltr'><strong>Nunc</strong></span> <span class='ocrx_word' id='word_1_300' title='bbox 1372 680 1440 710; x_wconf 87' lang='lat' dir='ltr'><strong>ergo</strong></span> <span class='ocrx_word' id='word_1_301' title='bbox 1457 670 1487 700; x_wconf 92' lang='lat' dir='ltr'><strong>in</strong></span> <span class='ocrx_word' id='word_1_302' title='bbox 1502 670 1589 700; x_wconf 90' lang='lat' dir='ltr'><strong>nobis</strong></span> <span class='ocrx_word' id='word_1_303' title='bbox 1604 673 1726 708; x_wconf 84' lang='lat' dir='ltr'><strong>augusta</strong></span> <span class='ocrx_word' id='word_1_304' title='bbox 1740 673 1911 709; x_wconf 86' lang='lat' dir='ltr'><strong>perpetras.</strong></span> 
     </span>
    </p>
   </div>
   <div class='ocr_carea' id='block_1_43' title="bbox 1085 713 1913 755">
    <p class='ocr_par' dir='ltr' id='par_1_43' title="bbox 1085 713 1913 755">
     <span class='ocr_line' id='line_1_43' title="bbox 1085 713 1913 755; baseline 0 -11"><span class='ocrx_word' id='word_1_305' title='bbox 1085 713 1155 750; x_wconf 61' lang='lat' dir='ltr'><strong>Quae</strong></span> <span class='ocrx_word' id='word_1_306' title='bbox 1170 719 1293 754; x_wconf 88' lang='lat' dir='ltr'><strong>augusta</strong></span> <span class='ocrx_word' id='word_1_307' title='bbox 1307 715 1322 744; x_wconf 81' lang='lat'><strong>‘?</strong></span> <span class='ocrx_word' id='word_1_308' title='bbox 1352 715 1448 745; x_wconf 89' lang='lat' dir='ltr'><strong>dicam</strong></span> <span class='ocrx_word' id='word_1_309' title='bbox 1465 723 1555 755; x_wconf 86' lang='lat' dir='ltr'><strong>pauca</strong></span> <span class='ocrx_word' id='word_1_310' title='bbox 1570 714 1606 744; x_wconf 93' lang='lat' dir='ltr'><strong>de</strong></span> <span class='ocrx_word' id='word_1_311' title='bbox 1622 714 1732 745; x_wconf 88' lang='lat' dir='ltr'><strong>multis.</strong></span> <span class='ocrx_word' id='word_1_312' title='bbox 1750 714 1784 744; x_wconf 85' lang='lat' dir='ltr'><strong>Et</strong></span> <span class='ocrx_word' id='word_1_313' title='bbox 1799 723 1913 754; x_wconf 90' lang='lat' dir='ltr'><strong>quam-</strong></span> 
     </span>
    </p>
   </div>
   <div class='ocr_carea' id='block_1_44' title="bbox 1084 758 1912 799">
    <p class='ocr_par' dir='ltr' id='par_1_44' title="bbox 1084 758 1912 799">
     <span class='ocr_line' id='line_1_44' title="bbox 1084 758 1912 799; baseline 0.002 -12"><span class='ocrx_word' id='word_1_314' title='bbox 1084 758 1127 788; x_wconf 89' lang='lat' dir='ltr'><strong>vis</strong></span> <span class='ocrx_word' id='word_1_315' title='bbox 1138 758 1216 789; x_wconf 89' lang='lat' dir='ltr'><strong>dicta</strong></span> <span class='ocrx_word' id='word_1_316' title='bbox 1225 759 1378 794; x_wconf 80' lang='lat' dir='ltr'><strong>hactenus,</strong></span> <span class='ocrx_word' id='word_1_317' title='bbox 1392 759 1492 790; x_wconf 89' lang='lat' dir='ltr'><strong>omnia</strong></span> <span class='ocrx_word' id='word_1_318' title='bbox 1501 759 1653 799; x_wconf 90' lang='lat' dir='ltr'><strong>plusquam</strong></span> <span class='ocrx_word' id='word_1_319' title='bbox 1666 758 1912 797; x_wconf 80' lang='lat' dir='ltr'><strong>obstupesceudu</strong></span> 
     </span>
    </p>
   </div>
   <div class='ocr_carea' id='block_1_45' title="bbox 1084 803 1911 844">
    <p class='ocr_par' dir='ltr' id='par_1_45' title="bbox 1084 803 1911 844">
     <span class='ocr_line' id='line_1_45' title="bbox 1084 803 1911 844; baseline 0 -11"><span class='ocrx_word' id='word_1_320' title='bbox 1084 807 1163 844; x_wconf 91' lang='lat' dir='ltr'><strong>sunt,</strong></span> <span class='ocrx_word' id='word_1_321' title='bbox 1181 808 1276 834; x_wconf 90' lang='lat' dir='ltr'><strong>tamen</strong></span> <span class='ocrx_word' id='word_1_322' title='bbox 1288 804 1350 844; x_wconf 87' lang='lat' dir='ltr'><strong>jam</strong></span> <span class='ocrx_word' id='word_1_323' title='bbox 1367 804 1425 833; x_wconf 89' lang='lat' dir='ltr'><strong>illis</strong></span> <span class='ocrx_word' id='word_1_324' title='bbox 1454 803 1579 843; x_wconf 88' lang='lat' dir='ltr'><strong>amplius</strong></span> <span class='ocrx_word' id='word_1_325' title='bbox 1601 803 1839 844; x_wconf 80' lang='lat' dir='ltr'><strong>obstupescenda</strong></span> <span class='ocrx_word' id='word_1_326' title='bbox 1855 812 1911 834; x_wconf 86' lang='lat' dir='ltr'><strong>ac-</strong></span> 
     </span>
    </p>
   </div>
   <div class='ocr_carea' id='block_1_46' title="bbox 1084 847 1163 887">
    <p class='ocr_par' dir='ltr' id='par_1_46' title="bbox 1084 847 1163 887">
     <span class='ocr_line' id='line_1_46' title="bbox 1084 847 1163 887; baseline -0.013 -9"><span class='ocrx_word' id='word_1_327' title='bbox 1084 847 1163 887; x_wconf 82' lang='lat' dir='ltr'><strong>cipe.</strong></span> 
     </span>
    </p>
   </div>
   <div class='ocr_carea' id='block_1_47' title="bbox 1123 892 1909 932">
    <p class='ocr_par' dir='ltr' id='par_1_47' title="bbox 1123 892 1909 932">
     <span class='ocr_line' id='line_1_47' title="bbox 1123 892 1909 932; baseline -0.001 -9"><span class='ocrx_word' id='word_1_328' title='bbox 1123 892 1372 924; x_wconf 87' lang='lat' dir='ltr'><strong>MembraChristi</strong></span> <span class='ocrx_word' id='word_1_329' title='bbox 1381 902 1494 932; x_wconf 80' lang='lat' dir='ltr'><strong>sumus,</strong></span> <span class='ocrx_word' id='word_1_330' title='bbox 1504 896 1534 923; x_wconf 88' lang='lat' dir='ltr'><strong>et</strong></span> <span class='ocrx_word' id='word_1_331' title='bbox 1544 892 1676 922; x_wconf 90' lang='lat' dir='ltr'><strong>membra</strong></span> <span class='ocrx_word' id='word_1_332' title='bbox 1683 898 1784 924; x_wconf 91' lang='lat' dir='ltr'><strong>nostra</strong></span> <span class='ocrx_word' id='word_1_333' title='bbox 1799 892 1909 924; x_wconf 89' lang='lat' dir='ltr'><strong>Chris-</strong></span> 
     </span>
    </p>
   </div>
   <div class='ocr_carea' id='block_1_48' title="bbox 1084 936 1912 977">
    <p class='ocr_par' dir='ltr' id='par_1_48' title="bbox 1084 936 1912 977">
     <span class='ocr_line' id='line_1_48' title="bbox 1084 936 1912 977; baseline 0.001 -10"><span class='ocrx_word' id='word_1_334' title='bbox 1084 941 1139 968; x_wconf 93' lang='lat' dir='ltr'><strong>tus.</strong></span> <span class='ocrx_word' id='word_1_335' title='bbox 1151 936 1296 967; x_wconf 85' lang='lat' dir='ltr'><strong>Etmauus</strong></span> <span class='ocrx_word' id='word_1_336' title='bbox 1308 947 1373 968; x_wconf 89' lang='lat' dir='ltr'><strong>mea</strong></span> <span class='ocrx_word' id='word_1_337' title='bbox 1384 937 1496 971; x_wconf 89' lang='lat' dir='ltr'><strong>miseri.</strong></span> <span class='ocrx_word' id='word_1_338' title='bbox 1511 941 1539 967; x_wconf 92' lang='lat' dir='ltr'><strong>et</strong></span> <span class='ocrx_word' id='word_1_339' title='bbox 1550 947 1602 977; x_wconf 92' lang='lat' dir='ltr'><strong>pes</strong></span> <span class='ocrx_word' id='word_1_340' title='bbox 1617 946 1701 967; x_wconf 91' lang='lat' dir='ltr'><strong>meus</strong></span> <span class='ocrx_word' id='word_1_341' title='bbox 1713 936 1860 968; x_wconf 87' lang='lat' dir='ltr'><strong>Christus.</strong></span> <span class='ocrx_word' id='word_1_342' title='bbox 1874 937 1912 968; x_wconf 86' lang='lat' dir='ltr'><strong>Et</strong></span> 
     </span>
    </p>
   </div>
   <div class='ocr_carea' id='block_1_49' title="bbox 1083 981 1909 1022">
    <p class='ocr_par' dir='ltr' id='par_1_49' title="bbox 1083 981 1909 1022">
     <span class='ocr_line' id='line_1_49' title="bbox 1083 981 1909 1022; baseline 0.001 -10"><span class='ocrx_word' id='word_1_343' title='bbox 1083 991 1187 1012; x_wconf 92' lang='lat' dir='ltr'><strong>manus</strong></span> <span class='ocrx_word' id='word_1_344' title='bbox 1197 981 1301 1013; x_wconf 84' lang='lat' dir='ltr'><strong>Christi</strong></span> <span class='ocrx_word' id='word_1_345' title='bbox 1314 986 1343 1012; x_wconf 86' lang='lat' dir='ltr'><strong>et</strong></span> <span class='ocrx_word' id='word_1_346' title='bbox 1356 991 1424 1022; x_wconf 89' lang='lat' dir='ltr'><strong>spes</strong></span> <span class='ocrx_word' id='word_1_347' title='bbox 1439 982 1548 1013; x_wconf 90' lang='lat' dir='ltr'><strong>Christi</strong></span> <span class='ocrx_word' id='word_1_348' title='bbox 1560 992 1614 1021; x_wconf 83' lang='lat' dir='ltr'><strong>ego</strong></span> <span class='ocrx_word' id='word_1_349' title='bbox 1633 982 1784 1013; x_wconf 88' lang='lat' dir='ltr'><strong>minimus.</strong></span> <span class='ocrx_word' id='word_1_350' title='bbox 1801 984 1909 1013; x_wconf 77' lang='lat' dir='ltr'><strong>Moveo</strong></span> 
     </span>
    </p>
   </div>
   <div class='ocr_carea' id='block_1_50' title="bbox 1083 1026 1909 1064">
    <p class='ocr_par' dir='ltr' id='par_1_50' title="bbox 1083 1026 1909 1064">
     <span class='ocr_line' id='line_1_50' title="bbox 1083 1026 1909 1064; baseline 0.001 -8"><span class='ocrx_word' id='word_1_351' title='bbox 1083 1026 1227 1057; x_wconf 79' lang='lat' dir='ltr'><strong>manum?</strong></span> <span class='ocrx_word' id='word_1_352' title='bbox 1243 1028 1330 1057; x_wconf 89' lang='lat' dir='ltr'><strong>etiam</strong></span> <span class='ocrx_word' id='word_1_353' title='bbox 1344 1026 1485 1064; x_wconf 88' lang='lat' dir='ltr'><strong>Christus,</strong></span> <span class='ocrx_word' id='word_1_354' title='bbox 1496 1027 1618 1057; x_wconf 90' lang='lat' dir='ltr'><strong>omnino</strong></span> <span class='ocrx_word' id='word_1_355' title='bbox 1632 1027 1710 1057; x_wconf 89' lang='lat' dir='ltr'><strong>enim</strong></span> <span class='ocrx_word' id='word_1_356' title='bbox 1724 1035 1828 1057; x_wconf 87' lang='lat' dir='ltr'><strong>manus</strong></span> <span class='ocrx_word' id='word_1_357' title='bbox 1839 1036 1909 1057; x_wconf 87' lang='lat' dir='ltr'><strong>mea</strong></span> 
     </span>
    </p>
   </div>
   <div class='ocr_carea' id='block_1_51' title="bbox 1083 1071 1908 1110">
    <p class='ocr_par' dir='ltr' id='par_1_51' title="bbox 1083 1071 1908 1110">
     <span class='ocr_line' id='line_1_51' title="bbox 1083 1071 1908 1110; baseline 0.002 -10"><span class='ocrx_word' id='word_1_358' title='bbox 1083 1071 1323 1101; x_wconf 80' lang='lat' dir='ltr'><strong>est;ini|ividuam</strong></span> <span class='ocrx_word' id='word_1_359' title='bbox 1331 1071 1554 1101; x_wconf 85' lang='lat' dir='ltr'><strong>enimDeitatem</strong></span> <span class='ocrx_word' id='word_1_360' title='bbox 1562 1071 1705 1110; x_wconf 90' lang='lat' dir='ltr'><strong>intelligas</strong></span> <span class='ocrx_word' id='word_1_361' title='bbox 1713 1072 1908 1110; x_wconf 86' lang='lat' dir='ltr'><strong>oportet.Mo-</strong></span> 
     </span>
    </p>
   </div>
   <div class='ocr_carea' id='block_1_52' title="bbox 1083 1115 1908 1155">
    <p class='ocr_par' dir='ltr' id='par_1_52' title="bbox 1083 1115 1908 1155">
     <span class='ocr_line' id='line_1_52' title="bbox 1083 1115 1908 1155; baseline 0.001 -10"><span class='ocrx_word' id='word_1_362' title='bbox 1083 1124 1135 1146; x_wconf 91' lang='lat' dir='ltr'><strong>veo</strong></span> <span class='ocrx_word' id='word_1_363' title='bbox 1152 1115 1292 1155; x_wconf 84' lang='lat' dir='ltr'><strong>pedem?</strong></span> <span class='ocrx_word' id='word_1_364' title='bbox 1315 1121 1343 1146; x_wconf 91' lang='lat' dir='ltr'><strong>et</strong></span> <span class='ocrx_word' id='word_1_365' title='bbox 1369 1124 1438 1146; x_wconf 89' lang='lat' dir='ltr'><strong>ecce</strong></span> <span class='ocrx_word' id='word_1_366' title='bbox 1468 1115 1556 1155; x_wconf 72' lang='lat' dir='ltr'><strong>[uiget</strong></span> <span class='ocrx_word' id='word_1_367' title='bbox 1581 1122 1612 1145; x_wconf 89' lang='lat' dir='ltr'><strong>ut</strong></span> <span class='ocrx_word' id='word_1_368' title='bbox 1637 1116 1696 1146; x_wconf 88' lang='lat' dir='ltr'><strong>ille.</strong></span> <span class='ocrx_word' id='word_1_369' title='bbox 1724 1116 1799 1147; x_wconf 87' lang='lat' dir='ltr'><strong>Cave</strong></span> <span class='ocrx_word' id='word_1_370' title='bbox 1822 1117 1908 1146; x_wconf 91' lang='lat' dir='ltr'><strong>dicas</strong></span> 
     </span>
    </p>
   </div>
   <div class='ocr_carea' id='block_1_53' title="bbox 1082 1159 1905 1200">
    <p class='ocr_par' dir='ltr' id='par_1_53' title="bbox 1082 1159 1905 1200">
     <span class='ocr_line' id='line_1_53' title="bbox 1082 1159 1905 1200; baseline 0.002 -11"><span class='ocrx_word' id='word_1_371' title='bbox 1082 1159 1289 1200; x_wconf 85' lang='lat' dir='ltr'><strong>blasphemare</strong></span> <span class='ocrx_word' id='word_1_372' title='bbox 1305 1170 1364 1197; x_wconf 87' lang='lat' dir='ltr'><strong>me,</strong></span> <span class='ocrx_word' id='word_1_373' title='bbox 1381 1160 1432 1190; x_wconf 86' lang='lat' dir='ltr'><strong>sed</strong></span> <span class='ocrx_word' id='word_1_374' title='bbox 1450 1161 1511 1190; x_wconf 59' lang='lat' dir='ltr'><strong>haec</strong></span> <span class='ocrx_word' id='word_1_375' title='bbox 1527 1160 1667 1200; x_wconf 81' lang='lat' dir='ltr'><strong>approba,</strong></span> <span class='ocrx_word' id='word_1_376' title='bbox 1697 1165 1726 1190; x_wconf 89' lang='lat' dir='ltr'><strong>et</strong></span> <span class='ocrx_word' id='word_1_377' title='bbox 1751 1160 1905 1191; x_wconf 87' lang='lat' dir='ltr'><strong>Christum</strong></span> 
     </span>
    </p>
   </div>
   <div class='ocr_carea' id='block_1_54' title="bbox 1083 1204 1903 1246">
    <p class='ocr_par' dir='ltr' id='par_1_54' title="bbox 1083 1204 1903 1246">
     <span class='ocr_line' id='line_1_54' title="bbox 1083 1204 1903 1246; baseline 0.001 -11"><span class='ocrx_word' id='word_1_378' title='bbox 1083 1204 1182 1245; x_wconf 86' lang='lat' dir='ltr'><strong>adora,</strong></span> <span class='ocrx_word' id='word_1_379' title='bbox 1210 1205 1260 1245; x_wconf 90' lang='lat' dir='ltr'><strong>qui</strong></span> <span class='ocrx_word' id='word_1_380' title='bbox 1286 1209 1314 1235; x_wconf 81' lang='lat' dir='ltr'><strong>te</strong></span> <span class='ocrx_word' id='word_1_381' title='bbox 1343 1205 1430 1236; x_wconf 88' lang='lat' dir='ltr'><strong>talem</strong></span> <span class='ocrx_word' id='word_1_382' title='bbox 1462 1205 1539 1235; x_wconf 79' lang='lat' dir='ltr'><strong>facit.</strong></span> <span class='ocrx_word' id='word_1_383' title='bbox 1571 1205 1686 1235; x_wconf 89' lang='lat' dir='ltr'><strong>Etenim</strong></span> <span class='ocrx_word' id='word_1_384' title='bbox 1717 1210 1746 1236; x_wconf 94' lang='lat' dir='ltr'><strong>tu</strong></span> <span class='ocrx_word' id='word_1_385' title='bbox 1772 1215 1903 1246; x_wconf 87' lang='lat' dir='ltr'><strong>quoque,</strong></span> 
     </span>
    </p>
   </div>
   <div class='ocr_carea' id='block_1_55' title="bbox 1083 1249 1907 1289">
    <p class='ocr_par' dir='ltr' id='par_1_55' title="bbox 1083 1249 1907 1289">
     <span class='ocr_line' id='line_1_55' title="bbox 1083 1249 1907 1289; baseline 0.001 -10"><span class='ocrx_word' id='word_1_386' title='bbox 1083 1250 1107 1279; x_wconf 92' lang='lat' dir='ltr'><strong>si</strong></span> <span class='ocrx_word' id='word_1_387' title='bbox 1133 1250 1271 1289; x_wconf 91' lang='lat' dir='ltr'><strong>volueris,</strong></span> <span class='ocrx_word' id='word_1_388' title='bbox 1302 1249 1467 1280; x_wconf 89' lang='lat' dir='ltr'><strong>membrum</strong></span> <span class='ocrx_word' id='word_1_389' title='bbox 1498 1249 1561 1289; x_wconf 88' lang='lat' dir='ltr'><strong>ejus</strong></span> <span class='ocrx_word' id='word_1_390' title='bbox 1590 1250 1653 1281; x_wconf 80' lang='lat' dir='ltr'><strong>ﬁes.</strong></span> <span class='ocrx_word' id='word_1_391' title='bbox 1686 1249 1721 1280; x_wconf 86' lang='lat' dir='ltr'><strong>Et</strong></span> <span class='ocrx_word' id='word_1_392' title='bbox 1750 1250 1789 1280; x_wconf 89' lang='lat' dir='ltr'><strong>ita</strong></span> <span class='ocrx_word' id='word_1_393' title='bbox 1803 1251 1907 1280; x_wconf 84' lang='lat' dir='ltr'><strong>omnia</strong></span> 
     </span>
    </p>
   </div>
   <div class='ocr_carea' id='block_1_56' title="bbox 1084 1293 1905 1334">
    <p class='ocr_par' dir='ltr' id='par_1_56' title="bbox 1084 1293 1905 1334">
     <span class='ocr_line' id='line_1_56' title="bbox 1084 1293 1905 1334; baseline 0.001 -10"><span class='ocrx_word' id='word_1_394' title='bbox 1084 1293 1218 1324; x_wconf 86' lang='lat' dir='ltr'><strong>membra</strong></span> <span class='ocrx_word' id='word_1_395' title='bbox 1232 1294 1465 1334; x_wconf 87' lang='lat' dir='ltr'><strong>uniuscujusque</strong></span> <span class='ocrx_word' id='word_1_396' title='bbox 1489 1298 1623 1324; x_wconf 86' lang='lat' dir='ltr'><strong>nostrum</strong></span> <span class='ocrx_word' id='word_1_397' title='bbox 1640 1294 1774 1324; x_wconf 88' lang='lat' dir='ltr'><strong>membra</strong></span> <span class='ocrx_word' id='word_1_398' title='bbox 1795 1295 1905 1325; x_wconf 81' lang='lat' dir='ltr'><strong>Christi</strong></span> 
     </span>
    </p>
   </div>
   <div class='ocr_carea' id='block_1_57' title="bbox 1084 1337 1905 1377">
    <p class='ocr_par' dir='ltr' id='par_1_57' title="bbox 1084 1337 1905 1377">
     <span class='ocr_line' id='line_1_57' title="bbox 1084 1337 1905 1377; baseline 0.004 -10"><span class='ocrx_word' id='word_1_399' title='bbox 1084 1337 1166 1377; x_wconf 87' lang='lat' dir='ltr'><strong>ﬁent,</strong></span> <span class='ocrx_word' id='word_1_400' title='bbox 1183 1342 1210 1368; x_wconf 88' lang='lat' dir='ltr'><strong>et</strong></span> <span class='ocrx_word' id='word_1_401' title='bbox 1227 1338 1360 1369; x_wconf 87' lang='lat' dir='ltr'><strong>Christus</strong></span> <span class='ocrx_word' id='word_1_402' title='bbox 1379 1343 1510 1368; x_wconf 85' lang='lat' dir='ltr'><strong>nostrum</strong></span> <span class='ocrx_word' id='word_1_403' title='bbox 1524 1338 1700 1375; x_wconf 85' lang='lat' dir='ltr'><strong>membrum,</strong></span> <span class='ocrx_word' id='word_1_404' title='bbox 1720 1343 1748 1370; x_wconf 88' lang='lat' dir='ltr'><strong>et</strong></span> <span class='ocrx_word' id='word_1_405' title='bbox 1765 1339 1788 1369; x_wconf 90' lang='lat' dir='ltr'><strong>is</strong></span> <span class='ocrx_word' id='word_1_406' title='bbox 1803 1339 1905 1370; x_wconf 87' lang='lat' dir='ltr'><strong>omnia</strong></span> 
     </span>
    </p>
   </div>
   <div class='ocr_carea' id='block_1_58' title="bbox 1083 1383 1902 1424">
    <p class='ocr_par' dir='ltr' id='par_1_58' title="bbox 1083 1383 1902 1424">
     <span class='ocr_line' id='line_1_58' title="bbox 1083 1383 1902 1424; baseline 0.002 -12"><span class='ocrx_word' id='word_1_407' title='bbox 1083 1383 1224 1413; x_wconf 91' lang='lat' dir='ltr'><strong>indecora</strong></span> <span class='ocrx_word' id='word_1_408' title='bbox 1239 1392 1273 1413; x_wconf 91' lang='lat' dir='ltr'><strong>ac</strong></span> <span class='ocrx_word' id='word_1_409' title='bbox 1289 1383 1435 1413; x_wconf 77' lang='lat' dir='ltr'><strong>deformia</strong></span> <span class='ocrx_word' id='word_1_410' title='bbox 1451 1383 1589 1415; x_wconf 80' lang='lat' dir='ltr'><strong>formosa.</strong></span> <span class='ocrx_word' id='word_1_411' title='bbox 1617 1388 1644 1414; x_wconf 90' lang='lat' dir='ltr'><strong>et</strong></span> <span class='ocrx_word' id='word_1_412' title='bbox 1660 1384 1768 1414; x_wconf 83' lang='lat' dir='ltr'><strong>decora</strong></span> <span class='ocrx_word' id='word_1_413' title='bbox 1784 1384 1902 1424; x_wconf 83' lang='lat' dir='ltr'><strong>reddet,</strong></span> 
     </span>
    </p>
   </div>
   <div class='ocr_carea' id='block_1_59' title="bbox 1083 1427 1905 1467">
    <p class='ocr_par' dir='ltr' id='par_1_59' title="bbox 1083 1427 1905 1467">
     <span class='ocr_line' id='line_1_59' title="bbox 1083 1427 1905 1467; baseline 0.002 -10"><span class='ocrx_word' id='word_1_414' title='bbox 1083 1427 1303 1467; x_wconf 90' lang='lat' dir='ltr'><strong>pulchritudine</strong></span> <span class='ocrx_word' id='word_1_415' title='bbox 1318 1427 1454 1458; x_wconf 90' lang='lat' dir='ltr'><strong>videlicet</strong></span> <span class='ocrx_word' id='word_1_416' title='bbox 1470 1432 1498 1457; x_wconf 89' lang='lat' dir='ltr'><strong>et</strong></span> <span class='ocrx_word' id='word_1_417' title='bbox 1514 1428 1605 1467; x_wconf 83' lang='lat' dir='ltr'><strong>gloria</strong></span> <span class='ocrx_word' id='word_1_418' title='bbox 1631 1429 1753 1459; x_wconf 86' lang='lat' dir='ltr'><strong>Deitatis</strong></span> <span class='ocrx_word' id='word_1_419' title='bbox 1779 1438 1838 1458; x_wconf 78' lang='lat' dir='ltr'><strong>suae</strong></span> <span class='ocrx_word' id='word_1_420' title='bbox 1854 1429 1905 1460; x_wconf 81' lang='lat' dir='ltr'><strong>illa</strong></span> 
     </span>
    </p>
   </div>
   <div class='ocr_carea' id='block_1_60' title="bbox 1083 1472 1901 1510">
    <p class='ocr_par' dir='ltr' id='par_1_60' title="bbox 1083 1472 1901 1510">
     <span class='ocr_line' id='line_1_60' title="bbox 1083 1472 1901 1510; baseline 0.002 -8"><span class='ocrx_word' id='word_1_421' title='bbox 1083 1481 1250 1508; x_wconf 84' lang='lat' dir='ltr'><strong>exornans;</strong></span> <span class='ocrx_word' id='word_1_422' title='bbox 1281 1477 1309 1502; x_wconf 91' lang='lat' dir='ltr'><strong>et</strong></span> <span class='ocrx_word' id='word_1_423' title='bbox 1338 1472 1442 1502; x_wconf 93' lang='lat' dir='ltr'><strong>ﬁemus</strong></span> <span class='ocrx_word' id='word_1_424' title='bbox 1471 1472 1558 1502; x_wconf 91' lang='lat' dir='ltr'><strong>simul</strong></span> <span class='ocrx_word' id='word_1_425' title='bbox 1583 1473 1635 1510; x_wconf 87' lang='lat' dir='ltr'><strong>dii,</strong></span> <span class='ocrx_word' id='word_1_426' title='bbox 1652 1483 1718 1503; x_wconf 90' lang='lat' dir='ltr'><strong>cum</strong></span> <span class='ocrx_word' id='word_1_427' title='bbox 1735 1473 1795 1504; x_wconf 90' lang='lat' dir='ltr'><strong>Deo</strong></span> <span class='ocrx_word' id='word_1_428' title='bbox 1813 1474 1901 1504; x_wconf 80' lang='lat' dir='ltr'><strong>fami-</strong></span> 
     </span>
    </p>
   </div>
   <div class='ocr_carea' id='block_1_61' title="bbox 220 1516 1903 1562">
    <p class='ocr_par' dir='ltr' id='par_1_61' title="bbox 220 1516 1903 1562">
     <span class='ocr_line' id='line_1_61' title="bbox 220 1516 1903 1562; baseline 0 -14"><span class='ocrx_word' id='word_1_429' title='bbox 220 1516 313 1548; x_wconf 88' lang='lat' dir='ltr'><strong>Deum</strong></span> <span class='ocrx_word' id='word_1_430' title='bbox 326 1516 471 1562; x_wconf 80' lang='lat' dir='ltr'><strong>videntes.</strong></span> <span class='ocrx_word' id='word_1_431' title='bbox 489 1516 560 1552; x_wconf 90' lang='lat' dir='ltr'><strong>Quis</strong></span> <span class='ocrx_word' id='word_1_432' title='bbox 574 1517 673 1557; x_wconf 84' lang='lat' dir='ltr'><strong>itaque</strong></span> <span class='ocrx_word' id='word_1_433' title='bbox 688 1517 724 1547; x_wconf 87' lang='lat' dir='ltr'><strong>ad</strong></span> <span class='ocrx_word' id='word_1_434' title='bbox 752 1521 779 1546; x_wconf 89' lang='lat' dir='ltr'><strong>te</strong></span> <span class='ocrx_word' id='word_1_435' title='bbox 806 1526 863 1546; x_wconf 94' lang='lat' dir='ltr'><strong>non</strong></span> <span class='ocrx_word' id='word_1_436' title='bbox 893 1520 1038 1562; x_wconf 81' lang='lat' dir='ltr'><strong>accurrat,</strong></span> <span class='ocrx_word' id='word_1_437' title='bbox 1051 1538 1070 1562; x_wconf 66' lang='grc' dir='ltr'><em>ε</em></span> <span class='ocrx_word' id='word_1_438' title='bbox 1083 1516 1195 1547; x_wconf 90' lang='lat' dir='ltr'><strong>liariter</strong></span> <span class='ocrx_word' id='word_1_439' title='bbox 1210 1517 1372 1556; x_wconf 86' lang='lat' dir='ltr'><strong>conjuncti,</strong></span> <span class='ocrx_word' id='word_1_440' title='bbox 1389 1517 1498 1547; x_wconf 90' lang='lat' dir='ltr'><strong>nullam</strong></span> <span class='ocrx_word' id='word_1_441' title='bbox 1525 1518 1554 1547; x_wconf 93' lang='lat' dir='ltr'><strong>in</strong></span> <span class='ocrx_word' id='word_1_442' title='bbox 1583 1527 1706 1558; x_wconf 88' lang='lat' dir='ltr'><strong>corpore</strong></span> <span class='ocrx_word' id='word_1_443' title='bbox 1722 1523 1821 1548; x_wconf 90' lang='lat' dir='ltr'><strong>nostro</strong></span> <span class='ocrx_word' id='word_1_444' title='bbox 1837 1527 1903 1548; x_wconf 82' lang='lat' dir='ltr'><strong>ma-</strong></span> 
     </span>
    </p>
   </div>
   <div class='ocr_carea' id='block_1_62' title="bbox 222 1560 1041 1602">
    <p class='ocr_par' dir='ltr' id='par_1_62' title="bbox 222 1560 1041 1602">
     <span class='ocr_line' id='line_1_62' title="bbox 222 1560 1041 1602; baseline -0.001 -11"><span class='ocrx_word' id='word_1_445' title='bbox 222 1561 273 1601; x_wconf 91' lang='lat' dir='ltr'><strong>qui</strong></span> <span class='ocrx_word' id='word_1_446' title='bbox 288 1561 368 1592; x_wconf 93' lang='lat' dir='ltr'><strong>solus</strong></span> <span class='ocrx_word' id='word_1_447' title='bbox 381 1570 413 1591; x_wconf 91' lang='lat' dir='ltr'><strong>es</strong></span> <span class='ocrx_word' id='word_1_448' title='bbox 430 1560 598 1600; x_wconf 79' lang='lat' dir='ltr'><strong>benignus?</strong></span> <span class='ocrx_word' id='word_1_449' title='bbox 609 1561 674 1602; x_wconf 87' lang='lat' dir='ltr'><strong>quis</strong></span> <span class='ocrx_word' id='word_1_450' title='bbox 685 1565 713 1591; x_wconf 91' lang='lat' dir='ltr'><strong>te</strong></span> <span class='ocrx_word' id='word_1_451' title='bbox 726 1570 785 1591; x_wconf 92' lang='lat' dir='ltr'><strong>non</strong></span> <span class='ocrx_word' id='word_1_452' title='bbox 797 1565 936 1601; x_wconf 86' lang='lat' dir='ltr'><strong>sequatur</strong></span> <span class='ocrx_word' id='word_1_453' title='bbox 946 1560 960 1589; x_wconf 73' lang='lat'><strong>‘2</strong></span> <span class='ocrx_word' id='word_1_454' title='bbox 976 1560 1041 1600; x_wconf 90' lang='lat' dir='ltr'><strong>quis</strong></span> 
     </span>
    </p>
   </div>
   <div class='ocr_carea' id='block_1_63' title="bbox 221 1604 1041 1646">
    <p class='ocr_par' dir='ltr' id='par_1_63' title="bbox 221 1604 1041 1646">
     <span class='ocr_line' id='line_1_63' title="bbox 221 1604 1041 1646; baseline -0.001 -10"><span class='ocrx_word' id='word_1_455' title='bbox 221 1615 282 1636; x_wconf 89' lang='lat' dir='ltr'><strong>non</strong></span> <span class='ocrx_word' id='word_1_456' title='bbox 298 1615 332 1636; x_wconf 85' lang='lat' dir='ltr'><strong>ex</strong></span> <span class='ocrx_word' id='word_1_457' title='bbox 347 1604 491 1636; x_wconf 85' lang='lat' dir='ltr'><strong>charitate</strong></span> <span class='ocrx_word' id='word_1_458' title='bbox 506 1605 586 1637; x_wconf 89' lang='lat' dir='ltr'><strong>dicat</strong></span> <span class='ocrx_word' id='word_1_459' title='bbox 601 1617 607 1635; x_wconf 90' lang='lat'><strong>:</strong></span> <span class='ocrx_word' id='word_1_460' title='bbox 634 1606 689 1643; x_wconf 89' lang='lat' dir='ltr'><strong>En,</strong></span> <span class='ocrx_word' id='word_1_461' title='bbox 705 1606 845 1646; x_wconf 87' lang='lat' dir='ltr'><strong>projectis</strong></span> <span class='ocrx_word' id='word_1_462' title='bbox 860 1605 998 1636; x_wconf 87' lang='lat' dir='ltr'><strong>omnibus</strong></span> <span class='ocrx_word' id='word_1_463' title='bbox 1014 1611 1041 1635; x_wconf 92' lang='lat' dir='ltr'><strong>te</strong></span> 
     </span>
    </p>
   </div>
   <div class='ocr_carea' id='block_1_64' title="bbox 221 1650 1041 1691">
    <p class='ocr_par' dir='ltr' id='par_1_64' title="bbox 221 1650 1041 1691">
     <span class='ocr_line' id='line_1_64' title="bbox 221 1650 1041 1691; baseline 0 -11"><span class='ocrx_word' id='word_1_464' title='bbox 221 1650 385 1690; x_wconf 85' lang='lat' dir='ltr'><strong>sequimur,</strong></span> <span class='ocrx_word' id='word_1_465' title='bbox 403 1654 432 1681; x_wconf 91' lang='lat' dir='ltr'><strong>te</strong></span> <span class='ocrx_word' id='word_1_466' title='bbox 447 1651 690 1691; x_wconf 87' lang='lat' dir='ltr'><strong>compatientem.</strong></span> <span class='ocrx_word' id='word_1_467' title='bbox 704 1655 904 1691; x_wconf 92' lang='lat' dir='ltr'><strong>mansuetum,</strong></span> <span class='ocrx_word' id='word_1_468' title='bbox 927 1651 1041 1681; x_wconf 88' lang='lat' dir='ltr'><strong>miseri-</strong></span> 
     </span>
    </p>
   </div>
   <div class='ocr_carea' id='block_1_65' title="bbox 221 1695 1042 1735">
    <p class='ocr_par' dir='ltr' id='par_1_65' title="bbox 221 1695 1042 1735">
     <span class='ocr_line' id='line_1_65' title="bbox 221 1695 1042 1735; baseline 0 -10"><span class='ocrx_word' id='word_1_469' title='bbox 221 1695 341 1726; x_wconf 88' lang='lat' dir='ltr'><strong>cordem</strong></span> <span class='ocrx_word' id='word_1_470' title='bbox 357 1695 528 1731; x_wconf 89' lang='lat' dir='ltr'><strong>Dominum,</strong></span> <span class='ocrx_word' id='word_1_471' title='bbox 546 1700 676 1726; x_wconf 91' lang='lat' dir='ltr'><strong>nostram</strong></span> <span class='ocrx_word' id='word_1_472' title='bbox 694 1696 919 1726; x_wconf 85' lang='lat' dir='ltr'><strong>conversionem</strong></span> <span class='ocrx_word' id='word_1_473' title='bbox 931 1696 1042 1735; x_wconf 88' lang='lat' dir='ltr'><strong>jugiter</strong></span> 
     </span>
    </p>
   </div>
   <div class='ocr_carea' id='block_1_66' title="bbox 221 1740 1042 1780">
    <p class='ocr_par' dir='ltr' id='par_1_66' title="bbox 221 1740 1042 1780">
     <span class='ocr_line' id='line_1_66' title="bbox 221 1740 1042 1780; baseline 0 -10"><span class='ocrx_word' id='word_1_474' title='bbox 221 1743 452 1780; x_wconf 85' lang='lat' dir='ltr'><strong>exspectantem,</strong></span> <span class='ocrx_word' id='word_1_475' title='bbox 471 1740 621 1771; x_wconf 91' lang='lat' dir='ltr'><strong>nolentem</strong></span> <span class='ocrx_word' id='word_1_476' title='bbox 649 1740 800 1771; x_wconf 89' lang='lat' dir='ltr'><strong>interitum</strong></span> <span class='ocrx_word' id='word_1_477' title='bbox 831 1749 931 1770; x_wconf 91' lang='lat' dir='ltr'><strong>eorum</strong></span> <span class='ocrx_word' id='word_1_478' title='bbox 949 1740 998 1780; x_wconf 91' lang='lat' dir='ltr'><strong>qui</strong></span> <span class='ocrx_word' id='word_1_479' title='bbox 1015 1745 1042 1770; x_wconf 89' lang='lat' dir='ltr'><strong>te</strong></span> 
     </span>
    </p>
   </div>
   <div class='ocr_carea' id='block_1_67' title="bbox 221 1784 1041 1825">
    <p class='ocr_par' dir='ltr' id='par_1_67' title="bbox 221 1784 1041 1825">
     <span class='ocr_line' id='line_1_67' title="bbox 221 1784 1041 1825; baseline -0.001 -10"><span class='ocrx_word' id='word_1_480' title='bbox 221 1784 409 1815; x_wconf 77' lang='lat' dir='ltr'><strong>offenderunt</strong></span> <span class='ocrx_word' id='word_1_481' title='bbox 424 1785 463 1822; x_wconf 67' lang='lat'><strong>20,</strong></span> <span class='ocrx_word' id='word_1_482' title='bbox 479 1785 529 1825; x_wconf 93' lang='lat' dir='ltr'><strong>qui</strong></span> <span class='ocrx_word' id='word_1_483' title='bbox 544 1785 574 1815; x_wconf 93' lang='lat' dir='ltr'><strong>in</strong></span> <span class='ocrx_word' id='word_1_484' title='bbox 590 1784 675 1816; x_wconf 91' lang='lat' dir='ltr'><strong>nobis</strong></span> <span class='ocrx_word' id='word_1_485' title='bbox 692 1785 780 1816; x_wconf 91' lang='lat' dir='ltr'><strong>modo</strong></span> <span class='ocrx_word' id='word_1_486' title='bbox 794 1785 939 1825; x_wconf 88' lang='lat' dir='ltr'><strong>stupenda</strong></span> <span class='ocrx_word' id='word_1_487' title='bbox 955 1785 1041 1824; x_wconf 90' lang='lat' dir='ltr'><strong>perﬁ-</strong></span> 
     </span>
    </p>
   </div>
   <div class='ocr_carea' id='block_1_68' title="bbox 220 1830 1038 1870">
    <p class='ocr_par' dir='ltr' id='par_1_68' title="bbox 220 1830 1038 1870">
     <span class='ocr_line' id='line_1_68' title="bbox 220 1830 1038 1870; baseline 0 -10"><span class='ocrx_word' id='word_1_488' title='bbox 220 1830 273 1866; x_wconf 86' lang='lat' dir='ltr'><strong>cis,</strong></span> <span class='ocrx_word' id='word_1_489' title='bbox 291 1839 357 1870; x_wconf 63' lang='lat' dir='ltr'><strong>qum</strong></span> <span class='ocrx_word' id='word_1_490' title='bbox 373 1830 443 1860; x_wconf 91' lang='lat' dir='ltr'><strong>olim</strong></span> <span class='ocrx_word' id='word_1_491' title='bbox 468 1830 498 1860; x_wconf 92' lang='lat' dir='ltr'><strong>in</strong></span> <span class='ocrx_word' id='word_1_492' title='bbox 523 1830 611 1861; x_wconf 91' lang='lat' dir='ltr'><strong>domo</strong></span> <span class='ocrx_word' id='word_1_493' title='bbox 643 1830 733 1862; x_wconf 90' lang='lat' dir='ltr'><strong>David</strong></span> <span class='ocrx_word' id='word_1_494' title='bbox 763 1831 859 1860; x_wconf 85' lang='lat' dir='ltr'><strong>futura</strong></span> <span class='ocrx_word' id='word_1_495' title='bbox 874 1830 1038 1866; x_wconf 83' lang='lat' dir='ltr'><strong>audientes,</strong></span> 
     </span>
    </p>
   </div>
   <div class='ocr_carea' id='block_1_69' title="bbox 219 1873 1040 1915">
    <p class='ocr_par' dir='ltr' id='par_1_69' title="bbox 219 1873 1040 1915">
     <span class='ocr_line' id='line_1_69' title="bbox 219 1873 1040 1915; baseline 0 -11"><span class='ocrx_word' id='word_1_496' title='bbox 219 1874 373 1911; x_wconf 89' lang='lat' dir='ltr'><strong>miramur,</strong></span> <span class='ocrx_word' id='word_1_497' title='bbox 391 1874 488 1915; x_wconf 86' lang='lat' dir='ltr'><strong>qualia</strong></span> <span class='ocrx_word' id='word_1_498' title='bbox 516 1875 613 1905; x_wconf 83' lang='lat' dir='ltr'><strong>futura</strong></span> <span class='ocrx_word' id='word_1_499' title='bbox 638 1875 709 1905; x_wconf 89' lang='lat' dir='ltr'><strong>sint.</strong></span> <span class='ocrx_word' id='word_1_500' title='bbox 740 1874 851 1905; x_wconf 92' lang='lat' dir='ltr'><strong>Domus</strong></span> <span class='ocrx_word' id='word_1_501' title='bbox 880 1873 970 1904; x_wconf 90' lang='lat' dir='ltr'><strong>David</strong></span> <span class='ocrx_word' id='word_1_502' title='bbox 987 1883 1040 1905; x_wconf 85' lang='lat' dir='ltr'><strong>nos</strong></span> 
     </span>
    </p>
   </div>
   <div class='ocr_carea' id='block_1_70' title="bbox 219 1919 1038 1959">
    <p class='ocr_par' dir='ltr' id='par_1_70' title="bbox 219 1919 1038 1959">
     <span class='ocr_line' id='line_1_70' title="bbox 219 1919 1038 1959; baseline 0.001 -11"><span class='ocrx_word' id='word_1_503' title='bbox 219 1927 334 1959; x_wconf 89' lang='lat' dir='ltr'><strong>sumus,</strong></span> <span class='ocrx_word' id='word_1_504' title='bbox 351 1922 489 1959; x_wconf 89' lang='lat' dir='ltr'><strong>tanquam</strong></span> <span class='ocrx_word' id='word_1_505' title='bbox 507 1919 622 1958; x_wconf 81' lang='lat' dir='ltr'><strong>cognati</strong></span> <span class='ocrx_word' id='word_1_506' title='bbox 639 1919 728 1950; x_wconf 90' lang='lat' dir='ltr'><strong>illius.</strong></span> <span class='ocrx_word' id='word_1_507' title='bbox 758 1919 830 1950; x_wconf 90' lang='lat' dir='ltr'><strong>Nam</strong></span> <span class='ocrx_word' id='word_1_508' title='bbox 848 1919 910 1959; x_wconf 83' lang='lat' dir='ltr'><strong>ipse</strong></span> <span class='ocrx_word' id='word_1_509' title='bbox 927 1923 955 1948; x_wconf 89' lang='lat' dir='ltr'><strong>tu</strong></span> <span class='ocrx_word' id='word_1_510' title='bbox 971 1928 1038 1949; x_wconf 83' lang='lat' dir='ltr'><strong>om-</strong></span> 
     </span>
    </p>
   </div>
   <div class='ocr_carea' id='block_1_71' title="bbox 218 1963 1040 2000">
    <p class='ocr_par' dir='ltr' id='par_1_71' title="bbox 218 1963 1040 2000">
     <span class='ocr_line' id='line_1_71' title="bbox 218 1963 1040 2000; baseline 0.001 -7"><span class='ocrx_word' id='word_1_511' title='bbox 218 1964 301 1993; x_wconf 91' lang='lat' dir='ltr'><strong>nium</strong></span> <span class='ocrx_word' id='word_1_512' title='bbox 318 1963 470 2000; x_wconf 88' lang='lat' dir='ltr'><strong>Conditor,</strong></span> <span class='ocrx_word' id='word_1_513' title='bbox 489 1964 565 1994; x_wconf 92' lang='lat' dir='ltr'><strong>ﬁlius</strong></span> <span class='ocrx_word' id='word_1_514' title='bbox 594 1964 653 1994; x_wconf 91' lang='lat' dir='ltr'><strong>illis</strong></span> <span class='ocrx_word' id='word_1_515' title='bbox 680 1965 776 1995; x_wconf 81' lang='lat' dir='ltr'><strong>factus</strong></span> <span class='ocrx_word' id='word_1_516' title='bbox 805 1973 848 1999; x_wconf 87' lang='lat' dir='ltr'><strong>es,</strong></span> <span class='ocrx_word' id='word_1_517' title='bbox 875 1968 900 1994; x_wconf 89' lang='lat' dir='ltr'><strong>et</strong></span> <span class='ocrx_word' id='word_1_518' title='bbox 918 1974 971 1994; x_wconf 89' lang='lat' dir='ltr'><strong>nos</strong></span> <span class='ocrx_word' id='word_1_519' title='bbox 987 1964 1040 1994; x_wconf 87' lang='lat' dir='ltr'><strong>ﬁlii</strong></span> 
     </span>
    </p>
   </div>
   <div class='ocr_carea' id='block_1_72' title="bbox 220 2007 1040 2048">
    <p class='ocr_par' dir='ltr' id='par_1_72' title="bbox 220 2007 1040 2048">
     <span class='ocr_line' id='line_1_72' title="bbox 220 2007 1040 2048; baseline 0.001 -11"><span class='ocrx_word' id='word_1_520' title='bbox 220 2007 261 2038; x_wconf 90' lang='lat' dir='ltr'><strong>tui</strong></span> <span class='ocrx_word' id='word_1_521' title='bbox 278 2017 331 2048; x_wconf 91' lang='lat' dir='ltr'><strong>per</strong></span> <span class='ocrx_word' id='word_1_522' title='bbox 346 2007 481 2048; x_wconf 86' lang='lat' dir='ltr'><strong>gratiam.</strong></span> <span class='ocrx_word' id='word_1_523' title='bbox 510 2008 553 2039; x_wconf 96' lang='lat' dir='ltr'><strong>Tu</strong></span> <span class='ocrx_word' id='word_1_524' title='bbox 585 2012 728 2047; x_wconf 87' lang='lat' dir='ltr'><strong>cognatus</strong></span> <span class='ocrx_word' id='word_1_525' title='bbox 755 2013 856 2039; x_wconf 86' lang='lat' dir='ltr'><strong>noster</strong></span> <span class='ocrx_word' id='word_1_526' title='bbox 871 2017 969 2038; x_wconf 84' lang='lat' dir='ltr'><strong>carne.</strong></span> <span class='ocrx_word' id='word_1_527' title='bbox 988 2017 1040 2038; x_wconf 90' lang='lat' dir='ltr'><strong>nos</strong></span> 
     </span>
    </p>
   </div>
   <div class='ocr_carea' id='block_1_73' title="bbox 218 2052 1041 2093">
    <p class='ocr_par' dir='ltr' id='par_1_73' title="bbox 218 2052 1041 2093">
     <span class='ocr_line' id='line_1_73' title="bbox 218 2052 1041 2093; baseline 0 -11"><span class='ocrx_word' id='word_1_528' title='bbox 218 2052 342 2083; x_wconf 87' lang='lat' dir='ltr'><strong>Deitatis</strong></span> <span class='ocrx_word' id='word_1_529' title='bbox 359 2056 426 2084; x_wconf 69' lang='lat' dir='ltr'><strong>tuae.</strong></span> <span class='ocrx_word' id='word_1_530' title='bbox 443 2053 566 2084; x_wconf 88' lang='lat' dir='ltr'><strong>Indulus</strong></span> <span class='ocrx_word' id='word_1_531' title='bbox 583 2053 662 2084; x_wconf 90' lang='lat' dir='ltr'><strong>enim</strong></span> <span class='ocrx_word' id='word_1_532' title='bbox 692 2062 818 2093; x_wconf 88' lang='lat' dir='ltr'><strong>corpore</strong></span> <span class='ocrx_word' id='word_1_533' title='bbox 833 2053 940 2083; x_wconf 74' lang='lat' dir='ltr'><strong>dedisti</strong></span> <span class='ocrx_word' id='word_1_534' title='bbox 956 2053 1041 2083; x_wconf 86' lang='lat' dir='ltr'><strong>nobis</strong></span> 
     </span>
    </p>
   </div>
   <div class='ocr_carea' id='block_1_74' title="bbox 217 2096 1042 2138">
    <p class='ocr_par' dir='ltr' id='par_1_74' title="bbox 217 2096 1042 2138">
     <span class='ocr_line' id='line_1_74' title="bbox 217 2096 1042 2138; baseline 0.001 -11"><span class='ocrx_word' id='word_1_535' title='bbox 217 2096 359 2137; x_wconf 90' lang='lat' dir='ltr'><strong>Spiritum</strong></span> <span class='ocrx_word' id='word_1_536' title='bbox 376 2102 523 2134; x_wconf 91' lang='lat' dir='ltr'><strong>sanctum,</strong></span> <span class='ocrx_word' id='word_1_537' title='bbox 555 2107 719 2138; x_wconf 91' lang='lat' dir='ltr'><strong>omnesque</strong></span> <span class='ocrx_word' id='word_1_538' title='bbox 748 2097 834 2128; x_wconf 89' lang='lat' dir='ltr'><strong>simul</strong></span> <span class='ocrx_word' id='word_1_539' title='bbox 864 2107 923 2127; x_wconf 81' lang='lat' dir='ltr'><strong>una</strong></span> <span class='ocrx_word' id='word_1_540' title='bbox 937 2098 1042 2128; x_wconf 90' lang='lat' dir='ltr'><strong>domus</strong></span> 
     </span>
    </p>
   </div>
   <div class='ocr_carea' id='block_1_75' title="bbox 216 2141 1042 2182">
    <p class='ocr_par' dir='ltr' id='par_1_75' title="bbox 216 2141 1042 2182">
     <span class='ocr_line' id='line_1_75' title="bbox 216 2141 1042 2182; baseline -0.001 -10"><span class='ocrx_word' id='word_1_541' title='bbox 216 2141 306 2172; x_wconf 88' lang='lat' dir='ltr'><strong>David</strong></span> <span class='ocrx_word' id='word_1_542' title='bbox 332 2141 400 2172; x_wconf 81' lang='lat' dir='ltr'><strong>facti</strong></span> <span class='ocrx_word' id='word_1_543' title='bbox 424 2151 538 2180; x_wconf 91' lang='lat' dir='ltr'><strong>sumus,</strong></span> <span class='ocrx_word' id='word_1_544' title='bbox 570 2143 641 2182; x_wconf 87' lang='lat' dir='ltr'><strong>quia</strong></span> <span class='ocrx_word' id='word_1_545' title='bbox 671 2142 782 2182; x_wconf 90' lang='lat' dir='ltr'><strong>proprii</strong></span> <span class='ocrx_word' id='word_1_546' title='bbox 813 2142 853 2172; x_wconf 94' lang='lat' dir='ltr'><strong>tui</strong></span> <span class='ocrx_word' id='word_1_547' title='bbox 883 2147 911 2172; x_wconf 87' lang='lat' dir='ltr'><strong>et</strong></span> <span class='ocrx_word' id='word_1_548' title='bbox 927 2143 1042 2181; x_wconf 86' lang='lat' dir='ltr'><strong>cognati</strong></span> 
     </span>
    </p>
   </div>
   <div class='ocr_carea' id='block_1_76' title="bbox 217 2185 1041 2227">
    <p class='ocr_par' dir='ltr' id='par_1_76' title="bbox 217 2185 1041 2227">
     <span class='ocr_line' id='line_1_76' title="bbox 217 2185 1041 2227; baseline 0.001 -11"><span class='ocrx_word' id='word_1_549' title='bbox 217 2186 270 2216; x_wconf 90' lang='lat' dir='ltr'><strong>tui.</strong></span> <span class='ocrx_word' id='word_1_550' title='bbox 284 2185 428 2217; x_wconf 90' lang='lat' dir='ltr'><strong>Dominus</strong></span> <span class='ocrx_word' id='word_1_551' title='bbox 444 2187 533 2225; x_wconf 83' lang='lat' dir='ltr'><strong>igitur</strong></span> <span class='ocrx_word' id='word_1_552' title='bbox 553 2187 642 2218; x_wconf 84' lang='lat' dir='ltr'><strong>David</strong></span> <span class='ocrx_word' id='word_1_553' title='bbox 661 2191 690 2218; x_wconf 87' lang='lat' dir='ltr'><strong>tu</strong></span> <span class='ocrx_word' id='word_1_554' title='bbox 707 2187 736 2217; x_wconf 93' lang='lat' dir='ltr'><strong>in</strong></span> <span class='ocrx_word' id='word_1_555' title='bbox 753 2187 860 2227; x_wconf 88' lang='lat' dir='ltr'><strong>spiritu</strong></span> <span class='ocrx_word' id='word_1_556' title='bbox 876 2195 918 2223; x_wconf 80' lang='lat' dir='ltr'><strong>es,</strong></span> <span class='ocrx_word' id='word_1_557' title='bbox 936 2197 989 2217; x_wconf 75' lang='lat' dir='ltr'><strong>nos</strong></span> <span class='ocrx_word' id='word_1_558' title='bbox 1005 2187 1041 2217; x_wconf 89' lang='lat' dir='ltr'><strong>ﬁ-</strong></span> 
     </span>
    </p>
   </div>
   <div class='ocr_carea' id='block_1_77' title="bbox 256 2266 588 2305">
    <p class='ocr_par' dir='ltr' id='par_1_77' title="bbox 256 2266 588 2305">
     <span class='ocr_line' id='line_1_77' title="bbox 256 2266 588 2305; baseline 0 -7"><span class='ocrx_word' id='word_1_559' title='bbox 256 2266 286 2292; x_wconf 67' lang='lat'><strong>30</strong></span> <span class='ocrx_word' id='word_1_560' title='bbox 303 2266 408 2298; x_wconf 89' lang='lat' dir='ltr'><strong>Ezech.</strong></span> <span class='ocrx_word' id='word_1_561' title='bbox 423 2276 526 2305; x_wconf 86' lang='lat' dir='ltr'><strong>xxxm,</strong></span> <span class='ocrx_word' id='word_1_562' title='bbox 542 2269 588 2299; x_wconf 82' lang='grc'><strong>11.</strong></span> 
     </span>
    </p>
   </div>
   <div class='ocr_carea' id='block_1_78' title="bbox 1083 1561 1903 1602">
    <p class='ocr_par' dir='ltr' id='par_1_78' title="bbox 1083 1561 1903 1602">
     <span class='ocr_line' id='line_1_78' title="bbox 1083 1561 1903 1602; baseline 0.002 -11"><span class='ocrx_word' id='word_1_563' title='bbox 1083 1561 1178 1591; x_wconf 90' lang='lat' dir='ltr'><strong>culam</strong></span> <span class='ocrx_word' id='word_1_564' title='bbox 1195 1561 1386 1601; x_wconf 86' lang='lat' dir='ltr'><strong>aspicientes,</strong></span> <span class='ocrx_word' id='word_1_565' title='bbox 1405 1562 1456 1591; x_wconf 91' lang='lat' dir='ltr'><strong>sed</strong></span> <span class='ocrx_word' id='word_1_566' title='bbox 1486 1562 1538 1592; x_wconf 91' lang='lat' dir='ltr'><strong>toti</strong></span> <span class='ocrx_word' id='word_1_567' title='bbox 1562 1562 1649 1592; x_wconf 88' lang='lat' dir='ltr'><strong>totius</strong></span> <span class='ocrx_word' id='word_1_568' title='bbox 1666 1562 1799 1602; x_wconf 88' lang='lat' dir='ltr'><strong>corporis</strong></span> <span class='ocrx_word' id='word_1_569' title='bbox 1813 1563 1903 1593; x_wconf 92' lang='lat' dir='ltr'><strong>Chri—</strong></span> 
     </span>
    </p>
   </div>
   <div class='ocr_carea' id='block_1_79' title="bbox 1083 1606 1902 1647">
    <p class='ocr_par' dir='ltr' id='par_1_79' title="bbox 1083 1606 1902 1647">
     <span class='ocr_line' id='line_1_79' title="bbox 1083 1606 1902 1647; baseline 0.002 -11"><span class='ocrx_word' id='word_1_570' title='bbox 1083 1606 1120 1636; x_wconf 89' lang='lat' dir='ltr'><strong>sti</strong></span> <span class='ocrx_word' id='word_1_571' title='bbox 1162 1606 1386 1636; x_wconf 89' lang='lat' dir='ltr'><strong>similitudinem</strong></span> <span class='ocrx_word' id='word_1_572' title='bbox 1437 1607 1599 1643; x_wconf 90' lang='lat' dir='ltr'><strong>consecuti,</strong></span> <span class='ocrx_word' id='word_1_573' title='bbox 1644 1609 1768 1647; x_wconf 47' lang='lat' dir='ltr'><strong>quisque</strong></span> <span class='ocrx_word' id='word_1_574' title='bbox 1811 1611 1902 1638; x_wconf 91' lang='lat' dir='ltr'><strong>totum</strong></span> 
     </span>
    </p>
   </div>
   <div class='ocr_carea' id='block_1_80' title="bbox 1083 1651 1904 1683">
    <p class='ocr_par' dir='ltr' id='par_1_80' title="bbox 1083 1651 1904 1683">
     <span class='ocr_line' id='line_1_80' title="bbox 1083 1651 1904 1683; baseline 0 -1"><span class='ocrx_word' id='word_1_575' title='bbox 1083 1651 1230 1682; x_wconf 88' lang='lat' dir='ltr'><strong>Christum</strong></span> <span class='ocrx_word' id='word_1_576' title='bbox 1262 1651 1428 1681; x_wconf 86' lang='lat' dir='ltr'><strong>membrum</strong></span> <span class='ocrx_word' id='word_1_577' title='bbox 1448 1656 1580 1682; x_wconf 89' lang='lat' dir='ltr'><strong>nostrum</strong></span> <span class='ocrx_word' id='word_1_578' title='bbox 1606 1652 1791 1682; x_wconf 83' lang='lat' dir='ltr'><strong>habebimus.</strong></span> <span class='ocrx_word' id='word_1_579' title='bbox 1822 1652 1904 1683; x_wconf 91' lang='lat' dir='ltr'><strong>Unus</strong></span> 
     </span>
    </p>
   </div>
   <div class='ocr_carea' id='block_1_81' title="bbox 1083 1695 1901 1735">
    <p class='ocr_par' dir='ltr' id='par_1_81' title="bbox 1083 1695 1901 1735">
     <span class='ocr_line' id='line_1_81' title="bbox 1083 1695 1901 1735; baseline 0 -9"><span class='ocrx_word' id='word_1_580' title='bbox 1083 1695 1161 1726; x_wconf 88' lang='lat' dir='ltr'><strong>enim</strong></span> <span class='ocrx_word' id='word_1_581' title='bbox 1201 1696 1293 1726; x_wconf 88' lang='lat' dir='ltr'><strong>multa</strong></span> <span class='ocrx_word' id='word_1_582' title='bbox 1329 1696 1431 1732; x_wconf 81' lang='lat' dir='ltr'><strong>factus,</strong></span> <span class='ocrx_word' id='word_1_583' title='bbox 1473 1706 1548 1727; x_wconf 90' lang='lat' dir='ltr'><strong>unus</strong></span> <span class='ocrx_word' id='word_1_584' title='bbox 1588 1701 1686 1726; x_wconf 86' lang='lat' dir='ltr'><strong>manet</strong></span> <span class='ocrx_word' id='word_1_585' title='bbox 1728 1697 1901 1735; x_wconf 80' lang='lat' dir='ltr'><strong>idividuus;</strong></span> 
     </span>
    </p>
   </div>
   <div class='ocr_carea' id='block_1_82' title="bbox 1085 1741 1859 1781">
    <p class='ocr_par' dir='ltr' id='par_1_82' title="bbox 1085 1741 1859 1781">
     <span class='ocr_line' id='line_1_82' title="bbox 1085 1741 1859 1781; baseline 0 -11"><span class='ocrx_word' id='word_1_586' title='bbox 1085 1749 1152 1780; x_wconf 86' lang='lat' dir='ltr'><strong>pars</strong></span> <span class='ocrx_word' id='word_1_587' title='bbox 1165 1745 1263 1772; x_wconf 90' lang='lat' dir='ltr'><strong>autem</strong></span> <span class='ocrx_word' id='word_1_588' title='bbox 1278 1749 1462 1780; x_wconf 83' lang='lat' dir='ltr'><strong>unaquaeque</strong></span> <span class='ocrx_word' id='word_1_589' title='bbox 1479 1744 1557 1771; x_wconf 88' lang='lat' dir='ltr'><strong>totus</strong></span> <span class='ocrx_word' id='word_1_590' title='bbox 1576 1741 1710 1772; x_wconf 81' lang='lat' dir='ltr'><strong>Christus</strong></span> <span class='ocrx_word' id='word_1_591' title='bbox 1726 1747 1772 1772; x_wconf 89' lang='lat' dir='ltr'><strong>est</strong></span> <span class='ocrx_word' id='word_1_592' title='bbox 1788 1742 1859 1781; x_wconf 86' lang='grc'>(19).</span> 
     </span>
    </p>
   </div>
   <div class='ocr_carea' id='block_1_83' title="bbox 1123 1785 1904 1826">
    <p class='ocr_par' dir='ltr' id='par_1_83' title="bbox 1123 1785 1904 1826">
     <span class='ocr_line' id='line_1_83' title="bbox 1123 1785 1904 1826; baseline 0.003 -11"><span class='ocrx_word' id='word_1_593' title='bbox 1123 1785 1154 1815; x_wconf 84' lang='lat' dir='ltr'><strong>Si</strong></span> <span class='ocrx_word' id='word_1_594' title='bbox 1171 1795 1239 1824; x_wconf 85' lang='lat' dir='ltr'><strong>ergo</strong></span> <span class='ocrx_word' id='word_1_595' title='bbox 1257 1790 1285 1815; x_wconf 90' lang='lat' dir='ltr'><strong>tu</strong></span> <span class='ocrx_word' id='word_1_596' title='bbox 1302 1786 1424 1816; x_wconf 89' lang='lat' dir='ltr'><strong>indutus</strong></span> <span class='ocrx_word' id='word_1_597' title='bbox 1451 1795 1482 1816; x_wconf 89' lang='lat' dir='ltr'><strong>es</strong></span> <span class='ocrx_word' id='word_1_598' title='bbox 1504 1785 1601 1816; x_wconf 87' lang='lat' dir='ltr'><strong>carnis</strong></span> <span class='ocrx_word' id='word_1_599' title='bbox 1618 1790 1674 1816; x_wconf 62' lang='lat' dir='ltr'><strong>tua:</strong></span> <span class='ocrx_word' id='word_1_600' title='bbox 1689 1786 1830 1826; x_wconf 85' lang='lat' dir='ltr'><strong>dedecus,</strong></span> <span class='ocrx_word' id='word_1_601' title='bbox 1849 1796 1904 1818; x_wconf 90' lang='lat' dir='ltr'><strong>nec</strong></span> 
     </span>
    </p>
   </div>
   <div class='ocr_carea' id='block_1_84' title="bbox 1083 1830 1903 1871">
    <p class='ocr_par' dir='ltr' id='par_1_84' title="bbox 1083 1830 1903 1871">
     <span class='ocr_line' id='line_1_84' title="bbox 1083 1830 1903 1871; baseline 0.002 -12"><span class='ocrx_word' id='word_1_602' title='bbox 1083 1834 1213 1860; x_wconf 77' lang='lat' dir='ltr'><strong>tuentem</strong></span> <span class='ocrx_word' id='word_1_603' title='bbox 1231 1834 1319 1870; x_wconf 88' lang='lat' dir='ltr'><strong>atque</strong></span> <span class='ocrx_word' id='word_1_604' title='bbox 1335 1830 1464 1860; x_wconf 87' lang='lat' dir='ltr'><strong>animam</strong></span> <span class='ocrx_word' id='word_1_605' title='bbox 1480 1830 1617 1866; x_wconf 87' lang='lat' dir='ltr'><strong>nudatus,</strong></span> <span class='ocrx_word' id='word_1_606' title='bbox 1635 1835 1663 1860; x_wconf 89' lang='lat' dir='ltr'><strong>et</strong></span> <span class='ocrx_word' id='word_1_607' title='bbox 1679 1831 1809 1861; x_wconf 86' lang='lat' dir='ltr'><strong>tenebris</strong></span> <span class='ocrx_word' id='word_1_608' title='bbox 1819 1841 1903 1871; x_wconf 87' lang='lat' dir='ltr'><strong>oper-</strong></span> 
     </span>
    </p>
   </div>
   <div class='ocr_carea' id='block_1_85' title="bbox 1084 1875 1902 1915">
    <p class='ocr_par' dir='ltr' id='par_1_85' title="bbox 1084 1875 1902 1915">
     <span class='ocr_line' id='line_1_85' title="bbox 1084 1875 1902 1915; baseline 0.001 -11"><span class='ocrx_word' id='word_1_609' title='bbox 1084 1878 1129 1904; x_wconf 90' lang='lat' dir='ltr'><strong>tus</strong></span> <span class='ocrx_word' id='word_1_610' title='bbox 1145 1875 1245 1905; x_wconf 91' lang='lat' dir='ltr'><strong>lumen</strong></span> <span class='ocrx_word' id='word_1_611' title='bbox 1275 1875 1371 1905; x_wconf 89' lang='lat' dir='ltr'><strong>adhuc</strong></span> <span class='ocrx_word' id='word_1_612' title='bbox 1400 1875 1502 1905; x_wconf 87' lang='lat' dir='ltr'><strong>videre</strong></span> <span class='ocrx_word' id='word_1_613' title='bbox 1527 1875 1660 1913; x_wconf 88' lang='lat' dir='ltr'><strong>potuisti,</strong></span> <span class='ocrx_word' id='word_1_614' title='bbox 1691 1875 1760 1915; x_wconf 92' lang='lat' dir='ltr'><strong>quid</strong></span> <span class='ocrx_word' id='word_1_615' title='bbox 1779 1875 1831 1905; x_wconf 89' lang='lat' dir='ltr'><strong>tibi</strong></span> <span class='ocrx_word' id='word_1_616' title='bbox 1848 1885 1902 1914; x_wconf 85' lang='lat' dir='ltr'><strong>ego</strong></span> 
     </span>
    </p>
   </div>
   <div class='ocr_carea' id='block_1_86' title="bbox 1081 1919 1902 1959">
    <p class='ocr_par' dir='ltr' id='par_1_86' title="bbox 1081 1919 1902 1959">
     <span class='ocr_line' id='line_1_86' title="bbox 1081 1919 1902 1959; baseline 0 -10"><span class='ocrx_word' id='word_1_617' title='bbox 1081 1919 1186 1950; x_wconf 86' lang='lat' dir='ltr'><strong>faciam</strong></span> <span class='ocrx_word' id='word_1_618' title='bbox 1201 1919 1216 1948; x_wconf 76' lang='lat'><strong>‘!</strong></span> <span class='ocrx_word' id='word_1_619' title='bbox 1244 1919 1391 1959; x_wconf 90' lang='lat' dir='ltr'><strong>quomodo</strong></span> <span class='ocrx_word' id='word_1_620' title='bbox 1406 1919 1604 1950; x_wconf 84' lang='lat' dir='ltr'><strong>venerationis</strong></span> <span class='ocrx_word' id='word_1_621' title='bbox 1620 1920 1707 1959; x_wconf 85' lang='lat' dir='ltr'><strong>plena</strong></span> <span class='ocrx_word' id='word_1_622' title='bbox 1723 1919 1874 1950; x_wconf 73' lang='lat' dir='ltr'><strong>ostendam</strong></span> <span class='ocrx_word' id='word_1_623' title='bbox 1890 1921 1902 1949; x_wconf 67' lang='grc' dir='ltr'>Υ</span> 
     </span>
    </p>
   </div>
   <div class='ocr_carea' id='block_1_87' title="bbox 1082 1963 1901 2004">
    <p class='ocr_par' dir='ltr' id='par_1_87' title="bbox 1082 1963 1901 2004">
     <span class='ocr_line' id='line_1_87' title="bbox 1082 1963 1901 2004; baseline 0 -11"><span class='ocrx_word' id='word_1_624' title='bbox 1082 1963 1241 2004; x_wconf 88' lang='lat' dir='ltr'><strong>quomodo,</strong></span> <span class='ocrx_word' id='word_1_625' title='bbox 1260 1964 1333 2003; x_wconf 92' lang='lat' dir='ltr'><strong>proh</strong></span> <span class='ocrx_word' id='word_1_626' title='bbox 1360 1963 1468 1994; x_wconf 81' lang='lat' dir='ltr'><strong>dolor?</strong></span> <span class='ocrx_word' id='word_1_627' title='bbox 1496 1963 1524 1993; x_wconf 91' lang='lat' dir='ltr'><strong>in</strong></span> <span class='ocrx_word' id='word_1_628' title='bbox 1554 1963 1675 1994; x_wconf 89' lang='lat' dir='ltr'><strong>domum</strong></span> <span class='ocrx_word' id='word_1_629' title='bbox 1705 1964 1793 1994; x_wconf 81' lang='lat' dir='ltr'><strong>David</strong></span> <span class='ocrx_word' id='word_1_630' title='bbox 1812 1964 1901 1994; x_wconf 90' lang='lat' dir='ltr'><strong>lein-</strong></span> 
     </span>
    </p>
   </div>
   <div class='ocr_carea' id='block_1_88' title="bbox 1083 2008 1902 2048">
    <p class='ocr_par' dir='ltr' id='par_1_88' title="bbox 1083 2008 1902 2048">
     <span class='ocr_line' id='line_1_88' title="bbox 1083 2008 1902 2048; baseline 0.001 -10"><span class='ocrx_word' id='word_1_631' title='bbox 1083 2008 1235 2038; x_wconf 88' lang='lat' dir='ltr'><strong>troducam</strong></span> <span class='ocrx_word' id='word_1_632' title='bbox 1252 2008 1267 2037; x_wconf 65' lang='lat'><strong>‘2</strong></span> <span class='ocrx_word' id='word_1_633' title='bbox 1293 2008 1377 2038; x_wconf 83' lang='lat' dir='ltr'><strong>Adiri</strong></span> <span class='ocrx_word' id='word_1_634' title='bbox 1393 2008 1471 2038; x_wconf 87' lang='lat' dir='ltr'><strong>enim</strong></span> <span class='ocrx_word' id='word_1_635' title='bbox 1494 2018 1552 2038; x_wconf 90' lang='lat' dir='ltr'><strong>non</strong></span> <span class='ocrx_word' id='word_1_636' title='bbox 1571 2014 1666 2048; x_wconf 83' lang='lat' dir='ltr'><strong>potest</strong></span> <span class='ocrx_word' id='word_1_637' title='bbox 1681 2008 1717 2039; x_wconf 87' lang='lat' dir='ltr'><strong>ab</strong></span> <span class='ocrx_word' id='word_1_638' title='bbox 1733 2009 1854 2048; x_wconf 85' lang='lat' dir='ltr'><strong>ignavis,</strong></span> <span class='ocrx_word' id='word_1_639' title='bbox 1873 2014 1902 2039; x_wconf 87' lang='lat' dir='ltr'><strong>ut</strong></span> 
     </span>
    </p>
   </div>
   <div class='ocr_carea' id='block_1_89' title="bbox 1084 2053 1899 2092">
    <p class='ocr_par' dir='ltr' id='par_1_89' title="bbox 1084 2053 1899 2092">
     <span class='ocr_line' id='line_1_89' title="bbox 1084 2053 1899 2092; baseline 0.002 -10"><span class='ocrx_word' id='word_1_640' title='bbox 1084 2061 1136 2090; x_wconf 77' lang='lat' dir='ltr'><strong>ego</strong></span> <span class='ocrx_word' id='word_1_641' title='bbox 1152 2062 1239 2083; x_wconf 92' lang='lat' dir='ltr'><strong>sum:</strong></span> <span class='ocrx_word' id='word_1_642' title='bbox 1268 2061 1322 2083; x_wconf 91' lang='lat' dir='ltr'><strong>nec</strong></span> <span class='ocrx_word' id='word_1_643' title='bbox 1344 2053 1437 2083; x_wconf 88' lang='lat' dir='ltr'><strong>videri</strong></span> <span class='ocrx_word' id='word_1_644' title='bbox 1464 2062 1480 2083; x_wconf 88' lang='lat' dir='ltr'><strong>a</strong></span> <span class='ocrx_word' id='word_1_645' title='bbox 1504 2053 1601 2091; x_wconf 67' lang='lat' dir='ltr'><strong>caecis,</strong></span> <span class='ocrx_word' id='word_1_646' title='bbox 1632 2053 1703 2083; x_wconf 92' lang='lat' dir='ltr'><strong>mihi</strong></span> <span class='ocrx_word' id='word_1_647' title='bbox 1734 2054 1899 2092; x_wconf 84' lang='lat' dir='ltr'><strong>similibus;</strong></span> 
     </span>
    </p>
   </div>
   <div class='ocr_carea' id='block_1_90' title="bbox 1083 2097 1900 2138">
    <p class='ocr_par' dir='ltr' id='par_1_90' title="bbox 1083 2097 1900 2138">
     <span class='ocr_line' id='line_1_90' title="bbox 1083 2097 1900 2138; baseline 0.001 -11"><span class='ocrx_word' id='word_1_648' title='bbox 1083 2102 1111 2127; x_wconf 89' lang='lat' dir='ltr'><strong>et</strong></span> <span class='ocrx_word' id='word_1_649' title='bbox 1140 2097 1227 2127; x_wconf 88' lang='lat' dir='ltr'><strong>distat</strong></span> <span class='ocrx_word' id='word_1_650' title='bbox 1255 2097 1357 2137; x_wconf 88' lang='lat' dir='ltr'><strong>procul</strong></span> <span class='ocrx_word' id='word_1_651' title='bbox 1387 2097 1472 2136; x_wconf 91' lang='lat' dir='ltr'><strong>plane</strong></span> <span class='ocrx_word' id='word_1_652' title='bbox 1497 2098 1533 2127; x_wconf 92' lang='lat' dir='ltr'><strong>ab</strong></span> <span class='ocrx_word' id='word_1_653' title='bbox 1559 2097 1730 2128; x_wconf 87' lang='lat' dir='ltr'><strong>inﬁdelibus</strong></span> <span class='ocrx_word' id='word_1_654' title='bbox 1753 2103 1782 2128; x_wconf 90' lang='lat' dir='ltr'><strong>et</strong></span> <span class='ocrx_word' id='word_1_655' title='bbox 1800 2098 1900 2138; x_wconf 87' lang='lat' dir='ltr'><strong>pigris,</strong></span> 
     </span>
    </p>
   </div>
   <div class='ocr_carea' id='block_1_91' title="bbox 1084 2141 1902 2182">
    <p class='ocr_par' dir='ltr' id='par_1_91' title="bbox 1084 2141 1902 2182">
     <span class='ocr_line' id='line_1_91' title="bbox 1084 2141 1902 2182; baseline 0 -10"><span class='ocrx_word' id='word_1_656' title='bbox 1084 2142 1185 2182; x_wconf 90' lang='lat' dir='ltr'><strong>procul</strong></span> <span class='ocrx_word' id='word_1_657' title='bbox 1229 2142 1264 2171; x_wconf 88' lang='lat' dir='ltr'><strong>ab</strong></span> <span class='ocrx_word' id='word_1_658' title='bbox 1307 2141 1444 2172; x_wconf 91' lang='lat' dir='ltr'><strong>onmibus</strong></span> <span class='ocrx_word' id='word_1_659' title='bbox 1487 2142 1642 2181; x_wconf 85' lang='lat' dir='ltr'><strong>improbis,</strong></span> <span class='ocrx_word' id='word_1_660' title='bbox 1686 2142 1724 2173; x_wconf 85' lang='lat' dir='ltr'><strong>ab</strong></span> <span class='ocrx_word' id='word_1_661' title='bbox 1767 2142 1902 2172; x_wconf 90' lang='lat' dir='ltr'><strong>omnibus</strong></span> 
     </span>
    </p>
   </div>
   <div class='ocr_carea' id='block_1_92' title="bbox 1085 2186 1901 2227">
    <p class='ocr_par' dir='ltr' id='par_1_92' title="bbox 1085 2186 1901 2227">
     <span class='ocr_line' id='line_1_92' title="bbox 1085 2186 1901 2227; baseline 0.001 -11"><span class='ocrx_word' id='word_1_662' title='bbox 1085 2186 1186 2216; x_wconf 90' lang='lat' dir='ltr'><strong>mundi</strong></span> <span class='ocrx_word' id='word_1_663' title='bbox 1214 2186 1405 2224; x_wconf 85' lang='lat' dir='ltr'><strong>amatoribus,</strong></span> <span class='ocrx_word' id='word_1_664' title='bbox 1423 2187 1459 2217; x_wconf 88' lang='lat' dir='ltr'><strong>ab</strong></span> <span class='ocrx_word' id='word_1_665' title='bbox 1475 2186 1571 2218; x_wconf 89' lang='lat' dir='ltr'><strong>inanis</strong></span> <span class='ocrx_word' id='word_1_666' title='bbox 1596 2187 1697 2226; x_wconf 63' lang='lat' dir='ltr'><strong>gloriae</strong></span> <span class='ocrx_word' id='word_1_667' title='bbox 1712 2187 1838 2227; x_wconf 88' lang='lat' dir='ltr'><strong>cupidis.</strong></span> <span class='ocrx_word' id='word_1_668' title='bbox 1855 2188 1901 2218; x_wconf 86' lang='lat' dir='ltr'><strong>Sic</strong></span> 
     </span>
    </p>
   </div>
   <div class='ocr_carea' id='block_1_93' title="bbox 256 2357 1902 2398">
    <p class='ocr_par' dir='ltr' id='par_1_93' title="bbox 256 2357 1902 2398">
     <span class='ocr_line' id='line_1_93' title="bbox 256 2357 1902 2398; baseline 0.002 -11"><span class='ocrx_word' id='word_1_669' title='bbox 256 2357 433 2398; x_wconf 69' lang='lat' dir='ltr'><strong>119)_Hujus</strong></span> <span class='ocrx_word' id='word_1_670' title='bbox 462 2359 587 2388; x_wconf 52' lang='lat' dir='ltr'><strong>theoriae,</strong></span> <span class='ocrx_word' id='word_1_671' title='bbox 615 2358 803 2389; x_wconf 81' lang='lat' dir='ltr'><strong>occasionem</strong></span> <span class='ocrx_word' id='word_1_672' title='bbox 820 2358 982 2397; x_wconf 78' lang='lat' dir='ltr'><strong>sumpsisse</strong></span> <span class='ocrx_word' id='word_1_673' title='bbox 1000 2358 1042 2387; x_wconf 84' lang='lat' dir='ltr'><strong>vi-</strong></span> <span class='ocrx_word' id='word_1_674' title='bbox 1057 2363 1147 2389; x_wconf 86' lang='lat' dir='ltr'><strong>Dtate</strong></span> <span class='ocrx_word' id='word_1_675' title='bbox 1162 2363 1190 2390; x_wconf 92' lang='lat' dir='ltr'><strong>et</strong></span> <span class='ocrx_word' id='word_1_676' title='bbox 1205 2363 1283 2394; x_wconf 82' lang='lat' dir='ltr'><strong>Sunt,</strong></span> <span class='ocrx_word' id='word_1_677' title='bbox 1314 2362 1342 2387; x_wconf 89' lang='lat' dir='ltr'><strong>et</strong></span> <span class='ocrx_word' id='word_1_678' title='bbox 1371 2359 1456 2396; x_wconf 88' lang='lat' dir='ltr'><strong>ﬁunt,</strong></span> <span class='ocrx_word' id='word_1_679' title='bbox 1487 2362 1515 2388; x_wconf 88' lang='lat' dir='ltr'><strong>et</strong></span> <span class='ocrx_word' id='word_1_680' title='bbox 1536 2357 1611 2388; x_wconf 83' lang='lat' dir='ltr'><strong>facta</strong></span> <span class='ocrx_word' id='word_1_681' title='bbox 1638 2362 1716 2398; x_wconf 88' lang='lat' dir='ltr'><strong>sunt.</strong></span> <span class='ocrx_word' id='word_1_682' title='bbox 1733 2368 1797 2398; x_wconf 63' lang='lat' dir='ltr'><strong>quae</strong></span> <span class='ocrx_word' id='word_1_683' title='bbox 1813 2358 1902 2390; x_wconf 85' lang='lat' dir='ltr'><strong>libero</strong></span> 
     </span>
    </p>
   </div>
   <div class='ocr_carea' id='block_1_94' title="bbox 217 2396 1044 2437">
    <p class='ocr_par' dir='ltr' id='par_1_94' title="bbox 217 2396 1044 2437">
     <span class='ocr_line' id='line_1_94' title="bbox 217 2396 1044 2437; baseline 0.002 -10"><span class='ocrx_word' id='word_1_684' title='bbox 217 2397 304 2428; x_wconf 87' lang='lat' dir='ltr'><strong>detur</strong></span> <span class='ocrx_word' id='word_1_685' title='bbox 321 2396 440 2428; x_wconf 80' lang='lat' dir='ltr'><strong>Simeon</strong></span> <span class='ocrx_word' id='word_1_686' title='bbox 455 2407 489 2429; x_wconf 89' lang='lat' dir='ltr'><strong>ex</strong></span> <span class='ocrx_word' id='word_1_687' title='bbox 508 2398 558 2428; x_wconf 92' lang='lat' dir='ltr'><strong>illo</strong></span> <span class='ocrx_word' id='word_1_688' title='bbox 574 2398 585 2429; x_wconf 89' lang='grc' dir='ltr'>Ι</span> <span class='ocrx_word' id='word_1_689' title='bbox 603 2399 669 2429; x_wconf 90' lang='lat' dir='ltr'><strong>Cor.</strong></span> <span class='ocrx_word' id='word_1_690' title='bbox 696 2407 749 2437; x_wconf 91' lang='lat' dir='ltr'><strong>xu,</strong></span> <span class='ocrx_word' id='word_1_691' title='bbox 779 2399 815 2429; x_wconf 81' lang='lat'><strong>1‘1</strong></span> <span class='ocrx_word' id='word_1_692' title='bbox 834 2408 840 2427; x_wconf 89' lang='lat'>:</span> <span class='ocrx_word' id='word_1_693' title='bbox 875 2396 928 2428; x_wconf 34' lang='lat' dir='ltr'><strong>lius</strong></span> <span class='ocrx_word' id='word_1_694' title='bbox 944 2402 1044 2429; x_wconf 69' lang='lat' dir='ltr'><strong>«idem</strong></span> 
     </span>
    </p>
   </div>
   <div class='ocr_carea' id='block_1_95' title="bbox 215 2438 1045 2478">
    <p class='ocr_par' dir='ltr' id='par_1_95' title="bbox 215 2438 1045 2478">
     <span class='ocr_line' id='line_1_95' title="bbox 215 2438 1045 2478; baseline 0.002 -11"><span class='ocrx_word' id='word_1_695' title='bbox 215 2438 286 2468; x_wconf 76' lang='lat' dir='ltr'><strong>estis</strong></span> <span class='ocrx_word' id='word_1_696' title='bbox 302 2447 412 2478; x_wconf 83' lang='lat' dir='ltr'><strong>corpus</strong></span> <span class='ocrx_word' id='word_1_697' title='bbox 430 2438 557 2478; x_wconf 77' lang='lat' dir='ltr'><strong>Christi,</strong></span> <span class='ocrx_word' id='word_1_698' title='bbox 575 2443 602 2470; x_wconf 75' lang='lat' dir='ltr'><strong>et</strong></span> <span class='ocrx_word' id='word_1_699' title='bbox 630 2439 764 2469; x_wconf 63' lang='lat' dir='ltr'><strong>miwbro</strong></span> <span class='ocrx_word' id='word_1_700' title='bbox 793 2439 829 2469; x_wconf 74' lang='lat' dir='ltr'><strong>de</strong></span> <span class='ocrx_word' id='word_1_701' title='bbox 846 2438 993 2468; x_wconf 66' lang='lat' dir='ltr'><strong>membro.</strong></span> <span class='ocrx_word' id='word_1_702' title='bbox 1010 2439 1045 2469; x_wconf 85' lang='lat' dir='ltr'><strong>Et</strong></span> 
     </span>
    </p>
   </div>
   <div class='ocr_carea' id='block_1_96' title="bbox 214 2479 1043 2519">
    <p class='ocr_par' dir='ltr' id='par_1_96' title="bbox 214 2479 1043 2519">
     <span class='ocr_line' id='line_1_96' title="bbox 214 2479 1043 2519; baseline 0.002 -11"><span class='ocrx_word' id='word_1_703' title='bbox 214 2486 279 2518; x_wconf 82' lang='lat' dir='ltr'><strong>cap.</strong></span> <span class='ocrx_word' id='word_1_704' title='bbox 308 2487 348 2518; x_wconf 72' lang='grc' dir='ltr'><strong>γι,</strong></span> <span class='ocrx_word' id='word_1_705' title='bbox 380 2487 456 2519; x_wconf 85' lang='lat' dir='ltr'><strong>vers.</strong></span> <span class='ocrx_word' id='word_1_706' title='bbox 493 2479 550 2509; x_wconf 83' lang='lat' dir='ltr'><strong>l5:</strong></span> <span class='ocrx_word' id='word_1_707' title='bbox 578 2479 718 2514; x_wconf 72' lang='lat' dir='ltr'><strong>Nescitis,</strong></span> <span class='ocrx_word' id='word_1_708' title='bbox 746 2480 1043 2519; x_wconf 19' lang='lat' dir='ltr'><strong>quoniamﬁrorpnru</strong></span> 
     </span>
    </p>
   </div>
   <div class='ocr_carea' id='block_1_97' title="bbox 213 2518 1043 2557">
    <p class='ocr_par' dir='ltr' id='par_1_97' title="bbox 213 2518 1043 2557">
     <span class='ocr_line' id='line_1_97' title="bbox 213 2518 1043 2557; baseline 0.002 -9"><span class='ocrx_word' id='word_1_709' title='bbox 213 2522 314 2549; x_wconf 74' lang='lat' dir='ltr'><strong>ves/ra</strong></span> <span class='ocrx_word' id='word_1_710' title='bbox 330 2518 465 2550; x_wconf 80' lang='lat' dir='ltr'><strong>membra</strong></span> <span class='ocrx_word' id='word_1_711' title='bbox 494 2523 563 2550; x_wconf 78' lang='lat' dir='ltr'><strong>sunt</strong></span> <span class='ocrx_word' id='word_1_712' title='bbox 594 2519 734 2550; x_wconf 69' lang='lat' dir='ltr'><strong>Christi?</strong></span> <span class='ocrx_word' id='word_1_713' title='bbox 762 2519 797 2550; x_wconf 91' lang='lat' dir='ltr'><strong>Et</strong></span> <span class='ocrx_word' id='word_1_714' title='bbox 827 2528 858 2548; x_wconf 84' lang='lat' dir='ltr'><strong>ex</strong></span> <span class='ocrx_word' id='word_1_715' title='bbox 876 2518 941 2548; x_wconf 78' lang='lat' dir='ltr'><strong>aliis</strong></span> <span class='ocrx_word' id='word_1_716' title='bbox 956 2519 1043 2557; x_wconf 86' lang='lat' dir='ltr'><strong>hujus</strong></span> 
     </span>
    </p>
   </div>
   <div class='ocr_carea' id='block_1_98' title="bbox 213 2557 1041 2604">
    <p class='ocr_par' dir='ltr' id='par_1_98' title="bbox 213 2557 1041 2604">
     <span class='ocr_line' id='line_1_98' title="bbox 213 2557 1041 2604; baseline 0 -15"><span class='ocrx_word' id='word_1_717' title='bbox 213 2557 331 2604; x_wconf 74' lang='lat' dir='ltr'><strong>generis</strong></span> <span class='ocrx_word' id='word_1_718' title='bbox 349 2568 357 2604; x_wconf 62' lang='grc' dir='ltr'>ξ</span> <span class='ocrx_word' id='word_1_719' title='bbox 375 2559 573 2604; x_wconf 52' lang='grc' dir='ltr'><strong>ςυεεηυὶἀθῖη</strong></span> <span class='ocrx_word' id='word_1_720' title='bbox 586 2559 690 2604; x_wconf 72' lang='lat' dir='ltr'><strong>omnia</strong></span> <span class='ocrx_word' id='word_1_721' title='bbox 717 2559 838 2604; x_wconf 54' lang='lat' dir='ltr'><strong>mystice</strong></span> <span class='ocrx_word' id='word_1_722' title='bbox 856 2563 885 2588; x_wconf 88' lang='lat' dir='ltr'><strong>et</strong></span> <span class='ocrx_word' id='word_1_723' title='bbox 900 2558 1041 2598; x_wconf 85' lang='lat' dir='ltr'><strong>spiritua—</strong></span> 
     </span>
    </p>
   </div>
   <div class='ocr_carea' id='block_1_99' title="bbox 212 2599 1039 2640">
    <p class='ocr_par' dir='ltr' id='par_1_99' title="bbox 212 2599 1039 2640">
     <span class='ocr_line' id='line_1_99' title="bbox 212 2599 1039 2640; baseline 0.002 -12"><span class='ocrx_word' id='word_1_724' title='bbox 212 2599 281 2640; x_wconf 80' lang='lat' dir='ltr'><strong>liter</strong></span> <span class='ocrx_word' id='word_1_725' title='bbox 294 2599 471 2640; x_wconf 86' lang='lat' dir='ltr'><strong>accipienda</strong></span> <span class='ocrx_word' id='word_1_726' title='bbox 486 2603 564 2630; x_wconf 89' lang='lat' dir='ltr'><strong>sunt.</strong></span> <span class='ocrx_word' id='word_1_727' title='bbox 586 2601 677 2630; x_wconf 73' lang='lat' dir='ltr'><strong>l’orro</strong></span> <span class='ocrx_word' id='word_1_728' title='bbox 707 2599 784 2640; x_wconf 89' lang='lat' dir='ltr'><strong>apud</strong></span> <span class='ocrx_word' id='word_1_729' title='bbox 803 2599 973 2640; x_wconf 80' lang='lat' dir='ltr'><strong>Simeonem</strong></span> <span class='ocrx_word' id='word_1_730' title='bbox 991 2608 1039 2630; x_wconf 81' lang='lat' dir='ltr'><strong>St:-</strong></span> 
     </span>
    </p>
   </div>
   <div class='ocr_carea' id='block_1_100' title="bbox 212 2639 1040 2680">
    <p class='ocr_par' dir='ltr' id='par_1_100' title="bbox 212 2639 1040 2680">
     <span class='ocr_line' id='line_1_100' title="bbox 212 2639 1040 2680; baseline 0.001 -11"><span class='ocrx_word' id='word_1_731' title='bbox 212 2639 424 2680; x_wconf 30' lang='lat' dir='ltr'><strong>quebatur’hic</strong></span> <span class='ocrx_word' id='word_1_732' title='bbox 453 2639 613 2680; x_wconf 88' lang='lat' dir='ltr'><strong>disputatio</strong></span> <span class='ocrx_word' id='word_1_733' title='bbox 640 2640 677 2670; x_wconf 91' lang='lat' dir='ltr'><strong>de</strong></span> <span class='ocrx_word' id='word_1_734' title='bbox 705 2639 847 2670; x_wconf 87' lang='lat' dir='ltr'><strong>membris</strong></span> <span class='ocrx_word' id='word_1_735' title='bbox 877 2639 987 2670; x_wconf 79' lang='lat' dir='ltr'><strong>nostris</strong></span> <span class='ocrx_word' id='word_1_736' title='bbox 1012 2640 1040 2670; x_wconf 93' lang='lat' dir='ltr'><strong>in</strong></span> 
     </span>
    </p>
   </div>
   <div class='ocr_carea' id='block_1_101' title="bbox 213 2679 1041 2719">
    <p class='ocr_par' dir='ltr' id='par_1_101' title="bbox 213 2679 1041 2719">
     <span class='ocr_line' id='line_1_101' title="bbox 213 2679 1041 2719; baseline 0.001 -10"><span class='ocrx_word' id='word_1_737' title='bbox 213 2679 346 2711; x_wconf 79' lang='lat' dir='ltr'><strong>mcmlira</strong></span> <span class='ocrx_word' id='word_1_738' title='bbox 375 2679 509 2712; x_wconf 31' lang='lat' dir='ltr'><strong>Christi’</strong></span> <span class='ocrx_word' id='word_1_739' title='bbox 529 2680 758 2716; x_wconf 86' lang='lat' dir='ltr'><strong>translormalis,</strong></span> <span class='ocrx_word' id='word_1_740' title='bbox 801 2680 897 2719; x_wconf 90' lang='lat' dir='ltr'><strong>deque</strong></span> <span class='ocrx_word' id='word_1_741' title='bbox 932 2679 1041 2710; x_wconf 82' lang='lat' dir='ltr'><strong>Christi</strong></span> 
     </span>
    </p>
   </div>
   <div class='ocr_carea' id='block_1_102' title="bbox 211 2720 1041 2760">
    <p class='ocr_par' dir='ltr' id='par_1_102' title="bbox 211 2720 1041 2760">
     <span class='ocr_line' id='line_1_102' title="bbox 211 2720 1041 2760; baseline -0.001 -10"><span class='ocrx_word' id='word_1_742' title='bbox 211 2720 355 2751; x_wconf 76' lang='lat' dir='ltr'><strong>membris</strong></span> <span class='ocrx_word' id='word_1_743' title='bbox 371 2722 400 2752; x_wconf 94' lang='lat' dir='ltr'><strong>in</strong></span> <span class='ocrx_word' id='word_1_744' title='bbox 418 2724 519 2751; x_wconf 88' lang='lat' dir='ltr'><strong>nostra</strong></span> <span class='ocrx_word' id='word_1_745' title='bbox 534 2721 696 2758; x_wconf 87' lang='lat' dir='ltr'><strong>conversis,</strong></span> <span class='ocrx_word' id='word_1_746' title='bbox 722 2730 809 2760; x_wconf 82' lang='lat' dir='ltr'><strong>quam</strong></span> <span class='ocrx_word' id='word_1_747' title='bbox 827 2720 946 2750; x_wconf 86' lang='lat' dir='ltr'><strong>silentio</strong></span> <span class='ocrx_word' id='word_1_748' title='bbox 964 2730 1041 2759; x_wconf 66' lang='grc' dir='ltr'><strong>[πευ-</strong></span> 
     </span>
    </p>
   </div>
   <div class='ocr_carea' id='block_1_103' title="bbox 210 2760 1040 2801">
    <p class='ocr_par' dir='ltr' id='par_1_103' title="bbox 210 2760 1040 2801">
     <span class='ocr_line' id='line_1_103' title="bbox 210 2760 1040 2801; baseline 0.002 -11"><span class='ocrx_word' id='word_1_749' title='bbox 210 2761 447 2799; x_wconf 90' lang='lat' dir='ltr'><strong>termittendam,</strong></span> <span class='ocrx_word' id='word_1_750' title='bbox 480 2760 653 2801; x_wconf 87' lang='lat' dir='ltr'><strong>Latinisque</strong></span> <span class='ocrx_word' id='word_1_751' title='bbox 680 2760 801 2791; x_wconf 89' lang='lat' dir='ltr'><strong>auribus</strong></span> <span class='ocrx_word' id='word_1_752' title='bbox 821 2770 886 2801; x_wconf 5' lang='lat' dir='ltr'><strong>quon</strong></span> <span class='ocrx_word' id='word_1_753' title='bbox 904 2760 976 2791; x_wconf 84' lang='lat' dir='ltr'><strong>satis</strong></span> <span class='ocrx_word' id='word_1_754' title='bbox 992 2760 1040 2792; x_wconf 89' lang='lat' dir='ltr'><strong>di-</strong></span> 
     </span>
    </p>
   </div>
   <div class='ocr_carea' id='block_1_104' title="bbox 209 2800 1037 2846">
    <p class='ocr_par' dir='ltr' id='par_1_104' title="bbox 209 2800 1037 2846">
     <span class='ocr_line' id='line_1_104' title="bbox 209 2800 1037 2846; baseline -0.001 -15"><span class='ocrx_word' id='word_1_755' title='bbox 209 2810 295 2846; x_wconf 84' lang='lat' dir='ltr'><strong>gnam</strong></span> <span class='ocrx_word' id='word_1_756' title='bbox 309 2801 495 2846; x_wconf 70' lang='lat' dir='ltr'><strong>censuimus.</strong></span> <span class='ocrx_word' id='word_1_757' title='bbox 513 2801 543 2833; x_wconf 87' lang='lat' dir='ltr'><strong>Si</strong></span> <span class='ocrx_word' id='word_1_758' title='bbox 559 2800 627 2842; x_wconf 83' lang='lat' dir='ltr'><strong>quis</strong></span> <span class='ocrx_word' id='word_1_759' title='bbox 652 2801 716 2841; x_wconf 86' lang='lat' dir='ltr'><strong>ejus</strong></span> <span class='ocrx_word' id='word_1_760' title='bbox 735 2800 893 2846; x_wconf 50' lang='lat' dir='ltr'><strong>&#39;desiderio</strong></span> <span class='ocrx_word' id='word_1_761' title='bbox 911 2805 1037 2846; x_wconf 70' lang='lat' dir='ltr'><strong>tenetur,</strong></span> 
     </span>
    </p>
   </div>
   <div class='ocr_carea' id='block_1_105' title="bbox 208 2840 1035 2882">
    <p class='ocr_par' dir='ltr' id='par_1_105' title="bbox 208 2840 1035 2882">
     <span class='ocr_line' id='line_1_105' title="bbox 208 2840 1035 2882; baseline -0.001 -10"><span class='ocrx_word' id='word_1_762' title='bbox 208 2840 238 2882; x_wconf 80' lang='lat' dir='ltr'><strong>is</strong></span> <span class='ocrx_word' id='word_1_763' title='bbox 260 2841 398 2882; x_wconf 86' lang='lat' dir='ltr'><strong>codicem</strong></span> <span class='ocrx_word' id='word_1_764' title='bbox 429 2840 629 2882; x_wconf 67' lang='lat' dir='ltr'><strong>Augustalium</strong></span> <span class='ocrx_word' id='word_1_765' title='bbox 656 2840 705 2871; x_wconf 81' lang='lat' dir='ltr'><strong>aut</strong></span> <span class='ocrx_word' id='word_1_766' title='bbox 733 2840 906 2872; x_wconf 85' lang='lat' dir='ltr'><strong>Bavaricum</strong></span> <span class='ocrx_word' id='word_1_767' title='bbox 928 2841 1035 2882; x_wconf 70' lang='lat' dir='ltr'><strong>adeat.</strong></span> 
     </span>
    </p>
   </div>
   <div class='ocr_carea' id='block_1_106' title="bbox 207 2880 1035 2915">
    <p class='ocr_par' dir='ltr' id='par_1_106' title="bbox 207 2880 1035 2915">
     <span class='ocr_line' id='line_1_106' title="bbox 207 2880 1035 2915; baseline -0.001 -2"><span class='ocrx_word' id='word_1_768' title='bbox 207 2881 299 2913; x_wconf 86' lang='lat' dir='ltr'><strong>Multa</strong></span> <span class='ocrx_word' id='word_1_769' title='bbox 315 2882 441 2914; x_wconf 84' lang='lat' dir='ltr'><strong>honeste</strong></span> <span class='ocrx_word' id='word_1_770' title='bbox 456 2880 486 2915; x_wconf 78' lang='lat' dir='ltr'><strong>et</strong></span> <span class='ocrx_word' id='word_1_771' title='bbox 501 2882 610 2913; x_wconf 87' lang='lat' dir='ltr'><strong>decore</strong></span> <span class='ocrx_word' id='word_1_772' title='bbox 642 2881 672 2912; x_wconf 92' lang='lat' dir='ltr'><strong>in</strong></span> <span class='ocrx_word' id='word_1_773' title='bbox 699 2882 753 2913; x_wconf 86' lang='lat' dir='ltr'><strong>hac</strong></span> <span class='ocrx_word' id='word_1_774' title='bbox 769 2890 869 2912; x_wconf 91' lang='lat' dir='ltr'><strong>rerum</strong></span> <span class='ocrx_word' id='word_1_775' title='bbox 885 2880 1035 2912; x_wconf 89' lang='lat' dir='ltr'><strong>universi—</strong></span> 
     </span>
    </p>
   </div>
   <div class='ocr_carea' id='block_1_107' title="bbox 1086 2397 1903 2438">
    <p class='ocr_par' dir='ltr' id='par_1_107' title="bbox 1086 2397 1903 2438">
     <span class='ocr_line' id='line_1_107' title="bbox 1086 2397 1903 2438; baseline -0.001 -9"><span class='ocrx_word' id='word_1_776' title='bbox 1086 2408 1137 2429; x_wconf 92' lang='lat' dir='ltr'><strong>ore</strong></span> <span class='ocrx_word' id='word_1_777' title='bbox 1153 2400 1277 2430; x_wconf 84' lang='lat' dir='ltr'><strong>honeste</strong></span> <span class='ocrx_word' id='word_1_778' title='bbox 1293 2398 1375 2428; x_wconf 79' lang='lat' dir='ltr'><strong>eﬁari</strong></span> <span class='ocrx_word' id='word_1_779' title='bbox 1394 2407 1451 2428; x_wconf 91' lang='lat' dir='ltr'><strong>non</strong></span> <span class='ocrx_word' id='word_1_780' title='bbox 1469 2407 1636 2438; x_wconf 89' lang='lat' dir='ltr'><strong>possumus.</strong></span> <span class='ocrx_word' id='word_1_781' title='bbox 1665 2397 1724 2428; x_wconf 82' lang='lat' dir='ltr'><strong>Nec</strong></span> <span class='ocrx_word' id='word_1_782' title='bbox 1741 2399 1809 2438; x_wconf 87' lang='lat' dir='ltr'><strong>quia</strong></span> <span class='ocrx_word' id='word_1_783' title='bbox 1823 2399 1903 2429; x_wconf 87' lang='lat' dir='ltr'><strong>nobis</strong></span> 
     </span>
    </p>
   </div>
   <div class='ocr_carea' id='block_1_108' title="bbox 1086 2437 1903 2479">
    <p class='ocr_par' dir='ltr' id='par_1_108' title="bbox 1086 2437 1903 2479">
     <span class='ocr_line' id='line_1_108' title="bbox 1086 2437 1903 2479; baseline -0.001 -9"><span class='ocrx_word' id='word_1_784' title='bbox 1086 2439 1196 2479; x_wconf 89' lang='lat' dir='ltr'><strong>aliquid</strong></span> <span class='ocrx_word' id='word_1_785' title='bbox 1213 2449 1229 2469; x_wconf 88' lang='lat' dir='ltr'><strong>a</strong></span> <span class='ocrx_word' id='word_1_786' title='bbox 1245 2442 1348 2469; x_wconf 87' lang='lat' dir='ltr'><strong>natura</strong></span> <span class='ocrx_word' id='word_1_787' title='bbox 1364 2437 1505 2468; x_wconf 82' lang='lat' dir='ltr'><strong>tributum</strong></span> <span class='ocrx_word' id='word_1_788' title='bbox 1523 2443 1587 2479; x_wconf 17' lang='lat' dir='ltr'><strong>esti;</strong></span> <span class='ocrx_word' id='word_1_789' title='bbox 1603 2438 1670 2479; x_wconf 81' lang='lat' dir='ltr'><strong>ideo</strong></span> <span class='ocrx_word' id='word_1_790' title='bbox 1687 2437 1793 2477; x_wconf 74' lang='lat' dir='ltr'><strong>linguze</strong></span> <span class='ocrx_word' id='word_1_791' title='bbox 1806 2439 1903 2469; x_wconf 80' lang='lat' dir='ltr'><strong>vestis-</strong></span> 
     </span>
    </p>
   </div>
   <div class='ocr_carea' id='block_1_109' title="bbox 1086 2478 1903 2520">
    <p class='ocr_par' dir='ltr' id='par_1_109' title="bbox 1086 2478 1903 2520">
     <span class='ocr_line' id='line_1_109' title="bbox 1086 2478 1903 2520; baseline 0 -11"><span class='ocrx_word' id='word_1_792' title='bbox 1086 2489 1142 2520; x_wconf 91' lang='lat' dir='ltr'><strong>que</strong></span> <span class='ocrx_word' id='word_1_793' title='bbox 1159 2483 1328 2520; x_wconf 79' lang='lat' dir='ltr'><strong>tegumenlo</strong></span> <span class='ocrx_word' id='word_1_794' title='bbox 1358 2478 1460 2520; x_wconf 61' lang='lat' dir='ltr'><strong>celari</strong></span> <span class='ocrx_word' id='word_1_795' title='bbox 1478 2488 1535 2520; x_wconf 83' lang='lat' dir='ltr'><strong>non</strong></span> <span class='ocrx_word' id='word_1_796' title='bbox 1563 2478 1755 2520; x_wconf 15' lang='lat' dir='ltr'><strong>debethec</strong></span> <span class='ocrx_word' id='word_1_797' title='bbox 1781 2479 1849 2509; x_wconf 85' lang='lat' dir='ltr'><strong>satis</strong></span> <span class='ocrx_word' id='word_1_798' title='bbox 1872 2484 1903 2509; x_wconf 94' lang='lat' dir='ltr'><strong>ut</strong></span> 
     </span>
    </p>
   </div>
   <div class='ocr_carea' id='block_1_110' title="bbox 1085 2518 1895 2560">
    <p class='ocr_par' dir='ltr' id='par_1_110' title="bbox 1085 2518 1895 2560">
     <span class='ocr_line' id='line_1_110' title="bbox 1085 2518 1895 2560; baseline -0.001 -10"><span class='ocrx_word' id='word_1_799' title='bbox 1085 2518 1140 2560; x_wconf 66' lang='lat' dir='ltr'><strong>piae</strong></span> <span class='ocrx_word' id='word_1_800' title='bbox 1155 2525 1204 2550; x_wconf 87' lang='lat' dir='ltr'><strong>aut</strong></span> <span class='ocrx_word' id='word_1_801' title='bbox 1219 2519 1362 2560; x_wconf 78' lang='lat' dir='ltr'><strong>decentes</strong></span> <span class='ocrx_word' id='word_1_802' title='bbox 1391 2518 1462 2560; x_wconf 86' lang='lat' dir='ltr'><strong>mihi</strong></span> <span class='ocrx_word' id='word_1_803' title='bbox 1491 2518 1627 2548; x_wconf 81' lang='lat' dir='ltr'><strong>videntur</strong></span> <span class='ocrx_word' id='word_1_804' title='bbox 1654 2518 1710 2548; x_wconf 71' lang='lat' dir='ltr'><strong>illze</strong></span> <span class='ocrx_word' id='word_1_805' title='bbox 1735 2529 1832 2548; x_wconf 80' lang='lat' dir='ltr'><strong>rerum</strong></span> <span class='ocrx_word' id='word_1_806' title='bbox 1848 2520 1895 2559; x_wconf 85' lang='lat' dir='ltr'><strong>spi-</strong></span> 
     </span>
    </p>
   </div>
   <div class='ocr_carea' id='block_1_111' title="bbox 1084 2558 1901 2599">
    <p class='ocr_par' dir='ltr' id='par_1_111' title="bbox 1084 2558 1901 2599">
     <span class='ocr_line' id='line_1_111' title="bbox 1084 2558 1901 2599; baseline 0 -10"><span class='ocrx_word' id='word_1_807' title='bbox 1084 2558 1233 2590; x_wconf 80' lang='lat' dir='ltr'><strong>ritualium</strong></span> <span class='ocrx_word' id='word_1_808' title='bbox 1247 2558 1512 2595; x_wconf 54' lang='lat' dir='ltr'><strong>considerationes,</strong></span> <span class='ocrx_word' id='word_1_809' title='bbox 1526 2568 1590 2598; x_wconf 70' lang='lat' dir='ltr'><strong>quae</strong></span> <span class='ocrx_word' id='word_1_810' title='bbox 1604 2563 1730 2589; x_wconf 87' lang='lat' dir='ltr'><strong>mentem</strong></span> <span class='ocrx_word' id='word_1_811' title='bbox 1745 2568 1832 2599; x_wconf 82' lang='lat' dir='ltr'><strong>supra</strong></span> <span class='ocrx_word' id='word_1_812' title='bbox 1844 2559 1901 2589; x_wconf 45' lang='lat' dir='ltr'><strong>huic</strong></span> 
     </span>
    </p>
   </div>
   <div class='ocr_carea' id='block_1_112' title="bbox 1085 2599 1902 2638">
    <p class='ocr_par' dir='ltr' id='par_1_112' title="bbox 1085 2599 1902 2638">
     <span class='ocr_line' id='line_1_112' title="bbox 1085 2599 1902 2638; baseline 0 -8"><span class='ocrx_word' id='word_1_813' title='bbox 1085 2600 1186 2635; x_wconf 86' lang='lat' dir='ltr'><strong>nimis,</strong></span> <span class='ocrx_word' id='word_1_814' title='bbox 1212 2603 1242 2629; x_wconf 92' lang='lat' dir='ltr'><strong>ut</strong></span> <span class='ocrx_word' id='word_1_815' title='bbox 1267 2599 1309 2630; x_wconf 87' lang='lat' dir='ltr'><strong>sic</strong></span> <span class='ocrx_word' id='word_1_816' title='bbox 1334 2599 1442 2635; x_wconf 83' lang='lat' dir='ltr'><strong>dicam,</strong></span> <span class='ocrx_word' id='word_1_817' title='bbox 1469 2599 1591 2638; x_wconf 70' lang='lat' dir='ltr'><strong>physica</strong></span> <span class='ocrx_word' id='word_1_818' title='bbox 1607 2608 1663 2628; x_wconf 90' lang='lat' dir='ltr'><strong>non</strong></span> <span class='ocrx_word' id='word_1_819' title='bbox 1681 2600 1827 2629; x_wconf 87' lang='lat' dir='ltr'><strong>attollunt.</strong></span> <span class='ocrx_word' id='word_1_820' title='bbox 1843 2600 1902 2630; x_wconf 78' lang='lat' dir='ltr'><strong>Nec</strong></span> 
     </span>
    </p>
   </div>
   <div class='ocr_carea' id='block_1_113' title="bbox 1085 2638 1899 2680">
    <p class='ocr_par' dir='ltr' id='par_1_113' title="bbox 1085 2638 1899 2680">
     <span class='ocr_line' id='line_1_113' title="bbox 1085 2638 1899 2680; baseline -0.001 -10"><span class='ocrx_word' id='word_1_821' title='bbox 1085 2640 1134 2680; x_wconf 90' lang='lat' dir='ltr'><strong>qui</strong></span> <span class='ocrx_word' id='word_1_822' title='bbox 1150 2639 1241 2675; x_wconf 88' lang='lat' dir='ltr'><strong>abdit,</strong></span> <span class='ocrx_word' id='word_1_823' title='bbox 1259 2648 1325 2680; x_wconf 65' lang='lat' dir='ltr'><strong>qua:</strong></span> <span class='ocrx_word' id='word_1_824' title='bbox 1341 2643 1444 2680; x_wconf 83' lang='lat' dir='ltr'><strong>natura</strong></span> <span class='ocrx_word' id='word_1_825' title='bbox 1460 2638 1528 2680; x_wconf 84' lang='lat' dir='ltr'><strong>abdi</strong></span> <span class='ocrx_word' id='word_1_826' title='bbox 1543 2638 1650 2674; x_wconf 80' lang='lat' dir='ltr'><strong>voluit;</strong></span> <span class='ocrx_word' id='word_1_827' title='bbox 1674 2639 1740 2668; x_wconf 85' lang='lat' dir='ltr'><strong>ideo</strong></span> <span class='ocrx_word' id='word_1_828' title='bbox 1757 2639 1899 2669; x_wconf 80' lang='lat' dir='ltr'><strong>Christum</strong></span> 
     </span>
    </p>
   </div>
   <div class='ocr_carea' id='block_1_114' title="bbox 1085 2678 1903 2719">
    <p class='ocr_par' dir='ltr' id='par_1_114' title="bbox 1085 2678 1903 2719">
     <span class='ocr_line' id='line_1_114' title="bbox 1085 2678 1903 2719; baseline 0 -9"><span class='ocrx_word' id='word_1_829' title='bbox 1085 2678 1143 2710; x_wconf 82' lang='lat' dir='ltr'><strong>non</strong></span> <span class='ocrx_word' id='word_1_830' title='bbox 1160 2678 1275 2711; x_wconf 42' lang='lat' dir='ltr'><strong>induit:</strong></span> <span class='ocrx_word' id='word_1_831' title='bbox 1285 2679 1367 2715; x_wconf 87' lang='lat' dir='ltr'><strong>Quod</strong></span> <span class='ocrx_word' id='word_1_832' title='bbox 1384 2679 1408 2709; x_wconf 93' lang='lat' dir='ltr'><strong>si</strong></span> <span class='ocrx_word' id='word_1_833' title='bbox 1434 2678 1500 2719; x_wconf 89' lang='lat' dir='ltr'><strong>quis</strong></span> <span class='ocrx_word' id='word_1_834' title='bbox 1524 2684 1613 2715; x_wconf 85' lang='lat' dir='ltr'><strong>esset,</strong></span> <span class='ocrx_word' id='word_1_835' title='bbox 1643 2679 1693 2719; x_wconf 89' lang='lat' dir='ltr'><strong>qui</strong></span> <span class='ocrx_word' id='word_1_836' title='bbox 1709 2679 1903 2710; x_wconf 85' lang='lat' dir='ltr'><strong>arbitraretur</strong></span> 
     </span>
    </p>
   </div>
   <div class='ocr_carea' id='block_1_115' title="bbox 1085 2719 1899 2760">
    <p class='ocr_par' dir='ltr' id='par_1_115' title="bbox 1085 2719 1899 2760">
     <span class='ocr_line' id='line_1_115' title="bbox 1085 2719 1899 2760; baseline 0 -10"><span class='ocrx_word' id='word_1_837' title='bbox 1085 2720 1263 2758; x_wconf 81' lang='lat' dir='ltr'><strong>Christiano,</strong></span> <span class='ocrx_word' id='word_1_838' title='bbox 1279 2719 1330 2760; x_wconf 89' lang='lat' dir='ltr'><strong>qui</strong></span> <span class='ocrx_word' id='word_1_839' title='bbox 1357 2719 1506 2760; x_wconf 82' lang='lat' dir='ltr'><strong>Christum</strong></span> <span class='ocrx_word' id='word_1_840' title='bbox 1523 2723 1552 2760; x_wconf 87' lang='lat' dir='ltr'><strong>et</strong></span> <span class='ocrx_word' id='word_1_841' title='bbox 1567 2728 1600 2749; x_wconf 88' lang='lat' dir='ltr'><strong>re</strong></span> <span class='ocrx_word' id='word_1_842' title='bbox 1617 2723 1645 2749; x_wconf 91' lang='lat' dir='ltr'><strong>et</strong></span> <span class='ocrx_word' id='word_1_843' title='bbox 1660 2719 1782 2750; x_wconf 91' lang='lat' dir='ltr'><strong>nomine</strong></span> <span class='ocrx_word' id='word_1_844' title='bbox 1798 2719 1899 2755; x_wconf 84' lang='lat' dir='ltr'><strong>induit,</strong></span> 
     </span>
    </p>
   </div>
   <div class='ocr_carea' id='block_1_116' title="bbox 1084 2759 1898 2800">
    <p class='ocr_par' dir='ltr' id='par_1_116' title="bbox 1084 2759 1898 2800">
     <span class='ocr_line' id='line_1_116' title="bbox 1084 2759 1898 2800; baseline -0.001 -9"><span class='ocrx_word' id='word_1_845' title='bbox 1084 2761 1184 2791; x_wconf 89' lang='lat' dir='ltr'><strong>omnia</strong></span> <span class='ocrx_word' id='word_1_846' title='bbox 1200 2760 1229 2790; x_wconf 93' lang='lat' dir='ltr'><strong>in</strong></span> <span class='ocrx_word' id='word_1_847' title='bbox 1247 2759 1400 2800; x_wconf 85' lang='lat' dir='ltr'><strong>propatulo</strong></span> <span class='ocrx_word' id='word_1_848' title='bbox 1426 2759 1561 2790; x_wconf 88' lang='lat' dir='ltr'><strong>habenda</strong></span> <span class='ocrx_word' id='word_1_849' title='bbox 1590 2769 1654 2790; x_wconf 88' lang='lat' dir='ltr'><strong>esse</strong></span> <span class='ocrx_word' id='word_1_850' title='bbox 1672 2769 1679 2796; x_wconf 86' lang='lat'><strong>;</strong></span> <span class='ocrx_word' id='word_1_851' title='bbox 1708 2760 1733 2789; x_wconf 89' lang='lat' dir='ltr'><strong>is</strong></span> <span class='ocrx_word' id='word_1_852' title='bbox 1749 2770 1806 2790; x_wconf 90' lang='lat' dir='ltr'><strong>non</strong></span> <span class='ocrx_word' id='word_1_853' title='bbox 1824 2760 1898 2799; x_wconf 87' lang='lat' dir='ltr'><strong>inju-</strong></span> 
     </span>
    </p>
   </div>
   <div class='ocr_carea' id='block_1_117' title="bbox 1083 2799 1899 2846">
    <p class='ocr_par' dir='ltr' id='par_1_117' title="bbox 1083 2799 1899 2846">
     <span class='ocr_line' id='line_1_117' title="bbox 1083 2799 1899 2846; baseline -0.001 -15"><span class='ocrx_word' id='word_1_854' title='bbox 1083 2801 1128 2831; x_wconf 88' lang='lat' dir='ltr'><strong>ria</strong></span> <span class='ocrx_word' id='word_1_855' title='bbox 1144 2799 1266 2846; x_wconf 76' lang='lat' dir='ltr'><strong>plenior</strong></span> <span class='ocrx_word' id='word_1_856' title='bbox 1274 2799 1440 2846; x_wconf 50' lang='lat' dir='ltr'><strong>cy&#39;nicismo‘</strong></span> <span class='ocrx_word' id='word_1_857' title='bbox 1451 2809 1546 2846; x_wconf 18' lang='lat' dir='ltr'><strong>quam»</strong></span> <span class='ocrx_word' id='word_1_858' title='bbox 1559 2799 1785 2846; x_wconf 78' lang='lat' dir='ltr'><strong>Christianismo</strong></span> <span class='ocrx_word' id='word_1_859' title='bbox 1802 2800 1899 2831; x_wconf 85' lang='lat' dir='ltr'><strong>existi-</strong></span> 
     </span>
    </p>
   </div>
   <div class='ocr_carea' id='block_1_118' title="bbox 1080 2839 1616 2881">
    <p class='ocr_par' dir='ltr' id='par_1_118' title="bbox 1080 2839 1616 2881">
     <span class='ocr_line' id='line_1_118' title="bbox 1080 2839 1616 2881; baseline -0.006 -9"><span class='ocrx_word' id='word_1_860' title='bbox 1080 2839 1155 2872; x_wconf 81' lang='lat' dir='ltr'><strong>mari</strong></span> <span class='ocrx_word' id='word_1_861' title='bbox 1172 2844 1280 2881; x_wconf 84' lang='lat' dir='ltr'><strong>posset.</strong></span> <span class='ocrx_word' id='word_1_862' title='bbox 1294 2839 1410 2871; x_wconf 27' lang='lat' dir='ltr'><strong>’Verum</strong></span> <span class='ocrx_word' id='word_1_863' title='bbox 1425 2839 1461 2870; x_wconf 90' lang='lat' dir='ltr'><strong>de</strong></span> <span class='ocrx_word' id='word_1_864' title='bbox 1478 2839 1524 2870; x_wconf 92' lang='lat' dir='ltr'><strong>his</strong></span> <span class='ocrx_word' id='word_1_865' title='bbox 1540 2839 1616 2869; x_wconf 88' lang='lat' dir='ltr'><strong>tatis.</strong></span> 
     </span>
    </p>
   </div>
  </div>
