  <div class='ocr_page' id='page_1' title='image "/cluster/home/n/w/nwhite01/storage/ocr_20150623/120/njp.32101010943973/362.png"; bbox 0 0 1978 3078; ppageno 0'>
   <div class='ocr_carea' id='block_1_1' title="bbox 83 164 146 197">
    <p class='ocr_par' dir='ltr' id='par_1_1' title="bbox 83 164 146 197">
     <span class='ocr_line' id='line_1_1' title="bbox 83 164 146 197; baseline -0.016 0"><span class='ocrx_word' id='word_1_1' title='bbox 83 164 146 197; x_wconf 83' lang='grc'><strong>533</strong></span> 
     </span>
    </p>
   </div>
   <div class='ocr_carea' id='block_1_2' title="bbox 653 164 1200 198">
    <p class='ocr_par' dir='ltr' id='par_1_2' title="bbox 653 164 1200 198">
     <span class='ocr_line' id='line_1_2' title="bbox 653 164 1200 198; baseline -0.005 -1"><span class='ocrx_word' id='word_1_2' title='bbox 653 165 868 198; x_wconf 82' lang='lat' dir='ltr'><strong>DIVINORUM</strong></span> <span class='ocrx_word' id='word_1_3' title='bbox 891 164 1053 196; x_wconf 79' lang='lat' dir='ltr'><strong>AMORUM</strong></span> <span class='ocrx_word' id='word_1_4' title='bbox 1076 165 1200 197; x_wconf 76' lang='lat' dir='ltr'><strong>LIBER.</strong></span> 
     </span>
    </p>
   </div>
   <div class='ocr_carea' id='block_1_3' title="bbox 1715 159 1773 192">
    <p class='ocr_par' dir='ltr' id='par_1_3' title="bbox 1715 159 1773 192">
     <span class='ocr_line' id='line_1_3' title="bbox 1715 159 1773 192; baseline 0 0"><span class='ocrx_word' id='word_1_5' title='bbox 1715 159 1773 192; x_wconf 72' lang='lat'><strong>534</strong></span> 
     </span>
    </p>
   </div>
   <div class='ocr_carea' id='block_1_4' title="bbox 79 227 1770 273">
    <p class='ocr_par' dir='ltr' id='par_1_4' title="bbox 79 227 1770 273">
     <span class='ocr_line' id='line_1_4' title="bbox 79 227 1770 273; baseline -0.002 -11"><span class='ocrx_word' id='word_1_6' title='bbox 79 236 184 264; x_wconf 89' lang='lat' dir='ltr'><strong>autem</strong></span> <span class='ocrx_word' id='word_1_7' title='bbox 209 233 282 264; x_wconf 88' lang='lat' dir='ltr'><strong>citra</strong></span> <span class='ocrx_word' id='word_1_8' title='bbox 309 232 560 272; x_wconf 88' lang='lat' dir='ltr'><strong>comparationem</strong></span> <span class='ocrx_word' id='word_1_9' title='bbox 591 231 690 269; x_wconf 88' lang='lat' dir='ltr'><strong>distat,</strong></span> <span class='ocrx_word' id='word_1_10' title='bbox 720 235 752 262; x_wconf 92' lang='lat' dir='ltr'><strong>ut</strong></span> <span class='ocrx_word' id='word_1_11' title='bbox 775 232 800 262; x_wconf 93' lang='lat' dir='ltr'><strong>si</strong></span> <span class='ocrx_word' id='word_1_12' title='bbox 815 235 934 272; x_wconf 83' lang='lat' dir='ltr'><strong>superA</strong></span> <span class='ocrx_word' id='word_1_13' title='bbox 945 231 998 262; x_wconf 85' lang='lat' dir='ltr'><strong>sed</strong></span> <span class='ocrx_word' id='word_1_14' title='bbox 1027 232 1101 264; x_wconf 62' lang='lat' dir='ltr'><strong>coelo</strong></span> <span class='ocrx_word' id='word_1_15' title='bbox 1130 241 1250 273; x_wconf 86' lang='lat' dir='ltr'><strong>quoque</strong></span> <span class='ocrx_word' id='word_1_16' title='bbox 1288 236 1317 263; x_wconf 90' lang='lat' dir='ltr'><strong>et</strong></span> <span class='ocrx_word' id='word_1_17' title='bbox 1355 231 1488 262; x_wconf 90' lang='lat' dir='ltr'><strong>omnium</strong></span> <span class='ocrx_word' id='word_1_18' title='bbox 1528 239 1595 270; x_wconf 72' lang='lat' dir='ltr'><strong>quas</strong></span> <span class='ocrx_word' id='word_1_19' title='bbox 1622 228 1654 259; x_wconf 92' lang='lat' dir='ltr'><strong>in</strong></span> <span class='ocrx_word' id='word_1_20' title='bbox 1685 227 1770 260; x_wconf 70' lang='lat' dir='ltr'><strong>omlis</strong></span> 
     </span>
    </p>
   </div>
   <div class='ocr_carea' id='block_1_5' title="bbox 80 275 903 316">
    <p class='ocr_par' dir='ltr' id='par_1_5' title="bbox 80 275 903 316">
     <span class='ocr_line' id='line_1_5' title="bbox 80 275 903 316; baseline 0 -8"><span class='ocrx_word' id='word_1_21' title='bbox 80 277 272 308; x_wconf 77' lang='lat' dir='ltr'><strong>altitudinem</strong></span> <span class='ocrx_word' id='word_1_22' title='bbox 285 277 364 315; x_wconf 85' lang='lat' dir='ltr'><strong>coeli,</strong></span> <span class='ocrx_word' id='word_1_23' title='bbox 376 281 426 308; x_wconf 87' lang='lat' dir='ltr'><strong>aut</strong></span> <span class='ocrx_word' id='word_1_24' title='bbox 438 276 513 308; x_wconf 84' lang='lat' dir='ltr'><strong>infra</strong></span> <span class='ocrx_word' id='word_1_25' title='bbox 520 276 698 316; x_wconf 91' lang='lat' dir='ltr'><strong>profundum</strong></span> <span class='ocrx_word' id='word_1_26' title='bbox 710 275 807 316; x_wconf 84' lang='lat' dir='ltr'><strong>abyssi</strong></span> <span class='ocrx_word' id='word_1_27' title='bbox 814 276 903 308; x_wconf 84' lang='lat' dir='ltr'><strong>esset!</strong></span> 
     </span>
    </p>
   </div>
   <div class='ocr_carea' id='block_1_6' title="bbox 78 320 905 362">
    <p class='ocr_par' dir='ltr' id='par_1_6' title="bbox 78 320 905 362">
     <span class='ocr_line' id='line_1_6' title="bbox 78 320 905 362; baseline 0 -10"><span class='ocrx_word' id='word_1_28' title='bbox 78 321 120 352; x_wconf 82' lang='lat' dir='ltr'><strong>Et</strong></span> <span class='ocrx_word' id='word_1_29' title='bbox 135 322 286 362; x_wconf 86' lang='lat' dir='ltr'><strong>quisnam,</strong></span> <span class='ocrx_word' id='word_1_30' title='bbox 317 326 367 353; x_wconf 90' lang='lat' dir='ltr'><strong>aut</strong></span> <span class='ocrx_word' id='word_1_31' title='bbox 395 331 454 362; x_wconf 92' lang='lat' dir='ltr'><strong>quo</strong></span> <span class='ocrx_word' id='word_1_32' title='bbox 483 326 566 362; x_wconf 90' lang='lat' dir='ltr'><strong>pacto</strong></span> <span class='ocrx_word' id='word_1_33' title='bbox 595 322 625 352; x_wconf 90' lang='lat' dir='ltr'><strong>in</strong></span> <span class='ocrx_word' id='word_1_34' title='bbox 652 320 759 352; x_wconf 85' lang='lat' dir='ltr'><strong>ccelum</strong></span> <span class='ocrx_word' id='word_1_35' title='bbox 787 321 905 352; x_wconf 83' lang='lat' dir='ltr'><strong>tandem</strong></span> 
     </span>
    </p>
   </div>
   <div class='ocr_carea' id='block_1_7' title="bbox 80 364 904 406">
    <p class='ocr_par' dir='ltr' id='par_1_7' title="bbox 80 364 904 406">
     <span class='ocr_line' id='line_1_7' title="bbox 80 364 904 406; baseline -0.001 -10"><span class='ocrx_word' id='word_1_36' title='bbox 80 366 255 396; x_wconf 86' lang='lat' dir='ltr'><strong>ascendet?</strong></span> <span class='ocrx_word' id='word_1_37' title='bbox 284 369 334 397; x_wconf 89' lang='lat' dir='ltr'><strong>aut</strong></span> <span class='ocrx_word' id='word_1_38' title='bbox 349 365 496 406; x_wconf 90' lang='lat' dir='ltr'><strong>quomodo</strong></span> <span class='ocrx_word' id='word_1_39' title='bbox 512 365 566 396; x_wconf 89' lang='lat' dir='ltr'><strong>sub</strong></span> <span class='ocrx_word' id='word_1_40' title='bbox 583 369 691 396; x_wconf 90' lang='lat' dir='ltr'><strong>terram</strong></span> <span class='ocrx_word' id='word_1_41' title='bbox 707 364 904 402; x_wconf 88' lang='lat' dir='ltr'><strong>descendens,</strong></span> 
     </span>
    </p>
   </div>
   <div class='ocr_carea' id='block_1_8' title="bbox 83 409 906 450">
    <p class='ocr_par' dir='ltr' id='par_1_8' title="bbox 83 409 906 450">
     <span class='ocr_line' id='line_1_8' title="bbox 83 409 906 450; baseline -0.001 -9"><span class='ocrx_word' id='word_1_42' title='bbox 83 410 268 441; x_wconf 80' lang='lat' dir='ltr'><strong>scrutabitur</strong></span> <span class='ocrx_word' id='word_1_43' title='bbox 282 410 401 450; x_wconf 84' lang='lat' dir='ltr'><strong>abyssos</strong></span> <span class='ocrx_word' id='word_1_44' title='bbox 417 409 429 441; x_wconf 89' lang='lat'><strong>?</strong></span> <span class='ocrx_word' id='word_1_45' title='bbox 458 414 487 441; x_wconf 88' lang='lat' dir='ltr'><strong>et</strong></span> <span class='ocrx_word' id='word_1_46' title='bbox 514 410 713 448; x_wconf 82' lang='lat' dir='ltr'><strong>margaritam,</strong></span> <span class='ocrx_word' id='word_1_47' title='bbox 734 414 768 440; x_wconf 87' lang='lat' dir='ltr'><strong>ut</strong></span> <span class='ocrx_word' id='word_1_48' title='bbox 783 418 906 449; x_wconf 80' lang='lat' dir='ltr'><strong>granum</strong></span> 
     </span>
    </p>
   </div>
   <div class='ocr_carea' id='block_1_9' title="bbox 83 454 912 496">
    <p class='ocr_par' dir='ltr' id='par_1_9' title="bbox 83 454 912 496">
     <span class='ocr_line' id='line_1_9' title="bbox 83 454 912 496; baseline 0 -10"><span class='ocrx_word' id='word_1_49' title='bbox 83 456 182 496; x_wconf 84' lang='lat' dir='ltr'><strong>sinapi</strong></span> <span class='ocrx_word' id='word_1_50' title='bbox 199 455 404 496; x_wconf 86' lang='lat' dir='ltr'><strong>parvissimum</strong></span> <span class='ocrx_word' id='word_1_51' title='bbox 420 455 591 496; x_wconf 85' lang='lat' dir='ltr'><strong>exquirens,</strong></span> <span class='ocrx_word' id='word_1_52' title='bbox 614 454 762 495; x_wconf 87' lang='lat' dir='ltr'><strong>quomodo</strong></span> <span class='ocrx_word' id='word_1_53' title='bbox 777 455 912 486; x_wconf 90' lang='lat' dir='ltr'><strong>invenire</strong></span> 
     </span>
    </p>
   </div>
   <div class='ocr_carea' id='block_1_10' title="bbox 85 499 910 540">
    <p class='ocr_par' dir='ltr' id='par_1_10' title="bbox 85 499 910 540">
     <span class='ocr_line' id='line_1_10' title="bbox 85 499 910 540; baseline -0.001 -10"><span class='ocrx_word' id='word_1_54' title='bbox 85 500 216 540; x_wconf 83' lang='lat' dir='ltr'><strong>poterit?</strong></span> <span class='ocrx_word' id='word_1_55' title='bbox 228 500 298 535; x_wconf 87' lang='lat' dir='ltr'><strong>Sed,</strong></span> <span class='ocrx_word' id='word_1_56' title='bbox 311 510 328 530; x_wconf 91' lang='grc' dir='ltr'>ο</span> <span class='ocrx_word' id='word_1_57' title='bbox 340 499 403 536; x_wconf 83' lang='lat' dir='ltr'><strong>ﬁlii,</strong></span> <span class='ocrx_word' id='word_1_58' title='bbox 416 499 649 539; x_wconf 82' lang='lat' dir='ltr'><strong>congregamini,</strong></span> <span class='ocrx_word' id='word_1_59' title='bbox 658 509 674 529; x_wconf 93' lang='grc' dir='ltr'>ο</span> <span class='ocrx_word' id='word_1_60' title='bbox 683 499 910 535; x_wconf 87' lang='lat' dir='ltr'><strong>matresadeste,</strong></span> 
     </span>
    </p>
   </div>
   <div class='ocr_carea' id='block_1_11' title="bbox 82 543 911 585">
    <p class='ocr_par' dir='ltr' id='par_1_11' title="bbox 82 543 911 585">
     <span class='ocr_line' id='line_1_11' title="bbox 82 543 911 585; baseline 0 -11"><span class='ocrx_word' id='word_1_61' title='bbox 82 555 99 574; x_wconf 86' lang='grc' dir='ltr'>ο</span> <span class='ocrx_word' id='word_1_62' title='bbox 118 551 219 585; x_wconf 92' lang='lat' dir='ltr'><strong>patres</strong></span> <span class='ocrx_word' id='word_1_63' title='bbox 244 545 412 585; x_wconf 64' lang='lat' dir='ltr'><strong>praevenite,</strong></span> <span class='ocrx_word' id='word_1_64' title='bbox 441 549 600 584; x_wconf 83' lang='lat' dir='ltr'><strong>antequam</strong></span> <span class='ocrx_word' id='word_1_65' title='bbox 628 553 709 574; x_wconf 93' lang='lat' dir='ltr'><strong>mors</strong></span> <span class='ocrx_word' id='word_1_66' title='bbox 739 543 911 584; x_wconf 58' lang='lat' dir='ltr'><strong>praeveniat,</strong></span> 
     </span>
    </p>
   </div>
   <div class='ocr_carea' id='block_1_12' title="bbox 83 588 904 630">
    <p class='ocr_par' dir='ltr' id='par_1_12' title="bbox 83 588 904 630">
     <span class='ocr_line' id='line_1_12' title="bbox 83 588 904 630; baseline -0.004 -9"><span class='ocrx_word' id='word_1_67' title='bbox 83 599 263 630; x_wconf 86' lang='lat' dir='ltr'><strong>mecumque</strong></span> <span class='ocrx_word' id='word_1_68' title='bbox 278 589 492 627; x_wconf 90' lang='lat' dir='ltr'><strong>lamentamini,</strong></span> <span class='ocrx_word' id='word_1_69' title='bbox 510 593 539 620; x_wconf 89' lang='lat' dir='ltr'><strong>et</strong></span> <span class='ocrx_word' id='word_1_70' title='bbox 563 589 675 629; x_wconf 87' lang='lat' dir='ltr'><strong>plorate</strong></span> <span class='ocrx_word' id='word_1_71' title='bbox 691 597 808 625; x_wconf 90' lang='lat' dir='ltr'><strong>omnes,</strong></span> <span class='ocrx_word' id='word_1_72' title='bbox 825 588 904 629; x_wconf 89' lang='lat' dir='ltr'><strong>quod</strong></span> 
     </span>
    </p>
   </div>
   <div class='ocr_carea' id='block_1_13' title="bbox 80 633 903 674">
    <p class='ocr_par' dir='ltr' id='par_1_13' title="bbox 80 633 903 674">
     <span class='ocr_line' id='line_1_13' title="bbox 80 633 903 674; baseline -0.004 -8"><span class='ocrx_word' id='word_1_73' title='bbox 80 642 151 666; x_wconf 87' lang='lat' dir='ltr'><strong>cum</strong></span> <span class='ocrx_word' id='word_1_74' title='bbox 168 634 279 674; x_wconf 84' lang='lat' dir='ltr'><strong>parvuli</strong></span> <span class='ocrx_word' id='word_1_75' title='bbox 308 634 338 665; x_wconf 91' lang='lat' dir='ltr'><strong>in</strong></span> <span class='ocrx_word' id='word_1_76' title='bbox 366 634 542 674; x_wconf 86' lang='lat' dir='ltr'><strong>baptismate</strong></span> <span class='ocrx_word' id='word_1_77' title='bbox 569 634 663 664; x_wconf 92' lang='lat' dir='ltr'><strong>Deum</strong></span> <span class='ocrx_word' id='word_1_78' title='bbox 686 633 903 673; x_wconf 85' lang='lat' dir='ltr'><strong>acceperimus,</strong></span> 
     </span>
    </p>
   </div>
   <div class='ocr_carea' id='block_1_14' title="bbox 80 677 904 719">
    <p class='ocr_par' dir='ltr' id='par_1_14' title="bbox 80 677 904 719">
     <span class='ocr_line' id='line_1_14' title="bbox 80 677 904 719; baseline -0.001 -10"><span class='ocrx_word' id='word_1_79' title='bbox 80 679 125 710; x_wconf 88' lang='lat' dir='ltr'><strong>vel</strong></span> <span class='ocrx_word' id='word_1_80' title='bbox 157 679 254 719; x_wconf 91' lang='lat' dir='ltr'><strong>potius</strong></span> <span class='ocrx_word' id='word_1_81' title='bbox 281 679 410 710; x_wconf 81' lang='lat' dir='ltr'><strong>infantes</strong></span> <span class='ocrx_word' id='word_1_82' title='bbox 440 678 492 709; x_wconf 91' lang='lat' dir='ltr'><strong>ﬁlii</strong></span> <span class='ocrx_word' id='word_1_83' title='bbox 521 678 575 709; x_wconf 87' lang='lat' dir='ltr'><strong>Dei</strong></span> <span class='ocrx_word' id='word_1_84' title='bbox 604 677 671 709; x_wconf 89' lang='lat' dir='ltr'><strong>facti</strong></span> <span class='ocrx_word' id='word_1_85' title='bbox 700 677 805 718; x_wconf 84' lang='lat' dir='ltr'><strong>simus,</strong></span> <span class='ocrx_word' id='word_1_86' title='bbox 837 687 904 708; x_wconf 85' lang='lat' dir='ltr'><strong>cum</strong></span> 
     </span>
    </p>
   </div>
   <div class='ocr_carea' id='block_1_15' title="bbox 79 719 905 764">
    <p class='ocr_par' dir='ltr' id='par_1_15' title="bbox 79 719 905 764">
     <span class='ocr_line' id='line_1_15' title="bbox 79 719 905 764; baseline -0.002 -9"><span class='ocrx_word' id='word_1_87' title='bbox 79 733 302 764; x_wconf 84' lang='lat' dir='ltr'><strong>peccassemus,</strong></span> <span class='ocrx_word' id='word_1_88' title='bbox 335 733 400 754; x_wconf 84' lang='lat' dir='ltr'><strong>mox</strong></span> <span class='ocrx_word' id='word_1_89' title='bbox 430 728 511 755; x_wconf 80' lang='lat' dir='ltr'><strong>extra</strong></span> <span class='ocrx_word' id='word_1_90' title='bbox 539 723 660 753; x_wconf 90' lang='lat' dir='ltr'><strong>domum</strong></span> <span class='ocrx_word' id='word_1_91' title='bbox 690 722 780 753; x_wconf 88' lang='lat' dir='ltr'><strong>David</strong></span> <span class='ocrx_word' id='word_1_92' title='bbox 817 719 905 763; x_wconf 82' lang='lat' dir='ltr'><strong>ejecti</strong></span> 
     </span>
    </p>
   </div>
   <div class='ocr_carea' id='block_1_16' title="bbox 80 767 908 808">
    <p class='ocr_par' dir='ltr' id='par_1_16' title="bbox 80 767 908 808">
     <span class='ocr_line' id='line_1_16' title="bbox 80 767 908 808; baseline -0.002 -9"><span class='ocrx_word' id='word_1_93' title='bbox 80 769 189 806; x_wconf 90' lang='lat' dir='ltr'><strong>simus,</strong></span> <span class='ocrx_word' id='word_1_94' title='bbox 215 777 312 808; x_wconf 90' lang='lat' dir='ltr'><strong>neque</strong></span> <span class='ocrx_word' id='word_1_95' title='bbox 340 768 370 798; x_wconf 92' lang='lat' dir='ltr'><strong>id</strong></span> <span class='ocrx_word' id='word_1_96' title='bbox 394 767 587 807; x_wconf 87' lang='lat' dir='ltr'><strong>senserimus,</strong></span> <span class='ocrx_word' id='word_1_97' title='bbox 618 771 648 797; x_wconf 90' lang='lat' dir='ltr'><strong>et</strong></span> <span class='ocrx_word' id='word_1_98' title='bbox 677 776 831 798; x_wconf 89' lang='lat' dir='ltr'><strong>curramus</strong></span> <span class='ocrx_word' id='word_1_99' title='bbox 855 776 908 807; x_wconf 92' lang='lat' dir='ltr'><strong>per</strong></span> 
     </span>
    </p>
   </div>
   <div class='ocr_carea' id='block_1_17' title="bbox 82 811 905 853">
    <p class='ocr_par' dir='ltr' id='par_1_17' title="bbox 82 811 905 853">
     <span class='ocr_line' id='line_1_17' title="bbox 82 811 905 853; baseline -0.002 -9"><span class='ocrx_word' id='word_1_100' title='bbox 82 813 289 853; x_wconf 65' lang='lat' dir='ltr'><strong>paenitentiam</strong></span> <span class='ocrx_word' id='word_1_101' title='bbox 307 823 316 851; x_wconf 86' lang='lat'><strong>;</strong></span> <span class='ocrx_word' id='word_1_102' title='bbox 334 821 387 852; x_wconf 90' lang='lat' dir='ltr'><strong>per</strong></span> <span class='ocrx_word' id='word_1_103' title='bbox 401 821 466 843; x_wconf 90' lang='lat' dir='ltr'><strong>eam</strong></span> <span class='ocrx_word' id='word_1_104' title='bbox 495 812 604 852; x_wconf 88' lang='lat' dir='ltr'><strong>quippe</strong></span> <span class='ocrx_word' id='word_1_105' title='bbox 633 811 720 851; x_wconf 84' lang='lat' dir='ltr'><strong>ejecti</strong></span> <span class='ocrx_word' id='word_1_106' title='bbox 736 820 840 842; x_wconf 88' lang='lat' dir='ltr'><strong>omnes</strong></span> <span class='ocrx_word' id='word_1_107' title='bbox 855 820 905 842; x_wconf 87' lang='lat' dir='ltr'><strong>re-</strong></span> 
     </span>
    </p>
   </div>
   <div class='ocr_carea' id='block_1_18' title="bbox 83 856 938 898">
    <p class='ocr_par' dir='ltr' id='par_1_18' title="bbox 83 856 938 898">
     <span class='ocr_line' id='line_1_18' title="bbox 83 856 938 898; baseline -0.002 -10"><span class='ocrx_word' id='word_1_108' title='bbox 83 858 285 897; x_wconf 76' lang='lat' dir='ltr'><strong>grediuntur:</strong></span> <span class='ocrx_word' id='word_1_109' title='bbox 314 857 401 888; x_wconf 86' lang='lat' dir='ltr'><strong>aliter</strong></span> <span class='ocrx_word' id='word_1_110' title='bbox 421 856 539 895; x_wconf 84' lang='lat' dir='ltr'><strong>regredi</strong></span> <span class='ocrx_word' id='word_1_111' title='bbox 555 865 613 886; x_wconf 83' lang='lat' dir='ltr'><strong>non</strong></span> <span class='ocrx_word' id='word_1_112' title='bbox 629 856 709 893; x_wconf 89' lang='lat' dir='ltr'><strong>licet,</strong></span> <span class='ocrx_word' id='word_1_113' title='bbox 727 865 764 886; x_wconf 91' lang='lat' dir='ltr'><strong>ne</strong></span> <span class='ocrx_word' id='word_1_114' title='bbox 789 856 905 893; x_wconf 87' lang='lat' dir='ltr'><strong>erretis,</strong></span> <span class='ocrx_word' id='word_1_115' title='bbox 920 873 938 898; x_wconf 68' lang='grc' dir='ltr'><strong><em>Β</em></strong></span> 
     </span>
    </p>
   </div>
   <div class='ocr_carea' id='block_1_19' title="bbox 83 901 904 941">
    <p class='ocr_par' dir='ltr' id='par_1_19' title="bbox 83 901 904 941">
     <span class='ocr_line' id='line_1_19' title="bbox 83 901 904 941; baseline -0.001 -9"><span class='ocrx_word' id='word_1_116' title='bbox 83 912 140 933; x_wconf 85' lang='lat' dir='ltr'><strong>nec</strong></span> <span class='ocrx_word' id='word_1_117' title='bbox 156 902 267 939; x_wconf 90' lang='lat' dir='ltr'><strong>videre,</strong></span> <span class='ocrx_word' id='word_1_118' title='bbox 284 911 349 941; x_wconf 79' lang='lat' dir='ltr'><strong>quae</strong></span> <span class='ocrx_word' id='word_1_119' title='bbox 376 901 406 932; x_wconf 92' lang='lat' dir='ltr'><strong>in</strong></span> <span class='ocrx_word' id='word_1_120' title='bbox 436 910 471 932; x_wconf 86' lang='lat' dir='ltr'><strong>ea</strong></span> <span class='ocrx_word' id='word_1_121' title='bbox 500 901 629 941; x_wconf 89' lang='lat' dir='ltr'><strong>perfecta</strong></span> <span class='ocrx_word' id='word_1_122' title='bbox 644 905 723 939; x_wconf 89' lang='lat' dir='ltr'><strong>sunt,</strong></span> <span class='ocrx_word' id='word_1_123' title='bbox 742 901 904 940; x_wconf 90' lang='lat' dir='ltr'><strong>perﬁciun-</strong></span> 
     </span>
    </p>
   </div>
   <div class='ocr_carea' id='block_1_20' title="bbox 83 945 955 987">
    <p class='ocr_par' dir='ltr' id='par_1_20' title="bbox 83 945 955 987">
     <span class='ocr_line' id='line_1_20' title="bbox 83 945 955 987; baseline -0.001 -10"><span class='ocrx_word' id='word_1_124' title='bbox 83 953 192 987; x_wconf 86' lang='lat' dir='ltr'><strong>turque</strong></span> <span class='ocrx_word' id='word_1_125' title='bbox 221 947 252 976; x_wconf 92' lang='lat' dir='ltr'><strong>in</strong></span> <span class='ocrx_word' id='word_1_126' title='bbox 280 946 388 976; x_wconf 66' lang='lat' dir='ltr'><strong>saecula</strong></span> <span class='ocrx_word' id='word_1_127' title='bbox 415 945 644 976; x_wconf 82' lang='lat' dir='ltr'><strong>innumerabilia</strong></span> <span class='ocrx_word' id='word_1_128' title='bbox 662 945 692 975; x_wconf 92' lang='lat' dir='ltr'><strong>in</strong></span> <span class='ocrx_word' id='word_1_129' title='bbox 714 945 830 976; x_wconf 89' lang='lat' dir='ltr'><strong>Christo</strong></span> <span class='ocrx_word' id='word_1_130' title='bbox 845 946 906 976; x_wconf 89' lang='lat' dir='ltr'><strong>Deo</strong></span> <span class='ocrx_word' id='word_1_131' title='bbox 949 945 955 987; x_wconf 75' lang='grc' dir='ltr'>ξ</span> 
     </span>
    </p>
   </div>
   <div class='ocr_carea' id='block_1_21' title="bbox 83 989 905 1031">
    <p class='ocr_par' dir='ltr' id='par_1_21' title="bbox 83 989 905 1031">
     <span class='ocr_line' id='line_1_21' title="bbox 83 989 905 1031; baseline -0.001 -10"><span class='ocrx_word' id='word_1_132' title='bbox 83 1001 163 1028; x_wconf 86' lang='lat' dir='ltr'><strong>meo,</strong></span> <span class='ocrx_word' id='word_1_133' title='bbox 182 1000 269 1031; x_wconf 84' lang='lat' dir='ltr'><strong>quem</strong></span> <span class='ocrx_word' id='word_1_134' title='bbox 284 990 370 1022; x_wconf 90' lang='lat' dir='ltr'><strong>decet</strong></span> <span class='ocrx_word' id='word_1_135' title='bbox 385 990 481 1021; x_wconf 79' lang='lat' dir='ltr'><strong>omnis</strong></span> <span class='ocrx_word' id='word_1_136' title='bbox 491 990 597 1030; x_wconf 74' lang='lat' dir='ltr'><strong>gloria,</strong></span> <span class='ocrx_word' id='word_1_137' title='bbox 611 991 717 1027; x_wconf 90' lang='lat' dir='ltr'><strong>honor,</strong></span> <span class='ocrx_word' id='word_1_138' title='bbox 733 989 864 1020; x_wconf 91' lang='lat' dir='ltr'><strong>adoratio</strong></span> <span class='ocrx_word' id='word_1_139' title='bbox 875 990 905 1020; x_wconf 93' lang='lat' dir='ltr'><strong>in</strong></span> 
     </span>
    </p>
   </div>
   <div class='ocr_carea' id='block_1_22' title="bbox 83 1036 310 1075">
    <p class='ocr_par' dir='ltr' id='par_1_22' title="bbox 83 1036 310 1075">
     <span class='ocr_line' id='line_1_22' title="bbox 83 1036 310 1075; baseline 0 -9"><span class='ocrx_word' id='word_1_140' title='bbox 83 1036 310 1075; x_wconf 89' lang='lat' dir='ltr'><strong>sempiternum.</strong></span> 
     </span>
    </p>
   </div>
   <div class='ocr_carea' id='block_1_23' title="bbox 385 1099 606 1132">
    <p class='ocr_par' dir='ltr' id='par_1_23' title="bbox 385 1099 606 1132">
     <span class='ocr_line' id='line_1_23' title="bbox 385 1099 606 1132; baseline -0.005 -1"><span class='ocrx_word' id='word_1_141' title='bbox 385 1099 506 1132; x_wconf 86' lang='lat' dir='ltr'><strong>CAPUT</strong></span> <span class='ocrx_word' id='word_1_142' title='bbox 529 1099 606 1131; x_wconf 84' lang='lat' dir='ltr'><strong>XVI.</strong></span> 
     </span>
    </p>
   </div>
   <div class='ocr_carea' id='block_1_24' title="bbox 83 1146 904 1178">
    <p class='ocr_par' dir='ltr' id='par_1_24' title="bbox 83 1146 904 1178">
     <span class='ocr_line' id='line_1_24' title="bbox 83 1146 904 1178; baseline -0.001 -3"><span class='ocrx_word' id='word_1_143' title='bbox 83 1146 234 1175; x_wconf 78' lang='lat' dir='ltr'><strong>Secundum</strong></span> <span class='ocrx_word' id='word_1_144' title='bbox 248 1150 380 1175; x_wconf 81' lang='lat' dir='ltr'><strong>naturam</strong></span> <span class='ocrx_word' id='word_1_145' title='bbox 396 1147 484 1175; x_wconf 77' lang='lat' dir='ltr'><strong>Deum</strong></span> <span class='ocrx_word' id='word_1_146' title='bbox 496 1147 582 1175; x_wconf 79' lang='lat' dir='ltr'><strong>solum</strong></span> <span class='ocrx_word' id='word_1_147' title='bbox 597 1146 751 1178; x_wconf 79' lang='lat' dir='ltr'><strong>amabilem.</strong></span> <span class='ocrx_word' id='word_1_148' title='bbox 776 1153 809 1174; x_wconf 85' lang='lat' dir='ltr'><strong>ac</strong></span> <span class='ocrx_word' id='word_1_149' title='bbox 831 1146 904 1174; x_wconf 78' lang='lat' dir='ltr'><strong>desi-</strong></span> 
     </span>
    </p>
   </div>
   <div class='ocr_carea' id='block_1_25' title="bbox 117 1182 904 1218">
    <p class='ocr_par' dir='ltr' id='par_1_25' title="bbox 117 1182 904 1218">
     <span class='ocr_line' id='line_1_25' title="bbox 117 1182 904 1218; baseline 0.001 -9"><span class='ocrx_word' id='word_1_150' title='bbox 117 1182 268 1211; x_wconf 78' lang='lat' dir='ltr'><strong>derabilem</strong></span> <span class='ocrx_word' id='word_1_151' title='bbox 281 1191 337 1211; x_wconf 77' lang='lat' dir='ltr'><strong>esse</strong></span> <span class='ocrx_word' id='word_1_152' title='bbox 346 1192 357 1216; x_wconf 67' lang='grc' dir='ltr'><em>ι</em></span> <span class='ocrx_word' id='word_1_153' title='bbox 372 1183 451 1218; x_wconf 76' lang='lat' dir='ltr'><strong>cuius</strong></span> <span class='ocrx_word' id='word_1_154' title='bbox 465 1183 512 1218; x_wconf 85' lang='lat' dir='ltr'><strong>qui</strong></span> <span class='ocrx_word' id='word_1_155' title='bbox 525 1183 618 1218; x_wconf 80' lang='lat' dir='ltr'><strong>factus</strong></span> <span class='ocrx_word' id='word_1_156' title='bbox 631 1182 825 1218; x_wconf 75' lang='lat' dir='ltr'><strong>sit.part£ceps.</strong></span> <span class='ocrx_word' id='word_1_157' title='bbox 842 1189 904 1210; x_wconf 76' lang='lat' dir='ltr'><strong>eum</strong></span> 
     </span>
    </p>
   </div>
   <div class='ocr_carea' id='block_1_26' title="bbox 118 1218 834 1254">
    <p class='ocr_par' dir='ltr' id='par_1_26' title="bbox 118 1218 834 1254">
     <span class='ocr_line' id='line_1_26' title="bbox 118 1218 834 1254; baseline -0.003 -8"><span class='ocrx_word' id='word_1_158' title='bbox 118 1219 254 1247; x_wconf 82' lang='lat' dir='ltr'><strong>bonorum</strong></span> <span class='ocrx_word' id='word_1_159' title='bbox 267 1220 462 1247; x_wconf 76' lang='lat' dir='ltr'><strong>universorum</strong></span> <span class='ocrx_word' id='word_1_160' title='bbox 475 1219 581 1254; x_wconf 75' lang='lat' dir='ltr'><strong>factum</strong></span> <span class='ocrx_word' id='word_1_161' title='bbox 595 1225 649 1247; x_wconf 77' lang='lat' dir='ltr'><strong>me</strong></span> <span class='ocrx_word' id='word_1_162' title='bbox 660 1218 834 1254; x_wconf 79' lang='lat' dir='ltr'><strong>partiripem.</strong></span> 
     </span>
    </p>
   </div>
   <div class='ocr_carea' id='block_1_27' title="bbox 125 1281 904 1323">
    <p class='ocr_par' dir='ltr' id='par_1_27' title="bbox 125 1281 904 1323">
     <span class='ocr_line' id='line_1_27' title="bbox 125 1281 904 1323; baseline -0.003 -9"><span class='ocrx_word' id='word_1_163' title='bbox 125 1286 148 1315; x_wconf 93' lang='grc' dir='ltr'><strong>Ο</strong></span> <span class='ocrx_word' id='word_1_164' title='bbox 165 1292 229 1323; x_wconf 64' lang='grc' dir='ltr'><strong>ηυδε</strong></span> <span class='ocrx_word' id='word_1_165' title='bbox 243 1292 292 1314; x_wconf 92' lang='lat' dir='ltr'><strong>res</strong></span> <span class='ocrx_word' id='word_1_166' title='bbox 307 1283 362 1314; x_wconf 91' lang='lat' dir='ltr'><strong>ista</strong></span> <span class='ocrx_word' id='word_1_167' title='bbox 378 1287 435 1313; x_wconf 92' lang='lat' dir='ltr'><strong>tam</strong></span> <span class='ocrx_word' id='word_1_168' title='bbox 455 1282 632 1313; x_wconf 88' lang='lat' dir='ltr'><strong>venerabilis</strong></span> <span class='ocrx_word' id='word_1_169' title='bbox 647 1281 727 1312; x_wconf 90' lang='lat' dir='ltr'><strong>omni</strong></span> <span class='ocrx_word' id='word_1_170' title='bbox 743 1281 904 1312; x_wconf 79' lang='lat' dir='ltr'><strong>creaturae?</strong></span> 
     </span>
    </p>
   </div>
   <div class='ocr_carea' id='block_1_28' title="bbox 83 1326 901 1369">
    <p class='ocr_par' dir='ltr' id='par_1_28' title="bbox 83 1326 901 1369">
     <span class='ocr_line' id='line_1_28' title="bbox 83 1326 901 1369; baseline -0.002 -11"><span class='ocrx_word' id='word_1_171' title='bbox 83 1337 141 1369; x_wconf 88' lang='lat' dir='ltr'><strong>quo</strong></span> <span class='ocrx_word' id='word_1_172' title='bbox 157 1328 212 1359; x_wconf 94' lang='lat' dir='ltr'><strong>hoc</strong></span> <span class='ocrx_word' id='word_1_173' title='bbox 228 1327 282 1359; x_wconf 89' lang='lat' dir='ltr'><strong>sub</strong></span> <span class='ocrx_word' id='word_1_174' title='bbox 311 1327 534 1367; x_wconf 84' lang='lat' dir='ltr'><strong>intelligentiam</strong></span> <span class='ocrx_word' id='word_1_175' title='bbox 561 1326 670 1359; x_wconf 88' lang='lat' dir='ltr'><strong>cadens</strong></span> <span class='ocrx_word' id='word_1_176' title='bbox 696 1327 807 1362; x_wconf 88' lang='lat' dir='ltr'><strong>lumen,</strong></span> <span class='ocrx_word' id='word_1_177' title='bbox 824 1326 901 1366; x_wconf 91' lang='lat' dir='ltr'><strong>quod</strong></span> 
     </span>
    </p>
   </div>
   <div class='ocr_carea' id='block_1_29' title="bbox 81 1371 900 1412">
    <p class='ocr_par' dir='ltr' id='par_1_29' title="bbox 81 1371 900 1412">
     <span class='ocr_line' id='line_1_29' title="bbox 81 1371 900 1412; baseline -0.001 -10"><span class='ocrx_word' id='word_1_178' title='bbox 81 1373 198 1404; x_wconf 90' lang='lat' dir='ltr'><strong>videtur</strong></span> <span class='ocrx_word' id='word_1_179' title='bbox 224 1373 260 1403; x_wconf 92' lang='lat' dir='ltr'><strong>ab</strong></span> <span class='ocrx_word' id='word_1_180' title='bbox 288 1371 456 1402; x_wconf 85' lang='lat' dir='ltr'><strong>omnibus?</strong></span> <span class='ocrx_word' id='word_1_181' title='bbox 485 1381 550 1412; x_wconf 78' lang='lat' dir='ltr'><strong>quae</strong></span> <span class='ocrx_word' id='word_1_182' title='bbox 578 1372 653 1409; x_wconf 56' lang='lat' dir='ltr'><strong>istae:</strong></span> <span class='ocrx_word' id='word_1_183' title='bbox 669 1375 758 1402; x_wconf 60' lang='lat' dir='ltr'><strong>tanta:</strong></span> <span class='ocrx_word' id='word_1_184' title='bbox 780 1371 900 1408; x_wconf 76' lang='lat' dir='ltr'><strong>divitiae,</strong></span> 
     </span>
    </p>
   </div>
   <div class='ocr_carea' id='block_1_30' title="bbox 81 1416 902 1458">
    <p class='ocr_par' dir='ltr' id='par_1_30' title="bbox 81 1416 902 1458">
     <span class='ocr_line' id='line_1_30' title="bbox 81 1416 902 1458; baseline -0.001 -10"><span class='ocrx_word' id='word_1_185' title='bbox 81 1427 155 1458; x_wconf 85' lang='lat' dir='ltr'><strong>quas</strong></span> <span class='ocrx_word' id='word_1_186' title='bbox 183 1416 304 1448; x_wconf 89' lang='lat' dir='ltr'><strong>omnino</strong></span> <span class='ocrx_word' id='word_1_187' title='bbox 345 1416 512 1448; x_wconf 89' lang='lat' dir='ltr'><strong>mortalium</strong></span> <span class='ocrx_word' id='word_1_188' title='bbox 551 1416 650 1447; x_wconf 89' lang='lat' dir='ltr'><strong>nullus</strong></span> <span class='ocrx_word' id='word_1_189' title='bbox 686 1416 819 1446; x_wconf 88' lang='lat' dir='ltr'><strong>invenire</strong></span> <span class='ocrx_word' id='word_1_190' title='bbox 852 1420 902 1447; x_wconf 88' lang='lat' dir='ltr'><strong>aut</strong></span> 
     </span>
    </p>
   </div>
   <div class='ocr_carea' id='block_1_31' title="bbox 83 1460 902 1503">
    <p class='ocr_par' dir='ltr' id='par_1_31' title="bbox 83 1460 902 1503">
     <span class='ocr_line' id='line_1_31' title="bbox 83 1460 902 1503; baseline -0.002 -11"><span class='ocrx_word' id='word_1_191' title='bbox 83 1462 234 1503; x_wconf 78' lang='lat' dir='ltr'><strong>possidere</strong></span> <span class='ocrx_word' id='word_1_192' title='bbox 259 1461 382 1502; x_wconf 84' lang='lat' dir='ltr'><strong>potuit?</strong></span> <span class='ocrx_word' id='word_1_193' title='bbox 397 1464 467 1492; x_wconf 86' lang='lat' dir='ltr'><strong>sunt</strong></span> <span class='ocrx_word' id='word_1_194' title='bbox 483 1462 561 1492; x_wconf 91' lang='lat' dir='ltr'><strong>enim</strong></span> <span class='ocrx_word' id='word_1_195' title='bbox 581 1460 719 1491; x_wconf 90' lang='lat' dir='ltr'><strong>omnibus</strong></span> <span class='ocrx_word' id='word_1_196' title='bbox 734 1460 902 1500; x_wconf 91' lang='lat' dir='ltr'><strong>incompre-</strong></span> 
     </span>
    </p>
   </div>
   <div class='ocr_carea' id='block_1_32' title="bbox 83 1506 902 1546">
    <p class='ocr_par' dir='ltr' id='par_1_32' title="bbox 83 1506 902 1546">
     <span class='ocr_line' id='line_1_32' title="bbox 83 1506 902 1546; baseline -0.002 -9"><span class='ocrx_word' id='word_1_197' title='bbox 83 1506 256 1546; x_wconf 88' lang='lat' dir='ltr'><strong>hensibiles,</strong></span> <span class='ocrx_word' id='word_1_198' title='bbox 275 1510 304 1536; x_wconf 89' lang='lat' dir='ltr'><strong>et</strong></span> <span class='ocrx_word' id='word_1_199' title='bbox 317 1515 334 1536; x_wconf 93' lang='lat' dir='ltr'><strong>a</strong></span> <span class='ocrx_word' id='word_1_200' title='bbox 350 1506 462 1537; x_wconf 90' lang='lat' dir='ltr'><strong>mundo</strong></span> <span class='ocrx_word' id='word_1_201' title='bbox 474 1506 539 1546; x_wconf 92' lang='lat' dir='ltr'><strong>capi</strong></span> <span class='ocrx_word' id='word_1_202' title='bbox 551 1509 720 1546; x_wconf 88' lang='lat' dir='ltr'><strong>nequeunt;</strong></span> <span class='ocrx_word' id='word_1_203' title='bbox 735 1509 803 1535; x_wconf 90' lang='lat' dir='ltr'><strong>sunt</strong></span> <span class='ocrx_word' id='word_1_204' title='bbox 813 1514 902 1545; x_wconf 86' lang='lat' dir='ltr'><strong>super</strong></span> 
     </span>
    </p>
   </div>
   <div class='ocr_carea' id='block_1_33' title="bbox 947 274 1769 317">
    <p class='ocr_par' dir='ltr' id='par_1_33' title="bbox 947 274 1769 317">
     <span class='ocr_line' id='line_1_33' title="bbox 947 274 1769 317; baseline -0.002 -11"><span class='ocrx_word' id='word_1_205' title='bbox 947 281 1028 314; x_wconf 86' lang='lat' dir='ltr'><strong>sunt,</strong></span> <span class='ocrx_word' id='word_1_206' title='bbox 1059 278 1192 308; x_wconf 90' lang='lat' dir='ltr'><strong>omnium</strong></span> <span class='ocrx_word' id='word_1_207' title='bbox 1222 276 1364 317; x_wconf 90' lang='lat' dir='ltr'><strong>Opiﬁcem</strong></span> <span class='ocrx_word' id='word_1_208' title='bbox 1389 284 1506 307; x_wconf 90' lang='lat' dir='ltr'><strong>mecum</strong></span> <span class='ocrx_word' id='word_1_209' title='bbox 1530 274 1655 314; x_wconf 86' lang='lat' dir='ltr'><strong>habens,</strong></span> <span class='ocrx_word' id='word_1_210' title='bbox 1680 282 1769 313; x_wconf 86' lang='lat' dir='ltr'><strong>quem</strong></span> 
     </span>
    </p>
   </div>
   <div class='ocr_carea' id='block_1_34' title="bbox 947 317 1771 361">
    <p class='ocr_par' dir='ltr' id='par_1_34' title="bbox 947 317 1771 361">
     <span class='ocr_line' id='line_1_34' title="bbox 947 317 1771 361; baseline -0.006 -9"><span class='ocrx_word' id='word_1_211' title='bbox 947 321 1032 351; x_wconf 82' lang='lat' dir='ltr'><strong>decet</strong></span> <span class='ocrx_word' id='word_1_212' title='bbox 1058 321 1162 361; x_wconf 79' lang='lat' dir='ltr'><strong>gloria,</strong></span> <span class='ocrx_word' id='word_1_213' title='bbox 1207 324 1236 352; x_wconf 94' lang='lat' dir='ltr'><strong>et</strong></span> <span class='ocrx_word' id='word_1_214' title='bbox 1278 321 1373 352; x_wconf 90' lang='lat' dir='ltr'><strong>honos</strong></span> <span class='ocrx_word' id='word_1_215' title='bbox 1416 328 1494 351; x_wconf 88' lang='lat' dir='ltr'><strong>nunc</strong></span> <span class='ocrx_word' id='word_1_216' title='bbox 1530 323 1560 350; x_wconf 89' lang='lat' dir='ltr'><strong>et</strong></span> <span class='ocrx_word' id='word_1_217' title='bbox 1587 318 1618 349; x_wconf 91' lang='lat' dir='ltr'><strong>in</strong></span> <span class='ocrx_word' id='word_1_218' title='bbox 1645 317 1771 349; x_wconf 70' lang='lat' dir='ltr'><strong>saecula.</strong></span> 
     </span>
    </p>
   </div>
   <div class='ocr_carea' id='block_1_35' title="bbox 949 365 1055 396">
    <p class='ocr_par' dir='ltr' id='par_1_35' title="bbox 949 365 1055 396">
     <span class='ocr_line' id='line_1_35' title="bbox 949 365 1055 396; baseline 0 0"><span class='ocrx_word' id='word_1_219' title='bbox 949 365 1055 396; x_wconf 79' lang='lat' dir='ltr'><strong>Amen.</strong></span> 
     </span>
    </p>
   </div>
   <div class='ocr_carea' id='block_1_36' title="bbox 1243 423 1480 458">
    <p class='ocr_par' dir='ltr' id='par_1_36' title="bbox 1243 423 1480 458">
     <span class='ocr_line' id='line_1_36' title="bbox 1243 423 1480 458; baseline -0.013 0"><span class='ocrx_word' id='word_1_220' title='bbox 1243 424 1363 458; x_wconf 82' lang='lat' dir='ltr'><strong>CAPUT</strong></span> <span class='ocrx_word' id='word_1_221' title='bbox 1393 423 1480 456; x_wconf 82' lang='lat' dir='ltr'><strong>XVII.</strong></span> 
     </span>
    </p>
   </div>
   <div class='ocr_carea' id='block_1_37' title="bbox 955 490 1772 531">
    <p class='ocr_par' dir='ltr' id='par_1_37' title="bbox 955 490 1772 531">
     <span class='ocr_line' id='line_1_37' title="bbox 955 490 1772 531; baseline -0.005 -9"><span class='ocrx_word' id='word_1_222' title='bbox 955 493 1089 522; x_wconf 78' lang='lat' dir='ltr'><strong>Timorem</strong></span> <span class='ocrx_word' id='word_1_223' title='bbox 1101 501 1232 531; x_wconf 75' lang='lat' dir='ltr'><strong>generare</strong></span> <span class='ocrx_word' id='word_1_224' title='bbox 1249 493 1423 525; x_wconf 73' lang='lat' dir='ltr'><strong>charitatem,</strong></span> <span class='ocrx_word' id='word_1_225' title='bbox 1437 495 1480 531; x_wconf 79' lang='lat' dir='ltr'><strong>_et_</strong></span> <span class='ocrx_word' id='word_1_226' title='bbox 1489 492 1568 520; x_wconf 75' lang='lat' dir='ltr'><strong>illam</strong></span> <span class='ocrx_word' id='word_1_227' title='bbox 1581 490 1772 531; x_wconf 55' lang='lat' dir='ltr'><strong>&quot;adiceren-</strong></span> 
     </span>
    </p>
   </div>
   <div class='ocr_carea' id='block_1_38' title="bbox 989 528 1771 565">
    <p class='ocr_par' dir='ltr' id='par_1_38' title="bbox 989 528 1771 565">
     <span class='ocr_line' id='line_1_38' title="bbox 989 528 1771 565; baseline -0.004 -7"><span class='ocrx_word' id='word_1_228' title='bbox 989 538 1093 558; x_wconf 77' lang='lat' dir='ltr'><strong>morem</strong></span> <span class='ocrx_word' id='word_1_229' title='bbox 1098 528 1134 558; x_wconf 61' lang='lat' dir='ltr'><strong>ia:</strong></span> <span class='ocrx_word' id='word_1_230' title='bbox 1148 530 1255 563; x_wconf 78' lang='lat' dir='ltr'><strong>animo,</strong></span> <span class='ocrx_word' id='word_1_231' title='bbox 1264 529 1464 565; x_wconf 70' lang='lat' dir='ltr'><strong>manerequet&#39;n</strong></span> <span class='ocrx_word' id='word_1_232' title='bbox 1470 528 1540 564; x_wconf 78' lang='lat' dir='ltr'><strong>ipsa.</strong></span> <span class='ocrx_word' id='word_1_233' title='bbox 1547 534 1610 555; x_wconf 80' lang='lat' dir='ltr'><strong>cum</strong></span> <span class='ocrx_word' id='word_1_234' title='bbox 1618 528 1654 555; x_wconf 75' lang='lat' dir='ltr'><strong>sit</strong></span> <span class='ocrx_word' id='word_1_235' title='bbox 1660 528 1771 555; x_wconf 68' lang='lat' dir='ltr'><strong>sanctus</strong></span> 
     </span>
    </p>
   </div>
   <div class='ocr_carea' id='block_1_39' title="bbox 989 566 1292 601">
    <p class='ocr_par' dir='ltr' id='par_1_39' title="bbox 989 566 1292 601">
     <span class='ocr_line' id='line_1_39' title="bbox 989 566 1292 601; baseline -0.007 -7"><span class='ocrx_word' id='word_1_236' title='bbox 989 566 1149 601; x_wconf 59' lang='lat' dir='ltr'><strong>divinaque</strong></span> <span class='ocrx_word' id='word_1_237' title='bbox 1163 566 1292 601; x_wconf 76' lang='lat' dir='ltr'><strong>Spiritus.</strong></span> 
     </span>
    </p>
   </div>
   <div class='ocr_carea' id='block_1_40' title="bbox 986 616 1768 660">
    <p class='ocr_par' dir='ltr' id='par_1_40' title="bbox 986 616 1768 660">
     <span class='ocr_line' id='line_1_40' title="bbox 986 616 1768 660; baseline -0.006 -9"><span class='ocrx_word' id='word_1_238' title='bbox 986 619 1140 656; x_wconf 90' lang='lat' dir='ltr'><strong>Quomodo</strong></span> <span class='ocrx_word' id='word_1_239' title='bbox 1150 619 1268 659; x_wconf 82' lang='lat' dir='ltr'><strong>hymnis</strong></span> <span class='ocrx_word' id='word_1_240' title='bbox 1276 619 1451 658; x_wconf 86' lang='lat' dir='ltr'><strong>decantabo,</strong></span> <span class='ocrx_word' id='word_1_241' title='bbox 1463 618 1612 660; x_wconf 89' lang='lat' dir='ltr'><strong>quomodo</strong></span> <span class='ocrx_word' id='word_1_242' title='bbox 1619 616 1768 656; x_wconf 75' lang='lat' dir='ltr'><strong>gloriﬁca-</strong></span> 
     </span>
    </p>
   </div>
   <div class='ocr_carea' id='block_1_41' title="bbox 947 660 1768 705">
    <p class='ocr_par' dir='ltr' id='par_1_41' title="bbox 947 660 1768 705">
     <span class='ocr_line' id='line_1_41' title="bbox 947 660 1768 705; baseline -0.007 -10"><span class='ocrx_word' id='word_1_243' title='bbox 947 665 996 699; x_wconf 83' lang='lat' dir='ltr'><strong>bo,</strong></span> <span class='ocrx_word' id='word_1_244' title='bbox 1009 665 1155 705; x_wconf 88' lang='lat' dir='ltr'><strong>quomodo</strong></span> <span class='ocrx_word' id='word_1_245' title='bbox 1166 664 1254 703; x_wconf 84' lang='lat' dir='ltr'><strong>digne</strong></span> <span class='ocrx_word' id='word_1_246' title='bbox 1262 663 1428 704; x_wconf 65' lang='lat' dir='ltr'><strong>praedicabo</strong></span> <span class='ocrx_word' id='word_1_247' title='bbox 1442 665 1534 694; x_wconf 90' lang='lat' dir='ltr'><strong>Deum</strong></span> <span class='ocrx_word' id='word_1_248' title='bbox 1542 671 1640 694; x_wconf 90' lang='lat' dir='ltr'><strong>meum</strong></span> <span class='ocrx_word' id='word_1_249' title='bbox 1652 660 1768 702; x_wconf 91' lang='lat' dir='ltr'><strong>quitam</strong></span> 
     </span>
    </p>
   </div>
   <div class='ocr_carea' id='block_1_42' title="bbox 948 705 1767 749">
    <p class='ocr_par' dir='ltr' id='par_1_42' title="bbox 948 705 1767 749">
     <span class='ocr_line' id='line_1_42' title="bbox 948 705 1767 749; baseline -0.007 -9"><span class='ocrx_word' id='word_1_250' title='bbox 948 709 1038 740; x_wconf 77' lang='lat' dir='ltr'><strong>multa</strong></span> <span class='ocrx_word' id='word_1_251' title='bbox 1051 713 1171 749; x_wconf 82' lang='lat' dir='ltr'><strong>peccata</strong></span> <span class='ocrx_word' id='word_1_252' title='bbox 1181 718 1246 739; x_wconf 87' lang='lat' dir='ltr'><strong>mea</strong></span> <span class='ocrx_word' id='word_1_253' title='bbox 1258 707 1474 739; x_wconf 84' lang='lat' dir='ltr'><strong>dissimulavit?</strong></span> <span class='ocrx_word' id='word_1_254' title='bbox 1484 705 1767 748; x_wconf 88' lang='lat' dir='ltr'><strong>quomodoattollam</strong></span> 
     </span>
    </p>
   </div>
   <div class='ocr_carea' id='block_1_43' title="bbox 948 749 1768 794">
    <p class='ocr_par' dir='ltr' id='par_1_43' title="bbox 948 749 1768 794">
     <span class='ocr_line' id='line_1_43' title="bbox 948 749 1768 794; baseline -0.006 -10"><span class='ocrx_word' id='word_1_255' title='bbox 948 754 1048 784; x_wconf 88' lang='lat' dir='ltr'><strong>oculos</strong></span> <span class='ocrx_word' id='word_1_256' title='bbox 1059 762 1152 788; x_wconf 85' lang='lat' dir='ltr'><strong>meos.</strong></span> <span class='ocrx_word' id='word_1_257' title='bbox 1164 753 1312 794; x_wconf 83' lang='lat' dir='ltr'><strong>quomodo</strong></span> <span class='ocrx_word' id='word_1_258' title='bbox 1323 752 1454 793; x_wconf 88' lang='lat' dir='ltr'><strong>aperiam</strong></span> <span class='ocrx_word' id='word_1_259' title='bbox 1466 761 1500 783; x_wconf 90' lang='lat' dir='ltr'><strong>os</strong></span> <span class='ocrx_word' id='word_1_260' title='bbox 1511 760 1622 788; x_wconf 90' lang='lat' dir='ltr'><strong>meum,</strong></span> <span class='ocrx_word' id='word_1_261' title='bbox 1637 749 1768 794; x_wconf 77' lang='lat' dir='ltr'><strong>Salvator</strong></span> 
     </span>
    </p>
   </div>
   <div class='ocr_carea' id='block_1_44' title="bbox 950 792 1769 838">
    <p class='ocr_par' dir='ltr' id='par_1_44' title="bbox 950 792 1769 838">
     <span class='ocr_line' id='line_1_44' title="bbox 950 792 1769 838; baseline -0.006 -10"><span class='ocrx_word' id='word_1_262' title='bbox 950 798 1001 832; x_wconf 86' lang='lat' dir='ltr'><strong>mi,</strong></span> <span class='ocrx_word' id='word_1_263' title='bbox 1012 797 1159 838; x_wconf 88' lang='lat' dir='ltr'><strong>quomodo</strong></span> <span class='ocrx_word' id='word_1_264' title='bbox 1172 792 1300 828; x_wconf 83' lang='lat' dir='ltr'><strong>movebo</strong></span> <span class='ocrx_word' id='word_1_265' title='bbox 1308 792 1384 828; x_wconf 87' lang='lat' dir='ltr'><strong>labia</strong></span> <span class='ocrx_word' id='word_1_266' title='bbox 1391 806 1467 834; x_wconf 87' lang='lat' dir='ltr'><strong>mea,</strong></span> <span class='ocrx_word' id='word_1_267' title='bbox 1477 794 1626 836; x_wconf 91' lang='lat' dir='ltr'><strong>quomodo</strong></span> <span class='ocrx_word' id='word_1_268' title='bbox 1634 793 1670 825; x_wconf 83' lang='lat' dir='ltr'><strong>ad</strong></span> <span class='ocrx_word' id='word_1_269' title='bbox 1679 792 1769 824; x_wconf 87' lang='lat' dir='ltr'><strong>subli-</strong></span> 
     </span>
    </p>
   </div>
   <div class='ocr_carea' id='block_1_45' title="bbox 950 842 1768 881">
    <p class='ocr_par' dir='ltr' id='par_1_45' title="bbox 950 842 1768 881">
     <span class='ocr_line' id='line_1_45' title="bbox 950 842 1768 881; baseline -0.007 -8"><span class='ocrx_word' id='word_1_270' title='bbox 950 852 997 873; x_wconf 93' lang='lat' dir='ltr'><strong>me</strong></span> <span class='ocrx_word' id='word_1_271' title='bbox 1008 842 1114 873; x_wconf 77' lang='lat' dir='ltr'><strong>ctelum</strong></span> <span class='ocrx_word' id='word_1_272' title='bbox 1122 842 1278 873; x_wconf 87' lang='lat' dir='ltr'><strong>extendam</strong></span> <span class='ocrx_word' id='word_1_273' title='bbox 1291 851 1395 872; x_wconf 81' lang='lat' dir='ltr'><strong>manus</strong></span> <span class='ocrx_word' id='word_1_274' title='bbox 1404 850 1496 878; x_wconf 88' lang='lat' dir='ltr'><strong>meas,</strong></span> <span class='ocrx_word' id='word_1_275' title='bbox 1504 849 1592 881; x_wconf 84' lang='lat' dir='ltr'><strong>quem</strong></span> <span class='ocrx_word' id='word_1_276' title='bbox 1598 846 1768 870; x_wconf 88' lang='lat' dir='ltr'><strong>sermonem</strong></span> 
     </span>
    </p>
   </div>
   <div class='ocr_carea' id='block_1_46' title="bbox 949 881 1767 927">
    <p class='ocr_par' dir='ltr' id='par_1_46' title="bbox 949 881 1767 927">
     <span class='ocr_line' id='line_1_46' title="bbox 949 881 1767 927; baseline -0.006 -10"><span class='ocrx_word' id='word_1_277' title='bbox 949 887 1108 924; x_wconf 84' lang='lat' dir='ltr'><strong>inveniam,</strong></span> <span class='ocrx_word' id='word_1_278' title='bbox 1120 886 1228 926; x_wconf 87' lang='lat' dir='ltr'><strong>quibus</strong></span> <span class='ocrx_word' id='word_1_279' title='bbox 1235 886 1333 917; x_wconf 87' lang='lat' dir='ltr'><strong>verbis</strong></span> <span class='ocrx_word' id='word_1_280' title='bbox 1339 890 1416 923; x_wconf 91' lang='lat' dir='ltr'><strong>utar,</strong></span> <span class='ocrx_word' id='word_1_281' title='bbox 1427 885 1576 927; x_wconf 90' lang='lat' dir='ltr'><strong>quomodo</strong></span> <span class='ocrx_word' id='word_1_282' title='bbox 1587 883 1666 924; x_wconf 89' lang='lat' dir='ltr'><strong>loqui</strong></span> <span class='ocrx_word' id='word_1_283' title='bbox 1677 881 1767 913; x_wconf 89' lang='lat' dir='ltr'><strong>aude-</strong></span> 
     </span>
    </p>
   </div>
   <div class='ocr_carea' id='block_1_47' title="bbox 949 927 1767 972">
    <p class='ocr_par' dir='ltr' id='par_1_47' title="bbox 949 927 1767 972">
     <span class='ocr_line' id='line_1_47' title="bbox 949 927 1767 972; baseline -0.005 -11"><span class='ocrx_word' id='word_1_284' title='bbox 949 930 1150 972; x_wconf 88' lang='lat' dir='ltr'><strong>bo,quomodo</strong></span> <span class='ocrx_word' id='word_1_285' title='bbox 1158 930 1272 961; x_wconf 85' lang='lat' dir='ltr'><strong>veniam</strong></span> <span class='ocrx_word' id='word_1_286' title='bbox 1278 930 1414 970; x_wconf 86' lang='lat' dir='ltr'><strong>ﬁagitaho</strong></span> <span class='ocrx_word' id='word_1_287' title='bbox 1421 935 1478 960; x_wconf 89' lang='lat' dir='ltr'><strong>tam</strong></span> <span class='ocrx_word' id='word_1_288' title='bbox 1492 928 1577 960; x_wconf 91' lang='lat' dir='ltr'><strong>multi</strong></span> <span class='ocrx_word' id='word_1_289' title='bbox 1587 927 1767 972; x_wconf 80' lang='lat' dir='ltr'><strong>erratis,ta_m</strong></span> 
     </span>
    </p>
   </div>
   <div class='ocr_carea' id='block_1_48' title="bbox 948 969 1767 1015">
    <p class='ocr_par' dir='ltr' id='par_1_48' title="bbox 948 969 1767 1015">
     <span class='ocr_line' id='line_1_48' title="bbox 948 969 1767 1015; baseline -0.007 -9"><span class='ocrx_word' id='word_1_290' title='bbox 948 969 1217 1006; x_wconf 78' lang='lat' dir='ltr'><strong>innumerabilibus</strong></span> <span class='ocrx_word' id='word_1_291' title='bbox 1231 969 1360 1015; x_wconf 82' lang='lat' dir='ltr'><strong>peccatis</strong></span> <span class='ocrx_word' id='word_1_292' title='bbox 1373 975 1385 1005; x_wconf 74' lang='grc' dir='ltr'><strong>’ἐ</strong></span> <span class='ocrx_word' id='word_1_293' title='bbox 1402 976 1486 1005; x_wconf 88' lang='lat' dir='ltr'><strong>Certe</strong></span> <span class='ocrx_word' id='word_1_294' title='bbox 1513 973 1647 1004; x_wconf 88' lang='lat' dir='ltr'><strong>facinora</strong></span> <span class='ocrx_word' id='word_1_295' title='bbox 1660 969 1767 1015; x_wconf 85' lang='lat' dir='ltr'><strong>admisi</strong></span> 
     </span>
    </p>
   </div>
   <div class='ocr_carea' id='block_1_49' title="bbox 948 1014 1770 1059">
    <p class='ocr_par' dir='ltr' id='par_1_49' title="bbox 948 1014 1770 1059">
     <span class='ocr_line' id='line_1_49' title="bbox 948 1014 1770 1059; baseline -0.006 -9"><span class='ocrx_word' id='word_1_296' title='bbox 948 1019 1029 1050; x_wconf 91' lang='lat' dir='ltr'><strong>omni</strong></span> <span class='ocrx_word' id='word_1_297' title='bbox 1044 1019 1167 1058; x_wconf 77' lang='lat' dir='ltr'><strong>indigna</strong></span> <span class='ocrx_word' id='word_1_298' title='bbox 1182 1014 1291 1050; x_wconf 75' lang='lat' dir='ltr'><strong>venia?</strong></span> <span class='ocrx_word' id='word_1_299' title='bbox 1315 1019 1391 1050; x_wconf 88' lang='lat' dir='ltr'><strong>nosti</strong></span> <span class='ocrx_word' id='word_1_300' title='bbox 1407 1023 1436 1049; x_wconf 92' lang='lat' dir='ltr'><strong>tu</strong></span> <span class='ocrx_word' id='word_1_301' title='bbox 1451 1017 1522 1059; x_wconf 88' lang='lat' dir='ltr'><strong>quid</strong></span> <span class='ocrx_word' id='word_1_302' title='bbox 1535 1017 1642 1048; x_wconf 88' lang='lat' dir='ltr'><strong>dicam.</strong></span> <span class='ocrx_word' id='word_1_303' title='bbox 1658 1014 1770 1047; x_wconf 85' lang='lat' dir='ltr'><strong>Omnes</strong></span> 
     </span>
    </p>
   </div>
   <div class='ocr_carea' id='block_1_50' title="bbox 948 1059 1768 1104">
    <p class='ocr_par' dir='ltr' id='par_1_50' title="bbox 948 1059 1768 1104">
     <span class='ocr_line' id='line_1_50' title="bbox 948 1059 1768 1104; baseline -0.006 -10"><span class='ocrx_word' id='word_1_304' title='bbox 948 1067 1060 1094; x_wconf 62' lang='lat' dir='ltr'><strong>natura“:</strong></span> <span class='ocrx_word' id='word_1_305' title='bbox 1088 1064 1163 1094; x_wconf 89' lang='lat' dir='ltr'><strong>ﬁnes</strong></span> <span class='ocrx_word' id='word_1_306' title='bbox 1189 1063 1320 1101; x_wconf 83' lang='lat' dir='ltr'><strong>transivi,</strong></span> <span class='ocrx_word' id='word_1_307' title='bbox 1352 1068 1458 1104; x_wconf 64' lang='lat' dir='ltr'><strong>praeter</strong></span> <span class='ocrx_word' id='word_1_308' title='bbox 1486 1067 1621 1093; x_wconf 82' lang='lat' dir='ltr'><strong>naturam</strong></span> <span class='ocrx_word' id='word_1_309' title='bbox 1647 1059 1768 1104; x_wconf 85' lang='lat' dir='ltr'><strong>patratis</strong></span> 
     </span>
    </p>
   </div>
   <div class='ocr_carea' id='block_1_51' title="bbox 946 1103 1768 1148">
    <p class='ocr_par' dir='ltr' id='par_1_51' title="bbox 946 1103 1768 1148">
     <span class='ocr_line' id='line_1_51' title="bbox 946 1103 1768 1148; baseline -0.006 -9"><span class='ocrx_word' id='word_1_310' title='bbox 946 1107 1122 1148; x_wconf 87' lang='lat' dir='ltr'><strong>sceleribus,</strong></span> <span class='ocrx_word' id='word_1_311' title='bbox 1139 1108 1233 1139; x_wconf 89' lang='lat' dir='ltr'><strong>brutis</strong></span> <span class='ocrx_word' id='word_1_312' title='bbox 1247 1103 1426 1138; x_wconf 87' lang='lat' dir='ltr'><strong>animalibus</strong></span> <span class='ocrx_word' id='word_1_313' title='bbox 1441 1107 1525 1148; x_wconf 84' lang='lat' dir='ltr'><strong>pejor</strong></span> <span class='ocrx_word' id='word_1_314' title='bbox 1539 1105 1649 1141; x_wconf 83' lang='lat' dir='ltr'><strong>exstiti,</strong></span> <span class='ocrx_word' id='word_1_315' title='bbox 1671 1103 1768 1135; x_wconf 88' lang='lat' dir='ltr'><strong>omni-</strong></span> 
     </span>
    </p>
   </div>
   <div class='ocr_carea' id='block_1_52' title="bbox 946 1148 1766 1191">
    <p class='ocr_par' dir='ltr' id='par_1_52' title="bbox 946 1148 1766 1191">
     <span class='ocr_line' id='line_1_52' title="bbox 946 1148 1766 1191; baseline -0.007 -7"><span class='ocrx_word' id='word_1_316' title='bbox 946 1152 1003 1184; x_wconf 87' lang='lat' dir='ltr'><strong>bus</strong></span> <span class='ocrx_word' id='word_1_317' title='bbox 1031 1152 1165 1189; x_wconf 89' lang='lat' dir='ltr'><strong>marinis,</strong></span> <span class='ocrx_word' id='word_1_318' title='bbox 1196 1152 1333 1183; x_wconf 91' lang='lat' dir='ltr'><strong>omnibus</strong></span> <span class='ocrx_word' id='word_1_319' title='bbox 1361 1151 1562 1189; x_wconf 85' lang='lat' dir='ltr'><strong>terrestribus,</strong></span> <span class='ocrx_word' id='word_1_320' title='bbox 1589 1148 1766 1191; x_wconf 86' lang='lat' dir='ltr'><strong>pecudibus,</strong></span> 
     </span>
    </p>
   </div>
   <div class='ocr_carea' id='block_1_53' title="bbox 947 1193 1767 1238">
    <p class='ocr_par' dir='ltr' id='par_1_53' title="bbox 947 1193 1767 1238">
     <span class='ocr_line' id='line_1_53' title="bbox 947 1193 1767 1238; baseline -0.005 -11"><span class='ocrx_word' id='word_1_321' title='bbox 947 1197 1113 1238; x_wconf 88' lang='lat' dir='ltr'><strong>reptilibus.</strong></span> <span class='ocrx_word' id='word_1_322' title='bbox 1131 1197 1202 1228; x_wconf 89' lang='lat' dir='ltr'><strong>feris</strong></span> <span class='ocrx_word' id='word_1_323' title='bbox 1216 1205 1320 1228; x_wconf 86' lang='lat' dir='ltr'><strong>revera</strong></span> <span class='ocrx_word' id='word_1_324' title='bbox 1336 1197 1468 1228; x_wconf 87' lang='lat' dir='ltr'><strong>deterior</strong></span> <span class='ocrx_word' id='word_1_325' title='bbox 1481 1196 1535 1234; x_wconf 83' lang='lat' dir='ltr'><strong>fui,</strong></span> <span class='ocrx_word' id='word_1_326' title='bbox 1547 1205 1614 1227; x_wconf 87' lang='lat' dir='ltr'><strong>cum</strong></span> <span class='ocrx_word' id='word_1_327' title='bbox 1629 1193 1767 1238; x_wconf 82' lang='lat' dir='ltr'><strong>mandata</strong></span> 
     </span>
    </p>
   </div>
   <div class='ocr_carea' id='block_1_54' title="bbox 947 1237 1764 1281">
    <p class='ocr_par' dir='ltr' id='par_1_54' title="bbox 947 1237 1764 1281">
     <span class='ocr_line' id='line_1_54' title="bbox 947 1237 1764 1281; baseline -0.006 -9"><span class='ocrx_word' id='word_1_328' title='bbox 947 1245 994 1272; x_wconf 85' lang='lat' dir='ltr'><strong>tua</strong></span> <span class='ocrx_word' id='word_1_329' title='bbox 1009 1241 1124 1273; x_wconf 89' lang='lat' dir='ltr'><strong>violavi.</strong></span> <span class='ocrx_word' id='word_1_330' title='bbox 1142 1241 1197 1277; x_wconf 86' lang='lat' dir='ltr'><strong>Qui</strong></span> <span class='ocrx_word' id='word_1_331' title='bbox 1214 1241 1303 1280; x_wconf 84' lang='lat' dir='ltr'><strong>igitur</strong></span> <span class='ocrx_word' id='word_1_332' title='bbox 1320 1251 1429 1281; x_wconf 89' lang='lat' dir='ltr'><strong>c0rpus</strong></span> <span class='ocrx_word' id='word_1_333' title='bbox 1440 1250 1540 1272; x_wconf 90' lang='lat' dir='ltr'><strong>meum</strong></span> <span class='ocrx_word' id='word_1_334' title='bbox 1560 1240 1602 1271; x_wconf 89' lang='lat' dir='ltr'><strong>ita</strong></span> <span class='ocrx_word' id='word_1_335' title='bbox 1616 1237 1764 1270; x_wconf 87' lang='lat' dir='ltr'><strong>contami-</strong></span> 
     </span>
    </p>
   </div>
   <div class='ocr_carea' id='block_1_55' title="bbox 946 1281 1764 1326">
    <p class='ocr_par' dir='ltr' id='par_1_55' title="bbox 946 1281 1764 1326">
     <span class='ocr_line' id='line_1_55' title="bbox 946 1281 1764 1326; baseline -0.006 -9"><span class='ocrx_word' id='word_1_336' title='bbox 946 1286 1023 1326; x_wconf 90' lang='lat' dir='ltr'><strong>navi,</strong></span> <span class='ocrx_word' id='word_1_337' title='bbox 1047 1290 1077 1316; x_wconf 86' lang='lat' dir='ltr'><strong>et</strong></span> <span class='ocrx_word' id='word_1_338' title='bbox 1100 1286 1228 1316; x_wconf 86' lang='lat' dir='ltr'><strong>animam</strong></span> <span class='ocrx_word' id='word_1_339' title='bbox 1259 1286 1420 1322; x_wconf 79' lang='lat' dir='ltr'><strong>sordidavi,</strong></span> <span class='ocrx_word' id='word_1_340' title='bbox 1449 1285 1598 1326; x_wconf 89' lang='lat' dir='ltr'><strong>quomodo</strong></span> <span class='ocrx_word' id='word_1_341' title='bbox 1615 1281 1764 1324; x_wconf 88' lang='lat' dir='ltr'><strong>apparebo</strong></span> 
     </span>
    </p>
   </div>
   <div class='ocr_carea' id='block_1_56' title="bbox 944 1327 1766 1371">
    <p class='ocr_par' dir='ltr' id='par_1_56' title="bbox 944 1327 1766 1371">
     <span class='ocr_line' id='line_1_56' title="bbox 944 1327 1766 1371; baseline -0.006 -10"><span class='ocrx_word' id='word_1_342' title='bbox 944 1331 1009 1369; x_wconf 84' lang='lat' dir='ltr'><strong>tibi,</strong></span> <span class='ocrx_word' id='word_1_343' title='bbox 1035 1330 1183 1371; x_wconf 74' lang='lat' dir='ltr'><strong>quomodo</strong></span> <span class='ocrx_word' id='word_1_344' title='bbox 1207 1330 1348 1369; x_wconf 87' lang='lat' dir='ltr'><strong>aspiciam</strong></span> <span class='ocrx_word' id='word_1_345' title='bbox 1379 1335 1418 1370; x_wconf 89' lang='lat' dir='ltr'><strong>te,</strong></span> <span class='ocrx_word' id='word_1_346' title='bbox 1448 1328 1596 1370; x_wconf 92' lang='lat' dir='ltr'><strong>quomodo</strong></span> <span class='ocrx_word' id='word_1_347' title='bbox 1620 1327 1665 1358; x_wconf 89' lang='lat' dir='ltr'><strong>vel</strong></span> <span class='ocrx_word' id='word_1_348' title='bbox 1687 1331 1766 1357; x_wconf 89' lang='lat' dir='ltr'><strong>stare</strong></span> 
     </span>
    </p>
   </div>
   <div class='ocr_carea' id='block_1_57' title="bbox 945 1371 1764 1414">
    <p class='ocr_par' dir='ltr' id='par_1_57' title="bbox 945 1371 1764 1414">
     <span class='ocr_line' id='line_1_57' title="bbox 945 1371 1764 1414; baseline -0.005 -9"><span class='ocrx_word' id='word_1_349' title='bbox 945 1375 1035 1406; x_wconf 87' lang='lat' dir='ltr'><strong>miser</strong></span> <span class='ocrx_word' id='word_1_350' title='bbox 1051 1383 1118 1406; x_wconf 86' lang='lat' dir='ltr'><strong>ante</strong></span> <span class='ocrx_word' id='word_1_351' title='bbox 1133 1378 1323 1414; x_wconf 85' lang='lat' dir='ltr'><strong>conspectum</strong></span> <span class='ocrx_word' id='word_1_352' title='bbox 1339 1379 1420 1406; x_wconf 92' lang='lat' dir='ltr'><strong>tuum</strong></span> <span class='ocrx_word' id='word_1_353' title='bbox 1446 1373 1587 1405; x_wconf 85' lang='lat' dir='ltr'><strong>audebo?</strong></span> <span class='ocrx_word' id='word_1_354' title='bbox 1615 1371 1764 1412; x_wconf 89' lang='lat' dir='ltr'><strong>quomodo</strong></span> 
     </span>
    </p>
   </div>
   <div class='ocr_carea' id='block_1_58' title="bbox 944 1416 1765 1459">
    <p class='ocr_par' dir='ltr' id='par_1_58' title="bbox 944 1416 1765 1459">
     <span class='ocr_line' id='line_1_58' title="bbox 944 1416 1765 1459; baseline -0.006 -9"><span class='ocrx_word' id='word_1_355' title='bbox 944 1430 1000 1450; x_wconf 87' lang='lat' dir='ltr'><strong>non</strong></span> <span class='ocrx_word' id='word_1_356' title='bbox 1027 1419 1134 1459; x_wconf 87' lang='lat' dir='ltr'><strong>fugiam</strong></span> <span class='ocrx_word' id='word_1_357' title='bbox 1160 1419 1283 1458; x_wconf 81' lang='lat' dir='ltr'><strong>gloriam</strong></span> <span class='ocrx_word' id='word_1_358' title='bbox 1307 1423 1398 1456; x_wconf 85' lang='lat' dir='ltr'><strong>tuam,</strong></span> <span class='ocrx_word' id='word_1_359' title='bbox 1432 1423 1461 1450; x_wconf 93' lang='lat' dir='ltr'><strong>et</strong></span> <span class='ocrx_word' id='word_1_360' title='bbox 1490 1419 1590 1449; x_wconf 88' lang='lat' dir='ltr'><strong>lumen</strong></span> <span class='ocrx_word' id='word_1_361' title='bbox 1613 1416 1765 1455; x_wconf 80' lang='lat' dir='ltr'><strong>fulgurans</strong></span> 
     </span>
    </p>
   </div>
   <div class='ocr_carea' id='block_1_59' title="bbox 942 1460 1763 1504">
    <p class='ocr_par' dir='ltr' id='par_1_59' title="bbox 942 1460 1763 1504">
     <span class='ocr_line' id='line_1_59' title="bbox 942 1460 1763 1504; baseline -0.005 -9"><span class='ocrx_word' id='word_1_362' title='bbox 942 1464 1035 1495; x_wconf 85' lang='lat' dir='ltr'><strong>sancti</strong></span> <span class='ocrx_word' id='word_1_363' title='bbox 1051 1464 1180 1504; x_wconf 88' lang='lat' dir='ltr'><strong>Spiritus</strong></span> <span class='ocrx_word' id='word_1_364' title='bbox 1196 1464 1258 1495; x_wconf 85' lang='lat' dir='ltr'><strong>tui?</strong></span> <span class='ocrx_word' id='word_1_365' title='bbox 1282 1463 1435 1500; x_wconf 86' lang='lat' dir='ltr'><strong>Quomodo</strong></span> <span class='ocrx_word' id='word_1_366' title='bbox 1460 1463 1540 1494; x_wconf 88' lang='lat' dir='ltr'><strong>solus</strong></span> <span class='ocrx_word' id='word_1_367' title='bbox 1556 1471 1610 1501; x_wconf 79' lang='lat' dir='ltr'><strong>ego</strong></span> <span class='ocrx_word' id='word_1_368' title='bbox 1625 1460 1661 1492; x_wconf 87' lang='lat' dir='ltr'><strong>ad</strong></span> <span class='ocrx_word' id='word_1_369' title='bbox 1677 1464 1763 1491; x_wconf 86' lang='lat' dir='ltr'><strong>tene-</strong></span> 
     </span>
    </p>
   </div>
   <div class='ocr_carea' id='block_1_60' title="bbox 942 1505 1761 1545">
    <p class='ocr_par' dir='ltr' id='par_1_60' title="bbox 942 1505 1761 1545">
     <span class='ocr_line' id='line_1_60' title="bbox 942 1505 1761 1545; baseline -0.005 -6"><span class='ocrx_word' id='word_1_370' title='bbox 942 1508 1010 1539; x_wconf 89' lang='lat' dir='ltr'><strong>bras</strong></span> <span class='ocrx_word' id='word_1_371' title='bbox 1026 1517 1083 1539; x_wconf 90' lang='lat' dir='ltr'><strong>non</strong></span> <span class='ocrx_word' id='word_1_372' title='bbox 1100 1507 1215 1545; x_wconf 87' lang='lat' dir='ltr'><strong>vadam,</strong></span> <span class='ocrx_word' id='word_1_373' title='bbox 1233 1512 1262 1538; x_wconf 89' lang='lat' dir='ltr'><strong>et</strong></span> <span class='ocrx_word' id='word_1_374' title='bbox 1275 1518 1292 1538; x_wconf 94' lang='lat' dir='ltr'><strong>a</strong></span> <span class='ocrx_word' id='word_1_375' title='bbox 1312 1512 1480 1539; x_wconf 87' lang='lat' dir='ltr'><strong>sanctorum</strong></span> <span class='ocrx_word' id='word_1_376' title='bbox 1496 1505 1622 1539; x_wconf 67' lang='lat' dir='ltr'><strong>coetibus</strong></span> <span class='ocrx_word' id='word_1_377' title='bbox 1637 1513 1697 1535; x_wconf 90' lang='lat' dir='ltr'><strong>non</strong></span> <span class='ocrx_word' id='word_1_378' title='bbox 1712 1513 1761 1535; x_wconf 92' lang='lat' dir='ltr'><strong>se-</strong></span> 
     </span>
    </p>
   </div>
   <div class='ocr_carea' id='block_1_61' title="bbox 82 1548 1762 1593">
    <p class='ocr_par' dir='ltr' id='par_1_61' title="bbox 82 1548 1762 1593">
     <span class='ocr_line' id='line_1_61' title="bbox 82 1548 1762 1593; baseline -0.002 -12"><span class='ocrx_word' id='word_1_379' title='bbox 82 1551 185 1582; x_wconf 92' lang='lat' dir='ltr'><strong>orbem</strong></span> <span class='ocrx_word' id='word_1_380' title='bbox 202 1554 347 1581; x_wconf 87' lang='lat' dir='ltr'><strong>terrarum</strong></span> <span class='ocrx_word' id='word_1_381' title='bbox 365 1550 644 1587; x_wconf 63' lang='lat' dir='ltr'><strong>desideratissimaa;</strong></span> <span class='ocrx_word' id='word_1_382' title='bbox 660 1554 729 1581; x_wconf 89' lang='lat' dir='ltr'><strong>sunt</strong></span> <span class='ocrx_word' id='word_1_383' title='bbox 743 1549 898 1590; x_wconf 83' lang='lat' dir='ltr'><strong>optabiles,</strong></span> <span class='ocrx_word' id='word_1_384' title='bbox 910 1554 930 1579; x_wconf 87' lang='lat' dir='ltr'><strong>C</strong></span> <span class='ocrx_word' id='word_1_385' title='bbox 945 1553 1080 1593; x_wconf 62' lang='lat' dir='ltr'><strong>paratior,</strong></span> <span class='ocrx_word' id='word_1_386' title='bbox 1098 1552 1147 1593; x_wconf 79' lang='lat' dir='ltr'><strong>qui</strong></span> <span class='ocrx_word' id='word_1_387' title='bbox 1163 1562 1253 1593; x_wconf 82' lang='lat' dir='ltr'><strong>opera</strong></span> <span class='ocrx_word' id='word_1_388' title='bbox 1280 1552 1468 1583; x_wconf 75' lang='lat' dir='ltr'><strong>tenebrarum</strong></span> <span class='ocrx_word' id='word_1_389' title='bbox 1498 1551 1554 1582; x_wconf 79' lang='lat' dir='ltr'><strong>feci</strong></span> <span class='ocrx_word' id='word_1_390' title='bbox 1566 1550 1581 1578; x_wconf 77' lang='lat'><strong>‘2</strong></span> <span class='ocrx_word' id='word_1_391' title='bbox 1607 1548 1762 1586; x_wconf 87' lang='lat' dir='ltr'><strong>Quomodo</strong></span> 
     </span>
    </p>
   </div>
   <div class='ocr_carea' id='block_1_62' title="bbox 81 1595 903 1636">
    <p class='ocr_par' dir='ltr' id='par_1_62' title="bbox 81 1595 903 1636">
     <span class='ocr_line' id='line_1_62' title="bbox 81 1595 903 1636; baseline -0.002 -10"><span class='ocrx_word' id='word_1_392' title='bbox 81 1600 223 1636; x_wconf 88' lang='lat' dir='ltr'><strong>quantum</strong></span> <span class='ocrx_word' id='word_1_393' title='bbox 239 1595 330 1627; x_wconf 91' lang='lat' dir='ltr'><strong>rebus</strong></span> <span class='ocrx_word' id='word_1_394' title='bbox 359 1595 587 1635; x_wconf 85' lang='lat' dir='ltr'><strong>aspectabilibus</strong></span> <span class='ocrx_word' id='word_1_395' title='bbox 616 1604 717 1625; x_wconf 88' lang='lat' dir='ltr'><strong>earum</strong></span> <span class='ocrx_word' id='word_1_396' title='bbox 733 1598 903 1634; x_wconf 87' lang='lat' dir='ltr'><strong>procreator</strong></span> 
     </span>
    </p>
   </div>
   <div class='ocr_carea' id='block_1_63' title="bbox 82 1639 899 1680">
    <p class='ocr_par' dir='ltr' id='par_1_63' title="bbox 82 1639 899 1680">
     <span class='ocr_line' id='line_1_63' title="bbox 82 1639 899 1680; baseline -0.001 -8"><span class='ocrx_word' id='word_1_397' title='bbox 82 1640 243 1672; x_wconf 87' lang='lat' dir='ltr'><strong>antecellit.</strong></span> <span class='ocrx_word' id='word_1_398' title='bbox 271 1642 368 1680; x_wconf 86' lang='lat' dir='ltr'><strong>Atque</strong></span> <span class='ocrx_word' id='word_1_399' title='bbox 394 1640 462 1670; x_wconf 92' lang='lat' dir='ltr'><strong>ideo</strong></span> <span class='ocrx_word' id='word_1_400' title='bbox 489 1640 554 1680; x_wconf 87' lang='lat' dir='ltr'><strong>ejus</strong></span> <span class='ocrx_word' id='word_1_401' title='bbox 582 1639 726 1670; x_wconf 86' lang='lat' dir='ltr'><strong>charitate</strong></span> <span class='ocrx_word' id='word_1_402' title='bbox 749 1639 899 1671; x_wconf 90' lang='lat' dir='ltr'><strong>vulneror.</strong></span> 
     </span>
    </p>
   </div>
   <div class='ocr_carea' id='block_1_64' title="bbox 83 1683 902 1724">
    <p class='ocr_par' dir='ltr' id='par_1_64' title="bbox 83 1683 902 1724">
     <span class='ocr_line' id='line_1_64' title="bbox 83 1683 902 1724; baseline -0.002 -8"><span class='ocrx_word' id='word_1_403' title='bbox 83 1685 232 1722; x_wconf 88' lang='lat' dir='ltr'><strong>Quatenus</strong></span> <span class='ocrx_word' id='word_1_404' title='bbox 247 1689 344 1715; x_wconf 90' lang='lat' dir='ltr'><strong>autem</strong></span> <span class='ocrx_word' id='word_1_405' title='bbox 361 1694 427 1715; x_wconf 91' lang='lat' dir='ltr'><strong>eum</strong></span> <span class='ocrx_word' id='word_1_406' title='bbox 445 1694 503 1715; x_wconf 87' lang='lat' dir='ltr'><strong>non</strong></span> <span class='ocrx_word' id='word_1_407' title='bbox 532 1683 628 1724; x_wconf 91' lang='lat' dir='ltr'><strong>capio,</strong></span> <span class='ocrx_word' id='word_1_408' title='bbox 652 1687 752 1715; x_wconf 91' lang='lat' dir='ltr'><strong>mente</strong></span> <span class='ocrx_word' id='word_1_409' title='bbox 768 1692 902 1714; x_wconf 89' lang='lat' dir='ltr'><strong>maceror</strong></span> 
     </span>
    </p>
   </div>
   <div class='ocr_carea' id='block_1_65' title="bbox 82 1729 902 1767">
    <p class='ocr_par' dir='ltr' id='par_1_65' title="bbox 82 1729 902 1767">
     <span class='ocr_line' id='line_1_65' title="bbox 82 1729 902 1767; baseline -0.001 -7"><span class='ocrx_word' id='word_1_410' title='bbox 82 1735 111 1761; x_wconf 90' lang='lat' dir='ltr'><strong>et</strong></span> <span class='ocrx_word' id='word_1_411' title='bbox 128 1729 257 1766; x_wconf 87' lang='lat' dir='ltr'><strong>tabesco,</strong></span> <span class='ocrx_word' id='word_1_412' title='bbox 289 1733 317 1760; x_wconf 89' lang='lat' dir='ltr'><strong>et</strong></span> <span class='ocrx_word' id='word_1_413' title='bbox 343 1729 457 1761; x_wconf 83' lang='lat' dir='ltr'><strong>ardenti</strong></span> <span class='ocrx_word' id='word_1_414' title='bbox 487 1729 577 1760; x_wconf 81' lang='lat' dir='ltr'><strong>corde</strong></span> <span class='ocrx_word' id='word_1_415' title='bbox 606 1729 780 1767; x_wconf 87' lang='lat' dir='ltr'><strong>ingemisco,</strong></span> <span class='ocrx_word' id='word_1_416' title='bbox 810 1732 838 1759; x_wconf 90' lang='lat' dir='ltr'><strong>et</strong></span> <span class='ocrx_word' id='word_1_417' title='bbox 854 1729 902 1759; x_wconf 92' lang='lat' dir='ltr'><strong>hic</strong></span> 
     </span>
    </p>
   </div>
   <div class='ocr_carea' id='block_1_66' title="bbox 80 1774 897 1814">
    <p class='ocr_par' dir='ltr' id='par_1_66' title="bbox 80 1774 897 1814">
     <span class='ocr_line' id='line_1_66' title="bbox 80 1774 897 1814; baseline -0.001 -9"><span class='ocrx_word' id='word_1_418' title='bbox 80 1775 139 1806; x_wconf 92' lang='lat' dir='ltr'><strong>illic</strong></span> <span class='ocrx_word' id='word_1_419' title='bbox 151 1774 346 1805; x_wconf 88' lang='lat' dir='ltr'><strong>obambulans</strong></span> <span class='ocrx_word' id='word_1_420' title='bbox 353 1784 386 1805; x_wconf 88' lang='lat' dir='ltr'><strong>ac</strong></span> <span class='ocrx_word' id='word_1_421' title='bbox 399 1774 897 1814; x_wconf 68' lang='lat' dir='ltr'><strong>circumiensmﬁammatusquwro,</strong></span> 
     </span>
    </p>
   </div>
   <div class='ocr_carea' id='block_1_67' title="bbox 82 1817 897 1859">
    <p class='ocr_par' dir='ltr' id='par_1_67' title="bbox 82 1817 897 1859">
     <span class='ocr_line' id='line_1_67' title="bbox 82 1817 897 1859; baseline -0.004 -9"><span class='ocrx_word' id='word_1_422' title='bbox 82 1829 136 1850; x_wconf 89' lang='lat' dir='ltr'><strong>nec</strong></span> <span class='ocrx_word' id='word_1_423' title='bbox 165 1819 279 1859; x_wconf 86' lang='lat' dir='ltr'><strong>uspiam</strong></span> <span class='ocrx_word' id='word_1_424' title='bbox 309 1819 427 1850; x_wconf 91' lang='lat' dir='ltr'><strong>invenio</strong></span> <span class='ocrx_word' id='word_1_425' title='bbox 455 1827 544 1859; x_wconf 91' lang='lat' dir='ltr'><strong>quem</strong></span> <span class='ocrx_word' id='word_1_426' title='bbox 570 1818 666 1857; x_wconf 85' lang='lat' dir='ltr'><strong>diligit</strong></span> <span class='ocrx_word' id='word_1_427' title='bbox 692 1817 791 1849; x_wconf 87' lang='lat' dir='ltr'><strong>anima</strong></span> <span class='ocrx_word' id='word_1_428' title='bbox 820 1827 897 1848; x_wconf 90' lang='lat' dir='ltr'><strong>mea.</strong></span> 
     </span>
    </p>
   </div>
   <div class='ocr_carea' id='block_1_68' title="bbox 79 1862 899 1904">
    <p class='ocr_par' dir='ltr' id='par_1_68' title="bbox 79 1862 899 1904">
     <span class='ocr_line' id='line_1_68' title="bbox 79 1862 899 1904; baseline -0.002 -9"><span class='ocrx_word' id='word_1_429' title='bbox 79 1864 293 1904; x_wconf 90' lang='lat' dir='ltr'><strong>Circumspicio</strong></span> <span class='ocrx_word' id='word_1_430' title='bbox 308 1864 454 1903; x_wconf 90' lang='lat' dir='ltr'><strong>crebrius,</strong></span> <span class='ocrx_word' id='word_1_431' title='bbox 473 1863 497 1894; x_wconf 92' lang='lat' dir='ltr'><strong>si</strong></span> <span class='ocrx_word' id='word_1_432' title='bbox 511 1863 622 1903; x_wconf 91' lang='lat' dir='ltr'><strong>possim</strong></span> <span class='ocrx_word' id='word_1_433' title='bbox 634 1862 735 1894; x_wconf 87' lang='lat' dir='ltr'><strong>videre</strong></span> <span class='ocrx_word' id='word_1_434' title='bbox 746 1872 834 1903; x_wconf 90' lang='lat' dir='ltr'><strong>quem</strong></span> <span class='ocrx_word' id='word_1_435' title='bbox 844 1862 899 1893; x_wconf 90' lang='lat' dir='ltr'><strong>de-</strong></span> 
     </span>
    </p>
   </div>
   <div class='ocr_carea' id='block_1_69' title="bbox 81 1906 899 1948">
    <p class='ocr_par' dir='ltr' id='par_1_69' title="bbox 81 1906 899 1948">
     <span class='ocr_line' id='line_1_69' title="bbox 81 1906 899 1948; baseline -0.004 -8"><span class='ocrx_word' id='word_1_436' title='bbox 81 1909 193 1940; x_wconf 63' lang='lat' dir='ltr'><strong>sidero,</strong></span> <span class='ocrx_word' id='word_1_437' title='bbox 225 1909 261 1939; x_wconf 83' lang='lat' dir='ltr'><strong>At</strong></span> <span class='ocrx_word' id='word_1_438' title='bbox 288 1908 338 1939; x_wconf 91' lang='lat' dir='ltr'><strong>ille</strong></span> <span class='ocrx_word' id='word_1_439' title='bbox 358 1908 440 1948; x_wconf 91' lang='lat' dir='ltr'><strong>quasi</strong></span> <span class='ocrx_word' id='word_1_440' title='bbox 456 1907 689 1948; x_wconf 89' lang='lat' dir='ltr'><strong>inaspeclabilis,</strong></span> <span class='ocrx_word' id='word_1_441' title='bbox 706 1906 823 1947; x_wconf 89' lang='lat' dir='ltr'><strong>penitus</strong></span> <span class='ocrx_word' id='word_1_442' title='bbox 841 1917 899 1938; x_wconf 89' lang='lat' dir='ltr'><strong>non</strong></span> 
     </span>
    </p>
   </div>
   <div class='ocr_carea' id='block_1_70' title="bbox 81 1951 900 1994">
    <p class='ocr_par' dir='ltr' id='par_1_70' title="bbox 81 1951 900 1994">
     <span class='ocr_line' id='line_1_70' title="bbox 81 1951 900 1994; baseline -0.002 -10"><span class='ocrx_word' id='word_1_443' title='bbox 81 1957 213 1994; x_wconf 89' lang='lat' dir='ltr'><strong>apparet.</strong></span> <span class='ocrx_word' id='word_1_444' title='bbox 253 1952 325 1984; x_wconf 77' lang='lat' dir='ltr'><strong>Cum</strong></span> <span class='ocrx_word' id='word_1_445' title='bbox 353 1956 451 1983; x_wconf 89' lang='lat' dir='ltr'><strong>autem</strong></span> <span class='ocrx_word' id='word_1_446' title='bbox 481 1961 601 1992; x_wconf 61' lang='lat' dir='ltr'><strong>coepero</strong></span> <span class='ocrx_word' id='word_1_447' title='bbox 631 1951 787 1982; x_wconf 86' lang='lat' dir='ltr'><strong>lamentari</strong></span> <span class='ocrx_word' id='word_1_448' title='bbox 815 1952 900 1990; x_wconf 87' lang='lat' dir='ltr'><strong>quasi</strong></span> 
     </span>
    </p>
   </div>
   <div class='ocr_carea' id='block_1_71' title="bbox 82 1995 902 2038">
    <p class='ocr_par' dir='ltr' id='par_1_71' title="bbox 82 1995 902 2038">
     <span class='ocr_line' id='line_1_71' title="bbox 82 1995 902 2038; baseline -0.002 -10"><span class='ocrx_word' id='word_1_449' title='bbox 82 1997 340 2038; x_wconf 87' lang='lat' dir='ltr'><strong>desperabundus,</strong></span> <span class='ocrx_word' id='word_1_450' title='bbox 358 2001 426 2027; x_wconf 91' lang='lat' dir='ltr'><strong>tunc</strong></span> <span class='ocrx_word' id='word_1_451' title='bbox 441 1996 563 2028; x_wconf 79' lang='lat' dir='ltr'><strong>se’milii</strong></span> <span class='ocrx_word' id='word_1_452' title='bbox 586 1995 745 2027; x_wconf 89' lang='lat' dir='ltr'><strong>videndum</strong></span> <span class='ocrx_word' id='word_1_453' title='bbox 761 1996 856 2032; x_wconf 81' lang='lat' dir='ltr'><strong>oll‘ert,</strong></span> <span class='ocrx_word' id='word_1_454' title='bbox 872 2001 902 2027; x_wconf 89' lang='lat' dir='ltr'><strong>et</strong></span> 
     </span>
    </p>
   </div>
   <div class='ocr_carea' id='block_1_72' title="bbox 80 2041 901 2082">
    <p class='ocr_par' dir='ltr' id='par_1_72' title="bbox 80 2041 901 2082">
     <span class='ocr_line' id='line_1_72' title="bbox 80 2041 901 2082; baseline -0.001 -10"><span class='ocrx_word' id='word_1_455' title='bbox 80 2042 213 2073; x_wconf 88' lang='lat' dir='ltr'><strong>intuetur</strong></span> <span class='ocrx_word' id='word_1_456' title='bbox 230 2051 276 2073; x_wconf 83' lang='lat' dir='ltr'><strong>me</strong></span> <span class='ocrx_word' id='word_1_457' title='bbox 293 2041 343 2082; x_wconf 92' lang='lat' dir='ltr'><strong>qui</strong></span> <span class='ocrx_word' id='word_1_458' title='bbox 360 2042 491 2072; x_wconf 88' lang='lat' dir='ltr'><strong>intuetur</strong></span> <span class='ocrx_word' id='word_1_459' title='bbox 505 2042 614 2072; x_wconf 90' lang='lat' dir='ltr'><strong>omnia.</strong></span> <span class='ocrx_word' id='word_1_460' title='bbox 643 2041 792 2071; x_wconf 87' lang='lat' dir='ltr'><strong>Admiror.</strong></span> <span class='ocrx_word' id='word_1_461' title='bbox 809 2045 839 2071; x_wconf 92' lang='lat' dir='ltr'><strong>et</strong></span> <span class='ocrx_word' id='word_1_462' title='bbox 854 2042 901 2071; x_wconf 90' lang='lat' dir='ltr'><strong>in-</strong></span> 
     </span>
    </p>
   </div>
   <div class='ocr_carea' id='block_1_73' title="bbox 81 2085 899 2127">
    <p class='ocr_par' dir='ltr' id='par_1_73' title="bbox 81 2085 899 2127">
     <span class='ocr_line' id='line_1_73' title="bbox 81 2085 899 2127; baseline -0.004 -9"><span class='ocrx_word' id='word_1_463' title='bbox 81 2087 157 2126; x_wconf 83' lang='lat' dir='ltr'><strong>signi</strong></span> <span class='ocrx_word' id='word_1_464' title='bbox 174 2086 394 2127; x_wconf 89' lang='lat' dir='ltr'><strong>pulchritudine</strong></span> <span class='ocrx_word' id='word_1_465' title='bbox 410 2086 606 2126; x_wconf 88' lang='lat' dir='ltr'><strong>obstupesco;</strong></span> <span class='ocrx_word' id='word_1_466' title='bbox 624 2090 652 2116; x_wconf 90' lang='lat' dir='ltr'><strong>et</strong></span> <span class='ocrx_word' id='word_1_467' title='bbox 667 2085 814 2126; x_wconf 90' lang='lat' dir='ltr'><strong>quomodo</strong></span> <span class='ocrx_word' id='word_1_468' title='bbox 825 2086 899 2116; x_wconf 60' lang='lat' dir='ltr'><strong>caelo</strong></span> 
     </span>
    </p>
   </div>
   <div class='ocr_carea' id='block_1_74' title="bbox 79 2130 899 2172">
    <p class='ocr_par' dir='ltr' id='par_1_74' title="bbox 79 2130 899 2172">
     <span class='ocr_line' id='line_1_74' title="bbox 79 2130 899 2172; baseline -0.001 -10"><span class='ocrx_word' id='word_1_469' title='bbox 79 2135 181 2172; x_wconf 89' lang='lat' dir='ltr'><strong>aperto</strong></span> <span class='ocrx_word' id='word_1_470' title='bbox 207 2130 392 2171; x_wconf 85' lang='lat' dir='ltr'><strong>prospexerit</strong></span> <span class='ocrx_word' id='word_1_471' title='bbox 416 2131 485 2161; x_wconf 90' lang='lat' dir='ltr'><strong>inde</strong></span> <span class='ocrx_word' id='word_1_472' title='bbox 509 2130 662 2166; x_wconf 86' lang='lat' dir='ltr'><strong>Conditor,</strong></span> <span class='ocrx_word' id='word_1_473' title='bbox 687 2131 820 2171; x_wconf 90' lang='lat' dir='ltr'><strong>mihique</strong></span> <span class='ocrx_word' id='word_1_474' title='bbox 834 2130 899 2170; x_wconf 83' lang='lat' dir='ltr'><strong>glo-</strong></span> 
     </span>
    </p>
   </div>
   <div class='ocr_carea' id='block_1_75' title="bbox 79 2175 932 2222">
    <p class='ocr_par' dir='ltr' id='par_1_75' title="bbox 79 2175 932 2222">
     <span class='ocr_line' id='line_1_75' title="bbox 79 2175 932 2222; baseline 0 -16"><span class='ocrx_word' id='word_1_475' title='bbox 79 2176 153 2222; x_wconf 85' lang='lat' dir='ltr'><strong>riam</strong></span> <span class='ocrx_word' id='word_1_476' title='bbox 179 2185 282 2222; x_wconf 80' lang='lat' dir='ltr'><strong>novam</strong></span> <span class='ocrx_word' id='word_1_477' title='bbox 312 2180 342 2206; x_wconf 90' lang='lat' dir='ltr'><strong>et</strong></span> <span class='ocrx_word' id='word_1_478' title='bbox 368 2175 597 2222; x_wconf 82' lang='lat' dir='ltr'><strong>inenarrabilem</strong></span> <span class='ocrx_word' id='word_1_479' title='bbox 625 2175 845 2222; x_wconf 80' lang='lat' dir='ltr'><strong>demonstrarit.</strong></span> <span class='ocrx_word' id='word_1_480' title='bbox 864 2175 932 2222; x_wconf 67' lang='grc' dir='ltr'><strong>Ειο</strong></span> 
     </span>
    </p>
   </div>
   <div class='ocr_carea' id='block_1_76' title="bbox 79 2220 900 2260">
    <p class='ocr_par' dir='ltr' id='par_1_76' title="bbox 79 2220 900 2260">
     <span class='ocr_line' id='line_1_76' title="bbox 79 2220 900 2260; baseline 0 -9"><span class='ocrx_word' id='word_1_481' title='bbox 79 2221 150 2251; x_wconf 89' lang='lat' dir='ltr'><strong>dum</strong></span> <span class='ocrx_word' id='word_1_482' title='bbox 168 2229 221 2259; x_wconf 88' lang='lat' dir='ltr'><strong>ego</strong></span> <span class='ocrx_word' id='word_1_483' title='bbox 237 2220 276 2251; x_wconf 84' lang='lat' dir='ltr'><strong>ita</strong></span> <span class='ocrx_word' id='word_1_484' title='bbox 291 2229 407 2252; x_wconf 85' lang='lat' dir='ltr'><strong>mecum</strong></span> <span class='ocrx_word' id='word_1_485' title='bbox 423 2220 529 2259; x_wconf 84' lang='lat' dir='ltr'><strong>cogito,</strong></span> <span class='ocrx_word' id='word_1_486' title='bbox 546 2220 612 2260; x_wconf 87' lang='lat' dir='ltr'><strong>quis</strong></span> <span class='ocrx_word' id='word_1_487' title='bbox 628 2220 746 2250; x_wconf 89' lang='lat' dir='ltr'><strong>tandem</strong></span> <span class='ocrx_word' id='word_1_488' title='bbox 772 2220 814 2250; x_wconf 93' lang='lat' dir='ltr'><strong>illi</strong></span> <span class='ocrx_word' id='word_1_489' title='bbox 831 2229 900 2260; x_wconf 93' lang='lat' dir='ltr'><strong>pro-</strong></span> 
     </span>
    </p>
   </div>
   <div class='ocr_carea' id='block_1_77' title="bbox 82 2264 901 2306">
    <p class='ocr_par' dir='ltr' id='par_1_77' title="bbox 82 2264 901 2306">
     <span class='ocr_line' id='line_1_77' title="bbox 82 2264 901 2306; baseline -0.001 -10"><span class='ocrx_word' id='word_1_490' title='bbox 82 2266 147 2306; x_wconf 91' lang='lat' dir='ltr'><strong>pior</strong></span> <span class='ocrx_word' id='word_1_491' title='bbox 163 2265 238 2296; x_wconf 82' lang='lat' dir='ltr'><strong>ﬁet?</strong></span> <span class='ocrx_word' id='word_1_492' title='bbox 260 2269 309 2295; x_wconf 90' lang='lat' dir='ltr'><strong>aut</strong></span> <span class='ocrx_word' id='word_1_493' title='bbox 338 2274 395 2305; x_wconf 88' lang='lat' dir='ltr'><strong>qua</strong></span> <span class='ocrx_word' id='word_1_494' title='bbox 420 2265 534 2295; x_wconf 89' lang='lat' dir='ltr'><strong>ratione</strong></span> <span class='ocrx_word' id='word_1_495' title='bbox 549 2266 577 2295; x_wconf 91' lang='lat' dir='ltr'><strong>in</strong></span> <span class='ocrx_word' id='word_1_496' title='bbox 593 2264 782 2295; x_wconf 87' lang='lat' dir='ltr'><strong>altitudinem</strong></span> <span class='ocrx_word' id='word_1_497' title='bbox 798 2265 901 2295; x_wconf 89' lang='lat' dir='ltr'><strong>inﬁni-</strong></span> 
     </span>
    </p>
   </div>
   <div class='ocr_carea' id='block_1_78' title="bbox 82 2309 902 2349">
    <p class='ocr_par' dir='ltr' id='par_1_78' title="bbox 82 2309 902 2349">
     <span class='ocr_line' id='line_1_78' title="bbox 82 2309 902 2349; baseline 0 -9"><span class='ocrx_word' id='word_1_498' title='bbox 82 2315 138 2341; x_wconf 90' lang='lat' dir='ltr'><strong>tam</strong></span> <span class='ocrx_word' id='word_1_499' title='bbox 153 2309 315 2341; x_wconf 90' lang='lat' dir='ltr'><strong>elevabitur</strong></span> <span class='ocrx_word' id='word_1_500' title='bbox 328 2309 344 2339; x_wconf 76' lang='lat' dir='ltr'><strong>‘I</strong></span> <span class='ocrx_word' id='word_1_501' title='bbox 358 2310 422 2349; x_wconf 90' lang='lat' dir='ltr'><strong>ipsa</strong></span> <span class='ocrx_word' id='word_1_502' title='bbox 436 2309 514 2340; x_wconf 90' lang='lat' dir='ltr'><strong>intra</strong></span> <span class='ocrx_word' id='word_1_503' title='bbox 531 2318 576 2339; x_wconf 91' lang='lat' dir='ltr'><strong>me</strong></span> <span class='ocrx_word' id='word_1_504' title='bbox 591 2309 687 2349; x_wconf 85' lang='lat' dir='ltr'><strong>adest,</strong></span> <span class='ocrx_word' id='word_1_505' title='bbox 705 2313 735 2340; x_wconf 88' lang='lat' dir='ltr'><strong>et</strong></span> <span class='ocrx_word' id='word_1_506' title='bbox 749 2309 779 2340; x_wconf 92' lang='lat' dir='ltr'><strong>in</strong></span> <span class='ocrx_word' id='word_1_507' title='bbox 794 2310 902 2341; x_wconf 90' lang='lat' dir='ltr'><strong>misero</strong></span> 
     </span>
    </p>
   </div>
   <div class='ocr_carea' id='block_1_79' title="bbox 81 2353 903 2394">
    <p class='ocr_par' dir='ltr' id='par_1_79' title="bbox 81 2353 903 2394">
     <span class='ocr_line' id='line_1_79' title="bbox 81 2353 903 2394; baseline -0.001 -9"><span class='ocrx_word' id='word_1_508' title='bbox 81 2355 171 2386; x_wconf 88' lang='lat' dir='ltr'><strong>corde</strong></span> <span class='ocrx_word' id='word_1_509' title='bbox 187 2364 252 2385; x_wconf 92' lang='lat' dir='ltr'><strong>meo</strong></span> <span class='ocrx_word' id='word_1_510' title='bbox 269 2359 415 2391; x_wconf 84' lang='lat' dir='ltr'><strong>coruscat,</strong></span> <span class='ocrx_word' id='word_1_511' title='bbox 429 2354 560 2394; x_wconf 89' lang='lat' dir='ltr'><strong>undique</strong></span> <span class='ocrx_word' id='word_1_512' title='bbox 572 2363 619 2384; x_wconf 92' lang='lat' dir='ltr'><strong>me</strong></span> <span class='ocrx_word' id='word_1_513' title='bbox 633 2353 903 2394; x_wconf 90' lang='lat' dir='ltr'><strong>immortalisplen-</strong></span> 
     </span>
    </p>
   </div>
   <div class='ocr_carea' id='block_1_80' title="bbox 81 2398 902 2436">
    <p class='ocr_par' dir='ltr' id='par_1_80' title="bbox 81 2398 902 2436">
     <span class='ocr_line' id='line_1_80' title="bbox 81 2398 902 2436; baseline -0.001 -5"><span class='ocrx_word' id='word_1_514' title='bbox 81 2401 153 2431; x_wconf 88' lang='lat' dir='ltr'><strong>dore</strong></span> <span class='ocrx_word' id='word_1_515' title='bbox 165 2399 363 2435; x_wconf 89' lang='lat' dir='ltr'><strong>convestiens,</strong></span> <span class='ocrx_word' id='word_1_516' title='bbox 382 2402 522 2430; x_wconf 88' lang='lat' dir='ltr'><strong>etcuncta</strong></span> <span class='ocrx_word' id='word_1_517' title='bbox 530 2398 661 2429; x_wconf 87' lang='lat' dir='ltr'><strong>membra</strong></span> <span class='ocrx_word' id='word_1_518' title='bbox 669 2407 734 2430; x_wconf 89' lang='lat' dir='ltr'><strong>mea</strong></span> <span class='ocrx_word' id='word_1_519' title='bbox 744 2399 902 2436; x_wconf 88' lang='lat' dir='ltr'><strong>irradians,</strong></span> 
     </span>
    </p>
   </div>
   <div class='ocr_carea' id='block_1_81' title="bbox 81 2443 905 2484">
    <p class='ocr_par' dir='ltr' id='par_1_81' title="bbox 81 2443 905 2484">
     <span class='ocr_line' id='line_1_81' title="bbox 81 2443 905 2484; baseline 0.001 -10"><span class='ocrx_word' id='word_1_520' title='bbox 81 2448 175 2475; x_wconf 90' lang='lat' dir='ltr'><strong>totum</strong></span> <span class='ocrx_word' id='word_1_521' title='bbox 185 2453 232 2474; x_wconf 89' lang='lat' dir='ltr'><strong>me</strong></span> <span class='ocrx_word' id='word_1_522' title='bbox 239 2443 456 2484; x_wconf 89' lang='lat' dir='ltr'><strong>complectens,</strong></span> <span class='ocrx_word' id='word_1_523' title='bbox 473 2443 606 2473; x_wconf 91' lang='lat' dir='ltr'><strong>osculum</strong></span> <span class='ocrx_word' id='word_1_524' title='bbox 615 2447 705 2474; x_wconf 91' lang='lat' dir='ltr'><strong>totum</strong></span> <span class='ocrx_word' id='word_1_525' title='bbox 715 2443 855 2484; x_wconf 90' lang='lat' dir='ltr'><strong>impertit,</strong></span> <span class='ocrx_word' id='word_1_526' title='bbox 875 2450 905 2475; x_wconf 87' lang='lat' dir='ltr'><strong>et</strong></span> 
     </span>
    </p>
   </div>
   <div class='ocr_carea' id='block_1_82' title="bbox 83 2488 903 2528">
    <p class='ocr_par' dir='ltr' id='par_1_82' title="bbox 83 2488 903 2528">
     <span class='ocr_line' id='line_1_82' title="bbox 83 2488 903 2528; baseline -0.002 -8"><span class='ocrx_word' id='word_1_527' title='bbox 83 2493 175 2520; x_wconf 88' lang='lat' dir='ltr'><strong>totum</strong></span> <span class='ocrx_word' id='word_1_528' title='bbox 186 2488 296 2519; x_wconf 87' lang='lat' dir='ltr'><strong>semihi</strong></span> <span class='ocrx_word' id='word_1_529' title='bbox 305 2488 426 2527; x_wconf 84' lang='lat' dir='ltr'><strong>indigno</strong></span> <span class='ocrx_word' id='word_1_530' title='bbox 433 2488 492 2527; x_wconf 87' lang='lat' dir='ltr'><strong>dat,</strong></span> <span class='ocrx_word' id='word_1_531' title='bbox 511 2488 610 2527; x_wconf 82' lang='lat' dir='ltr'><strong>etejus</strong></span> <span class='ocrx_word' id='word_1_532' title='bbox 618 2488 761 2519; x_wconf 88' lang='lat' dir='ltr'><strong>charitate</strong></span> <span class='ocrx_word' id='word_1_533' title='bbox 771 2488 903 2528; x_wconf 91' lang='lat' dir='ltr'><strong>pulchri-</strong></span> 
     </span>
    </p>
   </div>
   <div class='ocr_carea' id='block_1_83' title="bbox 78 2532 902 2573">
    <p class='ocr_par' dir='ltr' id='par_1_83' title="bbox 78 2532 902 2573">
     <span class='ocr_line' id='line_1_83' title="bbox 78 2532 902 2573; baseline 0 -9"><span class='ocrx_word' id='word_1_534' title='bbox 78 2533 240 2573; x_wconf 85' lang='lat' dir='ltr'><strong>tudineque</strong></span> <span class='ocrx_word' id='word_1_535' title='bbox 254 2533 354 2568; x_wconf 83' lang='lat' dir='ltr'><strong>satior,</strong></span> <span class='ocrx_word' id='word_1_536' title='bbox 369 2533 593 2572; x_wconf 84' lang='lat' dir='ltr'><strong>divinitatisque</strong></span> <span class='ocrx_word' id='word_1_537' title='bbox 605 2532 752 2571; x_wconf 87' lang='lat' dir='ltr'><strong>voluptate</strong></span> <span class='ocrx_word' id='word_1_538' title='bbox 761 2533 902 2564; x_wconf 89' lang='lat' dir='ltr'><strong>etdulce-</strong></span> 
     </span>
    </p>
   </div>
   <div class='ocr_carea' id='block_1_84' title="bbox 79 2577 903 2618">
    <p class='ocr_par' dir='ltr' id='par_1_84' title="bbox 79 2577 903 2618">
     <span class='ocr_line' id='line_1_84' title="bbox 79 2577 903 2618; baseline 0.001 -10"><span class='ocrx_word' id='word_1_539' title='bbox 79 2578 150 2608; x_wconf 91' lang='lat' dir='ltr'><strong>dine</strong></span> <span class='ocrx_word' id='word_1_540' title='bbox 162 2577 324 2618; x_wconf 87' lang='lat' dir='ltr'><strong>compleor.</strong></span> <span class='ocrx_word' id='word_1_541' title='bbox 336 2577 487 2617; x_wconf 72' lang='lat' dir='ltr'><strong>Particeps</strong></span> <span class='ocrx_word' id='word_1_542' title='bbox 501 2577 630 2617; x_wconf 89' lang='lat' dir='ltr'><strong>luminis,</strong></span> <span class='ocrx_word' id='word_1_543' title='bbox 644 2577 792 2618; x_wconf 86' lang='lat' dir='ltr'><strong>particeps</strong></span> <span class='ocrx_word' id='word_1_544' title='bbox 799 2578 836 2608; x_wconf 92' lang='lat' dir='ltr'><strong>ﬁo</strong></span> <span class='ocrx_word' id='word_1_545' title='bbox 843 2578 903 2617; x_wconf 83' lang='lat' dir='ltr'><strong>glo-</strong></span> 
     </span>
    </p>
   </div>
   <div class='ocr_carea' id='block_1_85' title="bbox 78 2621 900 2663">
    <p class='ocr_par' dir='ltr' id='par_1_85' title="bbox 78 2621 900 2663">
     <span class='ocr_line' id='line_1_85' title="bbox 78 2621 900 2663; baseline -0.001 -9"><span class='ocrx_word' id='word_1_546' title='bbox 78 2623 141 2659; x_wconf 70' lang='lat' dir='ltr'><strong>riae,</strong></span> <span class='ocrx_word' id='word_1_547' title='bbox 153 2627 182 2653; x_wconf 89' lang='lat' dir='ltr'><strong>et</strong></span> <span class='ocrx_word' id='word_1_548' title='bbox 192 2622 364 2663; x_wconf 89' lang='lat' dir='ltr'><strong>resplendet</strong></span> <span class='ocrx_word' id='word_1_549' title='bbox 378 2621 468 2652; x_wconf 88' lang='lat' dir='ltr'><strong>facies</strong></span> <span class='ocrx_word' id='word_1_550' title='bbox 486 2631 552 2652; x_wconf 90' lang='lat' dir='ltr'><strong>mea</strong></span> <span class='ocrx_word' id='word_1_551' title='bbox 563 2621 812 2662; x_wconf 91' lang='lat' dir='ltr'><strong>quemadmodum</strong></span> <span class='ocrx_word' id='word_1_552' title='bbox 825 2624 900 2662; x_wconf 87' lang='lat' dir='ltr'><strong>ejus,</strong></span> 
     </span>
    </p>
   </div>
   <div class='ocr_carea' id='block_1_86' title="bbox 79 2666 904 2708">
    <p class='ocr_par' dir='ltr' id='par_1_86' title="bbox 79 2666 904 2708">
     <span class='ocr_line' id='line_1_86' title="bbox 79 2666 904 2708; baseline 0.001 -11"><span class='ocrx_word' id='word_1_553' title='bbox 79 2667 377 2708; x_wconf 84' lang='lat' dir='ltr'><strong>quiestdesiderium</strong></span> <span class='ocrx_word' id='word_1_554' title='bbox 395 2675 506 2703; x_wconf 88' lang='lat' dir='ltr'><strong>meum,</strong></span> <span class='ocrx_word' id='word_1_555' title='bbox 525 2671 554 2696; x_wconf 84' lang='lat' dir='ltr'><strong>et</strong></span> <span class='ocrx_word' id='word_1_556' title='bbox 575 2666 675 2697; x_wconf 91' lang='lat' dir='ltr'><strong>omnia</strong></span> <span class='ocrx_word' id='word_1_557' title='bbox 689 2666 822 2697; x_wconf 90' lang='lat' dir='ltr'><strong>membra</strong></span> <span class='ocrx_word' id='word_1_558' title='bbox 838 2677 904 2698; x_wconf 92' lang='lat' dir='ltr'><strong>mea</strong></span> 
     </span>
    </p>
   </div>
   <div class='ocr_carea' id='block_1_87' title="bbox 78 2711 903 2751">
    <p class='ocr_par' dir='ltr' id='par_1_87' title="bbox 78 2711 903 2751">
     <span class='ocr_line' id='line_1_87' title="bbox 78 2711 903 2751; baseline -0.001 -8"><span class='ocrx_word' id='word_1_559' title='bbox 78 2711 625 2751; x_wconf 84' lang='lat' dir='ltr'><strong>clarescunt,speciosisquespeciosor</strong></span> <span class='ocrx_word' id='word_1_560' title='bbox 632 2712 756 2748; x_wconf 89' lang='lat' dir='ltr'><strong>tuncﬁo,</strong></span> <span class='ocrx_word' id='word_1_561' title='bbox 764 2711 903 2743; x_wconf 86' lang='lat' dir='ltr'><strong>divitibus</strong></span> 
     </span>
    </p>
   </div>
   <div class='ocr_carea' id='block_1_88' title="bbox 78 2755 904 2796">
    <p class='ocr_par' dir='ltr' id='par_1_88' title="bbox 78 2755 904 2796">
     <span class='ocr_line' id='line_1_88' title="bbox 78 2755 904 2796; baseline -0.001 -9"><span class='ocrx_word' id='word_1_562' title='bbox 78 2755 209 2793; x_wconf 88' lang='lat' dir='ltr'><strong>divitior,</strong></span> <span class='ocrx_word' id='word_1_563' title='bbox 230 2756 403 2796; x_wconf 87' lang='lat' dir='ltr'><strong>potentibus</strong></span> <span class='ocrx_word' id='word_1_564' title='bbox 416 2755 554 2786; x_wconf 89' lang='lat' dir='ltr'><strong>omnibus</strong></span> <span class='ocrx_word' id='word_1_565' title='bbox 571 2755 729 2796; x_wconf 89' lang='lat' dir='ltr'><strong>potentior,</strong></span> <span class='ocrx_word' id='word_1_566' title='bbox 744 2760 773 2787; x_wconf 88' lang='lat' dir='ltr'><strong>et</strong></span> <span class='ocrx_word' id='word_1_567' title='bbox 785 2756 904 2795; x_wconf 83' lang='lat' dir='ltr'><strong>regibus</strong></span> 
     </span>
    </p>
   </div>
   <div class='ocr_carea' id='block_1_89' title="bbox 81 2800 905 2842">
    <p class='ocr_par' dir='ltr' id='par_1_89' title="bbox 81 2800 905 2842">
     <span class='ocr_line' id='line_1_89' title="bbox 81 2800 905 2842; baseline -0.001 -10"><span class='ocrx_word' id='word_1_568' title='bbox 81 2802 175 2841; x_wconf 89' lang='lat' dir='ltr'><strong>major</strong></span> <span class='ocrx_word' id='word_1_569' title='bbox 181 2805 292 2838; x_wconf 83' lang='lat' dir='ltr'><strong>sum,et</strong></span> <span class='ocrx_word' id='word_1_570' title='bbox 301 2800 504 2831; x_wconf 91' lang='lat' dir='ltr'><strong>honorabilior</strong></span> <span class='ocrx_word' id='word_1_571' title='bbox 511 2801 597 2840; x_wconf 92' lang='lat' dir='ltr'><strong>longe</strong></span> <span class='ocrx_word' id='word_1_572' title='bbox 605 2801 832 2842; x_wconf 87' lang='lat' dir='ltr'><strong>quibuscunque</strong></span> <span class='ocrx_word' id='word_1_573' title='bbox 839 2801 905 2831; x_wconf 89' lang='lat' dir='ltr'><strong>visi-</strong></span> 
     </span>
    </p>
   </div>
   <div class='ocr_carea' id='block_1_90' title="bbox 81 2845 904 2886">
    <p class='ocr_par' dir='ltr' id='par_1_90' title="bbox 81 2845 904 2886">
     <span class='ocr_line' id='line_1_90' title="bbox 81 2845 904 2886; baseline 0 -10"><span class='ocrx_word' id='word_1_574' title='bbox 81 2846 199 2885; x_wconf 86' lang='lat' dir='ltr'><strong>bilibus,</strong></span> <span class='ocrx_word' id='word_1_575' title='bbox 219 2855 275 2876; x_wconf 82' lang='lat' dir='ltr'><strong>non</strong></span> <span class='ocrx_word' id='word_1_576' title='bbox 297 2850 373 2876; x_wconf 84' lang='lat' dir='ltr'><strong>terra</strong></span> <span class='ocrx_word' id='word_1_577' title='bbox 391 2846 478 2877; x_wconf 92' lang='lat' dir='ltr'><strong>modo</strong></span> <span class='ocrx_word' id='word_1_578' title='bbox 505 2850 534 2876; x_wconf 92' lang='lat' dir='ltr'><strong>et</strong></span> <span class='ocrx_word' id='word_1_579' title='bbox 562 2855 664 2877; x_wconf 65' lang='lat' dir='ltr'><strong>eorum</strong></span> <span class='ocrx_word' id='word_1_580' title='bbox 680 2855 745 2886; x_wconf 63' lang='lat' dir='ltr'><strong>quas</strong></span> <span class='ocrx_word' id='word_1_581' title='bbox 758 2845 788 2876; x_wconf 90' lang='lat' dir='ltr'><strong>in</strong></span> <span class='ocrx_word' id='word_1_582' title='bbox 806 2845 904 2884; x_wconf 90' lang='lat' dir='ltr'><strong>terris,</strong></span> 
     </span>
    </p>
   </div>
   <div class='ocr_carea' id='block_1_91' title="bbox 943 1593 1764 1638">
    <p class='ocr_par' dir='ltr' id='par_1_91' title="bbox 943 1593 1764 1638">
     <span class='ocr_line' id='line_1_91' title="bbox 943 1593 1764 1638; baseline -0.005 -10"><span class='ocrx_word' id='word_1_583' title='bbox 943 1597 1096 1628; x_wconf 87' lang='lat' dir='ltr'><strong>sustinebo</strong></span> <span class='ocrx_word' id='word_1_584' title='bbox 1112 1606 1214 1628; x_wconf 91' lang='lat' dir='ltr'><strong>vocem</strong></span> <span class='ocrx_word' id='word_1_585' title='bbox 1245 1601 1335 1634; x_wconf 89' lang='lat' dir='ltr'><strong>tuam,</strong></span> <span class='ocrx_word' id='word_1_586' title='bbox 1365 1597 1415 1638; x_wconf 89' lang='lat' dir='ltr'><strong>qui</strong></span> <span class='ocrx_word' id='word_1_587' title='bbox 1444 1596 1515 1627; x_wconf 91' lang='lat' dir='ltr'><strong>hinc</strong></span> <span class='ocrx_word' id='word_1_588' title='bbox 1541 1604 1576 1626; x_wconf 83' lang='lat' dir='ltr'><strong>ex</strong></span> <span class='ocrx_word' id='word_1_589' title='bbox 1590 1594 1674 1625; x_wconf 90' lang='lat' dir='ltr'><strong>factis</strong></span> <span class='ocrx_word' id='word_1_590' title='bbox 1688 1593 1764 1624; x_wconf 83' lang='lat' dir='ltr'><strong>meis</strong></span> 
     </span>
    </p>
   </div>
   <div class='ocr_carea' id='block_1_92' title="bbox 943 1639 1762 1674">
    <p class='ocr_par' dir='ltr' id='par_1_92' title="bbox 943 1639 1762 1674">
     <span class='ocr_line' id='line_1_92' title="bbox 943 1639 1762 1674; baseline -0.006 -1"><span class='ocrx_word' id='word_1_591' title='bbox 943 1642 1004 1673; x_wconf 86' lang='lat' dir='ltr'><strong>fero</strong></span> <span class='ocrx_word' id='word_1_592' title='bbox 1020 1651 1135 1672; x_wconf 89' lang='lat' dir='ltr'><strong>mecum</strong></span> <span class='ocrx_word' id='word_1_593' title='bbox 1151 1642 1372 1672; x_wconf 83' lang='lat' dir='ltr'><strong>damnationem</strong></span> <span class='ocrx_word' id='word_1_594' title='bbox 1399 1650 1494 1673; x_wconf 88' lang='lat' dir='ltr'><strong>meam</strong></span> <span class='ocrx_word' id='word_1_595' title='bbox 1505 1640 1522 1670; x_wconf 81' lang='lat'><strong>?</strong></span> <span class='ocrx_word' id='word_1_596' title='bbox 1550 1643 1627 1670; x_wconf 88' lang='lat' dir='ltr'><strong>totus</strong></span> <span class='ocrx_word' id='word_1_597' title='bbox 1642 1639 1762 1674; x_wconf 90' lang='lat' dir='ltr'><strong>horreo,</strong></span> 
     </span>
    </p>
   </div>
   <div class='ocr_carea' id='block_1_93' title="bbox 943 1686 1763 1725">
    <p class='ocr_par' dir='ltr' id='par_1_93' title="bbox 943 1686 1763 1725">
     <span class='ocr_line' id='line_1_93' title="bbox 943 1686 1763 1725; baseline -0.005 -8"><span class='ocrx_word' id='word_1_598' title='bbox 943 1690 1021 1717; x_wconf 90' lang='lat' dir='ltr'><strong>totus</strong></span> <span class='ocrx_word' id='word_1_599' title='bbox 1036 1686 1242 1723; x_wconf 86' lang='lat' dir='ltr'><strong>contromisco,</strong></span> <span class='ocrx_word' id='word_1_600' title='bbox 1261 1690 1338 1717; x_wconf 88' lang='lat' dir='ltr'><strong>lotus</strong></span> <span class='ocrx_word' id='word_1_601' title='bbox 1351 1687 1381 1717; x_wconf 92' lang='lat' dir='ltr'><strong>in</strong></span> <span class='ocrx_word' id='word_1_602' title='bbox 1398 1687 1535 1717; x_wconf 88' lang='lat' dir='ltr'><strong>timorem</strong></span> <span class='ocrx_word' id='word_1_603' title='bbox 1551 1689 1763 1725; x_wconf 89' lang='lat' dir='ltr'><strong>stuporemque</strong></span> 
     </span>
    </p>
   </div>
   <div class='ocr_carea' id='block_1_94' title="bbox 942 1727 1761 1766">
    <p class='ocr_par' dir='ltr' id='par_1_94' title="bbox 942 1727 1761 1766">
     <span class='ocr_line' id='line_1_94' title="bbox 942 1727 1761 1766; baseline -0.004 -5"><span class='ocrx_word' id='word_1_604' title='bbox 942 1740 1044 1761; x_wconf 86' lang='lat' dir='ltr'><strong>versus</strong></span> <span class='ocrx_word' id='word_1_605' title='bbox 1061 1731 1191 1761; x_wconf 85' lang='lat' dir='ltr'><strong>exclamo</strong></span> <span class='ocrx_word' id='word_1_606' title='bbox 1206 1730 1242 1761; x_wconf 88' lang='lat' dir='ltr'><strong>ad</strong></span> <span class='ocrx_word' id='word_1_607' title='bbox 1271 1734 1311 1762; x_wconf 92' lang='lat' dir='ltr'><strong>te.</strong></span> <span class='ocrx_word' id='word_1_608' title='bbox 1341 1730 1419 1766; x_wconf 80' lang='lat' dir='ltr'><strong>Scio.</strong></span> <span class='ocrx_word' id='word_1_609' title='bbox 1450 1729 1591 1766; x_wconf 84' lang='lat' dir='ltr'><strong>Salvator,</strong></span> <span class='ocrx_word' id='word_1_610' title='bbox 1609 1727 1761 1759; x_wconf 91' lang='lat' dir='ltr'><strong>neminem</strong></span> 
     </span>
    </p>
   </div>
   <div class='ocr_carea' id='block_1_95' title="bbox 941 1774 1764 1816">
    <p class='ocr_par' dir='ltr' id='par_1_95' title="bbox 941 1774 1764 1816">
     <span class='ocr_line' id='line_1_95' title="bbox 941 1774 1764 1816; baseline -0.004 -10"><span class='ocrx_word' id='word_1_611' title='bbox 941 1775 1065 1816; x_wconf 90' lang='lat' dir='ltr'><strong>perinde</strong></span> <span class='ocrx_word' id='word_1_612' title='bbox 1082 1779 1113 1806; x_wconf 94' lang='lat' dir='ltr'><strong>ut</strong></span> <span class='ocrx_word' id='word_1_613' title='bbox 1136 1785 1189 1815; x_wconf 89' lang='lat' dir='ltr'><strong>ego</strong></span> <span class='ocrx_word' id='word_1_614' title='bbox 1220 1784 1357 1816; x_wconf 89' lang='lat' dir='ltr'><strong>peccasse</strong></span> <span class='ocrx_word' id='word_1_615' title='bbox 1387 1775 1451 1814; x_wconf 89' lang='lat' dir='ltr'><strong>tibi,</strong></span> <span class='ocrx_word' id='word_1_616' title='bbox 1481 1784 1537 1806; x_wconf 89' lang='lat' dir='ltr'><strong>nec</strong></span> <span class='ocrx_word' id='word_1_617' title='bbox 1561 1774 1717 1815; x_wconf 84' lang='lat' dir='ltr'><strong>quisquam</strong></span> <span class='ocrx_word' id='word_1_618' title='bbox 1731 1781 1764 1803; x_wconf 88' lang='lat' dir='ltr'><strong>se</strong></span> 
     </span>
    </p>
   </div>
   <div class='ocr_carea' id='block_1_96' title="bbox 942 1817 1763 1860">
    <p class='ocr_par' dir='ltr' id='par_1_96' title="bbox 942 1817 1763 1860">
     <span class='ocr_line' id='line_1_96' title="bbox 942 1817 1763 1860; baseline -0.004 -10"><span class='ocrx_word' id='word_1_619' title='bbox 942 1820 1041 1857; x_wconf 89' lang='lat' dir='ltr'><strong>tantis,</strong></span> <span class='ocrx_word' id='word_1_620' title='bbox 1057 1820 1174 1860; x_wconf 85' lang='lat' dir='ltr'><strong>quantis</strong></span> <span class='ocrx_word' id='word_1_621' title='bbox 1202 1829 1256 1860; x_wconf 83' lang='lat' dir='ltr'><strong>ego</strong></span> <span class='ocrx_word' id='word_1_622' title='bbox 1284 1819 1401 1859; x_wconf 85' lang='lat' dir='ltr'><strong>ﬂagitiis</strong></span> <span class='ocrx_word' id='word_1_623' title='bbox 1426 1819 1546 1851; x_wconf 88' lang='lat' dir='ltr'><strong>involvit</strong></span> <span class='ocrx_word' id='word_1_624' title='bbox 1566 1830 1572 1848; x_wconf 90' lang='lat'>:</span> <span class='ocrx_word' id='word_1_625' title='bbox 1602 1818 1674 1859; x_wconf 88' lang='lat' dir='ltr'><strong>quin</strong></span> <span class='ocrx_word' id='word_1_626' title='bbox 1698 1817 1763 1848; x_wconf 91' lang='lat' dir='ltr'><strong>aliis</strong></span> 
     </span>
    </p>
   </div>
   <div class='ocr_carea' id='block_1_97' title="bbox 941 1863 1764 1905">
    <p class='ocr_par' dir='ltr' id='par_1_97' title="bbox 941 1863 1764 1905">
     <span class='ocr_line' id='line_1_97' title="bbox 941 1863 1764 1905; baseline -0.002 -11"><span class='ocrx_word' id='word_1_627' title='bbox 941 1864 1029 1895; x_wconf 85' lang='lat' dir='ltr'><strong>etiam</strong></span> <span class='ocrx_word' id='word_1_628' title='bbox 1055 1867 1156 1894; x_wconf 91' lang='lat' dir='ltr'><strong>auctor</strong></span> <span class='ocrx_word' id='word_1_629' title='bbox 1184 1864 1360 1905; x_wconf 90' lang='lat' dir='ltr'><strong>perditionis</strong></span> <span class='ocrx_word' id='word_1_630' title='bbox 1384 1864 1436 1895; x_wconf 89' lang='lat' dir='ltr'><strong>fui.</strong></span> <span class='ocrx_word' id='word_1_631' title='bbox 1468 1864 1557 1904; x_wconf 82' lang='lat' dir='ltr'><strong>Atqui</strong></span> <span class='ocrx_word' id='word_1_632' title='bbox 1579 1863 1636 1894; x_wconf 88' lang='lat' dir='ltr'><strong>hoc</strong></span> <span class='ocrx_word' id='word_1_633' title='bbox 1661 1866 1764 1894; x_wconf 88' lang='lat' dir='ltr'><strong>contra</strong></span> 
     </span>
    </p>
   </div>
   <div class='ocr_carea' id='block_1_98' title="bbox 941 1908 1763 1948">
    <p class='ocr_par' dir='ltr' id='par_1_98' title="bbox 941 1908 1763 1948">
     <span class='ocr_line' id='line_1_98' title="bbox 941 1908 1763 1948; baseline -0.002 -9"><span class='ocrx_word' id='word_1_634' title='bbox 941 1909 1020 1945; x_wconf 92' lang='lat' dir='ltr'><strong>novi,</strong></span> <span class='ocrx_word' id='word_1_635' title='bbox 1037 1908 1094 1939; x_wconf 91' lang='lat' dir='ltr'><strong>hoc</strong></span> <span class='ocrx_word' id='word_1_636' title='bbox 1110 1917 1267 1948; x_wconf 89' lang='lat' dir='ltr'><strong>persuasus</strong></span> <span class='ocrx_word' id='word_1_637' title='bbox 1281 1918 1359 1945; x_wconf 91' lang='lat' dir='ltr'><strong>sum,</strong></span> <span class='ocrx_word' id='word_1_638' title='bbox 1387 1908 1465 1939; x_wconf 91' lang='lat' dir='ltr'><strong>Deus</strong></span> <span class='ocrx_word' id='word_1_639' title='bbox 1495 1917 1591 1948; x_wconf 88' lang='lat' dir='ltr'><strong>meus,</strong></span> <span class='ocrx_word' id='word_1_640' title='bbox 1622 1916 1682 1938; x_wconf 91' lang='lat' dir='ltr'><strong>non</strong></span> <span class='ocrx_word' id='word_1_641' title='bbox 1697 1915 1763 1937; x_wconf 90' lang='lat' dir='ltr'><strong>ma-</strong></span> 
     </span>
    </p>
   </div>
   <div class='ocr_carea' id='block_1_99' title="bbox 941 1951 1762 1992">
    <p class='ocr_par' dir='ltr' id='par_1_99' title="bbox 941 1951 1762 1992">
     <span class='ocr_line' id='line_1_99' title="bbox 941 1951 1762 1992; baseline -0.001 -9"><span class='ocrx_word' id='word_1_642' title='bbox 941 1953 1124 1992; x_wconf 85' lang='lat' dir='ltr'><strong>gnitudinem</strong></span> <span class='ocrx_word' id='word_1_643' title='bbox 1139 1953 1349 1990; x_wconf 79' lang='lat' dir='ltr'><strong>admissurum,</strong></span> <span class='ocrx_word' id='word_1_644' title='bbox 1373 1963 1432 1984; x_wconf 92' lang='lat' dir='ltr'><strong>non</strong></span> <span class='ocrx_word' id='word_1_645' title='bbox 1457 1951 1674 1984; x_wconf 89' lang='lat' dir='ltr'><strong>multitudinem</strong></span> <span class='ocrx_word' id='word_1_646' title='bbox 1690 1960 1762 1992; x_wconf 90' lang='lat' dir='ltr'><strong>pec-</strong></span> 
     </span>
    </p>
   </div>
   <div class='ocr_carea' id='block_1_100' title="bbox 943 1997 1762 2038">
    <p class='ocr_par' dir='ltr' id='par_1_100' title="bbox 943 1997 1762 2038">
     <span class='ocr_line' id='line_1_100' title="bbox 943 1997 1762 2038; baseline -0.001 -11"><span class='ocrx_word' id='word_1_647' title='bbox 943 2001 1085 2032; x_wconf 88' lang='lat' dir='ltr'><strong>catorum,</strong></span> <span class='ocrx_word' id='word_1_648' title='bbox 1102 2006 1198 2037; x_wconf 90' lang='lat' dir='ltr'><strong>neque</strong></span> <span class='ocrx_word' id='word_1_649' title='bbox 1227 1998 1439 2038; x_wconf 84' lang='lat' dir='ltr'><strong>turpitudinem</strong></span> <span class='ocrx_word' id='word_1_650' title='bbox 1468 1997 1616 2028; x_wconf 91' lang='lat' dir='ltr'><strong>actionum</strong></span> <span class='ocrx_word' id='word_1_651' title='bbox 1631 2004 1762 2036; x_wconf 88' lang='lat' dir='ltr'><strong>unquam</strong></span> 
     </span>
    </p>
   </div>
   <div class='ocr_carea' id='block_1_101' title="bbox 944 2041 1763 2082">
    <p class='ocr_par' dir='ltr' id='par_1_101' title="bbox 944 2041 1763 2082">
     <span class='ocr_line' id='line_1_101' title="bbox 944 2041 1763 2082; baseline -0.001 -10"><span class='ocrx_word' id='word_1_652' title='bbox 944 2041 1156 2081; x_wconf 83' lang='lat' dir='ltr'><strong>benignitatem</strong></span> <span class='ocrx_word' id='word_1_653' title='bbox 1173 2047 1264 2078; x_wconf 88' lang='lat' dir='ltr'><strong>tuam,</strong></span> <span class='ocrx_word' id='word_1_654' title='bbox 1281 2048 1310 2073; x_wconf 90' lang='lat' dir='ltr'><strong>et</strong></span> <span class='ocrx_word' id='word_1_655' title='bbox 1336 2052 1483 2082; x_wconf 89' lang='lat' dir='ltr'><strong>magnam,</strong></span> <span class='ocrx_word' id='word_1_656' title='bbox 1508 2042 1569 2072; x_wconf 93' lang='lat' dir='ltr'><strong>imo</strong></span> <span class='ocrx_word' id='word_1_657' title='bbox 1595 2050 1664 2071; x_wconf 91' lang='lat' dir='ltr'><strong>vero</strong></span> <span class='ocrx_word' id='word_1_658' title='bbox 1681 2041 1763 2081; x_wconf 89' lang='lat' dir='ltr'><strong>plus-</strong></span> 
     </span>
    </p>
   </div>
   <div class='ocr_carea' id='block_1_102' title="bbox 945 2085 1767 2127">
    <p class='ocr_par' dir='ltr' id='par_1_102' title="bbox 945 2085 1767 2127">
     <span class='ocr_line' id='line_1_102' title="bbox 945 2085 1767 2127; baseline 0 -11"><span class='ocrx_word' id='word_1_659' title='bbox 945 2096 1032 2127; x_wconf 84' lang='lat' dir='ltr'><strong>quam</strong></span> <span class='ocrx_word' id='word_1_660' title='bbox 1064 2095 1209 2127; x_wconf 88' lang='lat' dir='ltr'><strong>magnam,</strong></span> <span class='ocrx_word' id='word_1_661' title='bbox 1235 2091 1264 2117; x_wconf 91' lang='lat' dir='ltr'><strong>et</strong></span> <span class='ocrx_word' id='word_1_662' title='bbox 1283 2097 1370 2127; x_wconf 87' lang='lat' dir='ltr'><strong>quam</strong></span> <span class='ocrx_word' id='word_1_663' title='bbox 1387 2087 1467 2118; x_wconf 91' lang='lat' dir='ltr'><strong>nulla</strong></span> <span class='ocrx_word' id='word_1_664' title='bbox 1483 2086 1568 2125; x_wconf 89' lang='lat' dir='ltr'><strong>ratio,</strong></span> <span class='ocrx_word' id='word_1_665' title='bbox 1585 2085 1666 2116; x_wconf 88' lang='lat' dir='ltr'><strong>nulla</strong></span> <span class='ocrx_word' id='word_1_666' title='bbox 1681 2095 1767 2117; x_wconf 90' lang='lat' dir='ltr'><strong>mens</strong></span> 
     </span>
    </p>
   </div>
   <div class='ocr_carea' id='block_1_103' title="bbox 941 2131 1765 2172">
    <p class='ocr_par' dir='ltr' id='par_1_103' title="bbox 941 2131 1765 2172">
     <span class='ocr_line' id='line_1_103' title="bbox 941 2131 1765 2172; baseline 0 -10"><span class='ocrx_word' id='word_1_667' title='bbox 941 2131 1021 2171; x_wconf 83' lang='lat' dir='ltr'><strong>capit</strong></span> <span class='ocrx_word' id='word_1_668' title='bbox 1050 2131 1286 2162; x_wconf 88' lang='lat' dir='ltr'><strong>misericordiam</strong></span> <span class='ocrx_word' id='word_1_669' title='bbox 1304 2135 1383 2162; x_wconf 90' lang='lat' dir='ltr'><strong>tuam</strong></span> <span class='ocrx_word' id='word_1_670' title='bbox 1400 2140 1657 2172; x_wconf 86' lang='lat' dir='ltr'><strong>supergressuram</strong></span> <span class='ocrx_word' id='word_1_671' title='bbox 1686 2140 1765 2172; x_wconf 87' lang='lat' dir='ltr'><strong>esse,</strong></span> 
     </span>
    </p>
   </div>
   <div class='ocr_carea' id='block_1_104' title="bbox 941 2175 1764 2217">
    <p class='ocr_par' dir='ltr' id='par_1_104' title="bbox 941 2175 1764 2217">
     <span class='ocr_line' id='line_1_104' title="bbox 941 2175 1764 2217; baseline 0.001 -11"><span class='ocrx_word' id='word_1_672' title='bbox 941 2185 1029 2216; x_wconf 87' lang='lat' dir='ltr'><strong>quam</strong></span> <span class='ocrx_word' id='word_1_673' title='bbox 1047 2175 1170 2215; x_wconf 88' lang='lat' dir='ltr'><strong>copiose</strong></span> <span class='ocrx_word' id='word_1_674' title='bbox 1195 2176 1224 2206; x_wconf 91' lang='lat' dir='ltr'><strong>in</strong></span> <span class='ocrx_word' id='word_1_675' title='bbox 1255 2180 1424 2216; x_wconf 81' lang='lat' dir='ltr'><strong>peccatores</strong></span> <span class='ocrx_word' id='word_1_676' title='bbox 1449 2175 1588 2217; x_wconf 80' lang='lat' dir='ltr'><strong>ell‘undis,</strong></span> <span class='ocrx_word' id='word_1_677' title='bbox 1618 2176 1688 2208; x_wconf 92' lang='lat' dir='ltr'><strong>dum</strong></span> <span class='ocrx_word' id='word_1_678' title='bbox 1704 2177 1764 2207; x_wconf 86' lang='lat' dir='ltr'><strong>fer-</strong></span> 
     </span>
    </p>
   </div>
   <div class='ocr_carea' id='block_1_105' title="bbox 943 2220 1766 2261">
    <p class='ocr_par' dir='ltr' id='par_1_105' title="bbox 943 2220 1766 2261">
     <span class='ocr_line' id='line_1_105' title="bbox 943 2220 1766 2261; baseline 0.001 -12"><span class='ocrx_word' id='word_1_679' title='bbox 943 2224 1046 2250; x_wconf 87' lang='lat' dir='ltr'><strong>venter</strong></span> <span class='ocrx_word' id='word_1_680' title='bbox 1075 2223 1167 2258; x_wconf 85' lang='lat' dir='ltr'><strong>agunt</strong></span> <span class='ocrx_word' id='word_1_681' title='bbox 1191 2220 1408 2260; x_wconf 85' lang='lat' dir='ltr'><strong>paenitentiam,</strong></span> <span class='ocrx_word' id='word_1_682' title='bbox 1424 2229 1534 2261; x_wconf 88' lang='lat' dir='ltr'><strong>eosque</strong></span> <span class='ocrx_word' id='word_1_683' title='bbox 1551 2229 1668 2260; x_wconf 89' lang='lat' dir='ltr'><strong>purgas,</strong></span> <span class='ocrx_word' id='word_1_684' title='bbox 1685 2224 1714 2252; x_wconf 92' lang='lat' dir='ltr'><strong>et</strong></span> <span class='ocrx_word' id='word_1_685' title='bbox 1728 2220 1766 2251; x_wconf 90' lang='lat' dir='ltr'><strong>il-</strong></span> 
     </span>
    </p>
   </div>
   <div class='ocr_carea' id='block_1_106' title="bbox 945 2263 1769 2306">
    <p class='ocr_par' dir='ltr' id='par_1_106' title="bbox 945 2263 1769 2306">
     <span class='ocr_line' id='line_1_106' title="bbox 945 2263 1769 2306; baseline 0.002 -12"><span class='ocrx_word' id='word_1_686' title='bbox 945 2264 1084 2300; x_wconf 85' lang='lat' dir='ltr'><strong>luminas,</strong></span> <span class='ocrx_word' id='word_1_687' title='bbox 1103 2268 1132 2294; x_wconf 92' lang='lat' dir='ltr'><strong>et</strong></span> <span class='ocrx_word' id='word_1_688' title='bbox 1156 2263 1277 2295; x_wconf 87' lang='lat' dir='ltr'><strong>luminis</strong></span> <span class='ocrx_word' id='word_1_689' title='bbox 1307 2265 1477 2306; x_wconf 87' lang='lat' dir='ltr'><strong>participes,</strong></span> <span class='ocrx_word' id='word_1_690' title='bbox 1494 2269 1523 2296; x_wconf 92' lang='lat' dir='ltr'><strong>et</strong></span> <span class='ocrx_word' id='word_1_691' title='bbox 1538 2265 1696 2296; x_wconf 88' lang='lat' dir='ltr'><strong>divinitatis</strong></span> <span class='ocrx_word' id='word_1_692' title='bbox 1711 2269 1769 2296; x_wconf 59' lang='lat' dir='ltr'><strong>tua),</strong></span> 
     </span>
    </p>
   </div>
   <div class='ocr_carea' id='block_1_107' title="bbox 945 2308 1767 2349">
    <p class='ocr_par' dir='ltr' id='par_1_107' title="bbox 945 2308 1767 2349">
     <span class='ocr_line' id='line_1_107' title="bbox 945 2308 1767 2349; baseline 0.002 -11"><span class='ocrx_word' id='word_1_693' title='bbox 945 2312 1099 2339; x_wconf 89' lang='lat' dir='ltr'><strong>consortes</strong></span> <span class='ocrx_word' id='word_1_694' title='bbox 1138 2308 1242 2349; x_wconf 83' lang='lat' dir='ltr'><strong>efﬁcis,</strong></span> <span class='ocrx_word' id='word_1_695' title='bbox 1290 2316 1320 2340; x_wconf 87' lang='lat' dir='ltr'><strong>et</strong></span> <span class='ocrx_word' id='word_1_696' title='bbox 1362 2319 1428 2340; x_wconf 92' lang='lat' dir='ltr'><strong>cum</strong></span> <span class='ocrx_word' id='word_1_697' title='bbox 1467 2310 1511 2340; x_wconf 91' lang='lat' dir='ltr'><strong>eis</strong></span> <span class='ocrx_word' id='word_1_698' title='bbox 1547 2309 1626 2340; x_wconf 88' lang='lat' dir='ltr'><strong>haud</strong></span> <span class='ocrx_word' id='word_1_699' title='bbox 1670 2310 1767 2347; x_wconf 87' lang='lat' dir='ltr'><strong>aliter,</strong></span> 
     </span>
    </p>
   </div>
   <div class='ocr_carea' id='block_1_108' title="bbox 946 2353 1769 2395">
    <p class='ocr_par' dir='ltr' id='par_1_108' title="bbox 946 2353 1769 2395">
     <span class='ocr_line' id='line_1_108' title="bbox 946 2353 1769 2395; baseline 0.004 -13"><span class='ocrx_word' id='word_1_700' title='bbox 946 2362 1033 2393; x_wconf 91' lang='lat' dir='ltr'><strong>quam</strong></span> <span class='ocrx_word' id='word_1_701' title='bbox 1071 2362 1138 2383; x_wconf 88' lang='lat' dir='ltr'><strong>cum</strong></span> <span class='ocrx_word' id='word_1_702' title='bbox 1183 2353 1309 2384; x_wconf 85' lang='lat' dir='ltr'><strong>sinceris</strong></span> <span class='ocrx_word' id='word_1_703' title='bbox 1348 2354 1452 2385; x_wconf 90' lang='lat' dir='ltr'><strong>amicis</strong></span> <span class='ocrx_word' id='word_1_704' title='bbox 1497 2354 1636 2392; x_wconf 89' lang='lat' dir='ltr'><strong>versaris,</strong></span> <span class='ocrx_word' id='word_1_705' title='bbox 1678 2358 1769 2395; x_wconf 87' lang='lat' dir='ltr'><strong>atque</strong></span> 
     </span>
    </p>
   </div>
   <div class='ocr_carea' id='block_1_109' title="bbox 947 2396 1136 2437">
    <p class='ocr_par' dir='ltr' id='par_1_109' title="bbox 947 2396 1136 2437">
     <span class='ocr_line' id='line_1_109' title="bbox 947 2396 1136 2437; baseline 0 -9"><span class='ocrx_word' id='word_1_706' title='bbox 947 2396 1136 2437; x_wconf 87' lang='lat' dir='ltr'><strong>colloqueris.</strong></span> 
     </span>
    </p>
   </div>
   <div class='ocr_carea' id='block_1_110' title="bbox 986 2440 1769 2482">
    <p class='ocr_par' dir='ltr' id='par_1_110' title="bbox 986 2440 1769 2482">
     <span class='ocr_line' id='line_1_110' title="bbox 986 2440 1769 2482; baseline 0.004 -11"><span class='ocrx_word' id='word_1_707' title='bbox 986 2440 1009 2471; x_wconf 95' lang='grc' dir='ltr'>Ο</span> <span class='ocrx_word' id='word_1_708' title='bbox 1025 2441 1215 2472; x_wconf 86' lang='lat' dir='ltr'><strong>clementiam</strong></span> <span class='ocrx_word' id='word_1_709' title='bbox 1230 2442 1390 2482; x_wconf 67' lang='lat' dir='ltr'><strong>inﬁnitum,</strong></span> <span class='ocrx_word' id='word_1_710' title='bbox 1406 2453 1423 2474; x_wconf 92' lang='grc' dir='ltr'>ο</span> <span class='ocrx_word' id='word_1_711' title='bbox 1439 2443 1614 2475; x_wconf 89' lang='lat' dir='ltr'><strong>charitatem</strong></span> <span class='ocrx_word' id='word_1_712' title='bbox 1630 2443 1769 2475; x_wconf 68' lang='lat' dir='ltr'><strong>ineffabi-</strong></span> 
     </span>
    </p>
   </div>
   <div class='ocr_carea' id='block_1_111' title="bbox 946 2485 1772 2529">
    <p class='ocr_par' dir='ltr' id='par_1_111' title="bbox 946 2485 1772 2529">
     <span class='ocr_line' id='line_1_111' title="bbox 946 2485 1772 2529; baseline 0.006 -14"><span class='ocrx_word' id='word_1_713' title='bbox 946 2486 1002 2516; x_wconf 81' lang='lat' dir='ltr'><strong>lem</strong></span> <span class='ocrx_word' id='word_1_714' title='bbox 1019 2485 1025 2516; x_wconf 91' lang='lat'><strong>!</strong></span> <span class='ocrx_word' id='word_1_715' title='bbox 1045 2485 1159 2516; x_wconf 87' lang='lat' dir='ltr'><strong>idcirco</strong></span> <span class='ocrx_word' id='word_1_716' title='bbox 1175 2491 1243 2518; x_wconf 85' lang='lat' dir='ltr'><strong>ante</strong></span> <span class='ocrx_word' id='word_1_717' title='bbox 1260 2491 1287 2518; x_wconf 88' lang='lat' dir='ltr'><strong>te</strong></span> <span class='ocrx_word' id='word_1_718' title='bbox 1301 2487 1331 2518; x_wconf 94' lang='lat' dir='ltr'><strong>in</strong></span> <span class='ocrx_word' id='word_1_719' title='bbox 1343 2497 1440 2528; x_wconf 82' lang='lat' dir='ltr'><strong>genua</strong></span> <span class='ocrx_word' id='word_1_720' title='bbox 1456 2488 1589 2529; x_wconf 86' lang='lat' dir='ltr'><strong>procido,</strong></span> <span class='ocrx_word' id='word_1_721' title='bbox 1619 2492 1648 2519; x_wconf 89' lang='lat' dir='ltr'><strong>et</strong></span> <span class='ocrx_word' id='word_1_722' title='bbox 1664 2498 1772 2528; x_wconf 74' lang='lat' dir='ltr'><strong>magno</strong></span> 
     </span>
    </p>
   </div>
   <div class='ocr_carea' id='block_1_112' title="bbox 947 2530 1771 2573">
    <p class='ocr_par' dir='ltr' id='par_1_112' title="bbox 947 2530 1771 2573">
     <span class='ocr_line' id='line_1_112' title="bbox 947 2530 1771 2573; baseline 0.006 -14"><span class='ocrx_word' id='word_1_723' title='bbox 947 2534 974 2560; x_wconf 88' lang='lat' dir='ltr'><strong>te</strong></span> <span class='ocrx_word' id='word_1_724' title='bbox 988 2530 1117 2560; x_wconf 87' lang='lat' dir='ltr'><strong>clamore</strong></span> <span class='ocrx_word' id='word_1_725' title='bbox 1128 2532 1244 2572; x_wconf 90' lang='lat' dir='ltr'><strong>appello</strong></span> <span class='ocrx_word' id='word_1_726' title='bbox 1257 2541 1263 2563; x_wconf 87' lang='lat'>:</span> <span class='ocrx_word' id='word_1_727' title='bbox 1281 2532 1357 2564; x_wconf 87' lang='lat' dir='ltr'><strong>sicut</strong></span> <span class='ocrx_word' id='word_1_728' title='bbox 1367 2532 1524 2573; x_wconf 82' lang='lat' dir='ltr'><strong>prodigum</strong></span> <span class='ocrx_word' id='word_1_729' title='bbox 1537 2537 1566 2564; x_wconf 88' lang='lat' dir='ltr'><strong>et</strong></span> <span class='ocrx_word' id='word_1_730' title='bbox 1582 2533 1771 2564; x_wconf 87' lang='lat' dir='ltr'><strong>meretricem</strong></span> 
     </span>
    </p>
   </div>
   <div class='ocr_carea' id='block_1_113' title="bbox 945 2575 1775 2618">
    <p class='ocr_par' dir='ltr' id='par_1_113' title="bbox 945 2575 1775 2618">
     <span class='ocr_line' id='line_1_113' title="bbox 945 2575 1775 2618; baseline 0.004 -13"><span class='ocrx_word' id='word_1_731' title='bbox 945 2575 980 2605; x_wconf 84' lang='lat' dir='ltr'><strong>ad</strong></span> <span class='ocrx_word' id='word_1_732' title='bbox 1010 2580 1040 2605; x_wconf 85' lang='lat' dir='ltr'><strong>te</strong></span> <span class='ocrx_word' id='word_1_733' title='bbox 1071 2577 1252 2607; x_wconf 87' lang='lat' dir='ltr'><strong>accedentes</strong></span> <span class='ocrx_word' id='word_1_734' title='bbox 1279 2578 1310 2607; x_wconf 93' lang='lat' dir='ltr'><strong>in</strong></span> <span class='ocrx_word' id='word_1_735' title='bbox 1335 2577 1457 2616; x_wconf 84' lang='lat' dir='ltr'><strong>gratiam</strong></span> <span class='ocrx_word' id='word_1_736' title='bbox 1488 2577 1775 2618; x_wconf 65' lang='lat' dir='ltr'><strong>recepisti,fita;me</strong></span> 
     </span>
    </p>
   </div>
   <div class='ocr_carea' id='block_1_114' title="bbox 946 2619 1776 2663">
    <p class='ocr_par' dir='ltr' id='par_1_114' title="bbox 946 2619 1776 2663">
     <span class='ocr_line' id='line_1_114' title="bbox 946 2619 1776 2663; baseline 0.005 -14"><span class='ocrx_word' id='word_1_737' title='bbox 946 2619 1057 2658; x_wconf 90' lang='lat' dir='ltr'><strong>recipe,</strong></span> <span class='ocrx_word' id='word_1_738' title='bbox 1078 2620 1248 2652; x_wconf 84' lang='lat' dir='ltr'><strong>misericors</strong></span> <span class='ocrx_word' id='word_1_739' title='bbox 1277 2620 1419 2659; x_wconf 87' lang='lat' dir='ltr'><strong>Salvator,</strong></span> <span class='ocrx_word' id='word_1_740' title='bbox 1448 2622 1641 2663; x_wconf 74' lang='lat' dir='ltr'><strong>pmnitentem</strong></span> <span class='ocrx_word' id='word_1_741' title='bbox 1656 2631 1691 2653; x_wconf 88' lang='lat' dir='ltr'><strong>ex</strong></span> <span class='ocrx_word' id='word_1_742' title='bbox 1703 2622 1776 2660; x_wconf 68' lang='lat' dir='ltr'><strong>{ani-</strong></span> 
     </span>
    </p>
   </div>
   <div class='ocr_carea' id='block_1_115' title="bbox 946 2664 1777 2705">
    <p class='ocr_par' dir='ltr' id='par_1_115' title="bbox 946 2664 1777 2705">
     <span class='ocr_line' id='line_1_115' title="bbox 946 2664 1777 2705; baseline 0.006 -12"><span class='ocrx_word' id='word_1_743' title='bbox 946 2673 1005 2700; x_wconf 85' lang='lat' dir='ltr'><strong>mo,</strong></span> <span class='ocrx_word' id='word_1_744' title='bbox 1036 2667 1065 2694; x_wconf 87' lang='lat' dir='ltr'><strong>et</strong></span> <span class='ocrx_word' id='word_1_745' title='bbox 1097 2664 1237 2705; x_wconf 74' lang='lat' dir='ltr'><strong>lacrymas</strong></span> <span class='ocrx_word' id='word_1_746' title='bbox 1266 2675 1349 2696; x_wconf 76' lang='lat' dir='ltr'><strong>mens</strong></span> <span class='ocrx_word' id='word_1_747' title='bbox 1370 2671 1453 2698; x_wconf 90' lang='lat' dir='ltr'><strong>utet</strong></span> <span class='ocrx_word' id='word_1_748' title='bbox 1481 2667 1561 2697; x_wconf 91' lang='lat' dir='ltr'><strong>fonte</strong></span> <span class='ocrx_word' id='word_1_749' title='bbox 1586 2667 1777 2698; x_wconf 88' lang='lat' dir='ltr'><strong>continenter</strong></span> 
     </span>
    </p>
   </div>
   <div class='ocr_carea' id='block_1_116' title="bbox 946 2708 1777 2752">
    <p class='ocr_par' dir='ltr' id='par_1_116' title="bbox 946 2708 1777 2752">
     <span class='ocr_line' id='line_1_116' title="bbox 946 2708 1777 2752; baseline 0.006 -15"><span class='ocrx_word' id='word_1_750' title='bbox 946 2708 1091 2738; x_wconf 86' lang='lat' dir='ltr'><strong>stillantes</strong></span> <span class='ocrx_word' id='word_1_751' title='bbox 1107 2717 1165 2739; x_wconf 89' lang='lat' dir='ltr'><strong>non</strong></span> <span class='ocrx_word' id='word_1_752' title='bbox 1181 2715 1369 2751; x_wconf 77' lang='lat' dir='ltr'><strong>aspernatus,</strong></span> <span class='ocrx_word' id='word_1_753' title='bbox 1396 2711 1483 2742; x_wconf 88' lang='lat' dir='ltr'><strong>ablue</strong></span> <span class='ocrx_word' id='word_1_754' title='bbox 1507 2721 1561 2752; x_wconf 91' lang='lat' dir='ltr'><strong>per</strong></span> <span class='ocrx_word' id='word_1_755' title='bbox 1584 2711 1654 2743; x_wconf 89' lang='lat' dir='ltr'><strong>illas</strong></span> <span class='ocrx_word' id='word_1_756' title='bbox 1670 2711 1777 2742; x_wconf 64' lang='lat' dir='ltr'><strong>animae</strong></span> 
     </span>
    </p>
   </div>
   <div class='ocr_carea' id='block_1_117' title="bbox 945 2752 1776 2797">
    <p class='ocr_par' dir='ltr' id='par_1_117' title="bbox 945 2752 1776 2797">
     <span class='ocr_line' id='line_1_117' title="bbox 945 2752 1776 2797; baseline 0.006 -15"><span class='ocrx_word' id='word_1_757' title='bbox 945 2761 1030 2789; x_wconf 69' lang='lat' dir='ltr'><strong>meae,</strong></span> <span class='ocrx_word' id='word_1_758' title='bbox 1049 2752 1137 2784; x_wconf 88' lang='lat' dir='ltr'><strong>ablue</strong></span> <span class='ocrx_word' id='word_1_759' title='bbox 1168 2756 1315 2794; x_wconf 88' lang='lat' dir='ltr'><strong>corporis,</strong></span> <span class='ocrx_word' id='word_1_760' title='bbox 1343 2766 1415 2797; x_wconf 88' lang='lat' dir='ltr'><strong>quas</strong></span> <span class='ocrx_word' id='word_1_761' title='bbox 1439 2765 1475 2788; x_wconf 80' lang='lat' dir='ltr'><strong>ex</strong></span> <span class='ocrx_word' id='word_1_762' title='bbox 1505 2755 1637 2788; x_wconf 89' lang='lat' dir='ltr'><strong>motibus</strong></span> <span class='ocrx_word' id='word_1_763' title='bbox 1649 2766 1709 2787; x_wconf 92' lang='lat' dir='ltr'><strong>non</strong></span> <span class='ocrx_word' id='word_1_764' title='bbox 1724 2766 1776 2787; x_wconf 91' lang='lat' dir='ltr'><strong>re-</strong></span> 
     </span>
    </p>
   </div>
   <div class='ocr_carea' id='block_1_118' title="bbox 946 2797 1777 2843">
    <p class='ocr_par' dir='ltr' id='par_1_118' title="bbox 946 2797 1777 2843">
     <span class='ocr_line' id='line_1_118' title="bbox 946 2797 1777 2843; baseline 0.007 -16"><span class='ocrx_word' id='word_1_765' title='bbox 946 2797 1001 2828; x_wconf 88' lang='lat' dir='ltr'><strong>ctis</strong></span> <span class='ocrx_word' id='word_1_766' title='bbox 1016 2799 1153 2843; x_wconf 78' lang='lat' dir='ltr'><strong>contraxi</strong></span> <span class='ocrx_word' id='word_1_767' title='bbox 1169 2801 1311 2831; x_wconf 88' lang='lat' dir='ltr'><strong>maculas.</strong></span> <span class='ocrx_word' id='word_1_768' title='bbox 1336 2801 1410 2832; x_wconf 90' lang='lat' dir='ltr'><strong>Elue</strong></span> <span class='ocrx_word' id='word_1_769' title='bbox 1425 2810 1544 2843; x_wconf 88' lang='lat' dir='ltr'><strong>quoque</strong></span> <span class='ocrx_word' id='word_1_770' title='bbox 1557 2811 1611 2832; x_wconf 87' lang='lat' dir='ltr'><strong>cor</strong></span> <span class='ocrx_word' id='word_1_771' title='bbox 1624 2811 1726 2834; x_wconf 88' lang='lat' dir='ltr'><strong>meum</strong></span> <span class='ocrx_word' id='word_1_772' title='bbox 1740 2801 1777 2833; x_wconf 89' lang='lat' dir='ltr'><strong>ab</strong></span> 
     </span>
    </p>
   </div>
   <div class='ocr_carea' id='block_1_119' title="bbox 925 2840 1776 2888">
    <p class='ocr_par' dir='ltr' id='par_1_119' title="bbox 925 2840 1776 2888">
     <span class='ocr_line' id='line_1_119' title="bbox 925 2840 1776 2888; baseline 0.008 -17"><span class='ocrx_word' id='word_1_773' title='bbox 925 2840 1028 2872; x_wconf 71' lang='lat' dir='ltr'><strong>~omni</strong></span> <span class='ocrx_word' id='word_1_774' title='bbox 1047 2843 1192 2882; x_wconf 88' lang='lat' dir='ltr'><strong>nequitia.</strong></span> <span class='ocrx_word' id='word_1_775' title='bbox 1212 2844 1287 2876; x_wconf 86' lang='lat' dir='ltr'><strong>illud</strong></span> <span class='ocrx_word' id='word_1_776' title='bbox 1313 2840 1462 2886; x_wconf 79' lang='lat' dir='ltr'><strong>siquidem</strong></span> <span class='ocrx_word' id='word_1_777' title='bbox 1486 2840 1569 2877; x_wconf 65' lang='lat' dir='ltr'><strong>radix</strong></span> <span class='ocrx_word' id='word_1_778' title='bbox 1584 2850 1614 2878; x_wconf 89' lang='lat' dir='ltr'><strong>et</strong></span> <span class='ocrx_word' id='word_1_779' title='bbox 1628 2846 1694 2878; x_wconf 92' lang='lat' dir='ltr'><strong>fons</strong></span> <span class='ocrx_word' id='word_1_780' title='bbox 1709 2856 1776 2888; x_wconf 86' lang='lat' dir='ltr'><strong>pec-</strong></span> 
     </span>
    </p>
   </div>
  </div>
