1978 3078
234 175 294 207 535

883 165 1075 204 8ΥΜΕοΝ18
1095 166 1272 204 JUNIORIS

1869 169 1939 203 536

233 242 290 273 cati
305 246 361 274 est.
377 241 515 282 Nequitia
529 241 597 272 mali
612 239 802 271 seminatoris
827 237 936 269 malum
952 244 1055 282 semen
1066 239 1087 262 Δ
1099 240 1128 266 et
1142 247 1259 270 rursum
1275 240 1341 271 sine
1359 241 1467 271 timore
1480 239 1510 271 in
1526 240 1626 271 anima
1651 249 1710 271 non
1737 239 1941 280 progignitur

232 285 294 316 illic
306 279 464 326 germinat,
482 289 511 317 et
526 286 555 316 in
570 285 662 316 altum
676 292 828 320 crescens,
846 290 944 313 ramos
962 279 1056 326 pluri-

233 339 297 361 mos
312 329 508 370 improbitatis
536 339 570 361 ac
601 328 770 360 vitiositatis
799 326 945 367 producit.
963 325 1058 364 Hujus

231 369 498 406 radicesfunditus
524 374 626 411 evelle,
653 373 771 405 Christe
794 381 889 408 meus,
906 374 935 401 et
951 369 1057 401 animae

232 422 319 460 atque
335 419 432 450 cordis
444 420 503 451 mei
519 419 645 459 agellum
657 427 760 459 purga,
778 422 807 448 et
824 417 962 447 timorem
975 420 1056 460 tuum

232 459 291 493 illis
309 463 420 500 insere,
437 468 467 495 et
481 464 518 495 da
545 468 577 495 ut
598 463 715 494 radices
744 465 820 501 agat,
837 470 870 492 ac
885 459 1055 500 repullulet,

232 512 265 539 ut
294 507 323 538 in
354 508 481 539 sublime
509 512 660 539 excrescat
689 506 823 537 custodia
850 505 1054 535 mandatorum

233 556 361 588 tuorum,
379 552 448 583 dum
465 553 496 583 in
520 553 610 583 horas
635 551 770 592 apponis,
789 549 995 589 adhibitasque
1011 548 1055 578 la-

231 606 345 637 crymas
361 606 441 628 meas
452 597 572 628 ﬂuentis
592 596 774 628 scatentibus
784 603 895 634 auges:
914 603 970 633 quo
985 592 1055 623 inde

231 641 380 681 irrigatus,
413 641 616 681 maximopere
640 641 860 671 incrementum
889 637 996 678 capiat,
1026 640 1055 667 et

231 689 374 726 quantum
397 685 606 716 corroboratur
622 689 650 716 et
674 684 827 719 attollitur,
858 687 968 712 tantum
1000 690 1053 726 pro

230 725 293 760 rata
310 733 392 769 parte
415 730 566 761 humilitas
581 739 647 760 cum
664 739 698 760 eo
715 731 865 767 augescat,
882 726 929 757 cui
945 725 1055 756 turbidi

231 778 328 804 motus
342 783 446 805 omnes
461 774 580 809 cedunt,
601 779 631 805 et
660 783 727 805 cum
745 773 781 803 iis
796 772 963 803 daemonum
980 770 1055 810 pha-

231 819 299 849 lanx
313 818 480 859 repellitur,
511 828 598 859 quam
628 818 749 848 virtutes
779 816 934 852 universae,
958 818 990 844 ut
1004 823 1054 844 re-

1099 282 1148 313 hic
1163 283 1287 315 fructus.

1139 327 1217 359 Vere
1245 329 1384 369 quiddam
1413 329 1590 367 mirabilius,
1626 338 1713 370 quam
1741 328 1937 368 cogitatione

1099 372 1207 403 nedum
1224 383 1363 404 sermone
1393 374 1487 414 possis
1511 374 1643 414 assequi,
1665 373 1800 405 arborem
1819 372 1937 404 labore

1098 416 1205 448 cultam
1234 419 1406 456 ﬂorescere,
1446 423 1474 450 et
1514 418 1640 450 fructum
1669 419 1760 454 ferre.
1789 418 1934 449 fructum

1097 466 1196 493 autem
1206 466 1293 494 totam
1306 463 1444 494 arborem
1455 463 1599 495 radicitus
1609 463 1784 504 exstirpare,
1805 462 1934 493 solum-

1097 516 1155 546 que
1168 507 1298 539 fructum
1315 517 1503 548 permanere.
1515 507 1580 544 Quo
1589 512 1672 549 pacto
1683 508 1796 539 fructus
1807 507 1935 547 absque

1097 550 1203 582 arbore
1212 552 1261 587 sit,
1276 552 1424 592 explicare
1435 562 1556 593 prorsus
1568 562 1694 594 nequeo.
1708 553 1805 584 Manet
1821 556 1933 583 tamen

1098 599 1126 626 et
1142 599 1185 626 est
1200 599 1298 627 tamen
1321 597 1448 628 charitas
1476 597 1541 628 sine
1570 597 1688 634 timore,
1711 606 1746 628 eo
1773 606 1832 636 quo
1852 600 1932 627 tan-

1094 649 1181 680 quam
1208 645 1330 681 parente
1354 641 1504 681 proﬂuxit.
1530 641 1666 672 Charitas
1691 641 1780 681 igitur
1795 649 1929 671 omnem

1096 684 1228 724 profecto
1240 685 1270 716 in
1287 695 1318 716 se
1333 686 1463 717 latitiam
1478 686 1620 726 continet,
1638 689 1668 717 et
1692 686 1798 725 gaudio
1811 686 1930 726 jucun-

1096 729 1245 769 ditateque
1251 730 1447 762 sehabentem
1454 731 1597 766 cumulat,
1606 730 1755 770 efﬁcitque
1762 734 1832 761 utse
1839 734 1932 760 extra

1097 774 1240 804 mundum
1269 784 1335 805 esse
1361 775 1480 812 sentiat,
1508 784 1574 816 quae
1592 775 1715 806 facultas
1732 775 1764 805 in
1780 774 1928 805 timorem

1097 817 1267 858 neutiquam
1283 819 1371 850 cadit.
1387 819 1461 850 Nam
1477 829 1545 850 cum
1577 820 1602 850 is
1634 819 1713 850 intra
1738 828 1773 850 ea
1787 818 1838 855 sit,
1858 827 1931 859 quae

231 856 357 901 ginam;
376 856 573 900 circumdare,
610 867 639 894 et
677 866 816 903 tanquam
846 859 996 894 custodes,
1027 856 1160 893 ethisu
1175 856 1348 903 cteterisque
1371 864 1510 894 sensibus
1534 863 1750 904 percipiuntur,
1768 856 1928 903 quomodo

232 907 347 948 amicae,
364 912 392 939 et
410 908 527 939 famulae
552 908 702 939 dominam
728 905 864 937 comitari
880 907 1053 948 cernuntur.

231 951 283 982 His
298 946 397 982 autem
414 951 611 991 congregatis,
644 955 672 982 et
697 949 883 986 consociatis,
910 948 941 978 in
958 946 1055 977 medio

231 1005 334 1026 earum
346 997 423 1027 velut
442 996 530 1027 arbor
545 1005 631 1027 secus
652 996 795 1026 decursus
807 1002 949 1033 aquarum
968 991 1054 1032 plan-

233 1044 308 1070 tatus
321 1041 346 1062 εί
377 1041 466 1080 timor
491 1046 559 1072 tuus
588 1040 759 1076 efﬂorescit,
788 1042 817 1069 et
845 1036 956 1068 sensim
981 1035 1056 1067 mihi

231 1085 334 1115 ﬂorem
363 1094 469 1115 novum
501 1084 641 1117 ostendit.
671 1083 784 1115 Novum
814 1082 884 1118 dixi,
916 1080 1055 1122 quoniam

231 1133 335 1160 natura
364 1129 460 1160 omnis
488 1129 651 1160 secundum
682 1138 775 1168 genus
800 1136 886 1158 suum
912 1125 998 1166 parit,
1026 1131 1056 1155 et

231 1173 370 1204 arborum
386 1173 519 1204 omnium
548 1182 651 1204 semen
679 1172 843 1204 secundum
860 1179 953 1210 genus
969 1178 1053 1199 sunm

231 1218 262 1249 in
278 1228 455 1260 unaquaque
471 1219 560 1250 inest.
578 1219 680 1249 Timor
695 1222 794 1250 autem
811 1221 889 1253 tuus,
908 1220 935 1246 et
950 1216 1054 1246 ﬂorem

231 1272 314 1294 novae
330 1263 485 1303 cujusdam
501 1268 625 1301 naturze,
642 1268 672 1294 et
695 1263 821 1293 fructum
837 1269 920 1301 aeque
935 1268 1053 1296 novum,

233 1312 261 1338 et
277 1317 293 1338 a
308 1317 340 1339 se
357 1308 487 1340 alienum
504 1308 637 1339 exhibet.
669 1308 720 1340 Est
750 1315 877 1346 namque
902 1305 990 1335 timor
1005 1312 1057 1334 sua

232 1356 337 1383 natura
349 1355 485 1383 mteroris
496 1353 612 1392 plenus,
630 1357 659 1383 et
673 1362 690 1383 a
705 1361 737 1383 se
753 1355 921 1390 oceupatos,
937 1357 1057 1388 semper

235 1404 342 1428 maesto
357 1397 451 1434 vultu,
480 1397 698 1437 centractisque
728 1394 897 1436 superciliis
915 1393 1056 1424 incedere

231 1441 313 1478 facit,
332 1444 468 1482 tanquam
486 1450 598 1478 servos,
616 1448 754 1481 tanquam
771 1440 870 1470 multis
881 1437 1056 1469 verberibus

232 1485 348 1524 dignos,
367 1489 506 1526 tanquam
522 1485 552 1515 in
569 1485 656 1516 horas
673 1484 805 1516 exscindi
817 1493 849 1514 se
860 1493 877 1514 a
891 1486 986 1513 morte
1001 1491 1053 1513 ex-

231 1519 398 1570 spectantes
411 1519 463 1568 ;let
477 1530 584 1561 falcem
600 1530 720 1570 quidem
733 1529 813 1560 illius
827 1528 971 1565 videntes,
989 1536 1053 1557 mo-
1064 1519 1084 1544 α

232 1578 364 1605 mentum
392 1584 461 1605 vero
491 1574 686 1613 ignorantes;
717 1583 772 1604 nec
797 1582 879 1613 spem
898 1572 1051 1609 habentes,

231 1628 287 1650 nec
303 1619 418 1659 plenam
434 1619 523 1649 fidem
539 1619 678 1660 perfectae
691 1618 806 1656 veniae;
822 1617 873 1647 sed
891 1620 1054 1647 trementes

231 1663 319 1693 finem
329 1663 472 1702 etjudicii
482 1663 561 1693 illius
576 1663 765 1699 sententiam,
784 1665 815 1692 ut
828 1661 973 1692 incertam
985 1660 1051 1691 ani-

229 1709 285 1738 mis
300 1712 329 1738 et
344 1708 488 1738 memoria
503 1708 760 1738 circumferentes.
778 1707 845 1738 Flos
860 1705 949 1745 igitur
963 1714 1051 1745 quem

228 1753 313 1783 etl‘ert
328 1752 428 1792 specie
443 1756 488 1783 est
515 1752 720 1792 inexplicabili
736 1761 744 1790 ;
774 1751 827 1782 sed
843 1751 940 1781 minus
955 1755 1053 1780 tamen

229 1797 334 1827 modus
351 1797 415 1836 ejus
431 1797 574 1837 explicari
602 1800 709 1837 potest.
740 1796 813 1827 Nam
839 1795 909 1826 dum
926 1795 1053 1834 erumpit

227 1842 361 1880 videtur;
374 1842 530 1874 sedstatim
543 1841 745 1878 absconditur,
758 1840 836 1882 quod
850 1849 906 1871 nec
917 1839 1053 1870 naturale

227 1896 282 1917 nec
313 1896 500 1927 consequens
540 1891 594 1921 est.
639 1895 740 1917 verum
778 1889 889 1916 naturae
918 1889 1051 1915 naturam

229 1932 468 1963 conditionemve
475 1935 606 1971 superat,
619 1934 814 1971 naturamque
827 1939 946 1960 onmem
960 1934 1052 1960 trans-

229 1976 340 2007 cendit.
369 1976 523 2016 Paulisper
549 1976 680 2006 cernitur
720 1976 776 2006 ﬂos
804 1978 863 2005 tam
893 1974 1050 2010 formosus,

228 2030 316 2061 quam
330 2020 429 2051 verbis
446 2020 536 2051 nullis
551 2021 695 2051 declarari
711 2023 811 2060 queat,
830 2023 858 2049 et
873 2018 907 2049 ad
926 2028 958 2048 se
980 2027 1053 2048 con-

228 2065 427 2105 templandam
452 2066 528 2105 rapit
559 2069 690 2095 mentem
708 2074 814 2100 meam,
834 2073 888 2094 nec
903 2062 1054 2103 quidpiam

228 2119 330 2140 eorum
348 2109 520 2140 meminisse
536 2109 617 2146 sinit,
634 2118 698 2149 quae
715 2108 805 2139 timor
834 2112 974 2147 suggerit,
1004 2106 1055 2137 sed

228 2155 361 2186 omnium
379 2154 451 2185 mihi
469 2159 529 2185 tum
559 2154 742 2185 oblivionem
771 2153 895 2190 inducit,
927 2156 955 2182 et
976 2155 1056 2182 actu-

1097 916 1208 947 quaeso,
1235 908 1388 939 timentem
1417 908 1520 948 procul
1546 909 1583 940 ab
1610 908 1656 939 his
1687 909 1860 948 sejungere,
1896 912 1929 938 et

1098 951 1164 991 ejus
1189 961 1310 983 sensum
1338 952 1518 984 omnimodis
1555 962 1622 983 cum
1656 952 1928 993 inaspectabilibus

1097 996 1290 1036 conjungere,
1319 1007 1354 1028 ac
1378 997 1530 1028 devincire
1559 997 1619 1027 ulla
1644 997 1760 1028 ratione
1785 996 1926 1028 valebit?

1097 1041 1241 1071 Caeterum
1260 1042 1324 1077 ﬂos,
1354 1045 1383 1072 et
1405 1041 1529 1079 fructus,
1559 1050 1647 1081 quem
1677 1041 1767 1071 timor
1782 1045 1923 1081 generat,

1098 1085 1237 1122 charitas,
1254 1086 1387 1126 inquam,
1406 1095 1442 1116 an
1456 1086 1518 1116 haec
1528 1086 1636 1122 valeat,
1647 1085 1749 1122 velim,
1760 1086 1815 1124 ais,
1829 1095 1924 1117 nosse

1097 1130 1265 1170 perspicue.
1295 1129 1426 1170 Exprimi
1453 1130 1516 1161 haec
1545 1133 1709 1170 nequeunt,
1726 1134 1757 1161 ut
1787 1130 1924 1161 afﬁrma-

1096 1174 1147 1204 vi:
1185 1179 1387 1205 verumtamen
1415 1175 1535 1206 adverte
1563 1174 1707 1210 animum,
1745 1178 1775 1205 et
1803 1178 1832 1206 te
1863 1174 1922 1206 do-

1097 1218 1181 1250 oebo.

1137 1263 1259 1294 Divinus
1283 1263 1410 1304 Spiritus
1439 1267 1484 1295 est
1517 1263 1658 1302 charitas,
1689 1263 1791 1294 lumen
1819 1263 1923 1295 omnia

1098 1316 1236 1348 operans,
1266 1312 1295 1339 et
1311 1308 1474 1339 illustrans.
1503 1307 1715 1339 Verumtamen
1740 1316 1800 1340 non
1830 1312 1876 1339 est
1905 1318 1922 1339 e

1099 1353 1221 1391 mundo,
1239 1362 1335 1394 neque
1364 1352 1485 1383 omnino
1514 1352 1625 1393 aliquid
1642 1353 1758 1390 mundi,
1775 1362 1823 1384 me
1837 1362 1922 1384 crea-

1098 1401 1173 1433 tura,
1191 1397 1259 1438 quia
1273 1398 1449 1435 increalum,
1480 1401 1510 1428 et
1533 1401 1614 1428 extra
1629 1401 1779 1428 creaturas
1796 1397 1921 1428 univer-

1095 1451 1154 1482 sas,
1167 1445 1196 1472 et
1207 1442 1242 1472 ab
1255 1441 1393 1472 omnibus
1405 1445 1585 1482 separatum,
1597 1442 1761 1472 increatum
1775 1442 1804 1472 in
1820 1442 1921 1473 medio

1097 1490 1273 1517 creatorum.
1291 1486 1438 1527 Intellige,
1455 1486 1508 1523 ﬁli,
1525 1485 1596 1526 quid
1625 1486 1704 1517 dico.
1721 1485 1784 1517 Hoc
1799 1486 1919 1518 increa-

1097 1535 1157 1561 tum
1170 1540 1320 1571 nunquam
1332 1531 1427 1562 creari
1439 1534 1545 1571 potest.
1556 1530 1694 1561 Attamen
1703 1530 1727 1561 si
1737 1531 1815 1568 velit,
1830 1531 1918 1562 etiam

1095 1576 1151 1606 hoc
1162 1576 1259 1606 facere
1271 1579 1378 1615 potest,
1391 1574 1518 1612 scilicet,
1533 1578 1564 1605 ut
1574 1579 1710 1606 creatura
1721 1575 1780 1606 ﬁat.
1802 1575 1919 1607 Etenim

1094 1620 1239 1660 Verbum,
1255 1620 1367 1660 Spiritu
1382 1623 1572 1660 cooperante,
1591 1623 1621 1650 et
1637 1621 1723 1651 Patre
1739 1619 1778 1652 ita
1789 1620 1917 1659 volente,

1094 1664 1204 1696 nullam
1221 1664 1267 1695 sui
1283 1664 1476 1696 mutationem
1494 1673 1623 1704 passum,
1641 1665 1794 1696 hominem
1809 1664 1917 1703 induit,

1093 1710 1206 1750 quique
1221 1715 1286 1740 erat
1302 1713 1406 1740 natura
1421 1709 1501 1740 Deus
1530 1708 1692 1749 increatus,
1724 1709 1812 1740 modo
1837 1710 1917 1740 inef—

1094 1754 1175 1785 fabili
1202 1757 1338 1785 creatura
1365 1753 1460 1785 factus
1491 1757 1547 1789 est,
1578 1757 1608 1784 et
1635 1762 1670 1784 eo
1697 1753 1776 1794 quod
1802 1763 1918 1785 assum-

1095 1803 1194 1838 pserat
1209 1798 1356 1835 deificato,
1374 1797 1504 1828 ostendit
1519 1797 1593 1828 mihi
1609 1797 1718 1837 duplex
1742 1797 1917 1829 miraculum

1095 1843 1237 1874 ambabus
1252 1842 1468 1880 functionibus,
1496 1846 1524 1872 et
1552 1842 1751 1873 voluntatibus
1767 1842 1915 1880 similiter,

1094 1887 1253 1924 visibilem,
1264 1886 1492 1923 etinvisibilem,
1502 1886 1554 1926 qui
1562 1886 1730 1927 teneri,nec
1739 1886 1833 1917 teneri
1846 1897 1916 1927 pos-

1095 1934 1149 1964 sit:
1159 1936 1187 1963 et
1197 1932 1247 1972 qui
1261 1931 1421 1972 apparebat
1433 1935 1464 1961 ut
1473 1935 1611 1962 creatura
1619 1931 1649 1962 in
1662 1930 1760 1962 medio
1771 1936 1916 1962 creatura-

1094 1986 1160 2007 rum
1177 1976 1321 2014 omnium,
1339 1980 1372 2006 ut
1396 1985 1455 2006 non
1480 1980 1616 2006 creatura
1643 1975 1823 2015 disparebat,
1840 1976 1915 2007 sieut

1096 2021 1139 2052 illi
1155 2020 1306 2061 putabant.
1333 2021 1371 2051 At
1393 2019 1474 2050 enim
1502 2020 1674 2060 neutiquam
1702 2020 1912 2058 evanescebat;

1097 2066 1149 2098 sed
1164 2066 1194 2098 in
1225 2065 1322 2096 medio
1350 2065 1483 2095 omnium
1512 2069 1715 2096 creaturarum
1732 2065 1911 2096 sensibilium

1098 2114 1214 2141 exstans
1229 2109 1372 2146 Verbum,
1392 2119 1460 2140 cum
1489 2118 1523 2140 eo
1553 2109 1631 2150 quod
1647 2113 1849 2150 assumpserat
1862 2119 1912 2140 co-

1098 2155 1240 2195 pulatum,
1271 2158 1302 2184 ut
1329 2157 1466 2185 creatura
1492 2163 1551 2184 non
1581 2153 1774 2184 cernebatur.
1791 2156 1912 2184 Assum-

227 2205 288 2230 tum
304 2200 412 2230 avolat.
430 2199 472 2230 Ita
488 2199 577 2230 arbor
593 2198 708 2229 timoris
731 2198 841 2229 ilerum
865 2198 943 2242 ﬂore
961 2196 1176 2242 desti-Dptam
1193 2203 1294 2230 autem
1309 2202 1476 2229 creaturam
1493 2198 1604 2235 celans,
1634 2201 1684 2228 aut
1699 2198 1729 2228 in
1745 2198 1868 2229 sublime
1883 2198 1912 2229 in

229 2245 330 2279 tuitur,
352 2249 380 2274 et
411 2253 464 2283 ego
496 2244 526 2274 in
560 2243 707 2274 tristitiam
735 2243 820 2272 datus
836 2241 1010 2281 ingemisco,
1028 2241 1072 2271 et'
1097 2244 1220 2284 gloriam
1236 2253 1332 2280 suam,
1363 2251 1429 2283 quae
1457 2241 1683 2282 intelligentiam
1713 2247 1841 2274 nostram
1867 2252 1914 2273 ex-

227 2289 263 2318 ad
282 2293 310 2319 te
327 2288 464 2328 impense
493 2289 636 2322 clamans,
665 2288 769 2317 ﬂorem
799 2286 896 2316 denuo
919 2286 948 2315 in
966 2284 1056 2315 ramis

227 2332 390 2373 conspicio,
408 2337 436 2363 et
453 2332 558 2370 oculis,
591 2342 606 2362 ο
633 2331 750 2363 Christe
780 2340 875 2367 meus,
895 2330 923 2360 in
939 2339 974 2360 eo
991 2330 1055 2360 solo

226 2377 353 2415 deﬁxus,
380 2386 439 2408 non
458 2381 528 2408 tunc
543 2376 681 2407 arborem
711 2375 808 2412 video,
840 2375 892 2405 sed
919 2373 1053 2404 crebrius

227 2424 330 2453 ﬂorem
359 2422 521 2453 enitentem
548 2426 577 2452 et
606 2430 652 2452 me
685 2425 744 2451 toto
770 2429 836 2450 cum
853 2418 1002 2450 desiderio
1017 2418 1052 2449 ad

227 2476 260 2497 se
285 2467 454 2497 trahentem
481 2467 609 2497 intueor.
640 2465 690 2505 qui
721 2465 840 2495 tandem
871 2463 900 2493 in
926 2463 1052 2493 fructum

227 2511 378 2543 charitalis
394 2515 620 2542 consummatur
635 2519 669 2540 ac
682 2509 801 2540 desinit.
820 2510 909 2539 l‘orro
925 2508 973 2538 hic
990 2508 1052 2538 fru-

227 2561 291 2588 etus
305 2555 342 2586 ab
359 2555 466 2586 arbore
494 2555 612 2587 timoris
641 2554 752 2595 portari
784 2563 815 2584 se
845 2563 903 2584 non
920 2553 1028 2593 patitur
1045 2577 1052 2589 ,

226 2600 278 2632 sed
296 2600 372 2632 bene
384 2601 448 2640 jam
466 2604 609 2636 maturus,
626 2599 738 2640 absque
764 2598 870 2629 arbore
895 2597 1027 2628 cernitur
1045 2609 1052 2637 -,

227 2647 308 2678 nullo
324 2646 404 2678 enim
433 2646 521 2677 modo
550 2646 639 2677 timor
668 2645 697 2675 in
726 2645 868 2676 charitate
892 2644 1050 2684 reperitur,

265 2728 291 2753 21
307 2727 382 2758 Psal.
400 2737 420 2764 ι,
437 2727 456 2758 3

267 2808 328 2849 (#20)
346 2806 574 2847 Intelligendum
585 2812 632 2838 est
642 2807 698 2849 hoc
706 2807 743 2838 de
754 2807 871 2849 Christo
886 2807 1051 2849 secundum

225 2847 354 2880 divinam
370 2853 504 2879 naturam
519 2856 531 2887 ;
544 2848 623 2888 quod
640 2847 761 2888 planum
773 2848 806 2879 fit
818 2857 853 2879 ex
864 2847 962 2879 verbis
976 2856 1053 2888 prai-

1097 2288 1187 2328 cedit,
1217 2288 1356 2323 evehens,
1388 2286 1468 2317 illico
1511 2286 1762 2323 abscondebalur,
1791 2287 1844 2318 hoc
1870 2287 1910 2318 illi

1098 2332 1234 2364 dicebant
1249 2332 1404 2363 evanuisse
1430 2331 1616 2367 Dominum;
1648 2331 1698 2361 sed
1729 2341 1793 2362 rem
1822 2341 1855 2362 ex
1880 2342 1911 2363 se

1096 2377 1254 2408 metientes
1289 2376 1386 2416 plane.
1415 2376 1537 2407 Creator
1565 2375 1645 2406 enim
1673 2376 1797 2411 omium,
1823 2376 1867 2416 qui
1894 2386 1909 2407 a

1095 2422 1216 2453 nemine
1228 2421 1293 2461 capi
1305 2424 1413 2460 potest,
1422 2424 1461 2458 et,
1475 2420 1601 2459 utDeus,
1615 2419 1718 2460 implet
1729 2420 1835 2458 omnia,
1844 2430 1909 2461 quo-

1096 2467 1183 2497 modo
1209 2466 1297 2497 aliter
1326 2464 1550 2496 occultaretur?
1589 2463 1664 2494 Num
1693 2463 1847 2495 Dominum
1872 2465 1908 2497 de

1096 2512 1160 2542 loco
1176 2511 1206 2542 in
1222 2511 1319 2541 locum
1335 2509 1425 2540 alium
1442 2509 1628 2545 translatum,
1656 2512 1685 2539 et
1713 2508 1755 2539 ila
1781 2509 1816 2540 ab
1838 2518 1905 2540 ocu-

1096 2556 1133 2586 lis
1148 2555 1350 2596 apostolorum
1366 2554 1497 2585 ablatum
1513 2553 1596 2584 dices
1613 2552 1698 2593 (20,?
1712 2553 1812 2594 Apage
1827 2563 1860 2584 ne
1873 2563 1905 2585 ex

1096 2600 1265 2641 ignorantia
1280 2600 1310 2630 in
1327 2597 1542 2639 blasphemiam
1559 2598 1685 2629 incidas.

1135 2644 1212 2676 Audi
1224 2653 1294 2675 vero
1309 2643 1460 2675 charitatis
1476 2642 1592 2680 eﬂ‘ecta,
1616 2642 1640 2672 si
1670 2642 1777 2682 placet,
1797 2646 1824 2673 et
1836 2652 1902 2683 quo-

1095 2805 1287 2839 cedentibus:
1312 2807 1438 2836 Greater
1445 2806 1525 2837 enim
1537 2804 1685 2835 omnium.
1699 2803 1754 2844 qui
1765 2812 1784 2834 a
1794 2805 1902 2844 mittiue

1093 2848 1162 2889 capi
1168 2850 1273 2888 potest,
1284 2849 1311 2878 et
1321 2848 1354 2877 ut
1364 2845 1442 2877 Deus
1451 2845 1555 2885 implet
1560 2852 1627 2875 omn
1632 2844 1662 2875 ia
1668 2843 1816 2884 quomodo
1822 2843 1903 2876 aliter
