1978 3078
91 163 157 195 337

662 163 882 196 DIVINORUM
903 161 1066 193 AMORUM
1088 161 1213 194 LIBER.

1730 156 1790 190 538

96 229 192 261 modo
208 238 243 261 ea
257 230 353 270 major
379 230 419 261 sit
446 229 598 267 omnibus,
620 237 794 270 cognosces.
811 228 954 265 QuibusA
967 226 1181 258 temimbellem
1189 227 1517 269 repulit,fortitudinem
1527 226 1648 263 indidit.
1658 229 1787 258 mentem

95 274 263 306 omnibus?
287 274 363 305 Num
379 278 407 305 te
422 274 492 305 latet
505 274 577 305 illud
594 274 729 315 Apostoli
741 273 782 314 ‘33,
799 273 926 305 dicentis

96 319 200 360 potius
215 329 281 350 esse
296 319 469 350 charitatem
483 319 605 357 habere,
621 328 707 360 quam
724 318 804 359 loqui
817 318 925 358 linguis

96 364 287 405 angelorum,
303 368 333 395 et
349 363 459 395 habere
474 373 593 395 omnem
620 363 753 394 omnium
769 363 924 394 hominum

96 408 205 446 ﬁdem,
222 408 263 439 ita
290 412 322 439 ut
350 411 466 439 montes
496 407 669 448 transferas,
699 416 789 438 nosse
804 416 924 439 omnem

95 452 255 483 scientiam
275 456 305 483 et
320 451 504 484 abditissima
521 452 725 492 mysteriorum
744 451 925 483 distribuere

96 506 207 528 omnes
221 496 375 539 facultates
390 505 469 533 suas,
489 500 518 527 et
545 497 643 536 ipsum
660 496 829 527 mendicum
845 496 922 532 fieri,

97 542 192 573 etiam
207 551 315 580 corpus
329 541 426 581 ipsum
442 541 561 571 tradere
586 546 709 581 propter
729 541 878 572 Chrislum
893 545 925 571 ut

95 587 230 618 ardeat?
245 587 279 618 Et
293 586 413 628 quidem
430 590 509 617 tanto
540 587 636 627 major
663 586 710 617 his
724 589 771 617 est
784 586 922 622 charitas,

96 632 179 672 quod
195 632 269 669 hac,
284 631 344 662 sive
361 640 465 669 unum,
482 631 545 662 sive
561 631 674 668 omnia,
701 631 767 662 sine
781 630 925 662 charitate

99 676 176 708 nihil
193 676 313 717 penitus
327 675 464 707 utilitatis
479 675 672 707 aﬂ‘erantillis
684 684 702 706 a
713 674 821 716 quibus
833 675 925 714 possi-

98 721 220 753 dentur.
239 720 335 757 Quare
356 719 526 761 quicunque
539 725 568 752 et
577 729 594 751 a
606 720 760 758 charitate,
773 719 847 750 etab
858 719 925 751 istis

100 765 284 797 enumeratis
300 764 441 796 omnibus
456 765 555 796 nudus
569 769 624 800 est,
639 763 687 796 dic
703 764 786 801 mihi,
807 764 859 795 ubi
873 774 924 805 ap-

99 810 242 850 parebit?
252 809 324 851 quid
337 809 445 841 faciet?
457 809 606 850 quomodo
624 807 876 847 interrogantibus
890 818 924 841 se

98 843 219 886 iidelem
234 843 299 885 esse
315 843 498 894 respondere
526 852 673 884 audebit?
701 843 923 885 Atlendendum
934 843 954 867 ⁸

99 900 192 940 igitur
204 901 244 930 ita
258 898 393 940 loquenti
409 898 447 929 de
462 898 618 930 charitate.
629 897 726 930 Sedeo
736 897 766 929 in
775 898 850 929 cella
859 907 924 929 mea

99 949 190 976 nocte
201 950 251 975 aut
266 943 326 984 die,
342 943 436 980 adest,
455 947 486 973 ut
514 952 573 973 non
603 946 755 983 appareat,
772 947 802 974 et
816 947 849 974 ut
864 953 923 974 non

100 993 306 1030 cognoscatur,
320 988 460 1019 charitas.
478 989 513 1019 Et
527 997 595 1018 cum
603 992 841 1018 extracreaturas
856 997 921 1018 om-

966 280 1062 302 meam
1075 281 1166 302 sensu
1179 272 1328 303 mundano
1340 272 1432 308 exuit,
1451 276 1478 303 et
1489 271 1620 303 vicissim
1635 280 1724 302 sensu
1741 270 1789 300 in-

967 315 1128 347 tellectuali
1140 316 1303 348 meinduit.
1315 317 1359 348 Ab
1372 317 1418 348 his
1438 326 1503 357 qua
1523 316 1660 347 videntur
1675 325 1722 346 me
1738 324 1789 346 se-

966 360 1064 398 clusit,
1079 366 1182 392 etcum
1195 361 1241 392 bis
1253 371 1319 402 quae
1328 371 1386 392 non
1398 361 1535 392 videntur
1549 360 1693 400 colligavit
1710 370 1717 398 ;
1733 360 1789 392 do-

966 405 1046 436 navit
1075 405 1148 436 mihi
1177 406 1341 437 increatum
1371 406 1483 444 videre,
1513 410 1542 436 et
1572 405 1664 437 laetari
1677 405 1789 446 quoda

966 450 1085 488 creatis,
1098 455 1129 482 et
1139 450 1315 488 visibilibus,
1327 455 1355 481 et
1366 450 1448 482 brevi
1467 449 1658 491 pereuntibus
1666 458 1789 490 separa-

965 498 1012 525 tus
1026 504 1137 533 essem,
1155 500 1183 526 et
1197 496 1375 535 conjunctus
1404 505 1469 526 cum
1486 495 1630 532 increato,
1647 504 1713 525 cum
1728 494 1787 525 im-

966 539 1095 575 mortali.
1112 543 1142 570 et
1158 540 1208 581 qui
1225 544 1306 571 caret
1320 540 1480 580 principio,
1490 544 1544 570 eta
1558 539 1678 571 nemine
1692 539 1786 571 videri

965 588 1072 624 potest.
1091 584 1150 615 Ista
1165 585 1244 616 enim
1262 584 1391 616 charitas
1407 589 1462 616 est.

1005 627 1198 660 lntendamus
1215 639 1348 668 cursum,
1363 641 1380 660 ο
1391 630 1506 668 ﬁdeles,
1520 629 1689 660 laboremus
1700 628 1787 660 festi—

965 682 1036 704 nare
1051 682 1172 713 segnes,
1191 674 1354 706 excitemur
1369 674 1477 715 ignavi,
1493 679 1524 705 ut
1539 673 1690 705 charitatis
1704 683 1788 704 com-

965 721 1063 757 potes,
1076 719 1140 758 ejus
1150 719 1278 760 amplius
1288 720 1393 750 liamus
1407 719 1576 760 participes.
1594 722 1624 750 et
1635 718 1676 749 ita
1690 718 1727 750 ab
1743 718 1788 750 his

965 761 1054 793 rebus
1068 763 1224 805 abeuntes,
1237 767 1267 795 et
1283 774 1351 795 cum
1371 764 1422 795 illa
1440 773 1457 795 a
1476 763 1641 794 visibilibus
1655 763 1786 803 adducti,

965 806 1092 838 Domino
1107 807 1298 840 assistamus:
1330 818 1367 840 ne
1394 808 1504 850 alioqui
1519 808 1584 839 sine
1598 808 1742 839 charitate
1755 807 1787 838 in

965 851 1023 889 his,
1041 861 1109 892 qua
1131 853 1188 884 sub
1210 853 1329 885 videndi
1360 863 1479 885 sensum
1509 852 1630 889 cadunt,
1647 855 1677 884 et
1693 853 1722 883 in
1737 852 1786 884 his

964 897 1109 928 creaturis
1137 901 1168 928 ut
1196 902 1339 929 creaturae
1366 898 1474 936 relicti,
1507 901 1538 927 ut
1551 898 1619 937 igne
1633 896 1784 934 Tartareo,

964 940 1216 984 horribilibusque
1222 943 1375 984 suppliciis
1382 941 1660 977 inveniamur.0uod
1667 941 1785 972 sietiam

965 985 1070 1017 salvari
1088 986 1169 1023 licet,
1181 987 1244 1018 sive
1254 988 1320 1025 hac,
1335 988 1452 1019 Christe
1463 988 1552 1025 bone,
1565 986 1713 1028 quomodo
1723 990 1785 1017 tan-

99 1029 167 1072 nes,
181 1042 359 1074 rursumque
371 1042 438 1064 cum
452 1032 592 1063 omnibus
612 1032 660 1066 sit.
675 1036 719 1063 est
732 1032 818 1072 ignis,
836 1036 865 1063 et
880 1037 923 1064 est
964 1029 1031 1060 dem
1043 1030 1138 1062 licet?
1149 1031 1180 1063 Si
1191 1042 1208 1063 a
1219 1033 1285 1064 luce
1297 1041 1482 1074 separemur,
1494 1032 1545 1073 qui
1555 1031 1693 1063 tenebras
1707 1030 1784 1061 etfu-

100 1078 249 1119 lulgor,tit
259 1077 380 1109 luminis
391 1077 512 1115 nebula,
526 1077 558 1108 lit
574 1077 617 1108 sol
628 1077 770 1118 denique.
781 1076 818 1109 Ut
834 1077 921 1117 ignis,
964 1074 1079 1119 giemus
1089 1075 1102 1107 ἲ
1113 1077 1144 1107 Si
1155 1077 1263 1116 gaudio
1277 1077 1436 1118 privemur,
1451 1077 1572 1117 quinam
1582 1074 1783 1107 tristitialibe-

99 1118 230 1156 animam
242 1122 388 1160 calefacit,
400 1126 429 1153 et
442 1130 495 1153 cor
510 1131 609 1152 meum
625 1121 768 1160 incendit,
785 1126 873 1163 atque
885 1122 921 1153 ad
963 1118 1115 1152 rabimur?
1125 1121 1259 1153 Thalami
1270 1123 1405 1161 ingressu
1413 1121 1564 1163 prohibiti,
1574 1119 1722 1162 quomodo
1732 1122 1783 1151 le-

99 1167 281 1200 desiderium
291 1171 463 1198 etamorem
474 1165 645 1198 Conditoris
658 1166 828 1198 exsuscitat.
843 1166 923 1198 Aﬂ'a-
964 1163 1091 1195 labimur
1106 1166 1119 1196 Υ
1132 1166 1249 1197 Exclusi
1264 1176 1367 1206 regno,
1385 1171 1433 1197 tuo
1456 1171 1628 1206 conspectu,
1645 1165 1779 1205 inquam,

101 1213 154 1244 tim
169 1216 269 1243 autem
285 1212 512 1251 inﬂammatum,
541 1215 570 1242 et
593 1212 693 1242 animo
708 1211 876 1249 ardentem,
892 1216 922 1242 ut
964 1207 1104 1250 Salvator,
1123 1220 1211 1251 quam
1226 1211 1313 1242 aliam
1343 1212 1481 1249 salutem,
1497 1220 1585 1252 quam
1600 1209 1780 1242 consolatio-

99 1257 243 1299 splendor
253 1257 367 1288 lucidus
377 1266 424 1287 me
437 1261 495 1288 tota
505 1256 708 1297 circumvolat,
721 1265 754 1287 ac
767 1257 866 1288 radios
874 1266 922 1287 co-
963 1262 1043 1299 nem,
1061 1259 1110 1286 aut
1124 1265 1182 1296 quo
1196 1256 1317 1288 demum
1333 1257 1391 1288 alio
1413 1256 1444 1287 in
1470 1256 1536 1287 loco
1551 1255 1685 1287 invenire
1699 1259 1785 1295 pote-

99 1297 205 1334 ruscos
219 1303 250 1334 in
264 1302 393 1333 animam
411 1311 508 1332 meam
530 1301 616 1341 jacit,
644 1306 836 1342 mentemque
850 1301 922 1333 illu-
963 1297 1058 1330 rimus
1069 1301 1083 1329 ?
1098 1300 1174 1331 Vere
1190 1310 1332 1342 nusquam
1345 1301 1477 1339 omnino,
1491 1300 1608 1332 etiamsi
1621 1300 1649 1331 id
1658 1299 1784 1341 quibus—

101 1352 211 1384 strans,
228 1351 257 1378 et
272 1346 475 1387 perspicacem
490 1346 632 1383 reddens,
659 1346 695 1376 ad
711 1346 921 1377 sublimitatem
963 1342 1032 1373 dam
1044 1343 1221 1385 insipienter
1229 1345 1362 1378 videatur
1374 1357 1381 1378 :
1392 1346 1537 1387 insipiens
1546 1351 1591 1377 est
1602 1347 1681 1376 enim
1693 1345 1743 1386 qui
1754 1343 1783 1375 id

100 1392 359 1432 contemplationis
366 1391 503 1422 idoneam
512 1390 592 1422 facit.
600 1390 743 1430 Atquihic
750 1395 824 1429 erat,
834 1400 922 1431 quem
962 1387 1045 1420 dicit.

100 1437 214 1469 timoris
224 1437 327 1468 ﬂorem
338 1445 405 1467 esse
425 1445 515 1476 supra
526 1435 597 1466 dixi.
617 1435 687 1466 Viso
703 1439 800 1466 autem
818 1436 922 1476 splen—
1002 1432 1144 1466 Occurret
1153 1439 1253 1466 autem
1264 1435 1410 1477 quispiam
1423 1436 1558 1473 fortasse,
1570 1435 1718 1476 quomodo
1730 1445 1783 1466 ex-

102 1483 186 1522 dore,
203 1485 231 1512 et
247 1481 388 1521 impletus
402 1479 699 1520 gaudioincredibili,
714 1490 772 1511 non
787 1490 851 1511 sum
868 1481 921 1511 lze-
933 1517 950 1523 Λ
964 1482 1008 1510 tra
1023 1488 1146 1520 regnum
1164 1481 1317 1518 calorum,
1348 1482 1496 1523 quomodo
1511 1486 1592 1513 extra
1608 1481 1782 1517 thalamum,

102 1517 186 1559 tatus.
195 1526 275 1566 quod
289 1517 443 1556 vidissem.
474 1524 532 1556 Sed
560 1524 625 1565 ipse
651 1534 720 1555 cum
745 1525 858 1556 caelesti
875 1517 951 1556 meC
963 1527 991 1553 et
1006 1517 1111 1564 agmen
1124 1526 1272 1566 justorum
1289 1517 1372 1558 locus
1386 1527 1461 1558 alius
1476 1527 1589 1565 salutis,
1606 1531 1655 1558 aut
1670 1527 1784 1568 requiei

101 1571 208 1612 gaudio
231 1570 424 1611 implevisset,
451 1569 586 1607 avolavit,
613 1578 774 1610 secumque
791 1575 921 1601 mentem
963 1577 1022 1600 non
1040 1570 1120 1602 erit?
1141 1571 1253 1602 Stultus
1268 1581 1311 1609 es,
1329 1572 1424 1613 inquit
1439 1572 1581 1610 charitas,
1599 1581 1658 1602 non
1676 1572 1783 1603 audisti

103 1625 210 1653 meam,
226 1619 256 1646 et
267 1624 402 1654 sensum,
419 1618 574 1645 etomnem
589 1623 690 1645 rerum
705 1615 920 1645 mundanarum
963 1614 1091 1653 primum
1107 1619 1220 1655 patrem
1233 1620 1313 1647 tuum
1325 1617 1469 1648 Adamum
1483 1616 1602 1648 unicum
1615 1616 1783 1648 mandatum

101 1660 292 1701 cupiditatem
300 1658 432 1690 abstulit.
444 1659 481 1690 Et
491 1659 655 1699 insequens
666 1668 732 1690 mea
743 1668 828 1690 mens
838 1669 922 1690 com-
962 1658 992 1688 in
1009 1659 1144 1698 paradiso
1175 1664 1402 1702 transgressum,
1433 1661 1574 1692 nudatum
1605 1670 1671 1692 esse
1685 1661 1785 1693 divina

102 1705 288 1746 prehendere
298 1703 392 1734 visum
400 1703 590 1743 splendorem
601 1702 805 1735 desiderabat:
819 1712 921 1735 verum
964 1703 1070 1742 gloria,
1087 1708 1115 1735 et
1129 1705 1218 1736 Evam
1228 1715 1294 1735 cum
1306 1705 1372 1746 ipso
1383 1715 1449 1736 mox
1464 1705 1533 1736 inde
1545 1705 1671 1746 ejectam
1683 1705 1714 1737 in
1728 1715 1783 1737 ex-

102 1759 160 1781 non
175 1748 345 1780 inveniebat
360 1757 427 1780 eum
443 1752 622 1787 creaturam,
637 1756 692 1778 nec
703 1747 747 1779 illi
756 1748 922 1788 jucundum
965 1747 1078 1786 silium,
1095 1759 1149 1790 pro
1166 1750 1304 1781 mercede
1319 1750 1475 1791 voluptatis
1490 1751 1549 1781 heu
1565 1751 1673 1782 misere
1689 1755 1784 1782 morte

101 1794 262 1830 accidebat,
273 1792 438 1825 ecreaturis
450 1801 569 1832 prorsus
577 1792 734 1832 excedere,
743 1793 921 1833 utsplendo-
963 1797 1092 1833 recepta.
1103 1799 1133 1825 et
1143 1794 1200 1825 vita
1212 1795 1371 1826 sudoribus
1381 1805 1416 1826 ac
1431 1795 1581 1826 laboribus
1593 1795 1691 1836 plena,
1710 1796 1783 1836 proh

101 1849 163 1871 rem
179 1839 263 1870 illum
280 1837 418 1874 increati,
435 1843 463 1868 et
474 1837 715 1877 incomprehensi
728 1838 924 1877 comprehen-
963 1837 1065 1869 dolor!
1082 1838 1163 1878 juste
1178 1840 1293 1870 statutis
1305 1849 1321 1870 a
1337 1840 1399 1871 Deo
1413 1846 1443 1871 et
1458 1840 1575 1870 vivendi
1590 1844 1619 1871 et
1635 1840 1783 1872 moriendi

101 1885 195 1916 deret.
212 1883 412 1915 Nihilominus
427 1881 606 1913 circumibat
620 1881 730 1920 omnia,
745 1886 774 1913 et
789 1882 869 1913 illum
882 1882 924 1912 vi.
963 1883 1172 1922 temporibus?
1187 1883 1236 1915 Sic
1251 1885 1380 1915 futurum
1396 1884 1541 1922 existima,
1555 1894 1622 1915 cum
1634 1884 1782 1924 judicium

101 1938 169 1959 cere
177 1928 348 1960 conabatur.
363 1926 555 1958 Scrutabatur
566 1935 677 1964 aerem,
689 1927 797 1958 calum
807 1927 918 1964 obibat,
964 1927 1161 1959 exercebitur.
1175 1928 1248 1959 Nam
1261 1929 1311 1970 qui
1326 1939 1342 1960 a
1358 1930 1453 1960 divina
1467 1930 1572 1969 gloria,
1585 1929 1674 1960 utille
1682 1939 1785 1961 revera

101 1973 221 2013 abyssos
231 1971 466 2014 perambulabat,
480 1975 509 2002 et
521 1976 653 2002 extrema
667 1971 782 2010 mundi,
794 1976 825 2002 ut
837 1972 921 2002 vide-
964 1971 1060 2003 nudus
1075 1972 1173 2011 fuerit,
1189 1974 1286 2004 statim
1314 1984 1331 2005 a
1354 1973 1502 2015 paradiso,
1531 1979 1560 2005 et
1574 1983 1646 2005 sane
1661 1983 1677 2005 a
1691 1983 1783 2014 regno

101 2017 196 2057 batur,
215 2016 432 2058 pel-vestigabat
458 2015 707 2056 excutieliatque;
733 2016 784 2048 sed
801 2016 874 2047 nihil
891 2017 921 2048 in
963 2016 1120 2057 ctelorum,
1136 2018 1312 2059 cmlrstique
1327 2019 1458 2050 thalamo
1487 2018 1633 2059 abigetur,
1649 2021 1783 2060 quamvis

101 2063 146 2093 his
161 2061 299 2093 omnibus
328 2060 508 2098 inveniebat,
539 2065 636 2091 creata
664 2061 743 2091 enim
760 2061 870 2092 omnia.
888 2061 924 2093 Et
964 2065 1119 2100 peccatum
1133 2071 1190 2093 non
1203 2063 1349 2101 habuerit,
1362 2064 1413 2094 sed
1423 2063 1579 2094 virtutibus
1592 2073 1700 2094 vacuus
1711 2063 1782 2094 asti-

101 2106 293 2144 lamentabar,
308 2110 336 2136 et
348 2105 501 2147 lugebam,
512 2104 719 2136 etmcdullitus
733 2105 923 2144 ardebam,et
963 2106 1042 2137 terit.
1055 2105 1195 2137 Omnium
1209 2116 1296 2148 porro
1307 2108 1445 2138 virtutum
1459 2108 1564 2148 prima,
1585 2108 1687 2147 regina
1695 2108 1782 2139 etdo-

99 2151 188 2182 veluti
203 2155 303 2182 mente
317 2151 459 2182 alienatas
485 2150 528 2181 sic
552 2149 696 2180 vivebam.
720 2149 807 2181 Venit
833 2151 923 2190 igitur
963 2150 1044 2180 mina
1056 2151 1183 2182 charitas
1195 2156 1239 2182 est
1251 2153 1394 2192 profecto.
1408 2152 1565 2192 Illacaput,
1578 2157 1606 2183 et
1618 2152 1781 2184 vestimen—

100 2200 254 2237 postquam
270 2196 372 2233 voluit,
390 2199 418 2226 et
433 2195 463 2225 in
479 2194 610 2235 speciem
629 2194 732 2225 lucidas
749 2195 865 2225 nebula:
880 2197 920 2226 ir-
932 2193 953 2218 ῐ)
964 2199 1036 2235 tum,
1049 2199 1076 2225 et
1088 2195 1181 2234 gloria
1191 2197 1383 2227 estomnium.
1405 2197 1475 2228 Sine
1486 2197 1581 2237 capite
1598 2201 1695 2228 autem
1712 2207 1781 2228 θυι-ε

99 2250 201 2276 ruens,
221 2245 312 2271 totum
329 2245 418 2279 caput
434 2249 532 2270 meum
551 2239 682 2270 insidere
709 2239 873 2278 videbatur,
892 2245 921 2271 ut

100 2284 321 2325 obstupefactus
336 2285 546 2316 exclamarem.
568 2283 603 2314 At
625 2283 676 2314 ille
688 2292 789 2314 rursus
803 2285 922 2315 avolans

99 2329 193 2360 solum
203 2339 250 2360 me
266 2329 399 2370 reliquit;
417 2337 504 2369 quem
521 2338 589 2358 cum
603 2337 728 2368 operose
743 2338 918 2368 quaererem.

98 2374 206 2405 iterum
221 2379 346 2415 repente
358 2374 387 2404 in
399 2383 446 2404 me
457 2375 606 2404 inventum
621 2372 723 2412 didici,
737 2378 765 2404 et
777 2373 806 2404 in
823 2374 920 2405 medio

98 2418 196 2449 cordis
207 2418 264 2449 mei
277 2422 308 2448 ut
319 2418 419 2449 lumen
433 2417 528 2448 instar
545 2416 664 2447 rotundi
681 2416 752 2446 solis
765 2417 843 2448 visus
859 2423 917 2449 est.

97 2462 169 2494 Cum
185 2463 226 2493 sic
241 2463 439 2504 apparuisset,
448 2462 726 2502 cognovissemque,
736 2463 920 2503 etsuscepis-

97 2516 172 2545 sem,
188 2507 306 2547 globum
325 2508 493 2538 daemonum
511 2507 539 2537 in
556 2507 654 2546 fugam
668 2506 765 2543 vertit,
778 2506 921 2538 timidita-

135 2591 164 2616 ²²
177 2592 188 2623 Ι
203 2594 259 2625 Cor
274 2602 337 2629 xui,
360 2597 383 2623 I.

99 2682 324 2715 occultaretur?
335 2683 534 2724 Ergoquando
544 2682 676 2724 Christus
682 2691 716 2713 ex
733 2685 920 2724 praesentium

101 2726 222 2763 aspectu
239 2722 446 2761 evanescebat,
463 2733 521 2754 non
538 2722 712 2754 movebatur
727 2722 758 2753 ut
770 2722 847 2755 Deus
859 2731 923 2756 erat

98 2762 231 2795 localiter
245 2772 253 2794 :
271 2763 328 2795 etsi
344 2763 480 2795 localiter
494 2762 670 2794 movebatur
684 2767 716 2793 ut
731 2763 821 2794 homo
837 2769 921 2802 erat;

97 2802 174 2843 quod
184 2803 307 2835 Simeon
320 2808 454 2846 testatur,
468 2813 535 2836 cum
548 2804 586 2834 de
595 2802 713 2834 Christo
725 2809 921 2836 evanescente

963 2249 1017 2280 pus
1033 2244 1192 2278 mortuum,
1210 2251 1244 2272 ac
1259 2242 1324 2272 sine
1339 2242 1444 2282 spiritu
1470 2247 1524 2273 est.
1543 2243 1656 2282 Corpus
1671 2241 1782 2282 absque

962 2286 1137 2318 vestimento
1147 2296 1204 2327 quo
1218 2291 1300 2326 pacto
1313 2288 1423 2318 nudum
1435 2291 1544 2317 nonest
1553 2286 1568 2315 ?
1578 2286 1707 2317 Virtutes
1718 2287 1783 2318 sine

963 2330 1105 2362 charitate
1116 2332 1255 2362 marcidaa
1264 2336 1292 2362 et
1304 2332 1423 2362 inutiles
1432 2337 1500 2362 sunt
1515 2342 1521 2363 :
1539 2337 1568 2362 et
1578 2331 1627 2372 qui
1640 2331 1782 2362 charitate

963 2375 1102 2415 prmditus
1117 2386 1174 2407 non
1186 2380 1241 2412 est,
1254 2385 1270 2407 a
1280 2376 1372 2415 gloria
1386 2377 1436 2408 Dei
1449 2377 1544 2407 nudus
1557 2380 1602 2407 est
1617 2387 1624 2411 ς
1638 2379 1667 2406 et
1681 2385 1783 2416 quam-

963 2420 1007 2450 vis
1023 2421 1155 2451 omnium
1171 2421 1310 2452 virtutum
1326 2431 1448 2462 compos
1469 2421 1518 2459 sit,
1535 2426 1632 2451 nudus
1648 2425 1735 2459 astat,
1754 2426 1784 2452 et

964 2465 1126 2496 nuditatem
1138 2475 1220 2497 suam
1233 2476 1292 2497 non
1303 2467 1413 2506 ferens,
1422 2466 1562 2497 occultari
1576 2465 1697 2495 mavult.
1707 2464 1779 2496 Nam

964 2519 1031 2541 cum
1047 2511 1090 2541 sic
1105 2511 1236 2542 dedecus
1264 2521 1299 2543 ac
1329 2511 1542 2553 turpitudinem
1559 2511 1677 2548 habeat,
1693 2511 1781 2542 etiam

964 2685 1008 2728 sic
1019 2685 1123 2717 scribit
1136 2687 1346 2728 :__._4ssumptam
1357 2691 1457 2718 autem
1467 2687 1638 2728 erecturum
1663 2685 1782 2728 (huma-

963 2726 1086 2757 nitatem
1102 2726 1216 2758 scilicet
1225 2723 1319 2763 suam)
1329 2728 1429 2758 celans
1436 2731 1489 2758 aut
1500 2729 1532 2758 in
1542 2725 1671 2757 sublime
1681 2726 1713 2756 in
1720 2723 1782 2763 glo-

963 2767 1041 2807 ijam
1056 2775 1164 2807 suam,
1184 2770 1256 2805 etc.,
1286 2767 1413 2799 avellens
1439 2770 1487 2806 (en
1518 2771 1629 2797 motum
1656 2765 1781 2798 localem

963 2805 1070 2837 Christi
1086 2805 1228 2847 hominis)
1239 2807 1322 2839 illico
1337 2807 1583 2840 abscondebatur.

1793 2911 1879 2957 τί
