1978 3078
209 141 267 176 539

859 155 1050 187 SYMEONIS
1069 154 1245 188 JUNIORIS

1838 158 1902 191 540

208 223 432 277 damnationem
443 229 542 277 habet,
560 235 589 277 et
603 232 685 277 audit
708 232 744 263 ab
762 234 965 265 universorum
977 235 1028 274 ju-
1040 239 1061 263 Α
1072 235 1096 266 si
1109 235 1172 275 ipse
1179 244 1296 275 quoque
1309 235 1463 267 mendicus
1474 237 1538 273 ﬁas,
1552 236 1698 276 planeque
1707 246 1758 277 par
1766 238 1901 277 pretium

208 268 285 307 dice,
297 280 355 302 non
367 273 433 303 novi
446 277 484 305 te.
500 273 587 306 Venit
601 276 630 307 in
649 277 728 308 hunc
741 278 884 310 mundum
896 268 1027 316 Creator,

208 322 314 363 corpus
329 317 500 363 etanimam
516 320 688 361 assumpsit,
708 322 849 363 deditque
861 323 947 354 nobis
958 323 1032 355 divi-

207 367 276 408 npm
291 360 446 408 Spiritum,
465 363 514 404 qui
529 368 574 395 est
588 360 726 397 ch’aritas.
759 366 788 398 Si
803 360 914 408 'itaque
930 368 982 405 vis,
1001 373 1031 399 et.

205 401 301 452 placet
313 404 365 436 tibi
382 401 514 438 divi’ndm
529 409 665 442 obtinere
690 411 845 452 Spiritum,
864 401 953 444 crede
967 401 1029 444 Deo

206 447 348 490 perfecte,
363 455 393 482 et
420 452 533 492 abnega
557 458 585 485 te
611 447 739 495 perfecle
768 447 930 495 similiter;
961 458 1030 488 tolle

205 500 323 543 crucem
339 495 405 527 sine
419 497 602 530 haesitatione
618 500 648 530 in
666 501 816 539 humeros,
835 511 868 533 ac
877 503 1029 543 proposito

205 540 250 588 et”
266 540 423 588 voluntate,
441 552 570 581 morere,
600 545 653 580 ﬁli,
685 550 717 575 ut
732 546 818 576 vitam
832 540 1027 578 immortalem

203 582 379 628 adipiscare.
398 587 442 617 Ne
457 590 485 618 te
500 588 678 628 impostores
693 590 847 622 fallacibus
863 591 953 622 dictis
969 593 1030 622 suis

205 627 367 676 decipiant,
385 627 551 664 morientes
563 637 627 674 post
645 638 769 665 mortem
781 636 868 666 vitam
880 636 1026 676 accipere,

205 681 243 722 ne
258 674 398 722 credulus
427 677 612 717 negligenter
641 688 721 718 agas,
744 685 772 710 et
799 681 865 711 vitae
880 674 1028 722 particeps

206 717 327 750 minime
343 720 406 751 ﬁas.

245 762 486 810 Au_diverbaDei,
498 768 567 798 audi
576 768 787 808 apostolorum,
797 770 1028 810 audimagistro-

205 815 269 838 rum
282 807 434 841 Ecclesiae.
447 811 523 847 Quid
535 807 668 843 Christus
682 813 709 843 in
723 813 811 844 horas
823 807 950 845 clamat?
960 815 1026 846 Flu-

1071 280 1190 311 dedisse
1217 285 1244 310 te
1267 280 1390 320 cogites,
1421 285 1451 312 et
1479 280 1579 312 dicas:
1613 281 1682 312 Date
1708 282 1899 321 margaritam

1072 325 1156 362 mihi,
1175 324 1244 355 dedi
1258 326 1337 356 enim
1353 325 1454 356 omnia
1484 335 1560 366 mea,
1587 326 1743 357 confestim
1760 326 1866 357 audies
1883 336 1902 356 a

1074 369 1211 407 Domino,
1229 379 1295 410 quae
1311 374 1379 400 sunt
1395 370 1450 400 ista
1465 374 1514 401 tua
1541 370 1641 401 omnia
1655 379 1721 411 quae
1736 370 1810 401 dicis
1822 371 1838 401 ?
1852 371 1900 402 Tu

1072 414 1170 444 nudus
1187 423 1324 453 egressus
1339 423 1370 445 es
1386 414 1423 445 de
1439 419 1524 445 utero
1551 414 1653 445 matris
1667 418 1734 455 tuae,
1753 420 1781 445 et
1797 415 1901 446 nudus

1071 458 1102 488 in
1117 458 1286 498 sepulcrum
1303 459 1423 490 omnino
1439 459 1563 497 redibis,
1585 469 1650 500 quae
1664 459 1753 499 igitur
1769 464 1817 491 tua
1829 469 1901 490 esse

1068 501 1161 542 jactas
1173 504 1187 533 ‘?
1201 502 1311 534 Stultus
1320 513 1352 534 es
1363 503 1491 543 penitus,
1504 513 1562 535 non
1574 504 1727 544 intelligis,
1745 513 1800 535 nec
1815 506 1899 535 acci—

1072 547 1135 588 pies
1152 549 1350 588 margaritam,
1368 558 1423 579 nec
1438 548 1587 587 continget
1597 548 1793 588 tibiregnum.
1808 549 1899 586 Quod

1072 591 1097 623 si
1112 601 1296 632 quaecunque
1313 592 1433 624 tandem
1450 593 1505 624 tibi
1519 593 1578 623 sint
1589 592 1667 623 bona
1679 593 1897 630 consideraris,

1071 640 1100 666 et
1115 640 1142 666 te
1159 636 1378 676 pauperrimum
1393 636 1553 677 repereris,
1567 641 1596 667 et
1612 637 1757 668 accedens
1771 637 1811 668 ita
1826 647 1899 669 eum

1071 680 1399 722 compellaris?lntuere
1412 691 1501 720 nunc,
1511 681 1652 719 Salvator,
1662 691 1713 712 cor
1725 686 1754 712 et
1765 683 1899 713 animam

1071 735 1166 756 meam
1178 726 1349 766 contritam,
1363 726 1534 766 castigatam
1542 725 1679 766 graviter,
1694 727 1900 758 etinﬁamma-

1071 773 1127 800 tam
1137 770 1340 802 vehementer.
1355 770 1473 811 Aspice,
1489 771 1625 808 Domine,
1640 771 1750 801 nudum
1759 780 1819 809 me;
1829 772 1899 803 vide

1070 819 1221 854 egentem,
1234 815 1270 845 ab
1282 815 1363 845 omni
1372 815 1478 846 virtute
1490 815 1633 853 alienum,
1646 819 1675 846 et
1685 815 1714 845 in
1722 815 1768 846 his
1780 825 1900 847 summa

205 851 284 901 plina
300 853 336 884 de
364 859 464 886 ventre
492 856 522 886 in
555 866 601 887 me
631 857 816 889 credentium
831 851 1254 901 ﬁuentdivininlaborantem
1272 859 1408 899 penuria,
1439 869 1495 890 nec
1524 851 1696 900 habentem,
1726 869 1784 900 quo
1800 861 1854 891 abs
1868 866 1898 892 te

203 896 303 935 fontis,
322 908 404 939 aqua:
421 909 542 941 semper
556 901 679 932 viventis
688 902 727 933 95.
745 902 837 939 Quam
853 904 939 934 aliam
952 905 1027 936 hanc
1039 896 1057 901 ”
1070 913 1166 934 emam
1181 915 1189 942 ;
1211 896 1288 940 vide,
1307 911 1334 935 et
1352 896 1495 935 miserere
1512 904 1571 934 mei
1585 904 1666 934 solus
1682 896 1799 944 patiens
1813 907 1898 937 Deus

204 952 321 990 aquam,
339 945 396 976 nisi
426 945 553 986 Spiritus
581 948 674 978 sancti
705 949 829 987 gratiam
861 949 1028 990 intelligit?
1070 948 1253 985 meus.Quid
1266 947 1390 979 enimin
1402 949 1458 979 hoc
1471 948 1580 979 mundo
1594 949 1743 979 inveniam
1756 949 1894 989 dignum,

203 988 330 1033 piandos
345 995 444 1021 autem
459 992 550 1022 corde
566 992 666 1023 beatos
683 994 841 1024 nominans
859 995 900 1032 24,
917 988 1026 1027 ait—hos
1068 993 1144 1033 quod
1158 993 1225 1024 dem
1243 994 1272 1023 in
1284 993 1410 1033 prelium
1424 994 1475 1031 lui,
1498 993 1548 1033 qui
1567 993 1663 1023 feCiSli
1675 993 1776 1024 omnia
1787 997 1801 1024 Ῡ
1817 993 1896 1030 Ουίά

201 1031 295 1064 Deum
311 1034 360 1065 hic
377 1035 505 1067 visuros.
537 1037 671 1077 Apostoli
697 1047 768 1069 vero
797 1044 824 1070 et
842 1040 973 1080 magistri
989 1041 1024 1072 ad
1068 1031 1196 1078 namque
1211 1031 1353 1078 persolvit
1369 1031 1521 1075 meretrix,
1538 1038 1611 1078 quid
1625 1038 1791 1069 numeravit
1803 1039 1897 1070 latro‘.’

202 1087 293 1123 unum
311 1089 415 1111 omnes
429 1083 567 1119 c'amant,
597 1082 645 1112 hic
674 1083 817 1122 Spiritum
834 1089 981 1121 sanctum,
998 1089 1027 1116 et
1068 1082 1593 1123 Prodigusautem,Cbristemi,quas
1603 1082 1655 1113 tibi
1673 1092 1745 1123 opes
1757 1083 1867 1114 obtulit
1883 1084 1897 1115 ?

203 1122 354 1154 Christum
370 1125 591 1166 accipiendum,
611 1127 764 1167 siquidem
777 1129 901 1160 salutem
918 1139 1024 1161 conse-
1067 1126 1097 1158 Si
1110 1128 1182 1167 haec,
1196 1122 1327 1168 inquam,
1341 1127 1463 1168 dixeris,
1476 1122 1579 1158 audies
1590 1122 1734 1165 vicissim,
1746 1128 1807 1158 imo
1820 1129 1897 1159 offe-

202 1169 407 1213 cuturisimus.
422 1171 564 1201 Ausculta
575 1173 813 1210 voccmDomini,
825 1174 1023 1205 audiverbum
1066 1172 1171 1202 rebant
1185 1172 1312 1209 divitias,
1332 1172 1458 1213 datoque
1473 1172 1551 1213 quod
1569 1172 1727 1211 habebant,
1745 1173 1894 1213 margari-

204 1211 305 1257 Yerbi,
321 1215 599 1255 quomodoregnum
613 1217 755 1247 ccelorum
767 1219 827 1257 jam
840 1219 1022 1250 nunchomi-
1068 1224 1126 1247 tam
1144 1220 1203 1247 toto
1224 1217 1334 1247 mundo
1351 1211 1586 1256 prastantiorem
1612 1211 1895 1257 acceperuntfHaac

201 1256 288 1288 nibus
303 1259 511 1300 accipiendum
528 1261 684 1300 signiﬁcet.
713 1256 821 1293 Sinti/6
845 1268 896 1304 est,
915 1263 1021 1304 inquit,
1067 1269 1096 1294 tu
1114 1271 1233 1301 quoque
1249 1261 1273 1291 si
1290 1261 1343 1298 vis,
1359 1262 1432 1292 mihi
1460 1261 1545 1302 affer,
1572 1265 1602 1291 et
1617 1256 1739 1301 prorsus
1754 1262 1894 1293 eamdem

199 1306 337 1342 pretiosae
361 1307 541 1345 margaritae
555 1307 595 1336 25.
628 1308 816 1347 Margaritam
843 1318 909 1339 cum
925 1309 1020 1345 audis,
1066 1305 1207 1346 accipies.
1225 1305 1296 1337 Cum
1312 1306 1355 1336 his
1365 1306 1473 1337 accede
1483 1306 1518 1336 ad
1531 1315 1589 1343 me,
1601 1311 1630 1336 et
1650 1315 1716 1336 mox
1734 1305 1786 1336 tibi
1803 1315 1893 1337 mou-

202 1347 342 1392 quidnam
358 1350 470 1390 cogitas
483 1351 495 1381 '2'
507 1361 576 1381 num
594 1352 669 1382 hanc
682 1361 775 1391 genus
787 1353 892 1392 lapidis
905 1363 969 1384 esse
979 1354 1026 1383 di—
1068 1351 1167 1381 strabo
1183 1360 1270 1390 quam
1285 1350 1327 1380 illi
1344 1351 1496 1381 consecuti
1514 1355 1583 1381 sunt
1599 1350 1786 1389 margaritam
1800 1360 1806 1382 :
1825 1356 1855 1382 et
1867 1351 1893 1382 si

201 1391 304 1424 dicis?
332 1404 368 1425 an
395 1396 445 1434 qui
471 1397 565 1426 teneri
581 1396 714 1432 omnino,
746 1406 781 1426 an
798 1391 846 1437 qui
864 1397 956 1428 videri
971 1398 1026 1428 ali-
1067 1394 1161 1434 ipsam
1177 1395 1304 1425 animam
1321 1395 1454 1432 dederis,
1484 1395 1558 1425 nihil
1586 1395 1707 1434 dignum
1730 1395 1850 1426 dedisse
1864 1400 1892 1427 te

202 1441 343 1475 quantum
359 1440 546 1479 potestYAbi
558 1450 623 1470 cum
638 1444 686 1471 tua
697 1441 894 1481 blasphemia,
912 1442 1024 1473 intelli-
1067 1439 1259 1471 Clislimabis-
1276 1439 1425 1480 QUiquid
1442 1440 1571 1479 denique
1601 1449 1652 1479 ΡΓο
1670 1440 1763 1479 Prelio
1779 1442 1891 1480 1³61⁸501·

202 1481 301 1519 gentia
317 1487 427 1514 tantum
444 1485 500 1515 ista
516 1489 671 1524 margarita
688 1486 861 1526 percipitur.
879 1488 1053 1526 Mercator"
1066 1484 1155 1522 veris,
1173 1484 1247 1515 nihil
1265 1489 1292 1514 te
1306 1484 1430 1514 Solvisse
1445 1483 1640 1514 arbitrabere.
1658 1483 1729 1523 Ego,
1745 1484 1770 1515 si
1780 1485 1816 1515 ad
1827 1494 1889 1525 me,

201 1518 299 1556 autem
307 1528 357 1567 qui
370 1528 445 1560 hanc
457 1518 651 1569 invenitiqua
661 1518 932 1562 ratione'inveneiit
946 1518 1053 1562 nuncC
1067 1532 1098 1558 ut
1113 1518 1162 1559 illa
1178 1528 1328 1565 meretrix,
1346 1530 1520 1565 accesseris,
1539 1528 1628 1568 plane
1644 1518 1738 1559 habeo
1755 1518 1891 1569 potesta—l

203 1579 328 1616 expone.
348 1572 444 1604 Sinon
457 1579 512 1614 est,
531 1579 562 1605 ut
578 1584 666 1605 manu
683 1574 760 1614 tangi
777 1579 826 1605 aut
841 1576 936 1606 videri
954 1585 1023 1616 pos-
1068 1577 1136 1610 tem,
1155 1574 1240 1614 plane
1258 1573 1350 1604 habeo
1365 1573 1549 1613 margaritas,
1563 1582 1635 1613 quas
1651 1573 1676 1603 si
1691 1574 1820 1604 mundus
1835 1583 1888 1605 ac-

203 1614 250 1652 sit,
270 1617 319 1647 ubi
335 1617 424 1656 igtur
440 1618 495 1649 iste
512 1619 591 1649 illam
607 1619 731 1659 repetit,
751 1620 900 1660 quomodo
924 1614 1024 1652 vidit?
1067 1619 1166 1659 cipiat,
1195 1624 1305 1649 etcum
1329 1618 1438 1648 mundo
1466 1618 1522 1648 hoc
1551 1618 1678 1648 aliornm
1696 1618 1889 1649 mundorum

202 1661 290 1692 velim
300 1662 373 1692 mihi
384 1663 475 1694 dicas.
487 1663 640 1699 Quomodo
652 1663 740 1694 etiam
754 1664 881 1695 venditis
889 1665 1025 1696 omnibus
1067 1663 1223 1703 myriades,
1241 1672 1278 1693 ne
1290 1672 1346 1693 una
1358 1662 1477 1703 quidem
1494 1662 1651 1702 margarita
1666 1662 1805 1693 thesauro
1821 1673 1889 1694 meo

203 1707 457 1745 comparaviteam
469 1718 556 1748 quam
570 1717 626 1738 non
641 1708 762 1745 invenit,
772 1718 858 1749 quam
872 1719 930 1740 non
940 1710 1022 1746 vidit,
1066 1708 1173 1745 deerit,
1192 1712 1221 1738 et
1239 1707 1355 1738 donabo
1373 1712 1411 1744 te,
1429 1707 1506 1737 sicut
1530 1707 1611 1737 illam
1640 1707 1757 1738 donavi.
1787 1707 1835 1738 Sic
1862 1712 1891 1739 te

202 1759 289 1790 quam
300 1752 330 1782 in
342 1753 479 1783 manibus
493 1763 550 1783 non
563 1752 676 1790 habuit,
691 1762 745 1784 nec
756 1753 786 1783 in
809 1753 907 1784 sinum
923 1754 1022 1784 immi-
1067 1753 1145 1793 Deus
1159 1752 1296 1783 aﬁabitur
1309 1756 1337 1782 et
1352 1751 1482 1791 docebit,
1498 1752 1645 1791 quomodo
1671 1751 1707 1782 ad
1723 1761 1755 1782 se
1770 1752 1844 1783 latro
1862 1758 1891 1783 et

202 1795 239 1825 sit
255 1795 267 1826 Υ
283 1796 489 1836 Respondebis
505 1798 590 1834 mihi,
607 1798 665 1828 ﬁde
682 1798 742 1828 sola
760 1802 787 1828 et
810 1807 863 1838 spe
892 1799 934 1829 sic
949 1799 1024 1829 atfe-
1067 1797 1205 1828 meretrix
1213 1797 1404 1834 accesserint,
1412 1796 1462 1836 qui
1476 1805 1530 1836 per
1543 1795 1646 1826 orbem
1659 1798 1891 1829 terrarumfama

201 1842 280 1870 ctum
297 1840 344 1878 iri,
360 1851 394 1872 ac
410 1841 434 1872 si
450 1851 515 1872 eam
532 1841 665 1872 haberet.
683 1841 771 1882 Atqui
788 1851 845 1873 non
872 1843 946 1874 dixit
963 1845 1023 1875 Do-
1068 1842 1276 1873 celebrantur:
1291 1842 1438 1881 quomodo
1451 1841 1522 1871 item
1538 1841 1616 1871 ﬁlius
1631 1841 1783 1881 prodigus,
1800 1842 1890 1873 simul

201 1884 311 1923 minus,
327 1890 359 1916 ut
371 1890 400 1917 tu
416 1887 577 1923 existimas,
591 1886 898 1927 necspeinreniendi,
911 1897 1027 1929 necspe
1068 1897 1104 1917 ac
1118 1896 1254 1918 reversus
1279 1890 1333 1923 est,
1360 1890 1516 1926 susceptus
1544 1886 1582 1916 sit
1620 1885 1693 1916 Fide
1711 1895 1798 1926 porro
1814 1886 1890 1918 latro

201 1930 369 1970 accipiendi
383 1931 536 1962 facultates
547 1941 614 1962 suas
628 1931 808 1962 vendidisse.
821 1931 896 1967 Quid
906 1933 1028 1964 erratis?
1069 1932 1195 1962 salvatus
1212 1935 1269 1969 est,
1286 1931 1336 1971 qui
1350 1931 1449 1960 multis
1466 1933 1528 1960 erat
1543 1930 1705 1960 sceleribus
1720 1930 1867 1970 obligatus
1885 1943 1893 1969 ;

202 1974 272 2014 quid
289 1985 362 2006 vana
376 1986 431 2015 Spe
461 1976 602 2015 nitimini,
636 1980 664 2006 et
692 1976 757 2006 aliis
782 1977 903 2017 quidem
918 1977 1026 2008 frustra
1070 1986 1125 2007 nec
1142 1976 1302 2016 immerito,
1317 1975 1557 2015 quandoquidem
1568 1975 1737 2015 solusipse,
1754 1975 1893 2007 omnibus

201 2019 396 2051 credentibus
410 2021 544 2061 exitium,
556 2020 639 2051 vobis
648 2021 758 2060 grande
772 2022 949 2061 supplicium
960 2023 1025 2053 vul-
1070 2030 1118 2052 me
1133 2020 1321 2061 negantibus,
1338 2019 1476 2050 omnibus
1504 2019 1675 2050 scandalum
1697 2020 1888 2060 patientibus,

202 2063 239 2094 tis
255 2067 391 2095 struere?
406 2066 464 2096 Sed
481 2066 585 2096 suadet
611 2064 674 2102 tibi,
692 2069 724 2095 ut
740 2066 820 2105 prius
837 2067 1022 2106 margaritam
1066 2067 1096 2096 in
1109 2075 1196 2096 cruce
1204 2065 1394 2106 pendentem,
1410 2065 1503 2095 Deum
1516 2074 1549 2094 ac
1558 2073 1658 2103 regem
1674 2064 1889 2102 confessusest,

202 2109 346 2147 invenias,
363 2114 392 2140 et
408 2120 488 2147 cum,
506 2114 537 2140 ut
552 2110 650 2146 nimis,
669 2114 697 2139 et
713 2110 856 2141 immense
864 2111 1023 2150 pretiosam
1066 2116 1095 2141 et
1109 2109 1306 2141 immortalem
1325 2118 1391 2140 esse
1403 2118 1436 2139 ex
1446 2109 1544 2139 animo
1560 2109 1754 2149 exclamavit;
1778 2108 1891 2140 idcirco

201 2157 421 2196 contemplatus
438 2157 539 2186 fueris.
558 2160 627 2186 tunc
643 2155 770 2185 venditis
790 2157 928 2187 omnibus
943 2167 1023 2188 emas
1034 2155 1154 2191 Deliam
1171 2159 1238 2185 ante
1254 2163 1358 2185 omnes
1373 2163 1497 2193 regnum
1514 2157 1558 2184 est
1569 2153 1706 2193 adeptus,
1724 2154 1892 2185 Meretricis

203 2209 278 2230 eam.
296 2200 338 2231 Tu
357 2206 459 2232 contra
474 2201 529 2239 ais,
559 2201 589 2231 in
617 2210 680 2238 sue,
713 2204 741 2230 et
756 2202 888 2232 ostendis
903 2206 931 2232 te
947 2202 1024 2233 nolle

172 2279 181 2284 1
202 2254 349 2285 quaerere,
368 2246 448 2277 nolle
464 2246 610 2282 invenire,
628 2245 706 2275 nolle
722 2245 855 2276 fortunas
872 2250 934 2277 tuas
951 2256 1023 2278 ven—

202 2289 286 2326 dere,
304 2294 333 2320 ut
351 2291 390 2321 ita
406 2300 530 2330 regnum
543 2290 685 2321 caelorum
697 2289 844 2328 acquiras,
859 2291 935 2331 quod
946 2291 1025 2323 intra

202 2338 241 2372 te,
259 2335 284 2365 si
300 2335 384 2376 velis,
401 2336 545 2367 Dominus
560 2344 625 2366 esse
641 2334 805 2366 aﬁirmavit.

244 2378 301 2410 Sed
315 2380 437 2410 forsitan
452 2380 482 2411 in
495 2383 625 2419 egestate
638 2389 681 2415 es,
695 2388 750 2409 nec
761 2388 875 2418 aurum,
890 2389 944 2411 nec
961 2391 1024 2421 pos-

203 2424 365 2465 sessiones,
378 2429 428 2455 aut
440 2425 558 2455 divitias
572 2424 682 2462 habes;
705 2429 735 2455 et
750 2424 874 2455 audiens
890 2426 1021 2456 omnium

204 2468 399 2500 distractione
415 2470 584 2501 facultatum
601 2469 838 2499 inteslimabilem
852 2469 930 2501 illam
944 2480 1023 2501 mar-

204 2517 325 2552 gantam
343 2514 412 2551 emi,
427 2514 512 2552 dicis,
528 2524 592 2553 ego,
619 2513 666 2544 cui
681 2513 769 2544 nullae
785 2518 852 2544 sunt
868 2524 950 2555 opes,
968 2526 1024 2556 qua

203 2558 321 2590 tandem
334 2559 379 2590 via
390 2559 518 2590 divinam
531 2560 605 2590 hanc
618 2562 646 2589 el
658 2558 823 2598 speciosam
836 2560 1023 2599 margaritam

203 2613 376 2644 comparare
390 2604 516 2644 potero?
532 2606 640 2636 I-lortor
651 2604 748 2644 itaque
765 2608 804 2640 te,
823 2609 852 2634 ut
869 2613 958 2645 super
970 2605 1024 2636 hoc

204 2648 354 2688 sapienter
369 2658 415 2679 me
431 2649 545 2680 audias.
577 2648 608 2679 Si
638 2649 778 2679 mundum
796 2648 979 2688 universum,
998 2654 1026 2681 et

202 2701 266 2732 quae
283 2693 311 2724 in
330 2694 440 2725 mundo
465 2698 533 2724 sunt
562 2693 683 2732 habeas,
715 2697 743 2724 et
768 2693 845 2724 eain
864 2695 1025 2738 orphanos,

200 2737 311 2781 viduas,
324 2739 477 2769 mendicos
486 2742 641 2777 etegentes
651 2738 805 2779 dispergas
812 2748 845 2769 ac
853 2737 1024 2778 distribuas,

1065 2205 1175 2237 autem,
1193 2209 1324 2230 amorem
1346 2208 1412 2239 quae
1427 2198 1523 2229 oratio
1545 2201 1744 2237 consequatur
1760 2198 1772 2228 Υ
1797 2208 1888 2238 quem

1066 2246 1178 2276 scilicet
1193 2245 1243 2276 illa
1258 2245 1288 2275 in
1301 2245 1391 2275 corde
1407 2253 1460 2274 suo
1490 2242 1633 2282 gestabat,
1660 2252 1727 2273 cum
1742 2243 1778 2273 ad
1796 2252 1844 2274 me
1860 2248 1890 2275 ut

1065 2290 1157 2321 Deum
1174 2300 1207 2320 ac
1223 2289 1382 2320 Dominum
1399 2288 1560 2318 visibilium
1583 2291 1613 2318 et
1627 2287 1821 2318 invisibilium
1837 2297 1888 2319 ac-

1065 2335 1188 2371 cedens,
1206 2344 1274 2364 eum
1288 2334 1405 2373 largiter
1416 2333 1500 2370 mihi,
1515 2336 1546 2363 ut
1562 2341 1649 2362 nemo
1658 2337 1744 2362 antea
1756 2333 1888 2364 offerret.

1066 2380 1160 2416 Quem
1176 2379 1277 2409 videns
1306 2377 1478 2419 approbavi,
1505 2387 1561 2407 nec
1592 2386 1722 2407 amorem
1739 2377 1820 2408 illum
1837 2387 1888 2408 ac-

1067 2425 1153 2465 cepi;
1170 2424 1221 2454 sed
1239 2425 1305 2454 data
1321 2424 1346 2454 ei
1364 2422 1533 2462 margarita,
1551 2421 1659 2462 reliqui
1670 2422 1697 2452 ei
1710 2422 1797 2452 etiam
1808 2431 1890 2454 an10«

1067 2480 1142 2505 rem,
1157 2469 1201 2499 vel
1215 2469 1312 2509 potius
1322 2468 1450 2508 amplius
1461 2467 1669 2508 eumaccendi,
1681 2468 1745 2498 etin
1756 2468 1889 2500 ﬂammas

1067 2515 1203 2554 ingentes
1219 2513 1354 2551 excitavi,
1372 2522 1498 2552 eamque
1514 2512 1679 2552 virginibus
1690 2512 1888 2545 honestiorem

1067 2571 1100 2591 ac
1112 2559 1358 2591 venerabiliorem
1371 2558 1470 2590 dimisi
1496 2557 1598 2589 Subito
1607 2558 1685 2588 enim
1693 2558 1786 2597 legem
1800 2563 1888 2590 totam

1067 2611 1097 2636 ut
1114 2614 1229 2635 murum
1257 2613 1459 2645 Super-gressa.
1489 2607 1539 2634 aut
1573 2607 1640 2643 tanq
1663 2612 1709 2633 am
1726 2613 1779 2643 per
1794 2605 1890 2636 scalas

1067 2659 1156 2690 Supra
1171 2659 1274 2680 omnes
1289 2651 1412 2681 virtutes
1424 2649 1549 2690 sublata,
1569 2649 1606 2679 ad
1623 2650 1712 2679 tinem
1727 2648 1800 2688 legis
1819 2660 1887 2690 per-

1070 2695 1158 2733 venit,
1176 2696 1225 2736 qui
1241 2700 1286 2726 est
1301 2695 1438 2732 Charitas,
1458 2702 1486 2726 et
1502 2695 1584 2733 abiit,
1603 2704 1695 2735 usque
1711 2693 1746 2725 ad
1763 2700 1887 2727 mortem

1067 2741 1238 2772 charitatem
1255 2740 1378 2771 illaesam
1391 2749 1580 2772 conservans.
1595 2739 1739 2770 Similiter
1748 2739 1888 2780 prodigus

241 2822 271 2847 '25
285 2822 368 2853 J‘van.
387 2832 448 2859 vui,
469 2824 515 2854 38.
560 2823 590 2847 '3‘
606 2824 695 2854 .‘tlatth
725 2832 752 2859 γ,
772 2825 800 2853 8.
844 2825 873 2850 95
890 2827 989 2857 Matth.
1007 2816 1069 2863 xui,
1091 2816 1136 2857 i5.
