1978 3078
98 163 157 197 54]

99 237 163 263 toto
180 233 321 264 excorde
337 243 484 271 reversus,
515 234 632 265 sincere
660 233 795 274 paenituit
817 237 845 263 et
860 235 958 263 cumA

99 281 182 309 esset
195 282 264 309 ante
284 278 361 309 filius
388 288 482 315 meus,
508 288 569 308 non
597 282 732 318 tanquam
752 278 828 308 ﬁlius
846 286 929 308 meus

100 323 138 352 ad
157 332 204 353 me
215 323 287 354 adiit
308 334 313 354 :
331 323 383 353 sed
395 324 470 354 sicut
486 333 561 354 unus
582 323 620 354 de
646 323 839 354 mercenariis
856 322 929 352 meis

102 367 171 397 fieri
188 367 301 407 petivit.
315 367 376 398 Nec
388 377 458 399 vero
470 368 570 406 lingua
585 372 709 407 tantum,
720 368 770 398 sed
788 373 816 398 et
829 368 928 398 animo

101 411 294 451 loquebatur,
302 416 331 442 et
339 421 404 452 quae
411 412 642 452 verbisdicebat,
653 412 792 452 operibus
804 413 925 443 demon-

100 456 222 487 strabat.
241 456 396 487 Humilitas
420 457 483 497 ejus
499 457 535 487 ad
561 457 792 488 misericordiam
808 467 854 487 me
868 457 925 487 im-

100 501 188 541 pulit,
204 511 291 541 quem
309 511 375 532 mox
403 501 503 538 (litavi,
521 505 548 531 et
561 502 701 532 continuo
713 502 806 541 gloria
821 502 924 539 extuli,

99 545 240 585 quoniam
257 555 291 576 ex
320 546 420 576 animo
448 546 484 576 ad
501 555 548 576 me
571 555 746 576 conversum
778 546 924 585 videbam,

98 597 168 621 cum
183 590 354 630 neutiquam
373 591 464 630 (quod
479 591 562 621 multi
579 591 685 627 solent,
702 595 832 621 mentem
849 601 864 621 τι
877 601 924 622 me

97 635 277 665 reﬂecteret.
289 635 351 666 Hoc
359 635 445 665 modo
457 635 591 676 quisquis
602 635 637 666 ad
651 645 698 665 me
709 636 835 672 venerit,
849 641 878 666 et
893 646 924 667 se

99 678 173 709 mihi
181 679 298 710 sincere
309 680 502 720 prostraverit
515 680 644 716 (audiant
654 689 758 710 omnes
772 681 919 720 mortales)

99 723 255 754 confestim
273 733 340 754 eum
357 724 527 764 suscipiam.
555 724 610 760 Qui
634 728 732 754 autem
748 725 843 764 gratia
858 735 924 756 mea

100 777 153 808 per
168 768 267 799 dolum
285 768 370 808 potiri
387 769 456 806 vult,
475 773 579 799 etcum
595 769 747 809 hypocrisi
765 779 816 800 seu
833 770 923 801 simu-

98 812 208 843 latione
224 813 260 843 ad
276 822 324 844 me
339 812 510 850 accesserit,
524 818 554 843 ut
567 813 786 853 improbitatem
809 815 920 852 celans,

97 861 147 904 aut
166 857 306 897 operibus
318 857 380 888 suis
391 857 555 894 conﬁdens,
583 862 614 888 ut
630 858 770 896 elatione,
782 864 831 890 aut
845 860 920 890 invi-
935 881 952 904 Β

96 901 147 932 dia
163 902 356 938 constrictus,
373 902 420 933 hic
437 912 558 943 prorsus
588 913 646 934 non
672 903 792 934 habebit
808 909 920 945 partem

97 955 227 977 mecum.
245 947 313 978 Haec
329 946 394 983 tibi,
412 951 439 978 et
454 947 622 987 _unit‘ersds
648 947 726 978 Dens
754 958 807 989 per
822 958 876 980 nos
891 950 920 980 in

97 992 188 1023 horas
204 991 325 1022 occinit.

135 1036 178 1066 Ac
188 1036 213 1066 si
226 1036 322 1075 placet
332 1035 451 1067 aliunde
464 1046 584 1077 quoque
609 1037 797 1077 perspicuum
810 1038 861 1068 tibi
875 1038 919 1068 fa-

95 1081 183 1120 ciam,
193 1081 240 1111 hic
252 1081 303 1111 tibi
317 1085 407 1111 totum
419 1090 542 1121 regnum
552 1082 694 1113 caelorum
712 1083 919 1122 accipiendum

97 1134 172 1161 esse,
187 1125 211 1155 si
226 1130 290 1166 post
301 1125 413 1156 obitum
426 1125 456 1156 in
469 1127 496 1156 id
509 1126 623 1166 ingredi
634 1128 830 1166 concupiscis.
845 1128 920 1159 Audi

95 1170 203 1200 iterum
220 1170 259 1200 im
273 1170 612 1210 parabolisloquen’em.
626 1171 760 1210 Regnum
776 1172 918 1204 cmlorum

98 1215 144 1245 cui
162 1215 261 1246 simile
277 1215 372 1245 dicam
388 1218 401 1244 ?
417 1215 559 1246 Attende.
578 1215 681 1246 Simile
699 1216 725 1246 ei
741 1226 831 1255 grano
843 1219 921 1247 sina-

96 1260 140 1300 pis
151 1259 229 1300 quod
242 1260 330 1290 homo
341 1259 486 1300 quispiam
512 1265 679 1301 acceptum,
694 1262 766 1292 sevit
787 1262 815 1292 in
835 1263 919 1292 horto

97 1312 152 1334 suo
170 1308 199 1334 et
214 1304 452 1344 comprehendit,
478 1309 506 1334 et
531 1314 632 1335 revera
658 1305 686 1335 in
703 1305 839 1336 arborem
858 1316 918 1337 ma-

98 1357 185 1388 gnam
202 1357 235 1378 se
259 1349 375 1378 sustulit
403 1349 442 1380 93.
461 1349 514 1380 Dic
543 1354 573 1379 tu
599 1350 660 1389 jam
677 1350 725 1390 qui
745 1351 806 1380 haec
823 1351 917 1387 audis,

93 1393 230 1434 quisnam
247 1398 290 1423 est
304 1403 427 1432 granum
439 1394 513 1424 istuc
525 1398 538 1425 ?
560 1395 630 1433 quid
644 1404 709 1424 esse
726 1395 796 1425 il'ud
811 1401 893 1435 putas
905 1396 920 1425 ‘?

93 1438 140 1468 dic
157 1437 262 1476 libere,
279 1438 391 1478 alioqui
407 1448 460 1478 ego
486 1439 594 1473 (licam,
627 1444 654 1469 et
684 1440 835 1470 veritatem
855 1441 919 1471 elo~

92 1492 177 1523 quar.
195 1484 314 1514 Certum
331 1487 374 1513 est
391 1492 513 1522 regnum
543 1484 684 1514 cmlorum
715 1494 834 1515 vocasse
849 1495 917 1525 gra-

93 1522 175 1557 num.
186 1527 265 1557 Istud
274 1534 372 1557 au‘em
384 1537 506 1566 granum
519 1532 565 1558 est
576 1528 800 1568 diviniSpiritus
812 1522 916 1569 gratia.
929 1522 948 1547 C

92 1572 197 1602 hortus
207 1581 257 1602 cor
267 1572 500 1612 uniuscujusque
508 1573 637 1604 hominis
650 1583 657 1609 ς
668 1573 728 1610 ubi,
741 1574 790 1614 qui
805 1575 920 1615 accepit

91 1616 241 1656 spiritum,
259 1616 331 1646 serit
345 1617 415 1647 illud
433 1621 460 1647 et
491 1618 632 1655 contegit,
662 1618 875 1660 absconditque
888 1620 916 1650 in

90 1661 205 1691 inlimis
233 1660 410 1698 visceribus,
424 1667 456 1693 ut
472 1671 558 1692 netno
575 1662 682 1699 videat,
710 1668 739 1694 et
754 1673 820 1694 cum
838 1665 918 1695 omni

91 1705 250 1736 sedulitate
263 1705 401 1743 custodit,
421 1711 452 1736 ut
467 1708 591 1745 germint
604 1711 624 1743 t,
642 1712 671 1738 et
686 1708 773 1738 arbor
793 1710 918 1740 evadens

91 1750 167 1780 coelo
181 1760 212 1781 se
230 1750 321 1780 tollat.
339 1749 369 1782 Si
387 1755 416 1782 tu
433 1752 575 1788 afﬁrmas,
610 1761 668 1782 non
699 1753 757 1788 hic,
786 1754 837 1783 sed
852 1758 917 1793 post

91 1798 218 1825 mortem
235 1804 337 1825 omnes
353 1801 527 1835 accepturos
539 1806 662 1835 regnum
676 1797 740 1835 Dei,
753 1798 803 1837 qui
818 1798 844 1827 id
860 1799 918 1829 ier-

91 1843 194 1869 venter
211 1839 347 1878 diligunt,
380 1839 432 1870 Dei
458 1851 491 1871 ac
517 1840 677 1872 Salvator-is
706 1843 798 1872 nostri
829 1843 917 1874 verba

89 1884 211 1914 evertis.
227 1883 288 1914 Nisi
298 1885 375 1914 enim
387 1888 538 1925 acceperis
547 1895 668 1925 granum
680 1887 802 1927 sinapis,
815 1887 915 1927 dequo

91 1928 177 1964 dixit,
193 1928 248 1958 nisi
265 1929 294 1959 id
312 1929 340 1959 in
368 1930 452 1960 horto
485 1935 532 1960 tuo
563 1931 684 1968 severis,
703 1931 845 1963 sementis
861 1942 915 1964 ex-

91 1982 161 2012 pers
177 1982 280 2003 manes
294 1974 426 2005 omnino.
445 1974 526 2010 Quod
557 1975 581 2004 si
607 1975 694 2006 etiam
726 1986 826 2007 semen
845 1977 915 2008 illud

85 2017 211 2057 jeceris,
229 2022 258 2048 et
273 2018 316 2048 vel
343 2019 436 2058 spinis
463 2020 664 2059 sutl'oeaveris,
692 2023 733 2050 vel
751 2021 853 2052 avibus
868 2031 916 2052 ra-

93 2062 235 2101 piendum
254 2063 430 2102 pr-ulitleris,
448 2068 497 2094 aut
528 2065 707 2104 negligentia
736 2069 783 2096 tua
800 2066 915 2097 hortum

91 2117 151 2136 non
165 2106 317 2145 rigaveris,
332 2112 359 2138 et
370 2117 494 2146 granum
510 2114 597 2149 rupta
610 2111 714 2140 teliure
727 2120 784 2140 non
802 2111 919 2150 prodie-

670 165 889 198 DIVINORUM
913 164 1076 195 AMORUM
1099 164 1224 195 LIBER.

1733 156 1792 191 542

970 229 1022 260 tibi
1040 230 1179 269 magarita
1201 239 1279 266 sum,
1307 229 1354 260 hic
1368 228 1525 260 emor.Hic
1538 228 1590 259 tibi
1606 228 1749 264 triticum,
1768 230 1797 257 et

971 275 1297 314 velutsinapisgranum
1307 273 1445 305 sum.iiic
1457 273 1509 304 tibi
1525 273 1701 304 fermentum
1717 281 1794 308 sum,

972 324 1001 349 et
1018 329 1142 350 massam
1159 323 1237 349 tuam
1255 322 1411 349 termento.
1441 318 1495 349 Hic
1509 318 1560 348 tibi
1573 327 1649 357 aqua
1662 317 1796 347 etsuavis

971 364 1048 402 ignis
1059 374 1136 395 sum.
1155 364 1207 394 llic
1225 368 1254 394 et
1284 364 1491 394 vestimentum
1523 362 1796 400 etalimentttm,-et

971 418 1058 439 omne
1074 417 1168 447 genus
1184 408 1311 448 potionis
1327 408 1379 438 tibi
1392 417 1469 445 sum,
1493 407 1518 438 si
1531 406 1617 437 tnodo
1630 410 1660 437 tu
1670 405 1722 436 vis.
1733 404 1794 436 Do-

970 453 1067 482 minus
1079 453 1140 483 haec
1152 452 1236 482 dicit.
1250 453 1281 482 Si
1297 453 1388 492 igitur
1401 452 1442 483 ita
1462 461 1496 482 ex
1518 449 1749 488 ca’lucisrebus,
1766 453 1796 480 et

970 497 1057 527 talem
1068 498 1309 536 mecognoveris,
1324 498 1411 527 etiam
1429 496 1480 526 tibi
1492 496 1578 526 talem
1596 504 1643 526 me
1657 494 1792 531 habebis,

970 545 997 571 ul
1019 541 1158 572 ineffabili
1170 542 1283 572 ratione
1299 543 1365 572 (iatn
1380 541 1430 571 tibi
1445 541 1554 571 omnia.
1569 540 1619 570 Sin
1638 539 1707 570 hinc
1723 541 1794 570 emi-

968 586 1074 625 graris,
1091 587 1231 626 ignorans
1242 586 1310 626 quid
1322 590 1460 625 operetur
1480 585 1572 624 gratia
1584 593 1660 621 mea,
1672 583 1733 614 illic
1747 593 1794 614 tne

966 630 1169 661 tantummodo
1195 631 1327 670 judicent
1360 629 1570 660 inexorabilem
1599 628 1742 658 invenies.
1769 627 1792 659 Ο

965 675 1082 706 Christe
1093 685 1175 705 nteus
1182 680 1211 706 et
1220 677 1296 706 Deus
1305 685 1397 706 mens.
1410 683 1447 704 ne
1459 683 1506 704 me
1516 678 1586 704 tunc
1596 673 1790 712 condemnes,

965 728 1039 749 neve
1047 719 1300 759 ptenissubjicias.
1312 719 1360 759 qui
1371 719 1470 749 multis
1483 723 1509 748 te
1523 717 1655 756 peccatis
1667 717 1790 755 otl'endi,

965 764 1017 794 sed
1036 774 1082 794 me
1098 768 1129 794 ut
1144 774 1234 794 unum
1251 763 1287 794 de
1305 763 1405 794 inlinis
1433 763 1489 793 tuis
1519 761 1713 792 mercenariis
1727 771 1792 792 sus-

965 808 1049 848 cipe;
1063 812 1093 839 et
1108 808 1232 848 dignare
1249 817 1297 839 me
1327 808 1449 848 posthac
1465 807 1578 837 servire
1609 806 1672 846 tibi,
1691 805 1791 837 Salva-

965 857 1010 883 tor
1026 852 1077 890 mi,
1093 856 1123 883 et
1138 852 1280 892 Spiritum
1311 856 1445 882 sanctum
1477 856 1556 882 tuum
1587 851 1694 891 pignus
1708 850 1791 889 regni

963 897 1112 937 accipere,
1131 901 1160 927 et
1175 897 1194 927 il
1209 897 1414 927 itzthalamitui
1438 896 1532 936 gloria
1553 895 1791 935 perirui,viden-

965 946 1022 972 lem
1038 946 1064 972 te
1073 941 1165 972 Deum
1179 951 1275 972 meum
1288 942 1316 972 in
1328 951 1447 972 omnem
1457 940 1665 971 mternitatem.
1682 943 1789 972 Amen.

965 1037 1092 1075 Qualem
1110 1046 1174 1078 0pm
1184 1041 1247 1069 teut
1260 1047 1320 1068 esse
1336 1037 1525 1074 monac/mm,
1539 1045 1604 1076 quas
1616 1038 1682 1076 ejus
1697 1037 1788 1075 actio,

1244 1082 1270 1109 et
1289 1078 1342 1118 qui
1357 1087 1507 1108 ascensus.

1005 1127 1118 1158 Anitnze
1134 1132 1190 1158 tuae
1201 1127 1322 1158 domum
1336 1128 1378 1157 fac
1393 1126 1544 1166 palatitttn,
1560 1125 1636 1166 quod
1654 1124 1788 1156 Christus

963 1172 1168 1202 universorum
1200 1181 1251 1202 rex
1278 1171 1440 1202 inhabitet:
1466 1170 1509 1200 fac
1532 1175 1630 1201 autem
1652 1170 1787 1210 lacrymis

961 1217 1151 1255 stillantibus,
1178 1216 1345 1256 ejulatibus,
1364 1215 1635 1252 lamentationibus,
1654 1224 1785 1253 genuum

962 1261 1152 1298 ﬂexionibus,
1171 1261 1320 1291 etcrebris
1329 1260 1498 1300 gemitibus,
1508 1260 1705 1290 simonaehus
1721 1268 1788 1289 vere

964 1306 1084 1343 μονάζων
1101 1315 1167 1335 es~e
1182 1306 1235 1336 vis.
1269 1305 1352 1335 Tunc
1378 1314 1436 1335 non
1466 1304 1525 1334 eris
1541 1305 1669 1342 μονάζωυ,
1685 1303 1714 1334 id
1730 1308 1786 1339 est,

962 1349 1126 1386 solitarius,
1146 1360 1213 1380 nam
1231 1359 1297 1380 eum
1314 1359 1384 1388 rege
1411 1349 1594 1379 versaberis:
1615 1349 1674 1379 eris
1689 1352 1786 1379 autem

963 1396 1082 1432 μονάςων
1097 1394 1261 1424 secundum
1291 1404 1355 1431 nos,
1379 1398 1409 1423 ut
1426 1394 1476 1434 qui
1505 1393 1541 1424 ab
1571 1393 1743 1424 hominibus
1759 1398 1788 1424 et

962 1439 1072 1469 mundo
1088 1439 1225 1470 universo
1243 1443 1395 1478 separatus
1409 1439 1462 1478 sis,
1489 1438 1566 1478 quod
1597 1442 1640 1468 est
1656 1438 1786 1477 legitime

961 1485 1108 1521 μονλζεινί
1140 1484 1202 1514 Iteo
1229 1488 1327 1514 autem
1348 1487 1375 1513 et
1405 1483 1466 1522 regi
1507 1483 1697 1523 conjunetus,
1728 1492 1786 1513 non

961 1528 1091 1565 μο-ιάζων,
1101 1528 1152 1558 sed
1163 1528 1295 1558 omnium
1308 1531 1476 1558 sanctorum
1490 1528 1600 1564 socius,
1614 1527 1786 1566 angelorum

960 1582 1014 1603 con
1020 1573 1131 1612 victori
1138 1572 1539 1608 ustorumcontubern:tlis,et
1547 1572 1786 1602 reveraumnium

960 1617 1122 1648 caelestium
1140 1617 1270 1648 colueres
1295 1618 1415 1647 eﬂ'ectus
1449 1627 1490 1647 es.
1517 1617 1578 1653 Quo
1596 1617 1687 1656 igitur
1702 1621 1786 1657 pacto

960 1663 1090 1700 μο-ιέζω-ι,
1109 1662 1157 1702 qui
1173 1661 1213 1692 ibi
1226 1662 1311 1692 vitam
1329 1662 1424 1692 ducis.
1457 1662 1506 1692 ubi
1531 1661 1687 1692 celebritas
1703 1671 1784 1692 mar-

961 1711 1066 1746 tyrum,
1079 1706 1128 1736 ubi
1138 1707 1247 1736 chorus
1260 1707 1469 1746 prophetarum
1482 1711 1511 1737 et
1522 1706 1689 1736 divinorum
1714 1716 1787 1747 apo-

961 1752 1071 1781 stoloru
1077 1751 1160 1788 m,ibt
1168 1751 1513 1791 innumerabilisjustoru
1520 1761 1544 1781 m
1551 1752 1784 1791 ,episcoporum,

959 1796 1202 1835 patriarcharum,
1217 1796 1402 1835 aliorumque
1410 1801 1580 1826 sanctorum
1593 1796 1611 1826 ft
1623 1796 1762 1836 equentia
1772 1797 1787 1826 ?

958 1841 1014 1876 Qui
1030 1849 1097 1870 vero
1113 1841 1201 1871 etiam
1215 1840 1364 1870 Christum
1382 1841 1411 1870 in
1443 1850 1475 1870 se
1503 1840 1681 1871 habitantem
1698 1841 1783 1880 gerit,

958 1885 1047 1915 dit-ite
1065 1884 1147 1920 mihi,
1165 1885 1313 1924 quomodo
1332 1885 1379 1915 hic
1402 1885 1482 1915 solus
1507 1894 1572 1915 esse
1597 1885 1654 1915 dici
1673 1889 1787 1924 potest?

960 1931 1032 1961 Nam
1050 1940 1115 1960 cum
1132 1929 1248 1960 Christo
1267 1940 1333 1960 u:eo
1359 1939 1417 1960 una
1442 1934 1486 1959 est
1503 1929 1598 1959 Pater.
1616 1934 1643 1960 et
1659 1929 1786 1970 Spiritus

959 1978 1090 2004 sanctus.
1105 1973 1139 2003 Et
1154 1974 1204 2014 qui
1233 1976 1350 2004 tandem
1375 1974 1467 2010 solus,
1491 1974 1539 2013 qui
1567 1974 1671 2010 tribus,
1690 1979 1719 2004 ut
1735 1974 1784 2004 uni

959 2019 1113 2058 copulatus
1129 2018 1197 2049 est?
1212 2017 1275 2048 Non
1289 2023 1332 2048 est
1354 2018 1444 2055 solus,
1467 2018 1518 2058 qui
1537 2019 1596 2048 Deo
1610 2023 1655 2049 est
1672 2019 1782 2054 unitus,

960 2064 1076 2094 etiamsi
1093 2063 1172 2093 solus
1188 2068 1243 2103 est,
1263 2068 1290 2093 et
1307 2063 1443 2102 quamvis
1468 2063 1497 2092 in
1523 2063 1692 2099 solitudine,
1711 2067 1736 2093 et
1756 2065 1783 2093 ιιι

961 2113 1043 2138 antro
1060 2108 1156 2147 degat.
1173 2108 1266 2143 Quem
1283 2107 1307 2137 si
1325 2107 1549 2142 noninvenit,si
1561 2118 1618 2137 non
1635 2108 1781 2147 cognovit,

89 2151 139 2185 rit,
155 2151 765 2190 nongermiuawrit,nonfruclumtulerit,
781 2153 985 2193 agetlum,DSl
1002 2162 1060 2182 non
1092 2153 1205 2192 accepit
1236 2157 1328 2183 tolum
1358 2151 1540 2181 incarnatum
1571 2152 1621 2182 Dei
1639 2151 1782 2188 Verbum,

88 2196 179 2226 dicito
194 2206 259 2236 qua)
275 2195 326 2226 tibi
343 2207 376 2226 ex
394 2198 447 2228 hac
463 2198 589 2228 statione
616 2200 768 2238 proveniet
784 2200 917 2230 utilitas?

89 2241 215 2276 Quando
228 2245 337 2275 autem,
356 2246 382 2272 et
400 2251 458 2282 quo
489 2243 546 2273 alio
578 2249 710 2284 tempore
740 2248 762 2274 si
780 2255 838 2275 non
856 2245 916 2278 hic,

87 2295 192 2316 semen
211 2285 345 2326 accipis?
361 2288 427 2317 l’ost
441 2292 576 2324 mortetn,
603 2288 711 2328 inquis.
723 2289 780 2319 Sed
797 2289 917 2321 aberras

86 2329 122 2360 ab
139 2339 176 2360 eo
192 2330 268 2371 quod
279 2331 436 2361 estrationi
450 2337 694 2364 consentaneum.
706 2334 857 2373 interrogo
877 2339 914 2369 te,

89 2374 231 2412 quoniam
251 2375 279 2404 in
292 2375 376 2405 horto
391 2380 459 2406 tunc
473 2376 546 2406 istut-
558 2386 680 2413 granum
697 2378 913 2409 terrteabs-on-

89 2420 143 2448 des
156 2419 170 2449 ‘?
185 2429 312 2459 quonam
331 2420 431 2450 labore
461 2421 551 2456 coles,
568 2426 598 2452 ttt
611 2422 746 2452 eliciatur
762 2423 830 2453 inde
846 2424 916 2454 her-

91 2463 219 2494 bescetts
234 2473 267 2494 ex
286 2474 320 2494 eo
333 2464 464 2495 viriditas
478 2465 579 2496 ‘.7-Vere
598 2466 636 2496 mi
648 2466 702 2496 frat
715 2476 748 2504 ϊ,
761 2467 914 2507 deceptus,

91 2512 119 2537 el
135 2508 243 2548 plenus
259 2509 370 2539 erroris
387 2519 428 2540 es.
450 2509 511 2540 Hoc
538 2510 616 2540 enim
649 2514 765 2551 tempus
780 2521 914 2552 operum,

90 2554 234 2593 futurum,
253 2563 429 2584 coronarum
447 2559 501 2585 est.
519 2553 573 2585 Hic
588 2560 616 2585 tu
632 2555 828 2586 arrhabonth
845 2566 914 2587 sett-

90 2598 197 2636 pignus
212 2598 325 2638 accipe.
353 2599 425 2629 dixit
451 2599 617 2637 Dominus;
644 2600 691 2630 hic
718 2601 845 2639 sigillum
864 2611 915 2631 seu

89 2647 188 2672 nolam
207 2652 296 2682 cape;
312 2643 372 2682 jam
392 2644 480 2674 modo
497 2644 602 2674 animte
616 2649 671 2675 tute
683 2645 848 2685 lampadem
867 2656 915 2676 ac-

87 2687 193 2726 cende,
214 2687 386 2728 priusquam
404 2689 611 2728 conteneltret,
640 2690 810 2730 priusquam
829 2691 913 2721 t‘lau-

87 2731 193 2761 dantur
209 2737 299 2772 porta!
315 2732 522 2764 obeuttdorutn
551 2743 684 2774 operum.
713 2733 741 2765 Si
760 2735 849 2774 rapis,
867 2736 913 2766 hic

126 2843 157 2868 96
174 2844 274 2876 Matth.
293 2853 356 2880 xm,
374 2847 422 2876 3t.

961 2199 1018 2228 heu
1035 2197 1098 2227 me!
1113 2197 1282 2237 neutiqttam
1311 2200 1339 2226 et
1365 2197 1542 2226 monachus:
1570 2197 1621 2226 sed
1639 2197 1717 2234 μόνος
1732 2206 1782 2228 so-

960 2245 1016 2281 lus,
1034 2254 1050 2273 ε]
1067 2245 1126 2274 Deo
1140 2247 1304 2282 separatus,
1324 2248 1351 2272 et
1380 2243 1531 2281 sejunctas
1544 2242 1690 2272 videlicet.
1707 2242 1782 2278 Quin

961 2289 1047 2318 etiam
1066 2288 1209 2327 singulari
1226 2293 1370 2324 nostrum,
1386 2288 1434 2327 qui
1445 2289 1498 2317 hoc
1507 2288 1605 2318 animo
1620 2297 1732 2318 sutnus.
1746 2288 1782 2317 al)

960 2333 1026 2363 aliis
1042 2333 1214 2363 hominibus
1229 2333 1349 2362 ontnino
1378 2332 1539 2366 disswiati.
1566 2337 1594 2362 et
1610 2341 1714 2362 omnes
1732 2341 1782 2362 or-

960 2378 1049 2417 phani
1066 2387 1100 2408 ac
1116 2377 1239 2408 desolati
1261 2386 1373 2417 sumus,
1385 2377 1500 2407 tametsi
1513 2377 1694 2407 habitatione
1711 2387 1783 2407 con-

955 2423 1040 2463 jungi
1055 2423 1199 2456 videmur,
1214 2427 1241 2451 et
1251 2422 1408 2452 multorum
1422 2421 1629 2461 aggregatione
1641 2422 1718 2452 inter
1731 2432 1782 2452 nos

960 2468 1088 2498 misceri.
1108 2467 1213 2498 Attium
1230 2467 1308 2496 enim
1326 2472 1353 2496 et
1369 2476 1493 2505 oorpore
1524 2467 1649 2506 sejuncti
1666 2477 1780 2505 summ,

960 2513 1036 2553 quod
1053 2522 1118 2543 esse
1134 2521 1233 2542 verum
1254 2521 1332 2541 mors
1344 2511 1483 2551 ostendit,
1498 2513 1782 2552 unumquemqueab

960 2557 1064 2588 amicis
1080 2564 1107 2588 et
1125 2556 1257 2596 cognatis
1272 2556 1425 2586 divellens.
1455 2561 1483 2586 et
1505 2557 1554 2596 qtti
1567 2557 1782 2596 nuncdiligun-

960 2607 1020 2639 tor,
1037 2611 1139 2632 eorum
1171 2601 1302 2631 onmiunt
1333 2600 1509 2630 oblivionem
1535 2602 1674 2632 atierens‘
1689 2603 1737 2632 Sic
1755 2607 1784 2633 et

959 2657 1027 2683 nox,
1046 2651 1075 2677 et
1091 2656 1224 2682 somnus,
1241 2649 1269 2675 et
1284 2645 1416 2675 actiones
1432 2645 1505 2675 vitae.
1535 2646 1780 2677 eonsotiattouem

959 2693 1037 2721 mu'tt
1051 2700 1127 2726 rum,
1146 2695 1173 2720 ut
1192 2694 1423 2720 consentaneum
1455 2693 1509 2724 est,
1536 2689 1707 2720 dissolvunt.
1727 2691 1782 2726 Qui

957 2740 1055 2767 autem
1070 2746 1121 2775 per
1139 2735 1274 2765 virtutem
1287 2734 1390 2765 cellam
1405 2742 1486 2764 suam
1499 2734 1608 2764 crelum
1620 2735 1700 2775 fecit,
1714 2740 1741 2765 et
1753 2736 1780 2767 iu
