1978 3078
207 160 266 193 543

862 161 1013 193 SYMEON
1018 161 1053 192 IS
1073 161 1089 192 1
1094 161 1145 192 UN
1150 161 1250 193 lORIS

1836 161 1906 193 544

195 237 231 258 ea
245 227 354 258 sedens
368 226 538 258 Creatorem
553 226 620 258 caeli
636 230 666 258 et
681 231 767 258 terra;
781 226 960 267 considerat,
990 231 1018 258 et
1028 232 1049 256 Α
1062 237 1120 258 non
1137 232 1269 267 possunt,
1287 237 1342 259 nec
1357 232 1472 260 exserto
1489 228 1585 269 capite
1599 228 1695 261 libero
1710 229 1775 261 caeli
1791 237 1894 270 aspo-

196 272 281 304 videt
294 275 322 302 et
337 271 451 307 odorat,
468 275 497 302 et
520 280 640 312 semper
654 275 700 302 est
723 281 789 303 cum
814 271 928 303 lumine
940 272 1019 303 inac-

196 325 293 354 cesso,
310 315 423 347 lumine
438 315 504 347 sine
518 325 636 353 occasu,
667 316 781 348 lumine
803 317 868 347 sine
883 326 1017 358 vespera,

195 371 213 392 a
227 370 285 402 quo
313 370 374 392 non
382 360 541 399 divellitur,
559 361 661 402 procul
669 361 791 393 omnino
814 371 871 393 non
883 371 1018 394 remove-

198 412 257 442 tur,
271 414 330 437 non
347 405 408 443 die,
425 413 486 438 non
501 410 599 444 nocte,
617 406 718 437 nonin
731 406 810 445 cibo,
823 415 880 438 non
893 405 923 438 in
935 411 1017 449 potu,

195 451 249 483 sed
264 460 320 483 nec
334 451 365 482 in
380 459 496 490 somno,
512 455 563 482 aut
591 450 710 489 itinere,
735 456 786 484 aut
809 451 840 483 in
856 453 1019 484 mutatione

197 495 276 533 loci;
292 495 344 526 sed
360 498 392 526 ut
407 495 502 533 vivus,
531 495 572 527 ita
598 501 744 536 mortuus,
774 496 846 534 imo,
864 501 896 528 ut
909 497 1020 529 clarius

199 541 307 581 dicam,
324 540 453 571 animam
466 549 589 581 prorsus
603 541 634 572 in
644 541 857 582 sempiternam
868 541 912 573 illi
926 542 1020 574 adest.

199 585 355 623 Quomodo
371 585 451 616 enim
463 595 572 626 sponsa
586 595 603 616 a
612 595 734 627 sponso,
747 590 796 618 aut
807 587 851 618 vir
864 586 902 618 ab
917 597 1022 625 uxore,

198 631 247 662 cui
257 630 413 670 colligatus
424 634 469 661 est
478 631 584 671 semet,
591 631 707 671 sejungi
716 631 808 671 possit
818 635 832 663 ’ρ
844 632 1020 672 Legislator,

197 675 374 716 cedolegem
388 684 447 706 non
458 674 610 707 servabit?
628 675 684 712 Qui
708 676 791 717 dixit,
808 677 949 709 Etenmt
963 678 1024 709 duo

198 721 232 752 in
246 729 337 753 carne
350 729 414 752 una
425 719 465 757 ’7,
482 721 631 762 quomodo
646 730 713 751 cum
729 720 792 761 ipsa
808 721 928 760 spiritus
944 732 1020 754 unus

1061 276 1109 303 ctu
1121 272 1188 304 frui.
1205 272 1300 313 Atque
1311 273 1388 304 istud
1403 277 1460 311 est,
1477 273 1555 314 quod
1584 273 1652 304 illos
1667 274 1748 314 angit
1764 278 1794 305 et
1808 283 1894 305 con-

1060 316 1167 353 tristat,
1182 317 1261 358 quod
1278 317 1428 349 Christum
1439 320 1536 349 totum
1559 327 1618 348 non
1634 317 1746 356 vident,
1763 317 1893 350 tametsi

1061 365 1154 393 totum
1168 362 1268 394 vident
1283 371 1289 393 :
1307 371 1364 393 nec
1379 371 1396 392 e
1406 361 1533 393 vinculis
1547 362 1684 403 corporis
1694 372 1727 394 se
1742 362 1894 403 expedire

1060 411 1184 447 queunt,
1206 406 1322 438 etiamsi
1350 406 1592 448 perturbationis,
1623 411 1652 438 et
1675 407 1758 439 omni
1781 416 1892 439 rerum

1061 451 1167 483 affectu
1187 455 1293 483 vocent
1309 460 1316 483 :
1333 451 1386 483 sed
1401 461 1418 483 a
1434 451 1534 483 multis
1562 451 1650 482 liberi
1674 461 1709 482 ac
1724 451 1827 492 soluti,
1849 452 1892 482 ab

1062 506 1120 526 uno
1134 496 1314 528 retinentur.
1341 496 1427 528 Alius
1449 495 1529 527 enim
1551 496 1652 527 multis
1668 497 1794 528 vinculis
1807 506 1891 528 con-

1065 541 1183 572 strictus
1197 546 1253 580 est,
1278 550 1333 574 nec
1360 540 1397 572 ab
1428 541 1487 572 illis
1510 541 1611 572 multis
1639 551 1672 573 se
1700 542 1833 574 solutum
1851 541 1894 572 iri

1065 589 1176 627 sperat.
1188 585 1243 623 Qui
1253 590 1352 618 autem
1373 586 1490 618 vincula
1499 586 1629 627 plurima
1639 586 1818 627 abrumpere
1833 596 1894 627 po-

1063 632 1130 669 tuit,
1144 635 1173 663 et
1187 631 1284 663 adhuc
1295 631 1331 662 ab
1345 641 1404 662 uno
1428 630 1601 671 impeditur,
1629 631 1696 672 plus
1709 631 1777 663 aliis
1791 631 1892 669 dolet,

1065 680 1095 708 et
1108 676 1208 708 abillo
1222 686 1341 717 quoque
1364 680 1397 708 ut
1415 675 1574 713 eximatur,
1597 676 1731 706 studiose
1746 676 1796 707 dat
1810 684 1892 716 ope-

1065 730 1141 762 ram,
1156 726 1188 752 nt
1202 721 1278 753 liber
1287 725 1437 761 appareat,
1450 725 1481 751 ut
1491 720 1624 761 gaudens
1638 720 1768 760 incedat,
1777 724 1892 751 utcum

199 775 258 796 non
275 764 354 797 erit?
369 765 402 797 lu
416 766 479 796 viro
504 765 583 796 enim
600 765 717 803 mulier,
731 765 761 796 in
779 766 903 798 muliere
918 768 972 805 vir,
991 771 1020 798 et
1060 766 1249 798 festinatione
1262 766 1299 798 ad
1311 775 1379 797 eum
1392 765 1606 806 proﬁciscatur,
1621 774 1710 806 quem
1730 764 1891 796 desidera-

198 810 299 842 anima
314 811 344 841 in
359 810 431 847 Deo,
444 814 474 840 et
485 810 562 841 Deus
581 810 612 840 in
627 810 726 842 anima
745 811 856 851 unitur,
869 815 898 842 et
912 821 1020 852 cogno-
1060 811 1111 849 vit,
1128 813 1212 851 cujus
1226 820 1315 842 causa
1341 811 1413 842 item
1437 809 1565 841 vinculis
1595 809 1705 840 exsolvi
1721 809 1891 840 contendit.

199 855 293 888 scitur
305 855 337 887 in
351 854 461 886 sanctis
475 854 625 887 omnibus.

241 900 290 932 Sic
308 900 450 931 uniuntur
464 899 538 938 Deo,
556 899 606 941 qui
623 909 676 940 per
690 900 893 940 paenitentiam
908 902 1023 933 animas

202 954 272 977 suas
287 946 317 976 in
333 945 388 976 hac
402 945 459 975 vita
473 949 634 986 purgantes
659 945 798 977 monachi
819 946 903 984 ﬁunt,
917 948 1023 978 semOti

200 990 237 1021 ab
252 990 329 1026 aliis,
347 989 456 1030 quique
471 998 591 1020 sensum
602 990 713 1022 Christi
725 990 887 1031 accipiunt,
900 993 985 1032 cujus
996 996 1024 1023 et

201 1044 235 1066 os
250 1038 318 1065 sunt
333 1038 363 1065 et
377 1034 477 1074 lingua
491 1043 508 1065 a
523 1034 681 1066 mendacio
709 1035 807 1067 aliena
820 1039 874 1073 est,
885 1046 953 1068 cum
967 1046 1025 1078 qua

200 1081 322 1112 Patrem
348 1079 583 1119 omnipotentem
616 1079 816 1121 alloquuntur,
844 1085 874 1112 et
897 1082 1024 1113 clamant

201 1133 336 1165 semper:
357 1123 381 1156 Ο
396 1125 494 1162 Pater,
511 1133 528 1154 ο
554 1123 626 1161 Rex,
652 1129 681 1155 et
710 1125 853 1157 Conditor
877 1126 1021 1160 omnium.

201 1168 312 1200 Horum
325 1168 401 1200 cella
414 1169 521 1200 ccelum
541 1173 597 1205 est,
614 1169 731 1209 ipsique
746 1169 800 1207 sol,
819 1174 848 1201 et
862 1170 962 1202 lumen
979 1176 1024 1202 est

203 1214 233 1245 in
247 1213 320 1255 ipsis
334 1222 485 1254 nunquam
513 1213 663 1254 occidens,
690 1222 725 1245 ac
745 1214 888 1251 divinum,
902 1215 979 1255 quod
996 1220 1026 1248 et

202 1268 322 1290 omnem
337 1258 488 1289 hominem
507 1258 673 1289 venientem
683 1258 714 1289 in
728 1258 806 1290 hunc
822 1259 975 1298 mundum,
990 1269 1026 1291 ex

203 1303 316 1344 Spiritu
331 1307 435 1334 sancto
462 1307 600 1334 renatum
629 1303 824 1334 illuminat”.
854 1303 916 1335 Nox
944 1305 1024 1336 enim

203 1357 262 1379 non
278 1352 323 1379 est
334 1347 365 1378 in
380 1347 452 1388 illis,
464 1357 520 1378 nec
534 1357 592 1388 quo
602 1347 632 1378 in
648 1348 735 1379 modo
746 1348 806 1387 fiat,
819 1348 919 1380 dicere
933 1358 1023 1390 queo.

205 1393 321 1424 Horren
334 1392 413 1423 enim
428 1393 498 1423 dum
523 1393 585 1423 haec
598 1392 651 1423 tibi
680 1392 789 1434 scribo,
807 1396 836 1424 et
850 1393 1028 1433 cogitatione

202 1437 267 1477 ipsa
281 1436 421 1468 tremisco
438 1447 445 1467 :
464 1437 518 1468 sed
533 1437 627 1468 doceo
643 1441 682 1474 te,
699 1438 849 1478 quomodo
865 1442 894 1469 et
906 1447 963 1478 qua
976 1447 1026 1469 ra—

205 1481 285 1513 tione
299 1481 408 1521 vivant,
425 1481 475 1522 qui
490 1481 552 1513 Deo
578 1481 721 1520 serviunt,
740 1486 769 1513 et
788 1482 871 1513 illum
888 1492 947 1524 pra:
962 1493 1027 1514 om-

205 1526 292 1558 nibus
305 1526 491 1567 inquisitum,
501 1527 596 1557 solum
607 1527 797 1568 invenerunt,
809 1527 904 1559 solum
916 1528 1026 1559 dilexe-

204 1575 293 1607 runt;
306 1571 455 1612 quomodo
470 1571 525 1603 soli
534 1580 587 1612 per
594 1571 789 1603 mouasticum
814 1576 924 1604 statum
937 1572 1024 1610 uniti,

206 1625 273 1647 cum
288 1616 352 1647 solo
367 1616 435 1652 soli,
447 1616 580 1657 quamvis
599 1616 628 1646 in
654 1617 802 1657 frequenti
831 1617 950 1657 populo,
968 1617 1028 1648 sint

205 1660 290 1701 quasi
299 1659 407 1692 relicti.
421 1660 457 1692 Hi
467 1660 548 1692 enim
568 1670 672 1692 revera
685 1665 753 1692 sunt
766 1662 914 1698 monachi,
932 1665 961 1693 et
971 1662 1026 1692 soli

210 1706 377 1744 μονάζοντες,
394 1705 444 1747 qui
460 1715 528 1737 cum
544 1706 607 1737 solo
625 1707 697 1742 Deo,
716 1710 744 1737 et
755 1707 785 1738 in
801 1706 863 1738 Deo
876 1706 943 1745 soli,
954 1707 1026 1738 nudi

206 1749 434 1790 cogitationibus
445 1755 474 1781 et
488 1751 655 1791 omnigenis
683 1751 774 1782 animi
797 1751 1024 1791 agitationibus:

205 1794 552 1826 solumintuenturDeum
561 1796 637 1836 apud
648 1796 1029 1837 auimum,cogitantes,nec

206 1841 368 1880 cogitantes
375 1840 457 1872 inlixi
464 1840 767 1877 nimiruminlumine.
776 1841 1027 1882 quemadmodum

206 1885 335 1918 telumin
343 1885 646 1926 pariete,autstellain
652 1886 793 1923 ccelo,aut
799 1886 964 1927 nescioquo
970 1886 1029 1917 alio

208 1930 307 1962 modo.
325 1930 536 1962 Verumtamen
553 1935 583 1962 ut
597 1930 755 1971 quemdam
785 1931 916 1963 lucidum
932 1931 1028 1962 thala-

207 1987 288 2009 mum
302 1976 433 2008 habitant
447 1976 537 2008 cellas
550 1985 630 2014 suas,
661 1983 691 2008 et
705 1986 738 2008 se
752 1977 783 2008 in
796 1977 871 2009 coelo
884 1977 1030 2009 arbitran-

209 2027 257 2054 tur
267 2022 375 2053 vivere.
391 2021 467 2052 Num
482 2025 579 2052 autem
605 2030 674 2052 vere
699 2020 843 2059 habitent,
859 2021 1028 2057 considera,

208 2071 237 2098 et
248 2067 336 2098 ﬁdem
353 2066 471 2098 habeto.
486 2065 550 2097 Non
563 2066 643 2097 enim
654 2070 723 2097 sunt
741 2066 772 2097 in
789 2071 879 2104 terra,
897 2067 1030 2108 quamvis

209 2115 287 2143 terra
300 2115 472 2152 teneantur;
489 2111 541 2142 sed
557 2111 588 2142 in
603 2111 716 2142 lumine
736 2113 852 2143 venturi
870 2111 970 2142 szeculi
985 2113 1030 2142 vi-

208 2161 290 2195 xunt,
308 2157 338 2188 in
354 2166 413 2197 quo
430 2156 562 2187 habitant
578 2160 607 2187 et
620 2155 805 2187 inambulant
816 2156 925 2196 angeli,
942 2165 958 2186 a
973 2166 1030 2197 quo

1035 855 1150 888 Blllum
1165 856 1254 895 igitur
1281 855 1389 895 singuli
1417 856 1513 886 solum
1541 857 1726 894 expetamus,
1754 854 1805 895 qui
1836 863 1895 884 nos

1064 902 1163 933 levare
1188 901 1252 932 istis
1279 899 1404 932 vinculis
1434 902 1554 939 potest;
1584 898 1667 929 illum
1701 903 1891 939 exoptemus,

1064 947 1160 987 illum,
1176 947 1261 986 cujus
1272 944 1494 987 pulchritudine
1503 943 1600 974 omnis
1611 943 1749 983 cogitatio
1761 947 1791 974 et
1803 952 1894 974 mens

1065 991 1259 1032 obstupescit,
1276 999 1400 1031 quaeque
1409 990 1538 1020 animam
1552 997 1672 1019 omnem
1690 988 1842 1026 vulnerat,
1861 992 1893 1019 et

1065 1035 1240 1075 quibusdam
1256 1035 1322 1066 aliis
1336 1034 1372 1066 ad
1398 1033 1570 1065 charitatem
1596 1032 1744 1070 subvehit,
1773 1036 1889 1063 etcum

1064 1080 1126 1112 Deo
1140 1081 1170 1111 in
1186 1089 1275 1112 omne
1298 1089 1391 1111 aevum
1414 1077 1567 1109 consociat
1588 1081 1675 1118 atque
1689 1077 1888 1116 conglutinat.

1105 1125 1168 1163 Eia,
1183 1125 1288 1156 fratres
1312 1123 1381 1160 mei,
1405 1123 1440 1154 ad
1470 1122 1549 1153 hunc
1577 1121 1746 1152 actionibus
1761 1121 1888 1152 currite.

1066 1171 1118 1202 Eia
1132 1170 1231 1206 amici,
1249 1168 1406 1209 exsurgite.
1419 1167 1461 1199 Ne
1486 1166 1666 1207 posteriores
1682 1166 1760 1197 ferre
1776 1166 1889 1198 velitis.

1067 1216 1110 1246 Ne
1124 1224 1175 1246 vos
1190 1214 1314 1245 nimium
1337 1216 1481 1248 amantes,
1508 1211 1594 1242 nobis
1616 1209 1832 1251 obloquamini.
1847 1210 1892 1241 Ne

1066 1259 1218 1291 aﬂirmetis
1244 1257 1428 1299 impossibile
1454 1255 1548 1287 videri
1582 1254 1726 1295 Spiritum
1753 1259 1888 1286 sanctum

1066 1304 1214 1344 accipere.
1231 1304 1275 1335 Ne
1299 1302 1400 1339 dicite,
1427 1301 1539 1342 absque
1566 1300 1630 1340 ipso
1660 1300 1787 1331 salutem
1802 1309 1892 1340 posse

1068 1349 1143 1379 dari.
1159 1347 1201 1379 Ne
1215 1347 1315 1381 dicite.
1332 1355 1510 1388 quemquam
1535 1345 1623 1385 hujus
1647 1344 1811 1377 inscienter
1825 1354 1894 1375 esse

1069 1393 1256 1434 participem.
1270 1391 1314 1423 Ne
1339 1391 1440 1428 dicite,
1466 1390 1559 1421 Deum
1581 1389 1621 1420 ab
1646 1388 1817 1420 horninibus
1832 1398 1892 1420 non

1068 1433 1174 1469 videri.
1190 1438 1234 1468 Ne
1255 1436 1356 1474 dicite,
1383 1434 1519 1466 homines
1545 1433 1679 1465 divinum
1706 1434 1807 1465 lumen
1831 1443 1893 1464 non

1069 1482 1190 1521 videre;
1206 1485 1255 1513 aut
1265 1481 1294 1513 id
1310 1480 1357 1512 his
1371 1479 1553 1520 temporibus
1566 1478 1630 1509 ﬁeri
1639 1488 1697 1509 non
1714 1487 1802 1518 posse
1830 1477 1891 1509 Ne-

1035 1549 1055 1574 c
1068 1536 1214 1574 quaquam
1238 1529 1277 1557 ita
1310 1529 1365 1565 est,
1381 1524 1500 1574 amici;_
1516 1524 1575 1554 imo
1604 1523 1773 1574 volentibus
1787 1523 1889 1573 .etiam

1067 1567 1153 1604 facile
1168 1576 1232 1603 est:
1250 1571 1301 1602 sed
1327 1570 1364 1601 iis
1396 1571 1445 1611 qui
1472 1569 1562 1599 vitam
1588 1577 1606 1598 a
1631 1567 1889 1608 perturbationum

1067 1616 1241 1648 tumultibus
1257 1619 1407 1646 vacantem
1424 1618 1454 1645 et
1473 1613 1607 1645 sedatam
1634 1617 1728 1652 agunt
1742 1617 1772 1644 et
1785 1611 1893 1652 quibus

1068 1661 1135 1703 puri
1150 1662 1294 1692 mentium
1303 1659 1476 1691 oculi.Aliis
1487 1664 1678 1699 peccatorum
1691 1655 1891 1703 immunditiae

1068 1702 1229 1738 caecitatem
1245 1705 1371 1746 pariunt,
1389 1714 1453 1745 quae
1468 1708 1498 1735 et
1513 1703 1561 1734 hic
1582 1707 1612 1734 et
1642 1702 1703 1734 illic
1720 1702 1819 1733 divino
1835 1710 1886 1732 eos

1068 1752 1181 1783 lumine
1197 1751 1364 1792 privabunt,
1380 1754 1409 1780 et
1436 1748 1510 1780 mihi
1532 1747 1657 1785 credite,
1687 1747 1718 1777 in
1748 1747 1846 1787 ignem
1863 1750 1892 1779 et

1069 1797 1206 1828 tenebras
1222 1796 1350 1827 mittent.
1361 1793 1478 1831 Videte,
1495 1792 1584 1824 amici
1596 1792 1703 1833 qualis,
1720 1801 1809 1833 quam
1827 1793 1890 1834 pul-

1070 1842 1153 1879 cher,
1165 1840 1202 1871 sit
1218 1839 1372 1871 Dominus.
1388 1839 1452 1876 Eia,
1477 1847 1515 1868 ne
1530 1835 1715 1868 conniveatis
1732 1837 1841 1874 animo,
1855 1838 1890 1868 ad

1071 1890 1181 1918 terram
1194 1884 1383 1925 ascipientes.
1400 1883 1466 1921 Eia,
1484 1892 1521 1914 ne
1535 1883 1614 1913 curis
1631 1888 1818 1912 terrenarum
1836 1891 1890 1913 ne-

1070 1931 1215 1971 gotiorum
1224 1934 1362 1970 etopum,
1374 1934 1402 1959 et
1412 1927 1681 1968 cupiditategloriae
1693 1926 1891 1967 occupemini,

1071 1970 1273 2007 uthoclumen
1283 1973 1349 2004 vitae
1361 1978 1479 2004 aeternae
1486 1970 1671 2012 relinquatis.
1679 1970 1774 2010 Agite,
1785 1971 1891 2010 venite,

1070 2020 1169 2057 amici,
1187 2028 1315 2055 mecum,
1331 2022 1361 2049 et
1374 2027 1445 2056 una,
1463 2026 1522 2047 non
1537 2016 1657 2056 quidem
1679 2024 1816 2055 corpore,
1840 2015 1890 2046 sed

1071 2065 1170 2096 anima
1180 2063 1306 2095 etcorde
1316 2063 1477 2099 elevemur,
1490 2061 1519 2092 in
1531 2060 1727 2092 humilitatem
1743 2060 1820 2090 bono
1834 2059 1886 2090 Do-

1073 2109 1153 2140 mino
1168 2109 1375 2147 acclamantes,
1406 2105 1606 2141 misericordi,
1631 2109 1661 2135 et
1684 2105 1739 2135 soli
1766 2104 1890 2144 begnino

1073 2155 1144 2189 Deo.
1158 2153 1314 2184 etomnino
1328 2152 1475 2188 exaudiet,
1501 2150 1622 2181 omnino
1645 2149 1849 2188 miserebitur,
1865 2153 1893 2180 et

207 2193 372 2242 rapiuntur-
392 2200 577 2241 Principatus
602 2204 632 2232 et
657 2200 830 2235 POIestates.
857 2193 1196 2236 Throni'etnomnino
1224 2197 1412 2234 revelabitur,
1442 2195 1606 2242 etomnino
1632 2204 1665 2242 se
1682 2193 1847 2242 patefaciet,
1864 2197 1893 2224 et

208 2246 436 2278 Dominationes
451 2254 556 2276 omnes
570 2245 798 2277 confirmantur.
812 2245 848 2276 Et
863 2255 1030 2286 quanquam

210 2291 288 2322 Deus
301 2290 462 2331 requiescit
488 2290 518 2320 in
542 2289 653 2322 sanctis
678 2290 750 2323 suis.
783 2294 881 2322 tamen
910 2290 940 2321 in
970 2291 1032 2322 Deo

209 2335 304 2367 sancti
320 2335 431 2373 vivunt,
448 2339 477 2365 et
489 2338 656 2372 moventur,
670 2334 855 2366 ambulantes
866 2334 896 2366 in
907 2334 1030 2372 lumine,

209 2380 290 2412 velut
305 2389 395 2420 super
403 2379 583 2420 pavimento.
601 2379 731 2411 Miranda
747 2388 808 2419 res,
825 2384 961 2420 tanquam.
976 2389 1031 2410 an-

210 2425 280 2465 geli,
300 2429 329 2456 et
343 2425 395 2456 lilii
410 2424 556 2456 Altissimi
572 2428 636 2465 post
651 2428 777 2456 mortem
792 2428 891 2461 erunt,
911 2424 953 2455 dii
965 2434 1031 2455 cum

211 2469 272 2500 Deo
286 2469 430 2506 viventes,
441 2477 509 2499 cum
525 2477 560 2499 eo
575 2468 627 2509 qui
642 2473 746 2500 natura
774 2474 831 2505 est,
861 2468 891 2499 hi
915 2469 966 2510 qui
982 2477 1034 2509 per

211 2513 402 2554 adoptionem
418 2513 531 2544 similcs
544 2513 571 2544 ei
586 2513 654 2544 facti
666 2517 744 2544 sunt.
759 2512 821 2544 Hoc
836 2517 947 2544 tantum
957 2522 1035 2544 nunc

210 2558 253 2590 illi
268 2558 387 2593 cedunt,
405 2557 485 2598 quod
499 2566 623 2598 corpore
638 2557 727 2588 vincti
751 2561 899 2595 tenentur,
926 2566 1032 2597 eoque,

210 2604 270 2635 heu
284 2602 429 2641 velantur,
447 2606 476 2633 et
490 2602 680 2641 obteguntur,
697 2607 730 2634 ut
755 2603 805 2643 qui
820 2603 849 2633 in
865 2601 1035 2634 carceribus

211 2648 301 2681 vincti
315 2647 535 2687 custodiuntur,
551 2647 601 2687 qui
617 2647 723 2684 solem,
741 2652 770 2678 et
785 2646 883 2678 radios
906 2647 971 2686 ejus
983 2655 1036 2687 per

210 2693 344 2725 foramen
361 2692 563 2733 ingredientes
590 2692 773 2733 perspiciunt
788 2691 921 2733 quidem,
937 2691 1034 2732 ipsum

211 2743 310 2770 autem
325 2741 418 2768 totum
435 2736 547 2775 videre,
565 2741 595 2767 et
618 2737 763 2777 speculari
775 2736 908 2768 custodia
923 2735 1035 2776 egressi

254 2822 282 2846 ³⁷
296 2823 371 2854 Gen.
388 2831 420 2859 tt,
437 2822 487 2856 24.
529 2821 648 2853 99.1mm
677 2831 698 2859 ι,
712 2822 741 2854 9.

1075 2244 1174 2274 lumen
1190 2252 1277 2273 suum
1289 2241 1420 2273 lucidum
1438 2240 1523 2271 nobis
1538 2239 1684 2271 ostendet.
1701 2238 1776 2275 Quid
1792 2247 1890 2277 grava-

1072 2288 1145 2318 mini
1157 2287 1257 2318 miseri
1272 2286 1341 2328 quid
1369 2285 1525 2326 pigramini
1541 2288 1555 2316 ‘t
1576 2284 1651 2321 Quid
1676 2283 1811 2328 requiem
1827 2292 1893 2313 cor-

1074 2332 1163 2372 poris,
1181 2335 1210 2362 et
1225 2331 1347 2371 gloriam
1364 2330 1540 2361 inhonoram
1553 2328 1761 2368 etingloriam,
1776 2327 1891 2358 inanem

1074 2371 1103 2408 et
1117 2386 1219 2407 vanam
1244 2375 1404 2406 mavultis?
1430 2374 1505 2411 Quid
1536 2374 1625 2405 vitam
1651 2372 1750 2403 virtuti
1766 2371 1892 2402 deditam

1074 2431 1140 2453 esse
1156 2421 1292 2457 otlosam,
1310 2424 1340 2451 et
1356 2429 1463 2451 vacare
1477 2418 1678 2450 sollicitudine
1693 2416 1818 2448 dicitis?
1832 2417 1893 2448 Non

1074 2466 1115 2497 ita
1130 2470 1186 2506 est,
1203 2466 1318 2502 fratres,
1345 2474 1403 2495 non
1428 2468 1486 2500 est,
1512 2473 1550 2494 ne
1575 2462 1693 2494 erretis.
1716 2461 1773 2506 Sed
1791 2470 1893 2501 quem-

1075 2510 1234 2542 admodum
1250 2509 1300 2550 qui
1315 2509 1403 2539 vitam
1415 2509 1587 2540 saecularem
1612 2510 1712 2547 agunt,
1729 2505 1896 2546 habentque

1077 2564 1194 2592 uxores,
1205 2553 1361 2589 etliberos,
1386 2557 1415 2584 et
1435 2553 1562 2589 divitias,
1585 2562 1620 2583 ac
1633 2551 1827 2592 temporalem
1839 2550 1897 2590 glo-

1076 2600 1152 2631 riam
1168 2602 1322 2639 appetunt,
1344 2597 1474 2628 studium
1496 2597 1650 2636 adhibent,
1674 2600 1704 2626 et
1717 2599 1851 2631 currunt,
1867 2599 1897 2626 ut

1077 2643 1210 2686 opinioni
1225 2652 1288 2674 suae,
1300 2642 1480 2674 satisfaciant
1496 2651 1503 2673 ι
1517 2642 1557 2672 ita
1569 2650 1686 2682 quoque
1696 2639 1894 2686 omnispmni-

1077 2694 1155 2727 tens,
1172 2692 1201 2720 et
1217 2689 1278 2720 Deo
1293 2687 1425 2720 serviens
1454 2687 1596 2718 festinare
1616 2686 1718 2722 debet,
1739 2689 1768 2716 et
1779 2685 1810 2716 in
1825 2694 1896 2716 con-

1078 2735 1161 2765 tinua
1176 2732 1379 2764 sollicitudine
1407 2732 1529 2770 versari,
1547 2731 1696 2773 quomodo
1711 2731 1775 2770 ejus
1803 2730 1894 2770 pumi-
