1978 3078
64 163 138 228 ς545
640 168 864 202 DIVINORUM'
881 173 893 203 ,Α

954 170 1044 203 IRUM
1068 172 1192 203 LIBER.
1706 174 1766 206 566

80 230 164 278 entia
177 231 434 278 ﬁatiacceptabilis
447 233 646 275 perfectaque,
663 239 692 265 et
707 236 768 267 Deo
788 236 896 276 placita
905 242 925 265 Α
936 236 1030 268 solum
1039 236 1144 268 cellam
1154 237 1325 275 occludere,
1336 242 1365 269 et
1375 238 1455 270 intus
1465 238 1571 271 sedere
1585 250 1593 278 ;
1618 240 1670 272 sed
1680 241 1706 273 si
1720 244 1763 272 vel

67 275 208 322 servitus,
224 277 298 322 Tum
311 276 372 322 Deo
402 287 437 308 ex
453 279 500 309 his
529 279 646 319 penitus
659 275 827 313 familiaris.
841 290 894 322 pe-
937 281 1028 312 etl'osa
1042 281 1132 312 humo
1161 291 1209 312 mc
1236 282 1433 320 abscondero,
1462 288 1492 316 et
1518 284 1560 315 ibi
1582 275 1670 316 vitam
1684 290 1766 317 extra

70 319 156 351 nitus
166 320 194 351 ei
210 321 499 369 unitur,_ipsumque
523 327 592 354 ante
616 325 718 355 oculos
745 319 896 363 intuetur;
939 325 1080 356 mundum
1098 329 1190 357 totum
1207 327 1319 365 vixero,
1336 319 1544 369 aspiciensque
1568 330 1765 361 immortalem

71 369 275 406 quantumque
285 365 427 398 voluntati
439 368 633 407 ejusmorem
649 377 757 406 gerere
772 374 897 400 conten-
939 369 1128 402 Conditorem
1135 380 1170 402 ac
1181 371 1354 413 Dominum,
1363 365 1536 412 ejusamore
1548 374 1622 405 mori
1632 375 1762 412 voluero,

71 409 126 446 dit,
143 411 335 459 tantnm_sibi_
347 412 424 453 apud
438 422 506 443 eum
525 413 664 459 ﬁduciam
680 424 714 445 ac
728 415 898 446 libertatem
940 414 1039 446 sciens
1068 425 1116 447 me
1141 416 1241 456 utique
1270 426 1329 447 non
1347 409 1559 450 'uiortiturum.
1586 419 1662 456 Quid
1677 409 1767 459 igitur

73 454 182 503 sulmit,
199 455 277 503 quod
295 456 407 503 utinam
429 462 458 488 et
473 467 527 488 nos
550 458 647 489 facere
673 468 852 497 mereamur,
870 463 899 490 et
939 459 1088 490 commodi
1102 454 1231 491 mundus
1243 461 1315 491 mihi
1327 461 1446 494 attulit?
1458 466 1487 493 et
1506 463 1576 503 quid
1594 454 1673 496 nunc
1688 454 1764 496 lucri

73 498 308 531 misericordiam
332 500 492 541 impetrare
513 512 580 533 cum
611 503 752 534 omnibus
776 504 896 541 sanctis,
939 504 1083 542 referunt,
1100 506 1149 544 qui
1166 505 1196 535 in
1226 505 1338 537 mundo
1368 498 1659 546 deguntYIProfecto
1672 509 1765 548 nihil;

71 552 153 594 nunc
169 544 294 594 quidem
305 549 443 594 quantam
462 549 490 577 in
517 548 573 578 hac
601 547 658 578 vita
684 549 803 594 assequi
815 549 896 594 licet,
940 548 995 579 sed
1009 549 1125 594 nudirin
1142 550 1287 590 sepulcris
1298 544 1440 589 habitant,
1452 557 1667 594 resurgentque
1677 544 1761 594 nudi,

71 587 247 639 illicgutem
264 589 413 621 Christum
445 595 551 639 totum,
582 602 616 623 ac
645 597 738 623 totum
755 587 896 639 Spiritum
940 598 969 639 et
979 587 1193 633 judicabuntur
1209 604 1333 633 omnes;
1356 587 1438 636 quia'
1453 587 1554 628 Verani
1582 587 1763 639 vitam,quia

71 632 103 662 in
134 633 220 664 Patre
260 643 478 675 consequamur
514 636 544 667 in
586 637 694 668 sarcula
722 632 897 668 saeculorum
939 632 1036 668 lucem
1059 639 1173 677 mundi,
1204 632 1519 681 Christum-inquam,
1546 632 1760 683 relinquentes,

74 677 183 710 Amen.
941 683 1109 714 dilexerunt
1119 684 1268 722 tenebras,
1281 690 1310 717 et
1319 687 1347 716 in
1359 677 1594 726 ipsis-ambulare
1609 677 1763 728 elegerunt

376 752 498 784 CAPUT
519 752 595 784 XIX.
941 737 1056 784 omnes,
1069 729 1230 784 quilucem
1247 739 1305 784 non
1332 735 1521 784 receperunt,
1547 741 1616 783 quae
1631 733 1717 784 fulsit
1733 735 1763 764 in

589 778 595 784 ·
941 773 1062 819 mundo,
1071 783 1163 819 quam
1177 775 1304 806 mundus
1317 785 1376 806 non
1402 777 1490 816 capit.
1517 786 1572 809 nec
1591 777 1692 809 videre
1705 788 1761 819 po-

73 819 113 848 οι
126 820 492 860 intellectualirwelatione
513 824 690 859 [unctionem
717 824 808 853 divini
821 825 893 853 tumi-

954 820 999 847 est
1011 817 1051 849 ’9.
1064 817 1207 854 Quocirca
1222 820 1394 860 relinquite,
1410 820 1482 852 sinit
1493 830 1540 852 me
1551 822 1659 860 solum,
1672 817 1762 854 obse-

288 853 636 905 quium-wethtquuianimo
643 861 780 905 Eruitur
794 861 899 889 actio»:
910 853 928 877 ⁸
940 870 1001 899 cro,
1014 866 1046 893 ut
1059 853 1148 894 ﬂeam
1159 868 1188 895 et
1197 853 1345 905 requiram
1370 853 1458 904 hunc,
1472 869 1504 896 ut
1524 866 1612 898 detur
1633 853 1706 899 mihi
1715 853 1759 898 vi-

109 891 185 921 ittiua
200 891 275 925 vita.
292 901 354 929 qua
367 891 430 923 cum
443 891 544 924 virtute
557 896 736 932 transigitur.

954 891 1196 948 lentur-qiue—ame
1219 891 1350 950 ltirgiter'.
1375 891 1761 944 Nomenimvvideilurut-an-

114 953 208 986 Sinite
221 965 269 987 me
285 957 722 1002 solum,cellzemezeiuclusum
737 968 744 990 :
761 959 893 990 dimittite

954 952 1103 1001 nmmodo,
1114 963 1173 984 non
1181 954 1277 985 solum
1288 958 1454 994 spectatur;
1465 955 1517 986 sed
1527 957 1763 989 communicatur

75 1007 122 1051 me
137 1009 205 1050 cum
232 1002 305 1038 Deo,
321 1002 373 1042 qui
399 1001 481 1051 solus
504 1006 549 1051 est
573 1003 718 1051 benignus
732 1013 740 1041 ;
754 1003 893 1051 absistite1

954 998 1042 1046 etiam,
1055 1001 1084 1048 et
1093 998 1208 1051 incolit.
1221 1004 1250 1030 et
1260 1004 1369 1051 manet,
1381 1003 1410 1031 et
1427 1003 1472 1030 est
1482 1004 1620 1051 tanquam
1637 1001 1761 1051 thesau—

73 1040 249 1093 longilisvos
263 1040 414 1078 removete
429 1056 437 1085 ;
454 1046 543 1079 sinite
560 1057 609 1078 me
634 1040 729 1078 solum
757 1048 832 1078 mori
846 1057 893 1078 co-

954 1041 1035 1093 'us‘in
1057 1042 1123 1073 sinu
1137 1042 1469 1093 .abscondit.us_:_quem
1494 1040 1548 1093 qui
1564 1046 1764 1093 portat,volu-

74 1096 138 1118 ram
149 1087 221 1127 Deo,
232 1089 282 1130 qui
290 1090 374 1122 ﬁnxit
385 1099 445 1122 me.
456 1090 550 1122 Nemo
560 1091 667 1122 ostium
680 1092 797 1132 pulset;
812 1101 893 1123 nemc

954 1089 1051 1132 itatem
1063 1087 1201 1128 percipit,
1216 1094 1247 1119 et
1259 1088 1309 1130 qui
1325 1089 1417 1127 videt,
1434 1089 1543 1129 gaudio
1557 1090 1682 1122 exsultat
1696 1091 1762 1123 exi-

75 1141 179 1164 vocem
205 1134 320 1170 mmal;
347 1145 435 1166 nemo
460 1140 649 1176 εοεηειοι-υιη
678 1130 900 1177 amicorumque
941 1130 1100 1177 stimatque
1113 1141 1181 1163 eum
1191 1133 1325 1173 quamvis
1335 1134 1512 1165 occultatum
1523 1134 1650 1166 cerniab
1662 1136 1763 1167 omni-

73 1186 122 1208 me
132 1177 216 1216 visat,
232 1189 320 1211 nemo
335 1186 466 1212 mentem
481 1173 578 1211 meam
603 1190 621 1211 a
648 1173 901 1222 contemplatione
941 1173 1082 1222 hllb-__Sed
1098 1176 1185 1222 ριρηθ
1215 1187 1273 1208 ηοο
1302 1178 1446 1216 cemitur.
1475 1188 1530 1210 nec
1558 1179 1711 1220 διίίηὲίῑυτ
1725 1179 1762 1212 ab

75 1221 146 1253 boni
160 1232 194 1254 ac
210 1224 338 1264 speciosi
367 1224 486 1256 Domini
513 1225 662 1257 abstrahat
684 1234 691 1261 ;
723 1221 811 1256 nemo
827 1225 900 1256 mihi

74 1266 174 1298 cibum
202 1269 354 1309 porrigat;
384 1278 472 1300 nemo
493 1274 594 1310 potum
622 1270 744 1302 atl'erat:
774 1270 902 1301 sufﬁciet

74 1311 154 1342 enim
173 1312 244 1343 mihi
262 1314 355 1344 emori
372 1314 402 1344 in
413 1318 575 1355 conspectu
590 1314 643 1345 Dei
663 1314 797 1355 mei,Dei
810 1314 901 1346 mise-

72 1356 211 1394 ricordis,
224 1357 277 1389 Dei
291 1358 422 1398 benigni,
445 1359 495 1399 qui
516 1359 547 1390 in
569 1363 665 1390 terras
686 1359 852 1397 descendit,
869 1363 902 1390 ut

73 1405 246 1441 peccatores
256 1408 386 1441 vocaret,
402 1407 431 1435 et
440 1413 542 1435 secum
561 1405 589 1435 in
602 1413 654 1435 eos
664 1403 695 1434 in
711 1404 798 1435 vitam
814 1404 901 1436 ccele-

72 1450 147 1477 stem
165 1447 352 1487 perduceret.
369 1447 443 1479 Nolo
471 1448 568 1480 lucem
597 1448 700 1480 mundi
727 1449 826 1489 hujus,
844 1459 900 1480 nec

71 1490 170 1530 ipsum
186 1492 291 1530 solem,
306 1502 361 1524 nec
372 1502 439 1534 quae
449 1493 479 1524 in
496 1493 607 1525 mundo
623 1497 703 1534 sunt,
721 1493 822 1525 videre
836 1503 899 1525 am-

941 1219 1092 1266 omnibus,
1108 1220 1171 1252 Non
1188 1222 1267 1253 hunc
1277 1223 1334 1261 fur,
1348 1233 1408 1254 non
1422 1223 1496 1254 latro
1511 1224 1664 1264 surripere
1674 1228 1762 1266 atque

942 1265 1059 1296 auferre
1074 1270 1181 1306 potest,
1198 1268 1384 1308 quantumvis
1397 1272 1563 1309 portantem
1571 1265 1762 1309 jugulaverit.

943 1309 974 1341 Si
989 1319 1093 1351 rapere
1109 1312 1244 1351 voluerit,
1262 1313 1482 1354 querendoque
1502 1314 1633 1346 excutiat
1648 1325 1765 1347 marsu-

942 1354 1035 1401 pium,
1046 1360 1195 1401 scrutetur
1203 1358 1346 1396 tunicam,
1356 1358 1507 1398 cingulum
1519 1359 1624 1401 solvat,
1637 1369 1767 1401 eumque

942 1399 1037 1431 libere
1051 1400 1192 1441 indaget;
1206 1403 1231 1433 si
1247 1403 1336 1434 etiam
1358 1403 1491 1435 dissecto
1515 1399 1621 1435 ventre
1637 1399 1764 1436 rimeiur

941 1444 1065 1483 viscera,
1079 1445 1214 1478 invenire
1224 1456 1259 1478 ac
1267 1447 1370 1479 tollere
1377 1448 1549 1488 neutiquam
1561 1448 1678 1489 poterit.
1690 1447 1763 1480 Nam

939 1490 1092 1535 oculorum
1103 1490 1235 1523 obtutum
1247 1492 1361 1531 eﬁ'ugit,
1374 1497 1403 1524 et
1413 1493 1552 1524 manibus
1562 1503 1621 1524 non
1632 1497 1766 1535 tenetur.

72 1535 162 1575 ptius.
180 1535 274 1568 Video
286 1532 414 1579 namqﬁg
433 1537 593 1569 Dominum
619 1532 732 1579 meum,
750 1538 835 1570 video
850 1545 926 1570 [ιε-ε
940 1532 974 1564 Et
988 1543 1054 1565 cum
1071 1534 1110 1566 sit
1119 1536 1340 1568 contrectabilis
1353 1537 1488 1578 omnino,
1500 1537 1589 1568 simul
1601 1544 1648 1569 est
1661 1532 1768 1570 incon;

73 1589 152 1620 gem,
169 1581 254 1614 video
275 1591 378 1614 verum
406 1583 518 1621 lumen,
545 1588 575 1615 et
603 1583 746 1624 cujusque
777 1584 899 1615 luminis

73 1629 252 1658 creatorem.
268 1626 361 1658 Video
372 1628 483 1658 fontem
494 1627 594 1659 omnis
603 1627 684 1659 boni.
696 1627 790 1659 Video
800 1632 898 1660 aucto-

72 1679 137 1701 rem
153 1676 183 1701 et
197 1680 316 1702 causam
333 1681 432 1703 rerum
448 1673 594 1704 omnium.
613 1671 706 1704 Video
718 1672 897 1713 principium

74 1714 214 1755 principii
230 1725 349 1756 expers,
363 1726 448 1758 aquo
459 1717 601 1757 producta
618 1721 686 1748 sunt
704 1717 852 1756 universa,
869 1722 899 1749 et

73 1768 128 1799 per
136 1769 226 1800 quem
237 1760 336 1792 vivunt
346 1761 546 1802 alimentoque
560 1762 721 1802 implentur
729 1762 831 1793 omnia
845 1772 853 1800 ;
869 1766 898 1794 et

73 1803 160 1844 cujus
173 1805 320 1836 voluntate
334 1805 476 1838 deﬁciunt
489 1815 525 1837 ac
539 1806 682 1837 desinunt
696 1806 806 1837 omnia.
821 1805 897 1844 Quo-

73 1849 162 1880 modo
177 1849 267 1889 igitur
278 1859 312 1881 eo
337 1849 455 1882 deserto
485 1850 591 1882 cellam
621 1859 717 1882 meam
735 1850 898 1890 egrediar?

72 1891 167 1924 Sinite
182 1903 242 1929 me.
259 1899 288 1925 et
302 1894 499 1936 lamentabor,
525 1899 555 1926 et
569 1894 729 1936 deplorabo
753 1899 856 1927 noctes
871 1901 900 1927 et

72 1937 150 1976 dies,
165 1947 240 1979 quos
253 1939 378 1979 perdidi,
409 1939 478 1970 dum
505 1940 624 1971 inteuor
645 1939 790 1970 mundum
805 1940 897 1979 hunc,

72 1982 191 2013 intueor
205 1983 310 2020 solem,
327 1984 445 2016 intueor
459 1984 559 2016 lumen
572 1984 674 2015 mundi
689 1985 747 2015 hoc
759 1983 814 2015 sub
827 1994 898 2016 sen-

72 2035 139 2058 sum
155 2026 278 2065 cadens,
293 2032 324 2059 et
335 2028 540 2068 caliginosum.
563 2029 642 2069 quod
671 2027 802 2060 animam
818 2029 897 2061 haud

71 2071 234 2113 illuminat,
251 2073 325 2104 citra
337 2073 416 2114 quod
433 2072 521 2104 etiam
534 2073 629 2104 oculis
648 2073 725 2113 capti
739 2073 851 2110 vivunt,
868 2078 897 2105 et

71 2124 141 2147 cum
150 2116 220 2147 hinc
228 2122 322 2149 morte
330 2117 543 2155 discesserunt,
551 2127 630 2149 nunc
637 2117 805 2149 videntibus
812 2127 898 2158 pares

940 1579 1116 1612 trectabilis.
1133 1580 1346 1612 Verumtamen
1361 1585 1481 1612 tenetur
1492 1581 1629 1612 manibus
1644 1590 1762 1620 eorum,

940 1622 989 1663 qui
999 1623 1056 1655 hoc
1069 1624 1152 1665 digni
1166 1630 1235 1657 sunt
1246 1625 1373 1666 (indigni
1381 1625 1418 1658 ab
1429 1627 1486 1658 hoc
1497 1626 1659 1667 facessite),
1669 1627 1767 1667 jacet-

940 1676 997 1708 pue
1006 1667 1037 1699 in
1049 1677 1137 1700 manu
1150 1670 1303 1711 quiddam,
1319 1680 1336 1702 o
1346 1671 1542 1702 miraculum!
1560 1676 1589 1702 et
1604 1680 1663 1702 non
1678 1671 1764 1712 quid-

939 1712 1019 1754 dam,
1036 1723 1144 1745 nomen
1161 1715 1241 1746 enim
1257 1725 1316 1746 non
1327 1715 1426 1747 habet.
1454 1716 1604 1747 Attonitus
1619 1715 1718 1756 igitur,
1736 1721 1767 1748 et

938 1756 995 1788 hoc
1006 1758 1129 1798 cupiens
1143 1759 1284 1800 retinere,
1297 1761 1507 1801 constringens
1535 1770 1667 1799 manum,
1683 1761 1765 1793 visus

938 1810 1004 1833 sum
1033 1807 1137 1835 tenere
1163 1808 1192 1836 et
1218 1805 1342 1844 habere,
1365 1806 1485 1847 vidique
1506 1815 1624 1837 rursum
1655 1806 1687 1837 in
1715 1815 1762 1845 ea,

937 1847 1014 1887 quod
1032 1847 1126 1888 prius,
1141 1858 1158 1880 ο
1173 1849 1326 1881 inetTabile
1340 1850 1518 1881 miraculum
1532 1850 1539 1880 !
1554 1859 1572 1883 ο
1588 1850 1761 1883 inusitatum

943 1892 1115 1935 mysterium
1127 1893 1134 1924 !

980 1935 1055 1973 Quid
1067 1937 1176 1969 frustra
1185 1948 1289 1970 omnes
1312 1939 1476 1979 turbamur,
1493 1939 1565 1980 quid
1581 1939 1760 1981 decipimus,

939 1981 1009 2022 quid
1020 1982 1058 2013 ad
1072 1982 1174 2014 lumen
1189 1983 1245 2014 hoc
1261 1983 1339 2024 quod
1351 1984 1452 2015 sensui
1459 1983 1619 2024 subjicitur
1631 1984 1761 2026 luemus,

938 2026 989 2066 qui
1004 2035 1094 2057 sensu
1119 2027 1324 2065 intellectuali,
1349 2038 1459 2069 nempe
1478 2028 1594 2060 ratione
1609 2028 1762 2061 condeco-

937 2071 993 2101 rati
1007 2080 1109 2102 sumus
1119 2071 1134 2101 ?
1143 2073 1203 2103 Cur
1216 2072 1253 2102 ad
1266 2081 1315 2103 res
1332 2073 1396 2103 vita;
1424 2073 1512 2113 hujus
1526 2073 1654 2104 caducas
1668 2077 1697 2105 et
1713 2083 1763 2114 pe-

939 2114 1245 2156 riturasrespicimus,
1261 2116 1320 2161 qui,
1335 2117 1434 2161 anima
1458 2117 1636 2158 incorporea
1661 2122 1690 2150 et
1706 2118 1762 2150 im-
1791 2152 1794 2161 ν

72 2165 180 2197 erunt;
194 2161 224 2193 in
235 2171 292 2203 quo
304 2166 333 2194 et
343 2171 397 2202 ego
410 2162 601 2202 vagabundus
622 2161 742 2193 laetabar
752 2162 899 2194 omnimo-
908 2201 924 2203 _
940 2160 1055 2191 mortali
1070 2169 1173 2191 sumus
1187 2161 1301 2201 praediti
1311 2160 1327 2192 ?
1337 2160 1414 2197 Quid
1431 2161 1488 2192 ista
1508 2161 1692 2194 admiramur
1706 2171 1762 2194 nos

73 2205 133 2246 dis,
149 2215 184 2237 ac
196 2201 319 2246 prorsus
346 2201 426 2238 aliud
450 2201 554 2238 lumen
577 2215 644 2238 esse
668 2216 727 2237 non
744 2207 894 2247 putabam,
908 2201 1049 2245 Dstupidi
1066 2204 1195 2245 penitus,
1210 2209 1253 2243 et,
1268 2205 1363 2237 instar
1386 2215 1545 2244 caecorum,
1562 2206 1677 2246 pondus
1691 2207 1763 2240 ferri

73 2251 152 2291 quod
169 2255 197 2282 et
207 2253 265 2282 vita
279 2256 369 2289 esset,
397 2255 428 2282 ut
450 2251 587 2289 diximus,
617 2256 646 2282 et
660 2261 748 2282 causa
761 2252 897 2283 essentia;

73 2295 197 2326 omnino
214 2300 275 2327 tum
290 2297 355 2337 ejus
371 2297 449 2337 quod
473 2301 528 2334 est,
565 2299 627 2327 tum
643 2296 708 2336 ejus
724 2296 803 2337 quod
819 2298 893 2329 erit:

73 2349 216 2381 eramque
225 2343 303 2372 velut
314 2341 399 2378 ἄθεος,
412 2350 479 2372 cum
499 2341 667 2380 ignorarem
677 2340 771 2372 Deum
783 2350 893 2372 meum.

74 2383 160 2416 Nunc
174 2389 272 2416 autem
285 2389 438 2426 postquam
446 2384 627 2426 complacuit
636 2384 791 2416 inciTabilii
802 2385 895 2417 mise—

73 2429 215 2460 ricordiae
229 2430 323 2461 videri
344 2439 362 2461 a
383 2439 431 2461 me
457 2433 486 2461 et
509 2429 634 2461 revelari
661 2429 733 2460 mibi
762 2429 897 2470 indigno,

75 2474 135 2505 vidi
152 2478 181 2506 et
191 2483 260 2506 vere
288 2475 422 2515 cognovi,
452 2474 549 2515 ipsum
569 2474 664 2505 Deum
692 2474 899 2505 universorum

74 2528 153 2557 esse,
172 2519 264 2551 Deum
288 2520 421 2551 omnium
445 2528 511 2560 quae
533 2519 563 2550 in
581 2518 692 2549 mundo
713 2523 793 2556 sunt,
810 2528 899 2560 quem

75 2572 165 2594 nemo
181 2563 334 2596 hominum
354 2564 447 2603 vidit;
464 2567 546 2595 extra
561 2562 704 2594 mundum
717 2563 827 2604 quippe
841 2567 898 2601 est,

75 2613 159 2640 extra
170 2608 267 2641 lucem
280 2618 314 2640 ac
330 2608 480 2645 tenebras,
496 2611 579 2639 extra
596 2616 708 2646 aerem,
722 2612 804 2639 extra
816 2617 903 2639 men-

76 2658 137 2685 tem
154 2662 189 2685 ac
203 2663 323 2685 sensum
345 2662 477 2685 omnem.
505 2652 601 2689 Quare
623 2661 677 2692 ego
700 2661 818 2693 quoque
832 2661 900 2684 eum

73 2698 192 2739 videns,
208 2708 226 2730 a
240 2699 379 2731 sensibus
393 2698 464 2730 abii.
495 2697 570 2737 Ergo
598 2706 650 2728 vos
673 2696 782 2738 quibus
795 2706 901 2728 sensus

74 2743 234 2785 imperant,
250 2754 300 2776 me
322 2744 444 2776 missum
470 2742 568 2780 facite,
597 2751 632 2773 ac
662 2741 751 2774 sinite
766 2750 815 2772 me
840 2750 900 2773 non

119 2829 244 2877 "loco.
261 2838 304 2869 ut,
321 2830 360 2862 16
373 2839 459 2872 seqq.

939 2252 969 2279 et
997 2258 1132 2290 magnam
1162 2250 1239 2281 hanc
1279 2250 1445 2292 placentam
1481 2251 1597 2282 medico
1627 2260 1699 2283 auro
1713 2256 1763 2283 aut

938 2293 1077 2333 pretiosae
1091 2295 1252 2336 magaritte,
1265 2299 1298 2327 ut
1307 2303 1372 2327 rem
1381 2295 1577 2327 aestimatione
1602 2296 1759 2336 majorem,

936 2338 1131 2370 anteferimus
1145 2349 1153 2372 :
1168 2349 1225 2371 nec
1237 2349 1358 2381 parvum
1374 2340 1486 2381 sinapis
1507 2349 1632 2380 granum
1649 2341 1761 2382 quaeri-

940 2391 1015 2421 mus,
1031 2383 1111 2424 quod
1127 2384 1266 2416 omnibus
1280 2394 1346 2426 quin
1358 2385 1453 2416 oculis
1477 2389 1666 2426 usurpantur,
1683 2395 1761 2427 que-

940 2436 998 2468 que
1012 2429 1066 2459 sub
1077 2436 1231 2469 aspectum
1244 2439 1302 2460 non
1324 2430 1456 2471 veniunt,
1473 2430 1568 2470 majus
1584 2434 1673 2471 atque
1688 2439 1763 2469 pra)-

940 2472 1112 2505 stantiusest
1121 2473 1200 2506 ?Cur
1208 2483 1267 2505 non
1276 2474 1383 2506 damus
1391 2475 1503 2512 omnia,
1513 2479 1542 2506 et
1553 2483 1761 2516 comparamus

941 2517 1081 2550 illud?et
1095 2528 1148 2550 cur
1171 2519 1227 2550 hoc
1249 2519 1383 2551 destituti
1406 2519 1437 2550 in
1463 2519 1522 2552 vita
1545 2528 1664 2552 manere
1674 2520 1761 2552 volu-

943 2572 1008 2594 mus
1018 2563 1034 2593 ?
1045 2563 1165 2596 Credite
1179 2564 1265 2602 mihi,
1281 2564 1307 2595 si
1324 2564 1368 2595 vel
1383 2563 1491 2605 saepius
1506 2564 1581 2596 mori
1597 2565 1713 2602 liceret.
1729 2570 1762 2596 ut

942 2607 1021 2639 istud
1046 2618 1169 2649 parvum
1199 2618 1325 2649 granum
1351 2608 1586 2650 acquireremus,
1609 2618 1667 2641 non
1683 2613 1763 2641 esset

941 2653 1107 2684 recusanda
1123 2653 1266 2685 conditio.

981 2696 1031 2729 Vae
1043 2697 1112 2737 illis,
1130 2698 1181 2739 qui
1195 2697 1225 2729 id
1241 2699 1273 2729 in
1298 2698 1366 2730 sinu
1380 2698 1498 2730 animus
1521 2702 1615 2730 satum
1631 2707 1691 2731 non
1707 2698 1761 2731 ba-

942 2741 1024 2781 bent,
1035 2743 1230 2775 vehementer
1239 2742 1340 2784 utique
1354 2743 1498 2775 esurient.
1513 2743 1564 2775 Vse
1578 2743 1629 2784 qui
1643 2743 1674 2775 id
1689 2751 1760 2784 ger-
