1978 3078
188 174 246 206 547
832 172 906 204 SYM
913 172 969 203 E02

1089 169 1218 205 NIORIS
1811 177 1869 209 548

177 244 305 274 minasse
320 251 377 273 non
393 241 540 278 viderunt,
557 241 696 282 quoniam
725 240 809 280 nudi,
826 244 857 270 ut
880 238 1032 269 arboresA
1044 238 1126 271 mine
1143 240 1260 280 penitus
1275 240 1455 273 intolerabili
1471 241 1608 272 habitas?
1628 242 1780 278 Quomodo
1804 252 1871 273 ma-
1897 258 1902 262 -

175 288 252 318 loliis
267 287 403 324 viduata),
414 287 542 317 stabunt.
557 287 608 316 Vae
616 285 770 326 quiverbis
784 284 902 316 Domini
914 284 1002 313 ﬁdem
1047 293 1121 314 nens
1136 284 1341 322 immutabilis,
1359 291 1389 317 et
1404 287 1525 317 omnino
1541 287 1571 317 in
1587 286 1784 324 accessibilis,
1810 288 1872 318 feni

175 342 233 363 non
250 332 450 370 cornmodant,
479 337 510 362 ut
542 332 603 362 haec
633 331 723 361 arbor
750 331 831 363 fiant.
859 333 887 360 et
904 338 1002 359 ramos
1045 328 1239 360 substantiam
1255 330 1296 361 ita
1310 331 1453 371 custodis,
1469 335 1501 362 ut
1516 342 1574 362 uon
1588 332 1870 363 comburantur?Et

174 377 521 417 emittant,studiosaque
548 380 577 406 et
599 380 708 407 attenta
725 383 825 405 meme
848 373 998 413 quotidia-
1044 382 1168 404 manens
1184 374 1284 405 fenum
1313 375 1359 405 lux
1390 380 1445 416 est,
1473 385 1531 406 non
1560 381 1659 407 autem
1688 377 1737 407 lux
1765 376 1868 407 fenum

174 431 244 452 num
258 421 343 452 istius
359 422 440 462 parvi
456 422 538 460 grani
555 421 772 451 incrementum
790 423 893 450 curent
908 430 915 453 ;
929 428 995 448 nam

174 467 238 506 ejus
253 466 419 498 efficientia:
435 466 647 496 detrimentum
662 465 778 500 facient,
793 466 992 497 sicutservus,

173 511 224 551 qui
239 511 325 542 stulte
342 511 485 541 talentum
495 510 658 540 defodit50.
672 509 802 545 Quorum
819 509 855 538 de
872 517 995 538 numero

171 565 226 595 ego
244 565 362 596 quoque
378 564 453 593 sum,
471 555 633 594 negligens,
652 558 680 585 et
695 563 814 584 cessans
825 553 953 584 assidue.

213 600 281 635 Sed,
298 610 313 630 0
331 600 480 630 individua
496 599 635 635 Trinitas,
654 609 669 629 0
687 599 839 629 inconfus:
854 598 962 636 unitas,
977 608 993 629 0

171 646 271 676 lumen
288 645 503 675 innominatum
529 648 560 674 ut
589 653 709 684 prorsus
738 653 844 674 carens
861 643 993 683 nomine,

171 700 187 721 ο
200 699 316 720 rursum
338 689 496 720 multorum
522 689 675 718 nominum
695 693 725 718 ut
740 697 866 728 operans
881 688 992 725 omnia,

171 747 188 766 υ
207 744 264 765 una
278 734 380 773 gloria,
400 733 592 774 principium,
607 733 747 772 potentia,
763 742 899 772 regnum,
917 743 934 763 ο
950 733 991 763 lu-

172 789 250 816 men,
269 789 327 810 una
344 779 489 818 voluntas,
505 779 665 817 sententia,
678 783 776 815 nutus,
795 778 837 808 vis
850 782 878 808 et
889 777 990 818 virtus,

171 833 219 855 me
234 824 374 854 afﬂictum
391 824 438 863 pie
455 826 605 854 miserare.
624 823 678 858 Qui
695 822 774 853 enim
796 832 854 853 non
869 823 992 863 afﬂigar,

1041 422 1102 454 est;
1120 419 1171 448 sed
1189 419 1255 449 feno
1272 422 1300 449 tu
1317 420 1366 450 lux
1382 420 1457 451 citra
1485 421 1691 452 confusionem
1705 430 1736 451 es
1752 421 1864 459 unitos,

1039 467 1067 491 et
1083 462 1183 492 fenum
1209 464 1238 493 tit
1251 468 1281 494 ut
1297 464 1356 501 lux,
1370 469 1513 496 mutatum
1543 465 1779 496 immutabiliter.
1796 467 1863 497 Non

1038 516 1114 546 queo
1132 508 1192 538 Italo
1208 513 1255 539 tua
1282 509 1416 540 miranda
1437 510 1557 541 silentio
1575 515 1690 549 tegere:
1710 520 1769 540 nou
1789 519 1861 550 pos-

1038 560 1103 581 sum
1122 561 1179 582 non
1206 553 1286 593 loqui
1313 554 1510 585 oeconomiam
1541 559 1632 592 tuam,
1662 563 1749 594 qnam
1765 555 1864 585 fecisti

1038 605 1165 627 mecum.
1197 598 1246 636 qui
1275 607 1340 628 sum
1367 599 1506 638 prodigus
1548 603 1577 629 et
1617 599 1805 636 fornicarius,
1834 605 1864 630 et

1036 639 1226 679 benignitatis
1257 646 1312 672 tute
1349 642 1558 674 inexhaustum
1599 643 1770 674 thesaurum
1803 653 1863 673 non

1036 693 1176 716 enarrare
1191 686 1328 716 omnibus
1347 696 1473 727 nequeo,
1504 689 1543 718 mi
1564 688 1758 728 Redemptor.
1775 687 1862 718 Desi—

1035 729 1107 759 dero
1137 732 1216 761 enim
1247 731 1389 762 mundum
1420 732 1590 763 universum
1617 742 1652 762 ex
1681 733 1738 763 hoc
1764 733 1861 763 lucem

1035 774 1181 814 accipere,
1195 779 1224 806 et
1240 776 1389 807 neminem
1401 786 1522 816 prorsus
1536 786 1571 807 ea
1581 787 1703 808 vacuum
1718 777 1860 817 relinqui.

1038 817 1247 850 Verumtamen
1264 820 1293 850 in
1306 830 1353 851 me
1366 821 1496 861 primum
1507 822 1595 861 fulge,
1607 831 1622 852 ο
1635 831 1686 852 rex
1702 822 1836 852 omnium
1852 833 1860 858 ;

170 870 221 910 qui
234 879 295 901 non
314 878 471 899 maerorem
489 867 668 908 concipiam,
685 867 735 908 qui
757 872 866 898 tantam
883 863 1145 901 l)onita.BinCOle,
1176 869 1204 895 (λι
1233 865 1366 896 “lumina
1402 867 1548 907 abjEClam
1589 868 1717 898 animam
1748 877 1858 906 meam,

170 909 229 945 tem
246 918 274 944 et
290 914 512 944 miserationem
544 917 622 943 tuam
649 912 827 952 contempsi,
852 912 902 952 qui
918 914 951 943 vi:

1076 909 1162 940 tende
1179 910 1251 940 mihi
1262 916 1364 951 aperte
1378 912 1499 943 Deitatis
1513 918 1568 943 tua:
1590 912 1707 949 faciem,
1719 913 1857 943 etomni-

170 959 376 990 mandatorum
392 962 508 990 tuorum
526 961 582 988 tam
613 957 743 996 segniter
767 962 796 987 et
811 957 948 994 remisse,
967 962 995 988 et
1037 961 1074 983 n0
1090 952 1279 985 inViSibiliter
1302 965 1412 996 appare
1440 957 1523 993 mihi,
1550 957 1629 988 Dens
1645 966 1739 987 meus.
1770 957 1859 988 Nullo

167 1003 314 1043 improbe,
333 1003 433 1034 infelix
448 1002 620 1032 ambulavi?
635 1002 687 1032 sed
715 1008 743 1032 et
768 1011 846 1032 nunc
862 1011 992 1033 commo-
1035 997 1113 1043 enim
1132 999 1218 1043 modo
1235 999 1344 1030 videris
1359 1010 1375 1031 a
1401 1011 1457 1038 me,
1485 1002 1607 1032 omnino
1636 1006 1732 1032 tamen
1748 1011 1860 1042 appare

1033 1041 1116 1072 mihi.
1146 1042 1201 1078 Qui
1225 1045 1263 1075 al)
1289 1046 1479 1076 universitate
1503 1046 1568 1086 capi
1592 1056 1650 1077 non
1667 1051 1761 1086 potes,
1790 1041 1860 1077 vere

1032 1095 1136 1126 parvus
1153 1089 1372 1127 quodammodo
1388 1091 1461 1121 ﬂsin
1479 1091 1615 1122 manibus
1627 1091 1712 1128 meis,
1726 1098 1756 1122 et
1771 1091 1860 1121 labiis

1031 1131 1105 1162 meis
1122 1137 1152 1162 ut
1182 1133 1257 1164 uber
1288 1134 1432 1173 lucidum,
1464 1141 1493 1167 et
1522 1136 1648 1167 dulcedo
1678 1135 1805 1166 versaris
1829 1143 1860 1166 et

1029 1185 1179 1213 coruscas,
1197 1188 1214 1208 ο
1240 1188 1348 1209 novum
1377 1181 1558 1220 mysterium,
1577 1181 1616 1211 ita
1642 1186 1671 1211 et
1687 1191 1765 1212 nunc
1781 1182 1859 1212 date

1030 1221 1113 1260 mihi,
1132 1226 1162 1252 ut
1177 1227 1204 1253 te
1220 1223 1319 1260 satier,
1339 1228 1368 1254 ut
1384 1225 1511 1261 osculer,
1545 1229 1574 1255 et
1596 1225 1758 1265 amplectar
1775 1229 1854 1256 tnam

1027 1265 1150 1303 gloriam
1173 1267 1414 1307 inenarrabilem,
1441 1270 1542 1300 lumen
1558 1270 1653 1300 vultus
1669 1269 1722 1309 tui,
1753 1275 1781 1301 et
1798 1270 1856 1300 im-

1026 1310 1118 1349 plear.
1132 1317 1160 1342 et
1169 1312 1235 1343 aliis
1245 1314 1383 1344 omnibus
1390 1314 1621 1351 communicem,
1630 1319 1658 1344 et
1667 1314 1747 1345 obita
1757 1319 1853 1346 morte

1026 1359 1103 1385 torus
1114 1357 1296 1395 glorificatus
1312 1358 1347 1388 ad
1366 1363 1393 1388 te
1418 1359 1546 1389 veniam.
1575 1358 1616 1389 Ex
1633 1359 1744 1389 lumine
1760 1363 1809 1390 tuo
1823 1363 1854 1390 et

1025 1408 1078 1438 ego
1095 1401 1194 1431 lumen
1209 1401 1302 1432 factus
1317 1402 1368 1432 tibi
1381 1403 1530 1443 assistam,
1547 1408 1575 1433 et
1596 1407 1664 1434 tunc
1687 1403 1767 1434 curis
1777 1404 1852 1434 mul-

1026 1448 1120 1475 torum
1130 1446 1273 1477 malorum
1285 1447 1451 1488 expeditus,
1466 1448 1554 1478 etiam
1568 1448 1675 1479 timore
1690 1448 1853 1486 liberabor,

1025 1498 1062 1519 ne
1076 1498 1178 1520 rursus
1194 1491 1344 1522 immuter.
1357 1491 1463 1529 Etiam,
1479 1492 1616 1530 Domine,
1634 1492 1671 1523 da
1683 1493 1756 1523 mihi
1770 1492 1828 1523 hoc
1845 1504 1854 1533 ;

1024 1533 1113 1564 etiam
1127 1534 1232 1574 largire
1248 1536 1321 1566 mihi
1335 1537 1402 1573 hoc,
1429 1536 1479 1577 qui
1503 1537 1625 1576 indigno
1662 1538 1735 1568 mihi
1754 1538 1857 1569 omnia

1021 1582 1126 1609 caetera
1135 1581 1225 1618 gratis
1237 1580 1354 1612 dedisti.
1371 1582 1433 1612 Hoc
1459 1582 1539 1612 enim
1561 1581 1688 1612 maxime
1702 1591 1777 1622 opus
1793 1587 1853 1619 est,

1021 1623 1093 1653 etin
1109 1624 1165 1655 hoc
1180 1630 1248 1655 sunt
1264 1626 1374 1656 omnia.
1394 1628 1469 1659 Nam
1480 1627 1535 1657 etsi
1548 1636 1627 1657 nunc
1639 1636 1655 1657 a
1668 1636 1715 1657 me
1725 1627 1850 1665 videris,

1021 1668 1076 1698 etsi
1092 1678 1169 1700 nunc
1193 1680 1310 1710 quoque
1335 1671 1497 1708 misereris,
1525 1672 1578 1702 etsi
1601 1680 1681 1702 nunc
1696 1671 1849 1703 illuminas

1023 1722 1080 1750 me,
1099 1719 1128 1744 et
1143 1715 1264 1754 mystice
1279 1716 1380 1751 doces,
1397 1720 1424 1746 et
1439 1716 1552 1756 potenti
1568 1726 1656 1746 manu
1676 1722 1724 1747 tua
1744 1723 1848 1756 prote—

1022 1757 1065 1796 gis
1080 1763 1108 1788 et
1122 1759 1262 1796 custodis,
1281 1765 1310 1790 et
1340 1760 1421 1796 ades,
1455 1765 1483 1790 it
1511 1760 1660 1791 dwmonas
1690 1761 1719 1791 in
1748 1761 1847 1800 fugam

1021 1802 1123 1839 vertis,
1141 1809 1171 1834 et
1186 1805 1285 1835 omnia
1303 1805 1519 1845 mihisubjicis,
1533 1810 1561 1836 et
1573 1805 1673 1836 omnia
1687 1806 1759 1836 mihi
1776 1815 1850 1847 sup-

1022 1847 1146 1888 peditas,
1163 1852 1192 1878 et
1206 1849 1297 1889 imple
1315 1859 1362 1880 me
1377 1849 1464 1880 bonis
1489 1850 1639 1890 omnibus,
1653 1849 1731 1880 Deus
1751 1859 1849 1888 meus,

1022 1896 1119 1923 tamen
1137 1893 1211 1923 nihil
1227 1903 1260 1924 ex
1277 1894 1448 1924 hominibus
1477 1894 1523 1925 his
1547 1895 1680 1934 proﬁcio,
1704 1895 1760 1925 nisi
1778 1896 1854 1931 mihi

1020 1937 1094 1967 citra
1109 1937 1251 1977 pudorem
1267 1939 1397 1974 {dederis
1424 1939 1576 1979 praeterire
1602 1944 1701 1979 portas
1718 1940 1823 1971 mortis
1841 1950 1847 1972 :

1020 1981 1077 2012 nisi
1093 1982 1230 2023 princeps
1256 1983 1446 2014 tenebrarum
1470 1984 1593 2015 veniens
1622 1984 1747 2023 gloriam
1765 1988 1847 2016 tuam

1021 2026 1094 2056 mihi
1108 2027 1213 2058 adesse
1228 2027 1343 2065 viderit,
1362 2032 1391 2059 et
1408 2028 1569 2063 erubuerit.
1595 2030 1718 2059 adustus
1733 2028 1848 2060 lumine

167 1047 411 1078 veanturviscera
422 1051 603 1086 tua,etnunc
616 1046 835 1082 misereremei,
845 1050 874 1076 et
886 1051 989 1077 aestum

166 1093 265 1123 cordis
281 1091 339 1122 mei
353 1093 451 1122 denuo
478 1091 619 1127 accende,
648 1091 763 1122 Christe
788 1100 882 1128 meus,
901 1101 987 1132 quem

166 1137 282 1168 miserae
299 1137 397 1167 carnis
427 1145 502 1166 meae
529 1135 684 1165 dissolutio
715 1135 862 1175 exstinxit,
894 1143 988 1166 etsu-

166 1191 263 1219 mnus,
283 1181 421 1211 saturitas
436 1180 558 1219 ventris,
576 1184 605 1210 et
630 1179 689 1209 vini
707 1179 907 1219 ingurgitatio,
926 1180 988 1211 haec

165 1231 256 1258 totam
273 1226 379 1256 anima:
395 1234 466 1256 mea!
479 1225 626 1255 ﬂammam
649 1225 864 1260 exstinxerunt,
883 1229 911 1254 et
925 1224 988 1255 fon-

164 1276 235 1312 tem,
251 1271 461 1308 scaturiginem
478 1270 592 1300 scilicet
606 1269 824 1309 ,lauymarum,
853 1270 986 1300 exsicca-

162 1322 241 1347 runt.
259 1315 374 1346 Etenim
390 1315 470 1345 calor
485 1314 583 1353 ignem
600 1317 732 1353 generat,
763 1314 838 1352 ignis
854 1314 981 1345 vicissim

163 1361 303 1396 calorem,
323 1365 351 1390 et
363 1369 396 1390 ex
406 1358 550 1389 ambobus
561 1359 681 1388 ﬂamma
689 1359 871 1398 accenditur,
883 1363 910 1389 et
919 1359 983 1390 fons

161 1405 368 1445 lacrymarum.
381 1403 515 1434 Flamma
527 1403 662 1442 producit
671 1404 780 1433 ﬂuenta
794 1414 802 1440 ;
814 1404 983 1435 ﬂuentaau—

163 1455 220 1480 tem
237 1450 399 1488 ﬂammam,
416 1447 446 1478 in
463 1447 571 1487 quibus
585 1457 631 1478 me
647 1447 814 1478 divinorum
827 1447 982 1478 mandato-

162 1502 226 1526 rum
253 1493 403 1524 meditatio
433 1492 573 1532 provexit.
606 1493 735 1523 Rursum
767 1497 982 1532 praceptorum

161 1537 327 1569 observatio
344 1526 547 1577 paenitentiam
573 1541 604 1567 ut
624 1526 798 1576 adjutrice'm
814 1526 980 1576 assumens,
992 1526 1011 1550 C

159 1583 190 1614 in
207 1583 305 1613 medio
323 1582 514 1622 prtesentium
528 1590 561 1612 ac
570 1581 736 1612 futurorum
753 1591 799 1612 me
816 1582 980 1614 constituit.

158 1627 242 1659 Unde
258 1630 382 1667 repente
397 1625 536 1666 abreptus
552 1635 569 1656 a
585 1625 760 1666 visibilibus,
789 1626 895 1657 timore
910 1637 980 1658 cor-

159 1676 261 1713 reptus
276 1680 353 1708 sum,
368 1680 494 1701 cernens
508 1671 586 1701 unde
601 1675 734 1701 servatus
747 1679 854 1702 essem.
872 1672 981 1703 Futura

157 1721 258 1748 autem
275 1716 446 1756 longissime
463 1715 603 1746 distantia
626 1715 772 1753 videbam,
797 1720 826 1746 et
840 1716 890 1747 illa
907 1717 980 1748 mihi

155 1760 414 1802 comprehendere
425 1760 619 1796 desideranti,
632 1760 709 1799 ignis
719 1760 829 1791 amoris
837 1770 980 1792 accensus

161 1810 217 1846 est,
234 1806 283 1846 qui
298 1805 439 1846 paulatim
455 1805 534 1835 visus
549 1808 593 1836 est
621 1806 739 1835 ﬂamma
755 1805 842 1836 modo
856 1806 980 1848 inexpli-

157 1851 257 1889 cabili,
275 1850 356 1891 prius
373 1850 494 1890 quidem
511 1849 541 1880 in
558 1854 657 1881 mente
672 1859 748 1886 mea,
766 1854 832 1890 post
851 1852 938 1882 etiam
950 1853 979 1883 in

155 1896 256 1932 corde,
274 1897 452 1935 ﬂammaque
479 1895 529 1925 illa
555 1894 648 1925 divini
677 1894 820 1926 desiderii
836 1898 980 1935 expressit

155 1942 307 1981 lacrymas,
320 1945 348 1970 et
363 1949 430 1970 cum
443 1939 485 1970 eis
497 1939 704 1970 incredibilem
718 1939 790 1970 mihi
806 1941 978 1973 suavitatem

154 1986 289 2027 prmbuit.
306 1984 442 2015 Conﬁsus
458 1983 548 2022 igitur
563 1984 593 2014 in
618 1984 745 2024 meipso,
763 1993 883 2024 prorsus
899 1986 977 2018 haud

152 2030 329 2061 exstinctum
345 2029 382 2059 iri
397 2028 532 2068 (pulchre
560 2029 640 2059 enim
669 2029 754 2059 ardet
783 2029 933 2069 dicebam)
949 2040 978 2065 et

150 2075 272 2106 desidiae
285 2083 331 2105 me
342 2073 467 2111 dedens,
483 2082 587 2104 somno
603 2077 633 2104 et
647 2073 800 2104 saturitate
824 2073 973 2115 insipien-

151 2127 198 2152 ter
212 2120 384 2159 subjugatus
396 2128 470 2155 sum,
488 2122 517 2149 et
545 2118 701 2149 remissius
725 2119 835 2157 vivens,
852 2120 977 2162 vinoque

1018 2074 1067 2101 tuo
1082 2071 1246 2109 inaccesso,
1264 2077 1292 2103 et
1307 2082 1412 2103 omnes
1427 2073 1456 2103 in
1472 2073 1654 2104 adversariae
1670 2077 1843 2113 potestates,

1017 2115 1078 2146 visa
1093 2121 1161 2146 nota
1175 2116 1264 2154 sigilli
1280 2117 1331 2154 tui,
1346 2126 1412 2147 cum
1424 2117 1488 2158 ipso
1502 2118 1533 2148 in
1548 2118 1646 2157 fugam
1663 2123 1844 2149 converten-

149 2164 312 2196 liberaliter
327 2172 409 2203 usus,
430 2172 487 2193 non
503 2163 624 2202 quidem
641 2167 671 2193 ut
685 2162 864 2211 inebriarer,
878 2166 930 2196 sed
947 2174 978 2200 ut
990 2165 1078 2211 θίξιν]
1095 2167 1124 2193 et
1139 2172 1192 2202 ego
1204 2163 1296 2211 gratia
1312 2168 1367 2211 tua
1375 2164 1504 2194 conﬁsus
1517 2164 1647 2195 transibo
1661 2164 1843 2211 intrepidus,

149 2214 282 2250 poteram
294 2213 402 2245 tamen,
417 2207 496 2237 illico
510 2207 851 2239 exstinctumsensiillud
867 2209 973 2241 mirum

148 2259 177 2286 et
192 2253 362 2285 venerabile
377 2252 558 2283 desiderium
573 2262 681 2292 nempe
695 2252 793 2283 cordis
806 2254 874 2292 mei,
891 2255 972 2286 illam

149 2301 309 2334 ﬂammam,
320 2307 385 2338 quae
396 2297 431 2328 ad
446 2297 553 2328 cmlum
571 2296 756 2337 pertingebat
774 2301 802 2328 et
816 2298 846 2329 in
863 2308 910 2330 me
921 2309 972 2331 ar-

148 2345 236 2375 debat
250 2343 371 2384 quidem
389 2342 601 2373 vehementer:
619 2351 677 2372 non
705 2346 803 2373 tamen
819 2343 972 2375 fenaceam

145 2390 222 2420 intra
233 2389 347 2419 viscera
357 2396 422 2418 mea
434 2387 628 2417 substantiam
639 2386 782 2417 exurebat
794 2388 862 2425 ;sed
870 2393 970 2425 totam,

147 2434 254 2465 mirum
272 2432 371 2463 dictn!
390 2431 420 2462 in
436 2432 586 2462 ﬂammam
602 2431 804 2472 convertebat,
822 2437 851 2462 et
870 2433 971 2464 fenum

145 2479 182 2510 ab
199 2479 267 2518 igne
282 2482 402 2514 tactum,
435 2476 553 2517 penitus
582 2486 641 2506 non
665 2475 799 2507 ardebat.
826 2476 887 2508 [mo
904 2487 971 2508 vero

143 2524 221 2564 ignis
248 2523 349 2553 fenum
379 2522 651 2562 comprehenderis,
679 2521 722 2551 illi
738 2522 905 2561 uniebatur,
924 2527 970 2554 to-

143 2574 267 2609 tumque
283 2567 523 2607 inconsumptum
541 2566 740 2597 custodiebat.

182 2613 205 2645 Ο
222 2612 313 2644 divini
328 2611 406 2651 ignis
422 2611 573 2647 virtutem,
593 2621 610 2641 ο
627 2617 732 2641 novam
750 2611 967 2642 efﬁcacitatem!

143 2658 198 2695 Qui
222 2657 358 2689 dissolvis
371 2660 481 2697 petras,
499 2664 527 2687 et
543 2656 633 2687 colles
648 2665 664 2686 a
700 2656 761 2686 solo
780 2656 897 2697 timore,
915 2660 970 2688 eta

140 2703 215 2734 facie
252 2709 311 2743 tua,
340 2701 458 2733 Christe
487 2700 565 2732 Deus
596 2710 691 2737 mens,
722 2701 871 2741 quomodo
902 2701 968 2732 feno

142 2748 329 2779 commiceris
344 2752 386 2784 tu,
407 2747 493 2788 plane
509 2746 610 2777 divina
639 2747 778 2784 essentia,
799 2745 850 2786 qui
874 2746 905 2777 in
921 2746 968 2777 lu-

180 2833 212 2859 50
227 2832 330 2864 Matth.
347 2841 414 2872 xxv,
431 2832 481 2865 25.

1019 2206 1131 2247 tibique
1155 2208 1410 2248 appropinquabo,
1437 2212 1466 2238 et
1495 2213 1562 2239 ante
1594 2213 1621 2240 te
1638 2209 1842 2249 procumbam,

1013 2261 1101 2291 quem
1129 2252 1254 2282 referam
1280 2252 1406 2283 fructum
1435 2263 1468 2284 ex
1499 2253 1546 2284 his
1572 2263 1638 2294 quae
1654 2264 1733 2284 nunc
1749 2254 1778 2284 in
1795 2264 1844 2285 me

1013 2295 1110 2326 ﬁunt?
1129 2299 1242 2327 Revera
1260 2297 1386 2335 nullum,
1403 2298 1456 2328 sed
1474 2298 1573 2337 ignem
1589 2299 1620 2328 iu
1648 2307 1694 2329 me
1711 2299 1843 2338 amplius
1878 2296 1883 2302 ”

1012 2340 1186 2372 accendent.
1200 2341 1254 2377 Qui
1264 2341 1342 2372 enim
1358 2351 1404 2372 me
1411 2342 1555 2373 bonorum
1569 2347 1697 2380 tuorum,
1712 2347 1741 2374 et
1751 2348 1842 2374 aeter-

1016 2394 1060 2415 nae
1075 2385 1175 2425 glorise
1192 2391 1248 2417 tum
1261 2387 1449 2427 participem,
1480 2391 1508 2418 et
1524 2397 1642 2418 servum
1659 2392 1747 2427 atque
1763 2389 1841 2418 ami-

1015 2439 1080 2461 cum
1098 2434 1181 2461 tuum
1198 2431 1260 2462 fore
1273 2432 1400 2471 conﬁdo,
1419 2432 1443 2462 si
1475 2432 1614 2472 privabor
1636 2432 1725 2463 simul
1741 2433 1841 2463 omni-

1015 2473 1080 2511 bus,
1097 2479 1127 2506 et
1141 2479 1169 2505 te
1184 2475 1258 2515 ipso,
1277 2475 1391 2506 Christe
1409 2485 1502 2514 meus,
1529 2476 1678 2517 quomodo
1694 2486 1753 2507 non
1768 2486 1839 2516 gra-

1012 2519 1076 2550 vius
1093 2519 1266 2557 tribulabor,
1290 2529 1347 2560 qua
1367 2520 1514 2557 infideles,
1539 2521 1589 2561 qui
1606 2526 1633 2551 te
1649 2531 1707 2552 non
1725 2531 1838 2560 cogno-

1011 2569 1128 2601 verunt,
1145 2573 1200 2596 nec
1214 2565 1405 2605 splendorem
1420 2566 1540 2596 luminis
1556 2566 1597 2597 tui
1612 2566 1763 2604 viderunt,
1781 2576 1836 2598 nec

1011 2609 1169 2640 dulcedine
1185 2614 1234 2640 tua
1248 2612 1367 2640 saturati
1384 2613 1474 2642 sunt?
1489 2610 1572 2646 Quod
1597 2611 1622 2641 si
1650 2611 1723 2641 mihi
1737 2611 1835 2642 conti-

1011 2654 1086 2693 gerit
1098 2655 1216 2694 assequi
1227 2655 1424 2686 arrhabonem
1434 2656 1552 2693 liornm,
1562 2655 1638 2686 hanc
1646 2655 1835 2696 pensionem,

1012 2703 1040 2730 et
1055 2699 1117 2730 haec
1141 2699 1262 2738 przemia
1285 2700 1420 2740 adipisci,
1446 2709 1511 2740 quze
1539 2701 1570 2730 in
1600 2704 1627 2730 te
1643 2699 1838 2732 credentibus

1012 2743 1184 2786 promisisti,
1204 2748 1264 2774 tum
1276 2753 1329 2784 ego
1340 2754 1457 2785 quoque
1469 2744 1571 2775 beatus
1583 2753 1645 2783 ero,
1668 2749 1697 2776 et
1709 2744 1836 2777 laudabo
