1978 3078
70 163 139 196 553

654 165 875 197 DIVINORUM
897 163 1063 196 AMORUM
1087 166 1201 198 LIBER

1710 171 1771 203 554

63 230 274 267 uberrime,et
288 236 358 263 ante
371 233 447 263 istuc
457 235 486 263 et
497 241 564 263 cum
581 232 660 262 istoc
675 231 814 266 ﬁdem.et
825 239 899 270 ope-
911 232 931 257 Α
943 230 1100 262 manifeste
1115 231 1199 263 istaec
1215 233 1324 270 omnia,
1345 236 1374 264 et
1396 233 1461 265 istis
1476 234 1671 268 ineffabiliter
1684 246 1770 270 arca-

67 285 104 306 ra
123 276 217 306 fidem
235 277 442 308 conﬁrmantia
457 277 662 317 possidentes.
673 275 726 306 His
736 279 767 306 ut
783 276 900 315 lychno,

64 321 142 351 oleo
161 325 189 352 et
203 325 311 362 stuppa
337 322 428 362 pleno
452 322 552 361 ignem
584 321 729 354 Dominus
755 320 901 356 immittit,

66 375 168 405 quem
186 367 318 398 mundus
334 376 394 397 non
407 367 493 407 vidit,
512 377 568 398 nec
578 367 682 398 videre
696 368 804 406 potest.
818 367 902 397 Iliun-

66 411 148 440 dum
164 410 300 451 dico,qui
312 411 457 442 inmunda
471 417 552 447 sunt,
567 416 596 442 et
609 410 901 451 mundanasapiunt.

66 454 161 485 Sicut
181 465 271 495 porro
287 456 413 496 lychnus
431 466 483 486 St'll
505 457 631 487 lucerna
648 465 736 497 quam
751 455 900 491 videmus,

67 499 197 530 admoto
214 499 284 539 igne
299 501 752 541 accenditur:itaspiritualiter
767 499 902 538 intellige

67 543 208 575 divinum
225 545 323 584 ignem
340 546 454 576 animas
469 546 626 584 attingere,
644 554 757 586 easque
782 545 900 575 inflam-

71 598 176 621 mare.
194 589 351 625 Quomodo
366 591 574 628 inﬂammabit,
587 595 747 631 antequam
763 588 901 628 attingat?

70 635 227 673 quomodo
241 634 378 674 attinget,
401 639 559 675 antequam
586 635 742 666 mittatur?
763 634 900 665 Profecto

68 688 261 721 nequaquam
279 679 414 710 omnino.
434 681 552 712 Ardens
578 684 678 711 autem
707 680 843 719 lychnus,
870 685 900 710 et

68 723 190 755 clarum
207 725 312 755 lucens
329 725 481 765 omnibus,
495 725 629 756 sioleum
639 724 797 761 defecerit,
809 733 899 754 num-

67 769 146 808 quid
164 779 224 800 non
239 769 469 808 exstinguetur?

111 814 204 844 Aliud
218 815 315 855 majus
330 814 466 854 observa,
483 814 561 855 quod
579 823 627 845 me
642 817 735 846 terret
751 813 816 854 plus
835 822 900 843 om-

944 274 1029 306 niora
1043 276 1141 315 docet,
1158 281 1187 307 et
1207 277 1338 308 ostendit
1364 278 1420 316 his,
1447 289 1464 310 a
1488 280 1598 320 quibus
1627 282 1767 316 habetur.

944 320 1034 366 Audi,
1051 322 1075 352 si
1089 321 1196 362 placet,
1212 322 1265 353 fili.
1284 323 1356 354 Cum
1374 323 1499 363 fulserit,
1518 326 1769 366 quemadmodum

943 365 1015 406 dixi,
1034 370 1062 396 et
1075 375 1202 398 examen
1222 367 1385 398 motionum
1409 365 1769 411 rationi’repugnantium

944 411 1102 459 expulerit,
1129 411 1315 459 domumque
1335 413 1444 444 animae
1468 418 1524 445 tuae
1547 418 1767 459 expurgaverit,

943 455 1009 502 sine
1028 456 1163 502 mistione
1179 456 1221 487 illi
1237 457 1432 494 admiscetur,
1449 462 1477 489 et
1494 455 1590 490 modo?
1602 455 1770 502 inexplica;

943 499 995 546 bili
1011 501 1208 532 essentialiter
1220 501 1286 541 ejus
1302 502 1452 540 essentiae,
1470 507 1547 534 totus
1578 506 1630 536 toti
1653 499 1770 546 penitus

943 544 1054 582 unitur,
1069 555 1195 585 eamque
1214 546 1325 577 sensim
1347 546 1476 578 lucidam
1493 548 1571 585 facit.
1590 544 1767 590 inflammat,

941 594 970 621 et
983 591 1131 622 illuminat
1145 592 1200 631 sic,
1217 595 1275 622 uta
1291 601 1338 623 me
1358 593 1501 632 explicari
1524 604 1583 626 non
1600 597 1702 636 possit.
1722 597 1770 629 Fit

941 645 1033 666 unum
1062 646 1097 666 ex
1120 636 1247 677 duobos,
1278 646 1312 667 ex
1343 637 1443 668 anima
1471 643 1502 669 et
1530 644 1674 680 creatore,
1693 642 1767 673 etin

941 680 1038 710 anima
1053 684 1098 711 est
1113 686 1232 712 creator
1248 681 1328 712 solus
1345 691 1411 712 cum
1425 683 1488 715 sola
1504 687 1592 715 totus.
1610 685 1666 721 Qui
1677 696 1767 718 manu

941 733 994 755 sua
1010 730 1176 756 creaturam
1200 735 1320 757 omnem
1345 727 1488 765 continet,
1516 738 1554 759 ne
1579 729 1692 767 dubita,
1718 731 1766 762 hic

941 774 1017 801 totus
1032 780 1099 801 cum
1117 771 1214 807 Patre,
1229 776 1257 801 et
1269 776 1369 802 sancto
1386 772 1499 809 Spiritu
1524 783 1583 805 una
1598 775 1698 805 anima
1712 785 1764 806 ca-

941 815 1032 854 pitur,
1047 819 1075 846 et
1086 815 1212 845 animam
1226 816 1303 847 intra
1318 826 1350 846 se
1368 820 1457 847 totam
1475 818 1696 859 complectitur.
1713 821 1764 852 In-

70 858 176 905 nribrus.
196 860 396 901 Conspicuum
425 861 562 900 lychnum
588 870 686 891 mcum
707 859 804 896 valde,
831 868 896 905 cum
909 874 929 899 Β
942 860 1147 900 tellige,vide,
1164 860 1316 900 perpende
1330 861 1391 892 haec
1410 871 1416 892 :
1433 861 1493 892 dixi
1509 858 1589 894 enim
1613 863 1677 905 tibi,
1694 865 1762 896 ani-

68 904 131 934 olei
149 904 239 934 infusi
264 906 359 946 copia,
380 909 408 936 et
432 909 540 945 stuppa
564 905 702 946 plurima,
734 915 809 941 mus,
837 903 898 934 sive

68 948 132 979 alia
148 949 291 990 quaepiam
309 950 436 981 bestiola
452 959 629 991 prorepens,
646 954 697 981 aut
717 949 832 985 evertit,
849 952 899 978 aut

68 994 216 1033 paulatim
233 994 326 1026 liuctu
343 995 441 1026 oleum
458 995 634 1035 absumpsit,
647 998 899 1034 stuppamqueco-

68 1038 177 1074 medit,
193 1042 284 1079 atque
308 1040 348 1070 ita
372 1040 540 1080 lampadem
561 1039 712 1070 exstinxit.
733 1037 897 1069 lllirabilius

66 1087 186 1119 autem,
205 1083 284 1124 quod
303 1088 409 1125 stuppa
424 1088 485 1115 tota
502 1084 697 1124 (ellychnium
723 1082 841 1123 vocant)
857 1082 894 1112 il-

67 1127 155 1167 lapsa
171 1128 200 1158 in
217 1129 326 1166 oleum,
343 1133 466 1169 repente
488 1131 588 1170 ignem
615 1128 785 1168 exstinguit,
803 1131 832 1158 et
851 1131 896 1158 est

68 1172 144 1202 mihi
160 1173 282 1204 lucerna
298 1183 364 1204 mea
381 1174 541 1205 tenebrosa
552 1183 685 1214 prorsus,
696 1182 753 1203 nec
761 1175 892 1212 apparet.

68 1217 239 1248 Lucernam
247 1228 300 1250 seu
311 1219 477 1259 lampadem
484 1219 612 1250 animam
625 1217 894 1257 intelligito,oleum

66 1262 206 1301 virtutes,
220 1268 351 1294 mentem
362 1264 455 1304 ipsam
467 1264 658 1304 ellychnium,
673 1267 702 1293 et
718 1263 748 1293 in
765 1272 800 1293 eo
816 1262 893 1292 divi-

68 1316 144 1337 num
160 1307 258 1348 ignem
280 1308 439 1344 lucentem,
461 1308 740 1348 illuminantemque
764 1306 892 1338 animam

66 1352 170 1389 simul,
184 1353 410 1384 etdomiciiiuni
425 1357 516 1384 totum
533 1353 666 1393 corporis
683 1351 754 1390 mei,
768 1361 892 1392 quaeque

68 1397 98 1426 in
115 1406 150 1427 eo
167 1401 238 1428 sunt
252 1397 455 1437 cogitationes,
483 1402 512 1429 et
528 1397 704 1437 agitationes
719 1396 810 1427 animi
825 1406 892 1426 om-

68 1451 135 1472 nes.
153 1441 216 1472 Hoc
230 1447 329 1473 autem
342 1452 400 1473 non
416 1443 548 1479 lucente,
559 1443 584 1473 si
599 1442 718 1478 invidia,
736 1445 785 1472 ant
800 1440 891 1471 male-

68 1486 209 1525 volentia,
224 1491 366 1518 autamor
380 1487 495 1526 glorias,
507 1491 556 1517 aut
572 1486 717 1526 cupiditas
727 1485 784 1516 alia
794 1486 891 1525 cujus-

70 1531 148 1571 piam
165 1532 334 1572 voluptatis,
357 1536 406 1562 aut
427 1532 593 1572 perlubatio
615 1531 738 1562 demum
753 1530 811 1561 alia
826 1539 891 1561 sese

68 1578 276 1617 commoverit,
295 1581 324 1607 et
341 1577 510 1617 lampadem
528 1576 680 1612 everterit,
699 1575 729 1605 id
747 1580 801 1612 est,
819 1585 889 1606 sco-

68 1630 150 1660 pum,
170 1626 198 1651 et
213 1621 398 1662 propositum
428 1621 586 1652 voluntatis
608 1630 692 1658 meae,
718 1624 768 1651 aut
791 1620 888 1650 oleum

67 1665 220 1706 elinxerit,
234 1667 357 1698 virtutes
372 1677 476 1697 omnes
500 1670 549 1697 aut
564 1666 673 1706 alioqui
697 1665 886 1705 ellychnium,

68 1720 177 1751 nempe
189 1714 321 1742 mentem
339 1711 596 1748 meam.utdixi,in
613 1720 644 1741 se
655 1709 888 1750 ipsahabentem

66 1756 168 1787 lumen
179 1756 258 1787 clare
273 1756 401 1796 fulgens,
411 1757 508 1797 pravis
518 1754 748 1795 cogitationibus
758 1754 886 1784 absumit

68 1803 96 1830 et
125 1799 255 1840 devorat,
282 1805 331 1831 aut
358 1801 446 1832 etiam
474 1805 564 1832 totam
588 1801 618 1831 in
643 1800 708 1830 oleo
726 1799 885 1838 demergit,

66 1844 135 1875 dum
152 1844 292 1875 videlicet
316 1845 455 1876 virtutum
479 1854 602 1876 suarum
627 1845 759 1875 actiones
783 1843 887 1873 recolit

67 1899 101 1920 ac
115 1893 221 1928 versat,
239 1893 267 1920 et
282 1890 351 1921 hinc
367 1890 404 1920 de
420 1899 452 1920 se
466 1890 621 1929 magnifice
642 1889 816 1920 existimans
832 1897 885 1918 ex-

67 1938 202 1970 caecatur,
226 1934 252 1965 si
269 1935 436 1975 lampadem
462 1944 557 1965 meam
583 1935 665 1971 hinc,
691 1937 741 1964 aut
767 1933 887 1963 aliunde

65 1979 188 2009 fortasse
204 1979 350 2019 exstingui
365 1979 524 2019 contingat,
536 1978 586 2010 ubi
601 1983 671 2009 tunc
686 1978 785 2018 ignem
809 1986 885 2014 esse,

67 2028 116 2054 aut
128 2023 198 2063 quid
222 2033 270 2054 me
293 2024 358 2055 fieri
387 2023 491 2054 dices?
506 2023 684 2055 Permanere
708 2023 790 2053 illum
819 2031 885 2052 cum

68 2068 256 2109 lampade,an
271 2068 306 2099 ab
320 2078 353 2099 ea
363 2068 478 2099 secludi
489 2078 523 2099 ac
534 2067 670 2108 sejungi?
681 2067 760 2098 Proh
779 2075 885 2096 amen-

68 2113 155 2143 tiam!
174 2114 250 2153 proh
277 2112 438 2144 insaniam!
467 2113 529 2149 Quo
561 2117 646 2154 pacto
673 2113 784 2151 lampas
812 2110 888 2141 citra

64 2158 162 2197 ignem
178 2158 312 2195 accendi,
329 2158 466 2197 autignis
482 2158 594 2198 absque
620 2158 742 2188 materia
765 2165 887 2187 manere

942 914 1018 935 mam
1039 905 1139 935 lumen
1155 905 1354 943 intolerabile,
1381 910 1410 936 et
1436 907 1621 938 inaccessum
1649 910 1763 949 angelis

939 949 1018 979 intra
1029 958 1062 980 se
1073 949 1238 986 continere,
1256 954 1284 980 et
1301 950 1398 990 ipsum
1415 950 1517 982 lumen
1532 952 1665 984 vicissim
1681 954 1762 986 habi-

939 998 1000 1026 tare
1012 994 1088 1024 intra
1103 994 1245 1032 animam,
1265 998 1294 1025 et
1310 1004 1375 1025 eam
1393 996 1564 1036 neutiquam
1584 1007 1685 1028 urere.
1705 999 1763 1030 Co-

938 1039 1035 1078 gnosti
1064 1039 1245 1079 profundum
1276 1040 1469 1080 mysterium;
1499 1041 1601 1079 homo,
1627 1041 1706 1074 inter
1728 1053 1763 1074 ea

937 1093 1001 1123 qua:
1027 1083 1081 1114 sub
1107 1087 1259 1124 aspectum
1289 1084 1489 1124 subjiciuntur
1513 1086 1651 1126 exiguum
1677 1087 1760 1128 quid,

936 1129 1041 1158 umbra
1055 1132 1083 1158 ct
1097 1128 1202 1169 pulvis,
1219 1129 1250 1159 in
1270 1129 1369 1159 medio
1384 1129 1430 1160 sui
1451 1129 1544 1161 Deum
1571 1135 1663 1162 totum
1685 1142 1760 1164 con-

937 1173 1023 1213 tinet,
1040 1182 1057 1203 a
1071 1173 1156 1212 cujus
1172 1173 1263 1218 digito
1294 1174 1405 1214 pendet
1433 1179 1579 1211 creatura,
1611 1179 1641 1206 et
1664 1186 1681 1208 a
1703 1187 1760 1218 quo

936 1217 1060 1258 quilibet
1076 1217 1234 1248 essentiam
1251 1228 1348 1255 suam,
1365 1218 1463 1256 vitam,
1482 1223 1511 1250 et
1527 1224 1639 1252 motum
1656 1217 1757 1253 habet.

936 1263 1019 1293 Mens
1032 1262 1138 1303 omnis,
1162 1262 1272 1300 anima,
1290 1267 1318 1293 et
1335 1263 1412 1294 ratio
1427 1263 1540 1294 ratione
1568 1266 1760 1305 prmditorum

935 1307 972 1337 ab
995 1307 1051 1338 hoc
1067 1312 1111 1338 est
1124 1318 1130 1338 :
1143 1307 1310 1348 eodemque
1335 1308 1424 1338 modo
1445 1308 1566 1348 spiritus
1585 1310 1760 1342 animalium

935 1352 1132 1392 intelligentia
1156 1353 1332 1382 vacantium.
1352 1356 1381 1382 et
1406 1353 1528 1384 omnino
1553 1354 1758 1386 universorum

935 1401 995 1427 tum
1026 1396 1280 1433 ratiocinantium,
1305 1401 1365 1426 tum
1390 1398 1594 1429 tantummodo
1621 1400 1757 1431 sentien-

935 1441 1006 1472 tium
1022 1451 1088 1472 esse
1104 1441 1174 1472 hinc
1190 1445 1301 1472 manat.
1316 1443 1402 1472 Hunc
1415 1441 1540 1479 habens,
1558 1442 1693 1484 quisquis
1709 1445 1758 1476 lia-

933 1485 1026 1522 bebit,
1045 1490 1073 1517 et
1085 1486 1162 1516 intra
1177 1495 1208 1516 se
1225 1491 1357 1525 gestans,
1375 1491 1404 1518 et
1419 1486 1484 1526 ejus
1505 1487 1757 1527 pulchritudinem

933 1535 1084 1572 spectans,
1101 1531 1250 1571 quomodo
1264 1531 1406 1562 desiderii
1419 1532 1570 1562 ﬂammam
1584 1531 1676 1564 feret?
1686 1543 1757 1574 quo-

934 1576 1020 1606 modo
1033 1576 1130 1615 ignem
1152 1576 1262 1606 amoris
1278 1575 1459 1607 sustinebit?
1474 1577 1625 1616 quomodo
1646 1578 1757 1610 calidas

931 1631 947 1652 e
961 1621 1050 1652 corde
1067 1621 1210 1660 lacrymas
1232 1631 1289 1651 non
1313 1620 1458 1652 stillabit?
1481 1621 1630 1662 quomodo
1657 1623 1755 1654 admi-

931 1665 1025 1695 randa
1041 1665 1089 1695 illa
1101 1665 1266 1695 enuntiabit
1277 1665 1292 1694 ?
1308 1666 1457 1705 quomodo
1473 1675 1538 1706 qua:
1553 1666 1583 1697 in
1600 1667 1662 1707 ipso
1681 1668 1756 1699 fiunt

931 1709 1133 1740 enumerabit?
1142 1710 1290 1749 quomodo
1311 1711 1397 1751 plane
1416 1710 1534 1751 tacebit,
1549 1720 1616 1742 cum
1633 1717 1756 1752 cogatur

927 1755 1008 1795 loqui
1020 1755 1032 1785 ’ἰ
1049 1755 1136 1785 Videt
1152 1754 1241 1785 etiam
1263 1764 1331 1786 sese
1356 1755 1385 1786 in
1408 1755 1522 1795 inferis,
1540 1760 1605 1796 post
1620 1757 1753 1788 illustra—

928 1800 1039 1830 tionem
1053 1798 1185 1835 luminis,
1198 1798 1332 1839 inquam.
1348 1800 1465 1831 Etenim
1483 1809 1572 1830 nemo
1589 1799 1629 1830 ibi
1640 1800 1752 1832 seden-

929 1845 1000 1875 tium
1016 1848 1084 1874 ante
1103 1843 1199 1874 divini
1225 1844 1345 1874 luminis
1370 1845 1619 1875 illuminationem
1644 1854 1675 1876 se
1701 1856 1751 1877 co-

928 1889 1064 1928 gnoscit;
1081 1888 1134 1919 sed
1151 1890 1180 1919 in
1197 1888 1365 1927 ignorantia
1384 1889 1530 1929 caliginis,
1557 1899 1618 1930 qua
1637 1889 1752 1922 obsessi

930 1938 1077 1971 tenentur,
1109 1933 1377 1974 corruptionisque,
1401 1939 1429 1965 et
1454 1935 1557 1965 mortis
1582 1943 1750 1967 versantur.

928 1977 1139 2009 Verumtamen
1153 1977 1233 2008 videt
1247 1978 1298 2009 ubi
1314 1979 1405 2019 fulget
1425 1979 1522 2009 anima
1548 1979 1609 2019 illa,
1627 1984 1656 2010 et
1672 1989 1704 2011 se
1718 1981 1750 2012 in

928 2021 1113 2053 densissimis
1139 2022 1281 2059 tenebris,
1306 2028 1336 2054 et
1359 2023 1492 2054 custodia
1516 2023 1663 2054 tutissima
1679 2034 1750 2064 pro-

928 2066 1111 2098 fundissimze
1122 2067 1297 2105 ignorantiae
1312 2071 1399 2098 totam
1416 2077 1481 2098 esse
1497 2067 1647 2106 intelligit.
1668 2068 1751 2100 Tunc

929 2111 1035 2151 cernit,
1057 2110 1107 2141 ubi
1132 2111 1230 2142 clausa
1258 2112 1307 2148 sit,
1331 2112 1428 2142 locum
1452 2116 1546 2142 totum
1577 2112 1653 2142 nihil
1683 2122 1750 2144 esse

929 2161 1036 2196 praeter
1058 2164 1187 2196 caenum,
1214 2155 1448 2194 immundorum,
1476 2160 1702 2195 venenatorum,
1721 2163 1751 2189 et

66 2205 94 2233 in
108 2203 245 2243 lampade
262 2202 380 2243 potest?
396 2205 522 2244 Semper
537 2203 616 2234 enim
629 2203 707 2241 ignis
728 2199 1108 2241 materiamDserpentium
1135 2200 1278 2240 plenum;
1308 2201 1436 2241 seipsam
1465 2210 1533 2232 vero
1560 2201 1689 2240 ligatam,
1721 2206 1751 2233 et

66 2247 174 2288 appetit
189 2257 245 2288 qua
262 2252 407 2288 pascatur.
424 2247 567 2279 Nostrum
597 2251 641 2279 est
669 2252 768 2278 autem
798 2247 884 2286 plane

68 2293 142 2322 hanc
167 2301 342 2332 praeparare,
360 2297 388 2323 et
406 2297 542 2333 prompte
559 2302 614 2323 nos
639 2292 720 2332 ipsos
744 2296 881 2330 tanquam

67 2336 216 2376 lampades
232 2337 384 2374 exhibere,
399 2337 465 2368 oleo
481 2337 633 2378 plenos,id
648 2340 703 2377 est,
716 2335 884 2375 omnigenis

66 2380 218 2411 virtutibus
256 2386 422 2413 exornatos.
456 2382 561 2413 Mentis
597 2391 667 2412 vere
704 2379 882 2421 ellycbnium

66 2429 194 2456 erectum
211 2425 355 2466 proferre,
383 2431 414 2456 ut
437 2426 505 2466 igne
528 2430 709 2463 contactum,
742 2424 881 2465 paulatim

67 2470 209 2500 ﬂammam
223 2470 383 2511 concipiat.
399 2471 447 2502 Sic
461 2481 526 2502 cum
537 2471 573 2501 iis
589 2475 698 2508 manet,
717 2470 767 2510 qui
783 2471 881 2510 ipsum

65 2514 274 2555 acquisierunt.
289 2515 392 2554 Aliter,
419 2525 457 2546 ne
483 2516 549 2556 quis
574 2515 631 2546 sibi
654 2515 790 2546 fraudem
820 2513 880 2553 det,

67 2568 122 2590 non
134 2559 260 2597 videtur,
278 2569 337 2590 non
354 2564 484 2598 tenetur,
503 2570 560 2590 non
575 2560 731 2591 cohibetur
751 2558 876 2599 penitus.

65 2603 113 2635 Est
126 2604 301 2645 enim,quod
315 2606 474 2636 memoravi
485 2610 675 2646 supra,extra
688 2605 764 2635 hanc
780 2613 881 2634 rerum

67 2653 208 2687 naturam,
222 2653 250 2680 et
260 2649 299 2680 ita
311 2654 425 2689 capitur
438 2651 548 2681 unione
568 2649 722 2687 ineffabili,
736 2652 767 2679 ut
783 2655 882 2678 tamen

66 2693 126 2734 capi
141 2700 268 2734 nequeat
284 2704 290 2726 :
310 2694 506 2736 similiterque
521 2694 803 2733 circumscrrihilur,
827 2702 881 2724 nec

67 2741 158 2769 tamen
173 2739 438 2770 circumscribitur.

103 2783 168 2814 Haec
181 2793 269 2824 porro
284 2784 456 2825 neutiquam
473 2784 676 2824 sermonibus,
694 2792 747 2814 nec
767 2782 879 2821 cogita-

66 2828 191 2863 tionibus
202 2828 362 2870 investiga:
376 2830 429 2862 sed
440 2830 539 2870 ignem
562 2838 650 2870 posce
665 2828 814 2869 accipere,
831 2826 882 2867 qui

220 2896 352 2928 PATROL-
367 2896 421 2928 Gn.
437 2897 522 2929 CXX.

923 2244 1049 2276 vinculis
1061 2245 1250 2275 conslrictam
1264 2255 1368 2276 manus
1379 2250 1408 2276 et
1419 2246 1520 2285 pedes,
1535 2245 1747 2286 etsqualidam,

925 2293 955 2321 et
969 2289 1130 2326 sordidam,
1149 2293 1176 2319 et
1192 2295 1366 2329 serpentum
1389 2290 1478 2321 simul
1504 2290 1653 2320 morsibus
1678 2300 1748 2321 sau—

925 2336 1012 2375 ciam,
1031 2339 1059 2365 et
1085 2338 1200 2373 gestare
1225 2345 1256 2366 se
1279 2345 1403 2367 carnem
1431 2345 1514 2366 suam
1546 2336 1746 2374 tumefactam,

925 2384 1147 2419 scatentemque
1157 2380 1320 2411 vermibus.
1339 2380 1407 2411 Haec
1424 2381 1473 2421 qui
1489 2379 1578 2420 videt,
1599 2381 1749 2420 quomodo

923 2435 983 2457 non
1000 2424 1205 2456 exhorrescet?
1215 2425 1363 2465 quomodo
1375 2435 1433 2456 non
1445 2424 1588 2465 plorabit?
1599 2425 1748 2465 quomodo

924 2480 983 2502 non
1007 2468 1156 2506 clamabit,
1185 2473 1213 2500 et
1233 2470 1382 2501 ferventer
1411 2469 1586 2510 paenitebit,
1616 2473 1704 2510 atque
1731 2479 1749 2501 a

925 2513 1087 2546 teterrimis
1103 2513 1228 2544 vinculis
1245 2518 1276 2544 ut
1291 2515 1435 2546 liberetur
1459 2514 1598 2553 rogabit?
1614 2515 1748 2546 Profecto

923 2559 1092 2600 quicunque
1119 2558 1181 2588 haec
1211 2568 1279 2590 vere
1304 2559 1421 2600 viderit,
1446 2563 1474 2590 et
1496 2559 1689 2599 ingemiscet,
1720 2563 1749 2591 et

923 2602 1143 2639 lamentabitur,
1167 2607 1195 2634 et
1218 2613 1284 2634 cum
1311 2613 1345 2634 eo
1371 2604 1421 2644 qui
1445 2604 1546 2634 lumen
1568 2603 1654 2641 fudit,
1679 2613 1747 2635 cum

923 2649 1053 2683 Christo,
1070 2648 1201 2688 inquam,
1219 2658 1284 2679 esse
1300 2648 1387 2680 volet.

964 2694 1033 2724 Haac
1047 2692 1147 2732 itaque
1157 2693 1284 2724 faciente
1295 2703 1352 2731 me,
1367 2702 1433 2734 quae
1449 2693 1520 2732 dixi,
1546 2697 1574 2723 et
1597 2693 1628 2723 in
1652 2702 1749 2732 genua

922 2742 991 2769 ante
1007 2737 1196 2776 etl'ulgentem
1208 2738 1333 2768 cadente
1345 2737 1451 2777 (probe
1472 2737 1545 2767 mihi
1565 2747 1631 2777 qum
1650 2738 1746 2768 dicam

923 2782 1089 2819 considera)
1106 2782 1199 2821 tangit
1211 2782 1260 2813 ille
1277 2783 1424 2819 manibus,
1436 2783 1569 2818 vulni-ra,
1587 2786 1616 2813 et
1630 2782 1747 2813 vincula

924 2838 1002 2859 mea.
1019 2827 1115 2866 Atque
1131 2826 1182 2856 ubi
1197 2836 1300 2857 manus
1316 2836 1364 2857 me
1380 2827 1480 2867 tangit,
1495 2830 1545 2857 aut
1569 2826 1677 2867 digitus
1691 2827 1747 2858 ad-

1513 2895 1548 2926 18
