1978 3078
227 181 286 214 555
878 185 1070 217 SYMEONIS
1090 185 1264 216 JUNIORIS
1860 182 1922 215 556

226 257 369 289 movetur,
387 252 483 283 statim
498 257 677 292 rumpuntur
693 252 819 289 vincula,
835 261 951 284 vermes
965 261 1046 283 emo-
1057 261 1078 279 Α
1090 251 1191 282 cisset.
1206 251 1263 282 Sed
1277 251 1400 291 privatio
1412 251 1476 290 ejus
1490 252 1624 283 omnium
1642 252 1747 283 horum
1769 251 1921 282 honorum

225 296 354 335 riuntur,
369 306 429 328 orae
443 297 601 327 vulnerum
617 297 647 327 in
664 307 756 328 unum
773 297 974 332 attrahuntur,
993 296 1047 327 de—
1091 295 1269 326 oblivionem
1298 296 1371 327 mihi
1399 296 1552 333 afferebat,
1577 301 1608 327 ut
1633 306 1680 327 me
1705 300 1854 336 egentem,
1886 305 1921 326 ac

225 341 328 372 cidunt
342 341 456 380 sordes,
474 346 503 372 et
524 341 606 372 labes
621 342 718 373 carnis
734 351 819 376 meae.
838 342 870 372 fit
885 341 1049 373 contractio
1092 342 1262 374 destitutum
1279 347 1425 383 putarem.
1442 342 1538 378 Quare
1554 347 1584 373 ut
1598 343 1696 374 adhuc
1708 343 1861 374 veteribus
1874 343 1920 372 in-

225 385 255 416 in
272 386 440 418 cicatricem
457 390 583 427 repente
598 391 688 425 tanta,
706 390 736 417 ut
751 396 786 418 eo
803 387 833 417 in
849 387 913 417 loco
929 385 1049 417 cicatrix
1093 387 1219 424 volutus,
1236 387 1320 418 malis
1333 387 1499 425 cruciabar,
1517 388 1686 428 sedensque
1701 388 1731 418 in
1753 388 1853 418 medio
1871 392 1918 417 ta-

225 431 347 461 omnino
365 431 445 462 nulla
459 435 608 472 appareat,
627 432 678 462 sed
701 432 726 462 is
743 431 839 471 potius
865 431 1004 462 similiter
1018 435 1052 460 ut
1092 431 1265 472 bernaculo,
1283 432 1361 463 velut
1376 432 1406 463 in
1427 432 1617 470 domuncula,
1642 437 1691 464 aut
1717 433 1746 464 in
1771 442 1840 463 vase
1866 433 1916 462 in-

223 475 322 506 divina
339 485 444 506 manus
460 485 600 507 coruscus
617 476 756 508 efﬁcitur.
776 477 848 506 Mira
864 480 893 507 et
908 485 986 508 nova
997 484 1045 505 res

224 528 293 550 caro
304 529 381 551 mea.
395 519 531 551 Essentia
545 520 652 551 animae
674 530 758 560 meae,
775 521 834 551 imo
860 524 890 551 et
914 519 1046 560 corporis

224 564 283 594 mei
294 563 422 594 divinam
437 570 572 594 assecuta
594 564 730 603 gloriam,
747 565 891 604 fulgorem
908 563 984 604 jacit
998 563 1046 593 di-

222 607 454 640 vinum.Videns
464 609 519 640 hoc
531 609 558 639 in
568 613 649 649 parte
657 609 792 650 corporis
801 609 857 640 mei
870 608 1043 649 perfectum,

222 652 371 693 quomodo
401 663 459 684 non
480 653 669 692 desiderabo,
703 659 730 684 et
757 654 924 694 supplicalo
955 656 1045 683 totum

222 707 331 738 corpus
347 707 446 729 meum
462 707 479 728 a
493 698 577 729 malis
592 699 722 737 liberari,
742 698 939 738 similiterque
965 698 1046 727 sani--

223 746 328 779 tatem,
340 743 459 782 qualem
467 742 538 780 dixi,
553 747 581 773 et
593 743 713 782 gloriam
724 742 865 783 assequi?
875 742 987 773 Tamen
1003 741 1046 772 sic

224 796 273 817 me
284 786 422 824 faciente,
437 787 496 818 imo
508 787 595 818 etiam
609 787 780 825 ferventius,
799 792 827 818 et
843 786 1047 827 obstupefaclo

224 832 417 872 proportione
442 832 665 871 miraculorum,
688 833 782 863 bonus
801 832 943 862 Dominus
969 834 1048 861 mota

224 885 314 907 manu
339 887 391 908 sua
416 877 531 917 reliqua
561 878 694 917 corporis
724 877 783 907 mei
808 876 885 912 obit;
903 879 932 907 et
957 884 1047 906 cerno

1088 477 1197 512 clusus,
1221 477 1341 514 flebam,
1374 477 1557 508 lamentabar
1579 479 1783 514 vehementer,
1794 486 1918 517 prorsus

1088 521 1166 552 foras
1194 531 1251 551 non
1278 521 1460 561 propiciens.
1482 522 1680 563 Requirebam
1706 523 1788 553 enim
1815 522 1915 557 illum,

1088 566 1171 596 illum
1185 576 1271 606 quem
1285 565 1800 607 desiderabam,quemamavi,cujus
1813 567 1917 597 (οι-[ηερ

1090 611 1236 649 elegantia
1248 611 1418 641 vulneratus
1445 620 1521 642 sum.
1544 611 1741 652 Incendebar,
1758 611 1818 642 ard,
1831 611 1914 647 bam,

1088 659 1166 685 totus
1186 655 1376 694 ignescebam
1417 654 1467 687 Sic
1496 665 1566 695 ergo
1598 666 1643 686 me
1669 657 1838 693 viventem,
1873 655 1916 685 sic

1088 700 1309 739 lacrymantem,
1321 699 1592 740 tabescentemque,
1609 705 1638 731 et
1655 701 1798 732 atrociter
1810 700 1916 739 flagel-

1088 745 1190 782 latum,
1207 749 1237 776 et
1255 754 1314 785 prie
1330 745 1432 776 dolore
1449 745 1670 784 vociferantem,
1689 746 1825 777 exaudito
1852 745 1916 775 cla-

1089 798 1171 819 more
1188 798 1252 819 meo
1270 789 1455 829 prospiciens
1475 789 1511 819 ab
1537 790 1695 830 immensa,
1718 795 1747 821 et
1774 790 1916 829 inconje-

1089 833 1224 864 cturabili
1242 834 1409 870 altitudine,
1427 843 1494 864 cum
1507 844 1554 864 me
1566 835 1699 872 vidisset,
1719 835 1870 872 misertus,
1889 839 1916 865 et

1090 888 1143 918 pro
1168 879 1297 908 humano
1322 882 1408 918 captu
1433 878 1527 909 videri
1549 888 1666 910 rursum
1693 880 1830 918 dignatus
1857 883 1914 915 est,

223 921 298 960 haec,
314 931 349 952 eo
365 931 422 962 quo
438 922 554 953 narravi
576 921 675 959 modo,
703 926 836 962 purgata,
864 925 893 952 et
916 920 1045 950 divinam
1056 920 1076 944 Β
1088 923 1138 963 qui
1154 927 1197 954 est
1212 923 1351 953 omnibus
1365 922 1664 962 inaspectabilis.Quo
1672 928 1915 964 conspecto,per-

222 966 328 997 induta
353 966 488 1005 gloriam.
508 966 571 998 Mox
595 966 684 1006 igitur
713 970 848 1006 purgato,
866 970 894 996 et
921 964 1046 995 vinculis

224 1011 360 1048 liberato,
385 1011 514 1041 divinam
537 1011 610 1042 mihi
634 1020 753 1042 manum
779 1010 912 1051 porrigit,
930 1019 946 1041 e
963 1017 1047 1039 coeno

224 1065 273 1087 me
287 1056 384 1094 erigit,
403 1065 450 1087 me
461 1056 681 1096 complectitur,
697 1060 727 1086 et
742 1056 820 1087 cadit
834 1064 924 1095 super
939 1053 1045 1084 collum

224 1110 323 1131 meum
350 1100 420 1141 (heu
448 1110 495 1131 me
514 1101 565 1140 qui
594 1100 674 1132 istwc
698 1098 884 1136 suslinebo?)
898 1102 927 1129 et
942 1097 1048 1129 crebro

223 1145 374 1177 osculatur
389 1155 448 1176 me.
462 1145 616 1176 Defectum
631 1149 730 1176 autem
743 1154 791 1176 me
804 1144 932 1185 penitus,
946 1146 972 1173 et
985 1142 1045 1182 jam

221 1191 299 1222 vires
327 1190 523 1230 recipientem
551 1191 653 1231 (proh!
675 1190 824 1231 quomodo
851 1189 914 1220 hac
941 1187 1048 1218 litteris

223 1234 444 1274 committam?)
464 1235 539 1265 tollit
554 1244 603 1265 me
627 1235 656 1266 in
678 1235 821 1266 humeros
845 1243 924 1271 suos,
940 1242 957 1263 ο
974 1232 1046 1263 cha-

223 1280 306 1318 ritas,
323 1289 339 1310 ο
353 1279 482 1317 bonitas,
500 1283 529 1310 et
546 1279 582 1310 ab
597 1280 713 1317 inferis,
738 1288 893 1319 emnoque,
918 1281 946 1308 et
972 1277 1045 1308 cali-

223 1325 291 1365 gine
303 1324 453 1363 eductum,
471 1324 586 1355 inducit
600 1334 646 1355 me
661 1325 691 1355 in
708 1325 798 1355 alium
814 1324 875 1354 sive
891 1321 1044 1357 mundum,

224 1369 286 1400 sive
301 1378 414 1409 aerem,
431 1379 497 1399 nam
521 1370 639 1409 penitus
653 1379 715 1400 rem
739 1369 823 1400 effari
840 1376 974 1408 nequeo;
990 1366 1047 1396 hoc

1089 968 1186 999 culsus
1207 977 1272 998 sum
1295 976 1347 1006 ego
1368 967 1397 997 in
1417 967 1569 998 domicilio
1589 968 1731 1009 inclusus,
1750 973 1779 999 et
1794 968 1824 998 in
1847 977 1916 998 vase

1089 1013 1258 1049 conclusus,
1275 1016 1304 1042 et
1316 1013 1345 1042 in
1362 1012 1460 1042 medio
1478 1012 1914 1053 tenebrarum,coeli,inquam,

1089 1067 1122 1088 ac
1140 1063 1224 1088 terrae
1235 1057 1344 1088 medio.
1357 1056 1415 1086 Res
1428 1056 1506 1086 enim
1522 1056 1680 1088 sensibiles
1695 1057 1812 1098 appello
1829 1062 1916 1088 tene-

1091 1103 1169 1139 bras,
1182 1101 1320 1132 omnihus
1334 1100 1514 1136 hominibus,
1533 1106 1562 1132 et
1584 1111 1687 1132 eorum
1708 1102 1815 1132 animis
1841 1111 1914 1132 sen-

1088 1146 1224 1177 sibilibus
1235 1155 1302 1177 sese
1310 1145 1546 1176 immiscentibus
1560 1147 1742 1186 superfusas.
1752 1148 1784 1178 In
1793 1146 1914 1187 quibus,

1088 1191 1119 1221 in
1135 1190 1335 1227 sensibilibus,
1353 1191 1486 1230 inquam,
1504 1191 1662 1229 haerentes,
1681 1196 1858 1231 premuntur
1879 1191 1915 1222 ab

1089 1236 1136 1276 iis,
1155 1240 1183 1266 et
1199 1235 1394 1266 obscurantur
1411 1235 1517 1265 mirum
1531 1235 1560 1265 in
1578 1235 1711 1267 modum.

1129 1281 1273 1312 Caeterum
1285 1280 1314 1310 in
1327 1279 1372 1310 his
1383 1289 1448 1310 cum
1461 1289 1569 1318 essem,
1583 1280 1640 1310 vidi
1652 1280 1751 1311 animo
1764 1280 1815 1320 qui
1831 1281 1914 1320 prius

1089 1329 1162 1363 erat,
1181 1330 1210 1355 et
1224 1334 1302 1355 nunc
1319 1328 1362 1355 est
1373 1328 1453 1354 extra
1465 1324 1563 1355 omnia
1578 1335 1583 1356 :
1596 1334 1720 1365 sumque
1732 1325 1911 1362 admiratus,

1088 1370 1178 1400 crede
1195 1369 1279 1409 mihi,
1293 1374 1321 1400 et
1336 1369 1486 1408 obstupui,
1499 1369 1595 1406 timui,
1605 1370 1746 1408 etgaudio
1755 1370 1912 1400 exsultavi.

225 1416 290 1445 novi
304 1418 427 1451 tantum,
446 1423 493 1445 me
510 1415 635 1454 portari,
648 1418 678 1446 et
689 1414 861 1445 contineria
876 1411 1000 1451 lumine,
1018 1414 1048 1442 et
1088 1413 1913 1454 Consideransquemiraculumquomodo,quinihilcum

224 1459 260 1489 ad
278 1468 415 1498 magnum
433 1458 533 1489 lumen
549 1459 661 1496 induci,
679 1459 764 1499 cujus
783 1457 1046 1489 admirabilitatem
1088 1468 1188 1489 rerum
1204 1463 1306 1489 natura
1317 1468 1475 1489 commune
1486 1458 1584 1496 habet,
1602 1463 1630 1489 et
1643 1463 1686 1490 est
1703 1463 1783 1489 extra
1800 1459 1912 1491 omnia.

223 1503 388 1542 ingentem,
407 1512 444 1533 ne
460 1503 557 1541 angeli
573 1503 693 1543 quidem
708 1502 842 1539 omnino,
859 1505 892 1532 ut
903 1500 1045 1547 arbitror,
1058 1522 1077 1547 ο
1090 1503 1127 1533 sit
1143 1507 1241 1534 tamen
1256 1503 1287 1533 in
1302 1502 1450 1540 omnibus,
1469 1502 1554 1533 video
1582 1503 1659 1534 solas
1681 1503 1829 1534 videntem
1855 1513 1913 1540 me,

223 1548 303 1578 inter
319 1556 351 1578 se
365 1547 520 1578 declarare
536 1551 685 1587 poterunt.
705 1547 776 1579 Cum
790 1548 851 1587 jam
864 1554 959 1577 essem
974 1543 1047 1583 illic,
1061 1543 1077 1547 “
1091 1547 1227 1578 nesciens
1240 1547 1289 1578 ubi
1304 1547 1353 1584 sit,
1366 1551 1506 1587 quantus,
1524 1547 1702 1587 cujusmodi,
1723 1552 1752 1578 ει
1765 1547 1861 1587 qualis
1878 1548 1916 1578 δη

225 1593 282 1624 alia
297 1592 371 1622 mihi
385 1592 590 1632 ostenditquaa
603 1592 632 1623 in
650 1592 774 1629 lumine,
791 1596 872 1632 puta,
890 1590 934 1621 vel
953 1588 1049 1629 potius
1091 1591 1498 1632 quemvideo,autquomodo
1510 1591 1690 1630 videam,aut
1705 1592 1776 1632 quid
1787 1592 1915 1624 videam.

224 1647 291 1678 quae
307 1647 342 1668 ex
357 1635 596 1667 lumine.Novam
620 1637 862 1668 reformationem
879 1634 960 1666 dedit
978 1632 1051 1665 mihi
1091 1636 1202 1667 Tamen
1216 1637 1321 1668 videns
1342 1646 1408 1676 quae
1432 1635 1502 1672 vidi,
1526 1636 1682 1674 lamentor,
1708 1637 1778 1677 quia
1793 1637 1913 1668 modum

224 1683 406 1722 intelligere,
419 1690 476 1721 qua
489 1681 552 1720 ipse
568 1681 748 1722 reformavit,
766 1685 794 1712 et
808 1680 906 1711 denuo
923 1678 1051 1723 ﬁnxit,el
1092 1683 1170 1713 hunc
1186 1691 1366 1722 cognoscere
1382 1691 1509 1722 nequeo,
1522 1686 1551 1712 et
1567 1692 1753 1722 nequaquam
1769 1682 1912 1723 cogitare,

225 1739 242 1761 τι
257 1721 662 1766 corruptioneliberavitme,
674 1730 845 1763 etamorle,
859 1723 935 1765 quod
956 1721 1047 1761 sensi,
1090 1732 1139 1758 aut
1162 1721 1261 1766 aliqua
1284 1736 1319 1758 ex
1351 1721 1438 1766 parte
1461 1721 1640 1766 prospicere,
1671 1721 1727 1767 quo
1754 1731 1838 1767 pacto
1865 1721 1914 1758 me

226 1778 319 1805 totum
342 1771 478 1808 absolvit,
491 1770 638 1811 vitamque
660 1770 857 1801 immortalem
873 1767 1000 1804 donavit,
1020 1769 1049 1796 et
1088 1772 1195 1809 videat,
1208 1781 1296 1812 quem
1311 1781 1364 1811 ego
1379 1771 1475 1802 video,
1574 1781 1692 1802 rursum
1718 1772 1798 1802 hunc
1817 1776 1911 1803 totum

226 1828 244 1850 ει
258 1816 369 1849 mundo
382 1816 437 1847 isto
449 1815 592 1856 perituro,
605 1820 633 1846 et
643 1815 689 1846 his
702 1825 765 1856 quae
785 1815 849 1855 ipse
869 1813 900 1843 in
920 1822 956 1843 eo
979 1814 1048 1842 sunt
1088 1817 1166 1847 intra
1182 1817 1301 1847 domum
1318 1825 1424 1852 meam,
1434 1815 1551 1846 etinlra
1561 1816 1615 1846 hoc
1626 1825 1674 1846 vas
1684 1820 1808 1855 repente
1818 1818 1912 1847 exsti-

224 1863 361 1895 omnibus
374 1863 422 1891 me
433 1860 638 1900 sequestravit,
656 1861 788 1900 stolaque
805 1869 863 1890 non
888 1856 1046 1892 materiali,

225 1914 255 1942 et
271 1907 369 1938 lucida
379 1904 494 1936 vestivit
510 1914 568 1935 me.
585 1905 702 1935 lnduxit
716 1905 787 1936 item
804 1904 931 1939 calceos,
948 1911 1046 1933 annn-

223 1955 298 1990 lum,
316 1956 344 1983 et
358 1959 509 1986 coronam,
523 1949 711 1987 immortalia,
729 1949 922 1989 sempiterna,
945 1946 1047 1976 omnia

225 2008 302 2029 nova
311 1997 347 2028 ab
359 1996 405 2026 his
416 2004 482 2035 quae
492 1993 540 2024 hic
553 1999 724 2026 cernuntur.
744 1994 826 2025 Fecit
847 2002 905 2032 me,
927 2002 943 2022 ο
959 1991 1046 2021 novi~

223 2047 325 2078 tatem,
338 2039 511 2075 intactilem,
528 2039 763 2079 impalpabilem,
781 2048 834 2069 nec
853 2047 910 2068 non
939 2035 1045 2066 invisi-

223 2088 326 2124 bilcm,
345 2085 537 2125 conjunctum
553 2084 598 2114 his
614 2093 678 2125 quae
702 2083 756 2114 sub
779 2082 898 2114 videndi
924 2089 1044 2111 sensum

223 2142 283 2163 non
295 2131 413 2163 cadunt.

263 2177 421 2216 Postquam
438 2183 484 2204 me
499 2173 554 2204 isto
569 2173 668 2211 modo,
683 2178 711 2204 et
722 2173 810 2204 talem
823 2172 892 2203 fecit
903 2170 1045 2202 Conditor

1090 1862 1174 1899 tisse,
1186 1870 1292 1901 meque
1304 1860 1558 1891 sibiincﬂ‘abiliter
1573 1860 1714 1900 univisse,
1729 1861 1915 1891 inenarrabi-

1089 1907 1158 1938 liter
1168 1907 1371 1946 copulasse,et
1383 1906 1455 1936 citra
1472 1905 1639 1936 mistionem
1662 1906 1747 1946 mihi,
1761 1910 1792 1936 ut
1812 1906 1912 1945 ignem

1087 1950 1178 1989 ferro,
1192 1951 1331 1981 utlucem
1348 1950 1421 1980 vitro
1437 1951 1558 1980 missum
1576 1959 1652 1980 esse.
1666 1949 1700 1980 Et
1712 1950 1842 1980 reddidit
1865 1960 1914 1982 me

1087 1995 1158 2035 igni,
1175 1995 1304 2026 reddidit
1315 1995 1388 2025 vitro
1404 1994 1543 2032 similem,
1562 1994 1700 2035 evasique
1727 1994 1810 2031 illud,
1828 1995 1912 2034 quod

1087 2045 1172 2071 antea
1187 2040 1333 2079 videbam,
1346 2043 1374 2070 et
1390 2039 1490 2079 procul
1505 2039 1696 2078 aspiciebam,
1713 2043 1742 2069 et
1757 2049 1813 2079 quo
1826 2043 1913 2079 pacto

1087 2084 1293 2116 admirabilem
1315 2084 1397 2114 illum
1423 2083 1544 2113 modum
1561 2083 1613 2114 tibi
1629 2084 1798 2124 explanem,
1822 2083 1915 2114 verba

1087 2139 1147 2160 non
1162 2129 1291 2170 reperio;
1302 2138 1356 2159 nec
1372 2129 1450 2159 enim
1465 2128 1544 2168 potui
1562 2137 1753 2168 cognoscere,
1766 2136 1821 2159 nec
1834 2137 1913 2159 nunc

1087 2184 1208 2214 prorsus
1235 2183 1397 2213 cognosco,
1427 2173 1575 2213 quomodo
1607 2173 1636 2203 in
1669 2183 1714 2203 me
1745 2173 1911 2212 ingressus,

225 2233 321 2262 meus,
344 2223 374 2253 in
395 2221 618 2252 tabernaculum
645 2220 797 2257 sensibile,
818 2223 847 2250 et
867 2226 1043 2258 corporeum
1057 2219 1236 2262 “quomodo
1253 2228 1368 2249 mecum
1385 2217 1484 2248 unitus
1495 2217 1543 2248 sit.
1558 2217 1663 2248 Unitus
1681 2226 1768 2258 porro
1780 2227 1845 2262 cum
1859 2227 1907 2254 eo,

222 2252 398 2304 intro—duim,
417 2270 446 2297 et
468 2266 497 2296 in
513 2275 547 2296 eo
569 2265 699 2303 inclusit,
717 2252 973 2302 munitionemque
989 2262 1044 2292 ad-
1057 2252 1235 2304 unomodo
1249 2262 1401 2303 explicabo
1417 2262 1480 2299 tibi,
1500 2262 1565 2302 quis
1577 2261 1638 2299 ille,
1650 2252 1700 2302 qui
1717 2261 1801 2298 mihi,
1819 2266 1848 2292 et
1864 2252 1915 2292 cui

221 2322 339 2344 versum
355 2320 409 2342 me
428 2310 573 2347 adhibuit,
601 2310 820 2350 deductumque
847 2309 877 2339 in
902 2307 1045 2338 mundum
1085 2308 1215 2338 vicissim
1235 2317 1288 2347 ego
1310 2308 1410 2338 unitus
1436 2307 1515 2337 sim?
1536 2306 1660 2343 Horreo,
1684 2311 1712 2337 et
1737 2311 1850 2343 metuo,
1874 2316 1913 2337 ne

222 2367 311 2398 quem
328 2356 485 2393 sentimus,
504 2359 533 2386 et
546 2355 718 2396 aspicimus,
732 2355 821 2394 jussit
836 2363 954 2384 rursum
967 2352 997 2382 in
1009 2362 1044 2383 eo
1086 2353 1171 2391 forte,
1184 2353 1209 2383 si
1233 2352 1349 2398 dixero,
1376 2356 1409 2398 tu
1427 2361 1486 2382 non
1499 2351 1617 2398 credas,
1637 2355 1673 2398 _et
1695 2360 1730 2398 ea
1744 2350 1912 2390 ignorantia

221 2404 311 2434 vitam
330 2409 504 2442 propagare.
516 2400 551 2431 Et
565 2409 631 2431 cum
645 2399 813 2431 mandasset
833 2398 905 2429 mihi
921 2406 1044 2442 consue-

222 2441 356 2479 tudinem
369 2446 553 2477 haberecum
565 2445 603 2476 iis
615 2445 828 2485 quiversantur
847 2444 877 2474 in
898 2441 1041 2478 tenebris,

221 2493 410 2523 liberatuma
424 2489 566 2525 tenebris,
586 2494 614 2520 el
628 2489 741 2520 includi
762 2499 827 2519 cum
845 2488 914 2525 illis,
940 2487 991 2527 qui
1013 2486 1043 2516 in

221 2546 305 2568 coeno
322 2535 466 2571 habitant,
483 2534 527 2564 vel
543 2533 640 2574 potius
655 2534 774 2571 docere,
797 2533 831 2564 ad
847 2532 1040 2572 agnitionem,

220 2581 329 2622 quibus
344 2579 476 2619 undique
497 2578 593 2609 affecti
609 2582 677 2609 sunt
690 2579 856 2618 vulnerum,
884 2581 912 2608 et
935 2576 1042 2622 quibus

219 2621 390 2657 detinentur
405 2623 603 2660 vinculorum,
619 2632 669 2654 eos
683 2622 868 2663 perducere:
886 2631 952 2652 cum
967 2621 1039 2658 haec,

217 2671 351 2712 inquam,
367 2668 549 2706 mandasset,
569 2667 667 2699 abivit.
692 2667 824 2698 Relictus
846 2666 935 2706 igitur
961 2665 1042 2696 solus

217 2716 247 2747 in
276 2714 426 2757 prioribus
452 2713 597 2750 tenebris,
624 2722 684 2743 non
708 2712 750 2757 fui
778 2715 1041 2757 contentusL-quze

218 2754 293 2791 mihi
314 2760 422 2792 donata
444 2762 512 2790 ante
533 2756 692 2788 memoravi
717 2756 804 2788 bonis
827 2754 1038 2792 ineffabilibus,

217 2814 287 2836 cum
312 2814 359 2835 me
383 2809 478 2836 totum
502 2805 689 2839 renovasset,
720 2805 811 2832 totum
840 2799 1039 2831 immortalem

218 2849 425 2891 reddidissset,
444 2853 534 2880 totum
551 2847 730 2884 deificasset,
749 2849 777 2877 et
800 2844 947 2877 Christum
964 2844 1038 2875 eﬂ‘e-

1085 2397 1184 2438 lapsus
1199 2397 1228 2427 in
1245 2396 1471 2437 blasphemiam,
1495 2396 1586 2426 frater
1605 2396 1656 2433 mi,
1674 2395 1803 2426 animam
1827 2399 1910 2426 tuam

1085 2443 1204 2482 perdas.
1217 2442 1325 2471 Verum
1336 2451 1423 2481 quem
1441 2450 1487 2471 me
1504 2450 1570 2471 cum
1586 2440 1636 2471 illo
1653 2440 1767 2470 unitum
1783 2439 1913 2470 vocabo?

1083 2489 1301 2524 Deum,natura
1315 2485 1632 2526 geminum,hypostasi
1647 2494 1750 2521 unum,
1760 2484 1909 2524 duplicem

1085 2531 1163 2562 enim
1182 2540 1228 2561 me
1245 2531 1324 2568 fecit,
1340 2536 1380 2568 et,
1393 2535 1424 2561 ut
1436 2531 1534 2562 cernis
1553 2530 1640 2561 etiam
1658 2529 1810 2569 geminum
1836 2529 1910 2560 mihi

1084 2585 1192 2606 nomen
1208 2575 1327 2606 indidit.
1343 2575 1386 2606 En
1403 2575 1637 2613 distinctionem,
1660 2575 1749 2605 homo
1770 2583 1834 2604 sum
1851 2583 1907 2605 na-

1084 2625 1159 2657 tura,
1181 2622 1261 2652 Deus
1283 2621 1385 2660 gratia.
1411 2620 1486 2651 Vide
1509 2620 1625 2660 qualem
1653 2619 1779 2659 gratiam
1795 2618 1905 2656 dieam,

1082 2665 1224 2696 unionem
1248 2665 1362 2696 scilicet
1384 2675 1450 2696 cum
1476 2665 1537 2703 illo,
1562 2664 1757 2701 sensibililer,
1775 2667 1803 2694 et
1818 2663 1910 2694 intel-

1082 2710 1258 2745 lectualiter,
1283 2710 1477 2750 spiritualiter
1500 2713 1529 2740 et
1552 2708 1764 2740 essentialiter.
1785 2707 1908 2739 Intelle-

1082 2754 1207 2785 ctualem
1224 2753 1345 2794 quidem
1356 2754 1497 2786 unionem
1521 2754 1644 2795 exposui
1669 2753 1723 2785 tibi
1738 2753 1860 2784 diverse
1876 2763 1910 2785 ac

1081 2799 1168 2831 variis
1194 2799 1313 2830 modis:
1333 2799 1508 2831 sensibilem
1526 2805 1625 2831 autem
1651 2799 1699 2830 aio
1727 2807 1793 2829 esse
1816 2797 1909 2838 illam,

1081 2853 1147 2886 quae
1161 2844 1192 2875 in
1204 2844 1344 2885 mysterio
1366 2845 1519 2885 contingit.
1539 2845 1685 2884 Purgatus
1707 2842 1785 2874 enim
1811 2844 1908 2884 paeni-
