1978 3078
69 175 134 207 557

643 177 861 211 DIVINORUM
884 175 1046 208 AMORUM
1072 178 1195 209 LIBER.

1707 186 1764 218 558

64 241 218 278 tentia,et
230 241 896 284 fluentislacrymarum,etdeificaticorporis,
909 246 929 270 Α
941 242 1179 284 quandoquidem
1198 245 1330 277 nondum
1354 247 1394 278 ita
1415 252 1536 280 tenuata
1547 253 1603 286 est,
1621 254 1652 280 ut
1666 252 1763 283 statim

64 290 98 316 ut
117 285 182 323 Dei,
199 286 292 317 factus
308 287 456 328 particeps
477 287 508 318 in
534 297 617 318 sacra
638 288 824 319 Eucharistia
846 286 893 317 ni-

63 330 191 369 mirum,
219 341 272 370 ego
299 341 417 372 quoque
443 332 586 363 ineffabili
608 333 718 363 unione
739 333 816 363 Deus
843 332 891 362 fio.

63 375 142 406 Vide
157 380 185 406 et
201 376 326 406 observa
338 377 520 416 mysterium.
531 377 638 408 Anima
648 377 738 416 igitur
748 382 777 408 et
787 385 894 417 corpus

65 418 112 458 (ut
140 421 243 451 eadem
270 420 412 451 iterenms
451 431 486 452 ex
520 421 687 452 incredibili
723 422 835 459 laetitia)
864 421 894 451 in

63 463 184 494 duabus
207 465 382 496 substantiis
403 475 492 496 unum
519 470 597 497 sunt.
624 466 693 497 Haec
713 467 811 506 itaque
827 475 892 496 cum

63 517 160 538 unum
179 508 238 539 sint
254 513 281 539 et
295 509 365 548 duo,
385 509 434 540 ubi
451 519 557 550 corpus
573 510 684 542 Christi
699 511 891 551 sumpserint,

63 557 94 584 et
111 554 178 593 ejus
199 554 371 593 sanguinem
390 553 532 592 biberint,
549 555 692 586 ambabus
707 555 891 592 substantiis,

63 601 94 628 et
110 599 224 628 naturis
241 599 320 629 unita
338 600 398 630 Deo
412 609 488 639 meo,
508 600 645 631 similiter
670 600 892 640 participatione

63 641 194 681 quadam
212 642 290 673 Deus
309 644 390 683 tiunt,
405 652 550 683 vocorque
567 648 595 674 et
610 644 740 675 honoror
755 645 819 684 ejus
835 655 890 675 no-

63 686 160 725 mine,
174 697 258 726 cujns
274 687 508 718 substantialiter
524 689 668 729 particeps
680 689 801 720 effectus
812 699 889 720 sum.

64 731 164 762 Dicite
189 732 290 772 igitur,
308 733 457 772 quomodo
480 732 580 773 carbo,
607 738 636 764 et
663 733 772 764 ferrum
796 738 889 764 atrum

62 775 161 815 ignita
176 776 254 815 ignis
267 777 423 808 videntur?
432 777 514 812 Quod
530 783 683 818 apparent,
697 778 726 808 id
739 783 888 810 vocentur:

62 820 144 859 ignis
158 826 311 861 apparent,
332 822 404 861 ignis
433 822 635 853 nominentur.
653 823 683 853 Si
709 827 738 854 tu
764 827 791 853 te
807 823 889 863 ejus-

937 287 1126 319 accendatur.
1141 288 1196 319 Ubi
1217 294 1314 321 autem
1343 291 1472 322 divinum
1504 293 1603 324 cordis
1630 295 1760 333 jaculum

937 340 1095 362 accensum
1112 333 1212 370 fuerit,
1231 338 1290 364 tum
1307 338 1337 365 et
1352 336 1445 376 ipsam
1461 337 1590 368 animam
1601 337 1759 377 illuminat,

936 379 964 405 et
980 381 1109 421 mentem
1126 384 1243 417 purgat,
1258 382 1347 419 atque
1361 380 1392 410 in
1408 381 1498 411 altum
1522 382 1669 421 subvehit,
1687 389 1715 415 et
1731 385 1761 416 in

936 419 1047 469 coelum
1063 422 1187 459 extollit,
1204 427 1291 463 atque
1307 433 1373 454 cum
1389 424 1489 456 divino
1505 426 1617 458 lumine
1632 419 1760 469 conjun-

934 465 986 503 git.

975 509 1149 558 Priusquam
1161 511 1223 542 limc
1234 511 1335 550 facias,
1348 523 1413 553 qua:
1423 524 1456 544 ex
1469 524 1516 545 me
1526 515 1644 554 audisti,
1658 527 1757 558 quaeso

934 555 1083 593 quomodo
1115 557 1312 596 purgaberis‘?
1333 563 1492 599 antequam
1520 569 1587 591 vero
1612 555 1757 601 purgeris,

934 608 991 647 quo
1017 603 1101 638 pacto
1127 610 1212 647 mens
1241 606 1289 632 tua
1310 602 1424 633 divinas
1446 604 1591 636 scintillas
1610 607 1759 647 accipiet?

933 641 968 672 Et
986 645 1145 685 quomodo,
1172 645 1308 682 obsecro,
1333 651 1362 677 et
1390 647 1415 678 si
1442 648 1575 686 aliunde,
1606 641 1756 682 undenam

932 687 1015 734 cordi
1041 691 1089 718 tuo
1116 689 1238 728 illapsus
1264 691 1341 731 ignis
1367 691 1484 723 divinus
1505 694 1696 734 accendatur,
1727 700 1758 727 et

931 730 1028 779 ipsum
1044 733 1199 774 accendet,
1222 739 1249 764 et
1275 735 1483 772 inﬂammabit,
1504 742 1534 768 et
1554 738 1646 779 uniet,
1660 730 1755 771 etco-

931 776 1061 822 pulabit,
1078 782 1106 822 et
1129 783 1294 809 creaturam
1319 790 1335 810 a
1355 782 1498 812 Creatore
1525 776 1753 822 inseparabilem

931 820 1063 852 efﬁciet?
1078 821 1195 853 Nemini
1212 823 1288 854 istud
1305 825 1438 856 omnium
1455 825 1505 866 qui
1529 820 1608 858 nunc
1629 833 1707 867 sunt,
1726 833 1755 859 et

63 865 148 895 modi
162 875 219 896 non
236 866 449 907 deprehendis,
468 866 504 897 de
520 867 690 906 hujusmodi
715 867 819 898 saltem
836 868 888 898 tibi
900 883 919 907 Β
931 865 980 905 qui
997 870 1061 905 post
1076 867 1141 897 aliis
1157 873 1244 898 erunt
1260 869 1290 899 in
1305 869 1391 900 annis
1410 865 1552 910 POSSibile
1568 872 1662 903 dlCeS-
1681 865 1754 909 Qua?

62 909 282 941 disserentibus
307 912 395 942 fidem
421 911 569 950 denegare
595 912 666 948 noli,
694 912 746 942 sed
770 922 805 943 ex
830 917 889 943 toto

62 954 157 985 corde
187 959 234 986 tuo
264 965 375 996 quaere,
402 960 432 986 et
459 955 585 996 accipies
612 958 809 997 margaritam,
841 962 890 988 aut

62 1003 190 1038 guttam,
213 1005 261 1030 aut
287 1001 398 1041 sinapis
413 1011 549 1040 granum,
576 1001 712 1032 divinum
739 1011 842 1033 semen
859 1006 890 1034 ut

63 1044 238 1076 scintillam.

104 1089 143 1120 At
158 1091 237 1120 enim
249 1099 305 1130 quo
317 1094 401 1130 pacto
417 1099 532 1130 quaeres
543 1090 620 1131 quod
635 1090 687 1122 tibi
698 1090 786 1122 dico?
798 1091 885 1128 Audi,

63 1137 92 1163 et
107 1133 267 1173 diligenter
284 1134 381 1171 facito,
402 1139 430 1165 et
445 1144 508 1165 mox
525 1136 668 1175 reperies.
688 1135 799 1176 Accipe
817 1146 887 1176 per-

63 1178 197 1217 spicuam
212 1179 383 1218 imaginem,
398 1179 458 1210 sive
479 1179 706 1211 similitudinem
724 1180 840 1219 lapidis,
861 1186 889 1212 et

63 1222 149 1261 ferri;
168 1223 198 1253 in
215 1223 260 1254 his
276 1223 354 1254 enim
372 1228 476 1254 natura
491 1224 568 1263 ignis
584 1225 706 1254 omnino
722 1235 781 1255 una
795 1230 824 1256 et
837 1235 888 1256 ca-

64 1267 134 1298 dem
147 1271 202 1304 est,
214 1269 329 1299 tametsi
340 1269 425 1308 plane
437 1278 495 1299 non
507 1273 656 1306 cernatur,
666 1269 886 1310 ignis,inquam.

65 1311 149 1348 Quod
166 1312 191 1342 si
207 1313 397 1352 collidantur,
423 1318 451 1344 et
474 1314 625 1344 materiam
648 1314 840 1354 arripuerint,
862 1315 889 1346 ei

65 1366 100 1387 ex
116 1357 224 1387 horum
249 1357 403 1388 collisione
426 1367 512 1398 parva
541 1358 669 1389 scintilla
690 1359 829 1390 exsiliens
855 1369 888 1391 ac

64 1410 131 1432 sese
142 1402 327 1442 conjungens
344 1402 625 1443 penitius,eamdem
636 1403 775 1443 paulatim
785 1414 888 1435 accen-

64 1445 118 1483 dit,
136 1446 345 1487 ilammamque
365 1447 395 1477 in
417 1447 506 1478 altum
529 1447 627 1485 mittit,
645 1457 678 1479 ac
694 1449 887 1488 pulsisftene-

64 1490 128 1521 bris
143 1491 263 1522 domum
278 1491 434 1527 illuminat,
448 1496 476 1522 et
494 1496 639 1531 quotquot
656 1493 684 1522 in
703 1493 792 1523 domo
807 1497 887 1531 sunt,

65 1544 116 1566 eos
132 1536 161 1566 in
179 1540 338 1576 conspectu
362 1536 523 1567 constituit.
542 1536 647 1566 Vidisti
669 1546 731 1567 rem
757 1538 888 1570 miram?

63 1579 119 1611 Dic
131 1580 233 1620 igitur,
250 1581 367 1619 amabo,
385 1585 541 1621 antequam
556 1581 689 1612 crebrius
699 1581 887 1624 collidantur,

64 1625 215 1666 quomodo
231 1626 376 1656 scintillas
399 1625 555 1656 emittent?
571 1625 641 1656 Sine
657 1626 783 1658 scintilla
808 1637 887 1666 vero,

63 1670 213 1710 quomodo
229 1680 282 1710 per
297 1680 329 1701 se
346 1670 469 1701 materia
484 1670 718 1702 accendetur?Si
734 1672 815 1712 prius
831 1683 887 1703 non

63 1714 256 1751 accendatur,
265 1714 412 1754 quomodo
425 1714 563 1745 tenebras
578 1715 730 1755 dispellet?
741 1717 888 1756 quomodo

65 1759 143 1789 aedes
155 1759 360 1790 collustrabit?
371 1759 516 1799 qaomodo
538 1759 590 1789 tibi
605 1760 747 1790 cernendi
763 1761 887 1792 faculta—

65 1807 124 1834 tem
140 1803 244 1834 dabit?
259 1803 366 1844 Utique
385 1803 591 1843 respondebis,
617 1805 785 1844 neutiquam
809 1806 886 1837 istud

66 1848 130 1878 fieri
154 1857 252 1888 posse.
276 1848 351 1887 Ergo
368 1852 395 1878 et
413 1852 442 1878 tu
459 1847 499 1878 ita
512 1848 611 1878 facere
636 1849 766 1886 studeas,
781 1854 810 1880 et
834 1859 884 1881 ac-

65 1892 169 1932 cipies.
186 1892 262 1929 Quid
275 1892 425 1933 accipies?
448 1892 554 1923 divinae
578 1897 689 1924 naturae
715 1894 885 1936 scintillam,

65 1947 152 1978 quam
165 1942 292 1973 creator,
305 1938 444 1978 pretiosa;
455 1938 663 1977 margaritae,et
674 1948 764 1978 grano
777 1939 888 1980 sinapis

65 1983 257 2023 comparavit.
271 1982 344 2019 Quid
356 1986 505 2014 estautem
518 1983 598 2023 quod
615 1983 667 2014 tibi
689 1985 887 2024 praestandum

66 2027 156 2058 dico?
172 2027 249 2058 Audi
266 2028 423 2067 patienter,
433 2027 538 2058 fili.Sit
550 2027 602 2058 tibi
615 2037 734 2067 corpus,
746 2033 774 2059 et
789 2029 888 2060 anima

67 2081 117 2112 pro
129 2073 206 2103 ferro
224 2077 252 2103 et
265 2073 374 2113 lapide,
389 2081 473 2103 mens
489 2076 520 2102 ut
533 2072 705 2112 imperatrix
721 2077 750 2103 et
768 2073 888 2104 domina

65 2117 262 2155 affectionem,
275 2117 306 2148 in
316 2116 482 2148 actionibus
497 2126 563 2147 cum
579 2117 686 2147 virtute
707 2118 885 2157 conjunctis,

66 2165 94 2191 et
109 2161 334 2200 cogitationibus
345 2163 403 2192 Deo
413 2161 528 2202 placitis
539 2171 570 2202 se
580 2166 769 2199 exercens,et
781 2172 888 2202 corpus

66 2205 185 2246 quidem
209 2215 262 2237 ceu
285 2200 425 2246 lapidem,
443 2200 572 2237 animani
598 2210 698 2237 autem
721 2211 752 2237 ut
776 2200 887 2238 ferrum

67 2255 182 2291 tenens,
199 2251 336 2282 manibus
358 2252 424 2291 quae
450 2251 644 2290 intelligentia
669 2251 884 2292 percipiuntur,

66 2304 130 2326 eam
148 2296 254 2333 trahat,
276 2299 305 2327 et
326 2295 363 2326 ad
374 2297 523 2336 agendum
539 2295 566 2325 vi
581 2295 713 2335 impellat
732 2296 886 2336 :Regnum

66 2340 178 2380 quippe
187 2342 334 2371 scelerum
346 2343 408 2371 vim
419 2341 536 2380 patitur
544 2339 670 2376 54.Quas
682 2344 780 2370 autem
791 2341 886 2371 actio-

66 2394 118 2416 nes
130 2384 287 2425 intelligis?
298 2386 387 2426 quas?
403 2385 783 2425 pervigilationes,jejunia,
796 2385 885 2416 fervi-

66 2430 131 2460 dam
141 2429 471 2470 pcenitentiam,imbres
481 2429 888 2470 lacrymarum,luctum,con-

67 2474 176 2504 tinuam
187 2475 290 2505 mortis
301 2474 484 2514 memoriam,
502 2482 605 2514 preces
624 2474 768 2514 assiduas,
788 2475 886 2504 omni-

65 2528 206 2558 genarum
222 2519 416 2550 tentationum
426 2518 456 2549 in
469 2523 496 2549 te
511 2518 688 2549 irruentium
701 2519 884 2559 patientiam.

65 2563 139 2594 Ante
155 2564 216 2594 haec
228 2565 327 2595 omnia
346 2563 509 2600 silentium,
525 2566 555 2594 et
572 2562 744 2603 profundam
763 2564 885 2594 humili—

67 2611 165 2647 tatem,
179 2609 322 2649 pefectam
338 2608 550 2647 obedientiam,
569 2607 796 2647 abnegationem
814 2618 884 2648 pro-

67 2653 136 2694 priae
157 2653 326 2685 voluntatis.
353 2653 415 2691 His,
440 2657 468 2683 et
489 2652 595 2683 horum
618 2651 765 2683 similibus
788 2653 886 2684 anima

66 2707 180 2735 vacans,
204 2704 233 2729 et
255 2708 372 2739 semper
396 2697 520 2733 intenta,
552 2697 582 2727 in
615 2697 718 2737 primis
743 2697 886 2729 scintillas

66 2743 233 2784 suppeditat
255 2743 347 2774 menti
367 2746 434 2781 tuae,
451 2752 517 2782 quae
545 2742 602 2773 cito
631 2741 859 2781 exstinguuntur
877 2754 882 2772 :

101 2824 132 2850 ³4
146 2825 248 2856 Matth.
265 2833 305 2865 ιι,
327 2825 374 2856 12.
416 2823 449 2848 35
462 2823 474 2854 Ι
489 2823 573 2854 Joan.
593 2813 634 2860 iv',
651 2822 698 2854 12.

931 910 1072 951 deinceps
1087 919 1261 953 sequuntur,
1279 923 1316 944 ne
1329 914 1489 954 interroga.
1507 915 1538 947 Si
1554 917 1632 947 enim
1649 918 1754 949 lum'mi

931 955 1029 985 unitus
1043 956 1146 994 fueris,
1164 957 1259 997 ipsum
1279 962 1306 988 te
1321 958 1441 989 docebit
1456 960 1566 998 omnia,
1585 965 1613 991 et
1637 962 1753 993 revela-

931 999 973 1029 bit
987 999 1040 1030 tibi
1057 1001 1167 1047 omnia,
1185 1005 1213 1032 et
1238 1003 1424 1041 monstrabit,
1448 1013 1482 1034 ac
1503 1010 1650 1044 suggeret,
1668 1016 1751 1047 qua-

930 1053 1046 1090 cunque
1068 1045 1185 1076 discere
1202 1051 1250 1077 tua
1265 1047 1421 1078 intererit:
1439 1057 1506 1079 nam
1522 1049 1633 1090 alioqui
1656 1045 1753 1082 verbis

930 1088 1067 1120 humanis
1082 1090 1236 1130 percipere
1251 1101 1285 1122 ea
1301 1102 1365 1132 quze
1380 1093 1441 1123 illic
1465 1098 1544 1131 sunt,
1570 1088 1628 1124 non
1655 1100 1699 1126 est.
1719 1100 1750 1126 ut

930 1133 994 1164 ﬁeri
1009 1138 1106 1174 queat.
1122 1137 1214 1166 Deum
1229 1136 1314 1167 decet
1326 1137 1430 1176 gloria,
1448 1147 1525 1169 nunc
1542 1144 1570 1169 et
1585 1139 1616 1170 in
1630 1140 1749 1172 saecula.

930 1177 1036 1210 Amen.

1225 1227 1347 1260 CAPUT
1369 1227 1458 1260 XXII.

932 1271 1052 1318 Omnes
1063 1278 1183 1318 sanctos
1204 1275 1394 1306 illuminatos
1411 1275 1570 1314 illustrari,
1588 1277 1752 1318 videreque

969 1312 1104 1355 gloriam
1124 1314 1186 1355 [)ci,
1207 1320 1358 1354 quatenus
1372 1325 1440 1347 eain
1455 1325 1473 1347 a
1488 1312 1601 1348 natura
1615 1312 1752 1350 humum

971 1354 1067 1384 videri
1081 1355 1128 1393 fus
1145 1359 1199 1386 est.

971 1401 1099 1441 Respice
1113 1401 1151 1432 de
1168 1402 1316 1442 supernis,
1333 1402 1410 1433 Deus
1425 1412 1517 1440 meus,
1532 1407 1560 1434 et
1570 1404 1752 1444 complaceat

930 1445 1185 1486 tibi,utappareas
1200 1447 1283 1485 mihi,
1303 1453 1332 1478 et
1356 1457 1420 1477 cum
1436 1448 1575 1478 mendico
1591 1458 1751 1480 converse-

929 1490 981 1521 ris.
999 1491 1091 1531 Aperi
1105 1491 1225 1530 caelum,
1239 1496 1267 1522 et
1278 1492 1376 1522 reiela
1392 1492 1466 1523 mihi
1478 1492 1578 1524 lumen
1595 1497 1675 1524 tuum
1686 1505 1693 1524 :
1706 1495 1751 1525 vel

898 1528 917 1553 C
933 1528 1127 1575 potius'aperi
1144 1528 1274 1567 mentem
1291 1546 1400 1574 meam,
1415 1541 1445 1567 et
1467 1537 1556 1568 etiam
1576 1547 1655 1569 nunc
1675 1538 1753 1570 intra

931 1578 961 1609 in
976 1580 1157 1618 me,dissere
1175 1589 1228 1620 per
1242 1581 1389 1621 impuram
1410 1582 1539 1621 linguam
1563 1592 1658 1613 meam
1676 1583 1753 1614 sicut

932 1624 1012 1663 olim,
1026 1631 1055 1655 et
1079 1626 1181 1656 refelle
1195 1635 1248 1656 eos
1272 1627 1323 1666 qui
1346 1627 1387 1656 ita
1409 1627 1579 1666 loquuntur,
1601 1637 1661 1658 non
1686 1638 1751 1660 esse

931 1668 1032 1707 hOdlC,
1052 1670 1102 1710 qui
1118 1670 1209 1700 Deum
1231 1680 1264 1701 se
1288 1671 1396 1701 vidisse
1423 1673 1548 1710 noverit,
1566 1681 1663 1712 neque
1683 1677 1752 1704 ante

931 1713 986 1744 hoc
1000 1718 1115 1754 tempus
1131 1715 1233 1752 fuisse,
1250 1719 1331 1745 extra
1344 1715 1507 1755 apostolos.
1524 1717 1583 1747 Sed
1600 1726 1696 1757 neque
1712 1717 1750 1748 il-

931 1759 975 1788 los
990 1759 1072 1789 aiunt
1087 1760 1165 1790 clare
1181 1760 1289 1790 vidisse
1302 1761 1530 1797 Deum,l’atrem
1543 1765 1634 1799 tuum,
1645 1763 1753 1792 docen-

930 1806 972 1833 tes
985 1813 1051 1833 eum
1065 1804 1203 1843 cognosci
1217 1809 1246 1834 et
1262 1804 1353 1835 videri
1368 1814 1384 1834 a
1397 1805 1476 1835 nullo
1489 1815 1594 1846 posse;
1611 1810 1640 1836 et
1655 1816 1732 1846 oppo
1742 1824 1751 1829 ~

929 1852 1033 1879 nentes
1050 1848 1170 1879 verbum
1185 1849 1308 1879 Joannis
1323 1849 1508 1880 dilectissimi
1527 1850 1666 1889 discipuli
1682 1851 1724 1881 tui
1743 1860 1748 1881 :

929 1893 1025 1923 Deum
1042 1902 1131 1924 nemo
1147 1894 1226 1924 vidit
1239 1902 1374 1933 unquam
1389 1894 1430 1924 35.
1446 1893 1507 1932 Eia,
1525 1894 1642 1926 Christe
1654 1905 1749 1933 meus,

929 1937 976 1968 dic
992 1942 1136 1976 acturum,
1155 1942 1184 1968 ut
1201 1948 1237 1968 ne
1252 1938 1490 1978 imprudentibus
1507 1948 1560 1978 ego
1585 1940 1689 1979 nugari
1705 1941 1750 1971 vi-

930 1982 1009 2012 dear.
1025 1982 1138 2020 Scribe,
1156 1983 1261 2023 inquit,
1279 1993 1344 2023 quze
1360 1983 1438 2021 dico,
1457 1983 1530 2013 nihil
1547 1984 1750 2024 vereare.Ego

929 2028 1007 2057 Deus
1022 2031 1090 2058 ante
1105 2037 1208 2058 omnes
1224 2027 1300 2065 dies,
1317 2028 1405 2058 horas
1415 2032 1443 2058 et
1454 2031 1598 2066 tempora,
1612 2028 1672 2058 imo
1683 2033 1751 2059 ante

929 2071 1029 2101 omnia
1044 2071 1161 2109 saecula,
1179 2077 1248 2102 ante
1263 2076 1414 2102 creaturas
1440 2081 1544 2102 omnes
1568 2072 1700 2103 visibiles
1721 2077 1752 2104 et

930 2115 1104 2154 invrsibiles,
1119 2125 1209 2156 supra
1224 2125 1342 2146 omnem
1359 2117 1479 2146 omnino
1496 2121 1625 2156 captum,
1640 2126 1752 2148 sermo-

931 2169 1010 2197 nem,
1024 2161 1230 2200 cogitationem
1246 2160 1327 2191 solus
1351 2170 1417 2191 cum
1441 2161 1504 2191 solo
1519 2161 1610 2200 solus,
1629 2166 1659 2192 et
1678 2162 1754 2192 nihil

931 2214 1034 2235 eorum
1050 2215 1115 2245 quae
1130 2206 1326 2245 aspiciuntur;
1343 2206 1394 2236 sed
1413 2214 1467 2242 nec
1483 2215 1586 2236 eorum
1613 2216 1677 2246 qua:
1693 2216 1752 2238 non

929 2250 1122 2289 aspiciuntur.
1149 2250 1235 2280 Eram
1261 2259 1380 2287 revera,
1410 2253 1568 2290 antequam
1598 2260 1750 2283 nascerer.

928 2295 1014 2325 Solus
1031 2304 1084 2333 ego
1100 2294 1248 2325 increatus
1263 2304 1330 2324 cum
1345 2296 1443 2332 Patre,
1458 2299 1487 2325 et
1508 2295 1619 2335 Spiritu
1636 2300 1749 2327 sancto.

929 2339 1015 2369 Solus
1036 2339 1147 2379 absque
1168 2339 1313 2379 principio
1331 2348 1364 2369 ex
1380 2338 1467 2369 Putre
1483 2349 1560 2380 meo,
1580 2340 1665 2380 cujus
1680 2340 1751 2371 item

929 2383 1042 2414 nullum
1058 2388 1102 2414 est
1118 2383 1308 2424 principium.
1321 2383 1413 2413 Nemo
1422 2385 1596 2423 angelorum
1607 2394 1749 2424 unquam,

929 2438 985 2459 nec
1000 2429 1256 2468 archangelorum,
1268 2437 1323 2458 nec
1335 2428 1460 2459 aliorum
1472 2429 1610 2459 ordinum
1623 2430 1753 2460 viditna-

929 2478 1022 2504 turam
1054 2482 1160 2511 meam,
1184 2482 1238 2503 nec
1264 2482 1310 2503 me
1331 2473 1500 2504 Creatorem
1528 2477 1631 2513 totum,
1656 2474 1753 2512 qualis

928 2527 1006 2555 sum,
1024 2517 1076 2548 sed
1090 2517 1292 2548 tantummodo
1304 2517 1419 2547 radium
1435 2516 1546 2556 gloriae,
1558 2521 1586 2548 et
1601 2518 1751 2548 deﬂuxum

928 2563 1087 2603 quemdam
1104 2562 1225 2593 luminis
1242 2561 1299 2592 mei
1315 2561 1426 2599 vident,
1441 2562 1750 2602 contemplanturque.

929 2607 1010 2638 Sicut
1029 2608 1108 2638 enim
1126 2607 1279 2647 speculum
1296 2605 1443 2636 solaribus
1458 2606 1549 2636 radiis
1565 2616 1750 2646 percussum,

928 2656 956 2682 et
984 2657 1015 2682 ut
1040 2653 1113 2692 lapis
1138 2652 1317 2682 cristalltnus
1342 2651 1373 2681 in
1395 2650 1520 2681 meridie
1533 2651 1752 2689 illustratus;sic

927 2707 1030 2727 omnes
1045 2696 1165 2727 deitatis
1183 2705 1254 2726 mem
1267 2695 1367 2726 radios
1380 2694 1555 2734 suscipiunt.
1572 2694 1678 2725 Totum
1696 2705 1752 2726 au-

927 2746 986 2772 tem
1004 2750 1050 2772 me
1065 2742 1165 2772 Videre
1183 2740 1314 2771 nondum
1332 2739 1499 2780 quisquam,
1515 2739 1559 2770 vel
1576 2739 1750 2779 angelorum
