1978 3078
201 186 262 218 ὕ59
858 183 1053 216 SYMEONIS
1072 183 1248 216 JUNIORIS
1834 183 1897 216 560

196 252 241 282 vel
257 252 424 287 hominum,
442 250 487 281 vel
504 253 670 280 sanctarum
687 249 828 280 virtutum
845 249 1017 289 promeruit.
1032 256 1051 279 A
1063 259 1222 290 percussus
1238 254 1336 290 caput,
1349 250 1444 291 spinis
1467 254 1635 288 coronatus,
1653 250 1839 291 chlamydem
1857 253 1892 279 ut

197 296 268 327 Sum
285 295 363 326 enim
377 299 457 326 extra
471 294 580 325 omnia.
601 298 629 325 et
645 294 735 325 nullis
747 294 840 325 oculis
855 294 1019 334 aspectabi-
1059 295 1228 326 coccineam
1245 305 1404 335 purpuram
1420 295 1550 332 indutus,
1577 296 1681 326 faciem
1708 299 1886 334 consputus,

196 340 244 372 lis.
256 341 359 380 Neque
371 349 438 370 vero
454 339 501 370 his
516 343 667 379 aspectum
694 339 752 369 mei
775 338 904 376 invideo,
922 348 1019 379 neque
1060 341 1119 371 heu
1131 350 1188 378 me,
1208 345 1236 371 et
1257 341 1361 371 illusus
1378 350 1420 380 es,
1433 340 1600 380 audistique
1626 350 1678 380 per
1695 340 1858 371 ludibrium
1878 350 1885 370 ξ

196 389 228 415 ut
242 385 384 415 deformis
411 393 459 415 me
482 384 598 415 occulto
622 394 660 414 ne
684 393 841 424 appaream
859 393 866 415 :
883 383 934 413 sed
950 384 1020 423 quia
1062 386 1130 420 Ave,
1146 394 1200 416 rex
1213 385 1401 416 Judworum.
1415 385 1459 416 Tu
1473 385 1606 416 humeris
1622 384 1743 425 portasti
1763 393 1885 414 crucem

196 438 284 461 nemo
296 429 408 460 deitate
424 438 490 460 mea
504 429 612 468 dignus
624 432 669 459 est
683 428 821 458 inventus
837 437 843 459 :
862 437 959 468 neque
969 437 1020 468 par
1063 429 1126 466 tibi,
1140 430 1352 470 ciqueinﬁxus,
1365 430 1394 460 in
1406 430 1495 460 altum
1508 430 1640 460 sublatus
1653 439 1684 460 es
1697 431 1776 461 Deus
1788 438 1885 459 meus.

197 483 263 505 esse
279 474 374 514 potuit
387 478 521 504 creatura
537 473 682 505 Creatori.
697 475 760 505 Nec
776 473 834 503 illis
851 473 1021 513 expedit,ut
1061 474 1104 505 Tu
1119 484 1223 505 manus
1244 484 1277 506 ac
1300 475 1389 515 pedes
1407 475 1576 512 transﬁxus,
1602 479 1686 506 aceto
1713 478 1839 514 potatus,
1859 477 1889 503 et

197 528 244 550 me
261 519 390 550 videant.
407 519 532 550 Parvum
548 522 646 548 autem
664 527 697 548 ex
718 527 764 547 me
788 517 930 556 fulgorem
952 526 1019 548 cer—

196 567 311 601 nentes,
327 563 493 600 initiantur,
520 562 601 593 unde
625 562 724 593 sciunt
740 571 810 592 vere
835 571 882 592 me
897 571 974 599 esse,
992 565 1020 592 et

197 618 245 640 me
259 608 353 639 Deum
373 612 565 647 cognoscunt,
592 607 642 647 qui
664 607 745 647 ipsos
771 607 965 647 procrearim,
991 611 1020 637 et

197 663 263 685 cum
279 657 408 684 tremore
422 662 457 683 ac
474 652 581 683 timore
606 661 653 682 me
675 651 838 691 celebrant,
857 655 886 681 et
906 651 1018 683 colunt.

196 698 280 730 Haud
295 698 375 729 enim
390 697 484 738 potuit
501 698 578 728 Deus
600 697 689 728 alium
707 696 884 737 producere,
898 696 948 736 qui
965 704 1020 735 po—

197 743 289 774 tentia
302 745 433 783 aquaret
449 741 631 779 Creatorem,
641 751 697 772 nec
710 745 822 771 natura
831 750 892 771 sua),
903 750 1021 771 consor-

198 792 269 819 tem.
280 789 344 819 Nec
359 787 419 818 ulla
438 787 552 818 ratione
569 786 647 827 quod
663 786 813 817 conditum
831 785 1022 823 est,consub-

198 832 333 863 stantiale
349 836 443 872 potest
459 841 524 863 esse
536 831 695 862 conditori.
723 830 778 867 Qui
793 831 871 861 enim
888 830 1021 861 increato

1061 519 1135 550 latus
1159 519 1262 551 lancea
1287 520 1437 559 perfossus
1463 529 1505 550 es.
1523 519 1591 550 Haec
1618 519 1704 549 tellus
1730 519 1888 558 indignata

1061 564 1249 601 contremuit,
1266 569 1293 595 et
1310 574 1383 604 quos
1396 564 1566 595 continebat
1580 569 1722 600 mortuos,
1739 562 1889 605 sepulcris

1061 608 1171 648 apertis
1181 609 1238 638 cito
1248 609 1389 639 reddidit.
1398 608 1447 639 Sol
1460 614 1487 639 te
1499 609 1658 648 aspiciens,
1668 608 1697 638 in
1707 608 1886 647 sanguinem

1063 656 1122 682 tum
1138 661 1296 684 conversus
1312 657 1366 690 est,
1385 657 1414 684 et
1429 653 1497 683 luna
1512 658 1613 693 operta
1627 657 1672 684 est
1683 653 1823 692 caligine;
1834 661 1886 682 ve-

1062 697 1122 727 lum
1140 701 1283 737 przeterea
1299 697 1400 738 templi
1416 706 1432 727 a
1448 707 1564 728 summo
1581 706 1673 737 usque
1697 697 1837 728 deorsum
1856 696 1887 726 in

1062 742 1135 772 duas
1151 746 1249 782 partes
1260 742 1385 772 scissum
1395 743 1663 782 est.Atquehorum
1676 741 1750 772 nihil
1763 741 1886 771 omnino

1062 787 1105 816 illi
1122 786 1247 826 improbi
1259 787 1488 817 intellexerunt?
1503 787 1555 817 sed
1579 791 1607 818 ct
1631 787 1661 817 in
1692 790 1886 817 monumento

1060 831 1173 870 jacenli
1187 831 1325 862 custodes
1337 836 1551 872 opposuerunt,
1567 835 1596 862 et
1611 831 1739 872 lapidem
1752 831 1887 870 signave-

198 881 332 908 creatura
344 877 502 917 aliquando
514 876 709 907 assimiletur?
724 878 818 915 Atque
828 879 860 906 ut
871 875 933 905 hwc
945 875 1019 905 fate-
1032 897 1051 921 Β
1062 880 1142 913 runt,
1157 876 1196 906 ita
1220 881 1247 906 te
1269 881 1434 907 retenturos
1455 876 1599 907 arbitrati.
1617 877 1654 907 At
1678 881 1719 911 tu,
1744 875 1885 915 Domine,

199 922 289 959 beris,
302 922 344 953 sic
356 922 429 952 illud
446 931 505 952 non
522 921 655 961 negabis,
669 930 704 951 eo
716 921 766 960 qui
779 929 899 960 semper
911 921 1020 960 est,qui

198 967 316 997 initium
339 966 446 1004 nescit,
463 976 519 997 nec
537 969 654 997 creatus
678 969 732 1002 est,
756 968 855 996 creata
879 963 1020 995 inferiora

198 1021 278 1050 esse;
294 1015 468 1051 tantumque
489 1011 525 1042 ab
553 1020 587 1042 eo
605 1011 736 1047 differre,
760 1013 901 1050 quantum
918 1018 1022 1040 currus

198 1060 227 1088 et
241 1065 324 1087 serra
347 1065 364 1087 a
388 1056 469 1087 fabro
494 1065 547 1086 suo
574 1055 725 1086 differunt.
748 1054 902 1090 Quomodo
933 1053 1023 1092 igitur

199 1110 302 1132 currus
325 1100 530 1131 fabricatorem
561 1109 647 1130 suum
677 1099 842 1139 intelligat,
873 1098 1021 1139 quomodo

198 1157 281 1180 serra
309 1148 468 1179 ducentem
496 1157 528 1179 se
554 1151 724 1187 cognoscat,
746 1146 804 1176 nisi
820 1145 1019 1185 cognitionem

197 1193 257 1224 illis
271 1192 331 1230 det,
348 1193 407 1223 nisi
418 1192 538 1223 videndi
554 1201 674 1223 sensum
696 1193 739 1222 eis
753 1190 904 1230 immittat,
921 1189 970 1230 qui
987 1199 1021 1220 ea

199 1237 330 1278 paravit?
353 1237 432 1277 quod
455 1237 563 1269 creatis
585 1236 724 1267 omnibus
750 1240 794 1266 est
822 1234 1018 1275 impossibile.

197 1282 325 1314 Prorsus
339 1281 428 1321 igitur
440 1281 538 1312 nullus
552 1280 820 1321 hominum,nullus
834 1279 1019 1318 angelorum,

197 1327 286 1358 dandi
301 1326 367 1357 aliis
385 1325 521 1366 spiritum
546 1330 597 1356 aut
622 1326 710 1356 vitam
727 1324 879 1365 praebendi
906 1323 1020 1363 accepit

197 1375 382 1412 potestatem.
401 1371 544 1401 Dominus
559 1374 671 1407 autem,
689 1379 779 1410 quem
803 1378 893 1408 penes
922 1368 1018 1398 solum

196 1420 241 1446 est
251 1420 380 1456 potestas
395 1415 527 1446 omnium
544 1419 631 1455 atque
647 1414 781 1454 potentia
797 1418 935 1453 tanquam
956 1413 1020 1444 fons

194 1461 270 1499 vitae,
288 1460 417 1491 animata
432 1459 579 1500 producit,
595 1459 692 1499 qualia
705 1458 841 1496 voluerit,
856 1462 884 1488 et
899 1458 1020 1496 largitur

195 1506 302 1546 cuique
318 1509 350 1536 ut
365 1505 482 1543 artifex,
507 1510 541 1535 ut.
564 1504 709 1535 Dominus
738 1513 792 1544 pro
821 1502 971 1533 voluntate
986 1512 1020 1533 ac

1064 929 1115 960 pro
1132 924 1289 960 protestate
1306 921 1424 961 propria
1439 921 1638 958 resurrexisti,
1656 926 1685 951 et
1696 921 1822 951 claustra
1837 920 1886 951 illa

1064 967 1331 1005 transgressoribus
1346 969 1456 998 intacta
1470 967 1644 1007 integraque
1656 966 1814 1007 reliquisti.
1827 967 1887 996 Ad-

1063 1011 1184 1041 veniens
1193 1017 1291 1042 autem
1308 1012 1431 1051 angelus
1447 1012 1575 1052 lapidein
1592 1011 1726 1052 revolvit,
1739 1015 1767 1042 et
1781 1015 1887 1042 custo-

1062 1055 1116 1086 des
1131 1056 1197 1086 illas
1211 1056 1315 1086 timore
1331 1056 1517 1086 exanimavit.
1540 1057 1600 1088 Nec
1616 1061 1680 1087 tum
1705 1056 1750 1086 vcl
1772 1056 1886 1095 aliquid

1063 1100 1229 1140 intelligere
1244 1101 1387 1138 volentes,
1404 1101 1474 1131 caeci
1498 1105 1680 1141 manserunt,
1699 1104 1728 1131 et
1754 1105 1887 1131 mentem

1063 1150 1149 1185 atque
1162 1155 1213 1176 cor
1220 1145 1396 1176 obduratum
1404 1155 1496 1186 usque
1505 1146 1541 1177 ad
1549 1150 1676 1176 mortem
1685 1145 1889 1177 retinuerunt.

1062 1189 1137 1226 Quid
1164 1200 1233 1230 ergo
1262 1200 1400 1230 magnum
1430 1190 1514 1229 facio,
1541 1190 1566 1220 si
1586 1195 1615 1220 et
1630 1199 1683 1230 ego
1699 1190 1762 1220 haec
1778 1190 1884 1230 patiar,

1063 1244 1128 1274 qua
1144 1239 1173 1266 tu
1189 1245 1307 1276 quoque
1319 1245 1423 1276 passus
1439 1235 1536 1275 es,qui
1551 1235 1616 1265 sine
1632 1239 1753 1273 peccato
1771 1239 1888 1272 eras,ut

1063 1280 1205 1310 mundum
1222 1280 1367 1311 salvares:
1383 1290 1448 1320 ego,
1466 1280 1652 1320 inquam,qui
1668 1280 1736 1310 inde
1755 1289 1772 1310 a
1787 1279 1884 1320 primo

1062 1328 1146 1355 aetate
1160 1325 1280 1364 peccavi
1296 1324 1434 1365 plurima,
1447 1329 1475 1355 et
1486 1325 1521 1355 ad
1533 1325 1606 1355 iram
1620 1328 1648 1355 te
1658 1323 1745 1354 dictis
1757 1328 1785 1354 et
1800 1323 1886 1354 factis

1063 1368 1296 1408 provocavi.Hoc
1306 1369 1378 1400 mihi
1390 1379 1526 1409 magnum
1535 1378 1649 1407 revera,
1661 1372 1689 1400 et
1699 1368 1793 1409 majus
1802 1368 1886 1398 omni

1062 1413 1165 1452 gloria,
1179 1414 1256 1454 quod
1269 1424 1315 1444 me
1327 1414 1500 1454 participem
1513 1414 1581 1444 facit
1591 1413 1692 1453 gloria
1704 1419 1760 1444 tuae
1774 1413 1883 1444 ineffa-

1063 1458 1140 1496 bilis,
1165 1460 1334 1489 communio
1360 1459 1542 1499 passionum,
1560 1463 1589 1489 et
1612 1458 1736 1489 imitatio
1759 1467 1882 1498 operum

1064 1510 1179 1533 tuorum
1195 1513 1202 1541 ;
1220 1507 1248 1534 et
1267 1504 1417 1534 humilitas
1433 1508 1481 1534 tua
1496 1504 1540 1534 his
1561 1503 1611 1544 qui
1637 1513 1702 1534 eam
1718 1503 1884 1533 consectari

195 1550 382 1591 beneplacito
399 1559 465 1586 suo,
482 1549 529 1580 cui
543 1548 648 1589 gloria,
666 1552 695 1578 et
709 1548 882 1588 imperium,
901 1557 980 1578 nunc
992 1551 1048 1579 etC
1061 1547 1169 1585 sciunt,
1184 1548 1366 1579 divinitatem
1379 1549 1528 1579 conciliat.
1541 1548 1655 1580 Gratias
1666 1556 1720 1587 ago
1737 1547 1802 1585 lilii,
1821 1547 1883 1578 Do—

194 1605 325 1636 semper,
341 1598 370 1625 et
385 1594 504 1625 saeculis
515 1593 717 1633 sempiternis.
735 1594 844 1624 Amen.

480 1640 600 1672 CAPUT
623 1639 726 1672 XXIII.

195 1689 377 1721 Gratiarum
403 1689 480 1719 actio
509 1696 563 1726 pro
592 1687 710 1727 exsilio,
735 1690 763 1718 et
787 1686 1017 1726 afﬂictionibus,

324 1738 401 1769 quas
417 1729 450 1759 in
461 1728 666 1767 persecutione
680 1736 735 1758 sua
747 1727 886 1767 pertulit.

235 1775 349 1807 Gratias
365 1784 419 1814 ego
435 1774 500 1811 tibi,
517 1774 652 1810 Domine,
670 1774 777 1813 gratias
801 1783 853 1813 ago
881 1774 934 1804 tibi
950 1773 1015 1811 soli,

195 1821 329 1860 cognitor
351 1819 498 1856 cordium,
528 1828 579 1849 rex
599 1819 695 1859 juSIe,
725 1819 1016 1854 misericordissime,

194 1866 244 1906 qui
260 1865 290 1895 in
310 1869 405 1895 terras
419 1863 613 1904 descendisti,
625 1867 655 1894 et
669 1873 790 1894 carnem
801 1864 1018 1900 induisti,Dens

196 1919 289 1948 meus,
308 1913 336 1940 et
356 1909 450 1939 factus
467 1918 498 1939 es
523 1909 602 1948 quod
626 1917 685 1938 non
702 1918 779 1946 eras,
807 1909 895 1938 homo
910 1909 1017 1939 similis

195 1955 281 1995 mihi,
294 1954 358 1985 sine
375 1953 549 1990 mutatione,
560 1953 625 1983 sine
637 1954 726 1990 ﬂuxu,
745 1957 773 1984 ct
787 1953 868 1983 omni
884 1958 1015 1993 peccato:

195 2004 227 2031 ut
243 2009 346 2040 passus
362 2003 403 2036 tu,
422 1998 471 2037 qui
488 1998 548 2038 pati
563 2008 621 2028 non
639 2002 768 2038 poteras,
795 1998 902 2037 injuste
917 1998 953 2029 ab
968 1998 1017 2028 in—

191 2044 293 2084 justis,
312 2043 385 2074 mihi
401 2043 539 2074 damnato
554 2044 737 2074 vacationem
753 2042 885 2073 omnium
900 2043 1016 2083 passio-

193 2099 264 2120 num
280 2088 495 2126 donares,dum
511 2087 643 2118 imitarer
654 2088 809 2128 passiones
821 2089 1016 2118 tua~..lustum

193 2134 283 2173 igitur
302 2133 449 2173 judicium
473 2136 566 2169 tuum,
578 2136 606 2162 et
626 2136 806 2172 praeceptum
825 2131 924 2168 simul,
938 2131 1015 2171 quod

1062 1592 1225 1628 mine,cum
1239 1594 1348 1632 injuste
1360 1593 1540 1634 patior.Cum
1552 1597 1649 1624 autem
1659 1593 1750 1632 juste,
1764 1592 1793 1622 id
1811 1593 1885 1623 mihi

1060 1637 1090 1667 in
1103 1638 1378 1677 compensationem
1404 1642 1605 1678 peccatorum,
1624 1642 1652 1668 et
1677 1637 1884 1677 purgationem

1059 1682 1321 1713 innumerabilium
1336 1683 1514 1713 delictorum
1531 1691 1662 1713 meorum
1678 1685 1751 1712 esto.
1766 1681 1882 1718 Quzeso,

1059 1726 1195 1765 Domine,
1207 1737 1244 1758 ne
1260 1727 1333 1758 mihi
1348 1737 1476 1768 unquam
1492 1727 1609 1758 labores
1624 1731 1675 1758 aut
1694 1727 1881 1764 tentationes,

1059 1776 1107 1802 aut
1117 1772 1292 1802 afﬂictiones
1300 1782 1390 1812 supra
1401 1773 1478 1803 vires
1488 1771 1742 1808 invehisinas;sed
1753 1771 1881 1809 exitum,

1060 1820 1087 1847 et
1097 1817 1133 1847 ad
1143 1816 1349 1847 sustinendum
1373 1816 1465 1847 rohur
1485 1817 1556 1847 mihi
1580 1826 1700 1857 semper
1717 1816 1881 1856 impertias.

1060 1861 1104 1891 Tu
1120 1861 1198 1891 enim
1210 1870 1242 1892 es
1252 1861 1397 1892 bonorum
1415 1862 1536 1901 largitor
1551 1861 1587 1892 ab
1603 1861 1698 1899 initio,
1715 1861 1759 1891 his
1770 1861 1820 1901 qui
1832 1871 1886 1901 po-

1060 1905 1159 1936 tentiae
1183 1911 1238 1936 tuae
1264 1915 1298 1936 ex
1318 1906 1417 1937 animo
1442 1906 1592 1946 supplices
1619 1905 1738 1942 cadunt,
1757 1914 1884 1945 erogans

1061 1950 1141 1989 fidei,
1151 1960 1344 1991 operumque,
1355 1955 1383 1981 et
1395 1951 1479 1981 bona:
1490 1952 1552 1991 spei
1565 1951 1754 1991 charismata,
1767 1950 1881 1981 etdona

1060 1996 1160 2026 omnia
1183 1995 1275 2026 divini
1296 1995 1498 2036 adorandique
1526 1995 1653 2036 Spiritus
1680 1995 1732 2031 tui,
1751 2004 1830 2026 nunc
1855 2000 1883 2026 et

1059 2049 1189 2080 semper,
1203 2040 1271 2071 etin
1285 2040 1393 2071 swcula
1408 2041 1597 2072 saeculorum.
1611 2041 1717 2071 Amen.

1350 2086 1471 2119 CAPUT
1485 2087 1585 2118 XXIV.

1058 2127 1238 2167 Supplexad
1245 2128 1338 2158 Deum
1346 2131 1537 2167 precoliopro
1544 2127 1664 2158 auxilio
1677 2129 1878 2166 impetrando.

194 2187 248 2208 nos
265 2186 384 2208 servare
396 2176 523 2216 jussisli,
539 2176 617 2216 quod
634 2176 754 2216 quidem
766 2180 809 2207 est
820 2176 945 2206 imitatio
962 2176 1014 2206 hu-
1025 2175 1047 2199 Ι)
1097 2174 1222 2205 Domine
1238 2176 1308 2205 .lesu
1329 2174 1455 2210 Christe,
1468 2174 1593 2205 Domine
1615 2174 1747 2206 Salvator
1762 2174 1879 2205 anima-

195 2222 327 2253 militatis
338 2226 394 2252 tua:
408 2230 415 2252 ε
431 2224 460 2251 ut
474 2221 725 2260 quemadmodum
743 2225 772 2250 tu
789 2230 892 2260 passus
906 2229 950 2254 es.
967 2220 1017 2260 qui

195 2271 317 2307 peccato
332 2266 464 2302 carebas,
483 2265 527 2296 sic
543 2274 595 2296 nos
610 2265 660 2305 qui
676 2265 873 2305 peccavimus,
893 2265 1016 2295 suffera-

196 2321 261 2342 mus
275 2310 387 2350 omnia,
413 2314 480 2350 puta
504 2310 693 2349 tentationes,
712 2309 945 2349 persecutiones,
965 2310 1016 2339 lla-

196 2356 286 2394 getla,
303 2354 520 2391 tribulationes,
538 2357 566 2384 et
579 2354 699 2384 tandem
720 2354 815 2393 ipsam
839 2363 955 2393 quoque
964 2363 1018 2384 ne-

194 2409 258 2431 cem
266 2399 302 2430 ab
312 2398 456 2439 improbis
463 2398 548 2429 nobis
555 2398 664 2429 illatam
671 2398 725 2430 .Tu
732 2398 810 2429 enim
820 2398 1018 2428 daemoniacus

194 2444 342 2481 audivisti,
369 2447 398 2474 et
419 2444 558 2474 seductor
570 2453 601 2474 es
616 2443 744 2480 habitus,
767 2447 795 2473 et
810 2443 864 2474 Dei
878 2443 1017 2473 adversa—

193 2489 267 2530 rius,
285 2493 315 2519 et
330 2488 537 2529 prmvaricator
552 2488 636 2528 legis.
649 2488 691 2519 Tu
702 2492 733 2519 ut
745 2487 928 2518 facinorosus
939 2497 1017 2518 com-

194 2534 370 2574 prehensus,
397 2533 514 2572 ligatus,
545 2537 574 2564 et
602 2533 708 2564 ductus
730 2542 762 2563 es
785 2532 876 2569 solus,
904 2532 1017 2563 cunctis

196 2578 360 2619 discipulis,
373 2577 514 2608 etamicis
527 2583 555 2608 te
567 2577 830 2609 deserentibus.Tu
842 2577 1016 2617 adjudicem

195 2627 227 2654 ut
246 2623 461 2653 condemnatus
485 2632 552 2653 cum
582 2622 776 2660 adducerere,
797 2631 884 2662 quam
902 2622 928 2652 is
944 2621 974 2652 in
991 2627 1018 2653 te

194 2667 315 2707 protulit
329 2665 507 2698 sententiam
519 2667 735 2706 suscepisti.Tu
758 2665 885 2702 locutus,
902 2666 1015 2706 alapam

193 2722 210 2743 a
224 2722 308 2743 servo
324 2711 503 2749 sustinuisti,
527 2715 557 2743 et
581 2716 693 2750 tacens,
710 2711 790 2742 illico
816 2711 902 2741 morti
918 2720 950 2742 es
964 2711 1017 2742 ad-

195 2757 291 2788 dictus
314 2767 321 2787 :
350 2765 418 2787 nam
448 2756 538 2787 verba
561 2760 609 2786 tua
629 2757 722 2786 instar
753 2755 843 2795 gladii
868 2755 1018 2787 sceleratis

195 2805 292 2832 erant.
308 2800 424 2832 Idcirco
439 2810 499 2831 non
522 2800 653 2831 ferentes
676 2801 735 2841 ipsi
749 2800 853 2840 injusti
873 2804 900 2830 te
923 2800 1018 2831 solum

193 2845 304 2888 justum
319 2844 626 2885 intueri,turpissimae
636 2845 704 2876 neci
716 2843 1018 2877 tedediderunt.Hinc

1056 2230 1134 2260 rum,
1152 2230 1168 2251 o
1181 2220 1270 2259 Deus,
1293 2221 1418 2251 Domine
1436 2222 1573 2251 virtutum
1590 2221 1722 2252 omnium
1745 2231 1810 2262 qum
1825 2221 1881 2252 sub

1057 2271 1211 2304 aspectum
1227 2265 1436 2305 subjiciuntur,
1454 2270 1483 2296 et
1498 2275 1562 2306 quae
1585 2275 1644 2296 non
1670 2265 1880 2306 subjiciuntur,

1058 2314 1161 2350 utpote
1177 2309 1312 2341 conditor
1326 2310 1457 2340 omnium
1474 2320 1541 2350 quae
1562 2310 1593 2340 in
1616 2309 1704 2347 caelo,
1734 2315 1762 2341 et
1792 2320 1882 2351 supra

1060 2354 1150 2385 cmlos
1163 2359 1242 2391 sunt,
1260 2355 1326 2385 cceli
1341 2355 1545 2395 coelorumque
1569 2355 1716 2396 omnium,
1743 2355 1883 2387 similiter

1059 2399 1191 2429 omnium
1207 2409 1272 2439 quae
1296 2400 1326 2430 in
1347 2403 1435 2440 terra,
1459 2404 1488 2431 et
1511 2399 1565 2430 sub
1592 2403 1671 2430 terra
1693 2404 1772 2431 sunt.
1790 2398 1834 2431 Tu
1849 2410 1883 2432 es

1058 2443 1145 2474 Deus.
1160 2448 1191 2475 et
1204 2444 1378 2475 Dominator
1391 2444 1543 2475 Dominus.
1562 2444 1606 2475 Tu
1626 2454 1713 2475 manu
1730 2449 1778 2476 tua
1794 2455 1881 2477 crea-

1060 2491 1153 2518 turam
1169 2498 1288 2519 omnem
1314 2489 1478 2527 concludis,
1495 2490 1634 2530 quoniam
1658 2490 1722 2530 ipsa
1746 2490 1882 2522 contines

1059 2532 1204 2563 universa.
1223 2533 1324 2564 Manus
1339 2537 1398 2571 tua,
1417 2534 1555 2572 Domine,
1573 2538 1617 2565 est
1629 2534 1680 2565 illa
1695 2544 1801 2574 magna
1825 2545 1882 2575 po-

1060 2580 1160 2614 testas,
1173 2588 1238 2618 quze
1250 2577 1344 2609 Patris
1359 2579 1537 2609 voluntatem
1554 2579 1694 2619 implens,
1708 2579 1879 2620 fabricatur,

1060 2627 1209 2661 operatur,
1228 2627 1321 2660 creat,
1339 2627 1367 2653 et
1378 2623 1563 2654 administrat
1587 2633 1635 2654 res
1659 2627 1776 2655 nostras
1792 2624 1880 2655 modo

1059 2667 1262 2698 inenarrabili.
1279 2667 1345 2707 Ipsa
1359 2667 1447 2707 igitur
1466 2672 1494 2698 et
1509 2677 1587 2699 nunc
1613 2677 1659 2699 me
1685 2668 1834 2709 produxit,
1853 2673 1884 2700 et

1058 2720 1125 2743 cum
1142 2722 1200 2743 non
1212 2722 1321 2749 essem,
1345 2712 1416 2744 fecit
1444 2717 1475 2743 ut
1491 2722 1600 2745 essem.
1618 2713 1675 2750 Qui
1691 2713 1778 2744 etiam
1795 2718 1882 2745 natus

1059 2756 1100 2787 ita
1115 2766 1196 2788 eram
1212 2758 1241 2789 in
1257 2758 1312 2788 hoc
1329 2757 1451 2798 mundo,
1464 2761 1496 2788 ut
1507 2759 1674 2798 ignorarem
1688 2762 1716 2788 te
1731 2758 1881 2789 omnimo-

1059 2801 1116 2839 dis,
1133 2801 1242 2833 bonum
1259 2802 1429 2840 Dominum,
1446 2807 1609 2834 creatorem
1622 2812 1732 2844 meum,
1744 2803 1882 2844 opificem

1060 2855 1172 2885 meum,
1188 2850 1217 2878 et
1229 2846 1322 2879 instar
1336 2847 1407 2878 caeci
1431 2856 1526 2886 eram,
1551 2851 1580 2879 et
1599 2847 1680 2879 velut
1703 2848 1789 2886 ἄθεος,
1812 2857 1882 2881 cum
