1978 3078
75 153 143 186 561

661 157 879 190 DIVINORUM
902 155 1065 187 AMORUM
1088 157 1220 188 LIBER.

1721 155 1778 188 582

78 233 148 254 non
173 233 291 254 nossem
309 225 402 255 Denm
415 233 524 254 meum.
537 224 580 255 Tu
593 224 691 264 itaque
704 224 843 255 misertus
853 223 911 254 mei
923 227 942 251 Α
954 221 1078 253 omnino
1087 222 1283 259 inaccessum,
1295 223 1729 264 omnineincircumscriptum,
1740 228 1783 255 to-

77 267 225 305 visitasti,
242 272 269 298 ct
283 268 457 300 convcrtisti
486 277 544 304 me,
565 278 631 299 cum
648 269 677 298 in
695 268 826 299 tenebris
842 267 915 298 mihi

78 312 251 348 illuxisses,
269 319 299 343 ct
315 313 430 343 tra\isti
447 322 494 344 me
509 313 544 343 ad
562 313 708 352 teipsum,
727 313 915 352 oductoquee

79 357 173 388 fovea
190 357 433 397 profundissima,
457 361 486 388 et
502 357 634 388 tenebris
644 357 793 394 vitiorum,
808 367 824 388 e
835 362 916 388 tene-

79 401 150 432 bris
165 402 317 433 altissimis
345 403 651 442 concupiscentiarum
682 406 711 433 et
735 403 914 442 voluptatum

82 447 179 486 hujus
195 447 272 483 vitae,
290 447 446 477 ostendisti
461 447 549 484 viam,
581 452 609 477 et
634 446 794 478 attribuisti
809 447 914 478 ducem

83 491 176 528 mihi,
194 491 244 532 qui
262 500 308 522 me
324 492 360 522 ad
378 492 716 522 mandatatuaservanda
727 492 913 532 perduceret,

81 545 176 575 quem
187 545 326 576 sequens,
339 536 453 566 solutus
466 546 538 567 cura
549 536 684 567 videbam
700 545 828 577 semper,
839 547 913 576 gau—

83 579 257 619 debamque
273 581 411 619 gaudium
429 581 648 620 inexplicabile,
662 581 855 613 vidensillum
868 586 916 612 tua

82 629 310 656 cozssectantem
329 626 465 665 vestigia,
481 631 509 656 et
521 632 619 657 tecum
632 626 851 667 colloquentem
864 636 916 657 sm-

84 666 166 708 pius.
184 669 260 705 Quin
276 670 363 700 etiam
380 671 495 711 videns,
512 678 538 702 te
568 671 648 711 pium
674 666 830 702 Dominum
848 681 913 702 cum

84 713 176 751 duce,
190 719 218 744 et
229 714 313 745 Patre
326 724 391 746 meo
400 715 546 756 spirituali
555 720 720 746 versantem
730 715 912 756 familiarius,

84 757 279 797 immensum,
294 769 441 800 supraque
450 761 538 791 ﬁdem
560 765 589 792 et
599 770 680 800 spem
690 760 814 800 concepi
829 769 913 792 amo-

84 812 150 833 rem
158 813 191 834 ac
199 803 378 835 desiderium
390 805 441 843 tui;
451 805 703 845 dicebamque,En
713 805 910 842 futuravideo,

85 851 114 877 et
127 856 251 886 regnum
266 850 408 880 ca-lorum
419 850 514 888 adest,
524 854 554 880 et.
573 849 650 880 bona
660 860 723 890 quae
735 850 837 880 oculus
853 859 912 880 non

84 891 171 928 vidit,
184 893 264 923 auris
280 903 337 924 non
354 895 464 925 audivit
475 895 518 931 36,
535 904 633 925 coram
649 895 772 934 aspicio,
790 895 912 935 ipsaque

84 936 183 967 habeo
199 948 206 974 ;
220 942 249 968 et
264 939 334 978 quid
346 939 473 978 amplius
486 939 594 979 spero?
611 944 661 970 aut
672 940 760 970 ﬁdem
777 949 870 970 meam
883 940 911 970 in

85 982 199 1021 quibus
213 983 280 1012 aliis
295 984 505 1014 demonstrabo
518 984 530 1015 ἱ)
545 985 622 1015 aliud
635 985 744 1025 quippe
756 985 851 1024 majus
866 985 912 1015 his

86 1035 147 1056 non
164 1027 231 1057 crit.
251 1029 323 1059 Cum
341 1029 370 1058 in
385 1029 431 1059 his
447 1038 555 1065 essem,
573 1034 602 1060 et
618 1029 647 1059 in
665 1029 709 1060 his
725 1029 909 1059 deliciasha-

87 1070 190 1101 berem
199 1074 421 1109 msas,etterris
429 1074 572 1105 Sustulisti
583 1078 694 1114 patrem
708 1083 824 1114 meum;
840 1073 910 1104 abs-

84 1115 179 1146 tulisti
194 1120 299 1147 ducetn
315 1127 412 1148 meum
425 1118 461 1149 ab
473 1119 567 1149 oculis
580 1119 664 1155 meis,
675 1118 856 1158 etreliquisti
864 1128 910 1148 me

85 1161 194 1197 solum,
211 1161 298 1201 plane
314 1163 490 1201 orphanum,
510 1164 596 1201 plane
613 1163 775 1203 desertum,
789 1167 813 1193 el
829 1163 909 1193 omni

87 1214 209 1244 prorsus
220 1206 327 1237 auxilio
338 1207 495 1238 destitum:
524 1213 553 1239 et
574 1209 631 1239 heu
651 1217 709 1240 me.
723 1209 822 1247 gregis
837 1217 910 1248 prze-

86 1250 195 1280 fectum
211 1259 244 1281 ac
263 1256 422 1289 pastorem,
437 1262 484 1283 me
496 1257 611 1283 rectore
631 1262 665 1283 ac
677 1256 773 1282 tutore
785 1262 852 1283 vere
864 1253 907 1282 vi—

86 1293 219 1332 duatum,
236 1296 436 1336 peregrinum,
449 1298 526 1337 quod
539 1297 601 1337 ipse
625 1297 701 1327 nosti
712 1296 825 1337 judicio
841 1306 911 1327 con-

87 1339 219 1370 stituisti.
236 1340 332 1376 Quare
348 1345 375 1372 te
405 1342 492 1372 modo
520 1342 693 1384 suppliciter
721 1351 802 1381 rogo.
829 1342 865 1372 ad
883 1346 911 1372 te

88 1393 199 1424 pronus
214 1385 319 1424 clamo,
338 1396 374 1417 ne
389 1387 566 1423 adverscris,
597 1396 694 1427 neque
709 1387 908 1426 derelinquas,

87 1434 138 1458 aut
153 1429 274 1460 deseras
290 1441 337 1462 me
353 1432 460 1472 solum,
480 1432 612 1462 Domine.
630 1431 712 1462 Nosti
729 1432 805 1462 viam
826 1436 906 1462 tran-

957 271 1018 298 tum
1030 267 1250 307 impalpabilem
1261 267 1276 297 ?
1290 267 1322 298 In
1330 267 1532 299 materialibus
1541 267 1782 306 immaterialem,

957 311 988 342 in
998 312 1242 352 corruptibilibus
1254 312 1525 353 incorruptibilem,
1534 313 1564 343 in
1581 312 1724 343 creaturis
1735 313 1783 343 in-

957 360 1101 393 creatum,
1119 357 1167 388 dic
1183 357 1254 388 mihi
1279 367 1336 397 quo
1363 361 1447 397 pacto
1474 357 1623 397 reperiam
1640 357 1652 388 ?
1680 356 1736 393 Qui
1752 357 1782 388 in

958 401 1070 431 mundo
1086 410 1164 439 sum,
1181 402 1328 442 quomodo
1345 406 1427 432 extra
1449 401 1593 432 mundum
1619 409 1669 432 ero
1685 401 1699 431 ?
1727 401 1783 438 Qui

958 446 1088 476 materiae
1103 446 1274 486 implicatus
1289 456 1367 483 sum,
1397 446 1545 487 quomodo
1560 455 1626 477 cum
1644 446 1782 478 immate-

957 489 1022 520 riali
1039 491 1235 521 consociabor
1250 490 1262 522 ?
1277 491 1333 527 Qui
1348 495 1430 522 totus
1445 500 1509 522 sum
1526 491 1711 531 corruptioni
1733 490 1783 521 ob-

957 537 1071 569 noxius,
1085 536 1234 576 quomodo
1247 545 1312 566 cum
1324 536 1460 566 interitus
1475 535 1573 566 omnis
1584 539 1705 575 experte
1721 535 1777 566 de—

958 579 1092 611 vinciar?
1108 579 1163 616 Qui
1181 589 1245 610 smn
1262 580 1292 610 in
1310 584 1415 618 morte,
1428 580 1578 620 quomodo
1588 580 1707 610 tandem
1716 580 1781 611 vitae

956 624 1224 664 appropinquabo?
1234 625 1293 664 Ego
1301 629 1447 662 mortuus,
1461 624 1782 665 quomodoimmortali

957 669 1079 709 propior
1095 670 1161 699 ﬁam
1177 669 1192 698 ‘?
1219 669 1274 704 Qui
1304 673 1383 700 totus
1411 678 1475 700 sum
1502 670 1615 706 fenum,
1634 669 1782 709 quomodo

956 713 1055 753 ignem
1069 717 1190 752 tangere
1198 713 1315 744 audebo
1325 717 1338 745 ?
1349 713 1563 745 Verumtamen
1575 723 1654 744 nunc
1662 722 1784 745 arcano-

955 767 1020 788 rum
1039 757 1264 789 dissolutionem
1280 758 1361 789 audi.

996 802 1170 842 Priusquam
1188 803 1294 833 coelum
1311 807 1338 833 et
1367 808 1443 834 terra
1473 803 1687 840 conderentur,
1703 803 1783 834 Deus

956 852 1019 878 erat
1029 846 1171 883 Trinitas,
1182 847 1262 878 solus
1274 847 1338 878 sine
1350 847 1442 886 socio,
1467 847 1516 878 lux
1535 847 1600 879 sine
1616 847 1777 888 principio,

924 882 943 906 Β
955 891 1002 921 lux
1018 891 1161 928 increata,
1178 891 1226 922 lux
1244 893 1361 931 penitus
1386 882 1558 929 ine'tfabilis,
1586 882 1665 923 Deus
1680 882 1779 930 verus,

953 936 1033 966 solus
1042 936 1283 969 interminabilis,
1295 937 1780 977 perpetuus,sempiternus,longe

953 980 1094 1020 optimus.
1113 980 1206 1011 Recte
1220 980 1355 1021 intellige
1372 982 1466 1012 Deum
1475 982 1621 1018 solum,in
1632 982 1781 1023 principio

953 1024 1127 1055 Trinitatem
1136 1025 1291 1065 plusquam
1301 1026 1366 1056 sine
1375 1026 1535 1066 principio,
1545 1030 1673 1067 etsuper
1687 1035 1779 1058 omne

953 1069 1145 1110 principium,
1165 1079 1254 1109 quam
1278 1080 1365 1101 nemo
1392 1071 1558 1110 imaginari,
1579 1072 1662 1111 cujus
1677 1071 1779 1102 altitu—

952 1114 1064 1153 dinem,
1075 1114 1320 1154 profunditatem,
1331 1115 1516 1146 latitudinem
1528 1115 1719 1146 metirinemo
1729 1125 1779 1156 po-

952 1161 1018 1195 test,
1031 1168 1155 1199 qumque
1167 1159 1392 1197 magnitudinis,
1406 1163 1434 1190 et
1448 1159 1522 1191 lucis
1542 1160 1643 1198 ﬁnem,
1662 1169 1696 1190 ac
1713 1169 1778 1190 mo-

951 1202 1021 1232 dum
1032 1203 1145 1234 nullum
1157 1202 1255 1234 habet.
1267 1203 1331 1234 Non
1341 1208 1404 1234 erat
1412 1213 1461 1234 aer
1471 1208 1501 1234 ut
1512 1214 1600 1242 nunc,
1611 1214 1669 1235 non
1677 1208 1776 1243 erant,

953 1247 1083 1278 tenebrae
1099 1247 1176 1284 ullae,
1202 1257 1261 1278 non
1284 1248 1396 1284 lumen,
1415 1258 1473 1279 non
1489 1258 1576 1289 aqua,
1595 1258 1655 1279 non
1671 1249 1774 1287 aether,

953 1303 1010 1324 non
1024 1294 1102 1324 aliud
1111 1303 1210 1325 rerum
1225 1294 1400 1335 quidquam.
1410 1295 1586 1326 Eratautem
1598 1295 1772 1332 solusDeus,

952 1338 1291 1378 spirituslucidissimus,
1304 1339 1503 1380 omnipotens,
1517 1345 1546 1370 et
1556 1340 1636 1370 omni
1650 1349 1776 1372 concre—

952 1383 1032 1414 tione
1048 1383 1134 1414 liber.
1153 1383 1181 1414 Is
1197 1384 1337 1422 Anticles,
1350 1384 1548 1424 Principatus,
1561 1389 1590 1415 et
1603 1385 1776 1425 [’otestates,

951 1428 1124 1465 Cherubim,
1142 1434 1171 1458 et
1185 1427 1354 1468 Serapbim,
1373 1429 1607 1466 Dominationes,
1626 1428 1776 1467 Thronos,

87 1475 144 1504 situ
163 1474 311 1506 difﬁcilem
327 1486 334 1513 ;
351 1477 425 1507 nosti
443 1477 590 1508 latronum
608 1476 692 1507 nobis
704 1477 907 1507 insidiantium
925 1512 937 1513 γ
951 1476 980 1502 et
994 1473 1059 1503 sine
1074 1473 1196 1504 nomine
1209 1473 1341 1509 ordines,
1359 1483 1427 1504 cum
1445 1473 1551 1504 timore
1567 1477 1596 1504 et
1611 1474 1778 1505 tremoreei

89 1519 233 1550 insaniam
247 1530 254 1557 ;
267 1521 492 1552 nostimalurum
504 1521 664 1552 bestiarum
673 1521 906 1559 multitudinem;
918 1512 938 1536 C
951 1517 1121 1548 assistentes
1136 1526 1170 1548 ac
1187 1517 1390 1548 ministrantes
1410 1518 1530 1550 creavit.
1548 1518 1654 1549 Postea
1669 1519 1776 1549 caelum

90 1566 169 1596 nosti
185 1565 421 1598 imbecillitatem
439 1576 534 1599 meam
551 1573 580 1598 et
595 1568 870 1608 ignorantiam,qua
879 1571 910 1598 ut

91 1610 177 1640 homo
192 1615 296 1642 teneor
318 1611 527 1643 Verumtamen
541 1613 628 1652 plane
638 1622 674 1643 ne
687 1612 837 1642 hominem
850 1621 908 1642 non

92 1658 171 1694 puto,
188 1655 240 1686 sed
257 1656 344 1695 longe
359 1657 435 1688 infra
451 1658 596 1688 homines.
615 1657 729 1698 Quippe
744 1657 908 1687 secundum

89 1699 187 1729 omnia
201 1700 334 1732 omnium
358 1705 537 1741 postremus,
565 1706 592 1732 et
621 1702 761 1732 minimus
775 1702 909 1732 omnium

89 1744 241 1775 hominum
254 1755 332 1776 sum.
351 1747 452 1778 Praebe
477 1747 561 1781 mihi,
594 1756 656 1783 rex,
674 1751 702 1777 et
718 1746 796 1777 Deus
813 1755 907 1782 meus,

88 1797 197 1829 quasso,
209 1799 342 1829 magnam
351 1791 585 1822 misericordiam
596 1795 685 1829 tuam,
693 1791 907 1830 qumdefectus,

88 1837 116 1862 et
132 1833 324 1874 negligentias
341 1845 421 1866 meas
433 1836 578 1876 suppleat,
603 1841 631 1867 et
648 1835 799 1866 hominem
815 1838 907 1865 totum

90 1878 261 1917 perfectum,
279 1885 307 1909 et
321 1880 481 1919 integrum,
500 1881 591 1917 nullo,
612 1880 690 1920 quod
708 1879 908 1910 necessarium

88 1922 138 1963 sit,
153 1928 288 1962 egentem
306 1925 413 1955 efﬁciat
430 1934 437 1961 ;
467 1930 496 1955 et
511 1925 551 1956 ita
568 1935 615 1955 me
632 1934 731 1955 coram
749 1928 776 1954 te
793 1933 908 1954 servum

88 1970 169 1997 tuum
182 1968 398 2006 indemnatum,
413 1969 486 2000 nulli
500 1969 727 2011 reprehensioni
738 1968 868 2004 afﬁnem,
881 1972 909 1998 et

90 2012 189 2043 laudes
205 2017 269 2043 tuas
284 2014 492 2052 prieiicantem
513 2019 619 2045 statuat
647 2014 677 2044 in
693 2013 801 2044 saecula
815 2022 907 2043 saecu-

88 2057 193 2087 lorum.
210 2058 304 2089 Amen

379 2105 497 2137 CAPUT
522 2105 609 2137 XXV.

89 2152 233 2188 Qumlam
250 2153 427 2191 theologica.
445 2154 575 2184 Mentem
590 2162 608 2183 (ι
637 2152 777 2183 sordibus
798 2155 907 2183 motio-

951 1566 982 1591 ut
992 1570 1153 1599 cameram,
1171 1571 1316 1602 corporea
1328 1566 1438 1593 natura
1451 1566 1603 1603 constans,
1616 1562 1774 1603 sensibile,

951 1615 1094 1644 crassum,
1112 1610 1141 1636 et
1154 1606 1335 1646 aspectabile
1352 1607 1504 1647 produxit,
1524 1611 1552 1638 et
1569 1611 1603 1638 ut
1617 1608 1680 1648 ipse
1696 1607 1777 1638 solus

951 1650 1040 1686 novit,
1058 1651 1088 1681 in
1118 1651 1180 1681 ictu
1204 1651 1283 1682 oculi
1312 1652 1455 1690 extendit,
1486 1652 1635 1693 simulque
1651 1656 1773 1690 terram,

950 1705 1051 1735 aquas,
1069 1699 1098 1726 et
1113 1704 1218 1726 omnes
1233 1695 1355 1736 abyssos
1370 1697 1400 1727 in
1417 1697 1516 1728 medio
1532 1697 1689 1737 complexu
1711 1698 1776 1737 ejus

950 1740 1012 1770 sola
1026 1740 1175 1770 voluntate
1193 1740 1262 1771 talia
1287 1741 1367 1779 fecit,
1396 1741 1494 1782 qualia
1522 1751 1600 1772 nunc
1615 1741 1748 1772 videmus
1767 1752 1774 1779 ;

951 1783 1118 1824 mansitque
1129 1786 1156 1815 in
1172 1784 1218 1815 bis
1227 1785 1328 1816 lumen
1340 1785 1412 1816 illud
1432 1786 1640 1823 immateriale,
1652 1785 1727 1816 nihil
1741 1795 1775 1816 ex

949 1828 996 1859 his
1008 1829 1200 1869 participans.
1225 1830 1337 1860 Ctelum
1355 1835 1522 1866 extensum,
1541 1834 1569 1860 et
1583 1831 1685 1861 sensui
1700 1830 1774 1861 sub-

947 1873 1071 1912 jectum,
1085 1878 1118 1904 ut
1130 1874 1202 1913 dixi,
1213 1883 1230 1904 a
1240 1874 1353 1904 lumine
1366 1875 1555 1905 immateriali
1565 1884 1622 1905 non
1632 1874 1775 1905 scintillas

950 1917 1063 1957 aliquas
1079 1918 1220 1949 excussit.
1233 1917 1306 1948 Nam
1320 1926 1386 1949 cum
1404 1919 1434 1948 in
1449 1918 1487 1948 iis
1502 1918 1552 1956 sit,
1569 1928 1634 1959 quze
1650 1918 1775 1950 materia

951 1966 1097 2000 constant,
1110 1966 1209 1993 tamen
1221 1966 1302 1993 extra
1313 1972 1347 1993 ca
1356 1963 1489 2000 omnino,
1501 1972 1560 1993 non
1569 1962 1773 2004 quidemloco,

951 2007 1003 2037 sed
1020 2010 1124 2037 natura
1140 2011 1168 2038 et
1183 2007 1313 2038 essentia
1328 2011 1385 2044 est,
1416 2016 1433 2037 a
1462 2006 1666 2038 materialibus
1681 2008 1772 2044 enim,

951 2051 1002 2090 qui
1014 2051 1186 2090 longissime
1195 2053 1278 2083 abest
1289 2061 1306 2082 a
1319 2051 1453 2088 materia,
1466 2056 1631 2091 separatur,
1650 2059 1708 2081 non
1725 2051 1775 2082 ba-

950 2095 1023 2126 bens
1038 2098 1136 2126 locum
1148 2096 1205 2126 sibi
1217 2096 1383 2136 proprium,
1392 2095 1631 2136 quandoquidem
1646 2104 1705 2125 non
1713 2095 1774 2126 cir-

949 2140 1170 2172 cumscribitur.
1184 2140 1250 2181 Ipse
1262 2140 1352 2172 verbo
1364 2140 1464 2171 omnia
1473 2140 1503 2170 in
1513 2141 1611 2180 seipso
1624 2139 1772 2180 producit,

128 2201 199 2233 num
225 2201 291 2224 cmn
318 2185 438 2224 multane
462 2194 669 2233 pugnantium
694 2196 904 2232 expurgatum,
920 2189 978 2217 Det
990 2188 1093 2233 nail”?
1109 2194 1126 2215 ³
1143 2185 1250 2233 ξπθίιιὶε
1266 2185 1412 2233 omnim-1%
1430 2185 1592 2233 εθὶυηίξῑυει
1609 2189 1774 2233 “fon?”

130 2231 224 2262 Deum
249 2233 445 2270 z‘nvisibilem,
462 2231 542 2264 ἐἴα
571 2231 756 2264 concrelimie
770 2231 907 2264 niatcriae

129 2271 256 2303 liberum
269 2274 417 2313 aspicere.

127 2319 216 2355 Quam
233 2320 309 2350 viam
321 2320 480 2357 ambulem,
494 2330 582 2360 quam
596 2319 730 2350 semitam
744 2319 903 2356 declinem,

86 2374 170 2404 quam
187 2364 337 2403 ingrediar
353 2369 478 2404 portam,
508 2374 595 2404 quam
626 2363 757 2404 aperiam
770 2364 903 2402 januam,

87 2410 160 2439 intra
176 2409 254 2449 quod
265 2409 444 2446 cubiculum,
458 2409 535 2439 intra
549 2418 647 2449 quam,
661 2408 835 2448 autqualem
849 2408 904 2438 do-

88 2464 165 2484 mum
183 2454 341 2485 inveniam.
371 2454 422 2493 qui
453 2463 539 2484 manu
565 2463 616 2483 sua
645 2457 727 2483 tenet
742 2452 906 2484 universa?

86 2499 177 2535 Quem
195 2503 324 2529 montem
338 2499 548 2538 conscendam,
561 2507 594 2529 ex
607 2507 665 2538 qua
681 2501 773 2537 parte,
788 2497 905 2537 etquod

86 2547 201 2574 antrum
213 2543 284 2574 illuc
292 2545 474 2583 contingam,
489 2548 633 2583 autquem
651 2542 786 2582 paludem
800 2551 906 2581 perva-

85 2588 168 2628 dens,
185 2587 295 2628 ubique
307 2587 903 2628 praesentem,ctincomprehensum,ina-

87 2633 277 2673 spectabilem
291 2634 400 2670 videre,
422 2633 522 2673 miser,
546 2637 574 2664 et
587 2633 723 2663 obtinere
739 2632 876 2663 merebor
891 2633 906 2662 ε)

86 2677 116 2708 In
133 2687 220 2718 quem
252 2678 398 2709 infernum
429 2677 620 2717 descendam,
652 2677 681 2707 in
702 2677 780 2717 quod
797 2677 903 2707 caelum

87 2722 252 2760 ascendam,
265 2726 293 2752 et
303 2723 389 2762 cujus
397 2722 487 2752 maris
499 2722 572 2753 ﬁnes
583 2725 692 2762 petam,
709 2724 741 2751 ut
755 2721 903 2752 inveniam

123 2807 177 2838 351
193 2808 262 2838 Cor.
281 2816 312 2843 ιι,
329 2807 357 2838 9.

949 2229 1049 2260 omnia
1064 2229 1095 2259 in
1109 2229 1220 2270 seipso,
1235 2233 1316 2260 extra
1333 2229 1433 2260 omnia
1447 2234 1501 2260 est.
1518 2228 1771 2265 Quemadmodum

949 2273 1027 2303 enim
1040 2277 1183 2310 mentem,
1199 2278 1228 2305 et
1240 2273 1379 2313 angelum
1397 2273 1486 2313 muri,
1501 2277 1530 2304 et
1546 2273 1645 2313 januaa
1654 2273 1693 2304 ab
1701 2273 1774 2303 aedi-

949 2317 1004 2348 bus
1020 2327 1077 2348 non
1094 2322 1207 2356 arcent,
1225 2327 1279 2349 nec
1307 2318 1386 2349 intus
1417 2317 1552 2349 detinent
1569 2326 1576 2348 :
1608 2318 1651 2348 sic
1666 2317 1772 2348 horum

949 2362 1045 2402 opifex
1060 2363 1230 2402 neutiquam
1247 2367 1340 2403 extra,
1357 2372 1412 2393 nec
1436 2364 1512 2393 intra
1535 2361 1654 2398 coelum,
1672 2371 1727 2392 nec
1741 2362 1772 2392 in

947 2407 1004 2437 alio
1018 2407 1095 2443 loco,
1107 2407 1159 2437 sed
1171 2407 1292 2438 omnino
1300 2407 1410 2448 ubique
1417 2407 1496 2438 Deus
1503 2410 1557 2444 est,
1568 2410 1773 2446 etsegregatus

948 2451 984 2482 ab
1000 2452 1137 2482 omnibus
1153 2461 1219 2482 cum
1237 2453 1361 2483 materia
1376 2452 1554 2492 conjunctis,
1573 2455 1602 2482 et
1627 2451 1737 2482 creatis
1757 2461 1774 2482 a

948 2505 980 2526 se
994 2496 1096 2528 rebus.
1112 2497 1233 2528 Factum
1251 2502 1295 2528 est
1310 2497 1399 2538 igitur
1427 2497 1548 2533 coelum,
1565 2500 1595 2527 et
1610 2500 1724 2534 natura,
1742 2501 1774 2527 ut.

948 2541 1059 2572 dictum
1072 2546 1128 2582 est,
1142 2551 1159 2572 a
1169 2543 1282 2574 lumine
1293 2542 1483 2574 immateriali
1491 2540 1664 2581 discrepuit,
1674 2545 1702 2572 et
1709 2547 1774 2571 tan-

949 2595 1036 2626 quam
1048 2586 1154 2617 domus
1165 2591 1228 2617 atra
1240 2587 1353 2628 absque
1363 2587 1476 2618 lumine
1495 2586 1602 2617 mansit
1615 2595 1621 2616 :
1644 2586 1691 2616 cui
1704 2586 1773 2616 uni-

948 2631 1094 2662 versitatis
1118 2631 1262 2662 Dominus
1292 2633 1385 2662 Solem
1414 2636 1443 2663 et
1458 2631 1559 2662 lunam
1575 2630 1721 2668 accendit,
1739 2635 1772 2662 ut

947 2675 1010 2715 ipsa
1022 2676 1177 2707 sensibilia
1188 2676 1224 2707 iis
1233 2677 1380 2714 lucerent,
1394 2676 1444 2717 qui
1455 2675 1594 2707 sensibus
1605 2679 1770 2706 uterentur.

947 2720 1035 2751 Dedit
1050 2721 1140 2752 etiam
1156 2721 1186 2751 in
1200 2730 1305 2753 manus
1317 2726 1432 2754 nostras
1441 2729 1534 2761 genus
1544 2719 1678 2761 luminis,
1692 2721 1771 2762 quod
