1982 3075
205 145 263 179 563

867 149 1057 182 SYMEONIS
1075 147 1251 181 JUNIORIS

1847 148 1914 180 564

205 217 1202 255 noctuluceret,eferroetsciliceexcussummirabiliter.Ariticum,
1235 222 1263 248 et
1290 217 1474 258 inopinabile
1512 226 1586 258 opus
1615 217 1667 248 Dei
1696 216 1847 248 altissimi.
1889 215 1916 247 Ο

205 259 271 300 Ipse
281 266 379 292 autem
392 262 466 292 nihil
478 271 636 294 commune
649 262 813 293 habetcum
826 263 885 293 ullo
904 263 1028 300 lumine,

207 305 289 336 omni
315 305 381 337 luce
411 306 549 344 lucidior,
582 306 729 347 longeque
756 307 1029 347 splendidissimus,

207 353 347 389 quantum
363 350 442 381 ferre
459 350 539 382 nulla
556 355 691 382 creatura
710 355 815 391 potest.
834 351 870 383 Ut
886 352 965 382 enim
980 361 1031 382 ra-

206 393 306 424 diante
319 393 382 425 sole
397 398 477 425 astra
503 403 562 426 non
588 399 733 435 apparent
749 406 756 427 :
788 395 831 426 sic
846 395 870 426 si
886 395 1032 427 Dominus

207 437 278 468 solis
289 437 390 469 lucere
398 439 535 476 voluerit,
552 440 616 479 ejus
625 444 723 471 ortum
735 449 821 471 nemo
838 441 937 470 vivens
948 440 1035 471 susti-

207 482 301 514 nebit.
319 482 504 524 Quapropter
520 488 649 514 mentem
668 484 791 524 pulveri,
815 484 858 515 rei
875 489 1036 524 corparatre

207 527 365 567 copulavit,
377 532 406 558 et
418 537 470 558 nos
482 529 618 559 homines
627 529 780 559 universos
790 530 818 559 in
832 529 1034 560 materialibns

208 571 372 611 collocavit,
390 576 422 603 ut
434 572 464 603 in
476 572 534 603 fide
545 573 706 611 constanti,
721 579 751 604 et
764 573 968 604 mandatorum
981 573 1033 604 ob-

207 616 384 653 servatione,
395 620 524 647 mentem
541 617 671 648 materiae
683 621 846 658 expertem,
863 627 950 657 quam
962 627 1034 657 prae-

206 660 397 691 varicationis
413 661 538 701 caligine
555 661 743 692 contudimus
764 666 792 692 et
817 662 1033 693 contaminavi~

208 713 274 735 mus
290 705 320 735 in
337 705 589 745 concupiscentiis
606 706 822 740 materialihus.
841 710 868 737 et
881 711 967 746 gustu
982 715 1035 736 vo-

208 749 351 789 luptatum
362 750 513 790 videlicet,
525 759 644 781 rursum
658 757 884 790 perpurgantes,
901 751 1035 782 immate-

209 793 283 824 riale
294 794 325 824 in
338 794 541 825 materialibus
554 795 789 826 immaterialiter
800 795 978 836 aspiciamus
992 795 1036 826 lu-

1075 262 1295 302 mysteriorum,
1313 272 1378 303 quae
1393 263 1509 293 occulte
1539 266 1722 302 peraguntur
1736 262 1840 293 virtus.
1859 261 1912 292 Tu

1078 310 1107 337 et
1123 307 1264 344 labentia,
1291 313 1321 338 et
1345 311 1455 338 aeterna
1479 306 1566 338 nobis
1580 307 1684 338 donas.
1716 306 1760 337 Tu
1786 311 1919 336 terrena

1078 360 1145 381 cum
1158 351 1342 389 cmlestibus,
1352 352 1517 391 praesentia,
1527 360 1592 382 cum
1604 351 1721 386 futuris,
1733 354 1763 381 ut
1772 350 1917 380 omnium

1078 395 1186 435 opifex,
1205 400 1236 426 ut
1252 400 1427 436 potestatem
1444 396 1556 426 habens
1576 395 1742 426 caelestium
1757 403 1791 426 ac
1806 398 1913 425 terre-

1077 440 1192 472 strium.
1221 440 1279 472 Cur
1304 440 1393 480 igitur
1425 439 1560 471 infelices
1588 449 1654 478 nos,
1685 440 1823 470 homines
1840 439 1915 479 plus

1078 494 1166 524 quam
1183 488 1211 515 te
1226 485 1388 524 diligimus,
1407 489 1435 515 et
1449 484 1508 515 illis
1538 483 1648 514 misere
1662 484 1792 524 amplius
1809 484 1913 514 servi:

1079 538 1154 566 mus,
1173 533 1204 559 ut
1218 529 1254 560 ab
1271 529 1314 560 eis
1330 529 1463 568 exiguam
1485 533 1514 560 et
1538 529 1644 559 tluxam
1662 528 1831 559 mercedem
1853 536 1911 558 re-

1078 572 1235 613 cipiamus,
1260 573 1368 613 quibus
1393 573 1559 604 addicimus
1587 572 1704 603 animas
1730 577 1862 609 nostras,
1882 576 1914 602 et

1076 626 1211 657 corpora,
1239 622 1270 648 ut
1285 617 1321 648 iis
1340 627 1395 648 ceu
1410 617 1485 648 vasis
1505 616 1611 647 vilibus
1626 617 1810 657 abjectisque
1826 616 1912 647 abu-

1078 665 1188 702 tantur,
1201 666 1227 692 et
1242 671 1308 692 cum
1321 662 1414 692 simus
1435 661 1570 693 membra
1586 666 1634 692 tua
1649 662 1764 692 domini
1779 661 1911 692 univer—

1077 715 1189 744 sorum,
1202 710 1313 745 sancta,
1324 707 1455 747 inquam,
1469 706 1604 737 membra
1613 706 1707 737 sancti
1725 706 1860 743 Domini,
1881 710 1913 736 et

1077 752 1162 790 cujus
1171 755 1301 792 potestas
1320 751 1440 782 aliunde
1456 761 1516 782 non
1532 750 1651 791 pendet,
1667 760 1725 781 non
1741 751 1910 791 perhorre-

1077 796 1188 826 scimus
1203 805 1238 827 ea
1254 796 1400 836 perversis
1431 795 1614 826 daemonibus
1630 799 1736 836 sponte
1752 799 1854 826 nostra
1871 795 1910 825 ad

208 847 277 870 men
293 838 379 876 illud,
390 839 468 879 quod
484 839 544 870 dixi
558 849 622 870 esse
636 839 729 870 Deum
743 841 900 880 plusquam
919 839 1033 880 absque
1045 842 1063 866 Β
1075 840 1236 871 fcedissime
1246 845 1428 880 peccandum
1444 849 1591 880 exponere
1602 840 1617 870 ἱ)
1629 840 1699 876 Quis
1713 849 1782 879 ergo
1796 849 1907 870 servo—

210 883 355 924 principio
368 884 463 914 oculis
475 884 541 914 istis
552 884 705 924 corporeis
728 884 988 925 inaspectabilem,
1008 889 1037 916 et

209 927 460 958 intellectualibus
472 928 571 959 cordis
582 928 676 959 oculis
690 929 1037 960 inaccessibilem.Miror

210 972 303 1008 enim,
315 982 372 1012 quo
385 977 470 1012 pacto
482 972 592 1011 anima,
607 983 673 1004 cum
687 977 747 1004 tota
759 983 775 1004 a
786 974 909 1005 materia
924 978 1036 1004 semota

211 1019 260 1055 sit,
275 1021 303 1049 et
316 1017 547 1048 intellectualem
576 1019 683 1049 mentis
713 1018 831 1049 oculum
846 1018 964 1056 habeat,
982 1028 1036 1049 ceu

211 1062 326 1093 duabus
341 1061 480 1094 fenestris
493 1062 677 1093 sensibiliter
704 1072 757 1093 usa
784 1062 917 1102 corporis
930 1063 1036 1103 oculis,

212 1115 266 1148 per
279 1107 398 1138 eosdem
413 1107 598 1147 prospiciens
609 1107 709 1138 omnia
716 1117 782 1148 qua!
794 1107 886 1138 videri
902 1111 1035 1147 possunt,

211 1151 323 1191 videat,
331 1160 511 1191 reversaque
518 1151 619 1182 omnia
628 1151 682 1182 sub
695 1152 879 1182 intellectum
890 1151 1036 1187 cadentia,

214 1200 243 1227 et
257 1195 381 1226 materia
396 1196 529 1227 vacantia
552 1196 789 1226 immaterialiter
812 1196 921 1233 videat,
954 1200 983 1226 et
1007 1196 1038 1226 in

213 1240 311 1272 medio
319 1241 801 1281 pereuntium,acpermanentium
811 1240 1037 1281 singularique-

211 1285 278 1316 dam
296 1286 384 1316 modo
400 1285 532 1326 detenta,
549 1286 585 1316 ab
601 1285 659 1315 illis
671 1285 707 1315 ad
727 1285 905 1325 voluptates,
924 1290 953 1315 et
966 1285 1037 1316 vitia

213 1331 400 1371 pertrahatur
417 1341 423 1362 :
454 1330 491 1361 ab
522 1330 580 1360 illis
595 1334 698 1360 contra
712 1330 747 1360 ad
765 1330 871 1360 coelum
888 1330 965 1360 velut
980 1330 1037 1360 alis

211 1375 365 1412 subvecta,
377 1375 418 1405 ibi
430 1375 596 1406 consistere
605 1374 779 1412 contendat;
789 1374 1037 1405 sedabstrahatur

212 1423 322 1458 tamen,
340 1420 507 1460 iterumque
523 1419 678 1450 subvolare
693 1419 833 1449 ardenter
844 1419 971 1457 studeat,
984 1428 1038 1459 per

211 1465 318 1496 cazlum
331 1464 455 1504 cupiens
470 1464 620 1502 incedere,
635 1468 664 1494 et
675 1464 728 1494 sub
741 1473 772 1494 se
789 1472 912 1494 cernere
927 1465 1037 1503 omnia,

1078 894 1144 915 rum
1161 889 1277 916 tuorum
1295 885 1425 916 ﬁdelium
1442 895 1458 915 a
1473 884 1609 924 lacrymis
1621 884 1824 924 temperabit?
1838 884 1909 923 quis

1078 929 1152 960 adeo
1178 933 1366 969 arrogantem
1395 929 1547 960 audaciam
1572 938 1631 959 non
1660 928 1907 959 lamentabitur‘!

1079 974 1145 1014 quis
1159 983 1217 1005 non
1238 979 1346 1005 tantam
1362 974 1531 1014 patientiam
1546 977 1636 1009 tuam,
1649 972 1908 1010 Deus,venerabi-

1079 1021 1150 1049 tur?
1176 1020 1242 1060 quis
1253 1019 1458 1059 divinijudicii
1468 1019 1694 1049 retributionem
1708 1027 1766 1048 non
1782 1017 1907 1048 tremis-

1079 1068 1124 1094 cet
1140 1064 1154 1093 ‘?
1183 1064 1327 1102 gehennae
1352 1064 1491 1094 videlicet
1511 1063 1610 1100 ignem
1626 1062 1860 1099 intolerabilem,
1879 1066 1910 1093 et

1079 1107 1168 1138 nullis
1183 1108 1429 1148 exstinguendum
1446 1107 1572 1144 saeculis,
1585 1107 1635 1137 ubi
1648 1108 1745 1143 tletus,
1757 1106 1909 1137 etstridor

1079 1153 1226 1192 dentium,
1244 1157 1272 1183 et
1287 1153 1371 1183 dolor
1400 1162 1458 1183 non
1489 1151 1690 1189 consolabilis,
1708 1155 1737 1182 et
1751 1151 1907 1182 cruciatus

1079 1197 1308 1237 inexplicabilis.

1121 1241 1189 1279 Sed,
1203 1252 1220 1272 ο
1232 1241 1293 1280 Sol,
1307 1242 1377 1272 solis
1388 1241 1477 1281 hujus
1487 1250 1575 1282 quem
1589 1240 1752 1278 cernimus,
1769 1245 1798 1271 et
1813 1241 1904 1279 lunae,

1081 1290 1112 1317 et
1126 1286 1258 1317 siderum
1274 1286 1420 1326 omnium,
1439 1290 1468 1316 et
1483 1286 1569 1326 lucis,
1587 1289 1614 1316 et
1631 1285 1720 1316 totius
1732 1294 1833 1316 rerum
1851 1295 1905 1316 na-

1079 1335 1151 1362 tura":
1163 1332 1310 1368 conditor,
1325 1331 1475 1362 absconde
1487 1340 1533 1361 me
1546 1330 1582 1360 ab
1594 1330 1640 1361 his
1666 1330 1695 1360 in
1713 1334 1761 1360 tuo
1777 1330 1903 1371 lumine,

1079 1375 1156 1405 utin
1172 1384 1207 1406 eo
1225 1379 1253 1406 te
1270 1376 1362 1406 solum
1378 1375 1509 1412 intuens,
1523 1374 1677 1411 mundum,
1695 1378 1723 1404 et
1738 1383 1772 1404 ea
1787 1383 1854 1414 qua}
1873 1375 1902 1404 in

1080 1420 1189 1450 mundo
1205 1425 1282 1457 sunt,
1295 1430 1354 1450 non
1362 1420 1477 1450 videam
1492 1429 1498 1449 τ
1522 1419 1574 1450 sed
1588 1423 1616 1450 et
1632 1418 1735 1449 videns
1752 1418 1809 1449 sim
1820 1419 1905 1458 quasi

1081 1474 1138 1495 non
1155 1465 1300 1506 viderem,
1316 1469 1346 1496 et
1369 1465 1494 1496 audiens
1518 1464 1601 1504 quasi
1623 1473 1682 1494 non
1697 1463 1845 1494 audirem.
1865 1464 1905 1494 Et

212 1518 277 1550 qua:
292 1513 412 1549 aspectu
428 1509 609 1540 sentiuntur.
627 1508 698 1539 Nam
729 1518 795 1539 cum
812 1508 913 1538 omnia
930 1518 993 1548 qum
1008 1509 1036 1539 in
1048 1523 1069 1549 ο
1081 1510 1158 1550 quod
1174 1510 1282 1541 accidit
1311 1509 1482 1540 sedentibus
1510 1509 1540 1539 in
1572 1508 1660 1548 hujus
1676 1507 1740 1538 vitae
1757 1508 1900 1545 tenebris,

213 1553 324 1586 mundo
340 1558 420 1590 sunt,
438 1553 496 1593 ipsi
527 1553 626 1592 laquei
658 1552 823 1590 videantur,
842 1553 919 1583 male
936 1553 1038 1584 metuit

212 1598 310 1638 plane,
323 1599 354 1628 in
366 1603 443 1629 terra
455 1597 572 1637 ingredi
586 1601 615 1628 et
625 1597 791 1637 considere,
805 1606 843 1627 ne
854 1597 1038 1638 istislaqueis

214 1643 364 1683 implicata
378 1644 555 1679 retineatur,
570 1645 598 1672 et
618 1641 777 1672 immitium
793 1641 953 1672 bestiarum
970 1651 1038 1673 esca

212 1688 273 1719 ﬁat.
289 1687 370 1718 Talis
380 1687 508 1727 piorum,
519 1686 664 1724 fidelium,
687 1690 893 1717 etsanctorum
905 1686 1035 1718 omnium

212 1733 269 1763 vita
284 1738 340 1772 est,
359 1741 449 1772 quam
474 1741 578 1762 omnes
602 1731 714 1762 imitari
729 1735 845 1771 oportet
861 1742 868 1768 ;
897 1734 928 1761 ut
944 1732 1035 1762 etiam

213 1785 280 1807 cum
297 1776 403 1806 iisdem
420 1775 535 1806 Christo
551 1776 624 1813 Deo,
643 1776 850 1806 universorum
865 1775 969 1815 judici,
987 1776 1037 1806 in-

212 1824 313 1852 sontes
327 1820 479 1859 sistantur,
497 1824 526 1850 et
542 1820 677 1859 ejusdem
689 1821 775 1860 regni
788 1824 876 1860 atque
891 1820 992 1859 gloriae
1007 1821 1036 1851 in

213 1875 302 1896 omne
317 1874 409 1896 aevum
425 1869 578 1896 consortes
595 1865 678 1896 ﬁant.

497 1911 616 1943 CAPUT
650 1911 751 1943 XXVI.

212 1951 389 1982 Desiderium.
412 1953 437 1988 et
449 1957 572 1980 amem
586 1960 653 1988 erga
667 1953 755 1981 Deum
770 1954 892 1988 quamvis
906 1959 1036 1984 amorem,

247 1991 272 2017 et
282 1988 396 2024 quodvis
407 1987 572 2016 desiderium
585 1987 739 2024 humanum
746 1987 948 2020 transcendere,
960 1996 1037 2016 men—

248 2023 352 2059 temque
365 2026 549 2059 purgatorum
563 2024 594 2051 in
609 2024 702 2052 lumen
716 2023 764 2051 Dei
779 2025 946 2056 immersam,
965 2024 1036 2052 diri-

246 2068 314 2088 nam
336 2062 468 2087 naturam
491 2059 613 2096 induere,
640 2059 755 2096 indeque
779 2060 886 2089 Christi
911 2061 1035 2090 mentem.

247 2103 296 2125 seu
308 2103 420 2124 sensum
434 2095 578 2131 appellari.

253 2137 442 2169 Incredibilis
455 2137 645 2177 pulchritudo
662 2141 721 2173 tua,
737 2137 863 2168 Domine
889 2137 971 2173 Jesu,
987 2137 1036 2167 in-

212 2182 422 2222 comparabilis
439 2182 566 2222 species,
577 2181 735 2212 inetl'abilis
748 2181 904 2221 elegantia,
921 2191 1036 2212 sermo-

215 2236 282 2258 nem
299 2230 328 2257 et
343 2226 515 2267 opinionem
530 2228 661 2257 vincunt.
679 2227 776 2257 Mores
796 2227 848 2263 tui,
866 2226 993 2263 bonitas,
1011 2230 1039 2256 et

215 2271 411 2302 mansuetudo
428 2275 476 2301 tua
491 2270 624 2301 omnium
652 2271 820 2302 mortalium
847 2271 1039 2309 cogitationes

214 2316 374 2348 excedunt.
385 2315 514 2356 Ideoque
525 2315 705 2346 desiderium
719 2316 771 2354 tui,
787 2320 815 2347 et
824 2324 907 2346 amor
918 2324 987 2355 erga
997 2320 1036 2355 te,

215 2370 334 2392 omnem
350 2360 505 2391 hominum
520 2369 665 2396 amorem,
689 2370 722 2391 ac
739 2359 921 2391 desiderium
940 2360 1040 2391 multis

217 2406 349 2447 partibus
359 2409 490 2446 superat.
505 2404 652 2441 Quantum
668 2405 747 2435 enim
761 2409 789 2435 tu
810 2404 1041 2443 aspectabilibus

213 2450 379 2490 antecellis,
390 2454 470 2480 tanto
484 2450 579 2489 major
591 2454 636 2480 est
652 2459 736 2480 amor
752 2450 804 2489 tui,
823 2448 852 2480 et
864 2459 982 2479 omnem
991 2450 1041 2489 qui

214 2495 385 2526 hominibus
396 2494 694 2526 interceditamorem
706 2493 858 2534 obscurat,
869 2503 973 2525 omnes
981 2503 1041 2525 cor-

214 2548 371 2580 porearum
386 2538 570 2579 voluptatum
598 2547 715 2569 amores
743 2538 859 2572 evertit,
878 2547 1041 2579 omnesque

214 2584 306 2615 malas
321 2583 496 2624 cupiditates
512 2592 578 2614 mox
594 2583 724 2623 repellit.
751 2584 826 2613 Vere
837 2583 917 2614 enim
934 2591 1040 2613 concu-

213 2627 515 2669 piscentiaitenebrte
539 2631 618 2658 sunt.
651 2631 679 2657 et
709 2635 766 2658 nox
787 2627 931 2667 profunda
947 2627 1040 2666 turpis

213 2677 402 2714 peccatorum
420 2672 616 2712 perpetratio,
634 2681 718 2702 amor
740 2675 850 2708 autem,
869 2675 897 2702 et
911 2671 1039 2702 Charitas

214 2726 284 2756 erga
298 2720 329 2748 te
344 2717 394 2747 lux
411 2726 418 2746 :
435 2725 500 2756 qum
520 2725 589 2746 cum
604 2715 635 2746 in
657 2715 813 2746 animabus
829 2716 920 2746 Deum
933 2724 1037 2746 aman-

215 2761 291 2792 tibus
298 2761 438 2798 exoritur,
449 2760 530 2791 illico
539 2760 670 2801 depulsis
684 2760 938 2801 perturbationum
950 2769 984 2791 ac
992 2770 1038 2791 vo-

214 2805 357 2846 luptatum
375 2804 518 2842 tenebris,
535 2804 616 2836 diem
631 2806 756 2837 ἀππθείας
771 2804 921 2836 dili'undit.
941 2805 965 2836 0
980 2806 1037 2837 mi-

1080 1554 1188 1594 quibus
1204 1554 1392 1594 operiuntur,
1410 1555 1602 1594 voluptatum,
1624 1553 1756 1593 inquam,
1775 1556 1804 1583 et
1818 1561 1902 1584 vanae

1079 1599 1190 1638 gloriaa,
1208 1599 1342 1630 videntes
1367 1609 1424 1629 non
1456 1598 1556 1629 vident
1571 1597 1695 1638 gloriam
1715 1601 1792 1627 tuam
1809 1597 1902 1628 ccele-

1079 1647 1166 1680 stem,
1179 1647 1208 1674 et
1221 1643 1374 1673 audientes
1385 1643 1521 1674 mandata
1539 1651 1573 1672 ac
1585 1645 1732 1682 praecepta
1741 1646 1799 1679 tua,
1815 1651 1902 1682 pror-

1079 1698 1129 1720 sus
1144 1698 1203 1720 non
1219 1689 1399 1728 intelligunt,
1430 1688 1508 1718 idem
1539 1687 1611 1717 mihi
1639 1688 1794 1718 usuveniet
1808 1687 1839 1718 in
1854 1688 1901 1718 lu-

1079 1733 1159 1764 mine
1175 1737 1408 1770 tuo,cumtnon
1439 1732 1546 1762 videbo
1573 1732 1727 1769 mundum,
1755 1741 1810 1763 nec
1838 1741 1904 1772 quae

1079 1778 1208 1809 mundus
1225 1779 1368 1810 continet.
1385 1777 1457 1813 Quis
1473 1786 1600 1817 namque
1624 1781 1653 1807 te
1668 1778 1741 1814 viso,
1760 1782 1789 1807 et
1803 1786 1820 1806 a
1835 1778 1900 1815 glo-

1079 1822 1134 1863 ria,
1152 1822 1310 1863 divinoque
1326 1822 1438 1852 lumine
1449 1825 1496 1852 tuo
1509 1830 1541 1851 se
1561 1821 1737 1851 illustratum
1755 1821 1899 1858 sentiens,

1079 1877 1137 1897 non
1154 1871 1297 1904 mentem,
1324 1866 1464 1903 animatn,
1492 1869 1521 1896 et
1555 1865 1718 1905 praecordia
1732 1865 1903 1896 immutatus

1079 1916 1134 1948 est,
1153 1912 1298 1952 aliterque
1312 1912 1425 1948 videre,
1442 1915 1472 1941 et
1485 1911 1588 1941 audire
1605 1912 1713 1948 ingenti
1731 1920 1804 1941 sane
1819 1911 1901 1941 ditTe-

1078 1956 1173 1987 rentia
1189 1956 1320 1986 meruit?
1336 1955 1525 1994 Immergitur
1532 1955 1641 1995 quippe
1651 1964 1734 1985 mens
1746 1956 1774 1985 in
1787 1955 1899 1986 lumine

1079 2005 1138 2038 tuo,
1157 2005 1184 2031 et
1199 2001 1296 2031 simile
1311 2000 1412 2039 gloriae
1428 2004 1483 2030 tuae
1499 1999 1601 2030 lumen
1618 2000 1750 2040 perfecte
1766 2000 1901 2040 adipisci-

1078 2050 1135 2085 tur,
1148 2050 1176 2075 et
1188 2045 1394 2085 hujuscemodi
1407 2054 1491 2074 mens
1505 2048 1552 2075 tua
1566 2048 1695 2083 vocatur,
1708 2054 1773 2075 cum
1787 2048 1816 2075 tu
1834 2054 1896 2075 eam

1077 2089 1213 2129 dignatus
1230 2090 1271 2120 sis
1287 2089 1361 2126 fieri,
1377 2094 1405 2119 et
1421 2088 1531 2120 habere
1549 2095 1678 2119 mentem
1695 2089 1759 2119 sive
1775 2098 1894 2119 sensum

1081 2139 1177 2171 tuum,
1195 2139 1350 2173 tecumque
1377 2134 1477 2164 unilur
1504 2133 1621 2163 vinculo
1637 2133 1846 2164 indissolubili.
1863 2133 1897 2164 Et

1080 2179 1228 2219 quomodo
1241 2188 1300 2208 non
1316 2178 1417 2208 omnia
1432 2177 1657 2218 imperturbate,
1674 2177 1750 2208 sicut
1771 2182 1811 2217 tu,
1824 2178 1901 2208 vide-

1081 2223 1123 2254 bit
1138 2227 1166 2254 et
1190 2222 1317 2253 audiet?
1346 2225 1496 2262 quomodo
1520 2221 1702 2252 divinitatem
1730 2227 1897 2260 consecuta,

1080 2268 1230 2308 quidpiam
1246 2267 1323 2307 quod
1341 2268 1427 2297 sensu
1447 2266 1637 2306 percipiatur,
1656 2271 1775 2307 expetet.
1790 2266 1802 2297 ?
1831 2277 1899 2307 quo-

1081 2313 1168 2343 modo
1183 2312 1282 2349 labile,
1299 2316 1326 2342 el
1339 2311 1519 2351 corruptioni
1536 2310 1695 2341 obnoxium
1714 2311 1836 2351 aliquid,
1848 2321 1898 2342 seu

1081 2358 1197 2388 inanem
1213 2356 1347 2396 gloriam,
1365 2365 1429 2396 quae
1454 2355 1602 2392 omnibus,
1633 2359 1662 2385 et
1689 2356 1770 2386 omni
1797 2356 1897 2395 gloria,

1081 2411 1146 2442 quae
1156 2401 1284 2438 videtur,
1310 2401 1405 2439 major
1429 2398 1495 2430 est?
1511 2401 1586 2431 Nam
1603 2399 1654 2439 qui
1670 2399 1808 2430 omnibus
1823 2400 1896 2437 istis,

1082 2457 1147 2487 quae
1161 2447 1191 2477 in
1207 2446 1308 2476 oculos
1325 2445 1489 2479 incurrunt,
1504 2445 1622 2485 spretis,
1637 2445 1668 2474 in
1680 2445 1732 2476 Dei
1746 2444 1896 2475 familiari-

1083 2495 1171 2522 tatem
1187 2501 1219 2521 se
1245 2489 1416 2526 insinuavit,
1440 2489 1485 2519 vel
1502 2489 1598 2529 potius
1614 2489 1676 2529 ipse
1691 2499 1807 2529 quoque
1824 2491 1898 2521 Deus

1081 2536 1254 2576 appellatur,
1267 2535 1317 2575 qui
1331 2534 1450 2564 tandem
1465 2543 1499 2564 ex
1515 2533 1593 2565 intra
1612 2543 1643 2564 se
1652 2534 1820 2573 jacentibus
1835 2534 1896 2574 glo-

1081 2581 1154 2611 riam
1164 2581 1266 2616 ullam,
1280 2578 1460 2610 autdelicias
1474 2579 1552 2610 volet
1567 2588 1700 2618 quzerere
1714 2579 1726 2609 ‘.’
1738 2579 1806 2609 Haec
1821 2580 1895 2610 enim

1080 2625 1211 2666 profecto
1229 2623 1335 2664 pudori
1351 2632 1385 2654 ac
1397 2623 1537 2654 dedecori
1549 2628 1620 2654 sunt
1631 2624 1683 2661 illi,
1701 2624 1893 2660 contumeliae,

1080 2668 1274 2710 contemptui,
1291 2667 1431 2698 infamiae.
1448 2667 1546 2698 Gloria
1562 2672 1671 2702 autem,
1690 2673 1718 2698 et
1731 2668 1853 2705 deliciae,
1868 2673 1896 2699 et

1079 2715 1188 2746 divitia:
1202 2714 1266 2753 ejus
1282 2713 1360 2744 Deus
1375 2711 1515 2752 Trinitas,
1532 2721 1655 2752 quaeque
1679 2712 1740 2748 Dei,
1756 2722 1790 2743 ac
1802 2713 1896 2744 divina

1080 2763 1160 2796 sunt,
1176 2767 1265 2798 quem
1283 2757 1369 2787 decet
1393 2756 1490 2787 omnis
1513 2756 1616 2796 gloria,
1646 2757 1753 2794 honor,
1771 2757 1896 2796 potentia

1079 2813 1209 2845 semper,
1228 2806 1257 2834 et
1271 2810 1360 2839 nunc,
1378 2805 1406 2831 et
1422 2801 1452 2831 in
1469 2801 1568 2832 omnia
1585 2801 1703 2834 saecula.
1721 2802 1826 2833 Amen.
