  <div class='ocr_page' id='page_1' title='image "/cluster/home/n/w/nwhite01/storage/ocr_20150623/120/njp.32101010943973/378.png"; bbox 0 0 1982 3075; ppageno 0'>
   <div class='ocr_carea' id='block_1_1' title="bbox 55 116 129 148">
    <p class='ocr_par' dir='ltr' id='par_1_1' title="bbox 55 116 129 148">
     <span class='ocr_line' id='line_1_1' title="bbox 55 116 129 148; baseline -0.014 0"><span class='ocrx_word' id='word_1_1' title='bbox 55 116 129 148; x_wconf 76' lang='grc'><strong>565</strong></span> 
     </span>
    </p>
   </div>
   <div class='ocr_carea' id='block_1_2' title="bbox 359 181 616 214">
    <p class='ocr_par' dir='ltr' id='par_1_2' title="bbox 359 181 616 214">
     <span class='ocr_line' id='line_1_2' title="bbox 359 181 616 214; baseline 0.004 -1"><span class='ocrx_word' id='word_1_2' title='bbox 359 181 477 213; x_wconf 86' lang='lat' dir='ltr'><strong>CAPUT</strong></span> <span class='ocrx_word' id='word_1_3' title='bbox 500 181 616 214; x_wconf 80' lang='lat' dir='ltr'><strong>XXVII.</strong></span> 
     </span>
    </p>
   </div>
   <div class='ocr_carea' id='block_1_3' title="bbox 65 225 902 262">
    <p class='ocr_par' dir='ltr' id='par_1_3' title="bbox 65 225 902 262">
     <span class='ocr_line' id='line_1_3' title="bbox 65 225 902 262; baseline 0 -8"><span class='ocrx_word' id='word_1_4' title='bbox 65 225 219 261; x_wconf 74' lang='lat' dir='ltr'><strong>Confessio</strong></span> <span class='ocrx_word' id='word_1_5' title='bbox 233 227 332 262; x_wconf 68' lang='lat' dir='ltr'><strong>gratia;</strong></span> <span class='ocrx_word' id='word_1_6' title='bbox 346 226 483 254; x_wconf 80' lang='lat' dir='ltr'><strong>donorum</strong></span> <span class='ocrx_word' id='word_1_7' title='bbox 507 226 563 256; x_wconf 71' lang='lat' dir='ltr'><strong>Dri.</strong></span> <span class='ocrx_word' id='word_1_8' title='bbox 589 229 613 254; x_wconf 77' lang='lat' dir='ltr'><strong>ct</strong></span> <span class='ocrx_word' id='word_1_9' title='bbox 627 225 757 262; x_wconf 85' lang='lat' dir='ltr'><strong>quomodo</strong></span> <span class='ocrx_word' id='word_1_10' title='bbox 773 226 803 254; x_wconf 82' lang='lat' dir='ltr'><strong>in</strong></span> <span class='ocrx_word' id='word_1_11' title='bbox 820 227 902 254; x_wconf 77' lang='lat' dir='ltr'><strong>Patre</strong></span> 
     </span>
    </p>
   </div>
   <div class='ocr_carea' id='block_1_4' title="bbox 107 262 899 298">
    <p class='ocr_par' dir='ltr' id='par_1_4' title="bbox 107 262 899 298">
     <span class='ocr_line' id='line_1_4' title="bbox 107 262 899 298; baseline 0 -9"><span class='ocrx_word' id='word_1_12' title='bbox 107 262 169 298; x_wconf 56' lang='lat' dir='ltr'><strong>haec</strong></span> <span class='ocrx_word' id='word_1_13' title='bbox 195 263 329 290; x_wconf 77' lang='lat' dir='ltr'><strong>scribente</strong></span> <span class='ocrx_word' id='word_1_14' title='bbox 356 262 477 298; x_wconf 73' lang='lat' dir='ltr'><strong>Spiritus</strong></span> <span class='ocrx_word' id='word_1_15' title='bbox 503 263 624 290; x_wconf 84' lang='lat' dir='ltr'><strong>Sanctus</strong></span> <span class='ocrx_word' id='word_1_16' title='bbox 651 264 777 297; x_wconf 82' lang='lat' dir='ltr'><strong>operatus</strong></span> <span class='ocrx_word' id='word_1_17' title='bbox 804 262 899 296; x_wconf 79' lang='lat' dir='ltr'><strong>fuerit.</strong></span> 
     </span>
    </p>
   </div>
   <div class='ocr_carea' id='block_1_5' title="bbox 108 297 901 368">
    <p class='ocr_par' dir='ltr' id='par_1_5' title="bbox 108 297 901 368">
     <span class='ocr_line' id='line_1_5' title="bbox 109 297 901 333; baseline 0 -8"><span class='ocrx_word' id='word_1_18' title='bbox 109 297 182 325; x_wconf 81' lang='lat' dir='ltr'><strong>Item</strong></span> <span class='ocrx_word' id='word_1_19' title='bbox 195 306 212 332; x_wconf 72' lang='grc' dir='ltr'><em>α</em></span> <span class='ocrx_word' id='word_1_20' title='bbox 227 298 282 325; x_wconf 78' lang='lat' dir='ltr'><strong>Deo</strong></span> <span class='ocrx_word' id='word_1_21' title='bbox 295 298 446 333; x_wconf 73' lang='lat' dir='ltr'><strong>parmnesis</strong></span> <span class='ocrx_word' id='word_1_22' title='bbox 461 299 528 333; x_wconf 75' lang='lat' dir='ltr'><strong>quid</strong></span> <span class='ocrx_word' id='word_1_23' title='bbox 542 298 579 326; x_wconf 87' lang='lat' dir='ltr'><strong>ad</strong></span> <span class='ocrx_word' id='word_1_24' title='bbox 593 298 710 326; x_wconf 78' lang='lat' dir='ltr'><strong>salutem</strong></span> <span class='ocrx_word' id='word_1_25' title='bbox 724 297 901 326; x_wconf 78' lang='lat' dir='ltr'><strong>obtinendam</strong></span> 
     </span>
     <span class='ocr_line' id='line_1_6' title="bbox 108 334 332 368; baseline 0 -8"><span class='ocrx_word' id='word_1_26' title='bbox 108 334 274 368; x_wconf 80' lang='lat' dir='ltr'><strong>faciendum</strong></span> <span class='ocrx_word' id='word_1_27' title='bbox 287 335 332 362; x_wconf 82' lang='lat' dir='ltr'><strong>sit.</strong></span> 
     </span>
    </p>
   </div>
   <div class='ocr_carea' id='block_1_6' title="bbox 116 374 903 414">
    <p class='ocr_par' dir='ltr' id='par_1_6' title="bbox 116 374 903 414">
     <span class='ocr_line' id='line_1_7' title="bbox 116 374 903 414; baseline 0.001 -9"><span class='ocrx_word' id='word_1_28' title='bbox 116 375 250 405; x_wconf 78' lang='lat' dir='ltr'><strong>Rursum</strong></span> <span class='ocrx_word' id='word_1_29' title='bbox 279 374 371 414; x_wconf 79' lang='lat' dir='ltr'><strong>fulget</strong></span> <span class='ocrx_word' id='word_1_30' title='bbox 400 374 473 405; x_wconf 82' lang='lat' dir='ltr'><strong>milii</strong></span> <span class='ocrx_word' id='word_1_31' title='bbox 488 375 548 405; x_wconf 80' lang='lat' dir='ltr'><strong>lux.</strong></span> <span class='ocrx_word' id='word_1_32' title='bbox 578 375 693 406; x_wconf 83' lang='lat' dir='ltr'><strong>Rursus</strong></span> <span class='ocrx_word' id='word_1_33' title='bbox 711 374 806 405; x_wconf 89' lang='lat' dir='ltr'><strong>lucem</strong></span> <span class='ocrx_word' id='word_1_34' title='bbox 823 374 903 406; x_wconf 88' lang='lat' dir='ltr'><strong>clare</strong></span> 
     </span>
    </p>
   </div>
   <div class='ocr_carea' id='block_1_7' title="bbox 70 418 901 459">
    <p class='ocr_par' dir='ltr' id='par_1_7' title="bbox 70 418 901 459">
     <span class='ocr_line' id='line_1_8' title="bbox 70 418 901 459; baseline 0.002 -11"><span class='ocrx_word' id='word_1_35' title='bbox 70 419 202 458; x_wconf 79' lang='lat' dir='ltr'><strong>aspicio.</strong></span> <span class='ocrx_word' id='word_1_36' title='bbox 220 419 348 449; x_wconf 85' lang='lat' dir='ltr'><strong>Rursum</strong></span> <span class='ocrx_word' id='word_1_37' title='bbox 361 418 455 459; x_wconf 80' lang='lat' dir='ltr'><strong>aperit</strong></span> <span class='ocrx_word' id='word_1_38' title='bbox 485 419 603 455; x_wconf 71' lang='lat' dir='ltr'><strong>eoalum,</strong></span> <span class='ocrx_word' id='word_1_39' title='bbox 631 423 659 449; x_wconf 84' lang='lat' dir='ltr'><strong>et</strong></span> <span class='ocrx_word' id='word_1_40' title='bbox 676 423 792 450; x_wconf 88' lang='lat' dir='ltr'><strong>noctem</strong></span> <span class='ocrx_word' id='word_1_41' title='bbox 810 419 901 457; x_wconf 78' lang='lat' dir='ltr'><strong>fugat.</strong></span> 
     </span>
    </p>
   </div>
   <div class='ocr_carea' id='block_1_8' title="bbox 71 462 902 502">
    <p class='ocr_par' dir='ltr' id='par_1_8' title="bbox 71 462 902 502">
     <span class='ocr_line' id='line_1_9' title="bbox 71 462 902 502; baseline 0.002 -10"><span class='ocrx_word' id='word_1_42' title='bbox 71 462 207 494; x_wconf 82' lang='lat' dir='ltr'><strong>Rursum</strong></span> <span class='ocrx_word' id='word_1_43' title='bbox 224 463 340 502; x_wconf 80' lang='lat' dir='ltr'><strong>retegit,</strong></span> <span class='ocrx_word' id='word_1_44' title='bbox 355 468 383 493; x_wconf 89' lang='lat' dir='ltr'><strong>et</strong></span> <span class='ocrx_word' id='word_1_45' title='bbox 394 463 644 495; x_wconf 88' lang='lat' dir='ltr'><strong>ostenditomnia.</strong></span> <span class='ocrx_word' id='word_1_46' title='bbox 659 465 784 494; x_wconf 83' lang='lat' dir='ltr'><strong>Rursum</strong></span> <span class='ocrx_word' id='word_1_47' title='bbox 801 465 902 495; x_wconf 88' lang='lat' dir='ltr'><strong>cerni-</strong></span> 
     </span>
    </p>
   </div>
   <div class='ocr_carea' id='block_1_9' title="bbox 73 508 902 540">
    <p class='ocr_par' dir='ltr' id='par_1_9' title="bbox 73 508 902 540">
     <span class='ocr_line' id='line_1_10' title="bbox 73 508 902 540; baseline 0.002 -3"><span class='ocrx_word' id='word_1_48' title='bbox 73 511 123 538; x_wconf 89' lang='lat' dir='ltr'><strong>tur</strong></span> <span class='ocrx_word' id='word_1_49' title='bbox 141 508 214 539; x_wconf 90' lang='lat' dir='ltr'><strong>sola.</strong></span> <span class='ocrx_word' id='word_1_50' title='bbox 230 509 357 540; x_wconf 79' lang='lat' dir='ltr'><strong>Rursum</strong></span> <span class='ocrx_word' id='word_1_51' title='bbox 375 517 422 538; x_wconf 95' lang='lat' dir='ltr'><strong>me</strong></span> <span class='ocrx_word' id='word_1_52' title='bbox 437 508 472 538; x_wconf 85' lang='lat' dir='ltr'><strong>ab</strong></span> <span class='ocrx_word' id='word_1_53' title='bbox 485 508 624 538; x_wconf 69' lang='lat' dir='ltr'><strong>omnibus</strong></span> <span class='ocrx_word' id='word_1_54' title='bbox 634 508 798 539; x_wconf 91' lang='lat' dir='ltr'><strong>visibilibus</strong></span> <span class='ocrx_word' id='word_1_55' title='bbox 808 509 902 539; x_wconf 81' lang='lat' dir='ltr'><strong>abdu-</strong></span> 
     </span>
    </p>
   </div>
   <div class='ocr_carea' id='block_1_10' title="bbox 71 552 906 593">
    <p class='ocr_par' dir='ltr' id='par_1_10' title="bbox 71 552 906 593">
     <span class='ocr_line' id='line_1_11' title="bbox 71 552 906 593; baseline 0.002 -11"><span class='ocrx_word' id='word_1_56' title='bbox 71 552 124 589; x_wconf 89' lang='lat' dir='ltr'><strong>cit,</strong></span> <span class='ocrx_word' id='word_1_57' title='bbox 150 552 348 592; x_wconf 80' lang='lat' dir='ltr'><strong>similiterque</strong></span> <span class='ocrx_word' id='word_1_58' title='bbox 360 553 396 583; x_wconf 89' lang='lat' dir='ltr'><strong>ab</strong></span> <span class='ocrx_word' id='word_1_59' title='bbox 410 552 548 582; x_wconf 92' lang='lat' dir='ltr'><strong>omnibus</strong></span> <span class='ocrx_word' id='word_1_60' title='bbox 564 552 599 582; x_wconf 90' lang='lat' dir='ltr'><strong>ad</strong></span> <span class='ocrx_word' id='word_1_61' title='bbox 615 561 735 583; x_wconf 87' lang='lat' dir='ltr'><strong>sensum</strong></span> <span class='ocrx_word' id='word_1_62' title='bbox 756 553 906 593; x_wconf 89' lang='lat' dir='ltr'><strong>pertinen-</strong></span> 
     </span>
    </p>
   </div>
   <div class='ocr_carea' id='block_1_11' title="bbox 74 596 904 638">
    <p class='ocr_par' dir='ltr' id='par_1_11' title="bbox 74 596 904 638">
     <span class='ocr_line' id='line_1_12' title="bbox 74 596 904 638; baseline 0.002 -12"><span class='ocrx_word' id='word_1_63' title='bbox 74 597 169 632; x_wconf 92' lang='lat' dir='ltr'><strong>tibus,</strong></span> <span class='ocrx_word' id='word_1_64' title='bbox 184 606 278 637; x_wconf 60' lang='lat' dir='ltr'><strong>papae,</strong></span> <span class='ocrx_word' id='word_1_65' title='bbox 296 606 344 627; x_wconf 90' lang='lat' dir='ltr'><strong>me</strong></span> <span class='ocrx_word' id='word_1_66' title='bbox 367 596 519 636; x_wconf 79' lang='lat' dir='ltr'><strong>disjungit.</strong></span> <span class='ocrx_word' id='word_1_67' title='bbox 546 598 673 628; x_wconf 84' lang='lat' dir='ltr'><strong>Rursum</strong></span> <span class='ocrx_word' id='word_1_68' title='bbox 695 597 801 637; x_wconf 78' lang='lat' dir='ltr'><strong>quiest</strong></span> <span class='ocrx_word' id='word_1_69' title='bbox 816 607 904 638; x_wconf 84' lang='lat' dir='ltr'><strong>super</strong></span> 
     </span>
    </p>
   </div>
   <div class='ocr_carea' id='block_1_12' title="bbox 74 642 900 683">
    <p class='ocr_par' dir='ltr' id='par_1_12' title="bbox 74 642 900 683">
     <span class='ocr_line' id='line_1_13' title="bbox 74 642 900 683; baseline 0.001 -12"><span class='ocrx_word' id='word_1_70' title='bbox 74 651 185 672; x_wconf 87' lang='lat' dir='ltr'><strong>omnes</strong></span> <span class='ocrx_word' id='word_1_71' title='bbox 202 642 301 679; x_wconf 68' lang='lat' dir='ltr'><strong>caelos,</strong></span> <span class='ocrx_word' id='word_1_72' title='bbox 323 651 409 681; x_wconf 85' lang='lat' dir='ltr'><strong>quem</strong></span> <span class='ocrx_word' id='word_1_73' title='bbox 423 642 575 672; x_wconf 88' lang='lat' dir='ltr'><strong>hominum</strong></span> <span class='ocrx_word' id='word_1_74' title='bbox 588 642 900 683; x_wconf 86' lang='lat' dir='ltr'><strong>nemoviditunquam,</strong></span> 
     </span>
    </p>
   </div>
   <div class='ocr_carea' id='block_1_13' title="bbox 75 686 901 723">
    <p class='ocr_par' dir='ltr' id='par_1_13' title="bbox 75 686 901 723">
     <span class='ocr_line' id='line_1_14' title="bbox 75 686 901 723; baseline 0.001 -7"><span class='ocrx_word' id='word_1_75' title='bbox 75 695 137 716; x_wconf 92' lang='lat' dir='ltr'><strong>non</strong></span> <span class='ocrx_word' id='word_1_76' title='bbox 155 695 292 716; x_wconf 85' lang='lat' dir='ltr'><strong>reserans</strong></span> <span class='ocrx_word' id='word_1_77' title='bbox 310 686 429 723; x_wconf 74' lang='lat' dir='ltr'><strong>ccelum,</strong></span> <span class='ocrx_word' id='word_1_78' title='bbox 448 696 509 716; x_wconf 90' lang='lat' dir='ltr'><strong>non</strong></span> <span class='ocrx_word' id='word_1_79' title='bbox 531 686 666 717; x_wconf 88' lang='lat' dir='ltr'><strong>dividens</strong></span> <span class='ocrx_word' id='word_1_80' title='bbox 693 691 822 723; x_wconf 89' lang='lat' dir='ltr'><strong>noctem,</strong></span> <span class='ocrx_word' id='word_1_81' title='bbox 842 697 901 717; x_wconf 93' lang='lat' dir='ltr'><strong>non</strong></span> 
     </span>
    </p>
   </div>
   <div class='ocr_carea' id='block_1_14' title="bbox 74 730 898 771">
    <p class='ocr_par' dir='ltr' id='par_1_14' title="bbox 74 730 898 771">
     <span class='ocr_line' id='line_1_15' title="bbox 74 730 898 771; baseline 0.002 -11"><span class='ocrx_word' id='word_1_82' title='bbox 74 730 224 761; x_wconf 87' lang='lat' dir='ltr'><strong>dirimens</strong></span> <span class='ocrx_word' id='word_1_83' title='bbox 240 740 352 770; x_wconf 90' lang='lat' dir='ltr'><strong>aerem,</strong></span> <span class='ocrx_word' id='word_1_84' title='bbox 384 741 441 762; x_wconf 90' lang='lat' dir='ltr'><strong>non</strong></span> <span class='ocrx_word' id='word_1_85' title='bbox 471 740 614 771; x_wconf 89' lang='lat' dir='ltr'><strong>rumpens</strong></span> <span class='ocrx_word' id='word_1_86' title='bbox 643 730 749 761; x_wconf 86' lang='lat' dir='ltr'><strong>domus</strong></span> <span class='ocrx_word' id='word_1_87' title='bbox 779 735 898 769; x_wconf 90' lang='lat' dir='ltr'><strong>tectum,</strong></span> 
     </span>
    </p>
   </div>
   <div class='ocr_carea' id='block_1_15' title="bbox 75 775 901 816">
    <p class='ocr_par' dir='ltr' id='par_1_15' title="bbox 75 775 901 816">
     <span class='ocr_line' id='line_1_16' title="bbox 75 775 901 816; baseline 0.002 -11"><span class='ocrx_word' id='word_1_88' title='bbox 75 775 161 805; x_wconf 90' lang='lat' dir='ltr'><strong>nulla</strong></span> <span class='ocrx_word' id='word_1_89' title='bbox 177 775 295 816; x_wconf 85' lang='lat' dir='ltr'><strong>penitus</strong></span> <span class='ocrx_word' id='word_1_90' title='bbox 319 784 351 805; x_wconf 85' lang='lat' dir='ltr'><strong>re</strong></span> <span class='ocrx_word' id='word_1_91' title='bbox 381 779 533 815; x_wconf 85' lang='lat' dir='ltr'><strong>penetrata</strong></span> <span class='ocrx_word' id='word_1_92' title='bbox 559 785 673 806; x_wconf 83' lang='lat' dir='ltr'><strong>mecum</strong></span> <span class='ocrx_word' id='word_1_93' title='bbox 705 775 901 807; x_wconf 86' lang='lat' dir='ltr'><strong>miserointra</strong></span> 
     </span>
    </p>
   </div>
   <div class='ocr_carea' id='block_1_16' title="bbox 75 819 901 857">
    <p class='ocr_par' dir='ltr' id='par_1_16' title="bbox 75 819 901 857">
     <span class='ocr_line' id='line_1_17' title="bbox 75 819 901 857; baseline 0.001 -8"><span class='ocrx_word' id='word_1_94' title='bbox 75 819 184 849; x_wconf 87' lang='lat' dir='ltr'><strong>cellam</strong></span> <span class='ocrx_word' id='word_1_95' title='bbox 199 828 305 855; x_wconf 84' lang='lat' dir='ltr'><strong>meam,</strong></span> <span class='ocrx_word' id='word_1_96' title='bbox 322 819 397 849; x_wconf 85' lang='lat' dir='ltr'><strong>intra</strong></span> <span class='ocrx_word' id='word_1_97' title='bbox 414 824 543 850; x_wconf 86' lang='lat' dir='ltr'><strong>mentem</strong></span> <span class='ocrx_word' id='word_1_98' title='bbox 560 829 656 850; x_wconf 82' lang='lat' dir='ltr'><strong>meam</strong></span> <span class='ocrx_word' id='word_1_99' title='bbox 668 825 815 857; x_wconf 84' lang='lat' dir='ltr'><strong>versatur,</strong></span> <span class='ocrx_word' id='word_1_100' title='bbox 829 825 856 851; x_wconf 88' lang='lat' dir='ltr'><strong>et</strong></span> <span class='ocrx_word' id='word_1_101' title='bbox 871 821 901 850; x_wconf 90' lang='lat' dir='ltr'><strong>in</strong></span> 
     </span>
    </p>
   </div>
   <div class='ocr_carea' id='block_1_17' title="bbox 76 863 900 904">
    <p class='ocr_par' dir='ltr' id='par_1_17' title="bbox 76 863 900 904">
     <span class='ocr_line' id='line_1_18' title="bbox 76 863 900 904; baseline 0 -10"><span class='ocrx_word' id='word_1_102' title='bbox 76 864 214 894; x_wconf 88' lang='lat' dir='ltr'><strong>medium</strong></span> <span class='ocrx_word' id='word_1_103' title='bbox 242 873 293 894; x_wconf 87' lang='lat' dir='ltr'><strong>cor</strong></span> <span class='ocrx_word' id='word_1_104' title='bbox 322 872 422 894; x_wconf 89' lang='lat' dir='ltr'><strong>meum</strong></span> <span class='ocrx_word' id='word_1_105' title='bbox 453 863 481 903; x_wconf 76' lang='lat'><strong>{0</strong></span> <span class='ocrx_word' id='word_1_106' title='bbox 497 864 698 895; x_wconf 88' lang='lat' dir='ltr'><strong>venerandum</strong></span> <span class='ocrx_word' id='word_1_107' title='bbox 715 865 900 904; x_wconf 81' lang='lat' dir='ltr'><strong>mysterium)</strong></span> 
     </span>
    </p>
   </div>
   <div class='ocr_carea' id='block_1_18' title="bbox 77 907 898 948">
    <p class='ocr_par' dir='ltr' id='par_1_18' title="bbox 77 907 898 948">
     <span class='ocr_line' id='line_1_19' title="bbox 77 907 898 948; baseline 0.002 -10"><span class='ocrx_word' id='word_1_108' title='bbox 77 908 221 939; x_wconf 90' lang='lat' dir='ltr'><strong>omnibus</strong></span> <span class='ocrx_word' id='word_1_109' title='bbox 230 912 338 939; x_wconf 81' lang='lat' dir='ltr'><strong>utsunt</strong></span> <span class='ocrx_word' id='word_1_110' title='bbox 349 907 546 945; x_wconf 66' lang='lat' dir='ltr'><strong>manentibus,</strong></span> <span class='ocrx_word' id='word_1_111' title='bbox 559 908 690 939; x_wconf 86' lang='lat' dir='ltr'><strong>illabitur</strong></span> <span class='ocrx_word' id='word_1_112' title='bbox 702 909 773 940; x_wconf 91' lang='lat' dir='ltr'><strong>mihi</strong></span> <span class='ocrx_word' id='word_1_113' title='bbox 786 909 898 948; x_wconf 69' lang='lat' dir='ltr'><strong>lumen,</strong></span> 
     </span>
    </p>
   </div>
   <div class='ocr_carea' id='block_1_19' title="bbox 79 953 902 993">
    <p class='ocr_par' dir='ltr' id='par_1_19' title="bbox 79 953 902 993">
     <span class='ocr_line' id='line_1_20' title="bbox 79 953 902 993; baseline 0.002 -10"><span class='ocrx_word' id='word_1_114' title='bbox 79 956 111 983; x_wconf 89' lang='lat' dir='ltr'><strong>et</strong></span> <span class='ocrx_word' id='word_1_115' title='bbox 126 953 235 983; x_wconf 89' lang='lat' dir='ltr'><strong>attollit</strong></span> <span class='ocrx_word' id='word_1_116' title='bbox 251 962 298 983; x_wconf 89' lang='lat' dir='ltr'><strong>me</strong></span> <span class='ocrx_word' id='word_1_117' title='bbox 315 962 403 992; x_wconf 85' lang='lat' dir='ltr'><strong>super</strong></span> <span class='ocrx_word' id='word_1_118' title='bbox 419 953 536 993; x_wconf 83' lang='lat' dir='ltr'><strong>omnia;</strong></span> <span class='ocrx_word' id='word_1_119' title='bbox 554 953 662 993; x_wconf 82' lang='lat' dir='ltr'><strong>quique</strong></span> <span class='ocrx_word' id='word_1_120' title='bbox 677 954 706 984; x_wconf 92' lang='lat' dir='ltr'><strong>in</strong></span> <span class='ocrx_word' id='word_1_121' title='bbox 725 954 821 985; x_wconf 87' lang='lat' dir='ltr'><strong>medio</strong></span> <span class='ocrx_word' id='word_1_122' title='bbox 838 963 902 985; x_wconf 91' lang='lat' dir='ltr'><strong>sum</strong></span> 
     </span>
    </p>
   </div>
   <div class='ocr_carea' id='block_1_20' title="bbox 75 997 902 1038">
    <p class='ocr_par' dir='ltr' id='par_1_20' title="bbox 75 997 902 1038">
     <span class='ocr_line' id='line_1_21' title="bbox 75 997 902 1038; baseline 0.002 -11"><span class='ocrx_word' id='word_1_123' title='bbox 75 998 225 1033; x_wconf 89' lang='lat' dir='ltr'><strong>omnium,</strong></span> <span class='ocrx_word' id='word_1_124' title='bbox 244 997 280 1027; x_wconf 81' lang='lat' dir='ltr'><strong>fio</strong></span> <span class='ocrx_word' id='word_1_125' title='bbox 295 1001 376 1028; x_wconf 84' lang='lat' dir='ltr'><strong>extra</strong></span> <span class='ocrx_word' id='word_1_126' title='bbox 391 997 503 1038; x_wconf 87' lang='lat' dir='ltr'><strong>omnia,</strong></span> <span class='ocrx_word' id='word_1_127' title='bbox 528 998 603 1028; x_wconf 83' lang='lat' dir='ltr'><strong>haud</strong></span> <span class='ocrx_word' id='word_1_128' title='bbox 635 1008 707 1036; x_wconf 89' lang='lat' dir='ltr'><strong>scio,</strong></span> <span class='ocrx_word' id='word_1_129' title='bbox 726 1008 797 1029; x_wconf 87' lang='lat' dir='ltr'><strong>num</strong></span> <span class='ocrx_word' id='word_1_130' title='bbox 814 1001 902 1030; x_wconf 89' lang='lat' dir='ltr'><strong>etiam</strong></span> 
     </span>
    </p>
   </div>
   <div class='ocr_carea' id='block_1_21' title="bbox 78 1041 900 1082">
    <p class='ocr_par' dir='ltr' id='par_1_21' title="bbox 78 1041 900 1082">
     <span class='ocr_line' id='line_1_22' title="bbox 78 1041 900 1082; baseline 0.002 -10"><span class='ocrx_word' id='word_1_131' title='bbox 78 1047 162 1073; x_wconf 81' lang='lat' dir='ltr'><strong>extra</strong></span> <span class='ocrx_word' id='word_1_132' title='bbox 177 1051 296 1082; x_wconf 89' lang='lat' dir='ltr'><strong>corpus.</strong></span> <span class='ocrx_word' id='word_1_133' title='bbox 315 1041 398 1072; x_wconf 86' lang='lat' dir='ltr'><strong>Nunc</strong></span> <span class='ocrx_word' id='word_1_134' title='bbox 413 1042 454 1072; x_wconf 90' lang='lat' dir='ltr'><strong>ibi</strong></span> <span class='ocrx_word' id='word_1_135' title='bbox 471 1046 547 1073; x_wconf 85' lang='lat' dir='ltr'><strong>totus</strong></span> <span class='ocrx_word' id='word_1_136' title='bbox 563 1052 626 1072; x_wconf 92' lang='lat' dir='ltr'><strong>sum</strong></span> <span class='ocrx_word' id='word_1_137' title='bbox 654 1052 767 1081; x_wconf 86' lang='lat' dir='ltr'><strong>revera,</strong></span> <span class='ocrx_word' id='word_1_138' title='bbox 786 1043 836 1074; x_wconf 91' lang='lat' dir='ltr'><strong>ubi</strong></span> <span class='ocrx_word' id='word_1_139' title='bbox 853 1044 900 1074; x_wconf 90' lang='lat' dir='ltr'><strong>lu-</strong></span> 
     </span>
    </p>
   </div>
   <div class='ocr_carea' id='block_1_22' title="bbox 77 1086 901 1128">
    <p class='ocr_par' dir='ltr' id='par_1_22' title="bbox 77 1086 901 1128">
     <span class='ocr_line' id='line_1_23' title="bbox 77 1086 901 1128; baseline 0.002 -12"><span class='ocrx_word' id='word_1_140' title='bbox 77 1096 146 1117; x_wconf 89' lang='lat' dir='ltr'><strong>men</strong></span> <span class='ocrx_word' id='word_1_141' title='bbox 163 1090 208 1117; x_wconf 88' lang='lat' dir='ltr'><strong>est</strong></span> <span class='ocrx_word' id='word_1_142' title='bbox 223 1086 332 1126; x_wconf 86' lang='lat' dir='ltr'><strong>solum,</strong></span> <span class='ocrx_word' id='word_1_143' title='bbox 343 1090 370 1117; x_wconf 83' lang='lat' dir='ltr'><strong>et</strong></span> <span class='ocrx_word' id='word_1_144' title='bbox 381 1086 505 1127; x_wconf 83' lang='lat' dir='ltr'><strong>simplex</strong></span> <span class='ocrx_word' id='word_1_145' title='bbox 523 1098 530 1121; x_wconf 86' lang='lat'><strong>;</strong></span> <span class='ocrx_word' id='word_1_146' title='bbox 545 1087 622 1127; x_wconf 91' lang='lat' dir='ltr'><strong>quod</strong></span> <span class='ocrx_word' id='word_1_147' title='bbox 634 1087 764 1127; x_wconf 85' lang='lat' dir='ltr'><strong>intuens,</strong></span> <span class='ocrx_word' id='word_1_148' title='bbox 776 1088 901 1128; x_wconf 85' lang='lat' dir='ltr'><strong>simplex</strong></span> 
     </span>
    </p>
   </div>
   <div class='ocr_carea' id='block_1_23' title="bbox 77 1131 900 1169">
    <p class='ocr_par' dir='ltr' id='par_1_23' title="bbox 77 1131 900 1169">
     <span class='ocr_line' id='line_1_24' title="bbox 77 1131 900 1169; baseline 0.002 -8"><span class='ocrx_word' id='word_1_149' title='bbox 77 1131 206 1162; x_wconf 87' lang='lat' dir='ltr'><strong>evadoin</strong></span> <span class='ocrx_word' id='word_1_150' title='bbox 215 1131 396 1161; x_wconf 87' lang='lat' dir='ltr'><strong>innocentia.</strong></span> <span class='ocrx_word' id='word_1_151' title='bbox 405 1131 472 1162; x_wconf 79' lang='lat' dir='ltr'><strong>Hzec</strong></span> <span class='ocrx_word' id='word_1_152' title='bbox 479 1135 557 1169; x_wconf 90' lang='lat' dir='ltr'><strong>sunt,</strong></span> <span class='ocrx_word' id='word_1_153' title='bbox 565 1132 682 1163; x_wconf 86' lang='lat' dir='ltr'><strong>Christe</strong></span> <span class='ocrx_word' id='word_1_154' title='bbox 693 1132 900 1163; x_wconf 82' lang='lat' dir='ltr'><strong>miraculorum</strong></span> 
     </span>
    </p>
   </div>
   <div class='ocr_carea' id='block_1_24' title="bbox 77 1175 900 1216">
    <p class='ocr_par' dir='ltr' id='par_1_24' title="bbox 77 1175 900 1216">
     <span class='ocr_line' id='line_1_25' title="bbox 77 1175 900 1216; baseline 0.002 -10"><span class='ocrx_word' id='word_1_155' title='bbox 77 1181 195 1206; x_wconf 91' lang='lat' dir='ltr'><strong>tuorum</strong></span> <span class='ocrx_word' id='word_1_156' title='bbox 205 1175 367 1213; x_wconf 82' lang='lat' dir='ltr'><strong>mirabilia;</strong></span> <span class='ocrx_word' id='word_1_157' title='bbox 378 1176 440 1207; x_wconf 68' lang='lat' dir='ltr'><strong>haec</strong></span> <span class='ocrx_word' id='word_1_158' title='bbox 448 1176 597 1216; x_wconf 72' lang='lat' dir='ltr'><strong>potentiae,</strong></span> <span class='ocrx_word' id='word_1_159' title='bbox 607 1181 635 1207; x_wconf 89' lang='lat' dir='ltr'><strong>et</strong></span> <span class='ocrx_word' id='word_1_160' title='bbox 644 1176 834 1215; x_wconf 69' lang='lat' dir='ltr'><strong>benignitatis</strong></span> <span class='ocrx_word' id='word_1_161' title='bbox 843 1182 900 1208; x_wconf 68' lang='lat' dir='ltr'><strong>tua:</strong></span> 
     </span>
    </p>
   </div>
   <div class='ocr_carea' id='block_1_25' title="bbox 77 1220 899 1260">
    <p class='ocr_par' dir='ltr' id='par_1_25' title="bbox 77 1220 899 1260">
     <span class='ocr_line' id='line_1_26' title="bbox 77 1220 899 1260; baseline 0.002 -10"><span class='ocrx_word' id='word_1_162' title='bbox 77 1229 179 1260; x_wconf 82' lang='lat' dir='ltr'><strong>opera.</strong></span> <span class='ocrx_word' id='word_1_163' title='bbox 199 1229 264 1260; x_wconf 65' lang='lat' dir='ltr'><strong>qum</strong></span> <span class='ocrx_word' id='word_1_164' title='bbox 277 1220 307 1250; x_wconf 93' lang='lat' dir='ltr'><strong>in</strong></span> <span class='ocrx_word' id='word_1_165' title='bbox 325 1229 377 1250; x_wconf 90' lang='lat' dir='ltr'><strong>nos</strong></span> <span class='ocrx_word' id='word_1_166' title='bbox 392 1220 529 1260; x_wconf 81' lang='lat' dir='ltr'><strong>indignos</strong></span> <span class='ocrx_word' id='word_1_167' title='bbox 554 1221 630 1252; x_wconf 86' lang='lat' dir='ltr'><strong>edis.</strong></span> <span class='ocrx_word' id='word_1_168' title='bbox 648 1221 686 1251; x_wconf 63' lang='lat' dir='ltr'><strong>Ea</strong></span> <span class='ocrx_word' id='word_1_169' title='bbox 704 1221 740 1252; x_wconf 89' lang='lat' dir='ltr'><strong>de</strong></span> <span class='ocrx_word' id='word_1_170' title='bbox 757 1231 843 1252; x_wconf 89' lang='lat' dir='ltr'><strong>causa</strong></span> <span class='ocrx_word' id='word_1_171' title='bbox 861 1222 899 1252; x_wconf 89' lang='lat' dir='ltr'><strong>ti-</strong></span> 
     </span>
    </p>
   </div>
   <div class='ocr_carea' id='block_1_26' title="bbox 78 1265 898 1307">
    <p class='ocr_par' dir='ltr' id='par_1_26' title="bbox 78 1265 898 1307">
     <span class='ocr_line' id='line_1_27' title="bbox 78 1265 898 1307; baseline 0.004 -13"><span class='ocrx_word' id='word_1_172' title='bbox 78 1274 144 1295; x_wconf 87' lang='lat' dir='ltr'><strong>meo</strong></span> <span class='ocrx_word' id='word_1_173' title='bbox 162 1269 190 1294; x_wconf 90' lang='lat' dir='ltr'><strong>et</strong></span> <span class='ocrx_word' id='word_1_174' title='bbox 206 1265 555 1301; x_wconf 87' lang='lat' dir='ltr'><strong>tremo,etsollicitudine</strong></span> <span class='ocrx_word' id='word_1_175' title='bbox 571 1265 683 1296; x_wconf 86' lang='lat' dir='ltr'><strong>afficior</strong></span> <span class='ocrx_word' id='word_1_176' title='bbox 695 1266 898 1307; x_wconf 86' lang='lat' dir='ltr'><strong>assidua,ma—</strong></span> 
     </span>
    </p>
   </div>
   <div class='ocr_carea' id='block_1_27' title="bbox 76 1309 898 1350">
    <p class='ocr_par' dir='ltr' id='par_1_27' title="bbox 76 1309 898 1350">
     <span class='ocr_line' id='line_1_28' title="bbox 76 1309 898 1350; baseline 0.001 -10"><span class='ocrx_word' id='word_1_177' title='bbox 76 1318 226 1349; x_wconf 85' lang='lat' dir='ltr'><strong>cerorque</strong></span> <span class='ocrx_word' id='word_1_178' title='bbox 250 1309 451 1345; x_wconf 86' lang='lat' dir='ltr'><strong>vehementer,</strong></span> <span class='ocrx_word' id='word_1_179' title='bbox 471 1310 541 1350; x_wconf 87' lang='lat' dir='ltr'><strong>quid</strong></span> <span class='ocrx_word' id='word_1_180' title='bbox 559 1310 610 1340; x_wconf 88' lang='lat' dir='ltr'><strong>tibi</strong></span> <span class='ocrx_word' id='word_1_181' title='bbox 627 1319 679 1350; x_wconf 91' lang='lat' dir='ltr'><strong>pro</strong></span> <span class='ocrx_word' id='word_1_182' title='bbox 694 1311 791 1349; x_wconf 82' lang='lat' dir='ltr'><strong>tantis,</strong></span> <span class='ocrx_word' id='word_1_183' title='bbox 806 1315 834 1342; x_wconf 87' lang='lat' dir='ltr'><strong>et</strong></span> <span class='ocrx_word' id='word_1_184' title='bbox 850 1311 898 1342; x_wconf 92' lang='lat' dir='ltr'><strong>in-</strong></span> 
     </span>
    </p>
   </div>
   <div class='ocr_carea' id='block_1_28' title="bbox 76 1353 899 1386">
    <p class='ocr_par' dir='ltr' id='par_1_28' title="bbox 76 1353 899 1386">
     <span class='ocr_line' id='line_1_29' title="bbox 76 1353 899 1386; baseline 0.002 -2"><span class='ocrx_word' id='word_1_185' title='bbox 76 1353 310 1384; x_wconf 85' lang='lat' dir='ltr'><strong>numerabilibus</strong></span> <span class='ocrx_word' id='word_1_186' title='bbox 322 1354 408 1384; x_wconf 88' lang='lat' dir='ltr'><strong>donis</strong></span> <span class='ocrx_word' id='word_1_187' title='bbox 425 1363 457 1384; x_wconf 83' lang='lat' dir='ltr'><strong>ex</strong></span> <span class='ocrx_word' id='word_1_188' title='bbox 472 1358 552 1384; x_wconf 87' lang='lat' dir='ltr'><strong>tanta</strong></span> <span class='ocrx_word' id='word_1_189' title='bbox 582 1355 787 1386; x_wconf 84' lang='lat' dir='ltr'><strong>misericordia</strong></span> <span class='ocrx_word' id='word_1_190' title='bbox 804 1356 834 1385; x_wconf 93' lang='lat' dir='ltr'><strong>in</strong></span> <span class='ocrx_word' id='word_1_191' title='bbox 852 1365 899 1386; x_wconf 90' lang='lat' dir='ltr'><strong>me</strong></span> 
     </span>
    </p>
   </div>
   <div class='ocr_carea' id='block_1_29' title="bbox 76 1398 899 1441">
    <p class='ocr_par' dir='ltr' id='par_1_29' title="bbox 76 1398 899 1441">
     <span class='ocr_line' id='line_1_30' title="bbox 76 1398 899 1441; baseline 0 -11"><span class='ocrx_word' id='word_1_192' title='bbox 76 1398 190 1430; x_wconf 67' lang='lat' dir='ltr'><strong>col‘atis</strong></span> <span class='ocrx_word' id='word_1_193' title='bbox 203 1398 380 1435; x_wconf 86' lang='lat' dir='ltr'><strong>retribuam,</strong></span> <span class='ocrx_word' id='word_1_194' title='bbox 399 1399 504 1439; x_wconf 86' lang='lat' dir='ltr'><strong>quidve</strong></span> <span class='ocrx_word' id='word_1_195' title='bbox 534 1399 585 1429; x_wconf 87' lang='lat' dir='ltr'><strong>tibi</strong></span> <span class='ocrx_word' id='word_1_196' title='bbox 615 1399 749 1437; x_wconf 70' lang='lat' dir='ltr'><strong>offeram,</strong></span> <span class='ocrx_word' id='word_1_197' title='bbox 766 1400 899 1441; x_wconf 88' lang='lat' dir='ltr'><strong>nihilque</strong></span> 
     </span>
    </p>
   </div>
   <div class='ocr_carea' id='block_1_30' title="bbox 645 115 1202 149">
    <p class='ocr_par' dir='ltr' id='par_1_30' title="bbox 645 115 1202 149">
     <span class='ocr_line' id='line_1_31' title="bbox 645 115 1202 149; baseline -0.004 -1"><span class='ocrx_word' id='word_1_198' title='bbox 645 116 864 149; x_wconf 81' lang='lat' dir='ltr'><strong>DIVINORUM</strong></span> <span class='ocrx_word' id='word_1_199' title='bbox 888 115 1053 149; x_wconf 79' lang='lat' dir='ltr'><strong>AMORUM</strong></span> <span class='ocrx_word' id='word_1_200' title='bbox 1077 117 1202 148; x_wconf 84' lang='lat' dir='ltr'><strong>LIBER.</strong></span> 
     </span>
    </p>
   </div>
   <div class='ocr_carea' id='block_1_31' title="bbox 1708 113 1767 146">
    <p class='ocr_par' dir='ltr' id='par_1_31' title="bbox 1708 113 1767 146">
     <span class='ocr_line' id='line_1_32' title="bbox 1708 113 1767 146; baseline 0.017 -1"><span class='ocrx_word' id='word_1_201' title='bbox 1708 113 1767 146; x_wconf 88' lang='lat'><strong>566</strong></span> 
     </span>
    </p>
   </div>
   <div class='ocr_carea' id='block_1_32' title="bbox 910 180 1766 222">
    <p class='ocr_par' dir='ltr' id='par_1_32' title="bbox 910 180 1766 222">
     <span class='ocr_line' id='line_1_33' title="bbox 910 180 1766 222; baseline 0.004 -12"><span class='ocrx_word' id='word_1_202' title='bbox 910 193 930 211; x_wconf 70' lang='grc' dir='ltr'><em>Α</em></span> <span class='ocrx_word' id='word_1_203' title='bbox 943 180 973 210; x_wconf 90' lang='lat' dir='ltr'><strong>in</strong></span> <span class='ocrx_word' id='word_1_204' title='bbox 987 190 1021 211; x_wconf 90' lang='lat' dir='ltr'><strong>eo</strong></span> <span class='ocrx_word' id='word_1_205' title='bbox 1039 182 1133 212; x_wconf 89' lang='lat' dir='ltr'><strong>Deum</strong></span> <span class='ocrx_word' id='word_1_206' title='bbox 1145 181 1271 218; x_wconf 89' lang='lat' dir='ltr'><strong>videbis,</strong></span> <span class='ocrx_word' id='word_1_207' title='bbox 1302 190 1389 222; x_wconf 90' lang='lat' dir='ltr'><strong>quem</strong></span> <span class='ocrx_word' id='word_1_208' title='bbox 1406 190 1494 212; x_wconf 90' lang='lat' dir='ltr'><strong>nemo</strong></span> <span class='ocrx_word' id='word_1_209' title='bbox 1525 181 1595 212; x_wconf 87' lang='lat' dir='ltr'><strong>vidit</strong></span> <span class='ocrx_word' id='word_1_210' title='bbox 1623 191 1766 222; x_wconf 87' lang='lat' dir='ltr'><strong>unquam.</strong></span> 
     </span>
    </p>
   </div>
   <div class='ocr_carea' id='block_1_33' title="bbox 941 225 1765 268">
    <p class='ocr_par' dir='ltr' id='par_1_33' title="bbox 941 225 1765 268">
     <span class='ocr_line' id='line_1_34' title="bbox 941 225 1765 268; baseline 0.002 -12"><span class='ocrx_word' id='word_1_211' title='bbox 941 225 1024 262; x_wconf 86' lang='lat' dir='ltr'><strong>Quod</strong></span> <span class='ocrx_word' id='word_1_212' title='bbox 1043 226 1066 257; x_wconf 90' lang='lat' dir='ltr'><strong>si</strong></span> <span class='ocrx_word' id='word_1_213' title='bbox 1081 227 1169 257; x_wconf 83' lang='lat' dir='ltr'><strong>etiam</strong></span> <span class='ocrx_word' id='word_1_214' title='bbox 1188 231 1308 268; x_wconf 85' lang='lat' dir='ltr'><strong>propter</strong></span> <span class='ocrx_word' id='word_1_215' title='bbox 1321 227 1467 267; x_wconf 88' lang='lat' dir='ltr'><strong>justitiam</strong></span> <span class='ocrx_word' id='word_1_216' title='bbox 1484 231 1511 258; x_wconf 88' lang='lat' dir='ltr'><strong>te</strong></span> <span class='ocrx_word' id='word_1_217' title='bbox 1526 227 1765 268; x_wconf 86' lang='lat' dir='ltr'><strong>persecutionem</strong></span> 
     </span>
    </p>
   </div>
   <div class='ocr_carea' id='block_1_34' title="bbox 945 271 1767 312">
    <p class='ocr_par' dir='ltr' id='par_1_34' title="bbox 945 271 1767 312">
     <span class='ocr_line' id='line_1_35' title="bbox 945 271 1767 312; baseline 0.002 -12"><span class='ocrx_word' id='word_1_218' title='bbox 945 271 1003 308; x_wconf 68' lang='lat' dir='ltr'><strong>pati</strong></span> <span class='ocrx_word' id='word_1_219' title='bbox 1019 271 1179 312; x_wconf 78' lang='lat' dir='ltr'><strong>contingat,</strong></span> <span class='ocrx_word' id='word_1_220' title='bbox 1191 272 1315 309; x_wconf 83' lang='lat' dir='ltr'><strong>exsulta,</strong></span> <span class='ocrx_word' id='word_1_221' title='bbox 1327 272 1466 312; x_wconf 89' lang='lat' dir='ltr'><strong>quoniam</strong></span> <span class='ocrx_word' id='word_1_222' title='bbox 1488 281 1613 311; x_wconf 77' lang='lat' dir='ltr'><strong>regnum</strong></span> <span class='ocrx_word' id='word_1_223' title='bbox 1626 271 1767 303; x_wconf 66' lang='lat' dir='ltr'><strong>caelorum</strong></span> 
     </span>
    </p>
   </div>
   <div class='ocr_carea' id='block_1_35' title="bbox 943 315 1769 356">
    <p class='ocr_par' dir='ltr' id='par_1_35' title="bbox 943 315 1769 356">
     <span class='ocr_line' id='line_1_36' title="bbox 943 315 1769 356; baseline 0.004 -12"><span class='ocrx_word' id='word_1_224' title='bbox 943 318 1024 345; x_wconf 91' lang='lat' dir='ltr'><strong>tuum</strong></span> <span class='ocrx_word' id='word_1_225' title='bbox 1042 315 1148 346; x_wconf 87' lang='lat' dir='ltr'><strong>factum</strong></span> <span class='ocrx_word' id='word_1_226' title='bbox 1165 319 1221 348; x_wconf 87' lang='lat' dir='ltr'><strong>est.</strong></span> <span class='ocrx_word' id='word_1_227' title='bbox 1246 316 1360 356; x_wconf 87' lang='lat' dir='ltr'><strong>thuid</strong></span> <span class='ocrx_word' id='word_1_228' title='bbox 1375 317 1431 347; x_wconf 90' lang='lat' dir='ltr'><strong>hoc</strong></span> <span class='ocrx_word' id='word_1_229' title='bbox 1452 316 1650 356; x_wconf 76' lang='lat' dir='ltr'><strong>majus?Haec</strong></span> <span class='ocrx_word' id='word_1_230' title='bbox 1679 320 1708 347; x_wconf 92' lang='lat' dir='ltr'><strong>et</strong></span> <span class='ocrx_word' id='word_1_231' title='bbox 1722 317 1769 347; x_wconf 89' lang='lat' dir='ltr'><strong>his</strong></span> 
     </span>
    </p>
   </div>
   <div class='ocr_carea' id='block_1_36' title="bbox 944 359 1768 400">
    <p class='ocr_par' dir='ltr' id='par_1_36' title="bbox 944 359 1768 400">
     <span class='ocr_line' id='line_1_37' title="bbox 944 359 1768 400; baseline 0.001 -10"><span class='ocrx_word' id='word_1_232' title='bbox 944 359 1039 399; x_wconf 87' lang='lat' dir='ltr'><strong>plura,</strong></span> <span class='ocrx_word' id='word_1_233' title='bbox 1053 370 1117 400; x_wconf 70' lang='lat' dir='ltr'><strong>quae</strong></span> <span class='ocrx_word' id='word_1_234' title='bbox 1132 361 1280 399; x_wconf 84' lang='lat' dir='ltr'><strong>mandavi,</strong></span> <span class='ocrx_word' id='word_1_235' title='bbox 1292 361 1392 399; x_wconf 90' lang='lat' dir='ltr'><strong>facito,</strong></span> <span class='ocrx_word' id='word_1_236' title='bbox 1406 365 1436 392; x_wconf 89' lang='lat' dir='ltr'><strong>et</strong></span> <span class='ocrx_word' id='word_1_237' title='bbox 1452 361 1527 391; x_wconf 90' lang='lat' dir='ltr'><strong>alios</strong></span> <span class='ocrx_word' id='word_1_238' title='bbox 1543 361 1629 399; x_wconf 89' lang='lat' dir='ltr'><strong>doce,</strong></span> <span class='ocrx_word' id='word_1_239' title='bbox 1648 365 1676 392; x_wconf 87' lang='lat' dir='ltr'><strong>et</strong></span> <span class='ocrx_word' id='word_1_240' title='bbox 1690 361 1768 392; x_wconf 89' lang='lat' dir='ltr'><strong>inter</strong></span> 
     </span>
    </p>
   </div>
   <div class='ocr_carea' id='block_1_37' title="bbox 943 405 1764 446">
    <p class='ocr_par' dir='ltr' id='par_1_37' title="bbox 943 405 1764 446">
     <span class='ocr_line' id='line_1_38' title="bbox 943 405 1764 446; baseline 0.004 -13"><span class='ocrx_word' id='word_1_241' title='bbox 943 413 994 434; x_wconf 91' lang='lat' dir='ltr'><strong>vos</strong></span> <span class='ocrx_word' id='word_1_242' title='bbox 1009 405 1083 435; x_wconf 87' lang='lat' dir='ltr'><strong>alter</strong></span> <span class='ocrx_word' id='word_1_243' title='bbox 1097 405 1235 446; x_wconf 86' lang='lat' dir='ltr'><strong>alterum,</strong></span> <span class='ocrx_word' id='word_1_244' title='bbox 1252 406 1303 446; x_wconf 90' lang='lat' dir='ltr'><strong>qui</strong></span> <span class='ocrx_word' id='word_1_245' title='bbox 1317 406 1347 436; x_wconf 92' lang='lat' dir='ltr'><strong>in</strong></span> <span class='ocrx_word' id='word_1_246' title='bbox 1364 415 1411 436; x_wconf 91' lang='lat' dir='ltr'><strong>me</strong></span> <span class='ocrx_word' id='word_1_247' title='bbox 1436 406 1568 443; x_wconf 90' lang='lat' dir='ltr'><strong>creditis,</strong></span> <span class='ocrx_word' id='word_1_248' title='bbox 1585 406 1610 436; x_wconf 93' lang='lat' dir='ltr'><strong>si</strong></span> <span class='ocrx_word' id='word_1_249' title='bbox 1627 405 1764 437; x_wconf 89' lang='lat' dir='ltr'><strong>salvatio-</strong></span> 
     </span>
    </p>
   </div>
   <div class='ocr_carea' id='block_1_38' title="bbox 944 450 1765 491">
    <p class='ocr_par' dir='ltr' id='par_1_38' title="bbox 944 450 1765 491">
     <span class='ocr_line' id='line_1_39' title="bbox 944 450 1765 491; baseline 0.002 -13"><span class='ocrx_word' id='word_1_250' title='bbox 944 457 1012 478; x_wconf 90' lang='lat' dir='ltr'><strong>nem</strong></span> <span class='ocrx_word' id='word_1_251' title='bbox 1028 450 1182 490; x_wconf 83' lang='lat' dir='ltr'><strong>exoptatis,</strong></span> <span class='ocrx_word' id='word_1_252' title='bbox 1201 460 1378 490; x_wconf 88' lang='lat' dir='ltr'><strong>mecumque</strong></span> <span class='ocrx_word' id='word_1_253' title='bbox 1406 450 1436 481; x_wconf 90' lang='lat' dir='ltr'><strong>in</strong></span> <span class='ocrx_word' id='word_1_254' title='bbox 1466 451 1572 481; x_wconf 82' lang='lat' dir='ltr'><strong>saecula</strong></span> <span class='ocrx_word' id='word_1_255' title='bbox 1584 451 1765 491; x_wconf 91' lang='lat' dir='ltr'><strong>sempiterna</strong></span> 
     </span>
    </p>
   </div>
   <div class='ocr_carea' id='block_1_39' title="bbox 945 492 1767 534">
    <p class='ocr_par' dir='ltr' id='par_1_39' title="bbox 945 492 1767 534">
     <span class='ocr_line' id='line_1_40' title="bbox 945 492 1767 534; baseline 0.005 -12"><span class='ocrx_word' id='word_1_256' title='bbox 945 492 1077 524; x_wconf 84' lang='lat' dir='ltr'><strong>habitare</strong></span> <span class='ocrx_word' id='word_1_257' title='bbox 1093 495 1192 525; x_wconf 74' lang='lat' dir='ltr'><strong>vu!tis.</strong></span> <span class='ocrx_word' id='word_1_258' title='bbox 1207 494 1236 525; x_wconf 92' lang='lat' dir='ltr'><strong>Si</strong></span> <span class='ocrx_word' id='word_1_259' title='bbox 1247 495 1384 534; x_wconf 85' lang='lat' dir='ltr'><strong>renuitis,</strong></span> <span class='ocrx_word' id='word_1_260' title='bbox 1404 498 1432 525; x_wconf 88' lang='lat' dir='ltr'><strong>et</strong></span> <span class='ocrx_word' id='word_1_261' title='bbox 1450 495 1658 534; x_wconf 81' lang='lat' dir='ltr'><strong>indignamini,</strong></span> <span class='ocrx_word' id='word_1_262' title='bbox 1676 499 1705 525; x_wconf 89' lang='lat' dir='ltr'><strong>et</strong></span> <span class='ocrx_word' id='word_1_263' title='bbox 1718 494 1767 526; x_wconf 89' lang='lat' dir='ltr'><strong>de-</strong></span> 
     </span>
    </p>
   </div>
   <div class='ocr_carea' id='block_1_40' title="bbox 945 537 1765 580">
    <p class='ocr_par' dir='ltr' id='par_1_40' title="bbox 945 537 1765 580">
     <span class='ocr_line' id='line_1_41' title="bbox 945 537 1765 580; baseline 0.004 -13"><span class='ocrx_word' id='word_1_264' title='bbox 945 537 1037 568; x_wconf 89' lang='lat' dir='ltr'><strong>decus</strong></span> <span class='ocrx_word' id='word_1_265' title='bbox 1051 538 1292 580; x_wconf 86' lang='lat' dir='ltr'><strong>interpretamini</strong></span> <span class='ocrx_word' id='word_1_266' title='bbox 1304 539 1359 569; x_wconf 88' lang='lat' dir='ltr'><strong>ista</strong></span> <span class='ocrx_word' id='word_1_267' title='bbox 1371 539 1440 579; x_wconf 88' lang='lat' dir='ltr'><strong>pati,</strong></span> <span class='ocrx_word' id='word_1_268' title='bbox 1454 544 1483 570; x_wconf 88' lang='lat' dir='ltr'><strong>et</strong></span> <span class='ocrx_word' id='word_1_269' title='bbox 1495 539 1657 577; x_wconf 86' lang='lat' dir='ltr'><strong>contemni,</strong></span> <span class='ocrx_word' id='word_1_270' title='bbox 1670 543 1700 570; x_wconf 89' lang='lat' dir='ltr'><strong>et</strong></span> <span class='ocrx_word' id='word_1_271' title='bbox 1712 549 1765 580; x_wconf 92' lang='lat' dir='ltr'><strong>pro</strong></span> 
     </span>
    </p>
   </div>
   <div class='ocr_carea' id='block_1_41' title="bbox 945 582 1767 624">
    <p class='ocr_par' dir='ltr' id='par_1_41' title="bbox 945 582 1767 624">
     <span class='ocr_line' id='line_1_42' title="bbox 945 582 1767 624; baseline 0.004 -13"><span class='ocrx_word' id='word_1_272' title='bbox 945 582 1093 612; x_wconf 83' lang='lat' dir='ltr'><strong>mandatis</strong></span> <span class='ocrx_word' id='word_1_273' title='bbox 1110 584 1184 614; x_wconf 86' lang='lat' dir='ltr'><strong>meis</strong></span> <span class='ocrx_word' id='word_1_274' title='bbox 1200 584 1313 614; x_wconf 90' lang='lat' dir='ltr'><strong>animas</strong></span> <span class='ocrx_word' id='word_1_275' title='bbox 1331 593 1453 624; x_wconf 90' lang='lat' dir='ltr'><strong>ponere,</strong></span> <span class='ocrx_word' id='word_1_276' title='bbox 1479 584 1549 624; x_wconf 91' lang='lat' dir='ltr'><strong>quid</strong></span> <span class='ocrx_word' id='word_1_277' title='bbox 1566 593 1635 623; x_wconf 83' lang='lat' dir='ltr'><strong>ergo</strong></span> <span class='ocrx_word' id='word_1_278' title='bbox 1650 583 1767 615; x_wconf 89' lang='lat' dir='ltr'><strong>discere</strong></span> 
     </span>
    </p>
   </div>
   <div class='ocr_carea' id='block_1_42' title="bbox 944 626 1766 669">
    <p class='ocr_par' dir='ltr' id='par_1_42' title="bbox 944 626 1766 669">
     <span class='ocr_line' id='line_1_43' title="bbox 944 626 1766 669; baseline 0.004 -13"><span class='ocrx_word' id='word_1_279' title='bbox 944 626 1088 665; x_wconf 58' lang='lat' dir='ltr'><strong>quaeritis,</strong></span> <span class='ocrx_word' id='word_1_280' title='bbox 1100 628 1247 668; x_wconf 87' lang='lat' dir='ltr'><strong>quomodo</strong></span> <span class='ocrx_word' id='word_1_281' title='bbox 1268 637 1318 659; x_wconf 93' lang='lat' dir='ltr'><strong>vos</strong></span> <span class='ocrx_word' id='word_1_282' title='bbox 1333 628 1439 659; x_wconf 86' lang='lat' dir='ltr'><strong>salvari</strong></span> <span class='ocrx_word' id='word_1_283' title='bbox 1457 633 1602 669; x_wconf 83' lang='lat' dir='ltr'><strong>oporteat,</strong></span> <span class='ocrx_word' id='word_1_284' title='bbox 1616 634 1644 659; x_wconf 89' lang='lat' dir='ltr'><strong>et</strong></span> <span class='ocrx_word' id='word_1_285' title='bbox 1659 629 1766 669; x_wconf 90' lang='lat' dir='ltr'><strong>quibus</strong></span> 
     </span>
    </p>
   </div>
   <div class='ocr_carea' id='block_1_43' title="bbox 942 670 1765 713">
    <p class='ocr_par' dir='ltr' id='par_1_43' title="bbox 942 670 1765 713">
     <span class='ocr_line' id='line_1_44' title="bbox 942 670 1765 713; baseline 0.004 -13"><span class='ocrx_word' id='word_1_286' title='bbox 942 670 1110 702; x_wconf 85' lang='lat' dir='ltr'><strong>actionibus</strong></span> <span class='ocrx_word' id='word_1_287' title='bbox 1127 673 1199 703; x_wconf 90' lang='lat' dir='ltr'><strong>mihi</strong></span> <span class='ocrx_word' id='word_1_288' title='bbox 1214 673 1415 704; x_wconf 89' lang='lat' dir='ltr'><strong>conciliemini</strong></span> <span class='ocrx_word' id='word_1_289' title='bbox 1428 673 1440 703; x_wconf 65' lang='grc' dir='ltr'><em>ἲ</em></span> <span class='ocrx_word' id='word_1_290' title='bbox 1454 673 1524 713; x_wconf 89' lang='lat' dir='ltr'><strong>quid</strong></span> <span class='ocrx_word' id='word_1_291' title='bbox 1536 673 1654 704; x_wconf 87' lang='lat' dir='ltr'><strong>tandem</strong></span> <span class='ocrx_word' id='word_1_292' title='bbox 1672 672 1765 703; x_wconf 86' lang='lat' dir='ltr'><strong>Deum</strong></span> 
     </span>
    </p>
   </div>
   <div class='ocr_carea' id='block_1_44' title="bbox 942 717 1765 758">
    <p class='ocr_par' dir='ltr' id='par_1_44' title="bbox 942 717 1765 758">
     <span class='ocr_line' id='line_1_45' title="bbox 942 717 1765 758; baseline 0.005 -14"><span class='ocrx_word' id='word_1_293' title='bbox 942 719 1073 746; x_wconf 85' lang='lat' dir='ltr'><strong>vestrum</strong></span> <span class='ocrx_word' id='word_1_294' title='bbox 1093 726 1138 746; x_wconf 91' lang='lat' dir='ltr'><strong>me</strong></span> <span class='ocrx_word' id='word_1_295' title='bbox 1149 717 1303 757; x_wconf 87' lang='lat' dir='ltr'><strong>appellatis</strong></span> <span class='ocrx_word' id='word_1_296' title='bbox 1315 720 1328 747; x_wconf 79' lang='grc' dir='ltr'><strong>γ</strong></span> <span class='ocrx_word' id='word_1_297' title='bbox 1343 718 1412 758; x_wconf 89' lang='lat' dir='ltr'><strong>quid</strong></span> <span class='ocrx_word' id='word_1_298' title='bbox 1435 717 1506 748; x_wconf 92' lang='lat' dir='ltr'><strong>item</strong></span> <span class='ocrx_word' id='word_1_299' title='bbox 1523 727 1573 748; x_wconf 89' lang='lat' dir='ltr'><strong>vos</strong></span> <span class='ocrx_word' id='word_1_300' title='bbox 1588 717 1618 748; x_wconf 89' lang='lat' dir='ltr'><strong>in</strong></span> <span class='ocrx_word' id='word_1_301' title='bbox 1634 727 1682 749; x_wconf 89' lang='lat' dir='ltr'><strong>me</strong></span> <span class='ocrx_word' id='word_1_302' title='bbox 1698 726 1765 749; x_wconf 90' lang='lat' dir='ltr'><strong>cre-</strong></span> 
     </span>
    </p>
   </div>
   <div class='ocr_carea' id='block_1_45' title="bbox 911 759 1767 803">
    <p class='ocr_par' dir='ltr' id='par_1_45' title="bbox 911 759 1767 803">
     <span class='ocr_line' id='line_1_46' title="bbox 911 759 1767 803; baseline 0.005 -14"><span class='ocrx_word' id='word_1_303' title='bbox 911 770 932 795; x_wconf 73' lang='grc' dir='ltr'>Β</span> <span class='ocrx_word' id='word_1_304' title='bbox 943 759 1015 790; x_wconf 86' lang='lat' dir='ltr'><strong>dere</strong></span> <span class='ocrx_word' id='word_1_305' title='bbox 1030 760 1206 801; x_wconf 87' lang='lat' dir='ltr'><strong>insipienter</strong></span> <span class='ocrx_word' id='word_1_306' title='bbox 1221 762 1408 793; x_wconf 86' lang='lat' dir='ltr'><strong>arbitramini</strong></span> <span class='ocrx_word' id='word_1_307' title='bbox 1421 763 1434 792; x_wconf 77' lang='lat' dir='ltr'><strong>‘t</strong></span> <span class='ocrx_word' id='word_1_308' title='bbox 1445 762 1504 802; x_wconf 78' lang='lat' dir='ltr'><strong>Ego</strong></span> <span class='ocrx_word' id='word_1_309' title='bbox 1520 764 1631 803; x_wconf 89' lang='lat' dir='ltr'><strong>quippe</strong></span> <span class='ocrx_word' id='word_1_310' title='bbox 1646 763 1710 793; x_wconf 69' lang='lat' dir='ltr'><strong>haec</strong></span> <span class='ocrx_word' id='word_1_311' title='bbox 1720 771 1767 793; x_wconf 89' lang='lat' dir='ltr'><strong>ve-</strong></span> 
     </span>
    </p>
   </div>
   <div class='ocr_carea' id='block_1_46' title="bbox 943 806 1767 847">
    <p class='ocr_par' dir='ltr' id='par_1_46' title="bbox 943 806 1767 847">
     <span class='ocr_line' id='line_1_47' title="bbox 943 806 1767 847; baseline 0.005 -14"><span class='ocrx_word' id='word_1_312' title='bbox 943 808 1003 834; x_wconf 85' lang='lat' dir='ltr'><strong>stra</strong></span> <span class='ocrx_word' id='word_1_313' title='bbox 1019 814 1107 836; x_wconf 90' lang='lat' dir='ltr'><strong>causa</strong></span> <span class='ocrx_word' id='word_1_314' title='bbox 1122 806 1230 846; x_wconf 72' lang='lat' dir='ltr'><strong>libens,</strong></span> <span class='ocrx_word' id='word_1_315' title='bbox 1261 816 1295 837; x_wconf 86' lang='lat' dir='ltr'><strong>ac</strong></span> <span class='ocrx_word' id='word_1_316' title='bbox 1323 811 1428 847; x_wconf 90' lang='lat' dir='ltr'><strong>sponte</strong></span> <span class='ocrx_word' id='word_1_317' title='bbox 1457 815 1616 847; x_wconf 88' lang='lat' dir='ltr'><strong>perpessus</strong></span> <span class='ocrx_word' id='word_1_318' title='bbox 1641 817 1718 847; x_wconf 89' lang='lat' dir='ltr'><strong>sum,</strong></span> <span class='ocrx_word' id='word_1_319' title='bbox 1735 807 1767 837; x_wconf 94' lang='lat' dir='ltr'><strong>in</strong></span> 
     </span>
    </p>
   </div>
   <div class='ocr_carea' id='block_1_47' title="bbox 943 851 1765 892">
    <p class='ocr_par' dir='ltr' id='par_1_47' title="bbox 943 851 1765 892">
     <span class='ocr_line' id='line_1_48' title="bbox 943 851 1765 892; baseline 0.006 -14"><span class='ocrx_word' id='word_1_320' title='bbox 943 858 1061 882; x_wconf 87' lang='lat' dir='ltr'><strong>crucem</strong></span> <span class='ocrx_word' id='word_1_321' title='bbox 1077 855 1170 888; x_wconf 89' lang='lat' dir='ltr'><strong>actus,</strong></span> <span class='ocrx_word' id='word_1_322' title='bbox 1189 851 1421 882; x_wconf 81' lang='lat' dir='ltr'><strong>facinorosorum</strong></span> <span class='ocrx_word' id='word_1_323' title='bbox 1452 856 1576 882; x_wconf 87' lang='lat' dir='ltr'><strong>mortem</strong></span> <span class='ocrx_word' id='word_1_324' title='bbox 1607 851 1765 892; x_wconf 69' lang='lat' dir='ltr'><strong>obiifglo-</strong></span> 
     </span>
    </p>
   </div>
   <div class='ocr_carea' id='block_1_48' title="bbox 943 893 1765 935">
    <p class='ocr_par' dir='ltr' id='par_1_48' title="bbox 943 893 1765 935">
     <span class='ocr_line' id='line_1_49' title="bbox 943 893 1765 935; baseline 0.006 -13"><span class='ocrx_word' id='word_1_325' title='bbox 943 893 1046 933; x_wconf 88' lang='lat' dir='ltr'><strong>riaque</strong></span> <span class='ocrx_word' id='word_1_326' title='bbox 1063 896 1177 929; x_wconf 82' lang='lat' dir='ltr'><strong>mundi.</strong></span> <span class='ocrx_word' id='word_1_327' title='bbox 1194 895 1263 933; x_wconf 89' lang='lat' dir='ltr'><strong>vita,</strong></span> <span class='ocrx_word' id='word_1_328' title='bbox 1281 896 1434 935; x_wconf 87' lang='lat' dir='ltr'><strong>sp&#39;endor,</strong></span> <span class='ocrx_word' id='word_1_329' title='bbox 1461 900 1646 926; x_wconf 89' lang='lat' dir='ltr'><strong>mortuorum</strong></span> <span class='ocrx_word' id='word_1_330' title='bbox 1661 905 1765 927; x_wconf 88' lang='lat' dir='ltr'><strong>resur-</strong></span> 
     </span>
    </p>
   </div>
   <div class='ocr_carea' id='block_1_49' title="bbox 945 939 1763 980">
    <p class='ocr_par' dir='ltr' id='par_1_49' title="bbox 945 939 1763 980">
     <span class='ocr_line' id='line_1_50' title="bbox 945 939 1763 980; baseline 0.006 -13"><span class='ocrx_word' id='word_1_331' title='bbox 945 939 1038 970; x_wconf 82' lang='lat' dir='ltr'><strong>rectio</strong></span> <span class='ocrx_word' id='word_1_332' title='bbox 1053 940 1186 970; x_wconf 91' lang='lat' dir='ltr'><strong>omnium</strong></span> <span class='ocrx_word' id='word_1_333' title='bbox 1202 940 1231 970; x_wconf 96' lang='lat' dir='ltr'><strong>in</strong></span> <span class='ocrx_word' id='word_1_334' title='bbox 1249 950 1296 970; x_wconf 93' lang='lat' dir='ltr'><strong>me</strong></span> <span class='ocrx_word' id='word_1_335' title='bbox 1313 941 1496 970; x_wconf 86' lang='lat' dir='ltr'><strong>credentium</strong></span> <span class='ocrx_word' id='word_1_336' title='bbox 1512 941 1658 980; x_wconf 82' lang='lat' dir='ltr'><strong>gloriatio,</strong></span> <span class='ocrx_word' id='word_1_337' title='bbox 1674 941 1763 972; x_wconf 90' lang='lat' dir='ltr'><strong>indu-</strong></span> 
     </span>
    </p>
   </div>
   <div class='ocr_carea' id='block_1_50' title="bbox 944 985 1767 1026">
    <p class='ocr_par' dir='ltr' id='par_1_50' title="bbox 944 985 1767 1026">
     <span class='ocr_line' id='line_1_51' title="bbox 944 985 1767 1026; baseline 0.002 -12"><span class='ocrx_word' id='word_1_338' title='bbox 944 988 1075 1014; x_wconf 89' lang='lat' dir='ltr'><strong>mentum</strong></span> <span class='ocrx_word' id='word_1_339' title='bbox 1106 985 1349 1021; x_wconf 83' lang='lat' dir='ltr'><strong>immortalitatis,</strong></span> <span class='ocrx_word' id='word_1_340' title='bbox 1380 989 1409 1015; x_wconf 86' lang='lat' dir='ltr'><strong>et</strong></span> <span class='ocrx_word' id='word_1_341' title='bbox 1437 985 1633 1016; x_wconf 87' lang='lat' dir='ltr'><strong>deiﬁcationis</strong></span> <span class='ocrx_word' id='word_1_342' title='bbox 1657 986 1767 1026; x_wconf 89' lang='lat' dir='ltr'><strong>probra</strong></span> 
     </span>
    </p>
   </div>
   <div class='ocr_carea' id='block_1_51' title="bbox 944 1028 1766 1071">
    <p class='ocr_par' dir='ltr' id='par_1_51' title="bbox 944 1028 1766 1071">
     <span class='ocr_line' id='line_1_52' title="bbox 944 1028 1766 1071; baseline 0.002 -13"><span class='ocrx_word' id='word_1_343' title='bbox 944 1038 1018 1065; x_wconf 90' lang='lat' dir='ltr'><strong>mea,</strong></span> <span class='ocrx_word' id='word_1_344' title='bbox 1037 1028 1064 1059; x_wconf 91' lang='lat' dir='ltr'><strong>ei</strong></span> <span class='ocrx_word' id='word_1_345' title='bbox 1081 1038 1159 1059; x_wconf 90' lang='lat' dir='ltr'><strong>mors</strong></span> <span class='ocrx_word' id='word_1_346' title='bbox 1183 1029 1380 1067; x_wconf 78' lang='lat' dir='ltr'><strong>ignominiosa</strong></span> <span class='ocrx_word' id='word_1_347' title='bbox 1409 1030 1484 1060; x_wconf 85' lang='lat' dir='ltr'><strong>facta</strong></span> <span class='ocrx_word' id='word_1_348' title='bbox 1498 1033 1577 1060; x_wconf 86' lang='lat' dir='ltr'><strong>sunt.</strong></span> <span class='ocrx_word' id='word_1_349' title='bbox 1595 1029 1691 1066; x_wconf 83' lang='lat' dir='ltr'><strong>Quare</strong></span> <span class='ocrx_word' id='word_1_350' title='bbox 1716 1030 1766 1071; x_wconf 93' lang='lat' dir='ltr'><strong>qui</strong></span> 
     </span>
    </p>
   </div>
   <div class='ocr_carea' id='block_1_52' title="bbox 943 1073 1765 1113">
    <p class='ocr_par' dir='ltr' id='par_1_52' title="bbox 943 1073 1765 1113">
     <span class='ocr_line' id='line_1_53' title="bbox 943 1073 1765 1113; baseline 0.002 -10"><span class='ocrx_word' id='word_1_351' title='bbox 943 1073 1126 1104; x_wconf 82' lang='lat' dir='ltr'><strong>venerabiles</strong></span> <span class='ocrx_word' id='word_1_352' title='bbox 1143 1073 1296 1113; x_wconf 78' lang='lat' dir='ltr'><strong>passiones</strong></span> <span class='ocrx_word' id='word_1_353' title='bbox 1312 1083 1393 1104; x_wconf 88' lang='lat' dir='ltr'><strong>meas</strong></span> <span class='ocrx_word' id='word_1_354' title='bbox 1404 1074 1566 1111; x_wconf 88' lang='lat' dir='ltr'><strong>imitantur,</strong></span> <span class='ocrx_word' id='word_1_355' title='bbox 1584 1075 1672 1105; x_wconf 89' lang='lat' dir='ltr'><strong>etiam</strong></span> <span class='ocrx_word' id='word_1_356' title='bbox 1689 1075 1765 1105; x_wconf 91' lang='lat' dir='ltr'><strong>divi-</strong></span> 
     </span>
    </p>
   </div>
   <div class='ocr_carea' id='block_1_53' title="bbox 942 1117 1763 1160">
    <p class='ocr_par' dir='ltr' id='par_1_53' title="bbox 942 1117 1763 1160">
     <span class='ocr_line' id='line_1_54' title="bbox 942 1117 1763 1160; baseline 0.004 -13"><span class='ocrx_word' id='word_1_357' title='bbox 942 1117 1041 1148; x_wconf 87' lang='lat' dir='ltr'><strong>nitatis</strong></span> <span class='ocrx_word' id='word_1_358' title='bbox 1059 1127 1132 1148; x_wconf 67' lang='lat' dir='ltr'><strong>mea:</strong></span> <span class='ocrx_word' id='word_1_359' title='bbox 1147 1122 1312 1155; x_wconf 88' lang='lat' dir='ltr'><strong>consortes,</strong></span> <span class='ocrx_word' id='word_1_360' title='bbox 1330 1123 1359 1149; x_wconf 92' lang='lat' dir='ltr'><strong>et</strong></span> <span class='ocrx_word' id='word_1_361' title='bbox 1374 1118 1458 1158; x_wconf 84' lang='lat' dir='ltr'><strong>regni</strong></span> <span class='ocrx_word' id='word_1_362' title='bbox 1475 1119 1531 1149; x_wconf 92' lang='lat' dir='ltr'><strong>mei</strong></span> <span class='ocrx_word' id='word_1_363' title='bbox 1544 1119 1691 1160; x_wconf 75' lang='lat' dir='ltr'><strong>hzeredes,</strong></span> <span class='ocrx_word' id='word_1_364' title='bbox 1707 1119 1763 1150; x_wconf 92' lang='lat' dir='ltr'><strong>bo-</strong></span> 
     </span>
    </p>
   </div>
   <div class='ocr_carea' id='block_1_54' title="bbox 943 1162 1765 1204">
    <p class='ocr_par' dir='ltr' id='par_1_54' title="bbox 943 1162 1765 1204">
     <span class='ocr_line' id='line_1_55' title="bbox 943 1162 1765 1204; baseline 0.004 -12"><span class='ocrx_word' id='word_1_365' title='bbox 943 1171 1108 1202; x_wconf 84' lang='lat' dir='ltr'><strong>norumque</strong></span> <span class='ocrx_word' id='word_1_366' title='bbox 1119 1163 1198 1193; x_wconf 89' lang='lat' dir='ltr'><strong>nulla</strong></span> <span class='ocrx_word' id='word_1_367' title='bbox 1207 1162 1305 1202; x_wconf 81' lang='lat' dir='ltr'><strong>lingua</strong></span> <span class='ocrx_word' id='word_1_368' title='bbox 1315 1163 1549 1194; x_wconf 86' lang='lat' dir='ltr'><strong>enarrandorum</strong></span> <span class='ocrx_word' id='word_1_369' title='bbox 1559 1164 1765 1204; x_wconf 82' lang='lat' dir='ltr'><strong>exprimendo-</strong></span> 
     </span>
    </p>
   </div>
   <div class='ocr_carea' id='block_1_55' title="bbox 941 1207 1763 1248">
    <p class='ocr_par' dir='ltr' id='par_1_55' title="bbox 941 1207 1763 1248">
     <span class='ocr_line' id='line_1_56' title="bbox 941 1207 1763 1248; baseline 0.005 -12"><span class='ocrx_word' id='word_1_370' title='bbox 941 1215 1066 1247; x_wconf 88' lang='lat' dir='ltr'><strong>rumque</strong></span> <span class='ocrx_word' id='word_1_371' title='bbox 1079 1207 1152 1237; x_wconf 83' lang='lat' dir='ltr'><strong>socii</strong></span> <span class='ocrx_word' id='word_1_372' title='bbox 1167 1208 1250 1245; x_wconf 85' lang='lat' dir='ltr'><strong>ﬁent,</strong></span> <span class='ocrx_word' id='word_1_373' title='bbox 1282 1211 1310 1237; x_wconf 90' lang='lat' dir='ltr'><strong>et</strong></span> <span class='ocrx_word' id='word_1_374' title='bbox 1339 1217 1457 1238; x_wconf 90' lang='lat' dir='ltr'><strong>mecum</strong></span> <span class='ocrx_word' id='word_1_375' title='bbox 1487 1207 1518 1238; x_wconf 89' lang='lat' dir='ltr'><strong>in</strong></span> <span class='ocrx_word' id='word_1_376' title='bbox 1547 1209 1763 1248; x_wconf 90' lang='lat' dir='ltr'><strong>sempiternum</strong></span> 
     </span>
    </p>
   </div>
   <div class='ocr_carea' id='block_1_56' title="bbox 941 1251 1766 1293">
    <p class='ocr_par' dir='ltr' id='par_1_56' title="bbox 941 1251 1766 1293">
     <span class='ocr_line' id='line_1_57' title="bbox 941 1251 1766 1293; baseline 0.004 -11"><span class='ocrx_word' id='word_1_377' title='bbox 941 1255 1038 1282; x_wconf 87' lang='lat' dir='ltr'><strong>erunt.</strong></span> <span class='ocrx_word' id='word_1_378' title='bbox 1056 1253 1185 1281; x_wconf 77' lang='lat' dir='ltr'><strong>Caeteros</strong></span> <span class='ocrx_word' id='word_1_379' title='bbox 1200 1251 1267 1292; x_wconf 87' lang='lat' dir='ltr'><strong>quis</strong></span> <span class='ocrx_word' id='word_1_380' title='bbox 1285 1261 1343 1282; x_wconf 91' lang='lat' dir='ltr'><strong>non</strong></span> <span class='ocrx_word' id='word_1_381' title='bbox 1354 1252 1477 1283; x_wconf 82' lang='lat' dir='ltr'><strong>deﬂeat?</strong></span> <span class='ocrx_word' id='word_1_382' title='bbox 1492 1253 1558 1292; x_wconf 89' lang='lat' dir='ltr'><strong>quis</strong></span> <span class='ocrx_word' id='word_1_383' title='bbox 1572 1262 1630 1283; x_wconf 89' lang='lat' dir='ltr'><strong>non</strong></span> <span class='ocrx_word' id='word_1_384' title='bbox 1650 1253 1766 1293; x_wconf 78' lang='lat' dir='ltr'><strong>lugeat?</strong></span> 
     </span>
    </p>
   </div>
   <div class='ocr_carea' id='block_1_57' title="bbox 941 1296 1766 1337">
    <p class='ocr_par' dir='ltr' id='par_1_57' title="bbox 941 1296 1766 1337">
     <span class='ocr_line' id='line_1_58' title="bbox 941 1296 1766 1337; baseline 0.004 -11"><span class='ocrx_word' id='word_1_385' title='bbox 941 1296 1006 1336; x_wconf 87' lang='lat' dir='ltr'><strong>quis</strong></span> <span class='ocrx_word' id='word_1_386' title='bbox 1022 1305 1082 1326; x_wconf 90' lang='lat' dir='ltr'><strong>non</strong></span> <span class='ocrx_word' id='word_1_387' title='bbox 1098 1305 1132 1326; x_wconf 80' lang='lat' dir='ltr'><strong>ex</strong></span> <span class='ocrx_word' id='word_1_388' title='bbox 1148 1296 1355 1336; x_wconf 86' lang='lat' dir='ltr'><strong>compassione</strong></span> <span class='ocrx_word' id='word_1_389' title='bbox 1371 1297 1470 1327; x_wconf 88' lang='lat' dir='ltr'><strong>cordis</strong></span> <span class='ocrx_word' id='word_1_390' title='bbox 1486 1297 1628 1337; x_wconf 79' lang='lat' dir='ltr'><strong>lacrymas</strong></span> <span class='ocrx_word' id='word_1_391' title='bbox 1636 1297 1766 1329; x_wconf 86' lang='lat' dir='ltr'><strong>fundat?</strong></span> 
     </span>
    </p>
   </div>
   <div class='ocr_carea' id='block_1_58' title="bbox 941 1341 1764 1380">
    <p class='ocr_par' dir='ltr' id='par_1_58' title="bbox 941 1341 1764 1380">
     <span class='ocr_line' id='line_1_59' title="bbox 941 1341 1764 1380; baseline 0.005 -10"><span class='ocrx_word' id='word_1_392' title='bbox 941 1341 1006 1380; x_wconf 88' lang='lat' dir='ltr'><strong>quis</strong></span> <span class='ocrx_word' id='word_1_393' title='bbox 1018 1349 1154 1380; x_wconf 82' lang='lat' dir='ltr'><strong>magnam</strong></span> <span class='ocrx_word' id='word_1_394' title='bbox 1168 1350 1271 1371; x_wconf 93' lang='lat' dir='ltr'><strong>eorum</strong></span> <span class='ocrx_word' id='word_1_395' title='bbox 1285 1341 1475 1372; x_wconf 89' lang='lat' dir='ltr'><strong>stoliditatem</strong></span> <span class='ocrx_word' id='word_1_396' title='bbox 1489 1342 1764 1374; x_wconf 26' lang='lat' dir='ltr'><strong>nonllamentetur?</strong></span> 
     </span>
    </p>
   </div>
   <div class='ocr_carea' id='block_1_59' title="bbox 941 1385 1763 1426">
    <p class='ocr_par' dir='ltr' id='par_1_59' title="bbox 941 1385 1763 1426">
     <span class='ocr_line' id='line_1_60' title="bbox 941 1385 1763 1426; baseline 0.004 -11"><span class='ocrx_word' id='word_1_397' title='bbox 941 1385 1180 1425; x_wconf 85' lang='lat' dir='ltr'><strong>quandoquidem</strong></span> <span class='ocrx_word' id='word_1_398' title='bbox 1190 1385 1309 1416; x_wconf 85' lang='lat' dir='ltr'><strong>deserta</strong></span> <span class='ocrx_word' id='word_1_399' title='bbox 1325 1386 1381 1416; x_wconf 89' lang='lat' dir='ltr'><strong>vita</strong></span> <span class='ocrx_word' id='word_1_400' title='bbox 1397 1386 1512 1426; x_wconf 89' lang='lat' dir='ltr'><strong>seipsos</strong></span> <span class='ocrx_word' id='word_1_401' title='bbox 1528 1387 1615 1417; x_wconf 91' lang='lat' dir='ltr'><strong>morti</strong></span> <span class='ocrx_word' id='word_1_402' title='bbox 1632 1387 1763 1418; x_wconf 86' lang='lat' dir='ltr'><strong>tradide-</strong></span> 
     </span>
    </p>
   </div>
   <div class='ocr_carea' id='block_1_60' title="bbox 76 1429 1762 1482">
    <p class='ocr_par' dir='ltr' id='par_1_60' title="bbox 76 1429 1762 1482">
     <span class='ocr_line' id='line_1_61' title="bbox 76 1429 1762 1482; baseline 0.005 -8"><span class='ocrx_word' id='word_1_403' title='bbox 76 1444 105 1474; x_wconf 90' lang='lat' dir='ltr'><strong>in</strong></span> <span class='ocrx_word' id='word_1_404' title='bbox 122 1453 169 1474; x_wconf 93' lang='lat' dir='ltr'><strong>me</strong></span> <span class='ocrx_word' id='word_1_405' title='bbox 186 1443 353 1480; x_wconf 88' lang='lat' dir='ltr'><strong>inveniens,</strong></span> <span class='ocrx_word' id='word_1_406' title='bbox 455 1443 526 1474; x_wconf 89' lang='lat' dir='ltr'><strong>nihil</strong></span> <span class='ocrx_word' id='word_1_407' title='bbox 544 1429 640 1474; x_wconf 89' lang='lat' dir='ltr'><strong>meum</strong></span> <span class='ocrx_word' id='word_1_408' title='bbox 658 1429 695 1474; x_wconf 82' lang='lat' dir='ltr'><strong>sit</strong></span> <span class='ocrx_word' id='word_1_409' title='bbox 941 1435 1019 1482; x_wconf 47' lang='lat' dir='ltr'>Elin&quot;</span> <span class='ocrx_word' id='word_1_410' title='bbox 1037 1439 1053 1460; x_wconf 71' lang='grc'>³</span> <span class='ocrx_word' id='word_1_411' title='bbox 1065 1429 1127 1482; x_wconf 48' lang='lat' dir='ltr'><strong>De?</strong></span> <span class='ocrx_word' id='word_1_412' title='bbox 1151 1429 1311 1482; x_wconf 36' lang='lat' dir='ltr'><strong>iﬂfeliiiter</strong></span> <span class='ocrx_word' id='word_1_413' title='bbox 1336 1430 1474 1481; x_wconf 48' lang='lat' dir='ltr'><strong>abrppu;</strong></span> <span class='ocrx_word' id='word_1_414' title='bbox 1492 1440 1508 1461; x_wconf 69' lang='lat' dir='ltr'><strong>a</strong></span> <span class='ocrx_word' id='word_1_415' title='bbox 1537 1441 1662 1482; x_wconf 45' lang='lat' dir='ltr'><strong>quoniin</strong></span> <span class='ocrx_word' id='word_1_416' title='bbox 1680 1436 1762 1482; x_wconf 58' lang='lat' dir='ltr'><strong>Parte</strong></span> 
     </span>
    </p>
   </div>
   <div class='ocr_carea' id='block_1_61' title="bbox 75 1488 898 1526">
    <p class='ocr_par' dir='ltr' id='par_1_61' title="bbox 75 1488 898 1526">
     <span class='ocr_line' id='line_1_62' title="bbox 75 1488 898 1526; baseline 0.002 -8"><span class='ocrx_word' id='word_1_417' title='bbox 75 1488 176 1519; x_wconf 91' lang='lat' dir='ltr'><strong>omnia</strong></span> <span class='ocrx_word' id='word_1_418' title='bbox 192 1488 244 1518; x_wconf 90' lang='lat' dir='ltr'><strong>tibi</strong></span> <span class='ocrx_word' id='word_1_419' title='bbox 268 1488 408 1526; x_wconf 85' lang='lat' dir='ltr'><strong>serviant,</strong></span> <span class='ocrx_word' id='word_1_420' title='bbox 431 1489 529 1518; x_wconf 89' lang='lat' dir='ltr'><strong>omnia</strong></span> <span class='ocrx_word' id='word_1_421' title='bbox 548 1489 607 1519; x_wconf 90' lang='lat' dir='ltr'><strong>sint</strong></span> <span class='ocrx_word' id='word_1_422' title='bbox 630 1498 768 1520; x_wconf 90' lang='lat' dir='ltr'><strong>manuum</strong></span> <span class='ocrx_word' id='word_1_423' title='bbox 785 1493 898 1520; x_wconf 84' lang='lat' dir='ltr'><strong>tuarani</strong></span> 
     </span>
    </p>
   </div>
   <div class='ocr_carea' id='block_1_62' title="bbox 76 1533 899 1574">
    <p class='ocr_par' dir='ltr' id='par_1_62' title="bbox 76 1533 899 1574">
     <span class='ocr_line' id='line_1_63' title="bbox 76 1533 899 1574; baseline 0.001 -11"><span class='ocrx_word' id='word_1_424' title='bbox 76 1542 180 1573; x_wconf 87' lang='lat' dir='ltr'><strong>opera,</strong></span> <span class='ocrx_word' id='word_1_425' title='bbox 199 1533 342 1572; x_wconf 81' lang='lat' dir='ltr'><strong>majorem</strong></span> <span class='ocrx_word' id='word_1_426' title='bbox 358 1533 387 1562; x_wconf 94' lang='lat' dir='ltr'><strong>in</strong></span> <span class='ocrx_word' id='word_1_427' title='bbox 399 1534 518 1563; x_wconf 86' lang='lat' dir='ltr'><strong>modum</strong></span> <span class='ocrx_word' id='word_1_428' title='bbox 531 1533 643 1572; x_wconf 83' lang='lat' dir='ltr'><strong>pudore</strong></span> <span class='ocrx_word' id='word_1_429' title='bbox 655 1534 820 1574; x_wconf 67' lang='lat' dir='ltr'><strong>suifundor,</strong></span> <span class='ocrx_word' id='word_1_430' title='bbox 838 1535 899 1565; x_wconf 90' lang='lat' dir='ltr'><strong>val-</strong></span> 
     </span>
    </p>
   </div>
   <div class='ocr_carea' id='block_1_63' title="bbox 76 1577 897 1619">
    <p class='ocr_par' dir='ltr' id='par_1_63' title="bbox 76 1577 897 1619">
     <span class='ocr_line' id='line_1_64' title="bbox 76 1577 897 1619; baseline 0.001 -11"><span class='ocrx_word' id='word_1_431' title='bbox 76 1578 174 1619; x_wconf 88' lang='lat' dir='ltr'><strong>deque</strong></span> <span class='ocrx_word' id='word_1_432' title='bbox 188 1577 354 1615; x_wconf 83' lang='lat' dir='ltr'><strong>excrucior,</strong></span> <span class='ocrx_word' id='word_1_433' title='bbox 368 1581 396 1607; x_wconf 90' lang='lat' dir='ltr'><strong>et</strong></span> <span class='ocrx_word' id='word_1_434' title='bbox 411 1577 511 1608; x_wconf 83' lang='lat' dir='ltr'><strong>dicere</strong></span> <span class='ocrx_word' id='word_1_435' title='bbox 528 1578 682 1618; x_wconf 87' lang='lat' dir='ltr'><strong>percupio,</strong></span> <span class='ocrx_word' id='word_1_436' title='bbox 699 1578 768 1619; x_wconf 89' lang='lat' dir='ltr'><strong>quid</strong></span> <span class='ocrx_word' id='word_1_437' title='bbox 786 1578 897 1609; x_wconf 88' lang='lat' dir='ltr'><strong>facien-</strong></span> 
     </span>
    </p>
   </div>
   <div class='ocr_carea' id='block_1_64' title="bbox 76 1622 897 1663">
    <p class='ocr_par' dir='ltr' id='par_1_64' title="bbox 76 1622 897 1663">
     <span class='ocr_line' id='line_1_65' title="bbox 76 1622 897 1663; baseline 0.004 -12"><span class='ocrx_word' id='word_1_438' title='bbox 76 1622 146 1652; x_wconf 93' lang='lat' dir='ltr'><strong>dum</strong></span> <span class='ocrx_word' id='word_1_439' title='bbox 166 1622 202 1652; x_wconf 86' lang='lat' dir='ltr'><strong>sit</strong></span> <span class='ocrx_word' id='word_1_440' title='bbox 217 1626 248 1651; x_wconf 85' lang='lat' dir='ltr'><strong>ut</strong></span> <span class='ocrx_word' id='word_1_441' title='bbox 264 1622 356 1652; x_wconf 85' lang='lat' dir='ltr'><strong>colam</strong></span> <span class='ocrx_word' id='word_1_442' title='bbox 375 1626 413 1659; x_wconf 89' lang='lat' dir='ltr'><strong>te,</strong></span> <span class='ocrx_word' id='word_1_443' title='bbox 438 1626 470 1652; x_wconf 83' lang='lat' dir='ltr'><strong>ut</strong></span> <span class='ocrx_word' id='word_1_444' title='bbox 495 1622 626 1661; x_wconf 80' lang='lat' dir='ltr'><strong>placeam</strong></span> <span class='ocrx_word' id='word_1_445' title='bbox 644 1623 709 1663; x_wconf 83' lang='lat' dir='ltr'><strong>tibi,</strong></span> <span class='ocrx_word' id='word_1_446' title='bbox 727 1632 785 1662; x_wconf 92' lang='lat' dir='ltr'><strong>quo</strong></span> <span class='ocrx_word' id='word_1_447' title='bbox 800 1632 897 1654; x_wconf 88' lang='lat' dir='ltr'><strong>coram</strong></span> 
     </span>
    </p>
   </div>
   <div class='ocr_carea' id='block_1_65' title="bbox 77 1666 897 1706">
    <p class='ocr_par' dir='ltr' id='par_1_65' title="bbox 77 1666 897 1706">
     <span class='ocr_line' id='line_1_66' title="bbox 77 1666 897 1706; baseline 0.001 -9"><span class='ocrx_word' id='word_1_448' title='bbox 77 1666 201 1697; x_wconf 84' lang='lat' dir='ltr'><strong>terribili</strong></span> <span class='ocrx_word' id='word_1_449' title='bbox 218 1666 356 1697; x_wconf 83' lang='lat' dir='ltr'><strong>tribunali</strong></span> <span class='ocrx_word' id='word_1_450' title='bbox 375 1670 422 1697; x_wconf 90' lang='lat' dir='ltr'><strong>tuo</strong></span> <span class='ocrx_word' id='word_1_451' title='bbox 438 1666 467 1697; x_wconf 93' lang='lat' dir='ltr'><strong>in</strong></span> <span class='ocrx_word' id='word_1_452' title='bbox 484 1667 532 1696; x_wconf 88' lang='lat' dir='ltr'><strong>die</strong></span> <span class='ocrx_word' id='word_1_453' title='bbox 556 1667 662 1706; x_wconf 87' lang='lat' dir='ltr'><strong>judicii</strong></span> <span class='ocrx_word' id='word_1_454' title='bbox 677 1667 897 1698; x_wconf 89' lang='lat' dir='ltr'><strong>damnationem</strong></span> 
     </span>
    </p>
   </div>
   <div class='ocr_carea' id='block_1_66' title="bbox 77 1711 226 1751">
    <p class='ocr_par' dir='ltr' id='par_1_66' title="bbox 77 1711 226 1751">
     <span class='ocr_line' id='line_1_67' title="bbox 77 1711 226 1751; baseline -0.02 -9"><span class='ocrx_word' id='word_1_455' title='bbox 77 1711 226 1751; x_wconf 79' lang='lat' dir='ltr'><strong>effugiam.</strong></span> 
     </span>
    </p>
   </div>
   <div class='ocr_carea' id='block_1_67' title="bbox 118 1755 899 1796">
    <p class='ocr_par' dir='ltr' id='par_1_67' title="bbox 118 1755 899 1796">
     <span class='ocr_line' id='line_1_68' title="bbox 118 1755 899 1796; baseline 0.001 -10"><span class='ocrx_word' id='word_1_456' title='bbox 118 1755 193 1787; x_wconf 85' lang='lat' dir='ltr'><strong>Audi</strong></span> <span class='ocrx_word' id='word_1_457' title='bbox 210 1755 279 1795; x_wconf 92' lang='lat' dir='ltr'><strong>quid</strong></span> <span class='ocrx_word' id='word_1_458' title='bbox 295 1755 386 1786; x_wconf 86' lang='lat' dir='ltr'><strong>facias</strong></span> <span class='ocrx_word' id='word_1_459' title='bbox 416 1756 595 1796; x_wconf 86' lang='lat' dir='ltr'><strong>quicumque</strong></span> <span class='ocrx_word' id='word_1_460' title='bbox 607 1755 763 1786; x_wconf 89' lang='lat' dir='ltr'><strong>salvandus</strong></span> <span class='ocrx_word' id='word_1_461' title='bbox 779 1765 822 1793; x_wconf 91' lang='lat' dir='ltr'><strong>es,</strong></span> <span class='ocrx_word' id='word_1_462' title='bbox 839 1757 899 1787; x_wconf 92' lang='lat' dir='ltr'><strong>imo</strong></span> 
     </span>
    </p>
   </div>
   <div class='ocr_carea' id='block_1_68' title="bbox 79 1800 901 1841">
    <p class='ocr_par' dir='ltr' id='par_1_68' title="bbox 79 1800 901 1841">
     <span class='ocr_line' id='line_1_69' title="bbox 79 1800 901 1841; baseline 0.002 -12"><span class='ocrx_word' id='word_1_463' title='bbox 79 1809 146 1830; x_wconf 90' lang='lat' dir='ltr'><strong>vero</strong></span> <span class='ocrx_word' id='word_1_464' title='bbox 162 1804 191 1830; x_wconf 90' lang='lat' dir='ltr'><strong>tu</strong></span> <span class='ocrx_word' id='word_1_465' title='bbox 207 1804 275 1830; x_wconf 87' lang='lat' dir='ltr'><strong>ante</strong></span> <span class='ocrx_word' id='word_1_466' title='bbox 291 1809 405 1837; x_wconf 88' lang='lat' dir='ltr'><strong>omnes,</strong></span> <span class='ocrx_word' id='word_1_467' title='bbox 428 1800 477 1841; x_wconf 90' lang='lat' dir='ltr'><strong>qui</strong></span> <span class='ocrx_word' id='word_1_468' title='bbox 495 1809 541 1831; x_wconf 90' lang='lat' dir='ltr'><strong>me</strong></span> <span class='ocrx_word' id='word_1_469' title='bbox 555 1809 651 1840; x_wconf 85' lang='lat' dir='ltr'><strong>rogas.</strong></span> <span class='ocrx_word' id='word_1_470' title='bbox 670 1800 764 1831; x_wconf 85' lang='lat' dir='ltr'><strong>Hodie</strong></span> <span class='ocrx_word' id='word_1_471' title='bbox 780 1805 808 1831; x_wconf 92' lang='lat' dir='ltr'><strong>te</strong></span> <span class='ocrx_word' id='word_1_472' title='bbox 823 1810 901 1832; x_wconf 90' lang='lat' dir='ltr'><strong>mor-</strong></span> 
     </span>
    </p>
   </div>
   <div class='ocr_carea' id='block_1_69' title="bbox 78 1845 899 1884">
    <p class='ocr_par' dir='ltr' id='par_1_69' title="bbox 78 1845 899 1884">
     <span class='ocr_line' id='line_1_70' title="bbox 78 1845 899 1884; baseline 0.001 -9"><span class='ocrx_word' id='word_1_473' title='bbox 78 1849 161 1876; x_wconf 90' lang='lat' dir='ltr'><strong>tuum</strong></span> <span class='ocrx_word' id='word_1_474' title='bbox 178 1853 244 1874; x_wconf 87' lang='lat' dir='ltr'><strong>esse</strong></span> <span class='ocrx_word' id='word_1_475' title='bbox 261 1848 329 1884; x_wconf 89' lang='lat' dir='ltr'><strong>puta</strong></span> <span class='ocrx_word' id='word_1_476' title='bbox 345 1855 353 1881; x_wconf 78' lang='lat'><strong>-,</strong></span> <span class='ocrx_word' id='word_1_477' title='bbox 369 1845 458 1875; x_wconf 88' lang='lat' dir='ltr'><strong>hodie</strong></span> <span class='ocrx_word' id='word_1_478' title='bbox 473 1845 659 1875; x_wconf 88' lang='lat' dir='ltr'><strong>renuntiasse</strong></span> <span class='ocrx_word' id='word_1_479' title='bbox 678 1855 685 1883; x_wconf 90' lang='lat'>;</span> <span class='ocrx_word' id='word_1_480' title='bbox 702 1845 791 1875; x_wconf 88' lang='lat' dir='ltr'><strong>hodie</strong></span> <span class='ocrx_word' id='word_1_481' title='bbox 807 1849 899 1876; x_wconf 90' lang='lat' dir='ltr'><strong>totum</strong></span> 
     </span>
    </p>
   </div>
   <div class='ocr_carea' id='block_1_70' title="bbox 79 1888 899 1929">
    <p class='ocr_par' dir='ltr' id='par_1_70' title="bbox 79 1888 899 1929">
     <span class='ocr_line' id='line_1_71' title="bbox 79 1888 899 1929; baseline 0.001 -10"><span class='ocrx_word' id='word_1_482' title='bbox 79 1888 220 1919; x_wconf 89' lang='lat' dir='ltr'><strong>mundum</strong></span> <span class='ocrx_word' id='word_1_483' title='bbox 237 1889 393 1929; x_wconf 87' lang='lat' dir='ltr'><strong>reliquisse</strong></span> <span class='ocrx_word' id='word_1_484' title='bbox 407 1889 512 1929; x_wconf 71' lang='lat' dir='ltr'><strong>,hodie</strong></span> <span class='ocrx_word' id='word_1_485' title='bbox 527 1889 650 1925; x_wconf 86' lang='lat' dir='ltr'><strong>amicos,</strong></span> <span class='ocrx_word' id='word_1_486' title='bbox 669 1894 820 1929; x_wconf 82' lang='lat' dir='ltr'><strong>cognatos,</strong></span> <span class='ocrx_word' id='word_1_487' title='bbox 832 1899 899 1920; x_wconf 92' lang='lat' dir='ltr'><strong>om-</strong></span> 
     </span>
    </p>
   </div>
   <div class='ocr_carea' id='block_1_71' title="bbox 77 1933 898 1971">
    <p class='ocr_par' dir='ltr' id='par_1_71' title="bbox 77 1933 898 1971">
     <span class='ocr_line' id='line_1_72' title="bbox 77 1933 898 1971; baseline 0 -7"><span class='ocrx_word' id='word_1_488' title='bbox 77 1943 148 1964; x_wconf 88' lang='lat' dir='ltr'><strong>nem</strong></span> <span class='ocrx_word' id='word_1_489' title='bbox 156 1943 258 1963; x_wconf 90' lang='lat' dir='ltr'><strong>vanam</strong></span> <span class='ocrx_word' id='word_1_490' title='bbox 266 1933 387 1971; x_wconf 77' lang='lat' dir='ltr'><strong>gloriam</strong></span> <span class='ocrx_word' id='word_1_491' title='bbox 396 1934 549 1971; x_wconf 86' lang='lat' dir='ltr'><strong>deserens,</strong></span> <span class='ocrx_word' id='word_1_492' title='bbox 564 1934 651 1964; x_wconf 88' lang='lat' dir='ltr'><strong>simul</strong></span> <span class='ocrx_word' id='word_1_493' title='bbox 668 1933 898 1965; x_wconf 61' lang='lat' dir='ltr'><strong>Sollicitudinem</strong></span> 
     </span>
    </p>
   </div>
   <div class='ocr_carea' id='block_1_72' title="bbox 76 1977 899 2019">
    <p class='ocr_par' dir='ltr' id='par_1_72' title="bbox 76 1977 899 2019">
     <span class='ocr_line' id='line_1_73' title="bbox 76 1977 899 2019; baseline 0.002 -11"><span class='ocrx_word' id='word_1_494' title='bbox 76 1987 176 2008; x_wconf 86' lang='lat' dir='ltr'><strong>rerum</strong></span> <span class='ocrx_word' id='word_1_495' title='bbox 206 1977 379 2008; x_wconf 84' lang='lat' dir='ltr'><strong>inferiorum</strong></span> <span class='ocrx_word' id='word_1_496' title='bbox 413 1978 661 2018; x_wconf 87' lang='lat' dir='ltr'><strong>pone-funditus,</strong></span> <span class='ocrx_word' id='word_1_497' title='bbox 693 1978 899 2019; x_wconf 87' lang='lat' dir='ltr'><strong>sublatamque</strong></span> 
     </span>
    </p>
   </div>
   <div class='ocr_carea' id='block_1_73' title="bbox 77 2022 896 2064">
    <p class='ocr_par' dir='ltr' id='par_1_73' title="bbox 77 2022 896 2064">
     <span class='ocr_line' id='line_1_74' title="bbox 77 2022 896 2064; baseline -0.001 -11"><span class='ocrx_word' id='word_1_498' title='bbox 77 2032 196 2054; x_wconf 90' lang='lat' dir='ltr'><strong>crucem</strong></span> <span class='ocrx_word' id='word_1_499' title='bbox 212 2027 290 2052; x_wconf 81' lang='lat' dir='ltr'><strong>tuam</strong></span> <span class='ocrx_word' id='word_1_500' title='bbox 303 2022 333 2052; x_wconf 91' lang='lat' dir='ltr'><strong>in</strong></span> <span class='ocrx_word' id='word_1_501' title='bbox 346 2023 496 2058; x_wconf 82' lang='lat' dir='ltr'><strong>humeros.</strong></span> <span class='ocrx_word' id='word_1_502' title='bbox 513 2027 594 2053; x_wconf 83' lang='lat' dir='ltr'><strong>arcte</strong></span> <span class='ocrx_word' id='word_1_503' title='bbox 604 2023 785 2064; x_wconf 78' lang='lat' dir='ltr'><strong>constringe,</strong></span> <span class='ocrx_word' id='word_1_504' title='bbox 795 2028 822 2053; x_wconf 88' lang='lat' dir='ltr'><strong>et</strong></span> <span class='ocrx_word' id='word_1_505' title='bbox 833 2033 896 2054; x_wconf 86' lang='lat' dir='ltr'><strong>eam</strong></span> 
     </span>
    </p>
   </div>
   <div class='ocr_carea' id='block_1_74' title="bbox 77 2067 895 2108">
    <p class='ocr_par' dir='ltr' id='par_1_74' title="bbox 77 2067 895 2108">
     <span class='ocr_line' id='line_1_75' title="bbox 77 2067 895 2108; baseline 0 -10"><span class='ocrx_word' id='word_1_506' title='bbox 77 2077 170 2108; x_wconf 84' lang='lat' dir='ltr'><strong>usque</strong></span> <span class='ocrx_word' id='word_1_507' title='bbox 181 2067 217 2098; x_wconf 86' lang='lat' dir='ltr'><strong>ad</strong></span> <span class='ocrx_word' id='word_1_508' title='bbox 229 2068 339 2098; x_wconf 80' lang='lat' dir='ltr'><strong>exitum</strong></span> <span class='ocrx_word' id='word_1_509' title='bbox 352 2067 416 2098; x_wconf 63' lang='lat' dir='ltr'><strong>vita:</strong></span> <span class='ocrx_word' id='word_1_510' title='bbox 428 2067 537 2108; x_wconf 83' lang='lat' dir='ltr'><strong>bajula.</strong></span> <span class='ocrx_word' id='word_1_511' title='bbox 551 2068 895 2108; x_wconf 89' lang='lat' dir='ltr'><strong>Laborestentationum,</strong></span> 
     </span>
    </p>
   </div>
   <div class='ocr_carea' id='block_1_75' title="bbox 78 2112 899 2152">
    <p class='ocr_par' dir='ltr' id='par_1_75' title="bbox 78 2112 899 2152">
     <span class='ocr_line' id='line_1_76' title="bbox 78 2112 899 2152; baseline 0.001 -10"><span class='ocrx_word' id='word_1_512' title='bbox 78 2112 197 2143; x_wconf 90' lang='lat' dir='ltr'><strong>dolores</strong></span> <span class='ocrx_word' id='word_1_513' title='bbox 228 2112 462 2152; x_wconf 81' lang='lat' dir='ltr'><strong>tribulationum,</strong></span> <span class='ocrx_word' id='word_1_514' title='bbox 503 2116 531 2143; x_wconf 91' lang='lat' dir='ltr'><strong>et</strong></span> <span class='ocrx_word' id='word_1_515' title='bbox 571 2112 772 2143; x_wconf 88' lang='lat' dir='ltr'><strong>molestiarum</strong></span> <span class='ocrx_word' id='word_1_516' title='bbox 803 2113 899 2144; x_wconf 89' lang='lat' dir='ltr'><strong>clavos</strong></span> 
     </span>
    </p>
   </div>
   <div class='ocr_carea' id='block_1_76' title="bbox 78 2157 900 2197">
    <p class='ocr_par' dir='ltr' id='par_1_76' title="bbox 78 2157 900 2197">
     <span class='ocr_line' id='line_1_77' title="bbox 78 2157 900 2197; baseline 0.002 -11"><span class='ocrx_word' id='word_1_517' title='bbox 78 2164 194 2187; x_wconf 90' lang='lat' dir='ltr'><strong>summo</strong></span> <span class='ocrx_word' id='word_1_518' title='bbox 203 2157 309 2196; x_wconf 78' lang='lat' dir='ltr'><strong>gaudio</strong></span> <span class='ocrx_word' id='word_1_519' title='bbox 322 2157 437 2196; x_wconf 83' lang='lat' dir='ltr'><strong>excipe,</strong></span> <span class='ocrx_word' id='word_1_520' title='bbox 451 2162 481 2187; x_wconf 89' lang='lat' dir='ltr'><strong>ut</strong></span> <span class='ocrx_word' id='word_1_521' title='bbox 496 2165 634 2188; x_wconf 85' lang='lat' dir='ltr'><strong>coronam</strong></span> <span class='ocrx_word' id='word_1_522' title='bbox 646 2157 756 2196; x_wconf 76' lang='lat' dir='ltr'><strong>gloriae.</strong></span> <span class='ocrx_word' id='word_1_523' title='bbox 774 2157 900 2197; x_wconf 80' lang='lat' dir='ltr'><strong>injuria-</strong></span> 
     </span>
    </p>
   </div>
   <div class='ocr_carea' id='block_1_77' title="bbox 79 2201 900 2241">
    <p class='ocr_par' dir='ltr' id='par_1_77' title="bbox 79 2201 900 2241">
     <span class='ocr_line' id='line_1_78' title="bbox 79 2201 900 2241; baseline 0 -9"><span class='ocrx_word' id='word_1_524' title='bbox 79 2211 142 2232; x_wconf 89' lang='lat' dir='ltr'><strong>rum</strong></span> <span class='ocrx_word' id='word_1_525' title='bbox 159 2201 271 2232; x_wconf 84' lang='lat' dir='ltr'><strong>lanceis</strong></span> <span class='ocrx_word' id='word_1_526' title='bbox 286 2202 418 2232; x_wconf 84' lang='lat' dir='ltr'><strong>confixus</strong></span> <span class='ocrx_word' id='word_1_527' title='bbox 444 2201 474 2231; x_wconf 91' lang='lat' dir='ltr'><strong>in</strong></span> <span class='ocrx_word' id='word_1_528' title='bbox 496 2202 594 2237; x_wconf 82' lang='lat' dir='ltr'><strong>horas,</strong></span> <span class='ocrx_word' id='word_1_529' title='bbox 624 2206 653 2232; x_wconf 87' lang='lat' dir='ltr'><strong>et</strong></span> <span class='ocrx_word' id='word_1_530' title='bbox 681 2202 760 2232; x_wconf 91' lang='lat' dir='ltr'><strong>omui</strong></span> <span class='ocrx_word' id='word_1_531' title='bbox 791 2211 900 2241; x_wconf 71' lang='lat' dir='ltr'><strong>genere</strong></span> 
     </span>
    </p>
   </div>
   <div class='ocr_carea' id='block_1_78' title="bbox 78 2245 898 2287">
    <p class='ocr_par' dir='ltr' id='par_1_78' title="bbox 78 2245 898 2287">
     <span class='ocr_line' id='line_1_79' title="bbox 78 2245 898 2287; baseline 0.002 -12"><span class='ocrx_word' id='word_1_532' title='bbox 78 2245 305 2285; x_wconf 82' lang='lat' dir='ltr'><strong>ignominiarum</strong></span> <span class='ocrx_word' id='word_1_533' title='bbox 330 2246 476 2277; x_wconf 86' lang='lat' dir='ltr'><strong>acerrime</strong></span> <span class='ocrx_word' id='word_1_534' title='bbox 506 2247 664 2286; x_wconf 85' lang='lat' dir='ltr'><strong>lapidatus,</strong></span> <span class='ocrx_word' id='word_1_535' title='bbox 693 2246 828 2287; x_wconf 78' lang='lat' dir='ltr'><strong>lacrymis</strong></span> <span class='ocrx_word' id='word_1_536' title='bbox 844 2256 898 2287; x_wconf 87' lang='lat' dir='ltr'><strong>pro</strong></span> 
     </span>
    </p>
   </div>
   <div class='ocr_carea' id='block_1_79' title="bbox 79 2291 900 2331">
    <p class='ocr_par' dir='ltr' id='par_1_79' title="bbox 79 2291 900 2331">
     <span class='ocr_line' id='line_1_80' title="bbox 79 2291 900 2331; baseline 0.002 -11"><span class='ocrx_word' id='word_1_537' title='bbox 79 2291 223 2329; x_wconf 74' lang='lat' dir='ltr'><strong>sanguine</strong></span> <span class='ocrx_word' id='word_1_538' title='bbox 239 2291 376 2330; x_wconf 81' lang='lat' dir='ltr'><strong>profusis,</strong></span> <span class='ocrx_word' id='word_1_539' title='bbox 395 2296 503 2331; x_wconf 79' lang='lat' dir='ltr'><strong>martyr</strong></span> <span class='ocrx_word' id='word_1_540' title='bbox 533 2291 605 2328; x_wconf 88' lang='lat' dir='ltr'><strong>eris,</strong></span> <span class='ocrx_word' id='word_1_541' title='bbox 625 2292 852 2331; x_wconf 87' lang='lat' dir='ltr'><strong>illusionesque,</strong></span> <span class='ocrx_word' id='word_1_542' title='bbox 871 2296 900 2322; x_wconf 87' lang='lat' dir='ltr'><strong>et</strong></span> 
     </span>
    </p>
   </div>
   <div class='ocr_carea' id='block_1_80' title="bbox 78 2335 898 2376">
    <p class='ocr_par' dir='ltr' id='par_1_80' title="bbox 78 2335 898 2376">
     <span class='ocr_line' id='line_1_81' title="bbox 78 2335 898 2376; baseline 0 -10"><span class='ocrx_word' id='word_1_543' title='bbox 78 2336 175 2375; x_wconf 54' lang='lat' dir='ltr'><strong>alapa~</strong></span> <span class='ocrx_word' id='word_1_544' title='bbox 189 2335 288 2365; x_wconf 87' lang='lat' dir='ltr'><strong>ferens</strong></span> <span class='ocrx_word' id='word_1_545' title='bbox 299 2336 399 2366; x_wconf 86' lang='lat' dir='ltr'><strong>animo</strong></span> <span class='ocrx_word' id='word_1_546' title='bbox 411 2336 588 2374; x_wconf 82' lang='lat' dir='ltr'><strong>gratissimo,</strong></span> <span class='ocrx_word' id='word_1_547' title='bbox 609 2335 781 2368; x_wconf 86' lang='lat' dir='ltr'><strong>divinitatis.</strong></span> <span class='ocrx_word' id='word_1_548' title='bbox 795 2341 824 2366; x_wconf 90' lang='lat' dir='ltr'><strong>et</strong></span> <span class='ocrx_word' id='word_1_549' title='bbox 835 2337 898 2376; x_wconf 83' lang='lat' dir='ltr'><strong>glo-</strong></span> 
     </span>
    </p>
   </div>
   <div class='ocr_carea' id='block_1_81' title="bbox 78 2379 898 2420">
    <p class='ocr_par' dir='ltr' id='par_1_81' title="bbox 78 2379 898 2420">
     <span class='ocr_line' id='line_1_82' title="bbox 78 2379 898 2420; baseline 0.001 -10"><span class='ocrx_word' id='word_1_550' title='bbox 78 2380 131 2410; x_wconf 82' lang='lat' dir='ltr'><strong>riae</strong></span> <span class='ocrx_word' id='word_1_551' title='bbox 146 2389 218 2410; x_wconf 68' lang='lat' dir='ltr'><strong>meae</strong></span> <span class='ocrx_word' id='word_1_552' title='bbox 234 2389 355 2410; x_wconf 86' lang='lat' dir='ltr'><strong>consors</strong></span> <span class='ocrx_word' id='word_1_553' title='bbox 384 2380 446 2411; x_wconf 85' lang='lat' dir='ltr'><strong>ﬁes.</strong></span> <span class='ocrx_word' id='word_1_554' title='bbox 466 2379 547 2416; x_wconf 89' lang='lat' dir='ltr'><strong>Quod</strong></span> <span class='ocrx_word' id='word_1_555' title='bbox 574 2380 597 2410; x_wconf 90' lang='lat' dir='ltr'><strong>si</strong></span> <span class='ocrx_word' id='word_1_556' title='bbox 623 2380 751 2420; x_wconf 86' lang='lat' dir='ltr'><strong>teipsum</strong></span> <span class='ocrx_word' id='word_1_557' title='bbox 767 2381 898 2411; x_wconf 90' lang='lat' dir='ltr'><strong>omnium</strong></span> 
     </span>
    </p>
   </div>
   <div class='ocr_carea' id='block_1_82' title="bbox 81 2424 899 2465">
    <p class='ocr_par' dir='ltr' id='par_1_82' title="bbox 81 2424 899 2465">
     <span class='ocr_line' id='line_1_83' title="bbox 81 2424 899 2465; baseline 0 -10"><span class='ocrx_word' id='word_1_558' title='bbox 81 2428 261 2465; x_wconf 87' lang='lat' dir='ltr'><strong>postremum</strong></span> <span class='ocrx_word' id='word_1_559' title='bbox 292 2424 408 2461; x_wconf 88' lang='lat' dir='ltr'><strong>feceris,</strong></span> <span class='ocrx_word' id='word_1_560' title='bbox 434 2434 622 2465; x_wconf 88' lang='lat' dir='ltr'><strong>servumque,</strong></span> <span class='ocrx_word' id='word_1_561' title='bbox 654 2434 688 2456; x_wconf 90' lang='lat' dir='ltr'><strong>ac</strong></span> <span class='ocrx_word' id='word_1_562' title='bbox 718 2425 899 2463; x_wconf 88' lang='lat' dir='ltr'><strong>ministrum,</strong></span> 
     </span>
    </p>
   </div>
   <div class='ocr_carea' id='block_1_83' title="bbox 81 2469 899 2510">
    <p class='ocr_par' dir='ltr' id='par_1_83' title="bbox 81 2469 899 2510">
     <span class='ocr_line' id='line_1_84' title="bbox 81 2469 899 2510; baseline 0 -10"><span class='ocrx_word' id='word_1_563' title='bbox 81 2473 180 2510; x_wconf 86' lang='lat' dir='ltr'><strong>postea</strong></span> <span class='ocrx_word' id='word_1_564' title='bbox 191 2469 319 2509; x_wconf 89' lang='lat' dir='ltr'><strong>primum</strong></span> <span class='ocrx_word' id='word_1_565' title='bbox 329 2470 460 2499; x_wconf 89' lang='lat' dir='ltr'><strong>omnium</strong></span> <span class='ocrx_word' id='word_1_566' title='bbox 470 2474 497 2500; x_wconf 88' lang='lat' dir='ltr'><strong>te</strong></span> <span class='ocrx_word' id='word_1_567' title='bbox 505 2469 639 2506; x_wconf 88' lang='lat' dir='ltr'><strong>reddam,</strong></span> <span class='ocrx_word' id='word_1_568' title='bbox 649 2469 899 2510; x_wconf 84' lang='lat' dir='ltr'><strong>quemadmodum</strong></span> 
     </span>
    </p>
   </div>
   <div class='ocr_carea' id='block_1_84' title="bbox 81 2513 899 2554">
    <p class='ocr_par' dir='ltr' id='par_1_84' title="bbox 81 2513 899 2554">
     <span class='ocr_line' id='line_1_85' title="bbox 81 2513 899 2554; baseline 0.001 -10"><span class='ocrx_word' id='word_1_569' title='bbox 81 2514 213 2554; x_wconf 84' lang='lat' dir='ltr'><strong>promisi.</strong></span> <span class='ocrx_word' id='word_1_570' title='bbox 223 2513 411 2554; x_wconf 86' lang='lat' dir='ltr'><strong>Siinimlcos,</strong></span> <span class='ocrx_word' id='word_1_571' title='bbox 424 2519 452 2544; x_wconf 87' lang='lat' dir='ltr'><strong>et</strong></span> <span class='ocrx_word' id='word_1_572' title='bbox 466 2523 568 2544; x_wconf 89' lang='lat' dir='ltr'><strong>omnes</strong></span> <span class='ocrx_word' id='word_1_573' title='bbox 578 2514 733 2545; x_wconf 87' lang='lat' dir='ltr'><strong>audientes</strong></span> <span class='ocrx_word' id='word_1_574' title='bbox 746 2519 774 2545; x_wconf 90' lang='lat' dir='ltr'><strong>te</strong></span> <span class='ocrx_word' id='word_1_575' title='bbox 785 2514 899 2546; x_wconf 82' lang='lat' dir='ltr'><strong>dilexe-</strong></span> 
     </span>
    </p>
   </div>
   <div class='ocr_carea' id='block_1_85' title="bbox 81 2558 900 2599">
    <p class='ocr_par' dir='ltr' id='par_1_85' title="bbox 81 2558 900 2599">
     <span class='ocr_line' id='line_1_86' title="bbox 81 2558 900 2599; baseline 0.001 -11"><span class='ocrx_word' id='word_1_576' title='bbox 81 2558 132 2594; x_wconf 90' lang='lat' dir='ltr'><strong>ris,</strong></span> <span class='ocrx_word' id='word_1_577' title='bbox 150 2562 178 2588; x_wconf 89' lang='lat' dir='ltr'><strong>et</strong></span> <span class='ocrx_word' id='word_1_578' title='bbox 194 2567 246 2598; x_wconf 91' lang='lat' dir='ltr'><strong>pro</strong></span> <span class='ocrx_word' id='word_1_579' title='bbox 262 2558 455 2597; x_wconf 90' lang='lat' dir='ltr'><strong>injuriosisin</strong></span> <span class='ocrx_word' id='word_1_580' title='bbox 486 2563 512 2589; x_wconf 87' lang='lat' dir='ltr'><strong>te</strong></span> <span class='ocrx_word' id='word_1_581' title='bbox 526 2558 667 2596; x_wconf 76' lang='lat' dir='ltr'><strong>oraveris,</strong></span> <span class='ocrx_word' id='word_1_582' title='bbox 699 2559 819 2599; x_wconf 74' lang='lat' dir='ltr'><strong>illisque</strong></span> <span class='ocrx_word' id='word_1_583' title='bbox 848 2568 900 2599; x_wconf 92' lang='lat' dir='ltr'><strong>pro</strong></span> 
     </span>
    </p>
   </div>
   <div class='ocr_carea' id='block_1_86' title="bbox 81 2603 900 2643">
    <p class='ocr_par' dir='ltr' id='par_1_86' title="bbox 81 2603 900 2643">
     <span class='ocr_line' id='line_1_87' title="bbox 81 2603 900 2643; baseline 0.002 -11"><span class='ocrx_word' id='word_1_584' title='bbox 81 2603 192 2633; x_wconf 87' lang='lat' dir='ltr'><strong>viribus</strong></span> <span class='ocrx_word' id='word_1_585' title='bbox 208 2603 264 2633; x_wconf 93' lang='lat' dir='ltr'><strong>tuis</strong></span> <span class='ocrx_word' id='word_1_586' title='bbox 281 2603 481 2642; x_wconf 87' lang='lat' dir='ltr'><strong>benefeceris,</strong></span> <span class='ocrx_word' id='word_1_587' title='bbox 505 2603 611 2633; x_wconf 88' lang='lat' dir='ltr'><strong>similis</strong></span> <span class='ocrx_word' id='word_1_588' title='bbox 635 2604 764 2643; x_wconf 89' lang='lat' dir='ltr'><strong>profecto</strong></span> <span class='ocrx_word' id='word_1_589' title='bbox 781 2603 900 2634; x_wconf 88' lang='lat' dir='ltr'><strong>evasisti</strong></span> 
     </span>
    </p>
   </div>
   <div class='ocr_carea' id='block_1_87' title="bbox 84 2647 899 2689">
    <p class='ocr_par' dir='ltr' id='par_1_87' title="bbox 84 2647 899 2689">
     <span class='ocr_line' id='line_1_88' title="bbox 84 2647 899 2689; baseline 0 -10"><span class='ocrx_word' id='word_1_590' title='bbox 84 2647 157 2679; x_wconf 84' lang='lat' dir='ltr'><strong>Patri</strong></span> <span class='ocrx_word' id='word_1_591' title='bbox 175 2652 224 2678; x_wconf 93' lang='lat' dir='ltr'><strong>tuo</strong></span> <span class='ocrx_word' id='word_1_592' title='bbox 236 2647 380 2678; x_wconf 88' lang='lat' dir='ltr'><strong>altissimo</strong></span> <span class='ocrx_word' id='word_1_593' title='bbox 394 2672 401 2685; x_wconf 92' lang='lat'><strong>,</strong></span> <span class='ocrx_word' id='word_1_594' title='bbox 415 2653 445 2678; x_wconf 86' lang='lat' dir='ltr'><strong>et</strong></span> <span class='ocrx_word' id='word_1_595' title='bbox 468 2647 537 2678; x_wconf 91' lang='lat' dir='ltr'><strong>hinc</strong></span> <span class='ocrx_word' id='word_1_596' title='bbox 566 2656 670 2688; x_wconf 90' lang='lat' dir='ltr'><strong>purum</strong></span> <span class='ocrx_word' id='word_1_597' title='bbox 699 2657 750 2679; x_wconf 88' lang='lat' dir='ltr'><strong>cor</strong></span> <span class='ocrx_word' id='word_1_598' title='bbox 764 2649 899 2689; x_wconf 89' lang='lat' dir='ltr'><strong>adeptus,</strong></span> 
     </span>
    </p>
   </div>
   <div class='ocr_carea' id='block_1_88' title="bbox 120 2731 408 2770">
    <p class='ocr_par' dir='ltr' id='par_1_88' title="bbox 120 2731 408 2770">
     <span class='ocr_line' id='line_1_89' title="bbox 120 2731 408 2770; baseline -0.007 -6"><span class='ocrx_word' id='word_1_599' title='bbox 120 2732 150 2758; x_wconf 70' lang='lat'><strong>37</strong></span> <span class='ocrx_word' id='word_1_600' title='bbox 166 2732 178 2764; x_wconf 92' lang='lat' dir='ltr'><strong>I</strong></span> <span class='ocrx_word' id='word_1_601' title='bbox 194 2731 260 2763; x_wconf 90' lang='lat' dir='ltr'><strong>Cor.</strong></span> <span class='ocrx_word' id='word_1_602' title='bbox 279 2740 342 2770; x_wconf 83' lang='lat' dir='ltr'><strong>xm,</strong></span> <span class='ocrx_word' id='word_1_603' title='bbox 362 2735 408 2763; x_wconf 87' lang='lat' dir='ltr'><strong>l2.</strong></span> 
     </span>
    </p>
   </div>
   <div class='ocr_carea' id='block_1_89' title="bbox 942 1474 1761 1517">
    <p class='ocr_par' dir='ltr' id='par_1_89' title="bbox 942 1474 1761 1517">
     <span class='ocr_line' id='line_1_90' title="bbox 942 1474 1761 1517; baseline 0.004 -13"><span class='ocrx_word' id='word_1_604' title='bbox 942 1474 1036 1505; x_wconf 87' lang='lat' dir='ltr'><strong>libera</strong></span> <span class='ocrx_word' id='word_1_605' title='bbox 1052 1484 1098 1504; x_wconf 86' lang='lat' dir='ltr'><strong>me</strong></span> <span class='ocrx_word' id='word_1_606' title='bbox 1112 1479 1142 1504; x_wconf 91' lang='lat' dir='ltr'><strong>tu</strong></span> <span class='ocrx_word' id='word_1_607' title='bbox 1163 1474 1289 1505; x_wconf 89' lang='lat' dir='ltr'><strong>Domine</strong></span> <span class='ocrx_word' id='word_1_608' title='bbox 1316 1475 1460 1513; x_wconf 91' lang='lat' dir='ltr'><strong>omnium,</strong></span> <span class='ocrx_word' id='word_1_609' title='bbox 1480 1485 1585 1517; x_wconf 90' lang='lat' dir='ltr'><strong>meque</strong></span> <span class='ocrx_word' id='word_1_610' title='bbox 1601 1475 1761 1516; x_wconf 88' lang='lat' dir='ltr'><strong>abjectuin,</strong></span> 
     </span>
    </p>
   </div>
   <div class='ocr_carea' id='block_1_90' title="bbox 940 1519 1761 1561">
    <p class='ocr_par' dir='ltr' id='par_1_90' title="bbox 940 1519 1761 1561">
     <span class='ocr_line' id='line_1_91' title="bbox 940 1519 1761 1561; baseline 0.004 -12"><span class='ocrx_word' id='word_1_611' title='bbox 940 1523 1027 1560; x_wconf 80' lang='lat' dir='ltr'><strong>atque</strong></span> <span class='ocrx_word' id='word_1_612' title='bbox 1043 1519 1177 1550; x_wconf 92' lang='lat' dir='ltr'><strong>ultimum</strong></span> <span class='ocrx_word' id='word_1_613' title='bbox 1194 1528 1345 1550; x_wconf 90' lang='lat' dir='ltr'><strong>servorum</strong></span> <span class='ocrx_word' id='word_1_614' title='bbox 1377 1523 1493 1551; x_wconf 87' lang='lat' dir='ltr'><strong>tuorum</strong></span> <span class='ocrx_word' id='word_1_615' title='bbox 1510 1529 1548 1551; x_wconf 89' lang='lat' dir='ltr'><strong>ne</strong></span> <span class='ocrx_word' id='word_1_616' title='bbox 1564 1530 1688 1561; x_wconf 86' lang='lat' dir='ltr'><strong>spernas</strong></span> <span class='ocrx_word' id='word_1_617' title='bbox 1702 1522 1761 1552; x_wconf 87' lang='lat' dir='ltr'><strong>im-</strong></span> 
     </span>
    </p>
   </div>
   <div class='ocr_carea' id='block_1_91' title="bbox 942 1563 1763 1606">
    <p class='ocr_par' dir='ltr' id='par_1_91' title="bbox 942 1563 1763 1606">
     <span class='ocr_line' id='line_1_92' title="bbox 942 1563 1763 1606; baseline 0.004 -12"><span class='ocrx_word' id='word_1_618' title='bbox 942 1563 1152 1594; x_wconf 89' lang='lat' dir='ltr'><strong>maculatarum</strong></span> <span class='ocrx_word' id='word_1_619' title='bbox 1182 1564 1408 1604; x_wconf 88' lang='lat' dir='ltr'><strong>perpessionum</strong></span> <span class='ocrx_word' id='word_1_620' title='bbox 1441 1569 1556 1595; x_wconf 91' lang='lat' dir='ltr'><strong>tuarum</strong></span> <span class='ocrx_word' id='word_1_621' title='bbox 1586 1565 1763 1606; x_wconf 87' lang='lat' dir='ltr'><strong>participem</strong></span> 
     </span>
    </p>
   </div>
   <div class='ocr_carea' id='block_1_92' title="bbox 941 1608 1762 1651">
    <p class='ocr_par' dir='ltr' id='par_1_92' title="bbox 941 1608 1762 1651">
     <span class='ocr_line' id='line_1_93' title="bbox 941 1608 1762 1651; baseline 0.005 -13"><span class='ocrx_word' id='word_1_622' title='bbox 941 1608 1016 1646; x_wconf 83' lang='lat' dir='ltr'><strong>fieri,</strong></span> <span class='ocrx_word' id='word_1_623' title='bbox 1037 1612 1069 1638; x_wconf 92' lang='lat' dir='ltr'><strong>ut</strong></span> <span class='ocrx_word' id='word_1_624' title='bbox 1085 1608 1186 1646; x_wconf 87' lang='lat' dir='ltr'><strong>etiam;</strong></span> <span class='ocrx_word' id='word_1_625' title='bbox 1203 1608 1280 1639; x_wconf 85' lang='lat' dir='ltr'><strong>sicut</strong></span> <span class='ocrx_word' id='word_1_626' title='bbox 1296 1609 1407 1649; x_wconf 86' lang='lat' dir='ltr'><strong>dixisti,</strong></span> <span class='ocrx_word' id='word_1_627' title='bbox 1438 1609 1587 1650; x_wconf 84' lang='lat' dir='ltr'><strong>particeps</strong></span> <span class='ocrx_word' id='word_1_628' title='bbox 1602 1610 1714 1651; x_wconf 78' lang='lat' dir='ltr'><strong>gloriae,</strong></span> <span class='ocrx_word' id='word_1_629' title='bbox 1732 1615 1762 1642; x_wconf 90' lang='lat' dir='ltr'><strong>et</strong></span> 
     </span>
    </p>
   </div>
   <div class='ocr_carea' id='block_1_93' title="bbox 940 1653 1763 1694">
    <p class='ocr_par' dir='ltr' id='par_1_93' title="bbox 940 1653 1763 1694">
     <span class='ocr_line' id='line_1_94' title="bbox 940 1653 1763 1694; baseline 0.004 -11"><span class='ocrx_word' id='word_1_630' title='bbox 940 1653 1090 1684; x_wconf 88' lang='lat' dir='ltr'><strong>suavitatis</strong></span> <span class='ocrx_word' id='word_1_631' title='bbox 1107 1653 1251 1683; x_wconf 89' lang='lat' dir='ltr'><strong>bonorqu</strong></span> <span class='ocrx_word' id='word_1_632' title='bbox 1267 1657 1383 1684; x_wconf 90' lang='lat' dir='ltr'><strong>tuorum</strong></span> <span class='ocrx_word' id='word_1_633' title='bbox 1397 1654 1462 1684; x_wconf 85' lang='lat' dir='ltr'><strong>ﬁam</strong></span> <span class='ocrx_word' id='word_1_634' title='bbox 1477 1663 1574 1692; x_wconf 85' lang='lat' dir='ltr'><strong>;nunc</strong></span> <span class='ocrx_word' id='word_1_635' title='bbox 1589 1654 1709 1694; x_wconf 90' lang='lat' dir='ltr'><strong>quidem</strong></span> <span class='ocrx_word' id='word_1_636' title='bbox 1732 1660 1763 1686; x_wconf 90' lang='lat' dir='ltr'><strong>ut</strong></span> 
     </span>
    </p>
   </div>
   <div class='ocr_carea' id='block_1_94' title="bbox 940 1697 1763 1739">
    <p class='ocr_par' dir='ltr' id='par_1_94' title="bbox 940 1697 1763 1739">
     <span class='ocr_line' id='line_1_95' title="bbox 940 1697 1763 1739; baseline 0.005 -12"><span class='ocrx_word' id='word_1_637' title='bbox 940 1697 970 1728; x_wconf 91' lang='lat' dir='ltr'><strong>in</strong></span> <span class='ocrx_word' id='word_1_638' title='bbox 986 1697 1200 1737; x_wconf 49' lang='lat' dir='ltr'><strong>aenigmate/et</strong></span> <span class='ocrx_word' id='word_1_639' title='bbox 1227 1697 1258 1728; x_wconf 90' lang='lat' dir='ltr'><strong>in</strong></span> <span class='ocrx_word' id='word_1_640' title='bbox 1286 1698 1391 1738; x_wconf 80' lang='lat' dir='ltr'><strong>ﬁgura,</strong></span> <span class='ocrx_word' id='word_1_641' title='bbox 1423 1701 1451 1728; x_wconf 89' lang='lat' dir='ltr'><strong>et</strong></span> <span class='ocrx_word' id='word_1_642' title='bbox 1479 1698 1510 1729; x_wconf 93' lang='lat' dir='ltr'><strong>in</strong></span> <span class='ocrx_word' id='word_1_643' title='bbox 1535 1698 1674 1739; x_wconf 91' lang='lat' dir='ltr'><strong>speculo:</strong></span> <span class='ocrx_word' id='word_1_644' title='bbox 1694 1703 1763 1731; x_wconf 86' lang='lat' dir='ltr'><strong>tunc</strong></span> 
     </span>
    </p>
   </div>
   <div class='ocr_carea' id='block_1_95' title="bbox 941 1741 1637 1782">
    <p class='ocr_par' dir='ltr' id='par_1_95' title="bbox 941 1741 1637 1782">
     <span class='ocr_line' id='line_1_96' title="bbox 941 1741 1637 1782; baseline 0.001 -9"><span class='ocrx_word' id='word_1_645' title='bbox 941 1751 1009 1773; x_wconf 86' lang='lat' dir='ltr'><strong>vero</strong></span> <span class='ocrx_word' id='word_1_646' title='bbox 1025 1751 1212 1781; x_wconf 82' lang='lat' dir='ltr'><strong>cognoscam,</strong></span> <span class='ocrx_word' id='word_1_647' title='bbox 1235 1741 1311 1772; x_wconf 92' lang='lat' dir='ltr'><strong>sicut</strong></span> <span class='ocrx_word' id='word_1_648' title='bbox 1327 1746 1355 1772; x_wconf 91' lang='lat' dir='ltr'><strong>et</strong></span> <span class='ocrx_word' id='word_1_649' title='bbox 1369 1743 1503 1782; x_wconf 81' lang='lat' dir='ltr'><strong>cognitus</strong></span> <span class='ocrx_word' id='word_1_650' title='bbox 1517 1752 1583 1773; x_wconf 89' lang='lat' dir='ltr'><strong>sum</strong></span> <span class='ocrx_word' id='word_1_651' title='bbox 1597 1743 1637 1774; x_wconf 75' lang='lat'><strong>37.</strong></span> 
     </span>
    </p>
   </div>
   <div class='ocr_carea' id='block_1_96' title="bbox 1215 1788 1482 1821">
    <p class='ocr_par' dir='ltr' id='par_1_96' title="bbox 1215 1788 1482 1821">
     <span class='ocr_line' id='line_1_97' title="bbox 1215 1788 1482 1821; baseline 0.004 -2"><span class='ocrx_word' id='word_1_652' title='bbox 1215 1788 1333 1820; x_wconf 88' lang='lat' dir='ltr'><strong>CAPUT</strong></span> <span class='ocrx_word' id='word_1_653' title='bbox 1354 1789 1482 1821; x_wconf 86' lang='lat' dir='ltr'><strong>XXVIII.</strong></span> 
     </span>
    </p>
   </div>
   <div class='ocr_carea' id='block_1_97' title="bbox 941 1836 1761 1874">
    <p class='ocr_par' dir='ltr' id='par_1_97' title="bbox 941 1836 1761 1874">
     <span class='ocr_line' id='line_1_98' title="bbox 941 1836 1761 1874; baseline 0.006 -11"><span class='ocrx_word' id='word_1_654' title='bbox 941 1836 1105 1874; x_wconf 71' lang='lat' dir='ltr'><strong>Gratiarum</strong></span> <span class='ocrx_word' id='word_1_655' title='bbox 1119 1836 1191 1874; x_wconf 78' lang='lat' dir='ltr'><strong>actio</strong></span> <span class='ocrx_word' id='word_1_656' title='bbox 1205 1836 1243 1863; x_wconf 86' lang='lat' dir='ltr'><strong>ad</strong></span> <span class='ocrx_word' id='word_1_657' title='bbox 1256 1836 1344 1874; x_wconf 82' lang='lat' dir='ltr'><strong>Deum</strong></span> <span class='ocrx_word' id='word_1_658' title='bbox 1365 1843 1418 1874; x_wconf 81' lang='lat' dir='ltr'><strong>pro</strong></span> <span class='ocrx_word' id='word_1_659' title='bbox 1445 1837 1560 1874; x_wconf 80' lang='lat' dir='ltr'><strong>acceptis</strong></span> <span class='ocrx_word' id='word_1_660' title='bbox 1588 1839 1622 1866; x_wconf 85' lang='lat' dir='ltr'><strong>ab</strong></span> <span class='ocrx_word' id='word_1_661' title='bbox 1637 1846 1667 1867; x_wconf 83' lang='lat' dir='ltr'><strong>eo</strong></span> <span class='ocrx_word' id='word_1_662' title='bbox 1682 1839 1761 1868; x_wconf 75' lang='lat' dir='ltr'><strong>bem-</strong></span> 
     </span>
    </p>
   </div>
   <div class='ocr_carea' id='block_1_98' title="bbox 976 1871 1762 1910">
    <p class='ocr_par' dir='ltr' id='par_1_98' title="bbox 976 1871 1762 1910">
     <span class='ocr_line' id='line_1_99' title="bbox 976 1871 1762 1910; baseline 0.005 -11"><span class='ocrx_word' id='word_1_663' title='bbox 976 1871 1046 1910; x_wconf 72' lang='lat' dir='ltr'><strong>ﬁcits</strong></span> <span class='ocrx_word' id='word_1_664' title='bbox 1056 1880 1067 1904; x_wconf 86' lang='lat'><em>;</em></span> <span class='ocrx_word' id='word_1_665' title='bbox 1081 1875 1105 1910; x_wconf 67' lang='lat' dir='ltr'><strong>et</strong></span> <span class='ocrx_word' id='word_1_666' title='bbox 1120 1872 1150 1899; x_wconf 80' lang='lat' dir='ltr'><strong>in</strong></span> <span class='ocrx_word' id='word_1_667' title='bbox 1179 1873 1328 1910; x_wconf 7' lang='lat' dir='ltr'><strong>qqutestt’one</strong></span> <span class='ocrx_word' id='word_1_668' title='bbox 1352 1871 1485 1910; x_wconf 64' lang='lat' dir='ltr'><strong>positum,</strong></span> <span class='ocrx_word' id='word_1_669' title='bbox 1504 1871 1691 1909; x_wconf 48' lang='lat' dir='ltr'><strong>’quamobrem</strong></span> <span class='ocrx_word' id='word_1_670' title='bbox 1700 1883 1762 1910; x_wconf 84' lang='lat' dir='ltr'><strong>per-</strong></span> 
     </span>
    </p>
   </div>
   <div class='ocr_carea' id='block_1_99' title="bbox 975 1907 1761 1946">
    <p class='ocr_par' dir='ltr' id='par_1_99' title="bbox 975 1907 1761 1946">
     <span class='ocr_line' id='line_1_100' title="bbox 975 1907 1761 1946; baseline 0.006 -12"><span class='ocrx_word' id='word_1_671' title='bbox 975 1908 1039 1942; x_wconf 77' lang='lat' dir='ltr'><strong>fecti</strong></span> <span class='ocrx_word' id='word_1_672' title='bbox 1053 1915 1071 1934; x_wconf 83' lang='grc' dir='ltr'><em>α</em></span> <span class='ocrx_word' id='word_1_673' title='bbox 1083 1907 1250 1946; x_wconf 54' lang='lat' dir='ltr'><strong>daemonibus</strong></span> <span class='ocrx_word' id='word_1_674' title='bbox 1265 1907 1368 1946; x_wconf 66' lang='lat' dir='ltr'><strong>tentari</strong></span> <span class='ocrx_word' id='word_1_675' title='bbox 1382 1907 1589 1946; x_wconf 66' lang='lat' dir='ltr'><strong>perynittuatnr.</strong></span> <span class='ocrx_word' id='word_1_676' title='bbox 1605 1907 1761 1946; x_wconf 73' lang='lat' dir='ltr'><strong>Descriptio</strong></span> 
     </span>
    </p>
   </div>
   <div class='ocr_carea' id='block_1_100' title="bbox 973 1943 1764 2007">
    <p class='ocr_par' dir='ltr' id='par_1_100' title="bbox 973 1943 1764 2007">
     <span class='ocr_line' id='line_1_101' title="bbox 973 1943 1764 2007; baseline 0.008 -38"><span class='ocrx_word' id='word_1_677' title='bbox 973 1944 1200 2007; x_wconf 51' lang='lat' dir='ltr'><strong>Benyntiantium</strong></span> <span class='ocrx_word' id='word_1_678' title='bbox 1227 1943 1341 1976; x_wconf 78' lang='lat' dir='ltr'><strong>mundo,</strong></span> <span class='ocrx_word' id='word_1_679' title='bbox 1371 1947 1396 1972; x_wconf 78' lang='lat' dir='ltr'><strong>et</strong></span> <span class='ocrx_word' id='word_1_680' title='bbox 1423 1944 1570 1978; x_wconf 73' lang='lat' dir='ltr'><strong>institutio,</strong></span> <span class='ocrx_word' id='word_1_681' title='bbox 1601 1945 1632 1973; x_wconf 72' lang='lat' dir='ltr'><strong>in</strong></span> <span class='ocrx_word' id='word_1_682' title='bbox 1642 1943 1764 1982; x_wconf 62' lang='lat' dir='ltr'><strong>persona</strong></span> 
     </span>
     <span class='ocr_line' id='line_1_102' title="bbox 1002 1987 1035 2006; baseline -0.061 0"><span class='ocrx_word' id='word_1_683' title='bbox 1002 1987 1035 2006; x_wconf 67' lang='grc' dir='ltr'><strong>(Ἰ.</strong></span> 
     </span>
    </p>
   </div>
   <div class='ocr_carea' id='block_1_101' title="bbox 1002 1987 1035 2006">
    <p class='ocr_par' dir='ltr' id='par_1_101' title="bbox 1002 1987 1035 2006">
     <span class='ocr_line' id='line_1_103' title="bbox 1002 1987 1035 2006; baseline -0.061 0"><span class='ocrx_word' id='word_1_684' title='bbox 1002 1987 1035 2006; x_wconf 68' lang='lat'><strong>(’3.</strong></span> 
     </span>
    </p>
   </div>
   <div class='ocr_carea' id='block_1_102' title="bbox 967 2021 1761 2062">
    <p class='ocr_par' dir='ltr' id='par_1_102' title="bbox 967 2021 1761 2062">
     <span class='ocr_line' id='line_1_104' title="bbox 967 2021 1761 2062; baseline 0.003 -10"><span class='ocrx_word' id='word_1_685' title='bbox 967 2021 1126 2060; x_wconf 84' lang='lat' dir='ltr'><strong>Cognoscis</strong></span> <span class='ocrx_word' id='word_1_686' title='bbox 1134 2021 1355 2052; x_wconf 87' lang='lat' dir='ltr'><strong>mendicitatem</strong></span> <span class='ocrx_word' id='word_1_687' title='bbox 1365 2031 1472 2061; x_wconf 86' lang='lat' dir='ltr'><strong>meam,</strong></span> <span class='ocrx_word' id='word_1_688' title='bbox 1483 2022 1559 2052; x_wconf 91' lang='lat' dir='ltr'><strong>nosti</strong></span> <span class='ocrx_word' id='word_1_689' title='bbox 1571 2022 1761 2062; x_wconf 85' lang='lat' dir='ltr'><strong>orbitantem,</strong></span> 
     </span>
    </p>
   </div>
   <div class='ocr_carea' id='block_1_103' title="bbox 941 2065 1760 2108">
    <p class='ocr_par' dir='ltr' id='par_1_103' title="bbox 941 2065 1760 2108">
     <span class='ocr_line' id='line_1_105' title="bbox 941 2065 1760 2108; baseline 0.004 -13"><span class='ocrx_word' id='word_1_690' title='bbox 941 2066 999 2096; x_wconf 91' lang='lat' dir='ltr'><strong>scis</strong></span> <span class='ocrx_word' id='word_1_691' title='bbox 1013 2065 1216 2105; x_wconf 87' lang='lat' dir='ltr'><strong>solitudinem,</strong></span> <span class='ocrx_word' id='word_1_692' title='bbox 1234 2065 1332 2096; x_wconf 88' lang='lat' dir='ltr'><strong>cernis</strong></span> <span class='ocrx_word' id='word_1_693' title='bbox 1347 2066 1594 2104; x_wconf 87' lang='lat' dir='ltr'><strong>imbecillitatem,</strong></span> <span class='ocrx_word' id='word_1_694' title='bbox 1621 2072 1650 2098; x_wconf 91' lang='lat' dir='ltr'><strong>et</strong></span> <span class='ocrx_word' id='word_1_695' title='bbox 1661 2067 1760 2108; x_wconf 90' lang='lat' dir='ltr'><strong>impo-</strong></span> 
     </span>
    </p>
   </div>
   <div class='ocr_carea' id='block_1_104' title="bbox 941 2110 1761 2152">
    <p class='ocr_par' dir='ltr' id='par_1_104' title="bbox 941 2110 1761 2152">
     <span class='ocr_line' id='line_1_106' title="bbox 941 2110 1761 2152; baseline 0.002 -11"><span class='ocrx_word' id='word_1_696' title='bbox 941 2110 1063 2141; x_wconf 88' lang='lat' dir='ltr'><strong>tentiam</strong></span> <span class='ocrx_word' id='word_1_697' title='bbox 1081 2119 1189 2150; x_wconf 89' lang='lat' dir='ltr'><strong>meam,</strong></span> <span class='ocrx_word' id='word_1_698' title='bbox 1206 2110 1256 2150; x_wconf 90' lang='lat' dir='ltr'><strong>qui</strong></span> <span class='ocrx_word' id='word_1_699' title='bbox 1272 2119 1318 2140; x_wconf 89' lang='lat' dir='ltr'><strong>me</strong></span> <span class='ocrx_word' id='word_1_700' title='bbox 1347 2111 1456 2142; x_wconf 77' lang='lat' dir='ltr'><strong>tinxisti</strong></span> <span class='ocrx_word' id='word_1_701' title='bbox 1483 2112 1562 2142; x_wconf 90' lang='lat' dir='ltr'><strong>Deus</strong></span> <span class='ocrx_word' id='word_1_702' title='bbox 1577 2121 1683 2152; x_wconf 82' lang='lat' dir='ltr'><strong>mens;</strong></span> <span class='ocrx_word' id='word_1_703' title='bbox 1700 2121 1761 2143; x_wconf 90' lang='lat' dir='ltr'><strong>non</strong></span> 
     </span>
    </p>
   </div>
   <div class='ocr_carea' id='block_1_105' title="bbox 940 2154 1761 2195">
    <p class='ocr_par' dir='ltr' id='par_1_105' title="bbox 940 2154 1761 2195">
     <span class='ocr_line' id='line_1_107' title="bbox 940 2154 1761 2195; baseline 0.004 -11"><span class='ocrx_word' id='word_1_704' title='bbox 940 2155 1069 2194; x_wconf 77' lang='lat' dir='ltr'><strong>ignoras,</strong></span> <span class='ocrx_word' id='word_1_705' title='bbox 1086 2154 1217 2194; x_wconf 88' lang='lat' dir='ltr'><strong>inquam,</strong></span> <span class='ocrx_word' id='word_1_706' title='bbox 1231 2154 1283 2185; x_wconf 88' lang='lat' dir='ltr'><strong>sed</strong></span> <span class='ocrx_word' id='word_1_707' title='bbox 1297 2155 1406 2195; x_wconf 85' lang='lat' dir='ltr'><strong>aspicis</strong></span> <span class='ocrx_word' id='word_1_708' title='bbox 1422 2161 1463 2193; x_wconf 88' lang='lat' dir='ltr'><strong>tu,</strong></span> <span class='ocrx_word' id='word_1_709' title='bbox 1488 2160 1519 2186; x_wconf 93' lang='lat' dir='ltr'><strong>tu</strong></span> <span class='ocrx_word' id='word_1_710' title='bbox 1534 2156 1634 2187; x_wconf 90' lang='lat' dir='ltr'><strong>omnia</strong></span> <span class='ocrx_word' id='word_1_711' title='bbox 1649 2165 1761 2195; x_wconf 86' lang='lat' dir='ltr'><strong>cogno-</strong></span> 
     </span>
    </p>
   </div>
   <div class='ocr_carea' id='block_1_106' title="bbox 941 2198 1764 2238">
    <p class='ocr_par' dir='ltr' id='par_1_106' title="bbox 941 2198 1764 2238">
     <span class='ocr_line' id='line_1_108' title="bbox 941 2198 1764 2238; baseline 0.001 -8"><span class='ocrx_word' id='word_1_712' title='bbox 941 2200 1010 2230; x_wconf 88' lang='lat' dir='ltr'><strong>scis.</strong></span> <span class='ocrx_word' id='word_1_713' title='bbox 1029 2199 1102 2230; x_wconf 85' lang='lat' dir='ltr'><strong>Vide</strong></span> <span class='ocrx_word' id='word_1_714' title='bbox 1117 2208 1168 2229; x_wconf 92' lang='lat' dir='ltr'><strong>cor</strong></span> <span class='ocrx_word' id='word_1_715' title='bbox 1179 2198 1378 2238; x_wconf 88' lang='lat' dir='ltr'><strong>humiliatum,</strong></span> <span class='ocrx_word' id='word_1_716' title='bbox 1390 2199 1454 2230; x_wconf 93' lang='lat' dir='ltr'><strong>vide</strong></span> <span class='ocrx_word' id='word_1_717' title='bbox 1468 2201 1637 2238; x_wconf 89' lang='lat' dir='ltr'><strong>contritum,</strong></span> <span class='ocrx_word' id='word_1_718' title='bbox 1649 2201 1716 2232; x_wconf 89' lang='lat' dir='ltr'><strong>vide</strong></span> <span class='ocrx_word' id='word_1_719' title='bbox 1732 2204 1764 2231; x_wconf 91' lang='lat' dir='ltr'><strong>ut</strong></span> 
     </span>
    </p>
   </div>
   <div class='ocr_carea' id='block_1_107' title="bbox 941 2243 1762 2283">
    <p class='ocr_par' dir='ltr' id='par_1_107' title="bbox 941 2243 1762 2283">
     <span class='ocr_line' id='line_1_109' title="bbox 941 2243 1762 2283; baseline 0.002 -9"><span class='ocrx_word' id='word_1_720' title='bbox 941 2243 1201 2283; x_wconf 87' lang='lat' dir='ltr'><strong>desperabunduin</strong></span> <span class='ocrx_word' id='word_1_721' title='bbox 1213 2243 1249 2274; x_wconf 84' lang='lat' dir='ltr'><strong>ad</strong></span> <span class='ocrx_word' id='word_1_722' title='bbox 1274 2248 1301 2274; x_wconf 91' lang='lat' dir='ltr'><strong>te</strong></span> <span class='ocrx_word' id='word_1_723' title='bbox 1323 2243 1527 2282; x_wconf 87' lang='lat' dir='ltr'><strong>accedentem,</strong></span> <span class='ocrx_word' id='word_1_724' title='bbox 1556 2249 1585 2276; x_wconf 91' lang='lat' dir='ltr'><strong>et</strong></span> <span class='ocrx_word' id='word_1_725' title='bbox 1599 2246 1637 2276; x_wconf 89' lang='lat' dir='ltr'><strong>da</strong></span> <span class='ocrx_word' id='word_1_726' title='bbox 1654 2255 1689 2276; x_wconf 84' lang='lat' dir='ltr'><strong>ex</strong></span> <span class='ocrx_word' id='word_1_727' title='bbox 1704 2245 1762 2276; x_wconf 86' lang='lat' dir='ltr'><strong>alto</strong></span> 
     </span>
    </p>
   </div>
   <div class='ocr_carea' id='block_1_108' title="bbox 941 2288 1764 2329">
    <p class='ocr_par' dir='ltr' id='par_1_108' title="bbox 941 2288 1764 2329">
     <span class='ocr_line' id='line_1_110' title="bbox 941 2288 1764 2329; baseline 0.002 -11"><span class='ocrx_word' id='word_1_728' title='bbox 941 2288 1063 2326; x_wconf 73' lang='lat' dir='ltr'><strong>gratiam</strong></span> <span class='ocrx_word' id='word_1_729' title='bbox 1074 2292 1165 2326; x_wconf 85' lang='lat' dir='ltr'><strong>tuam;</strong></span> <span class='ocrx_word' id='word_1_730' title='bbox 1178 2288 1216 2318; x_wconf 90' lang='lat' dir='ltr'><strong>da</strong></span> <span class='ocrx_word' id='word_1_731' title='bbox 1227 2288 1358 2319; x_wconf 90' lang='lat' dir='ltr'><strong>divinum</strong></span> <span class='ocrx_word' id='word_1_732' title='bbox 1372 2288 1514 2329; x_wconf 90' lang='lat' dir='ltr'><strong>Spiritum</strong></span> <span class='ocrx_word' id='word_1_733' title='bbox 1527 2293 1622 2327; x_wconf 83' lang='lat' dir='ltr'><strong>tuum;</strong></span> <span class='ocrx_word' id='word_1_734' title='bbox 1634 2290 1683 2328; x_wconf 89' lang='lat' dir='ltr'><strong>da,</strong></span> <span class='ocrx_word' id='word_1_735' title='bbox 1695 2290 1764 2321; x_wconf 89' lang='lat' dir='ltr'><strong>Sal-</strong></span> 
     </span>
    </p>
   </div>
   <div class='ocr_carea' id='block_1_109' title="bbox 943 2333 1759 2375">
    <p class='ocr_par' dir='ltr' id='par_1_109' title="bbox 943 2333 1759 2375">
     <span class='ocr_line' id='line_1_111' title="bbox 943 2333 1759 2375; baseline 0.004 -13"><span class='ocrx_word' id='word_1_736' title='bbox 943 2337 1033 2370; x_wconf 81' lang='lat' dir='ltr'><strong>vator,</strong></span> <span class='ocrx_word' id='word_1_737' title='bbox 1049 2333 1247 2370; x_wconf 85' lang='lat' dir='ltr'><strong>Paracletum;</strong></span> <span class='ocrx_word' id='word_1_738' title='bbox 1266 2335 1348 2363; x_wconf 81' lang='lat' dir='ltr'><strong>mitte</strong></span> <span class='ocrx_word' id='word_1_739' title='bbox 1359 2333 1434 2363; x_wconf 91' lang='lat' dir='ltr'><strong>sicut</strong></span> <span class='ocrx_word' id='word_1_740' title='bbox 1447 2334 1617 2375; x_wconf 88' lang='lat' dir='ltr'><strong>promisisti,</strong></span> <span class='ocrx_word' id='word_1_741' title='bbox 1631 2334 1715 2365; x_wconf 89' lang='lat' dir='ltr'><strong>mitte</strong></span> <span class='ocrx_word' id='word_1_742' title='bbox 1730 2339 1759 2365; x_wconf 88' lang='lat' dir='ltr'><strong>et</strong></span> 
     </span>
    </p>
   </div>
   <div class='ocr_carea' id='block_1_110' title="bbox 943 2377 1761 2418">
    <p class='ocr_par' dir='ltr' id='par_1_110' title="bbox 943 2377 1761 2418">
     <span class='ocr_line' id='line_1_112' title="bbox 943 2377 1761 2418; baseline 0.004 -11"><span class='ocrx_word' id='word_1_743' title='bbox 943 2387 1020 2407; x_wconf 89' lang='lat' dir='ltr'><strong>nunc</strong></span> <span class='ocrx_word' id='word_1_744' title='bbox 1036 2378 1132 2417; x_wconf 84' lang='lat' dir='ltr'><strong>ipsum</strong></span> <span class='ocrx_word' id='word_1_745' title='bbox 1149 2387 1207 2408; x_wconf 93' lang='lat' dir='ltr'><strong>una</strong></span> <span class='ocrx_word' id='word_1_746' title='bbox 1220 2377 1362 2408; x_wconf 88' lang='lat' dir='ltr'><strong>assidenti</strong></span> <span class='ocrx_word' id='word_1_747' title='bbox 1378 2377 1408 2408; x_wconf 92' lang='lat' dir='ltr'><strong>in</strong></span> <span class='ocrx_word' id='word_1_748' title='bbox 1430 2378 1584 2418; x_wconf 77' lang='lat' dir='ltr'><strong>superiore</strong></span> <span class='ocrx_word' id='word_1_749' title='bbox 1600 2379 1761 2417; x_wconf 85' lang='lat' dir='ltr'><strong>caenaculo,</strong></span> 
     </span>
    </p>
   </div>
   <div class='ocr_carea' id='block_1_111' title="bbox 941 2421 1765 2464">
    <p class='ocr_par' dir='ltr' id='par_1_111' title="bbox 941 2421 1765 2464">
     <span class='ocr_line' id='line_1_113' title="bbox 941 2421 1765 2464; baseline 0.004 -12"><span class='ocrx_word' id='word_1_750' title='bbox 941 2431 1043 2453; x_wconf 78' lang='lat' dir='ltr'><strong>revera</strong></span> <span class='ocrx_word' id='word_1_751' title='bbox 1060 2421 1132 2452; x_wconf 91' lang='lat' dir='ltr'><strong>mihi</strong></span> <span class='ocrx_word' id='word_1_752' title='bbox 1143 2422 1286 2453; x_wconf 84' lang='lat' dir='ltr'><strong>eminenti</strong></span> <span class='ocrx_word' id='word_1_753' title='bbox 1301 2431 1390 2462; x_wconf 88' lang='lat' dir='ltr'><strong>supra</strong></span> <span class='ocrx_word' id='word_1_754' title='bbox 1420 2431 1468 2453; x_wconf 90' lang='lat' dir='ltr'><strong>res</strong></span> <span class='ocrx_word' id='word_1_755' title='bbox 1483 2426 1616 2455; x_wconf 85' lang='lat' dir='ltr'><strong>terrenas</strong></span> <span class='ocrx_word' id='word_1_756' title='bbox 1631 2428 1660 2454; x_wconf 91' lang='lat' dir='ltr'><strong>et</strong></span> <span class='ocrx_word' id='word_1_757' title='bbox 1675 2433 1765 2464; x_wconf 84' lang='lat' dir='ltr'><strong>supra</strong></span> 
     </span>
    </p>
   </div>
   <div class='ocr_carea' id='block_1_112' title="bbox 942 2467 1761 2509">
    <p class='ocr_par' dir='ltr' id='par_1_112' title="bbox 942 2467 1761 2509">
     <span class='ocr_line' id='line_1_114' title="bbox 942 2467 1761 2509; baseline 0.002 -12"><span class='ocrx_word' id='word_1_758' title='bbox 942 2471 1032 2498; x_wconf 91' lang='lat' dir='ltr'><strong>totum</strong></span> <span class='ocrx_word' id='word_1_759' title='bbox 1049 2467 1242 2504; x_wconf 89' lang='lat' dir='ltr'><strong>mundum,et</strong></span> <span class='ocrx_word' id='word_1_760' title='bbox 1257 2471 1284 2497; x_wconf 89' lang='lat' dir='ltr'><strong>te</strong></span> <span class='ocrx_word' id='word_1_761' title='bbox 1298 2467 1602 2508; x_wconf 71' lang='lat' dir='ltr'><strong>quaerenti,tuumque</strong></span> <span class='ocrx_word' id='word_1_762' title='bbox 1618 2467 1761 2509; x_wconf 83' lang='lat' dir='ltr'><strong>Spiritum</strong></span> 
     </span>
    </p>
   </div>
   <div class='ocr_carea' id='block_1_113' title="bbox 943 2511 1763 2554">
    <p class='ocr_par' dir='ltr' id='par_1_113' title="bbox 943 2511 1763 2554">
     <span class='ocr_line' id='line_1_115' title="bbox 943 2511 1763 2554; baseline 0.002 -12"><span class='ocrx_word' id='word_1_763' title='bbox 943 2511 1426 2551; x_wconf 57' lang='lat' dir='ltr'><strong>praestolantiﬂeigiturcuncteris</strong></span> <span class='ocrx_word' id='word_1_764' title='bbox 1434 2512 1656 2550; x_wconf 88' lang='lat' dir='ltr'><strong>misericors,ne</strong></span> <span class='ocrx_word' id='word_1_765' title='bbox 1664 2513 1763 2554; x_wconf 87' lang='lat' dir='ltr'><strong>despi-</strong></span> 
     </span>
    </p>
   </div>
   <div class='ocr_carea' id='block_1_114' title="bbox 942 2556 1763 2593">
    <p class='ocr_par' dir='ltr' id='par_1_114' title="bbox 942 2556 1763 2593">
     <span class='ocr_line' id='line_1_116' title="bbox 942 2556 1763 2593; baseline 0.004 -7"><span class='ocrx_word' id='word_1_766' title='bbox 942 2556 1002 2587; x_wconf 87' lang='lat' dir='ltr'><strong>cias</strong></span> <span class='ocrx_word' id='word_1_767' title='bbox 1028 2556 1195 2593; x_wconf 87' lang='lat' dir='ltr'><strong>miseralor,</strong></span> <span class='ocrx_word' id='word_1_768' title='bbox 1217 2566 1254 2587; x_wconf 89' lang='lat' dir='ltr'><strong>ne</strong></span> <span class='ocrx_word' id='word_1_769' title='bbox 1284 2556 1468 2587; x_wconf 87' lang='lat' dir='ltr'><strong>obliviscaris</strong></span> <span class='ocrx_word' id='word_1_770' title='bbox 1483 2557 1604 2588; x_wconf 85' lang='lat' dir='ltr'><strong>sitiente</strong></span> <span class='ocrx_word' id='word_1_771' title='bbox 1619 2557 1719 2588; x_wconf 88' lang='lat' dir='ltr'><strong>anima</strong></span> <span class='ocrx_word' id='word_1_772' title='bbox 1734 2562 1763 2589; x_wconf 88' lang='lat' dir='ltr'><strong>te</strong></span> 
     </span>
    </p>
   </div>
   <div class='ocr_carea' id='block_1_115' title="bbox 942 2601 1762 2642">
    <p class='ocr_par' dir='ltr' id='par_1_115' title="bbox 942 2601 1762 2642">
     <span class='ocr_line' id='line_1_117' title="bbox 942 2601 1762 2642; baseline 0.001 -10"><span class='ocrx_word' id='word_1_773' title='bbox 942 2606 1135 2642; x_wconf 66' lang='lat' dir='ltr'><strong>quaerentem,</strong></span> <span class='ocrx_word' id='word_1_774' title='bbox 1149 2605 1178 2632; x_wconf 92' lang='lat' dir='ltr'><strong>et</strong></span> <span class='ocrx_word' id='word_1_775' title='bbox 1192 2611 1229 2632; x_wconf 91' lang='lat' dir='ltr'><strong>ne</strong></span> <span class='ocrx_word' id='word_1_776' title='bbox 1243 2601 1382 2632; x_wconf 83' lang='lat' dir='ltr'><strong>excludas</strong></span> <span class='ocrx_word' id='word_1_777' title='bbox 1395 2601 1488 2641; x_wconf 83' lang='lat' dir='ltr'><strong>gloria</strong></span> <span class='ocrx_word' id='word_1_778' title='bbox 1503 2601 1581 2632; x_wconf 89' lang='lat' dir='ltr'><strong>hunc</strong></span> <span class='ocrx_word' id='word_1_779' title='bbox 1595 2602 1762 2642; x_wconf 82' lang='lat' dir='ltr'><strong>indignum,</strong></span> 
     </span>
    </p>
   </div>
   <div class='ocr_carea' id='block_1_116' title="bbox 943 2646 1765 2684">
    <p class='ocr_par' dir='ltr' id='par_1_116' title="bbox 943 2646 1765 2684">
     <span class='ocr_line' id='line_1_118' title="bbox 943 2646 1765 2684; baseline 0.001 -7"><span class='ocrx_word' id='word_1_780' title='bbox 943 2655 1016 2677; x_wconf 89' lang='lat' dir='ltr'><strong>neve</strong></span> <span class='ocrx_word' id='word_1_781' title='bbox 1031 2646 1213 2678; x_wconf 87' lang='lat' dir='ltr'><strong>abomineris</strong></span> <span class='ocrx_word' id='word_1_782' title='bbox 1228 2655 1287 2684; x_wconf 88' lang='lat' dir='ltr'><strong>me,</strong></span> <span class='ocrx_word' id='word_1_783' title='bbox 1303 2646 1498 2679; x_wconf 86' lang='lat' dir='ltr'><strong>neudeseras.</strong></span> <span class='ocrx_word' id='word_1_784' title='bbox 1514 2646 1633 2678; x_wconf 86' lang='lat' dir='ltr'><strong>Viscera</strong></span> <span class='ocrx_word' id='word_1_785' title='bbox 1649 2651 1698 2678; x_wconf 84' lang='lat' dir='ltr'><strong>tua</strong></span> <span class='ocrx_word' id='word_1_786' title='bbox 1708 2646 1765 2678; x_wconf 87' lang='lat' dir='ltr'><strong>ob-</strong></span> 
     </span>
    </p>
   </div>
  </div>
