1982 3075
206 163 263 196 567

852 165 1042 199 SYMEONIS
1062 165 1249 197 JUNIORIS.

1837 165 1902 197 568

207 231 310 269 tendo,
328 231 565 264 misericordiam
581 236 659 264 tuam
685 233 805 275 objicio,
819 238 848 265 et
861 231 1030 274 benignita-
1042 235 1062 258 Α
1074 233 1102 260 et
1117 240 1184 261 cum
1199 235 1229 261 te
1259 230 1391 262 immissa
1421 231 1676 272 pusillanimitate,
1705 240 1738 262 ac
1753 231 1904 271 despera-

207 279 267 307 tem
284 281 362 307 tuam
377 276 572 317 interpretem
588 287 685 309 meam
700 283 787 319 alque
802 279 1033 310 conciliatricem

207 320 261 351 tibi
290 321 395 353 oﬂ‘ero.
426 321 491 352 Non
520 322 663 360 laboravi,
700 333 759 354 non
797 324 917 364 praestiti
944 332 1034 364 opera

201 365 336 405 justitiaa,
350 375 502 406 nunquam
517 367 731 398 servaviullum
740 368 911 399 mandatum
928 372 1008 399 tuum
1024 377 1030 399 :

205 409 259 440 sed
274 409 362 440 vitam
392 419 490 441 meam
516 421 635 442 omnem
665 412 828 447 luxuriose.
860 423 894 444 ac
916 413 1032 453 perdite

205 454 340 486 transivi.
357 454 571 487 Verumtamen
585 466 645 487 non
661 466 693 487 es
708 466 757 488 me
772 462 946 498 aspernatus
961 457 1030 495 ;sed

204 498 360 539 quaesitum
376 500 525 537 invenisti,
555 507 705 532 errantem
734 511 751 532 a
779 502 825 533 via
854 503 964 533 erroris
978 511 1030 532 re-

205 543 314 574 duxisti
329 554 336 581 ;
353 547 382 574 et
395 553 462 574 cum
478 554 527 575 me
543 555 596 585 per
612 546 711 576 lumen
727 547 841 584 fgraliae
857 551 914 577 tua:
928 547 1030 577 hume-

205 587 247 619 ris
262 588 322 618 tuis
336 588 539 620 immaculatis
569 590 726 621 miseratus
738 591 777 621 im
781 591 941 631 posuisses,
959 600 1030 631 por-

204 631 285 669 tasti,
299 641 354 662 nec
363 632 606 673 defatigationem
628 634 719 664 ullam
736 637 846 666 sentire
861 645 908 666 me
926 644 1030 675 passus

205 685 257 707 es:
275 685 377 707 verum
393 681 531 718 tanquam
546 678 577 709 in
593 688 693 716 curru,
721 683 771 710 aut
795 680 931 710 vehiculo
945 681 1029 720 quie-

205 724 351 762 scentem,
381 721 489 753 dedisti
514 723 643 754 molliter
671 733 725 763 per
751 724 812 755 vias
834 734 953 765 asperas
975 725 1030 755 iter

203 774 359 806 peragere,
374 765 470 797 donec
481 767 512 797 in
523 768 636 798 caulam
652 769 749 798 ovium
761 772 878 799 tuarum
895 769 1029 800 restitui-

205 809 254 846 sti,
268 813 297 840 et
311 809 432 841 famulis
447 811 505 842 tuis
517 812 691 851 aggregasti.
703 813 939 845 Misericordiam
950 818 1029 844 tuam

1076 274 1156 305 tione
1169 275 1329 306 vulnerare
1345 280 1499 314 conentur,
1517 285 1569 316 spe
1585 280 1633 306 tua
1648 276 1726 306 velut
1737 275 1856 306 emissis
1872 276 1904 305 in

1074 319 1154 359 ipsos
1165 320 1273 359 jaculis
1305 320 1485 351 vulneretur.
1516 320 1672 351 Iracundia
1700 324 1739 357 te,
1757 320 1904 360 utpugil-

1074 363 1136 394 latu
1152 369 1346 405 opugnantes,
1379 369 1409 396 et
1437 365 1468 396 in
1497 365 1626 396 furorem
1653 365 1856 405 impellentes,
1888 374 1905 394 a

1074 410 1302 440 mansuetudine
1319 415 1367 440 tua
1381 410 1412 440 in
1441 410 1547 441 faciem
1564 410 1661 450 alapas
1676 409 1834 450 accipiant,
1853 418 1904 440 ex-

1073 458 1176 494 traque
1189 455 1308 485 domum
1323 459 1402 485 tuam
1415 455 1518 494 procul
1530 455 1697 494 ejiciantur.
1711 454 1785 485 Num
1805 453 1902 493 enim,

1072 503 1104 529 ut
1116 499 1188 536 dixi,
1201 499 1310 537 infans,
1329 504 1378 530 aut
1394 509 1468 539 puer
1494 499 1617 539 pusillus
1629 509 1661 530 es
1672 499 1687 529 ?
1703 508 1774 529 num
1802 499 1904 529 adhuc

1073 548 1101 574 te
1110 544 1297 576 imbecillitas
1306 544 1397 574 animi
1410 544 1515 574 tenet?
1526 543 1602 574 Num
1613 544 1700 574 etiam
1714 543 1800 574 modo
1814 552 1902 573 mens

1073 587 1126 618 tibi
1140 589 1175 619 ad
1190 589 1384 620 obnitendum
1401 589 1517 619 inﬁrma
1533 593 1576 619 est
1591 592 1604 620 ?
1620 588 1701 619 Nosti
1714 592 1743 619 et
1758 587 1899 618 inimicos

1071 633 1184 672 fugere,
1197 637 1349 664 etrursum
1363 633 1484 664 eosdem
1499 634 1630 664 vincere.
1641 633 1714 664 Nam
1725 637 1753 663 et
1763 641 1901 672 pugnans

1073 687 1120 708 me
1133 678 1310 718 adjuturem.
1327 687 1361 709 ac
1373 678 1572 716 defensorem,
1589 682 1616 708 et
1630 679 1724 716 fugam
1739 685 1901 717 capessens

1073 731 1120 752 me
1135 722 1263 753 validum
1279 727 1417 753 actutum
1428 726 1632 761 tegumentum
1644 722 1748 752 habes.
1760 722 1796 752 Et
1808 721 1900 762 quid-

1073 776 1154 805 nam,
1170 767 1287 807 amabo,
1304 771 1491 798 terrenorum
1508 767 1630 797 istorum
1658 767 1827 798 maestitiam
1844 766 1899 796 tibi

1073 815 1209 851 apporlat
1222 815 1236 843 ?
1252 812 1377 849 Aurum,
1394 821 1430 842 an
1446 816 1612 851 argentum,
1629 821 1667 842 an
1684 811 1806 852 pretiosi
1821 811 1899 851 lapi-

204 854 345 894 praedico.
358 855 579 886 miserationem
592 857 691 894 laudo,
704 858 812 896 gratias
825 867 892 897 ago,
906 862 935 889 et
949 858 1026 888 divi-
1039 858 1058 882 B
1070 856 1147 886 des?
1162 860 1191 887 et
1205 857 1270 896 quis
1285 857 1371 896 lapis,
1391 866 1439 887 me
1465 857 1613 895 fulgidior,
1640 861 1690 886 aut
1705 856 1771 896 quis
1787 856 1898 887 clarius

205 900 259 930 tias
273 899 412 930 bonitatis
428 903 484 930 tuae
495 900 636 932 admiror.
663 902 736 933 Cum
760 911 848 942 porro
861 902 892 933 in
907 907 936 933 te
945 911 1029 933 recu-

204 944 332 981 buerim,
347 948 380 975 ut
395 945 525 982 narravi,
544 945 633 976 etiam
662 956 741 977 nunc
756 947 834 987 apud
851 951 879 978 te
904 957 980 985 sum,
998 952 1030 978 ut

203 992 285 1029 puto,
304 992 380 1020 totus
396 998 498 1021 servus
514 994 592 1027 tuus,
610 991 772 1031 afﬁxusque
797 992 914 1032 lumini,
933 996 961 1022 et
976 991 1029 1022 tibi

202 1033 410 1074 agglutinatus,
438 1038 468 1065 et
493 1034 642 1066 desiderio
673 1036 716 1066 tui
741 1036 846 1073 victus,
877 1041 905 1067 et
927 1046 1029 1067 amore

203 1078 399 1118 compeditus,
417 1079 529 1117 hareo,
546 1080 737 1121 obstupesco,
753 1085 781 1112 et
793 1081 963 1122 perspicere
979 1091 1028 1113 ne-

203 1132 291 1163 queo,
320 1132 412 1163 quere
439 1123 589 1155 tribulatio
617 1125 741 1164 attingat
764 1125 901 1156 miseram
933 1136 1028 1157 meam

202 1168 330 1198 animam
348 1179 356 1204 ;
373 1177 464 1209 quare
493 1169 588 1200 tristia
615 1169 770 1207 subintret,
803 1179 894 1210 quare
916 1180 964 1201 me
979 1176 1027 1202 to-

203 1216 264 1243 tum
280 1213 456 1251 conturbet;
487 1223 578 1253 quare
607 1223 656 1244 me
686 1214 780 1254 privet
807 1214 965 1246 dulcedine
981 1220 1029 1246 tua

202 1258 293 1295 Deus,
308 1263 336 1289 et
349 1268 366 1289 a
380 1258 486 1297 gaudio
510 1258 663 1289 abstrahat.
688 1263 875 1290 terrenorum
892 1261 1024 1292 atllictio.

201 1301 278 1333 Num
294 1312 342 1333 me
357 1307 512 1343 tantopere
524 1303 650 1343 lapsum,
666 1309 695 1334 et
708 1309 827 1343 peccato
840 1304 1025 1344 obstrictum,

203 1351 254 1378 aut
269 1348 338 1388 quia
353 1351 381 1378 te
393 1347 429 1378 ad
439 1349 510 1378 iram
523 1348 639 1387 gravius
653 1349 840 1386 concitarim,
851 1349 928 1380 bone
936 1350 1026 1380 Chri-

202 1396 259 1429 ste,
273 1392 429 1433 relinquis,
449 1396 480 1422 ut
490 1393 618 1432 amplius
648 1393 806 1424 contrister
825 1403 912 1434 qnam
928 1397 1024 1431 antea,

203 1437 321 1477 quando
338 1437 438 1467 anima
454 1446 520 1467 mea
536 1437 683 1468 serviebat
705 1438 881 1469 turbulentis
893 1439 1026 1470 aﬂ‘ectio-

1071 900 1172 932 lucet?
1187 901 1221 931 Et
1237 905 1334 932 tamen
1348 901 1412 942 quis
1429 901 1517 941 lapis,
1547 906 1577 931 ut
1592 910 1657 940 ego,
1676 901 1706 930 in
1723 901 1897 931 nullaaesti-

1071 946 1201 976 matione
1217 946 1335 985 penitus
1347 947 1361 977 ?
1374 950 1420 977 An
1445 955 1517 976 vero
1545 954 1682 985 agrorum
1698 945 1829 982 amissio,
1847 949 1898 976 aut

1071 990 1195 1030 penuria
1210 991 1354 1027 alimenti,
1373 995 1423 1020 aut
1437 990 1564 1021 defectio
1579 990 1637 1020 vini
1648 990 1769 1020 omnino
1788 994 1815 1020 te
1829 990 1896 1021 dis-

1071 1035 1206 1067 cruciat?
1221 1036 1255 1066 Et
1270 1036 1335 1075 quis
1352 1035 1427 1066 alius
1457 1035 1611 1075 paradisus
1627 1039 1669 1065 est
1686 1035 1745 1065 mei
1760 1035 1868 1066 similis
1884 1034 1896 1066 ?

1069 1084 1119 1110 aut
1131 1081 1201 1120 quid
1217 1090 1270 1121 par
1282 1080 1392 1111 habent
1404 1080 1465 1110 haec
1477 1079 1629 1116 inferiora,
1644 1083 1673 1110 et
1683 1079 1794 1110 caduca
1805 1084 1893 1110 terrae

1069 1125 1293 1161 mitium?Quis
1308 1129 1406 1155 autem
1436 1125 1520 1165 panis
1549 1125 1580 1154 in
1610 1124 1720 1155 mundo
1747 1124 1823 1163 talis,
1841 1130 1894 1155 aut

1070 1170 1148 1209 quod
1163 1170 1263 1200 vinum
1280 1169 1409 1200 conferri
1426 1173 1521 1209 potest
1536 1178 1602 1200 cum
1619 1169 1712 1207 gratia
1727 1179 1803 1207 mea,
1822 1179 1892 1200 cum

1069 1213 1168 1243 divino
1185 1214 1302 1254 spiritu,
1316 1224 1383 1245 cum
1400 1223 1475 1254 pane
1491 1214 1569 1249 vitae,
1586 1223 1674 1253 quem
1692 1223 1745 1253 ego
1769 1214 1818 1250 do,
1832 1223 1899 1244 cor-

1069 1267 1122 1297 pus
1133 1258 1246 1289 scilicet
1258 1262 1288 1290 et
1302 1259 1478 1296 sanguinem
1509 1267 1622 1295 meum,
1638 1258 1720 1298 puris
1747 1259 1847 1296 corde,
1867 1263 1896 1289 et

1068 1302 1234 1334 indubitata
1246 1303 1390 1340 ﬁde,cum
1402 1305 1518 1340 timore,
1532 1307 1696 1334 ettremore
1706 1303 1892 1334 manducan-

1069 1347 1159 1385 tibus,
1171 1352 1200 1378 et
1212 1348 1382 1380 bibentibus
1394 1358 1450 1388 qua
1463 1347 1625 1384 intellectu,
1639 1357 1697 1388 qua
1710 1357 1798 1379 sensu
1809 1348 1896 1388 ‘Pquae

1069 1391 1195 1429 deliciae,
1206 1392 1283 1433 quod
1299 1392 1451 1432 gaudium,
1470 1401 1535 1432 qua
1546 1391 1652 1432 gloria,
1667 1401 1779 1432 quaeso,
1796 1394 1894 1432 major

1069 1439 1098 1466 et
1113 1437 1141 1466 in
1157 1437 1257 1474 terris,
1284 1446 1371 1477 quam
1388 1447 1435 1468 me
1464 1437 1558 1467 solum
1588 1437 1710 1474 intueri,
1730 1446 1778 1467 me
1795 1437 1891 1468 solum

202 1480 290 1528 nibus
303 1483 317 1512 ?
328 1479 393 1528 Dic,
409 1485 437 1511 et
451 1481 525 1528 doce
537 1490 584 1512 me
596 1491 674 1512 nunc
686 1482 955 1522 profundajudicia
966 1487 1024 1515 tua.
1036 1503 1056 1528 ο
1069 1490 1122 1520 per
1137 1481 1290 1528 speculum
1305 1482 1337 1528 in
1352 1482 1507 1528 mnigmate
1519 1481 1740 1528 contemplari?
1755 1486 1783 1512 et
1795 1483 1890 1528 solum

201 1524 267 1565 Dic,
282 1529 311 1556 et
324 1534 362 1555 ne
377 1525 533 1556 desteteris
558 1526 729 1566 loquentem
755 1536 813 1565 me,
830 1528 963 1567 quamvis
979 1528 1024 1558 in-

201 1569 309 1608 diguus
329 1569 385 1600 sim
397 1569 447 1610 qui
461 1570 576 1610 loquar,
591 1576 622 1601 tu
633 1573 682 1611 qui
706 1572 854 1612 quondam
868 1581 935 1602 cum
952 1582 1025 1612 pec-

202 1614 361 1653 eatoribus,
380 1619 410 1645 et
427 1614 635 1646 meretricibus
661 1617 762 1656 epulas
791 1616 895 1653 iniisti,
913 1622 942 1648 et
957 1627 1023 1648 cum

201 1659 292 1689 asotis
306 1668 341 1689 ac
360 1659 529 1700 publicanis
557 1659 723 1692 coenavisti.
740 1660 785 1691 Ad
802 1661 864 1692 haec
880 1660 1024 1692 Dominus

201 1712 286 1735 mens
302 1704 381 1735 hunc
397 1705 428 1735 in
444 1705 565 1735 modum
581 1705 736 1745 respondit
757 1715 763 1737 :

241 1748 326 1780 Nosti
341 1748 591 1789 quemadmodum
608 1758 661 1788 ego
678 1755 707 1780 te
723 1759 739 1780 e
755 1749 866 1780 mundo
881 1759 915 1780 ac
930 1749 1023 1781 infan-

200 1798 259 1825 tem
274 1793 353 1824 inter
367 1794 452 1824 ulnas
463 1797 646 1833 asportatum
657 1795 847 1833 gestaverim.
859 1793 919 1834 Ego
932 1799 1024 1826 totum

199 1837 528 1869 tefasciisinvolvebam
541 1842 570 1869 et
598 1838 672 1870 lacte
695 1838 874 1876 nutriebam,
900 1839 947 1869 cui
959 1840 1026 1870 nul-

199 1883 246 1914 lus
261 1882 345 1913 cibus
376 1886 522 1923 potusque
550 1883 718 1923 comparari
746 1887 863 1923 potest;
879 1893 929 1914 res
946 1885 1026 1915 enim

200 1937 274 1959 mea;
288 1926 498 1958 inscrutabiles
515 1927 650 1966 omnino,
664 1932 693 1958 et
707 1928 933 1968 inexplicabiles
945 1934 1023 1959 sunt.

199 1972 363 2012 Paadagogo
382 1976 410 2003 te
426 1972 634 2003 commendavi
652 1973 724 2012 (scis
739 1982 826 2012 quem
849 1972 958 2012 dicam)
976 1973 1026 2012 qui

199 2021 229 2048 te
244 2022 276 2047 ut
292 2025 413 2057 parvum
428 2026 566 2056 puerum,
584 2017 614 2046 in
627 2017 716 2048 horas
727 2021 923 2048 crescentem.
936 2027 1024 2048 cura-

201 2061 245 2092 vit
268 2061 402 2101 pulchre,
421 2064 496 2092 etut
511 2061 623 2097 decuit,
641 2061 787 2092 educavit.
811 2061 917 2093 Postea
932 2062 1025 2092 factus

197 2115 229 2138 es
241 2105 385 2146 ephebus,
400 2105 472 2146 quin
495 2106 584 2136 etiam
609 2106 842 2137 adolescentiam
858 2116 890 2136 es
905 2106 1024 2145 ingres-

197 2160 259 2191 sus,
273 2159 371 2191 neque
385 2150 494 2190 nescis,
510 2151 659 2190 quomodo
667 2159 787 2190 semper
800 2155 896 2182 tecum
904 2151 1022 2189 fuerlm,

1068 1534 1142 1556 meae
1160 1526 1262 1565 gloriae
1272 1525 1415 1565 fulgorem
1428 1526 1573 1565 aspicere,
1588 1534 1700 1566 perque
1710 1526 1806 1566 ipsum
1817 1526 1891 1565 hac,

1068 1574 1096 1601 et
1108 1570 1154 1601 bis
1168 1571 1253 1611 plura
1267 1571 1379 1611 doceri,
1396 1575 1425 1601 et
1440 1580 1486 1601 me
1502 1571 1598 1601 Deum
1610 1580 1686 1608 esse,
1705 1571 1889 1602 conditorem

1067 1615 1200 1646 omnium
1220 1616 1349 1656 perfecte
1361 1617 1489 1653 scire,et
1500 1615 1680 1654 intelligere,
1697 1615 1848 1646 hominem
1860 1617 1890 1647 in

1067 1660 1131 1691 lacu
1148 1660 1381 1700 profundissimo
1398 1660 1564 1696 sedentem,
1589 1669 1704 1690 mecum
1720 1660 1750 1690 in
1765 1660 1891 1699 gratiam

1066 1705 1246 1745 restitutum,
1278 1710 1308 1735 et
1335 1705 1400 1735 sine
1429 1704 1581 1735 intervallo
1609 1708 1640 1734 ut
1666 1704 1794 1735 amicum
1825 1715 1892 1736 cum

1067 1749 1162 1780 amico
1169 1749 1310 1790 colloqui,
1322 1749 1577 1780 mercenariorum
1589 1749 1694 1779 ordine
1710 1755 1891 1789 exemptum,

1067 1794 1282 1825 servilitimore
1294 1793 1432 1830 liberum,
1441 1793 1889 1832 sinelaboremihiservientem,

1067 1839 1208 1870 charitate
1236 1848 1282 1869 me
1306 1838 1465 1875 colentem,
1497 1837 1655 1868 obedentia
1685 1839 1889 1870 mandatorum

1067 1883 1298 1914 familiaritatem
1316 1892 1411 1914 meam
1429 1887 1619 1913 consecutum
1634 1885 1646 1913 Υ

1108 1928 1273 1967 Agendam,
1291 1936 1350 1959 non
1366 1927 1506 1958 mercede
1522 1927 1596 1958 mihi
1612 1927 1819 1963 servientium,
1836 1939 1892 1960 nec

1067 1973 1218 2003 serviliter
1233 1972 1269 2002 ad
1287 1972 1535 2008 mevenientium,
1550 1972 1602 2002 sed
1613 1974 1787 2009 amicorum,
1800 1977 1827 2003 et
1838 1982 1892 2004 no-

1068 2022 1177 2053 torum,
1190 2026 1224 2047 ac
1240 2016 1369 2047 ﬁliorum
1387 2025 1520 2047 meorum
1533 2016 1666 2046 actiones
1679 2010 1780 2056 quales
1796 2018 1892 2049 solent

1067 2071 1145 2099 esse,
1163 2061 1270 2092 litteris
1285 2061 1426 2100 consigna
1439 2060 1581 2092 breviter.
1598 2060 1744 2092 Omnibus
1755 2063 1889 2093 mortali-

1066 2106 1120 2137 bus
1135 2106 1270 2137 viliorem
1281 2115 1313 2136 se
1328 2105 1450 2137 ducere.
1467 2107 1531 2136 Non
1561 2106 1720 2136 mundanis
1736 2107 1842 2147 solum,
1860 2113 1889 2139 et

1066 2151 1097 2181 in
1109 2151 1167 2181 vita
1182 2150 1323 2191 religipsa
1333 2150 1599 2187 commilitonibus,
1613 2151 1664 2181 sed
1678 2151 1766 2181 etiam
1783 2151 1888 2182 Ethni-

199 2199 297 2227 tecum
324 2195 519 2233 accreverim,
547 2199 574 2226 te
605 2195 735 2236 undique
761 2196 895 2235 texerim,
927 2197 1023 2236 quoad
1035 2196 1109 2236 Deis
1126 2196 1257 2236 pejorem
1274 2205 1305 2225 se
1322 2195 1467 2226 mstimare
1483 2205 1514 2225 ex
1532 2196 1628 2226 animo
1645 2206 1652 2232 ;
1669 2205 1756 2226 unam
1775 2196 1890 2228 minimi

196 2241 355 2272 commode
371 2249 475 2271 omnes
491 2244 610 2271 aetatum
627 2241 734 2280 gradus
755 2240 921 2271 excessisti.
939 2239 1023 2272 Nunc

195 2286 285 2326 igitur
299 2285 475 2316 adolescens
492 2295 557 2316 esse
573 2294 640 2317 cnm
669 2285 806 2323 desieris,
822 2289 851 2315 et
864 2285 908 2315 vir
924 2287 1021 2324 perte-

196 2335 272 2368 ctus,
284 2331 347 2371 jam
362 2329 398 2360 ad
415 2333 600 2361 senectutem
618 2330 732 2367 tendas,
750 2329 898 2370 quomodo
915 2330 1022 2360 etiam-

196 2386 268 2408 num
283 2380 314 2407 ut
330 2376 486 2416 puerulum
505 2379 532 2406 te
548 2375 625 2406 inter
640 2375 763 2406 brachia
779 2375 899 2415 gestari,
916 2384 949 2406 ac
961 2376 1022 2406 cir-

196 2420 337 2452 cumferri
352 2420 483 2461 postulas
494 2420 508 2449 ?
518 2420 666 2460 quomodo
684 2420 781 2450 denuo
793 2420 891 2450 fasciis
902 2420 1022 2461 involvi,

196 2475 231 2497 ac
247 2466 339 2506 potari
370 2464 549 2496 desideras?
577 2464 726 2504 quomodo
755 2465 829 2495 lacte
845 2464 976 2502 educari,
995 2469 1024 2495 et

197 2510 251 2541 sub
267 2510 425 2550 paedagogo
447 2509 572 2540 vivere?
597 2519 707 2549 quaso,
726 2519 784 2539 non
802 2508 954 2540 erubescis
968 2510 1024 2540 ista

197 2554 321 2586 dicere?
336 2553 411 2585 Cum
429 2558 459 2584 tu
474 2557 590 2584 atatem
606 2554 720 2584 virilem
736 2553 840 2593 agites,
853 2553 919 2583 aliis
931 2554 1021 2584 mini-

196 2603 268 2636 stra,
282 2598 355 2630 alios
369 2597 484 2637 educa;
502 2607 627 2638 quaeque
639 2598 676 2629 ad
691 2598 823 2638 ipsorum
848 2598 1021 2628 incremen-

196 2648 259 2675 tum
275 2643 437 2685 pertinent,
457 2642 579 2682 provide
604 2646 634 2673 et
662 2652 733 2673 cura
762 2642 873 2673 omnia.
890 2641 1022 2673 Inimicis

194 2689 314 2730 resiste,
331 2693 360 2720 et
391 2697 548 2728 percussus
574 2692 708 2728 percute.
738 2687 890 2727 lntelligis,
917 2687 1023 2727 opinor

195 2733 234 2765 de
248 2733 355 2774 quibus
379 2731 510 2764 inimicis
532 2733 648 2773 loquar.
679 2733 840 2764 Instructas
854 2732 1022 2763 daemonum

195 2777 276 2809 acies
292 2777 408 2816 invade,
426 2781 454 2808 et
465 2777 521 2808 feri
532 2777 606 2808 nihil
618 2786 721 2818 parcas
736 2789 744 2814 ;
761 2780 872 2808 eadens
886 2785 1019 2816 resurge,

196 2826 226 2854 et
239 2822 352 2854 atfatim
366 2822 427 2855 tela
440 2826 544 2854 contra
558 2822 796 2854 adversariorum
812 2822 870 2854 tela
883 2821 1017 2853 remitte:

1066 2240 1196 2270 mandati
1220 2249 1338 2280 parvam
1366 2240 1646 2278 transgressionem,
1677 2240 1743 2270 vitze
1774 2245 1891 2272 aeternae

1065 2285 1254 2315 amissionem
1268 2293 1333 2315 esse
1343 2284 1478 2314 arbitrari
1491 2296 1498 2320 ;
1513 2293 1617 2324 parvos
1629 2294 1748 2325 pueros,
1763 2295 1821 2316 non
1840 2296 1890 2317 se-

1065 2339 1128 2370 cus,
1144 2339 1233 2368 quam
1248 2329 1395 2360 constanti
1422 2333 1507 2360 mtate
1532 2329 1609 2359 viros
1638 2329 1758 2367 intueri,
1777 2334 1805 2360 ct
1822 2335 1889 2361 tan-

1064 2383 1150 2414 quam
1167 2374 1326 2404 honoratos
1340 2374 1476 2404 venerari
1491 2383 1523 2404 ac
1536 2374 1665 2404 revereri
1681 2384 1689 2411 ;
1705 2375 1792 2405 caecis
1817 2375 1886 2406 item

1065 2419 1208 2449 honorem
1223 2418 1353 2448 tribuere
1366 2428 1376 2456 ;
1389 2422 1490 2458 utpote
1502 2427 1548 2448 me
1560 2418 1596 2449 ab
1612 2419 1669 2449 alto
1682 2419 1784 2450 omnia
1796 2419 1890 2450 homi-

1066 2472 1135 2493 num
1152 2463 1227 2493 facta
1242 2462 1429 2503 inspiciente.
1440 2464 1509 2493 Haec
1521 2472 1637 2503 quoque
1649 2463 1746 2494 facere
1770 2469 1890 2504 propter

1065 2517 1123 2545 me,
1141 2517 1207 2548 quae
1222 2507 1346 2548 perinde
1359 2507 1514 2538 conscribe
1528 2518 1534 2537 :
1546 2507 1609 2538 Non
1621 2507 1731 2539 habere
1744 2509 1887 2540 adversus

1064 2552 1235 2593 quempiam
1251 2561 1372 2592 prorsus
1389 2552 1418 2582 in
1434 2553 1524 2582 corde
1553 2553 1598 2583 vel
1615 2557 1733 2583 tenuem
1750 2563 1885 2584 commo-

1065 2597 1188 2628 tionem.
1201 2600 1252 2628 aut
1264 2597 1357 2627 levem
1367 2597 1568 2637 suspicionem
1584 2609 1591 2635 ς
1605 2601 1664 2628 toto
1675 2598 1775 2628 animo
1786 2607 1890 2637 preca-

1063 2642 1159 2672 tiones
1175 2641 1258 2672 obire
1273 2651 1340 2672 cum
1357 2641 1459 2672 dolore
1490 2641 1609 2678 cordis;
1636 2652 1670 2672 ex
1691 2642 1887 2673 commisera-

1063 2686 1143 2717 tione
1158 2695 1261 2717 omnes
1277 2686 1307 2716 in
1324 2691 1351 2717 te
1367 2690 1535 2726 peccantes.
1552 2686 1691 2718 similiter
1707 2691 1735 2717 et
1749 2696 1796 2717 me
1817 2696 1888 2726 per-

1062 2731 1133 2762 inde
1148 2731 1333 2762 otl'endentes
1363 2740 1448 2761 orare
1477 2740 1545 2761 cum
1561 2731 1710 2772 lacrymis,
1730 2736 1763 2762 ut
1787 2731 1824 2762 ab
1841 2732 1888 2763 his

1062 2779 1293 2813 convertantur;
1310 2774 1489 2806 benedicere
1501 2775 1762 2814 maledicentibus,
1781 2780 1809 2807 et
1825 2776 1887 2807 lau-

1061 2821 1133 2852 dare
1146 2830 1181 2851 ex
1196 2820 1307 2851 invidia
1321 2819 1537 2858 conviciautes;
1554 2824 1583 2852 et
1599 2821 1786 2852 incommoda
1798 2821 1884 2852 inve-
