1982 3075
72 158 134 192 569

648 157 866 189 DIVINORUM
888 157 1051 188 AMORUM
1074 155 1198 189 LIBER.

1717 154 1775 188 570

75 227 198 268 hentes,
210 226 241 258 in
253 225 514 258 benemerantibus
526 234 702 256 numerare:
719 224 906 256 refractarios
918 228 937 251 Α
949 222 999 263 qui
1014 223 1194 254 voluntatem
1204 232 1286 254 suam
1299 233 1355 254 non
1367 223 1459 261 exuit,
1473 228 1501 254 et
1513 224 1691 256 voluntatem
1707 226 1773 266 ejus

76 276 191 310 autem,
219 281 275 302 nec
304 270 356 302 tibi
383 271 635 310 obtemperantes,
666 270 786 300 omnino
816 272 847 299 ut
863 277 910 299 me

77 317 214 356 ipsorum
230 315 388 347 Dominum
405 319 556 354 negantes,
570 315 736 352 lamentari,
754 318 784 345 et
799 314 910 344 deﬂere

78 361 215 398 assiduo,
230 370 284 392 nec
311 370 361 391 eos
384 359 565 391 admonendi
596 360 686 390 ﬁnem
716 360 834 390 facere:
853 358 911 395 Qui

79 407 164 437 enim
179 414 228 437 vos
243 406 382 446 suscipit,
410 405 481 441 dixi,
511 414 556 435 mc
581 405 733 444 suscepit:
750 408 780 435 et
795 404 846 443 qui
858 412 910 434 vos

78 451 178 486 ntulit,
200 459 324 490 prorsus
343 459 392 480 me
413 450 549 481 audit“.
563 449 618 485 Qui
634 459 702 480 vero
716 449 805 480 verba
815 452 912 479 vestra

78 495 361 534 admonitionesque
377 504 434 524 non
451 504 517 524 cum
545 494 650 524 timore
676 494 813 530 admittit,
832 498 860 523 et
875 492 911 522 iis

79 548 178 580 usque
194 540 230 570 ad
260 544 384 570 mortem
416 539 602 579 obsequitur,
635 548 694 568 non
725 543 768 569 est
796 539 911 568 futurus

80 590 203 614 arternae
230 583 331 622 gloriae
360 592 433 614 meae
459 583 627 623 particeps:
659 592 718 613 non
755 582 912 613 collabitur

82 638 213 665 mecum,
230 628 279 669 qui
303 637 422 658 crucem
453 627 583 668 pertulit,
614 632 643 658 et
670 627 751 658 Patri
768 637 860 667 usque
875 626 910 657 ad

83 677 211 704 mortem
225 673 368 704 obediens
380 672 420 703 fui
436 684 441 702 :
457 682 516 703 non
531 676 676 703 statuetur
692 672 728 702 ad
746 672 910 711 dexteram,

83 727 144 747 non
160 717 217 748 erit
226 718 358 748 cohwres
369 726 471 747 eorum
489 717 538 757 qui
556 717 671 757 seipsos
687 717 910 747 crucifixerunt.

81 761 124 792 De
141 767 258 799 caetero,
276 771 313 793 ne
328 771 428 792 cesses
457 762 631 799 admonere,
658 771 694 792 ne
709 761 829 793 desinas
845 761 909 801 plu-

80 816 160 841 rare.
179 816 216 837 ne
231 807 408 838 intermittas
424 806 555 846 ipsorum
578 807 705 838 salutem
729 806 908 846 exquirere:

81 856 114 881 ut
129 851 155 882 si
171 856 198 882 te
213 851 373 886 audierint,
401 856 429 881 et
445 851 583 882 conversi
596 851 715 884 fuerint,
733 851 844 881 habeas
860 859 910 880 eos

83 901 224 937 tanquam
240 897 357 933 fratres,
389 897 519 926 lucratus
547 895 679 926 membra
699 900 759 932 tua,
778 895 908 934 mihique

84 945 116 971 ut
134 950 302 981 germanos,
321 945 348 972 et
362 940 524 979 morigeros
540 942 658 978 oll'eras,
684 945 714 971 ut
729 945 756 971 et
773 950 826 978 ego
842 940 909 970 illos

82 986 256 1025 suscipiam,
273 994 324 1026 per
342 991 379 1023 te,
398 989 426 1016 et
455 985 619 1025 glorificent
660 990 689 1016 et
717 991 814 1016 tecum
832 984 908 1014 Patri

83 1039 151 1060 meo
167 1030 197 1060 in
213 1030 347 1061 muneris
376 1031 440 1061 loco
457 1030 565 1060 donem
609 1029 640 1060 Si
664 1029 825 1060 voluntates
839 1038 908 1060 suas

82 1084 142 1105 non
154 1075 383 1114 abnegaverint;
401 1075 425 1105 si
437 1075 550 1105 animas
562 1084 630 1105 suas
642 1084 700 1104 non
713 1080 903 1114 contempse-

82 1119 154 1156 rint,
174 1124 203 1149 ut
215 1120 274 1151 dixi
292 1129 300 1157 ;
317 1121 341 1150 si
356 1119 553 1150 voluntatibus
565 1120 626 1150 suis
650 1119 756 1150 mortui
769 1128 827 1149 non
844 1119 904 1149 fue-

81 1163 152 1202 rint,
171 1169 199 1194 et
213 1164 301 1195 vitam
316 1174 349 1195 ac
366 1174 464 1195 mores
479 1167 559 1198 {suos
584 1165 619 1194 ad
636 1168 714 1194 tuam
730 1164 906 1194 voluntatem

84 1218 144 1239 non
157 1209 424 1244 accomodaverint,
442 1219 493 1249 per
509 1214 587 1239 tuam
604 1209 782 1239 voluntatem
810 1218 907 1239 meum

83 1253 247 1294 explentes,
265 1258 296 1284 tu
312 1255 480 1284 mercedem
511 1258 589 1284 tuam
605 1253 683 1284 haud
710 1253 837 1290 amittes,
857 1261 912 1283 nec

83 1307 118 1330 ea
133 1298 330 1339 spoliaberxs;
349 1299 418 1339 quin
432 1307 484 1339 pro
496 1297 624 1338 simplici
653 1307 706 1338 ego
723 1298 775 1328 tibi
792 1297 911 1336 duplam

84 1343 258 1383 rependam,
276 1343 353 1383 quod
369 1343 502 1384 quamvis
514 1353 572 1373 non
586 1343 734 1380 audirere,
747 1347 910 1373 nontamen

84 1387 166 1428 loqui
181 1387 342 1423 destiteris,
359 1393 388 1418 et
417 1388 515 1428 potius
543 1387 622 1424 odia,
653 1387 864 1424 alienationes,
884 1392 912 1419 et

84 1431 301 1462 exsecrationes
314 1441 416 1462 eorum
447 1432 589 1468 subietis,
615 1432 865 1472 quemadmodum
883 1434 912 1462 et

83 1486 136 1516 ego
153 1477 222 1507 olim
239 1477 306 1508 odio
323 1476 375 1514 fui,
393 1481 420 1508 et
437 1487 515 1508 nunc
530 1486 595 1507 sum
612 1486 666 1517 per
680 1477 752 1508 istos
766 1476 908 1507 istorum-

84 1530 143 1561 que
159 1521 287 1553 similes.

126 1567 184 1598 Per
212 1575 302 1606 opera
324 1566 494 1606 hujusmodi
521 1566 578 1598 coli
607 1566 683 1596 volo.
714 1568 769 1597 Per
797 1567 865 1597 talia
882 1571 911 1597 et

87 1611 194 1642 similia
203 1611 466 1652 mihicomplacerr
476 1611 561 1641 stude
578 1620 711 1651 :semper
724 1611 770 1641 his
785 1621 910 1651 namque

87 1656 279 1687 vehementer
294 1656 388 1687 laetor.
407 1657 450 1687 Ne
480 1656 565 1686 malis
595 1655 692 1693 otiari,
724 1665 778 1686 nec
793 1656 909 1688 utilitati

84 1701 191 1732 animm
213 1705 268 1732 tua:
283 1701 441 1741 quidquam
458 1700 486 1730 in
504 1700 614 1731 mundo
643 1701 703 1731 ullo
730 1701 816 1731 modo
833 1710 910 1739 praep

83 1745 170 1778 feras.
188 1746 279 1782 Quem
295 1745 374 1776 enim
404 1746 529 1775 fructum
555 1745 726 1784 reportabit,
754 1746 803 1785 qui
821 1756 909 1776 mun-

84 1790 153 1821 dum
171 1791 310 1831 lucratur,
327 1796 378 1821 aut.
393 1799 496 1820 omnes
526 1790 621 1830 quiin
653 1800 687 1820 eo
717 1791 907 1826 suntermtit,

84 1844 118 1865 ac
133 1835 231 1872 docet,
250 1840 277 1866 et
293 1835 446 1865 universos
461 1835 564 1870 salvat,
581 1835 605 1864 si
637 1843 696 1865 non
726 1839 754 1864 et
770 1835 834 1872 ipse
849 1835 908 1865 sal-

87 1880 259 1911 vabitur39‘.’
286 1879 356 1915 Quis
382 1879 471 1918 igitur
499 1879 548 1908 ille
578 1884 632 1915 est,
664 1883 713 1909 aut
741 1888 797 1918 quo
814 1883 907 1918 pacto,

87 1924 190 1962 miser,
207 1925 280 1955 alios
294 1925 420 1957 salvans.
446 1923 574 1953 animam
601 1932 682 1953 suam
703 1932 759 1953 non
774 1923 884 1953 salvabi
902 1948 908 1956 .

86 1973 136 1998 sed
155 1969 259 2010 perdet
275 1969 287 1999 ἵ
301 1968 355 2004 Qui
371 1968 458 1998 solvit
486 1967 654 1998 mandatum
671 1977 760 1997 unum
794 1967 910 1999 ttomini

85 2007 231 2053 omnium,
246 2007 277 2044 et
291 2012 508 2053 quodauunodo
524 2012 620 2052 ipsum
637 2012 840 2042 conculcando
860 2012 908 2042 iu-

87 2059 176 2096 cedit,
190 2063 217 2088 et
230 2058 307 2096 leges
319 2066 398 2087 meas
409 2057 633 2096 transgreditur.
645 2056 759 2096 etjussa
772 2057 906 2087 trausi'it.

85 2103 140 2140 Qui
154 2108 235 2134 extra
248 2103 360 2134 caulam
389 2105 418 2132 et
446 2106 528 2141 septa
553 2101 755 2131 mandati-rum
774 2110 908 2131 meorutn

86 2158 152 2179 cum
169 2148 216 2184 sit,
242 2147 267 2178 si
284 2156 389 2177 omnes
419 2147 568 2183 mortales,
599 2150 750 2186 totumque
767 2146 908 2176 mundum

85 2193 249 2225 salvaverit,
267 2192 336 2222 mihi
347 2191 464 2230 ignotus
476 2196 501 2221 et
517 2190 701 2229 peregrinus,
716 2195 743 2220 el
755 2190 790 2220 ab
807 2190 910 2220 ovibus

87 2239 162 2269 meis
179 2236 393 2268 remotissimus
409 2235 476 2266 erit.
503 2235 630 2265 Maxime
655 2239 765 2275 autem,
780 2235 846 2275 quia
863 2245 909 2265 se-

86 2293 153 2324 pem
183 2283 274 2313 caulae
302 2280 426 2321 ruperit,
457 2284 485 2310 et
513 2279 617 2310 ovibus
647 2279 767 2309 aliunde
783 2280 908 2316 exitum,

85 2337 171 2368 quam
189 2327 381 2367 perjanuam,
396 2324 583 2355 etintroitum
597 2324 678 2364 iniqu
705 2334 731 2353 m
748 2323 818 2354 l'eris
832 2328 911 2363 pate-

83 2372 196 2408 fecerit,
225 2370 370 2411 judicium
409 2368 540 2399 severius
582 2378 668 2408 quain
713 2369 771 2398 dici
800 2374 906 2409 potest,

85 2421 205 2457 propter
219 2425 287 2446 oves
303 2424 351 2445 sus
368 2414 470 2445 iuebit.
489 2419 516 2443 et
545 2413 704 2446 dividetur,
723 2418 909 2452 lartareoque

83 2462 143 2501 igni
161 2461 294 2498 traditus,
315 2468 382 2490 esca
394 2459 535 2489 vermium
548 2458 895 2488 erithomomiserrtmus

83 2507 144 2538 Hoc
161 2506 239 2536 enim
254 2504 326 2535 dixit
342 2505 428 2535 Pater
444 2512 496 2543 per
512 2503 630 2533 Filium.
659 2507 688 2534 et
703 2502 840 2542 Spiritus,
858 2503 908 2542 qui

83 2555 126 2582 est
142 2560 194 2581 eos
207 2549 335 2586 Domini,
352 2549 467 2578 locutus
479 2553 520 2578 est
535 2572 544 2584 ,
557 2548 654 2587 angeli
667 2548 785 2578 vocibus
796 2547 907 2576 indesi-

82 2596 221 2627 nentibus
249 2594 461 2634 approbat-unt.
497 2592 569 2633 justi
611 2592 735 2622 audiens
763 2592 908 2622 calculum

80 2641 267 2680 adjecerunt,
294 2639 512 2677 dixeruntque:
545 2636 909 2677 lncorrnptumjudicium

81 2690 174 2721 tuum,
192 2695 252 2715 non
268 2690 406 2723 suspecta
424 2682 583 2720 sententia,
608 2682 681 2713 citra
707 2682 844 2712 affectum
858 2681 910 2720 ju-

79 2729 186 2762 dicaoti
212 2730 290 2760 Deus
321 2726 609 2758 misericordissima.
645 2727 799 2763 Quomodo
818 2726 909 2762 enim,

118 2816 150 2841 58
164 2815 236 2846 Luc.
256 2823 286 2849 x.
307 2814 354 2845 16.
396 2812 430 2837 59
442 2811 545 2843 Matth.
563 2820 623 2853 xvr,
640 2813 689 2844 26.

952 267 1000 307 qui
1017 276 1172 308 personam
1191 272 1268 299 tuam
1294 268 1383 300 refert
1406 279 1440 299 ac
1464 269 1601 307 sustinet,
1633 274 1664 301 ut
1680 274 1772 308 tuam,

951 313 1000 352 qui
1016 312 1160 343 Dominus
1171 323 1213 353 es,
1232 313 1260 343 in
1272 313 1369 344 studio
1386 313 1441 344 sibi
1471 324 1529 344 nuu
1556 316 1667 355 posuit,
1685 320 1714 346 et
1725 315 1773 346 in-

952 362 1034 396 tegre
1050 367 1106 387 non
1121 357 1290 395 custodivit,
1309 363 1337 389 ut
1362 362 1391 388 tu
1416 358 1480 398 ipse
1510 359 1602 390 l’atris
1619 360 1660 390 tui
1675 360 1774 391 volun-

952 405 1039 432 tatem
1053 402 1248 441 custodivi~til
1268 403 1402 434 cohzeres
1417 408 1446 434 et
1461 413 1583 434 consors
1610 408 1676 436 tuus
1693 405 1774 436 erit?

953 447 1114 486 prwsertim
1130 457 1196 477 cum
1229 447 1323 487 pepig:
1336 448 1385 487 rit,
1415 449 1546 488 quandiu
1577 449 1772 489 superaverit.

953 500 1103 531 nunquam
1133 501 1192 522 sua:
1222 492 1315 532 ipsius
1344 493 1484 523 Voluntati
1513 494 1697 533 periturum:
1717 505 1773 525 non

951 536 1138 567 adhaesurum
1152 537 1285 576 sanguini
1303 547 1360 567 non
1387 547 1504 568 carnem
1529 539 1726 578 ltrﬂtlitlllf‘ltlll,
1746 539 1773 569 id

953 584 1007 616 est,
1024 581 1244 621 cogitationem,
1269 586 1297 612 et
1327 582 1474 612 vinculum
1506 587 1626 619 uaturm,
1643 594 1773 614 amorem

952 624 1036 655 illutn
1055 626 1229 663 naturalem,
1247 627 1297 666 qui
1315 627 1344 657 iu
1361 628 1415 657 hac
1445 627 1500 658 vita
1517 629 1652 659 homines
1668 629 1773 660 iterum

953 679 1018 699 cum
1036 669 1073 700 iis
1087 670 1215 710 colligat,
1247 681 1312 711 qua:
1333 671 1556 713 abdicaverunt,
1573 683 1682 714 eosque
1700 679 1775 705 totos

953 713 987 744 ad
1006 723 1040 744 ea
1055 724 1121 755 qua:
1131 720 1209 746 retro
1226 721 1305 751 sunt,
1321 717 1477 748 convertit.

993 761 1136 799 Martyres
1165 761 1350 792 clamarnnt:
1383 761 1462 792 Ve:c
1487 763 1772 803 justumjudieiom.

953 803 1035 835 Sicut
1051 805 1130 836 enim
1157 805 1207 844 qui
1233 806 1268 837 ad
1298 807 1506 846 perferendum
1523 808 1693 848 martyrium
1710 809 1773 839 ala-

952 849 1044 880 criter
1059 859 1091 880 se
1119 850 1236 887 obtulit,
1265 851 1442 882 adeuntibus
1470 862 1502 883 se
1532 853 1773 893 consanguineis,

952 904 1042 924 uxore
1057 899 1086 925 et
1101 895 1204 926 liberis
1229 905 1295 926 cutn
1327 897 1496 935 hujusmodi
1522 898 1729 938 querimoniis,
1747 904 1777 929 ct

951 939 1104 971 lamentis:
1116 939 1178 970 Non
1193 942 1301 971 misere
1309 941 1350 971 ris
1358 942 1485 972 liliorum
1497 942 1682 980 ‘IOimmitis,
1699 943 1774 975 nihil

952 986 1082 1013 temovet
1094 983 1221 1014 \iduitas
1231 985 1383 1024 conjugis!
1399 995 1456 1015 non
1472 995 1573 1016 eorum
1584 988 1774 1018 mendicitate

950 1027 986 1056 ad
1017 1029 1304 1059 commseratiom-m
1335 1030 1525 1060 inﬂet-telis?
1554 1041 1612 1062 non
1641 1032 1773 1072 ipsorum

952 1071 1071 1103 exitiqu
1088 1073 1198 1112 cogitas
1214 1078 1242 1104 et
1258 1075 1425 1104 emollescis
1438 1075 1452 1104 ‘?
1468 1075 1583 1114 Ergone
1601 1071 1774 1117 relinquens

948 1125 1070 1148 uxorem
1088 1119 1216 1158 viduam,
1234 1118 1388 1159 ipsamque
1417 1123 1446 1150 et
1474 1120 1582 1151 liberos
1611 1123 1773 1164 orphanos,

950 1162 1122 1202 peregrinos
1138 1163 1347 1204 etmendisos,
1377 1164 1502 1203 tcipsum
1533 1166 1627 1196 solutn
1657 1162 1776 1198 servare

952 1207 1045 1237 mavis
1059 1208 1073 1236 ἲ)
1084 1207 1232 1248 quomotlo
1248 1217 1306 1238 non
1319 1209 1411 1248 magis
1424 1219 1475 1250 pro
1489 1210 1637 1241 homicida
1649 1211 1770 1242 damna-

953 1251 1043 1283 beris,
1063 1253 1183 1292 quando
1199 1262 1252 1283 nos
1282 1262 1385 1284 omnes
1417 1254 1584 1294 perdendos
1601 1256 1727 1294 deseris,
1746 1260 1775 1287 et

953 1297 1081 1327 animam
1100 1301 1179 1328 tuatn
1196 1298 1287 1328 solam
1304 1299 1416 1329 salvare
1437 1299 1611 1338 conaris;si
1637 1301 1771 1340 inquam,

953 1352 1018 1372 cum
1048 1342 1154 1373 talibus
1190 1343 1453 1374 lamentationibus
1494 1344 1622 1380 veniant,
1651 1346 1773 1376 omnino

953 1395 1058 1417 eorum
1075 1396 1171 1424 voces,
1190 1397 1245 1418 nec
1260 1388 1294 1418 ad
1313 1392 1452 1428 punctum
1469 1390 1610 1429 temporis
1626 1391 1774 1422 sustinere

953 1430 1060 1465 debet;
1074 1441 1126 1462 nev
1138 1441 1224 1462 aures
1237 1431 1294 1462 illis
1304 1433 1448 1463 tantillutn
1464 1435 1653 1465 commodare
1668 1439 1697 1465 rt
1712 1435 1774 1466 sive

951 1475 1048 1512 donis,
1066 1486 1099 1506 ac
1116 1477 1210 1516 pretio
1227 1476 1356 1513 vincula,
1373 1487 1584 1518 carceremque
1602 1479 1773 1518 dimittere;

922 887 939 911 Β

918 1533 937 1556 ω
951 1520 1013 1551 sive
1025 1525 1063 1561 te,
1075 1521 1204 1558 Christe,
1217 1526 1320 1560 negato
1333 1522 1367 1552 ab
1384 1523 1429 1553 his
1443 1522 1563 1553 liberari
1578 1534 1584 1561 ;
1600 1525 1652 1555 sed
1671 1529 1700 1555 ut
1712 1525 1773 1565 jam

953 1570 1096 1602 mortuus,
1115 1570 1246 1606 perstare
1267 1566 1296 1596 in
1320 1567 1509 1598 cruciatibus.
1539 1578 1729 1608 perseverare
1744 1570 1774 1600 in

952 1610 1096 1650 Custodia,
1111 1611 1272 1650 perdurare
1285 1613 1313 1642 in
1342 1612 1417 1642 l'ame
1430 1616 1459 1643 et
1470 1612 1529 1650 siti,
1547 1622 1645 1644 rerum
1658 1623 1691 1644 ac
1703 1623 1774 1654 pos-

952 1655 1118 1685 sessionum
1134 1665 1252 1686 suarum
1271 1658 1448 1695 immemor;
1480 1662 1519 1692 et,
1551 1659 1574 1688 si
1591 1659 1652 1689 fieri
1671 1659 1773 1699 possit,

953 1708 1008 1729 nec
1038 1699 1116 1730 aliud
1146 1699 1296 1740 quidpiam
1329 1706 1411 1731 extra
1439 1701 1602 1732 custodiam
1632 1703 1775 1742 cogitans,

952 1745 1039 1774 etiam
1055 1745 1135 1775 velut
1151 1755 1205 1785 per
1224 1750 1411 1776 transennam
1427 1756 1434 1783 ;
1451 1747 1502 1777 sed
1519 1747 1554 1777 ad
1569 1752 1596 1778 te
1611 1749 1774 1788 respicere,

953 1789 1078 1820 Domine
1093 1789 1309 1826 universorum,
1324 1795 1352 1821 et
1367 1795 1496 1821 mentem
1512 1801 1595 1823 suam
1609 1792 1638 1823 in
1657 1797 1684 1823 te
1699 1803 1774 1824 con-

954 1834 1126 1874 templando
1142 1835 1273 1873 deligere
1288 1841 1443 1875 perpetuo,
1473 1841 1561 1876 atque
1576 1837 1615 1867 ita
1630 1847 1723 1878 usque
1738 1839 1774 1868 ad

955 1884 1078 1909 mortem
1095 1880 1157 1910 solo
1175 1880 1215 1910 tui
1231 1889 1331 1910 amore
1361 1881 1432 1910 dura
1449 1881 1580 1921 perpeti:
1599 1891 1656 1912 nec
1673 1891 1776 1914 curare

954 1924 1054 1959 debet,
1072 1924 1095 1954 si
1113 1925 1162 1964 qui
1180 1925 1344 1960 declinent,
1363 1925 1469 1965 siquis
1500 1931 1609 1965 negent
1640 1931 1679 1967 te,
1697 1927 1774 1958 etad

953 1969 1080 2008 priorem
1097 1969 1237 1999 vomitum
1255 1974 1451 2005 revertantur,
1467 1970 1503 2000 ad
1525 1970 1658 2001 actiones
1674 1972 1776 2011 pristi-

954 2023 1016 2050 nas,
1033 2014 1068 2043 ad
1085 2013 1303 2044 sollicitudines
1330 2018 1527 2050 tetrenorum,
1558 2019 1587 2045 et
1615 2017 1724 2050 uxoris,
1740 2025 1775 2047 ac

951 2058 1100 2095 ﬁliorum;
1118 2067 1172 2089 nec
1189 2058 1249 2088 ullo
1267 2062 1411 2096 [rietextu
1428 2058 1463 2088 iis
1477 2059 1594 2098 illigari,
1614 2070 1670 2090 non
1695 2061 1775 2092 enim

951 2102 1076 2142 amplius
1091 2105 1196 2133 animm
1221 2112 1280 2133 sua:
1312 2103 1453 2134 Dominus
1481 2108 1535 2134 est.
1565 2103 1662 2139 Quare
1690 2114 1774 2135 com-

922 2147 1054 2187 Dplures
1065 2147 1141 2178 servi
1153 2152 1170 2178 tv
1187 2148 1206 2179 i.
1220 2148 1389 2178 carceribus
1401 2147 1452 2178 abs
1469 2151 1497 2178 te
1523 2149 1645 2189 apertis,
1670 2150 1773 2180 vincu-

953 2192 1046 2231 lisque
1063 2201 1220 2232 corporum
1235 2192 1320 2232 plaue
1337 2193 1447 2228 -()ltzllS,
1462 2193 1542 2223 exire
1552 2204 1584 2223 ac.
1596 2194 1696 2233 fugere
1709 2204 1774 2225 om-

952 2237 1023 2265 nino
1040 2237 1215 2266 noluerunt:
1235 2238 1285 2267 sed
1305 2242 1334 2268 ut
1362 2243 1455 2277 erant,
1489 2239 1574 2269 vincti
1593 2245 1773 2271 manserunt.

953 2280 1001 2311 Sic
1017 2281 1106 2319 igitur
1120 2286 1147 2311 et
1164 2283 1211 2321 qui
1228 2291 1304 2311 nunc
1334 2282 1362 2312 in
1394 2293 1462 2312 mun
1477 2283 1503 2312 lo
1531 2288 1608 2319 sunt,
1627 2285 1775 2315 Volunlale

954 2334 1006 2355 sua
1023 2325 1169 2365 imprimis
1185 2331 1212 2355 et
1228 2336 1296 2356 atro
1326 2327 1424 2356 omnia
1459 2328 1568 2358 nullam
1599 2329 1714 2367 penitus
1729 2329 1774 2359 sui

953 2369 1042 2400 habet
1069 2374 1253 2408 potestatrm.
1281 2370 1337 2401 Sed
1355 2371 1487 2410 quamvis
1516 2382 1532 2402 a
1563 2372 1725 2412 praipositis
1741 2382 1776 2404 ea

953 2414 993 2444 nti
1013 2424 1069 2444 non
1097 2415 1320 2454 prohibeantur,
1348 2423 1462 2446 servent
1482 2422 1577 2446 tamen
1596 2422 1678 2457 pacta
1702 2427 1774 2448 con-

951 2463 1037 2488 venta
1053 2462 1090 2487 tet
1101 2469 1147 2488 um
1166 2468 1287 2489 necesse
1297 2464 1339 2490 est
1363 2460 1425 2490 Non
1439 2461 1516 2490 enim
1530 2461 1711 2494 hominibus.
1723 2462 1774 2492 sed

952 2502 1010 2532 Do.
1029 2503 1148 2542 polliciti
1161 2509 1229 2533 sut.t
1255 2513 1286 2533 se
1302 2504 1501 2535 obedientiam
1517 2510 1544 2536 et
1560 2507 1775 2546 subject'ouem

953 2558 969 2586 p
989 2548 1130 2587 repositis,
1148 2553 1176 2578 et
1206 2548 1344 2579 omnibus
1372 2549 1521 2587 fratribus,
1552 2551 1729 2590 quil-uscum
1746 2552 1776 2581 in

953 2592 1133 2622 monasteria
1148 2593 1285 2632 religiosa
1303 2593 1434 2624 instituta
1463 2600 1692 2635 persequuntur,
1708 2604 1774 2625 ser-

952 2641 1078 2667 vaturos.
1094 2637 1206 2668 Idcirco
1220 2638 1442 2675 monasterium,
1459 2644 1490 2669 ut
1506 2640 1630 2669 insulam
1647 2639 1774 2679 aliquam

953 2682 1044 2712 srrlam
1063 2681 1092 2712 in
1111 2683 1207 2713 medio
1226 2684 1298 2713 mari
1315 2683 1481 2714 inhabitare
1495 2684 1615 2720 debent,
1632 2694 1665 2714 ac
1682 2689 1774 2714 totum

954 2727 1097 2757 mundum
1114 2726 1169 2757 sibi
1187 2727 1308 2758 omnino
1340 2727 1514 2771 impervium
1542 2738 1606 2758 esse
1623 2728 1773 2767 arbitrari,
