1982 3075
186 143 240 176 571

838 144 912 174 ΞΥΜ
919 141 1028 174 EONIS
1048 142 1223 173 JUNIORIS

1816 139 1881 171 572

187 210 266 241 velut
285 210 344 241 alta
355 210 471 241 fossaitt
485 209 607 241 cirmilu
622 211 802 240 communito
816 209 1005 247 monasterio,
1019 207 1235 247 Aadjunxisti‘.’
1265 208 1321 239 Sed
1351 208 1521 249 neutiquam
1551 209 1674 247 effugies
1717 207 1780 244 Quo
1795 207 1881 238 enim

189 259 219 285 ut
231 265 285 286 nec
297 257 344 295 qui
360 255 388 285 in
401 254 512 287 mun'lo
523 260 602 290 sunt,
619 255 785 286 transiread
797 255 1008 285 mon:-sterium

189 300 388 340 possint;nec
398 300 487 340 quiin
510 300 605 330 insula
619 299 728 338 degunt
749 299 784 330 ad
802 309 852 330 eos
872 299 922 339 qui
940 299 1011 330 furis

188 349 255 375 sunt
271 344 438 385 pervenire,
467 348 495 376 et
516 354 566 376 eos
578 354 644 376 cum
660 345 764 376 affectu
788 344 922 384 aspicere
936 356 944 383 ;
957 355 1011 376 nec

187 389 217 420 in
234 389 334 420 animo
349 390 454 421 horum
472 399 591 420 versare
606 390 782 420 memoriam
797 399 804 420 :
823 389 873 420 sed
894 394 923 420 ut
935 399 1012 421 mor-

188 434 230 465 tui
246 443 315 474 erga
331 439 463 466 mortuos
479 436 566 473 afﬁci,
586 440 615 466 et
626 435 791 466 sentientes
806 444 857 466 eos
872 445 930 466 non
943 445 1010 466 sen-

188 481 244 513 tire
255 481 366 512 debent
377 492 435 522 quo
447 487 531 523 pacto
547 491 650 513 revera
665 491 736 513 oves
751 491 804 512 sua
819 487 925 522 sponte
949 493 1012 514 ma-

189 530 272 556 ctatae
286 526 372 557 fiunt.

230 571 354 610 Propter
372 571 434 601 haec
445 570 632 602 sanctissima
644 570 734 601 verba
745 575 926 612 sanctorum,
939 572 1016 604 desi-

189 614 277 652 derii,
293 619 322 646 et
337 615 444 646 summi
458 617 567 646 amoris
592 615 689 655 plena,
720 625 785 646 cum
816 625 850 646 ea
866 617 1016 649 audissent

189 659 367 698 Cherubim,‘
378 660 536 691 Dominum
549 660 716 698 laudarunt,
728 662 795 691 etin
814 661 918 693 timore
930 662 1014 694 dixe-

189 708 278 736 runt:
301 705 401 737 Gloria
418 705 481 742 tibi,
501 705 638 743 Domine,
655 705 751 744 gloria
764 705 826 741 tibi,
839 707 1012 738 misericor-

191 748 386 788 dissime,qui
400 750 430 780 in
442 749 529 780 terris
558 754 698 790 martyres
729 751 794 781 sine
824 751 967 791 tyrannis,
980 762 1014 784 ac

191 794 444 834 persecutoribus,
461 794 523 825 solo
541 803 640 824 amore
654 795 692 824 tui
719 795 748 825 in
772 796 860 826 horas
876 796 1012 828 testimo-

1051 253 1146 284 a'tibis
1157 253 1171 282 ‘2
1183 253 1306 283 l’rorsus
1321 263 1472 293 nunquam
1485 253 1557 283 mihi
1582 252 1721 288 claberis,
1732 252 1780 292 qui
1797 251 1883 282 Ada-

1054 308 1132 327 mum
1150 303 1178 328 et
1193 298 1281 328 Evam
1299 307 1314 328 e
1331 299 1468 338 paradiso
1484 298 1566 338 exegi
1582 309 1588 334 ;
1603 298 1653 338 qui
1667 296 1737 328 Cain
1749 296 1885 327 fratrici-

1053 342 1121 373 dam
1139 343 1255 373 reddidi
1271 343 1336 383 ;qui
1350 342 1472 373 fallaciis
1485 342 1559 373 meis
1567 351 1660 382 usque
1671 341 1885 373 adextremum

1053 387 1211 424 inescatos,
1229 397 1332 418 omnes
1367 387 1506 418 mortales
1534 387 1650 427 decepi,
1681 385 1754 416 etin
1770 385 1886 416 diluvio

1056 432 1190 468 horribili
1206 432 1307 471 generi
1330 432 1468 462 interitus
1497 431 1612 471 objeci;
1644 431 1695 471 qui
1724 429 1827 461 Davidi
1842 429 1883 459 ad

1056 477 1234 508 adulterium
1250 476 1393 507 eteadem
1410 476 1556 517 impulsor
1571 476 1611 506 fui
1628 485 1635 513 ;
1652 475 1703 516 qui
1719 474 1883 506 adversum

1057 531 1161 552 omnes
1177 528 1295 552 sanctos
1313 521 1424 551 bellum
1438 521 1527 560 gessi,
1547 526 1575 552 et
1592 520 1692 550 multis
1707 528 1812 550 necem
1830 518 1883 548 iu-

1057 567 1110 597 tuli
1128 576 1135 604 ;
1151 576 1198 597 me
1213 567 1312 602 talem,
1325 566 1457 606 inquam,
1469 565 1616 606 quomodo
1629 574 1732 604 speras
1745 567 1773 594 te
1789 572 1882 603 posse

1059 611 1198 651 effugere,
1213 620 1279 641 cum
1292 610 1332 640 sis
1343 609 1565 640 infirmissimus
1577 610 1664 640 ‘fllaec
1675 608 1810 644 audiens,
1824 606 1886 637 Do-

1058 656 1148 693 mine,
1173 660 1202 686 et
1215 655 1306 692 Deus,
1333 659 1360 685 et
1391 658 1517 691 creator,
1549 658 1577 683 et
1605 653 1715 694 opifex,
1747 652 1884 691 etjudex

1058 710 1152 741 meus,
1176 700 1225 740 qui
1242 699 1333 730 habes
1350 703 1524 739 potestatem
1555 699 1674 735 animae,
1704 702 1732 728 et
1748 697 1886 736 corporis

1056 746 1126 782 mei,
1144 749 1174 775 ut
1190 746 1274 775 fictor
1289 744 1470 783 ustriusque,
1486 744 1594 773 horreo
1610 742 1715 778 miser,
1740 746 1769 772 et
1784 745 1884 771 tremo

1057 790 1124 822 totis
1135 789 1255 820 artubus
1279 788 1387 827 Objicit
1405 787 1477 817 mihi
1494 791 1522 817 et
1552 787 1624 816 dicit
1639 787 1719 817 vafer
1734 785 1783 816 ille
1799 795 1806 815 :
1823 784 1883 821 En,

192 838 274 868 nium
291 838 344 869 tibi
360 830 463 870 dantes
478 839 643 870 ostendisti.
669 839 774 875 Etiam,
808 840 881 870 dixit
896 851 1012 872 rursum

1078 845 1114 864 on
1133 834 1252 872 vigilas;
1271 843 1318 869 en,
1344 841 1401 862 non
1429 840 1550 862 exerces
1577 830 1810 862 continentiam:
1828 839 1882 869 en,

192 883 279 927 Pater
296 893 348 923 per
368 884 486 914 Filium.
515 884 549 914 Et
574 884 682 924 adjecit
711 884 858 924 Spiritus:
876 885 953 917 Vere
966 887 1015 927 qui

192 926 285 957 Deum
303 931 362 958 toto
377 932 495 967 pectore
505 928 642 967 diligunt.
661 934 688 959 et
709 929 738 959 in
755 929 820 969 ejus
835 929 926 960 solius
942 926 1015 962 cha-

193 971 279 1002 ritate
295 973 468 1012 persistunt,
497 979 526 1003 et
554 973 584 1003 in
614 974 700 1004 horas
731 974 856 1014 propria:
876 975 1016 1007 voluntati

193 1016 371 1054 moriuntur,
390 1017 419 1047 hi
433 1017 600 1056 etgermani
613 1018 699 1048 amici
713 1018 782 1054 mei,
798 1019 828 1049 hi
843 1024 871 1049 et
883 1021 1015 1051 cohaere-

190 1060 254 1098 des,
273 1060 302 1091 lii
319 1065 345 1091 et
363 1062 427 1092 sine
461 1061 636 1100 ungularum
654 1062 774 1099 laniatu,
806 1063 871 1094 sine
886 1073 1015 1104 suspen-

190 1105 335 1142 sionibus,
351 1106 462 1137 focisel
476 1107 635 1144 lebettbus,
650 1107 715 1138 sine
730 1113 873 1138 exurente
884 1109 1013 1148 flamma,

191 1154 219 1181 et
235 1150 340 1189 gladiis
355 1151 538 1187 secantibus,
564 1151 626 1181 sola
641 1151 836 1191 abnegatione
857 1153 1015 1184 voluntatis

192 1199 339 1235 martyres
354 1200 432 1227 sunt.
461 1196 504 1226 Ad
532 1197 594 1226 haec
622 1201 870 1236 supru'nundanm
886 1197 1018 1237 legiones

192 1239 279 1270 simul
297 1250 400 1271 omnes
416 1241 519 1271 laetata;
549 1241 772 1272 exclamarunt:
798 1242 917 1272 Justum
927 1243 1017 1280 judi-

191 1284 412 1323 ciumtuttmw,
442 1285 730 1316 misericordissime.
756 1285 918 1324 Scribatur,
936 1287 1017 1318 obsi-

193 1333 303 1368 gnetur
316 1329 346 1360 in
363 1331 589 1371 sempiternum.

492 1381 612 1414 CAPUT
634 1381 723 1412 XXIX

196 1439 253 1480 Qui
264 1448 318 1480 per:
329 1441 651 1480 communioncmsancti
665 1440 867 1480 Spiritus-.9490
876 1440 939 1480 jam
953 1446 1019 1467 con-

227 1476 318 1510 iuncti
332 1484 364 1504 ea:
383 1476 433 1504 hac
460 1477 518 1505 luce
542 1477 696 1508 discedunt,
713 1483 755 1503 eos
784 1476 842 1503 illic
870 1477 900 1502 in
914 1483 1020 1503 omnem

232 1512 412 1540 wternitntem
427 1521 490 1540 cum
505 1520 534 1540 eo
550 1513 681 1540 victuros.
705 1512 795 1539 Aliter
817 1519 845 1539 se
855 1511 885 1538 in
902 1511 953 1539 hac
963 1512 1022 1540 rita

233 1547 407 1582 habentibus,
423 1551 481 1576 tum
495 1556 569 1577 serus
584 1550 756 1576 eventurum.

239 1600 418 1641 Principium
445 1602 509 1632 vita:
533 1601 605 1632 mihi
623 1601 689 1631 ﬁnis
705 1604 733 1630 et
757 1600 824 1630 finis
842 1599 1021 1640 principium

198 1649 254 1677 est.
271 1645 356 1677 Unde
385 1647 500 1677 veniam
531 1647 646 1686 ignoro,
676 1645 727 1676 ubi
755 1644 811 1674 sim
829 1645 950 1675 nescio:
967 1654 1023 1675 nec

198 1700 255 1731 quo
279 1691 370 1722 miser
390 1691 523 1722 abiturus
537 1692 592 1722 sim
609 1690 687 1721 novi.
705 1691 797 1721 Terra
813 1699 829 1719 e
844 1694 933 1726 terra,
952 1699 1020 1720 cor-

197 1745 252 1776 pus
268 1739 297 1766 et
321 1745 446 1776 corpore
475 1745 602 1773 nascor;
633 1745 667 1766 ex
695 1734 878 1773 corruptioui
895 1734 1022 1765 obnoxio

196 1781 413 1820 corrruptibilis
429 1785 458 1811 et
473 1781 558 1821 plane
583 1780 715 1810 mortalis
743 1788 808 1809 sum
823 1789 828 1809 :
847 1778 928 1810 brevi
945 1783 1022 1810 tem-

198 1834 270 1865 pore
281 1826 310 1855 in
321 1826 406 1863 terris
414 1835 592 1865 commoror,
607 1825 636 1855 in
648 1833 737 1855 carne
749 1823 861 1857 vivens,
875 1827 904 1854 et
915 1824 1021 1855 exstin-

199 1879 283 1907 guor,
300 1874 388 1910 atque
404 1881 438 1901 ex
454 1871 510 1901 hac
526 1870 582 1900 vita
607 1868 789 1908 digrediens,
820 1867 906 1898 aliam
924 1868 1021 1899 vivere

199 1913 322 1954 incipio.
339 1915 452 1954 Corpus
467 1915 558 1945 humo
574 1916 710 1953 opertum
727 1913 842 1951 linquo,
859 1912 1021 1942 redivivum

201 1958 271 1987 olim
288 1963 476 1999 accepturus,
495 1963 524 1989 et
537 1968 629 1989 aevum
642 1957 721 1988 nullo
731 1957 789 1987 fine
804 1956 1023 1987 terminandum

1057 889 1114 909 non
1132 879 1300 919 frequentas
1313 886 1426 916 preces,
1440 886 1498 906 non
1508 875 1694 906 adorationes
1707 885 1714 913 ;
1727 884 1785 905 non
1797 883 1886 904 exer-

1057 934 1106 954 ces
1133 918 1260 960 labores,
1290 931 1364 962 quos
1394 921 1463 951 olim
1490 930 1521 951 es
1550 921 1828 959 ingrt-ssus;atque
1845 918 1885 948 ob

1058 969 1120 999 haec
1135 968 1198 998 sola
1213 968 1392 998 abstractum
1419 970 1446 996 te
1461 975 1477 995 a
1506 965 1621 996 Christo
1638 973 1754 994 mecum
1769 963 1884 1003 rapiam

1058 1013 1088 1043 in
1105 1013 1213 1052 ignem,
1231 1012 1282 1052 qui
1304 1020 1362 1041 non
1393 1010 1597 1049 exstinguitur.
1626 1009 1685 1048 Ego
1714 1017 1797 1046 vero,
1810 1012 1843 1038 ut
1856 1011 1886 1037 lu

1058 1051 1127 1095 suis,
1139 1057 1275 1094 Domine,
1289 1065 1438 1096 nunquam
1451 1055 1480 1085 in
1493 1054 1645 1094 operibus,
1658 1051 1885 1083 autaclionibus

1058 1105 1163 1134 animae
1179 1111 1252 1132 meae
1265 1101 1388 1131 salutem
1406 1099 1542 1130 constitui
1559 1099 1630 1136 ;sed
1652 1098 1687 1128 ad
1699 1102 1777 1128 tuam
1790 1096 1884 1128 mise-

1058 1147 1215 1178 ricordiam
1255 1145 1528 1184 benignitatemque
1571 1142 1708 1182 confugi;
1739 1142 1885 1177 conlisus,

1060 1192 1198 1233 quoniam
1214 1199 1246 1221 es
1260 1199 1376 1220 summe
1390 1188 1571 1224 misericors,
1589 1196 1635 1217 me
1646 1185 1772 1226 gratuito
1784 1185 1837 1216 abs
1857 1190 1885 1215 te

1060 1230 1204 1267 salvatum
1221 1235 1278 1265 iri:
1297 1238 1326 1264 ct
1351 1232 1542 1264 misereberis
1571 1231 1627 1261 tnei
1646 1236 1675 1262 ut
1691 1231 1790 1267 Deus;
1805 1230 1886 1260 sicut

1061 1280 1218 1321 aliquando
1235 1279 1372 1309 misertus
1388 1287 1420 1309 es
1446 1276 1624 1313 meretricis,
1642 1279 1671 1306 et
1685 1275 1736 1305 ﬁlii
1754 1274 1885 1314 prodigi,

1063 1318 1215 1367 postquam
1233 1324 1305 1354 dixit
1323 1334 1329 1353 :
1352 1323 1488 1353 Peccavi.
1503 1323 1574 1353 Cum
1589 1321 1643 1351 hac
1668 1320 1725 1350 fide
1741 1318 1862 1367 cucurri
1877 1327 1884 1355 ;

1060 1364 1125 1403 cum
1139 1364 1196 1401 hac
1211 1369 1318 1400 fiducia
1333 1368 1420 1404 veni;
1443 1376 1509 1398 cutn
1523 1367 1577 1397 hac
1587 1375 1639 1406 spe
1650 1366 1686 1395 ad
1702 1369 1731 1395 te
1742 1364 1883 1398 Domine,

1061 1415 1185 1446 accessi.
1201 1416 1234 1445 Et
1250 1422 1340 1450 nuttc,
1358 1422 1406 1449 ne,
1420 1420 1531 1452 quzeso,
1560 1409 1703 1449 glorietur
1719 1413 1822 1439 contra
1836 1417 1886 1438 tne

1029 1469 1049 1495 ς.
1062 1469 1177 1492 servum
1197 1463 1276 1489 tuum
1293 1469 1300 1495 ;
1318 1466 1354 1487 ne
1380 1457 1474 1487 dicat:
1506 1455 1559 1486 Ubi
1589 1454 1723 1486 Christus
1739 1457 1816 1490 tuus,
1834 1452 1887 1482 ubi

1061 1508 1213 1544 susceptor
1229 1503 1316 1532 tuus?
1329 1510 1364 1532 an
1382 1510 1442 1531 non
1458 1499 1585 1539 ipsemet
1613 1502 1641 1528 te
1657 1497 1793 1528 manibus
1811 1495 1888 1526 meis

1063 1541 1252 1580 tradidit?Si
1280 1546 1360 1576 enim
1392 1554 1439 1575 me
1468 1544 1572 1575 fraude
1601 1541 1840 1578 circumvenerit,
1859 1544 1888 1570 et

1063 1594 1207 1634 captivum
1223 1590 1349 1627 duxerit,
1366 1599 1424 1620 non
1455 1588 1484 1619 id
1515 1586 1668 1626 voluntati,
1694 1595 1749 1616 nec
1767 1583 1889 1624 ignaviae

1064 1629 1148 1676 meae,
1161 1637 1213 1668 sed
1226 1641 1316 1667 totum
1332 1635 1397 1671 tibi,
1427 1633 1478 1673 qui
1507 1642 1554 1663 me
1579 1630 1776 1671 dereliqucris
1790 1629 1886 1659 ascri—

1064 1675 1148 1720 bens,
1167 1682 1243 1712 dicet
1259 1691 1265 1710 :
1299 1679 1376 1711 Vide
1390 1678 1437 1709 cui
1464 1677 1575 1714 ﬁdisti;
1605 1676 1671 1706 vide
1700 1675 1737 1706 ad
1754 1683 1842 1715 quem
1860 1677 1888 1704 te

1065 1728 1235 1764 contulisti;
1252 1726 1318 1756 vide
1334 1725 1381 1755 cui
1404 1728 1433 1754 te
1446 1723 1475 1753 in
1502 1731 1603 1753 amore
1628 1725 1657 1751 et
1671 1721 1814 1751 charitate
1831 1729 1887 1758 pu-

1064 1775 1146 1806 tabas
1163 1781 1229 1803 esse
1247 1781 1254 1809 ;
1273 1770 1319 1802 cui
1335 1774 1362 1800 te
1378 1769 1440 1799 luco
1457 1767 1568 1804 fratris,
1584 1765 1684 1802 amici,
1697 1765 1761 1805 ﬁlii,
1779 1768 1808 1795 et
1825 1764 1886 1809 bae-

1064 1819 1145 1851 redis
1155 1807 1330 1857 gloriabaris
1346 1823 1412 1844 esse
1441 1811 1595 1848 Quomodo
1613 1814 1640 1840 te
1655 1808 1797 1845 deseruit,
1821 1807 1888 1838 etin

1065 1854 1168 1895 manus
1185 1870 1264 1891 neas
1291 1859 1382 1889 hostis
1398 1857 1438 1888 tui
1464 1861 1491 1887 te
1520 1855 1649 1892 tradidit,
1677 1854 1889 1894 insperatoque

1065 1909 1222 1942 alienatus,
1235 1904 1331 1935 subito
1348 1903 1446 1933 odisse
1463 1905 1490 1932 te
1506 1900 1616 1940 caepit?

1107 1954 1157 1984 His
1173 1951 1262 1990 igitur
1273 1948 1392 1985 auditis,
1421 1955 1459 1977 ne
1473 1955 1519 1976 me
1544 1946 1677 1978 deseras,
1709 1953 1745 1973 ne
1761 1952 1808 1973 me
1820 1952 1890 1982 pro-

199 2003 340 2034 victurus.
357 1989 440 2034 Nunc
456 2003 545 2041 igitur
560 2002 677 2042 respice
691 2001 720 2031 in
739 2011 785 2031 nte
801 2000 889 2035 Deus,
903 2005 932 2030 tu
946 2001 1026 2032 solus
1067 1999 1153 2029 brum
1171 1989 1251 2027 tuum
1270 1993 1334 2025 ﬁeri
1351 1993 1441 2028 sinas,
1455 1992 1534 2042 Deus
1550 1999 1634 2020 meus
1650 1997 1719 2042 ;‘ne,
1730 1989 1826 2024 oltex,
1840 1996 1890 2027 ne,

201 2057 280 2078 nunc
296 2048 404 2088 pietate
420 2033 530 2079 tua‘me
560 2033 677 2087 imperti
696 2057 703 2083 ;
722 2055 799 2076 nunc
831 2050 857 2075 te
875 2045 1025 2076 miseratio
1068 2053 1084 2075 ο
1102 2042 1237 2078 Domine,
1255 2039 1305 2079 qui
1322 2048 1368 2088 me
1381 2035 1530 2088 quondam
1546 2045 1562 2065 e
1591 2033 1734 2088 tenebris,
1750 2037 1810 2082 et'e
1829 2041 1888 2088 ma-

203 2093 260 2122 mei
277 2077 383 2133 capiat.
403 2094 445 2123 En
462 2092 570 2123 defecit
595 2077 702 2122 vlirtus
715 2100 792 2122 mea.
823 2089 978 2125 senectuti,
994 2089 1022 2120 il
1038 2088 1164 2133 nnibus,
1179 2090 1207 2117 et
1223 2094 1238 2115 e
1255 2077 1468 2133 faucibusnejus
1485 2080 1633 2130 'eductum
1652 2078 1694 2133 in
1712 2077 1834 2133 lui-nilne
1844 2080 1891 2106 tuo

202 2141 257 2174 est,
274 2121 420 2168 vestibulo
437 2134 811 2176 tnorlisapppropinquavi.
832 2134 921 2164 Venit
941 2134 1024 2174 prin-
1038 2121 1193 2163 Dllllcl‘llln
1210 2128 1370 2160 collocasti.
1387 2125 1429 2156 Te
1445 2125 1524 2155 enim
1542 2133 1607 2153 cum
1633 2123 1730 2161 video,
1747 2121 1889 2171 interiora

201 2173 271 2222 ceps
284 2182 399 2218 mundi,
413 2173 628 2222 perquisittirtis
638 2173 744 2219 turpia,
758 2178 924 2209 etnefanda
936 2173 1025 2218 opera
1067 2176 1165 2207 cordis
1184 2174 1240 2204 mei
1255 2173 1402 2222 vulneror,
1420 2175 1448 2222 et
1478 2178 1535 2199 non
1565 2177 1686 2222 pursuit:
1703 2175 1891 2222 aspicere,_|et

203 2236 288 2258 mea:
321 2227 477 2257 carnifices
503 2230 599 2256 astant
627 2229 709 2254 torve
741 2233 787 2253 me
816 2223 976 2263 intuentes,
997 2226 1026 2253 et

200 2273 317 2312 jussum
335 2275 550 2312 exspectantes,
569 2274 600 2300 ut
632 2269 771 2299 miseram
785 2267 911 2298 animatn
929 2277 1024 2298 meam

202 2317 356 2357 arripiant,
388 2322 417 2348 et
448 2316 477 2346 in
507 2315 678 2346 barathrum
711 2313 818 2343 inferni
856 2312 1025 2357 detrahant.

202 2356 400 2398 Quamobrem
417 2365 458 2397 tu,
476 2360 525 2401 qui
543 2364 645 2390 natura
673 2368 705 2389 es
730 2357 912 2393 misericors,
930 2361 959 2386 et
974 2356 1028 2386 be-

202 2407 309 2447 nignus
334 2406 426 2442 solus,
454 2400 504 2446 qui
535 2414 566 2435 es
593 2403 739 2435 Dominus
768 2400 1028 2438 clementissimus,

203 2453 346 2482 miserere
359 2451 418 2481 mei
435 2455 526 2486 tunc;
552 2454 581 2480 et
610 2458 647 2478 ne
677 2446 852 2478 memineris
867 2446 1002 2484 irrogata:
1015 2454 1030 2477 a

203 2505 250 2526 me
267 2495 319 2526 tibi
330 2495 447 2535 injuriae
463 2505 470 2531 ;
487 2504 524 2525 ne
534 2493 725 2532 derelinquas
737 2500 783 2522 me
797 2501 804 2528 ;
817 2500 854 2521 ne
870 2490 922 2520 des
933 2490 1029 2520 locum

203 2544 305 2571 contra
321 2549 369 2570 me
387 2540 489 2570 doloso
509 2539 629 2569 inimico
643 2546 720 2573 meo,
742 2536 792 2576 qui
809 2535 838 2565 in
855 2535 942 2565 horas
958 2535 1031 2564 ιιι]ιὶ

203 2585 414 2620 comminatur,
432 2589 460 2614 et
476 2588 577 2614 contra
596 2591 644 2612 me
657 2581 746 2620 rugit,
763 2589 796 2610 ac
813 2579 1031 2610 slridetdenti-

203 2630 270 2666 bus,
290 2633 318 2660 et
331 2630 390 2660 ait:
410 2630 442 2660 In
459 2638 516 2668 quo
532 2626 657 2658 confidis
675 2626 686 2656 τ
704 2624 850 2665 quomodo
882 2628 910 2654 te
927 2633 1032 2654 manus

204 2684 285 2706 meas
301 2674 490 2714 effugitorum
506 2680 609 2713 speras
623 2681 630 2701 :
644 2669 886 2711 quandoquidem
902 2668 1033 2698 ludiﬁca-

202 2722 248 2751 tus
263 2713 409 2760 praecepta
424 2727 501 2756 mea,
530 2720 560 2748 et
582 2726 628 2748 me
665 2715 804 2747 relictoad
830 2713 976 2744 Christum
1007 2717 1033 2744 te

243 2805 275 2830 ιο
288 2804 364 2835 Psal.
380 2811 480 2842 cxvut,
499 2803 567 2834 137.

1069 2226 1165 2251 tamen
1182 2228 1240 2249 non
1255 2217 1356 2247 videre
1383 2220 1410 2245 te
1427 2215 1503 2245 ferre
1533 2222 1659 2253 nequeo.
1675 2209 1892 2242 Inaccessibilis

1068 2265 1214 2305 siquidem
1232 2267 1275 2292 est
1293 2260 1482 2301 pulchritudo
1497 2263 1554 2290 tua.
1569 2256 1754 2288 inimitabilis
1766 2254 1891 2305 species,

1070 2298 1315 2348 incoutparabilis
1338 2305 1441 2344 gloria.
1468 2303 1573 2344 Ecquis
1585 2301 1742 2348 aliquando
1760 2304 1789 2331 te
1803 2298 1894 2348 vidit:

1072 2361 1121 2384 aut
1137 2343 1305 2393 quistotum
1332 2354 1359 2380 te
1390 2349 1490 2379 videre
1520 2347 1628 2388 poterit
1658 2347 1750 2377 Deutn
1768 2343 1894 2393 meum?

1072 2388 1259 2432 Nam-omne,
1273 2405 1325 2425 seu
1337 2394 1506 2424 universunt
1517 2392 1582 2432 quis
1595 2391 1697 2422 oculus
1721 2388 1894 2429 conspicere

1073 2442 1202 2473 valebit?
1214 2440 1348 2477 Quivero
1364 2447 1454 2478 super
1470 2437 1639 2467 universum
1659 2439 1715 2471 est,
1737 2443 1802 2474 qua:
1814 2442 1894 2463 mens

1074 2497 1140 2519 eum
1171 2484 1440 2525 comprehendere,
1458 2487 1507 2512 aut
1535 2480 1696 2520 complecti
1727 2478 1835 2519 poterit
1848 2482 1895 2507 aut

1075 2530 1193 2562 ex‘endi
1210 2522 1269 2559 tota
1292 2527 1456 2558 secundum
1483 2531 1588 2564 totum,
1606 2529 1634 2555 ct
1660 2532 1785 2556 cernere
1800 2522 1893 2553 conti-

1075 2580 1196 2606 nentem
1214 2574 1325 2612 omnia,
1356 2575 1437 2602 extra
1452 2571 1563 2608 omnia,
1594 2575 1623 2600 et
1638 2570 1735 2610 ipsum
1751 2577 1851 2604 omne,
1867 2571 1895 2597 et.

1075 2620 1249 2660 implentem
1262 2616 1407 2652 omnia,et
1419 2621 1515 2646 tamen
1529 2619 1610 2645 extra
1620 2614 1717 2645 omnia
1729 2616 1892 2643 manentem

1077 2658 1544 2695 modoineffabiliYNihilominus
1556 2664 1587 2690 ut
1602 2659 1695 2690 solem
1719 2663 1747 2689 te
1769 2658 1894 2696 intueor,

1076 2714 1104 2740 et
1121 2712 1153 2738 ut
1167 2707 1281 2738 stellam
1298 2706 1421 2746 aspicio,
1439 2710 1466 2736 et
1483 2709 1513 2735 ut
1539 2704 1705 2744 latnpadem
1722 2703 1751 2734 in
1767 2711 1835 2733 vase
1848 2710 1896 2733 suo
