1982 3075
70 149 133 182 573
650 150 868 181 DIVINORUM
892 151 1055 183 AMORUM
1078 153 1203 184 LIBER.
1701 148 1761 183 574

69 217 230 248 ardentem
247 217 344 256 video,
358 221 387 248 et
397 217 426 247 in
439 216 504 247 sinu
515 220 542 247 te
558 219 589 246 ut
602 217 791 257 margaritam
801 221 899 256 porto.
911 222 930 246 Α
942 219 1021 249 solos
1032 219 1192 251 divinitatis
1204 221 1267 260 ejus
1278 225 1429 252 consortes
1444 233 1451 257 ;
1477 221 1554 252 sicut
1563 221 1634 261 ipsae
1649 223 1762 250 naturze

70 264 157 301 Quod
172 269 271 295 autem
298 268 325 295 te
349 273 410 294 non
435 263 551 299 dilatas,
577 264 654 303 quod
671 273 728 294 non
746 267 836 294 lotum
853 272 900 294 me
942 268 1051 294 nostra:
1066 274 1188 296 consors
1207 270 1262 302 est,
1290 267 1412 296 eﬁ‘ector
1441 267 1588 306 omnium,
1607 270 1637 296 ut
1657 264 1764 295 Paulus

69 309 176 340 lumen
189 309 272 346 facis,
291 313 318 339 et
333 308 466 339 ostendis
494 313 521 338 te
541 308 614 338 mihi
641 312 733 339 totum
749 308 855 348 qualis,
872 312 901 339 et
941 309 1126 349 testiﬁcatur,
1145 310 1253 341 Christi
1278 310 1440 341 Ecclesiam
1464 320 1572 351 corpus
1591 319 1682 340 unum
1701 310 1763 340 fore

70 357 205 392 quantus
235 363 277 391 es,
309 353 396 393 plane
422 362 482 383 non
510 362 556 383 me
587 353 721 383 existimo
746 353 858 384 habere
873 357 900 384 te
940 353 1120 384 dominicum
1138 359 1166 385 et
1181 355 1325 395 divinum,
1354 355 1465 395 absque
1493 355 1618 394 macula,
1636 354 1764 394 irrepre-

70 398 164 429 vitam
182 407 278 429 meam
294 407 301 428 :
320 397 369 428 sed
393 397 550 432 lamentor,
565 401 598 427 ut
627 397 772 438 quispiam
800 407 834 428 ex
851 397 898 428 di-
941 397 1098 438 hensibile,
1117 400 1182 429 sine
1195 400 1276 430 omni
1289 400 1432 440 ruga,qui
1444 404 1530 430 erunt
1542 399 1644 430 ﬁdeles
1656 409 1662 437 ;
1675 402 1763 437 caput

71 443 132 472 vite
150 443 320 478 mendicus,
339 451 373 472 ex
389 440 635 478 illustriiufamis,
647 451 681 472 ac
693 441 719 471 dt
732 442 898 482 speratione
929 447 1038 473 .autem
1054 443 1225 474 Christus“.
1241 445 1270 475 Si
1285 454 1353 484 ergo
1369 446 1411 475 sic
1425 445 1490 482 erit,
1512 443 1760 484 quemadmodum

71 487 270 518 conﬂictatus.
297 487 358 518 Hoc
382 486 623 517 animadverteris
645 486 798 523 inimicus,
828 486 900 517 dicit
940 488 1028 518 etiam
1046 492 1099 526 est,
1117 489 1166 529 qui
1187 489 1324 520 sordibus
1350 490 1445 530 ipsum
1463 489 1607 528 attingere
1629 487 1759 518 audebit.

71 531 148 562 mihi
164 543 170 563 :
185 532 250 563 Non
265 530 437 562 salvaberis.
452 530 528 561 Ecce
544 531 622 561 enim
640 541 692 571 spe
710 535 757 561 tua
773 531 899 562 frustra-

70 580 120 607 tus
141 586 184 617 es,
202 581 230 607 et
244 585 260 606 a
275 585 366 615 scopo
381 575 526 606 aberrash
543 585 550 611 ;
576 576 715 616 quoniam
734 586 792 606 non
808 576 899 606 habes

69 631 159 662 quam
173 621 241 652 olim
252 620 384 651 habebas
395 629 463 659 erga
473 621 564 650 Deum
591 620 730 650 ﬁduciam
757 630 789 651 ac
806 620 899 652 liber—

69 671 174 697 tatem.
206 665 258 697 Cui
287 664 376 696 verbo
401 665 586 705 respondere
614 675 673 695 non
703 665 830 704 dignor;
847 665 899 695 sed

50 738 55 741 .
70 711 175 747 sufﬁo,
192 716 220 742 et
239 710 386 748 extemplo
399 708 617 740 evanescit.Sic
634 719 686 740 oro
703 709 840 747 Domine,
857 710 900 741 sic

69 765 145 794 rogo
156 759 195 793 te,
209 754 444 785 misericordiam
460 754 538 784 dona
555 754 643 784 etiam
657 758 718 785 tum
732 755 816 791 mihi,
830 764 898 786 cum

70 800 245 840 egredietur
261 809 293 830 ex
322 800 377 829 hoc
398 808 524 838 corpore
553 798 652 829 anima
682 807 760 835 mea,
792 803 824 830 ut
837 800 899 829 solo

71 846 144 876 ﬂatu
158 845 334 885 pudefacere
347 844 456 883 possim
479 843 653 873 incursuros
677 843 707 873 in
721 853 767 874 me
782 853 900 874 servum

73 895 169 927 tuum,
186 894 215 919 et
230 889 341 920 lumine
357 887 483 928 Spiritus
509 887 550 917 tui
578 888 753 924 custoditus,
773 889 901 920 transire

72 934 197 970 illaasus,
211 938 238 964 et
248 938 326 964 stare
338 937 406 964 ante
427 932 556 963 tribunal
584 937 677 969 tuum,
703 932 816 963 habens
833 943 899 964 me—

73 988 142 1009 cum
171 981 389 1009 sacrosanctam
415 976 538 1016 gratiam
570 980 658 1010 tuam,
679 981 824 1016 tegentem
841 987 899 1012 me,

73 1027 103 1054 et
115 1023 197 1053 nullo
206 1023 348 1053 suﬂ‘usum
363 1022 477 1062 pudore
496 1021 698 1052 exhibentem.
725 1021 795 1057 Quis
813 1031 897 1052 nam-

73 1077 132 1108 que
147 1077 246 1098 coram
260 1072 287 1098 te
296 1075 439 1107 apparere
451 1066 568 1104 audeat,
596 1065 652 1095 nisi
667 1065 761 1106 ipsam
776 1066 898 1096 indutus

71 1113 135 1143 sit?
150 1111 211 1143 Nisi
224 1112 319 1152 ipsam
337 1112 416 1141 intus
432 1114 542 1150 teneat,
577 1114 605 1140 et
617 1109 653 1139 ab
669 1110 732 1150 ipsa
745 1110 897 1141 illumine—

74 1161 133 1195 tur,
150 1157 299 1197 quomodo
316 1156 394 1186 ullus
421 1155 542 1186 omnino
568 1154 784 1185 intolerabilem
817 1155 896 1185 illam

74 1203 127 1232 Dei
143 1201 266 1240 gloriam
296 1201 395 1231 videre
413 1199 548 1240 poterit?
559 1200 631 1230 Nam
644 1199 692 1239 qui
704 1199 819 1230 tandem
832 1200 895 1239 glo-

75 1246 150 1276 riam
163 1246 228 1283 Dei,
247 1250 274 1276 et
296 1250 430 1276 naturam
457 1244 574 1274 deitatis
590 1243 722 1281 humilis,
740 1248 768 1274 et
783 1243 898 1283 abjecta

74 1290 207 1321 hominis
223 1293 326 1321 natura
341 1288 451 1319 videbit
462 1289 476 1318 ‘!
489 1288 566 1319 Deus
582 1288 662 1317 enim
675 1288 826 1318 increatus
843 1293 896 1326 est,

73 1345 130 1366 nos
152 1344 257 1365 omnes
279 1334 383 1365 creati.
415 1333 466 1364 llle
478 1333 696 1373 corruptionem
715 1334 808 1363 nescit
824 1342 900 1371 ;nos

73 1379 285 1420 corruptibiles
309 1383 338 1410 et
361 1378 459 1418 pulvis
489 1387 603 1408 sumus.
636 1377 689 1407 Ille
707 1378 827 1417 spiritus
843 1382 897 1418 est,

73 1425 203 1456 nobilior
211 1423 291 1455 omni
304 1423 422 1464 spiritu,
436 1427 468 1453 ut
478 1422 613 1452 conditor
622 1422 778 1462 spirituum
792 1432 825 1453 ac
838 1422 898 1452 Do-

73 1470 194 1508 minus;
211 1479 265 1500 nos
281 1479 384 1500 carnes
415 1473 582 1504 terrestres,
604 1473 632 1498 et
657 1467 820 1498 substantia
837 1473 898 1498 ter—

941 536 992 562 aut
1007 533 1073 573 quis
1100 534 1238 572 indignus
1263 534 1289 564 ei
1315 533 1569 574 agglutinabitur‘.’
1591 533 1662 564 Nam
1693 532 1718 562 si
1734 537 1763 562 et

941 577 1029 607 hodie
1057 582 1140 608 extra
1166 578 1328 609 Ecclesiam
1360 578 1715 619 peccatoresejiciuntur,
1733 581 1763 606 et

943 621 1092 652 consortio
1109 622 1232 652 aliorum
1244 624 1359 662 penitus
1371 622 1581 661 excluduntur,
1598 627 1625 652 ct
1644 622 1764 661 insuper

941 669 1063 705 aspectu
1093 666 1259 697 divinarum
1290 677 1388 697 rerum
1416 668 1576 707 privantur,
1607 666 1655 706 qui
1670 666 1762 696 sancti

943 719 1000 740 non
1013 716 1094 751 sunt,
1108 711 1180 750 proh
1197 712 1345 752 quomodo
1360 716 1427 742 tunc
1443 721 1508 742 cum
1525 719 1649 750 corpore
1664 710 1761 740 incul-

942 755 1031 795 pabili
1047 757 1278 796 conjungen'ur,
1297 761 1325 787 et
1335 756 1468 787 membra
1478 756 1585 787 Christi
1600 756 1682 792 (ient,
1695 764 1760 785 cum

943 799 1002 830 sint
1017 801 1220 841 contaminati,
1237 811 1270 832 ac
1287 801 1401 832 sordidi
1418 801 1503 841 '21)?

983 844 1046 876 Non
1061 845 1128 876 licet
1144 846 1211 883 hoc,
1228 846 1345 885 fratres,
1356 856 1414 876 non
1429 846 1478 876 ﬁet
1493 845 1614 876 omnino
1634 844 1690 880 Qui
1707 853 1761 874 au-

943 893 1001 920 tem
1017 899 1032 919 a
1047 890 1146 920 divino
1162 899 1297 930 corpore,
1315 890 1345 921 id
1361 895 1416 927 est,
1434 890 1577 926 Ecclesia,
1595 896 1624 920 et
1641 899 1657 919 a
1672 889 1762 919 choro

944 934 1107 965 electorum
1124 941 1330 972 secernuntur,
1347 935 1407 972 dic,
1425 945 1552 975 quonam
1569 933 1717 965 abibunt?
1732 934 1762 963 in

942 979 1019 1018 quod
1037 980 1181 1017 regnum!
1202 980 1297 1020 inquo
1313 980 1388 1015 loco,
1402 979 1488 1015 cedo,
1501 981 1621 1019 sperant
1636 977 1762 1008 domici-

942 1024 1040 1054 lium?
1057 1025 1144 1054 Planc
1162 1025 1240 1054 enim
1273 1024 1438 1064 paradisus,
1469 1028 1495 1054 et
1525 1023 1606 1053 sinus
1622 1022 1760 1058 Abrahze,

941 1076 968 1098 et
984 1068 1081 1098 omnis
1096 1069 1179 1100 locus
1194 1069 1306 1109 nequiei
1325 1079 1425 1098 eorum
1441 1067 1543 1108 estqui
1557 1067 1714 1097 salvantur.
1727 1067 1763 1097 At

941 1113 1020 1143 enim
1038 1113 1085 1153 qui
1105 1113 1263 1149 salvantur,
1282 1118 1465 1144 suntomnes
1477 1112 1597 1142 omnino
1611 1111 1714 1147 sancti,
1731 1115 1763 1140 ut

940 1157 1038 1188 divina
1053 1157 1205 1198 Scriptura
1215 1158 1320 1197 passim
1347 1157 1444 1192 docet,
1460 1161 1641 1196 testaturque
1665 1155 1762 1187 Multa:

939 1202 1049 1242 quippe
1065 1202 1234 1232 mansiones
1249 1206 1326 1242 sunt,
1356 1202 1407 1232 sed
1440 1203 1515 1232 intra
1530 1201 1705 1232 Thalamum
1719 1201 1758 1230 Β.

940 1247 1194 1283 Quemadmodum
1219 1247 1297 1277 enim
1323 1256 1416 1277 unum
1432 1250 1476 1277 est
1500 1246 1619 1286 coelum,
1637 1245 1710 1276 etin
1727 1255 1762 1276 eo

941 1292 1044 1328 stellae,
1063 1293 1175 1322 honore
1202 1296 1230 1322 et
1257 1292 1388 1322 claritate
1416 1291 1612 1322 diﬁei‘entes:
1632 1291 1674 1321 sic
1690 1290 1761 1321 item

940 1346 1018 1367 unus
1034 1338 1181 1367 thalamus
1197 1341 1250 1373 est,
1269 1341 1297 1366 et
1313 1346 1449 1376 regnum.
1467 1335 1611 1366 Caeterum
1629 1339 1658 1365 el
1673 1343 1761 1374 para-

941 1381 1033 1419 disus,
1051 1381 1196 1412 etcixitas
1212 1386 1325 1417 sancta,
1345 1385 1371 1411 et
1394 1381 1491 1410 omnis
1507 1380 1588 1410 locus
1606 1379 1761 1420 requietis,

941 1425 1019 1456 Deus
1036 1430 1079 1456 est
1097 1426 1187 1456 solus.
1203 1425 1237 1456 Et
1252 1430 1282 1456 ut
1298 1426 1386 1455 homo
1403 1435 1462 1455 non
1494 1424 1579 1454 habet
1593 1425 1623 1454 in
1638 1424 1694 1454 vita
1709 1433 1760 1454 re-

941 1472 1051 1511 quiem,
1070 1471 1120 1511 qui
1137 1481 1193 1500 non
1211 1470 1349 1501 manetin
1365 1470 1438 1510 Deo,
1457 1474 1482 1500 et
1511 1470 1588 1500 Deus
1602 1469 1630 1499 in
1648 1479 1683 1499 eo
1697 1478 1703 1500 :
1717 1470 1761 1498 sic

72 1515 188 1546 restris.
204 1515 256 1546 Ille
272 1518 374 1545 auctor
390 1514 533 1549 omnium,
552 1512 690 1553 principii
715 1522 832 1553 expers,
850 1513 899 1543 in-
910 1516 929 1541 (Σ
943 1516 1029 1546 etiam
1045 1520 1108 1556 post
1124 1520 1248 1545 mortem
1261 1520 1341 1547 extra
1359 1515 1441 1545 illum
1464 1515 1598 1551 unicum,
1617 1524 1674 1544 non
1691 1513 1758 1552 erit,

72 1560 329 1600 comprehensus:
349 1569 400 1589 nos
416 1568 542 1594 vermes,
574 1562 602 1588 et
630 1567 747 1588 ccenum
766 1562 796 1588 et
811 1558 898 1588 cinis.

74 1604 110 1634 Et
125 1605 175 1645 qui
191 1604 226 1634 de
244 1603 329 1634 nobis
358 1613 391 1634 cx
424 1603 540 1643 propria
571 1602 688 1639 virtute,
719 1607 767 1632 aut
782 1602 899 1633 actione

74 1649 154 1680 hunc
168 1649 269 1680 videre
284 1658 413 1689 unquam
442 1647 560 1688 poterit,
590 1647 644 1677 ni:i
675 1647 739 1687 ipse
754 1647 896 1687 Spiritum

73 1703 159 1724 suum
176 1694 308 1724 divinum
325 1693 469 1730 emiserit,
487 1702 522 1722 ac
539 1701 591 1732 per
608 1702 674 1722 cum
706 1692 831 1722 inﬁrma}
848 1702 897 1722 na-

73 1742 144 1769 tura:
161 1738 263 1775 robur,
281 1738 370 1775 vires,
394 1738 592 1776 virtutemque
620 1736 780 1770 sulfecerit,
796 1741 823 1766 ct
840 1737 896 1767 ho-

71 1783 185 1814 minem
198 1782 333 1813 videndae
361 1782 461 1821 gloria:
491 1791 551 1811 sum
582 1781 720 1811 idoneum
739 1781 898 1811 olfecerit?

70 1828 188 1868 Alioqui
204 1827 284 1858 enim
302 1837 359 1857 non
377 1826 500 1862 videbit,
518 1835 572 1856 nec
601 1825 700 1855 videre
718 1825 823 1865 poti-rit
841 1827 897 1856 ho-

73 1873 184 1903 minem
201 1872 346 1912 quispiam
364 1872 392 1902 in
417 1871 510 1911 gloria
535 1870 714 1900 venientem.
744 1870 778 1900 Et
793 1870 832 1901 ita
849 1871 896 1900 in-

68 1917 144 1957 justi
160 1917 272 1957 ajustis
287 1917 516 1956 separahuntur,
533 1915 722 1954 tenebrvs‘que
735 1915 898 1946 obruentur

72 1966 255 2002 peceatores,
274 1966 301 1991 et
327 1961 509 2001 quicumque
526 1960 595 1991 hinc
623 1968 723 1990 secum
751 1960 850 1990 lumen
870 1961 896 1990 in

71 2009 144 2048 ipsis
161 2018 218 2038 non
243 2007 401 2038 attulerint
431 2007 486 2044 Qui
516 2012 613 2036 autem
630 2015 664 2035 ex
695 2005 739 2035 his
768 2015 832 2045 quae
849 2005 897 2035 hic

941 1560 1057 1600 opinor,
1075 1560 1132 1590 ulla
1141 1560 1271 1600 requies,
1287 1570 1345 1590 non
1357 1560 1439 1590 locus
1451 1569 1467 1590 a
1481 1558 1757 1598 tristitia,agemitu,

939 1615 956 1636 a
972 1605 1163 1635 tribulatione
1180 1605 1267 1636 liber.

979 1649 1124 1685 Quocirca
1139 1649 1321 1682 Studeamus.
1350 1650 1465 1686 l'ralres,
1498 1649 1670 1679 stndcamus
1694 1652 1761 1678 ante

939 1694 1050 1723 obitum
1063 1698 1195 1724 nostrum
1212 1693 1393 1724 Deoauctori
1422 1694 1555 1724 omnium
1580 1694 1760 1730 coalescere,

940 1738 990 1778 qui
1007 1743 1128 1778 propter
1140 1747 1192 1768 nos
1210 1739 1334 1768 miseros
1344 1739 1435 1768 cmlos
1447 1738 1607 1775 inclinavit,
1621 1738 1690 1769 etin
1704 1741 1761 1768 ter-

940 1792 987 1813 ras
1002 1783 1190 1813 deseenditlﬁ
1207 1795 1214 1818 -,
1240 1783 1289 1823 qui
1316 1783 1398 1813 latuit
1423 1783 1556 1822 angelos,
1588 1783 1661 1813 etin
1678 1787 1760 1813 utero

939 1832 1050 1858 sanctae
1066 1826 1195 1866 Virginis
1221 1827 1372 1866 habilavit,
1395 1836 1428 1857 ex
1445 1837 1501 1867 qua
1523 1836 1631 1866 corpus
1643 1836 1761 1857 assum-

942 1871 1009 1911 psit,
1031 1872 1118 1902 modo
1133 1871 1339 1908 inenarrabili,
1357 1877 1384 1902 et
1400 1873 1472 1902 citra
1491 1871 1684 1902 mutationem
1701 1871 1759 1909 sui,

941 1916 1070 1955 indeque
1086 1916 1120 1946 ad
1139 1922 1269 1946 nostram
1285 1917 1418 1947 omnium
1438 1916 1563 1946 salutem
1580 1915 1760 1956 operandam

941 1961 1096 2000 processit.
1109 1960 1193 1991 Salus
1207 1966 1303 1991 autem
1323 1967 1421 1991 nostra
1437 1961 1498 1990 hmo
1515 1965 1543 1991 et
1571 1961 1668 2000 plane,
1682 1960 1760 2000 quod

940 2005 1048 2044 salpius
1060 2005 1200 2041 diximus,
1219 2010 1246 2035 el
1264 2015 1341 2036 nunc
1355 2006 1452 2036 denuo
1469 2005 1614 2042 dicemus,
1629 2015 1685 2035 non
1709 2014 1762 2035 nos

71 2056 208 2092 egerunt,
227 2053 254 2082 ei
273 2052 403 2093 copulati
420 2056 499 2089 sunt,
527 2051 614 2081 etiam
646 2055 714 2080 tunc
731 2050 851 2090 my:tice
865 2054 894 2080 et.
938 2050 1059 2090 quidem
1077 2060 1109 2079 ex
1128 2050 1212 2080 nobis
1229 2050 1310 2089 ipsis,
1327 2050 1376 2080 sed
1387 2059 1424 2080 ex
1437 2059 1487 2079 ore
1497 2049 1762 2089 divino.Apparuit

68 2106 210 2136 germane
222 2097 282 2127 Deo
307 2097 536 2136 copulabuntur,
562 2101 649 2134 atque
677 2095 713 2124 ab
728 2095 792 2134 ejus
808 2104 892 2124 com-
938 2104 1073 2133 magnum
1092 2095 1191 2125 lumen
1208 2094 1295 2124 futuri
1311 2094 1420 2133 smculi,
1437 2094 1713 2131 reguumctelorum
1732 2095 1760 2123 iu

70 2141 212 2172 munione
241 2151 390 2181 nunquam
421 2141 606 2171 divellentur.
641 2141 732 2170 Porro
757 2139 806 2179 qui
825 2140 1030 2186 liintherras
1046 2139 1220 2169 deScendit:
1239 2139 1297 2168 imo
1310 2148 1531 2178 verosupcrum
1544 2138 1761 2174 i-tinl‘erum,et
1794 2159 1795 2163 η

69 2186 279 2226 emigraverint
295 2187 331 2216 ab
353 2187 418 2225 eius
448 2186 558 2216 lumine
587 2185 712 2224 sejuncli
745 2185 894 2224 quomodo
906 2182 923 2186 ”
937 2183 1138 2214 omniumlicx
1153 2184 1242 2220 venit,
1260 2183 1409 2222 voluitque
1424 2183 1508 2212 nobis
1525 2182 1713 2217 ﬁerisimiiis,
1729 2186 1761 2212 ut

70 2235 120 2261 aut
136 2240 193 2271 qua
209 2231 322 2261 ratione
338 2235 406 2260 tunc
423 2231 449 2260 ci
475 2230 629 2270 uniuntul,
649 2229 764 2259 disecre
779 2238 794 2259 ξι
813 2229 896 2259 \ohis
938 2238 970 2258 ex
988 2229 1200 2268 ipsotanquam
1214 2238 1247 2258 ex
1261 2228 1371 2258 lumine
1382 2238 1486 2257 omnes
1502 2227 1619 2257 accensi
1647 2227 1759 2257 lumina

71 2275 170 2315 cupio,
189 2280 240 2306 aut
256 2286 306 2305 vos
323 2276 432 2306 docere
451 2276 556 2314 potius.
937 2273 1028 2303 altera
1040 2273 1136 2313 primo
1147 2273 1254 2303 similia
1269 2273 1462 2303 evaderemus
1478 2283 1485 2309 ;
1499 2278 1524 2302 el
1535 2272 1616 2311 ιτς.ιί
1629 2271 1761 2301 caelestis

112 2319 193 2350 Deus
209 2320 296 2350 homo
311 2320 414 2357 factus,
429 2320 605 2350 sociatusest
619 2318 798 2349 hominibts
813 2316 897 2348 Com-
938 2323 1103 2354 consortes,
1120 2318 1273 2358 gloriaque
1301 2327 1351 2356 par
1368 2317 1471 2356 icipes,
1491 2327 1544 2347 nec
1558 2326 1615 2347 non
1631 2320 1759 2347 acti-rno-

73 2364 232 2395 municavit
248 2365 402 2394 nobiscum
420 2365 449 2394 in
471 2365 600 2395 humana
624 2368 736 2398 natura,
753 2362 895 2392 vicissim-
937 2372 1002 2392 rum
1020 2362 1176 2398 honorum,
1195 2372 1258 2402 qme
1275 2372 1362 2392 nemo
1379 2372 1392 2390 ν
1408 2362 1450 2391 dit
1464 2371 1604 2401 unquam.
1623 2361 1758 2391 hazredrs

71 2419 128 2450 que
144 2419 210 2440 cum
223 2409 368 2440 universis
383 2410 410 2439 in
428 2420 496 2440 eum
527 2408 730 2443 credentibus,
748 2412 775 2437 et
793 2407 894 2438 ﬁdem.
938 2410 1087 2438 tieremus.
1105 2407 1171 2437 Haec
1186 2411 1282 2437 autem
1301 2410 1378 2440 sunt.
1399 2411 1427 2436 ut
1444 2407 1543 2442 credo,
1564 2411 1591 2435 et
1608 2405 1678 2435 mihi
1696 2415 1762 2445 per-

68 2464 102 2485 ex
118 2453 259 2494 operibus
275 2454 696 2485 ostendentibusdivinitatem
718 2461 799 2482 suam
810 2461 892 2482 com-
936 2452 1046 2482 suadeo
1063 2457 1090 2481 et
1107 2456 1240 2491 autumn,
1259 2453 1354 2490 Pater,
1385 2451 1475 2480 Filius
1501 2456 1529 2481 et
1544 2451 1673 2490 Spiritus
1691 2460 1760 2480 sau-

70 2499 241 2530 municavit.
272 2498 331 2530 Hos
362 2499 449 2538 igitur
484 2499 627 2530 salvatum
658 2498 693 2528 i.i
722 2497 890 2533 aﬁlrmavit,
935 2502 1011 2536 ctus,
1030 2507 1086 2526 una
1102 2495 1242 2526 Trinitas.
1275 2496 1329 2526 llic
1359 2497 1423 2526 fons
1448 2495 1758 2533 honorum;hmcvita

109 2584 134 2609 41
155 2583 264 2624 Ephcs.
284 2594 308 2613 v.
327 2583 376 2614 ‘23.
419 2584 450 2608 Η
465 2584 550 2614 Joan.
567 2591 628 2621 xw,
647 2586 674 2614 2.
719 2583 749 2607 ’ὦ
764 2582 841 2612 Psal.
858 2590 929 2621 xvu,
952 2583 995 2612 l0.

111 2665 173 2704 (21)
189 2665 256 2705 Haec
268 2674 334 2705 qua:
346 2664 470 2705 Symeon
484 2664 598 2705 scribit,
610 2663 802 2703 intelligenda
814 2665 892 2698 sunt,
936 2660 1052 2705 clesia_;_
1064 2661 1338 2705 (luminoilo_tamep
1358 2661 1444 2705 ﬁdem
1469 2671 1528 2705 non
1550 2661 1699 2705 alijiciant:
1718 2660 1760 2705 De

71 2700 176 2736 nonde
187 2700 426 2745 quibuscumque
440 2700 656 2744 peccatoribus.
667 2700 766 2735 sedda
776 2711 894 2745 e\‘com-
937 2711 994 2745 quo
1009 2701 1102 2730 videat
1113 2701 1205 2731 lector
1219 2700 1520 2745 Card.hellarm._lib.
1532 2709 1559 2731 Ill
1572 2701 1614 2731 De
1626 2700 1762 2745 Ecclesia

71 2740 241 2776 manicatis.
259 2740 404 2776 Aliieniin
419 2740 601 2784 peccatores,
610 2743 798 2785 quantumvis
810 2750 895 2785 onor-
937 2741 1209 2785 ςηῌι-Ιφηίϐβᾱψῖἓξ,
1220 2741 1444 2785 quinetianrcap.
1455 2742 1490 2770 t0
1505 2740 1761 2785 docet,quomodo

71 2794 144 2823 mes,
164 2785 227 2816 sive
243 2785 392 2816 manifesti
407 2780 471 2816 sive
485 2785 603 2826 occulti,
618 2780 687 2816 vere
707 2789 775 2815 sunt
790 2783 819 2813 in
835 2781 892 2812 Ec-
938 2781 1074 2812 inﬁdeles
1093 2781 1201 2812 occulti
1219 2780 1247 2811 in
1268 2780 1400 2812 Ecclesia
1415 2781 1530 2812 censeri
1547 2780 1672 2821 possint.
