  <div class='ocr_page' id='page_1' title='image "/cluster/home/n/w/nwhite01/storage/ocr_20150623/120/njp.32101010943973/383.png"; bbox 0 0 1982 3075; ppageno 0'>
   <div class='ocr_carea' id='block_1_1' title="bbox 209 158 1057 193">
    <p class='ocr_par' dir='ltr' id='par_1_1' title="bbox 209 158 1057 193">
     <span class='ocr_line' id='line_1_1' title="bbox 209 158 1057 193; baseline -0.001 -1"><span class='ocrx_word' id='word_1_1' title='bbox 209 158 268 192; x_wconf 75' lang='grc'><strong>5⁵15</strong></span> <span class='ocrx_word' id='word_1_2' title='bbox 865 161 940 193; x_wconf 85' lang='lat' dir='ltr'><strong>SYM</strong></span> <span class='ocrx_word' id='word_1_3' title='bbox 946 160 1057 192; x_wconf 87' lang='lat' dir='ltr'><strong>EONIS</strong></span> 
     </span>
    </p>
   </div>
   <div class='ocr_carea' id='block_1_2' title="bbox 208 228 1064 268">
    <p class='ocr_par' dir='ltr' id='par_1_2' title="bbox 208 228 1064 268">
     <span class='ocr_line' id='line_1_2' title="bbox 208 228 1064 268; baseline 0 -10"><span class='ocrx_word' id='word_1_4' title='bbox 208 237 307 259; x_wconf 88' lang='lat' dir='ltr'><strong>rerum</strong></span> <span class='ocrx_word' id='word_1_5' title='bbox 317 228 493 260; x_wconf 86' lang='lat' dir='ltr'><strong>exstantium</strong></span> <span class='ocrx_word' id='word_1_6' title='bbox 508 229 574 266; x_wconf 55' lang='grc' dir='ltr'><strong>ΗΠΒ</strong></span> <span class='ocrx_word' id='word_1_7' title='bbox 587 228 703 259; x_wconf 75' lang='lat' dir='ltr'><strong>deliciae</strong></span> <span class='ocrx_word' id='word_1_8' title='bbox 712 232 740 258; x_wconf 89' lang='lat' dir='ltr'><strong>et</strong></span> <span class='ocrx_word' id='word_1_9' title='bbox 748 228 878 268; x_wconf 79' lang='lat' dir='ltr'><strong>requies;</strong></span> <span class='ocrx_word' id='word_1_10' title='bbox 888 228 949 259; x_wconf 65' lang='lat' dir='ltr'><strong>hac</strong></span> <span class='ocrx_word' id='word_1_11' title='bbox 960 228 1034 259; x_wconf 90' lang='lat' dir='ltr'><strong>stola</strong></span> <span class='ocrx_word' id='word_1_12' title='bbox 1045 234 1064 257; x_wconf 63' lang='grc' dir='ltr'><strong>Α</strong></span> 
     </span>
    </p>
   </div>
   <div class='ocr_carea' id='block_1_3' title="bbox 211 273 1032 312">
    <p class='ocr_par' dir='ltr' id='par_1_3' title="bbox 211 273 1032 312">
     <span class='ocr_line' id='line_1_3' title="bbox 211 273 1032 312; baseline 0 -10"><span class='ocrx_word' id='word_1_13' title='bbox 211 281 236 302; x_wconf 87' lang='lat' dir='ltr'><strong>et</strong></span> <span class='ocrx_word' id='word_1_14' title='bbox 253 273 347 309; x_wconf 79' lang='lat' dir='ltr'><strong>gloria</strong></span> <span class='ocrx_word' id='word_1_15' title='bbox 359 297 366 310; x_wconf 92' lang='lat'><strong>,</strong></span> <span class='ocrx_word' id='word_1_16' title='bbox 380 273 436 304; x_wconf 85' lang='lat' dir='ltr'><strong>hoc</strong></span> <span class='ocrx_word' id='word_1_17' title='bbox 449 273 588 312; x_wconf 76' lang='lat' dir='ltr'><strong>gaudium</strong></span> <span class='ocrx_word' id='word_1_18' title='bbox 599 273 747 303; x_wconf 83' lang='lat' dir='ltr'><strong>ineffabile</strong></span> <span class='ocrx_word' id='word_1_19' title='bbox 759 273 876 303; x_wconf 88' lang='lat' dir='ltr'><strong>etsalus</strong></span> <span class='ocrx_word' id='word_1_20' title='bbox 888 273 1032 308; x_wconf 92' lang='lat' dir='ltr'><strong>omnium,</strong></span> 
     </span>
    </p>
   </div>
   <div class='ocr_carea' id='block_1_4' title="bbox 211 317 1037 357">
    <p class='ocr_par' dir='ltr' id='par_1_4' title="bbox 211 317 1037 357">
     <span class='ocr_line' id='line_1_4' title="bbox 211 317 1037 357; baseline 0 -10"><span class='ocrx_word' id='word_1_21' title='bbox 211 317 261 357; x_wconf 97' lang='lat' dir='ltr'><strong>qui</strong></span> <span class='ocrx_word' id='word_1_22' title='bbox 280 317 508 348; x_wconf 82' lang='lat' dir='ltr'><strong>llluminationis</strong></span> <span class='ocrx_word' id='word_1_23' title='bbox 518 317 954 357; x_wconf 83' lang='lat' dir='ltr'><strong>ejusittexplicabilisfactisuttt</strong></span> <span class='ocrx_word' id='word_1_24' title='bbox 973 326 1037 356; x_wconf 87' lang='lat' dir='ltr'><strong>par-</strong></span> 
     </span>
    </p>
   </div>
   <div class='ocr_carea' id='block_1_5' title="bbox 211 361 1036 402">
    <p class='ocr_par' dir='ltr' id='par_1_5' title="bbox 211 361 1036 402">
     <span class='ocr_line' id='line_1_5' title="bbox 211 361 1036 402; baseline 0 -11"><span class='ocrx_word' id='word_1_25' title='bbox 211 361 329 402; x_wconf 88' lang='lat' dir='ltr'><strong>ticipes,</strong></span> <span class='ocrx_word' id='word_1_26' title='bbox 344 366 373 392; x_wconf 88' lang='lat' dir='ltr'><strong>et</strong></span> <span class='ocrx_word' id='word_1_27' title='bbox 387 362 668 393; x_wconf 80' lang='lat' dir='ltr'><strong>comtnunionemse</strong></span> <span class='ocrx_word' id='word_1_28' title='bbox 680 372 747 392; x_wconf 91' lang='lat' dir='ltr'><strong>cum</strong></span> <span class='ocrx_word' id='word_1_29' title='bbox 763 362 827 402; x_wconf 89' lang='lat' dir='ltr'><strong>ipso</strong></span> <span class='ocrx_word' id='word_1_30' title='bbox 843 362 954 393; x_wconf 82' lang='lat' dir='ltr'><strong>habere</strong></span> <span class='ocrx_word' id='word_1_31' title='bbox 965 371 1036 392; x_wconf 91' lang='lat' dir='ltr'><strong>sen-</strong></span> 
     </span>
    </p>
   </div>
   <div class='ocr_carea' id='block_1_6' title="bbox 209 406 1036 447">
    <p class='ocr_par' dir='ltr' id='par_1_6' title="bbox 209 406 1036 447">
     <span class='ocr_line' id='line_1_6' title="bbox 209 406 1036 447; baseline 0 -11"><span class='ocrx_word' id='word_1_32' title='bbox 209 406 297 436; x_wconf 88' lang='lat' dir='ltr'><strong>tiunt.</strong></span> <span class='ocrx_word' id='word_1_33' title='bbox 315 406 430 437; x_wconf 88' lang='lat' dir='ltr'><strong>ldcirco</strong></span> <span class='ocrx_word' id='word_1_34' title='bbox 452 407 545 447; x_wconf 87' lang='lat' dir='ltr'><strong>enim,</strong></span> <span class='ocrx_word' id='word_1_35' title='bbox 563 407 675 443; x_wconf 78' lang='lat' dir='ltr'><strong>audite,</strong></span> <span class='ocrx_word' id='word_1_36' title='bbox 706 406 839 438; x_wconf 73' lang='lat' dir='ltr'><strong>Salvator</strong></span> <span class='ocrx_word' id='word_1_37' title='bbox 855 406 1036 443; x_wconf 87' lang='lat' dir='ltr'><strong>nominatur,</strong></span> 
     </span>
    </p>
   </div>
   <div class='ocr_carea' id='block_1_7' title="bbox 209 450 1036 492">
    <p class='ocr_par' dir='ltr' id='par_1_7' title="bbox 209 450 1036 492">
     <span class='ocr_line' id='line_1_7' title="bbox 209 450 1036 492; baseline 0 -12"><span class='ocrx_word' id='word_1_38' title='bbox 209 450 349 491; x_wconf 87' lang='lat' dir='ltr'><strong>quoniam</strong></span> <span class='ocrx_word' id='word_1_39' title='bbox 361 450 501 482; x_wconf 91' lang='lat' dir='ltr'><strong>omnibus</strong></span> <span class='ocrx_word' id='word_1_40' title='bbox 512 451 687 492; x_wconf 83' lang='lat' dir='ltr'><strong>quibuscum</strong></span> <span class='ocrx_word' id='word_1_41' title='bbox 700 452 799 481; x_wconf 87' lang='lat' dir='ltr'><strong>unitus</strong></span> <span class='ocrx_word' id='word_1_42' title='bbox 810 451 1036 488; x_wconf 89' lang='lat' dir='ltr'><strong>fuerit,salutem</strong></span> 
     </span>
    </p>
   </div>
   <div class='ocr_carea' id='block_1_8' title="bbox 208 495 1038 536">
    <p class='ocr_par' dir='ltr' id='par_1_8' title="bbox 208 495 1038 536">
     <span class='ocr_line' id='line_1_8' title="bbox 208 495 1038 536; baseline -0.001 -10"><span class='ocrx_word' id='word_1_43' title='bbox 208 495 268 527; x_wconf 88' lang='lat' dir='ltr'><strong>dat.</strong></span> <span class='ocrx_word' id='word_1_44' title='bbox 286 495 371 526; x_wconf 89' lang='lat' dir='ltr'><strong>Salus</strong></span> <span class='ocrx_word' id='word_1_45' title='bbox 387 504 475 536; x_wconf 90' lang='lat' dir='ltr'><strong>porro</strong></span> <span class='ocrx_word' id='word_1_46' title='bbox 487 500 530 526; x_wconf 88' lang='lat' dir='ltr'><strong>est</strong></span> <span class='ocrx_word' id='word_1_47' title='bbox 542 495 676 526; x_wconf 88' lang='lat' dir='ltr'><strong>omnium</strong></span> <span class='ocrx_word' id='word_1_48' title='bbox 690 496 834 526; x_wconf 88' lang='lat' dir='ltr'><strong>malorum</strong></span> <span class='ocrx_word' id='word_1_49' title='bbox 845 495 996 536; x_wconf 86' lang='lat' dir='ltr'><strong>depulsio,</strong></span> <span class='ocrx_word' id='word_1_50' title='bbox 1010 495 1038 525; x_wconf 72' lang='lat' dir='ltr'><strong>et</strong></span> 
     </span>
    </p>
   </div>
   <div class='ocr_carea' id='block_1_9' title="bbox 208 540 1038 578">
    <p class='ocr_par' dir='ltr' id='par_1_9' title="bbox 208 540 1038 578">
     <span class='ocr_line' id='line_1_9' title="bbox 208 540 1038 578; baseline 0 -8"><span class='ocrx_word' id='word_1_51' title='bbox 208 540 239 570; x_wconf 92' lang='lat' dir='ltr'><strong>in</strong></span> <span class='ocrx_word' id='word_1_52' title='bbox 254 540 360 570; x_wconf 91' lang='lat' dir='ltr'><strong>eodem</strong></span> <span class='ocrx_word' id='word_1_53' title='bbox 390 541 523 570; x_wconf 93' lang='lat' dir='ltr'><strong>omnium</strong></span> <span class='ocrx_word' id='word_1_54' title='bbox 553 540 699 571; x_wconf 91' lang='lat' dir='ltr'><strong>bonorum</strong></span> <span class='ocrx_word' id='word_1_55' title='bbox 727 545 837 570; x_wconf 70' lang='lat' dir='ltr'><strong>aeterna</strong></span> <span class='ocrx_word' id='word_1_56' title='bbox 863 540 1006 578; x_wconf 77' lang='lat' dir='ltr'><strong>inventio,</strong></span> <span class='ocrx_word' id='word_1_57' title='bbox 1022 549 1038 570; x_wconf 92' lang='lat' dir='ltr'><strong>a</strong></span> 
     </span>
    </p>
   </div>
   <div class='ocr_carea' id='block_1_10' title="bbox 210 585 1037 625">
    <p class='ocr_par' dir='ltr' id='par_1_10' title="bbox 210 585 1037 625">
     <span class='ocr_line' id='line_1_10' title="bbox 210 585 1037 625; baseline 0 -10"><span class='ocrx_word' id='word_1_58' title='bbox 210 588 305 616; x_wconf 82' lang='lat' dir='ltr'><strong>morte</strong></span> <span class='ocrx_word' id='word_1_59' title='bbox 320 585 422 621; x_wconf 88' lang='lat' dir='ltr'><strong>vitam,</strong></span> <span class='ocrx_word' id='word_1_60' title='bbox 437 595 453 615; x_wconf 84' lang='lat' dir='ltr'><strong>a</strong></span> <span class='ocrx_word' id='word_1_61' title='bbox 468 585 601 615; x_wconf 80' lang='lat' dir='ltr'><strong>tenebris</strong></span> <span class='ocrx_word' id='word_1_62' title='bbox 628 585 736 625; x_wconf 82' lang='lat' dir='ltr'><strong>lucem,</strong></span> <span class='ocrx_word' id='word_1_63' title='bbox 761 595 778 615; x_wconf 89' lang='lat' dir='ltr'><strong>a</strong></span> <span class='ocrx_word' id='word_1_64' title='bbox 795 585 937 615; x_wconf 90' lang='lat' dir='ltr'><strong>servitute</strong></span> <span class='ocrx_word' id='word_1_65' title='bbox 949 585 1037 615; x_wconf 61' lang='lat' dir='ltr'><strong>vitiov~</strong></span> 
     </span>
    </p>
   </div>
   <div class='ocr_carea' id='block_1_11' title="bbox 210 629 1036 670">
    <p class='ocr_par' dir='ltr' id='par_1_11' title="bbox 210 629 1036 670">
     <span class='ocr_line' id='line_1_11' title="bbox 210 629 1036 670; baseline -0.002 -9"><span class='ocrx_word' id='word_1_66' title='bbox 210 639 309 661; x_wconf 89' lang='lat' dir='ltr'><strong>sorum</strong></span> <span class='ocrx_word' id='word_1_67' title='bbox 340 630 510 667; x_wconf 80' lang='lat' dir='ltr'><strong>affectuum,</strong></span> <span class='ocrx_word' id='word_1_68' title='bbox 551 629 854 670; x_wconf 88' lang='lat' dir='ltr'><strong>turpissimarumque</strong></span> <span class='ocrx_word' id='word_1_69' title='bbox 883 629 1036 660; x_wconf 80' lang='lat' dir='ltr'><strong>actionum</strong></span> 
     </span>
    </p>
   </div>
   <div class='ocr_carea' id='block_1_12' title="bbox 211 673 1036 714">
    <p class='ocr_par' dir='ltr' id='par_1_12' title="bbox 211 673 1036 714">
     <span class='ocr_line' id='line_1_12' title="bbox 211 673 1036 714; baseline -0.001 -10"><span class='ocrx_word' id='word_1_70' title='bbox 211 673 373 714; x_wconf 78' lang='lat' dir='ltr'><strong>perfectam</strong></span> <span class='ocrx_word' id='word_1_71' title='bbox 383 674 550 705; x_wconf 87' lang='lat' dir='ltr'><strong>libertatem</strong></span> <span class='ocrx_word' id='word_1_72' title='bbox 557 673 694 704; x_wconf 89' lang='lat' dir='ltr'><strong>omnibus</strong></span> <span class='ocrx_word' id='word_1_73' title='bbox 703 684 769 704; x_wconf 91' lang='lat' dir='ltr'><strong>cum</strong></span> <span class='ocrx_word' id='word_1_74' title='bbox 779 674 896 705; x_wconf 86' lang='lat' dir='ltr'><strong>Christo</strong></span> <span class='ocrx_word' id='word_1_75' title='bbox 904 684 950 704; x_wconf 84' lang='lat' dir='ltr'><strong>om</strong></span> <span class='ocrx_word' id='word_1_76' title='bbox 957 674 1036 704; x_wconf 90' lang='lat' dir='ltr'><strong>nium</strong></span> 
     </span>
    </p>
   </div>
   <div class='ocr_carea' id='block_1_13' title="bbox 211 718 1038 759">
    <p class='ocr_par' dir='ltr' id='par_1_13' title="bbox 211 718 1038 759">
     <span class='ocr_line' id='line_1_13' title="bbox 211 718 1038 759; baseline -0.001 -10"><span class='ocrx_word' id='word_1_77' title='bbox 211 718 361 749; x_wconf 87' lang='lat' dir='ltr'><strong>Salvatore</strong></span> <span class='ocrx_word' id='word_1_78' title='bbox 374 719 541 758; x_wconf 83' lang='lat' dir='ltr'><strong>conjunctis</strong></span> <span class='ocrx_word' id='word_1_79' title='bbox 555 728 589 749; x_wconf 84' lang='lat' dir='ltr'><strong>ac</strong></span> <span class='ocrx_word' id='word_1_80' title='bbox 606 718 751 749; x_wconf 79' lang='lat' dir='ltr'><strong>devinctis</strong></span> <span class='ocrx_word' id='word_1_81' title='bbox 763 719 959 759; x_wconf 83' lang='lat' dir='ltr'><strong>largiens,qui</strong></span> <span class='ocrx_word' id='word_1_82' title='bbox 969 723 1038 748; x_wconf 92' lang='lat' dir='ltr'><strong>tunc</strong></span> 
     </span>
    </p>
   </div>
   <div class='ocr_carea' id='block_1_14' title="bbox 211 763 1037 803">
    <p class='ocr_par' dir='ltr' id='par_1_14' title="bbox 211 763 1037 803">
     <span class='ocr_line' id='line_1_14' title="bbox 211 763 1037 803; baseline -0.001 -10"><span class='ocrx_word' id='word_1_83' title='bbox 211 772 299 794; x_wconf 91' lang='lat' dir='ltr'><strong>omne</strong></span> <span class='ocrx_word' id='word_1_84' title='bbox 310 763 449 803; x_wconf 80' lang='lat' dir='ltr'><strong>gaudium</strong></span> <span class='ocrx_word' id='word_1_85' title='bbox 461 764 533 794; x_wconf 81' lang='lat' dir='ltr'><strong>citra</strong></span> <span class='ocrx_word' id='word_1_86' title='bbox 563 763 730 803; x_wconf 87' lang='lat' dir='ltr'><strong>periculum</strong></span> <span class='ocrx_word' id='word_1_87' title='bbox 739 763 906 800; x_wconf 85' lang='lat' dir='ltr'><strong>amittendi,</strong></span> <span class='ocrx_word' id='word_1_88' title='bbox 918 772 1037 794; x_wconf 90' lang='lat' dir='ltr'><strong>omnem</strong></span> 
     </span>
    </p>
   </div>
   <div class='ocr_carea' id='block_1_15' title="bbox 212 808 1036 848">
    <p class='ocr_par' dir='ltr' id='par_1_15' title="bbox 212 808 1036 848">
     <span class='ocr_line' id='line_1_15' title="bbox 212 808 1036 848; baseline -0.001 -10"><span class='ocrx_word' id='word_1_89' title='bbox 212 808 452 845; x_wconf 79' lang='lat' dir='ltr'><strong>exsultationem,</strong></span> <span class='ocrx_word' id='word_1_90' title='bbox 470 808 663 848; x_wconf 66' lang='lat' dir='ltr'><strong>laetitiamque</strong></span> <span class='ocrx_word' id='word_1_91' title='bbox 679 808 840 848; x_wconf 84' lang='lat' dir='ltr'><strong>possident.</strong></span> <span class='ocrx_word' id='word_1_92' title='bbox 857 808 913 844; x_wconf 86' lang='lat' dir='ltr'><strong>Qui</strong></span> <span class='ocrx_word' id='word_1_93' title='bbox 939 811 1036 839; x_wconf 87' lang='lat' dir='ltr'><strong>autetn</strong></span> 
     </span>
    </p>
   </div>
   <div class='ocr_carea' id='block_1_16' title="bbox 213 852 1066 898">
    <p class='ocr_par' dir='ltr' id='par_1_16' title="bbox 213 852 1066 898">
     <span class='ocr_line' id='line_1_16' title="bbox 213 852 1066 898; baseline 0.001 -16"><span class='ocrx_word' id='word_1_94' title='bbox 213 860 332 890; x_wconf 90' lang='lat' dir='ltr'><strong>prorsus</strong></span> <span class='ocrx_word' id='word_1_95' title='bbox 348 852 384 882; x_wconf 88' lang='lat' dir='ltr'><strong>ab</strong></span> <span class='ocrx_word' id='word_1_96' title='bbox 397 862 431 883; x_wconf 91' lang='lat' dir='ltr'><strong>eo</strong></span> <span class='ocrx_word' id='word_1_97' title='bbox 442 853 580 892; x_wconf 79' lang='lat' dir='ltr'><strong>sejuncti,</strong></span> <span class='ocrx_word' id='word_1_98' title='bbox 595 862 654 883; x_wconf 89' lang='lat' dir='ltr'><strong>non</strong></span> <span class='ocrx_word' id='word_1_99' title='bbox 671 862 738 883; x_wconf 93' lang='lat' dir='ltr'><strong>eum</strong></span> <span class='ocrx_word' id='word_1_100' title='bbox 766 858 912 893; x_wconf 80' lang='lat' dir='ltr'><strong>quaerunt,</strong></span> <span class='ocrx_word' id='word_1_101' title='bbox 926 853 1035 892; x_wconf 83' lang='lat' dir='ltr'><strong>necju-</strong></span> <span class='ocrx_word' id='word_1_102' title='bbox 1048 875 1066 898; x_wconf 69' lang='grc' dir='ltr'><strong>Β</strong></span> 
     </span>
    </p>
   </div>
   <div class='ocr_carea' id='block_1_17' title="bbox 211 897 1035 936">
    <p class='ocr_par' dir='ltr' id='par_1_17' title="bbox 211 897 1035 936">
     <span class='ocr_line' id='line_1_17' title="bbox 211 897 1035 936; baseline -0.001 -9"><span class='ocrx_word' id='word_1_103' title='bbox 211 906 280 936; x_wconf 90' lang='lat' dir='ltr'><strong>gutn</strong></span> <span class='ocrx_word' id='word_1_104' title='bbox 292 901 423 927; x_wconf 91' lang='lat' dir='ltr'><strong>motuum</strong></span> <span class='ocrx_word' id='word_1_105' title='bbox 439 897 529 928; x_wconf 90' lang='lat' dir='ltr'><strong>animi</strong></span> <span class='ocrx_word' id='word_1_106' title='bbox 542 897 649 928; x_wconf 83' lang='lat' dir='ltr'><strong>rationi</strong></span> <span class='ocrx_word' id='word_1_107' title='bbox 661 897 881 928; x_wconf 84' lang='lat' dir='ltr'><strong>adversantium</strong></span> <span class='ocrx_word' id='word_1_108' title='bbox 899 906 1035 928; x_wconf 84' lang='lat' dir='ltr'><strong>excusse-</strong></span> 
     </span>
    </p>
   </div>
   <div class='ocr_carea' id='block_1_18' title="bbox 212 942 1035 982">
    <p class='ocr_par' dir='ltr' id='par_1_18' title="bbox 212 942 1035 982">
     <span class='ocr_line' id='line_1_18' title="bbox 212 942 1035 982; baseline 0 -10"><span class='ocrx_word' id='word_1_109' title='bbox 212 945 293 978; x_wconf 91' lang='lat' dir='ltr'><strong>runt,</strong></span> <span class='ocrx_word' id='word_1_110' title='bbox 313 951 367 972; x_wconf 93' lang='lat' dir='ltr'><strong>nec</strong></span> <span class='ocrx_word' id='word_1_111' title='bbox 383 951 399 972; x_wconf 85' lang='lat' dir='ltr'><strong>a</strong></span> <span class='ocrx_word' id='word_1_112' title='bbox 428 946 522 972; x_wconf 88' lang='lat' dir='ltr'><strong>tnorte</strong></span> <span class='ocrx_word' id='word_1_113' title='bbox 549 946 617 972; x_wconf 90' lang='lat' dir='ltr'><strong>suttt</strong></span> <span class='ocrx_word' id='word_1_114' title='bbox 645 942 773 979; x_wconf 89' lang='lat' dir='ltr'><strong>liberati,</strong></span> <span class='ocrx_word' id='word_1_115' title='bbox 801 952 852 973; x_wconf 90' lang='lat' dir='ltr'><strong>seu</strong></span> <span class='ocrx_word' id='word_1_116' title='bbox 869 952 964 982; x_wconf 81' lang='lat' dir='ltr'><strong>reges.</strong></span> <span class='ocrx_word' id='word_1_117' title='bbox 983 951 1035 972; x_wconf 91' lang='lat' dir='ltr'><strong>seu</strong></span> 
     </span>
    </p>
   </div>
   <div class='ocr_carea' id='block_1_19' title="bbox 211 986 1035 1027">
    <p class='ocr_par' dir='ltr' id='par_1_19' title="bbox 211 986 1035 1027">
     <span class='ocr_line' id='line_1_19' title="bbox 211 986 1035 1027; baseline 0.001 -11"><span class='ocrx_word' id='word_1_118' title='bbox 211 986 374 1026; x_wconf 75' lang='lat' dir='ltr'><strong>principes,</strong></span> <span class='ocrx_word' id='word_1_119' title='bbox 389 996 440 1017; x_wconf 88' lang='lat' dir='ltr'><strong>seu</strong></span> <span class='ocrx_word' id='word_1_120' title='bbox 457 987 512 1017; x_wconf 85' lang='lat' dir='ltr'><strong>\‘iri</strong></span> <span class='ocrx_word' id='word_1_121' title='bbox 527 993 689 1018; x_wconf 83' lang='lat' dir='ltr'><strong>summates</strong></span> <span class='ocrx_word' id='word_1_122' title='bbox 705 987 776 1025; x_wconf 84' lang='lat' dir='ltr'><strong>sint,</strong></span> <span class='ocrx_word' id='word_1_123' title='bbox 794 987 848 1018; x_wconf 91' lang='lat' dir='ltr'><strong>etsi</strong></span> <span class='ocrx_word' id='word_1_124' title='bbox 865 988 893 1017; x_wconf 88' lang='lat' dir='ltr'><strong>itt</strong></span> <span class='ocrx_word' id='word_1_125' title='bbox 907 987 1035 1027; x_wconf 85' lang='lat' dir='ltr'><strong>deliciis,</strong></span> 
     </span>
    </p>
   </div>
   <div class='ocr_carea' id='block_1_20' title="bbox 211 1031 1038 1070">
    <p class='ocr_par' dir='ltr' id='par_1_20' title="bbox 211 1031 1038 1070">
     <span class='ocr_line' id='line_1_20' title="bbox 211 1031 1038 1070; baseline 0 -9"><span class='ocrx_word' id='word_1_126' title='bbox 211 1031 241 1061; x_wconf 88' lang='lat' dir='ltr'><strong>itt</strong></span> <span class='ocrx_word' id='word_1_127' title='bbox 255 1031 464 1068; x_wconf 88' lang='lat' dir='ltr'><strong>hilaritatibus,</strong></span> <span class='ocrx_word' id='word_1_128' title='bbox 478 1036 505 1063; x_wconf 88' lang='lat' dir='ltr'><strong>ct</strong></span> <span class='ocrx_word' id='word_1_129' title='bbox 517 1031 777 1068; x_wconf 84' lang='lat' dir='ltr'><strong>oblectationibus,</strong></span> <span class='ocrx_word' id='word_1_130' title='bbox 789 1037 819 1063; x_wconf 90' lang='lat' dir='ltr'><strong>et</strong></span> <span class='ocrx_word' id='word_1_131' title='bbox 832 1032 862 1062; x_wconf 87' lang='lat' dir='ltr'><strong>in</strong></span> <span class='ocrx_word' id='word_1_132' title='bbox 875 1031 962 1062; x_wconf 82' lang='lat' dir='ltr'><strong>bonis</strong></span> <span class='ocrx_word' id='word_1_133' title='bbox 975 1041 1038 1070; x_wconf 86' lang='lat' dir='ltr'><strong>per-</strong></span> 
     </span>
    </p>
   </div>
   <div class='ocr_carea' id='block_1_21' title="bbox 211 1075 1036 1117">
    <p class='ocr_par' dir='ltr' id='par_1_21' title="bbox 211 1075 1036 1117">
     <span class='ocr_line' id='line_1_21' title="bbox 211 1075 1036 1117; baseline 0 -11"><span class='ocrx_word' id='word_1_134' title='bbox 211 1075 346 1106; x_wconf 86' lang='lat' dir='ltr'><strong>fruendis</strong></span> <span class='ocrx_word' id='word_1_135' title='bbox 358 1077 468 1106; x_wconf 86' lang='lat' dir='ltr'><strong>versari</strong></span> <span class='ocrx_word' id='word_1_136' title='bbox 483 1085 515 1107; x_wconf 88' lang='lat' dir='ltr'><strong>se</strong></span> <span class='ocrx_word' id='word_1_137' title='bbox 534 1080 648 1116; x_wconf 87' lang='lat' dir='ltr'><strong>putent,</strong></span> <span class='ocrx_word' id='word_1_138' title='bbox 666 1086 818 1117; x_wconf 80' lang='lat' dir='ltr'><strong>nunquam</strong></span> <span class='ocrx_word' id='word_1_139' title='bbox 837 1081 935 1106; x_wconf 80' lang='lat' dir='ltr'><strong>tamen</strong></span> <span class='ocrx_word' id='word_1_140' title='bbox 950 1076 1036 1107; x_wconf 88' lang='lat' dir='ltr'><strong>talem</strong></span> 
     </span>
    </p>
   </div>
   <div class='ocr_carea' id='block_1_22' title="bbox 211 1121 1038 1161">
    <p class='ocr_par' dir='ltr' id='par_1_22' title="bbox 211 1121 1038 1161">
     <span class='ocr_line' id='line_1_22' title="bbox 211 1121 1038 1161; baseline -0.001 -10"><span class='ocrx_word' id='word_1_141' title='bbox 211 1121 366 1161; x_wconf 87' lang='lat' dir='ltr'><strong>acquirent</strong></span> <span class='ocrx_word' id='word_1_142' title='bbox 377 1121 521 1160; x_wconf 63' lang='lat' dir='ltr'><strong>laetitiam,</strong></span> <span class='ocrx_word' id='word_1_143' title='bbox 539 1121 654 1161; x_wconf 84' lang='lat' dir='ltr'><strong>qualem</strong></span> <span class='ocrx_word' id='word_1_144' title='bbox 667 1123 742 1152; x_wconf 84' lang='lat' dir='ltr'><strong>servi</strong></span> <span class='ocrx_word' id='word_1_145' title='bbox 769 1121 877 1152; x_wconf 89' lang='lat' dir='ltr'><strong>Christi</strong></span> <span class='ocrx_word' id='word_1_146' title='bbox 888 1121 925 1151; x_wconf 89' lang='lat' dir='ltr'><strong>ab</strong></span> <span class='ocrx_word' id='word_1_147' title='bbox 939 1122 1038 1151; x_wconf 90' lang='lat' dir='ltr'><strong>omni-</strong></span> 
     </span>
    </p>
   </div>
   <div class='ocr_carea' id='block_1_23' title="bbox 212 1165 1040 1206">
    <p class='ocr_par' dir='ltr' id='par_1_23' title="bbox 212 1165 1040 1206">
     <span class='ocr_line' id='line_1_23' title="bbox 212 1165 1040 1206; baseline -0.001 -10"><span class='ocrx_word' id='word_1_148' title='bbox 212 1165 268 1196; x_wconf 90' lang='lat' dir='ltr'><strong>bus</strong></span> <span class='ocrx_word' id='word_1_149' title='bbox 283 1165 446 1205; x_wconf 82' lang='lat' dir='ltr'><strong>illegitimis</strong></span> <span class='ocrx_word' id='word_1_150' title='bbox 461 1165 571 1205; x_wconf 75' lang='lat' dir='ltr'><strong>glorize.</strong></span> <span class='ocrx_word' id='word_1_151' title='bbox 585 1175 618 1196; x_wconf 87' lang='lat' dir='ltr'><strong>ac</strong></span> <span class='ocrx_word' id='word_1_152' title='bbox 630 1166 809 1206; x_wconf 86' lang='lat' dir='ltr'><strong>voluptatum</strong></span> <span class='ocrx_word' id='word_1_153' title='bbox 829 1166 1040 1206; x_wconf 65' lang='lat' dir='ltr'><strong>cupiditatibus</strong></span> 
     </span>
    </p>
   </div>
   <div class='ocr_carea' id='block_1_24' title="bbox 210 1210 1038 1250">
    <p class='ocr_par' dir='ltr' id='par_1_24' title="bbox 210 1210 1038 1250">
     <span class='ocr_line' id='line_1_24' title="bbox 210 1210 1038 1250; baseline 0 -10"><span class='ocrx_word' id='word_1_154' title='bbox 210 1210 360 1240; x_wconf 88' lang='lat' dir='ltr'><strong>immunes</strong></span> <span class='ocrx_word' id='word_1_155' title='bbox 371 1210 551 1250; x_wconf 79' lang='lat' dir='ltr'><strong>percipiunt;</strong></span> <span class='ocrx_word' id='word_1_156' title='bbox 564 1219 628 1250; x_wconf 55' lang='lat' dir='ltr'><strong>qua).</strong></span> <span class='ocrx_word' id='word_1_157' title='bbox 637 1210 758 1250; x_wconf 83' lang='lat' dir='ltr'><strong>quidem</strong></span> <span class='ocrx_word' id='word_1_158' title='bbox 769 1214 845 1240; x_wconf 73' lang='lat' dir='ltr'><strong>tanta</strong></span> <span class='ocrx_word' id='word_1_159' title='bbox 863 1215 918 1246; x_wconf 90' lang='lat' dir='ltr'><strong>est,</strong></span> <span class='ocrx_word' id='word_1_160' title='bbox 929 1214 962 1241; x_wconf 86' lang='lat' dir='ltr'><strong>ut</strong></span> <span class='ocrx_word' id='word_1_161' title='bbox 974 1219 1038 1240; x_wconf 86' lang='lat' dir='ltr'><strong>eam</strong></span> 
     </span>
    </p>
   </div>
   <div class='ocr_carea' id='block_1_25' title="bbox 213 1254 1038 1295">
    <p class='ocr_par' dir='ltr' id='par_1_25' title="bbox 213 1254 1038 1295">
     <span class='ocr_line' id='line_1_25' title="bbox 213 1254 1038 1295; baseline -0.001 -10"><span class='ocrx_word' id='word_1_162' title='bbox 213 1254 307 1286; x_wconf 88' lang='lat' dir='ltr'><strong>oratio</strong></span> <span class='ocrx_word' id='word_1_163' title='bbox 324 1255 465 1294; x_wconf 87' lang='lat' dir='ltr'><strong>cettsequi</strong></span> <span class='ocrx_word' id='word_1_164' title='bbox 478 1264 536 1284; x_wconf 91' lang='lat' dir='ltr'><strong>non</strong></span> <span class='ocrx_word' id='word_1_165' title='bbox 553 1255 656 1295; x_wconf 78' lang='lat' dir='ltr'><strong>possit,</strong></span> <span class='ocrx_word' id='word_1_166' title='bbox 671 1264 757 1294; x_wconf 84' lang='lat' dir='ltr'><strong>quam</strong></span> <span class='ocrx_word' id='word_1_167' title='bbox 770 1264 872 1285; x_wconf 88' lang='lat' dir='ltr'><strong>eortttn</strong></span> <span class='ocrx_word' id='word_1_168' title='bbox 887 1263 972 1284; x_wconf 88' lang='lat' dir='ltr'><strong>nemo</strong></span> <span class='ocrx_word' id='word_1_169' title='bbox 985 1254 1038 1285; x_wconf 87' lang='lat' dir='ltr'><strong>ali-</strong></span> 
     </span>
    </p>
   </div>
   <div class='ocr_carea' id='block_1_26' title="bbox 213 1299 1038 1340">
    <p class='ocr_par' dir='ltr' id='par_1_26' title="bbox 213 1299 1038 1340">
     <span class='ocr_line' id='line_1_26' title="bbox 213 1299 1038 1340; baseline -0.001 -10"><span class='ocrx_word' id='word_1_170' title='bbox 213 1299 330 1340; x_wconf 87' lang='lat' dir='ltr'><strong>quando</strong></span> <span class='ocrx_word' id='word_1_171' title='bbox 359 1308 527 1339; x_wconf 76' lang='lat' dir='ltr'><strong>cognoscet,</strong></span> <span class='ocrx_word' id='word_1_172' title='bbox 559 1299 717 1339; x_wconf 78' lang='lat' dir='ltr'><strong>intelliget,</strong></span> <span class='ocrx_word' id='word_1_173' title='bbox 761 1303 811 1330; x_wconf 89' lang='lat' dir='ltr'><strong>aut</strong></span> <span class='ocrx_word' id='word_1_174' title='bbox 839 1299 960 1336; x_wconf 80' lang='lat' dir='ltr'><strong>videbit,</strong></span> <span class='ocrx_word' id='word_1_175' title='bbox 988 1299 1038 1339; x_wconf 90' lang='lat' dir='ltr'><strong>qui</strong></span> 
     </span>
    </p>
   </div>
   <div class='ocr_carea' id='block_1_27' title="bbox 213 1344 1035 1384">
    <p class='ocr_par' dir='ltr' id='par_1_27' title="bbox 213 1344 1035 1384">
     <span class='ocr_line' id='line_1_27' title="bbox 213 1344 1035 1384; baseline -0.001 -9"><span class='ocrx_word' id='word_1_176' title='bbox 213 1344 330 1376; x_wconf 81' lang='lat' dir='ltr'><strong>Christo</strong></span> <span class='ocrx_word' id='word_1_177' title='bbox 341 1344 458 1375; x_wconf 88' lang='lat' dir='ltr'><strong>sincere</strong></span> <span class='ocrx_word' id='word_1_178' title='bbox 469 1344 662 1384; x_wconf 87' lang='lat' dir='ltr'><strong>fruenterque</strong></span> <span class='ocrx_word' id='word_1_179' title='bbox 670 1354 726 1375; x_wconf 92' lang='lat' dir='ltr'><strong>non</strong></span> <span class='ocrx_word' id='word_1_180' title='bbox 740 1344 931 1384; x_wconf 75' lang='lat' dir='ltr'><strong>adhmserint,</strong></span> <span class='ocrx_word' id='word_1_181' title='bbox 950 1344 1035 1384; x_wconf 82' lang='lat' dir='ltr'><strong>rique</strong></span> 
     </span>
    </p>
   </div>
   <div class='ocr_carea' id='block_1_28' title="bbox 211 1389 1037 1429">
    <p class='ocr_par' dir='ltr' id='par_1_28' title="bbox 211 1389 1037 1429">
     <span class='ocr_line' id='line_1_28' title="bbox 211 1389 1037 1429; baseline -0.001 -10"><span class='ocrx_word' id='word_1_182' title='bbox 211 1389 322 1429; x_wconf 88' lang='lat' dir='ltr'><strong>uniqtte</strong></span> <span class='ocrx_word' id='word_1_183' title='bbox 335 1398 425 1429; x_wconf 88' lang='lat' dir='ltr'><strong>quam</strong></span> <span class='ocrx_word' id='word_1_184' title='bbox 436 1389 586 1428; x_wconf 79' lang='lat' dir='ltr'><strong>explicare</strong></span> <span class='ocrx_word' id='word_1_185' title='bbox 596 1399 653 1419; x_wconf 91' lang='lat' dir='ltr'><strong>non</strong></span> <span class='ocrx_word' id='word_1_186' title='bbox 667 1393 722 1427; x_wconf 85' lang='lat' dir='ltr'><strong>est,</strong></span> <span class='ocrx_word' id='word_1_187' title='bbox 733 1389 846 1419; x_wconf 85' lang='lat' dir='ltr'><strong>astricti</strong></span> <span class='ocrx_word' id='word_1_188' title='bbox 862 1393 890 1418; x_wconf 84' lang='lat' dir='ltr'><strong>et</strong></span> <span class='ocrx_word' id='word_1_189' title='bbox 902 1389 1037 1428; x_wconf 71' lang='lat' dir='ltr'><strong>impliciti</strong></span> 
     </span>
    </p>
   </div>
   <div class='ocr_carea' id='block_1_29' title="bbox 211 1433 1037 1473">
    <p class='ocr_par' dir='ltr' id='par_1_29' title="bbox 211 1433 1037 1473">
     <span class='ocr_line' id='line_1_29' title="bbox 211 1433 1037 1473; baseline -0.001 -9"><span class='ocrx_word' id='word_1_190' title='bbox 211 1443 270 1464; x_wconf 88' lang='lat' dir='ltr'><strong>non</strong></span> <span class='ocrx_word' id='word_1_191' title='bbox 289 1434 397 1463; x_wconf 86' lang='lat' dir='ltr'><strong>fuerint</strong></span> <span class='ocrx_word' id='word_1_192' title='bbox 412 1442 419 1470; x_wconf 89' lang='lat'><strong>;</strong></span> <span class='ocrx_word' id='word_1_193' title='bbox 437 1443 524 1473; x_wconf 84' lang='lat' dir='ltr'><strong>quem</strong></span> <span class='ocrx_word' id='word_1_194' title='bbox 553 1433 638 1464; x_wconf 87' lang='lat' dir='ltr'><strong>decet</strong></span> <span class='ocrx_word' id='word_1_195' title='bbox 659 1433 752 1473; x_wconf 76' lang='lat' dir='ltr'><strong>gloria</strong></span> <span class='ocrx_word' id='word_1_196' title='bbox 763 1438 791 1463; x_wconf 91' lang='lat' dir='ltr'><strong>et</strong></span> <span class='ocrx_word' id='word_1_197' title='bbox 806 1434 824 1464; x_wconf 92' lang='lat' dir='ltr'><strong>h</strong></span> <span class='ocrx_word' id='word_1_198' title='bbox 848 1443 912 1470; x_wconf 89' lang='lat' dir='ltr'><strong>nor,</strong></span> <span class='ocrx_word' id='word_1_199' title='bbox 930 1434 992 1464; x_wconf 88' lang='lat' dir='ltr'><strong>laus</strong></span> <span class='ocrx_word' id='word_1_200' title='bbox 1008 1438 1037 1464; x_wconf 83' lang='lat' dir='ltr'><strong>et</strong></span> 
     </span>
    </p>
   </div>
   <div class='ocr_carea' id='block_1_30' title="bbox 211 1477 1036 1518">
    <p class='ocr_par' dir='ltr' id='par_1_30' title="bbox 211 1477 1036 1518">
     <span class='ocr_line' id='line_1_30' title="bbox 211 1477 1036 1518; baseline 0 -10"><span class='ocrx_word' id='word_1_201' title='bbox 211 1478 308 1508; x_wconf 89' lang='lat' dir='ltr'><strong>omnis</strong></span> <span class='ocrx_word' id='word_1_202' title='bbox 322 1477 490 1518; x_wconf 71' lang='lat' dir='ltr'><strong>[raedicatio</strong></span> <span class='ocrx_word' id='word_1_203' title='bbox 504 1477 540 1508; x_wconf 88' lang='lat' dir='ltr'><strong>ab</strong></span> <span class='ocrx_word' id='word_1_204' title='bbox 567 1477 647 1508; x_wconf 92' lang='lat' dir='ltr'><strong>omni</strong></span> <span class='ocrx_word' id='word_1_205' title='bbox 676 1482 822 1515; x_wconf 82' lang='lat' dir='ltr'><strong>creatura,</strong></span> <span class='ocrx_word' id='word_1_206' title='bbox 841 1482 868 1508; x_wconf 88' lang='lat' dir='ltr'><strong>et</strong></span> <span class='ocrx_word' id='word_1_207' title='bbox 883 1478 988 1518; x_wconf 84' lang='lat' dir='ltr'><strong>spiritu</strong></span> <span class='ocrx_word' id='word_1_208' title='bbox 1005 1478 1036 1508; x_wconf 91' lang='lat' dir='ltr'><strong>in</strong></span> 
     </span>
    </p>
   </div>
   <div class='ocr_carea' id='block_1_31' title="bbox 212 1522 1064 1562">
    <p class='ocr_par' dir='ltr' id='par_1_31' title="bbox 212 1522 1064 1562">
     <span class='ocr_line' id='line_1_31' title="bbox 212 1522 1064 1562; baseline -0.004 -9"><span class='ocrx_word' id='word_1_209' title='bbox 212 1523 319 1553; x_wconf 64' lang='lat' dir='ltr'><strong>saecula</strong></span> <span class='ocrx_word' id='word_1_210' title='bbox 334 1522 441 1554; x_wconf 85' lang='lat' dir='ltr'><strong>Amen.</strong></span> <span class='ocrx_word' id='word_1_211' title='bbox 1045 1538 1064 1562; x_wconf 68' lang='grc' dir='ltr'><strong><em>ε</em></strong></span> 
     </span>
    </p>
   </div>
   <div class='ocr_carea' id='block_1_32' title="bbox 508 1587 733 1619">
    <p class='ocr_par' dir='ltr' id='par_1_32' title="bbox 508 1587 733 1619">
     <span class='ocr_line' id='line_1_32' title="bbox 508 1587 733 1619; baseline 0.004 -1"><span class='ocrx_word' id='word_1_212' title='bbox 508 1587 603 1619; x_wconf 88' lang='lat' dir='ltr'><strong>CAPU</strong></span> <span class='ocrx_word' id='word_1_213' title='bbox 614 1589 630 1618; x_wconf 81' lang='grc' dir='ltr'><strong><em>Γ</em></strong></span> <span class='ocrx_word' id='word_1_214' title='bbox 647 1587 733 1619; x_wconf 78' lang='lat' dir='ltr'><strong>XXX.</strong></span> 
     </span>
    </p>
   </div>
   <div class='ocr_carea' id='block_1_33' title="bbox 212 1661 1038 1697">
    <p class='ocr_par' dir='ltr' id='par_1_33' title="bbox 212 1661 1038 1697">
     <span class='ocr_line' id='line_1_33' title="bbox 212 1661 1038 1697; baseline -0.001 -7"><span class='ocrx_word' id='word_1_215' title='bbox 212 1661 309 1690; x_wconf 76' lang='lat' dir='ltr'><strong>Melius</strong></span> <span class='ocrx_word' id='word_1_216' title='bbox 323 1668 379 1690; x_wconf 75' lang='lat' dir='ltr'><strong>esse</strong></span> <span class='ocrx_word' id='word_1_217' title='bbox 394 1661 459 1690; x_wconf 80' lang='lat' dir='ltr'><strong>bene</strong></span> <span class='ocrx_word' id='word_1_218' title='bbox 473 1662 542 1697; x_wconf 69' lang='lat' dir='ltr'><strong>regi,</strong></span> <span class='ocrx_word' id='word_1_219' title='bbox 558 1670 641 1697; x_wconf 85' lang='lat' dir='ltr'><strong>quam</strong></span> <span class='ocrx_word' id='word_1_220' title='bbox 671 1669 764 1696; x_wconf 73' lang='lat' dir='ltr'><strong>regere</strong></span> <span class='ocrx_word' id='word_1_221' title='bbox 792 1661 902 1690; x_wconf 71' lang='lat' dir='ltr'><strong>invitos.</strong></span> <span class='ocrx_word' id='word_1_222' title='bbox 920 1662 1038 1690; x_wconf 79' lang='lat' dir='ltr'><strong>Nullum</strong></span> 
     </span>
    </p>
   </div>
   <div class='ocr_carea' id='block_1_34' title="bbox 248 1697 1038 1733">
    <p class='ocr_par' dir='ltr' id='par_1_34' title="bbox 248 1697 1038 1733">
     <span class='ocr_line' id='line_1_34' title="bbox 248 1697 1038 1733; baseline 0 -8"><span class='ocrx_word' id='word_1_223' title='bbox 248 1698 323 1726; x_wconf 75' lang='lat' dir='ltr'><strong>enim</strong></span> <span class='ocrx_word' id='word_1_224' title='bbox 348 1697 412 1733; x_wconf 83' lang='lat' dir='ltr'><strong>capi</strong></span> <span class='ocrx_word' id='word_1_225' title='bbox 437 1697 657 1730; x_wconf 71' lang='lat' dir='ltr'><strong>emolumentum,</strong></span> <span class='ocrx_word' id='word_1_226' title='bbox 687 1699 712 1726; x_wconf 82' lang='lat' dir='ltr'><strong>si</strong></span> <span class='ocrx_word' id='word_1_227' title='bbox 740 1698 801 1733; x_wconf 77' lang='lat' dir='ltr'><strong>quis</strong></span> <span class='ocrx_word' id='word_1_228' title='bbox 831 1699 900 1725; x_wconf 78' lang='lat' dir='ltr'><strong>alios</strong></span> <span class='ocrx_word' id='word_1_229' title='bbox 928 1706 1038 1726; x_wconf 69' lang='lat' dir='ltr'><strong>seruarc</strong></span> 
     </span>
    </p>
   </div>
   <div class='ocr_carea' id='block_1_35' title="bbox 246 1733 1038 1797">
    <p class='ocr_par' dir='ltr' id='par_1_35' title="bbox 246 1733 1038 1797">
     <span class='ocr_line' id='line_1_35' title="bbox 246 1733 1038 1797; baseline -0.001 -35"><span class='ocrx_word' id='word_1_230' title='bbox 246 1733 365 1797; x_wconf 59' lang='lat' dir='ltr'><strong>stutdrat,</strong></span> <span class='ocrx_word' id='word_1_231' title='bbox 381 1736 406 1761; x_wconf 76' lang='lat' dir='ltr'><strong>et</strong></span> <span class='ocrx_word' id='word_1_232' title='bbox 419 1740 510 1769; x_wconf 80' lang='lat' dir='ltr'><strong>seper</strong></span> <span class='ocrx_word' id='word_1_233' title='bbox 534 1734 644 1762; x_wconf 79' lang='lat' dir='ltr'><strong>illorum</strong></span> <span class='ocrx_word' id='word_1_234' title='bbox 669 1735 869 1769; x_wconf 68' lang='grc' dir='ltr'><strong>ριἀιίὶιειιιτ-ατη</strong></span> <span class='ocrx_word' id='word_1_235' title='bbox 895 1733 1038 1769; x_wconf 68' lang='lat' dir='ltr'><strong>perditum</strong></span> 
     </span>
     <span class='ocr_line' id='line_1_36' title="bbox 249 1777 302 1797; baseline -0.019 0"><span class='ocrx_word' id='word_1_236' title='bbox 249 1777 281 1797; x_wconf 81' lang='lat' dir='ltr'><strong>ea</strong></span> <span class='ocrx_word' id='word_1_237' title='bbox 297 1791 302 1796; x_wconf 96' lang='lat'><strong>.</strong></span> 
     </span>
    </p>
   </div>
   <div class='ocr_carea' id='block_1_36' title="bbox 249 1777 302 1798">
    <p class='ocr_par' dir='ltr' id='par_1_36' title="bbox 249 1777 302 1798">
     <span class='ocr_line' id='line_1_37' title="bbox 249 1777 302 1798; baseline -0.038 0"><span class='ocrx_word' id='word_1_238' title='bbox 249 1777 302 1798; x_wconf 74' lang='grc' dir='ltr'><strong>ειη.</strong></span> 
     </span>
    </p>
   </div>
   <div class='ocr_carea' id='block_1_37' title="bbox 253 1838 1037 1876">
    <p class='ocr_par' dir='ltr' id='par_1_37' title="bbox 253 1838 1037 1876">
     <span class='ocr_line' id='line_1_38' title="bbox 253 1838 1037 1876; baseline -0.001 -7"><span class='ocrx_word' id='word_1_239' title='bbox 253 1838 317 1874; x_wconf 89' lang='lat' dir='ltr'><strong>Dic,</strong></span> <span class='ocrx_word' id='word_1_240' title='bbox 335 1838 461 1876; x_wconf 86' lang='lat' dir='ltr'><strong>Christe,</strong></span> <span class='ocrx_word' id='word_1_241' title='bbox 479 1847 564 1868; x_wconf 86' lang='lat' dir='ltr'><strong>servo</strong></span> <span class='ocrx_word' id='word_1_242' title='bbox 582 1843 644 1875; x_wconf 86' lang='lat' dir='ltr'><strong>tuo,</strong></span> <span class='ocrx_word' id='word_1_243' title='bbox 670 1838 718 1869; x_wconf 89' lang='lat' dir='ltr'><strong>dic</strong></span> <span class='ocrx_word' id='word_1_244' title='bbox 743 1839 841 1868; x_wconf 90' lang='lat' dir='ltr'><strong>lumen</strong></span> <span class='ocrx_word' id='word_1_245' title='bbox 859 1838 970 1874; x_wconf 78' lang='lat' dir='ltr'><strong>mundi,</strong></span> <span class='ocrx_word' id='word_1_246' title='bbox 989 1838 1037 1869; x_wconf 87' lang='lat' dir='ltr'><strong>dic</strong></span> 
     </span>
    </p>
   </div>
   <div class='ocr_carea' id='block_1_38' title="bbox 212 1882 1038 1923">
    <p class='ocr_par' dir='ltr' id='par_1_38' title="bbox 212 1882 1038 1923">
     <span class='ocr_line' id='line_1_39' title="bbox 212 1882 1038 1923; baseline 0 -10"><span class='ocrx_word' id='word_1_247' title='bbox 212 1883 338 1914; x_wconf 87' lang='lat' dir='ltr'><strong>scientia</strong></span> <span class='ocrx_word' id='word_1_248' title='bbox 353 1883 443 1913; x_wconf 89' lang='lat' dir='ltr'><strong>totius</strong></span> <span class='ocrx_word' id='word_1_249' title='bbox 459 1882 588 1922; x_wconf 79' lang='lat' dir='ltr'><strong>univeri,</strong></span> <span class='ocrx_word' id='word_1_250' title='bbox 601 1883 647 1913; x_wconf 91' lang='lat' dir='ltr'><strong>dic</strong></span> <span class='ocrx_word' id='word_1_251' title='bbox 662 1883 792 1913; x_wconf 85' lang='lat' dir='ltr'><strong>Verbum</strong></span> <span class='ocrx_word' id='word_1_252' title='bbox 807 1883 962 1922; x_wconf 74' lang='lat' dir='ltr'><strong>sapientia.</strong></span> <span class='ocrx_word' id='word_1_253' title='bbox 973 1893 1038 1923; x_wconf 68' lang='lat' dir='ltr'><strong>qua:</strong></span> 
     </span>
    </p>
   </div>
   <div class='ocr_carea' id='block_1_39' title="bbox 214 1927 1039 1967">
    <p class='ocr_par' dir='ltr' id='par_1_39' title="bbox 214 1927 1039 1967">
     <span class='ocr_line' id='line_1_40' title="bbox 214 1927 1039 1967; baseline -0.001 -9"><span class='ocrx_word' id='word_1_254' title='bbox 214 1927 314 1958; x_wconf 76' lang='lat' dir='ltr'><strong>omnia</strong></span> <span class='ocrx_word' id='word_1_255' title='bbox 324 1927 454 1967; x_wconf 81' lang='lat' dir='ltr'><strong>praescis,</strong></span> <span class='ocrx_word' id='word_1_256' title='bbox 465 1928 565 1957; x_wconf 88' lang='lat' dir='ltr'><strong>omnia</strong></span> <span class='ocrx_word' id='word_1_257' title='bbox 578 1927 728 1967; x_wconf 75' lang='lat' dir='ltr'><strong>przetiosti,</strong></span> <span class='ocrx_word' id='word_1_258' title='bbox 741 1927 861 1958; x_wconf 87' lang='lat' dir='ltr'><strong>etnobis</strong></span> <span class='ocrx_word' id='word_1_259' title='bbox 872 1928 1039 1959; x_wconf 87' lang='lat' dir='ltr'><strong>conducen-</strong></span> 
     </span>
    </p>
   </div>
   <div class='ocr_carea' id='block_1_40' title="bbox 214 1971 1039 2012">
    <p class='ocr_par' dir='ltr' id='par_1_40' title="bbox 214 1971 1039 2012">
     <span class='ocr_line' id='line_1_41' title="bbox 214 1971 1039 2012; baseline 0 -10"><span class='ocrx_word' id='word_1_260' title='bbox 214 1972 254 2002; x_wconf 86' lang='lat' dir='ltr'><strong>tia</strong></span> <span class='ocrx_word' id='word_1_261' title='bbox 269 1972 359 2002; x_wconf 86' lang='lat' dir='ltr'><strong>doces</strong></span> <span class='ocrx_word' id='word_1_262' title='bbox 372 1971 437 2002; x_wconf 87' lang='lat' dir='ltr'><strong>sine</strong></span> <span class='ocrx_word' id='word_1_263' title='bbox 454 1972 564 2003; x_wconf 81' lang='lat' dir='ltr'><strong>invidia</strong></span> <span class='ocrx_word' id='word_1_264' title='bbox 578 1983 585 2008; x_wconf 91' lang='lat'><strong>;</strong></span> <span class='ocrx_word' id='word_1_265' title='bbox 599 1972 647 2002; x_wconf 90' lang='lat' dir='ltr'><strong>dic</strong></span> <span class='ocrx_word' id='word_1_266' title='bbox 660 1977 689 2003; x_wconf 91' lang='lat' dir='ltr'><strong>et</strong></span> <span class='ocrx_word' id='word_1_267' title='bbox 704 1972 777 2002; x_wconf 85' lang='lat' dir='ltr'><strong>doce</strong></span> <span class='ocrx_word' id='word_1_268' title='bbox 791 1981 838 2003; x_wconf 89' lang='lat' dir='ltr'><strong>tne</strong></span> <span class='ocrx_word' id='word_1_269' title='bbox 851 1982 968 2012; x_wconf 87' lang='lat' dir='ltr'><strong>quoque</strong></span> <span class='ocrx_word' id='word_1_270' title='bbox 979 1973 1039 2002; x_wconf 82' lang='lat' dir='ltr'><strong>vias</strong></span> 
     </span>
    </p>
   </div>
   <div class='ocr_carea' id='block_1_41' title="bbox 212 2017 1036 2054">
    <p class='ocr_par' dir='ltr' id='par_1_41' title="bbox 212 2017 1036 2054">
     <span class='ocr_line' id='line_1_42' title="bbox 212 2017 1036 2054; baseline -0.001 -6"><span class='ocrx_word' id='word_1_271' title='bbox 212 2017 357 2048; x_wconf 65' lang='lat' dir='ltr'><strong>Salutares</strong></span> <span class='ocrx_word' id='word_1_272' title='bbox 367 2021 482 2048; x_wconf 86' lang='lat' dir='ltr'><strong>tuarum</strong></span> <span class='ocrx_word' id='word_1_273' title='bbox 496 2017 730 2054; x_wconf 86' lang='lat' dir='ltr'><strong>voluntatum,ac</strong></span> <span class='ocrx_word' id='word_1_274' title='bbox 739 2017 907 2048; x_wconf 90' lang='lat' dir='ltr'><strong>divinorum</strong></span> <span class='ocrx_word' id='word_1_275' title='bbox 921 2023 1036 2048; x_wconf 84' lang='lat' dir='ltr'><strong>luut‘utn</strong></span> 
     </span>
    </p>
   </div>
   <div class='ocr_carea' id='block_1_42' title="bbox 215 2061 1039 2102">
    <p class='ocr_par' dir='ltr' id='par_1_42' title="bbox 215 2061 1039 2102">
     <span class='ocr_line' id='line_1_43' title="bbox 215 2061 1039 2102; baseline 0 -10"><span class='ocrx_word' id='word_1_276' title='bbox 215 2062 434 2092; x_wconf 86' lang='lat' dir='ltr'><strong>mandatorum.</strong></span> <span class='ocrx_word' id='word_1_277' title='bbox 453 2061 516 2096; x_wconf 89' lang='lat' dir='ltr'><strong>Dic,</strong></span> <span class='ocrx_word' id='word_1_278' title='bbox 536 2066 565 2092; x_wconf 85' lang='lat' dir='ltr'><strong>et</strong></span> <span class='ocrx_word' id='word_1_279' title='bbox 580 2071 616 2093; x_wconf 86' lang='lat' dir='ltr'><strong>uc</strong></span> <span class='ocrx_word' id='word_1_280' title='bbox 632 2062 780 2102; x_wconf 87' lang='lat' dir='ltr'><strong>despicias</strong></span> <span class='ocrx_word' id='word_1_281' title='bbox 798 2072 856 2098; x_wconf 88' lang='lat' dir='ltr'><strong>me,</strong></span> <span class='ocrx_word' id='word_1_282' title='bbox 876 2072 947 2092; x_wconf 85' lang='lat' dir='ltr'><strong>neve</strong></span> <span class='ocrx_word' id='word_1_283' title='bbox 959 2061 1039 2092; x_wconf 80' lang='lat' dir='ltr'><strong>celes</strong></span> 
     </span>
    </p>
   </div>
   <div class='ocr_carea' id='block_1_43' title="bbox 212 2106 1038 2147">
    <p class='ocr_par' dir='ltr' id='par_1_43' title="bbox 212 2106 1038 2147">
     <span class='ocr_line' id='line_1_44' title="bbox 212 2106 1038 2147; baseline -0.001 -10"><span class='ocrx_word' id='word_1_284' title='bbox 212 2106 367 2146; x_wconf 82' lang='lat' dir='ltr'><strong>indiguum</strong></span> <span class='ocrx_word' id='word_1_285' title='bbox 384 2116 501 2137; x_wconf 87' lang='lat' dir='ltr'><strong>servum</strong></span> <span class='ocrx_word' id='word_1_286' title='bbox 519 2110 613 2144; x_wconf 89' lang='lat' dir='ltr'><strong>tuum,</strong></span> <span class='ocrx_word' id='word_1_287' title='bbox 629 2108 706 2138; x_wconf 83' lang='lat' dir='ltr'><strong>Deus</strong></span> <span class='ocrx_word' id='word_1_288' title='bbox 721 2116 804 2137; x_wconf 89' lang='lat' dir='ltr'><strong>meus</strong></span> <span class='ocrx_word' id='word_1_289' title='bbox 821 2107 1038 2147; x_wconf 88' lang='lat' dir='ltr'><strong>beneplacitum</strong></span> 
     </span>
    </p>
   </div>
   <div class='ocr_carea' id='block_1_44' title="bbox 1077 156 1904 192">
    <p class='ocr_par' dir='ltr' id='par_1_44' title="bbox 1077 156 1904 192">
     <span class='ocr_line' id='line_1_45' title="bbox 1077 156 1904 192; baseline -0.002 -1"><span class='ocrx_word' id='word_1_290' title='bbox 1077 158 1252 192; x_wconf 77' lang='lat' dir='ltr'><strong>JUNIORIS</strong></span> <span class='ocrx_word' id='word_1_291' title='bbox 1842 156 1904 190; x_wconf 86' lang='lat'><strong>576</strong></span> 
     </span>
    </p>
   </div>
   <div class='ocr_carea' id='block_1_45' title="bbox 1117 227 1902 268">
    <p class='ocr_par' dir='ltr' id='par_1_45' title="bbox 1117 227 1902 268">
     <span class='ocr_line' id='line_1_46' title="bbox 1117 227 1902 268; baseline 0 -11"><span class='ocrx_word' id='word_1_292' title='bbox 1117 227 1193 258; x_wconf 82' lang='lat' dir='ltr'><strong>Audi</strong></span> <span class='ocrx_word' id='word_1_293' title='bbox 1205 237 1270 268; x_wconf 70' lang='lat' dir='ltr'><strong>quae</strong></span> <span class='ocrx_word' id='word_1_294' title='bbox 1283 229 1496 268; x_wconf 89' lang='lat' dir='ltr'><strong>pcrcunctaris,</strong></span> <span class='ocrx_word' id='word_1_295' title='bbox 1512 229 1649 260; x_wconf 64' lang='lat' dir='ltr'><strong>etauditit</strong></span> <span class='ocrx_word' id='word_1_296' title='bbox 1663 228 1769 259; x_wconf 80' lang='lat' dir='ltr'><strong>litteris</strong></span> <span class='ocrx_word' id='word_1_297' title='bbox 1781 227 1902 258; x_wconf 87' lang='lat' dir='ltr'><strong>manda.</strong></span> 
     </span>
    </p>
   </div>
   <div class='ocr_carea' id='block_1_46' title="bbox 1077 272 1905 314">
    <p class='ocr_par' dir='ltr' id='par_1_46' title="bbox 1077 272 1905 314">
     <span class='ocr_line' id='line_1_47' title="bbox 1077 272 1905 314; baseline 0 -12"><span class='ocrx_word' id='word_1_298' title='bbox 1077 272 1140 311; x_wconf 77' lang='lat' dir='ltr'><strong>Ego</strong></span> <span class='ocrx_word' id='word_1_299' title='bbox 1158 273 1312 304; x_wconf 78' lang='lat' dir='ltr'><strong>Deusante</strong></span> <span class='ocrx_word' id='word_1_300' title='bbox 1320 283 1408 304; x_wconf 88' lang='lat' dir='ltr'><strong>omne</strong></span> <span class='ocrx_word' id='word_1_301' title='bbox 1418 274 1607 314; x_wconf 83' lang='lat' dir='ltr'><strong>principium,</strong></span> <span class='ocrx_word' id='word_1_302' title='bbox 1622 284 1675 311; x_wconf 81' lang='lat' dir='ltr'><strong>ego</strong></span> <span class='ocrx_word' id='word_1_303' title='bbox 1689 278 1790 304; x_wconf 89' lang='lat' dir='ltr'><strong>natura</strong></span> <span class='ocrx_word' id='word_1_304' title='bbox 1803 272 1905 303; x_wconf 88' lang='lat' dir='ltr'><strong>Domi-</strong></span> 
     </span>
    </p>
   </div>
   <div class='ocr_carea' id='block_1_47' title="bbox 1078 317 1906 357">
    <p class='ocr_par' dir='ltr' id='par_1_47' title="bbox 1078 317 1906 357">
     <span class='ocr_line' id='line_1_48' title="bbox 1078 317 1906 357; baseline -0.001 -10"><span class='ocrx_word' id='word_1_305' title='bbox 1078 326 1144 352; x_wconf 89' lang='lat' dir='ltr'><strong>nus,</strong></span> <span class='ocrx_word' id='word_1_306' title='bbox 1154 327 1330 356; x_wconf 83' lang='lat' dir='ltr'><strong>superorum</strong></span> <span class='ocrx_word' id='word_1_307' title='bbox 1338 318 1538 349; x_wconf 78' lang='lat' dir='ltr'><strong>etinl&#39;erot&#39;uut</strong></span> <span class='ocrx_word' id='word_1_308' title='bbox 1549 320 1701 357; x_wconf 79' lang='lat' dir='ltr'><strong>rex,cujus</strong></span> <span class='ocrx_word' id='word_1_309' title='bbox 1713 317 1906 348; x_wconf 85' lang='lat' dir='ltr'><strong>servioutnes</strong></span> 
     </span>
    </p>
   </div>
   <div class='ocr_carea' id='block_1_48' title="bbox 1079 361 1906 403">
    <p class='ocr_par' dir='ltr' id='par_1_48' title="bbox 1079 361 1906 403">
     <span class='ocr_line' id='line_1_49' title="bbox 1079 361 1906 403; baseline 0 -12"><span class='ocrx_word' id='word_1_310' title='bbox 1079 366 1251 399; x_wconf 88' lang='lat' dir='ltr'><strong>censentur,</strong></span> <span class='ocrx_word' id='word_1_311' title='bbox 1265 361 1352 392; x_wconf 89' lang='lat' dir='ltr'><strong>etiam</strong></span> <span class='ocrx_word' id='word_1_312' title='bbox 1369 364 1417 403; x_wconf 92' lang='lat' dir='ltr'><strong>qui</strong></span> <span class='ocrx_word' id='word_1_313' title='bbox 1435 363 1550 393; x_wconf 89' lang='lat' dir='ltr'><strong>nolunt.</strong></span> <span class='ocrx_word' id='word_1_314' title='bbox 1566 363 1626 402; x_wconf 84' lang='lat' dir='ltr'><strong>Ego</strong></span> <span class='ocrx_word' id='word_1_315' title='bbox 1643 363 1745 403; x_wconf 88' lang='lat' dir='ltr'><strong>utique</strong></span> <span class='ocrx_word' id='word_1_316' title='bbox 1761 361 1906 393; x_wconf 88' lang='lat' dir='ltr'><strong>Conditor</strong></span> 
     </span>
    </p>
   </div>
   <div class='ocr_carea' id='block_1_49' title="bbox 1079 405 1906 445">
    <p class='ocr_par' dir='ltr' id='par_1_49' title="bbox 1079 405 1906 445">
     <span class='ocr_line' id='line_1_50' title="bbox 1079 405 1906 445; baseline 0.001 -10"><span class='ocrx_word' id='word_1_317' title='bbox 1079 405 1340 445; x_wconf 65' lang='lat' dir='ltr'><strong>omninmJudex,</strong></span> <span class='ocrx_word' id='word_1_318' title='bbox 1351 407 1529 438; x_wconf 88' lang='lat' dir='ltr'><strong>etDominus</strong></span> <span class='ocrx_word' id='word_1_319' title='bbox 1545 412 1574 438; x_wconf 89' lang='lat' dir='ltr'><strong>et</strong></span> <span class='ocrx_word' id='word_1_320' title='bbox 1587 417 1664 438; x_wconf 92' lang='lat' dir='ltr'><strong>nunc</strong></span> <span class='ocrx_word' id='word_1_321' title='bbox 1676 417 1754 444; x_wconf 86' lang='lat' dir='ltr'><strong>sum,</strong></span> <span class='ocrx_word' id='word_1_322' title='bbox 1767 411 1796 437; x_wconf 88' lang='lat' dir='ltr'><strong>et</strong></span> <span class='ocrx_word' id='word_1_323' title='bbox 1806 407 1835 436; x_wconf 92' lang='lat' dir='ltr'><strong>in</strong></span> <span class='ocrx_word' id='word_1_324' title='bbox 1848 415 1906 436; x_wconf 69' lang='lat' dir='ltr'><strong>sae-</strong></span> 
     </span>
    </p>
   </div>
   <div class='ocr_carea' id='block_1_50' title="bbox 1080 451 1906 491">
    <p class='ocr_par' dir='ltr' id='par_1_50' title="bbox 1080 451 1906 491">
     <span class='ocr_line' id='line_1_51' title="bbox 1080 451 1906 491; baseline 0.001 -11"><span class='ocrx_word' id='word_1_325' title='bbox 1080 451 1146 481; x_wconf 88' lang='lat' dir='ltr'><strong>cuia</strong></span> <span class='ocrx_word' id='word_1_326' title='bbox 1153 451 1328 481; x_wconf 71' lang='lat' dir='ltr'><strong>sazculorum</strong></span> <span class='ocrx_word' id='word_1_327' title='bbox 1343 461 1404 482; x_wconf 90' lang='lat' dir='ltr'><strong>ero.</strong></span> <span class='ocrx_word' id='word_1_328' title='bbox 1419 454 1476 483; x_wconf 87' lang='lat' dir='ltr'><strong>Sed</strong></span> <span class='ocrx_word' id='word_1_329' title='bbox 1487 452 1639 484; x_wconf 87' lang='lat' dir='ltr'><strong>nolentem</strong></span> <span class='ocrx_word' id='word_1_330' title='bbox 1651 452 1763 482; x_wconf 93' lang='lat' dir='ltr'><strong>nullum</strong></span> <span class='ocrx_word' id='word_1_331' title='bbox 1773 460 1906 491; x_wconf 88' lang='lat' dir='ltr'><strong>unquam</strong></span> 
     </span>
    </p>
   </div>
   <div class='ocr_carea' id='block_1_51' title="bbox 1079 495 1907 536">
    <p class='ocr_par' dir='ltr' id='par_1_51' title="bbox 1079 495 1907 536">
     <span class='ocr_line' id='line_1_52' title="bbox 1079 495 1907 536; baseline 0.002 -12"><span class='ocrx_word' id='word_1_332' title='bbox 1079 504 1163 534; x_wconf 84' lang='lat' dir='ltr'><strong>cogo.</strong></span> <span class='ocrx_word' id='word_1_333' title='bbox 1179 495 1254 526; x_wconf 83' lang='lat' dir='ltr'><strong>Volo</strong></span> <span class='ocrx_word' id='word_1_334' title='bbox 1272 496 1349 526; x_wconf 78' lang='lat' dir='ltr'><strong>enim</strong></span> <span class='ocrx_word' id='word_1_335' title='bbox 1363 506 1413 527; x_wconf 91' lang='lat' dir='ltr'><strong>eos</strong></span> <span class='ocrx_word' id='word_1_336' title='bbox 1430 497 1478 536; x_wconf 88' lang='lat' dir='ltr'><strong>qui</strong></span> <span class='ocrx_word' id='word_1_337' title='bbox 1504 497 1575 527; x_wconf 88' lang='lat' dir='ltr'><strong>mihi</strong></span> <span class='ocrx_word' id='word_1_338' title='bbox 1607 497 1751 530; x_wconf 78' lang='lat' dir='ltr'><strong>serviunt,</strong></span> <span class='ocrx_word' id='word_1_339' title='bbox 1782 496 1907 526; x_wconf 88' lang='lat' dir='ltr'><strong>etdicto</strong></span> 
     </span>
    </p>
   </div>
   <div class='ocr_carea' id='block_1_52' title="bbox 1079 541 1905 580">
    <p class='ocr_par' dir='ltr' id='par_1_52' title="bbox 1079 541 1905 580">
     <span class='ocr_line' id='line_1_53' title="bbox 1079 541 1905 580; baseline 0.001 -9"><span class='ocrx_word' id='word_1_340' title='bbox 1079 541 1232 572; x_wconf 86' lang='lat' dir='ltr'><strong>audientes</strong></span> <span class='ocrx_word' id='word_1_341' title='bbox 1247 546 1326 578; x_wconf 87' lang='lat' dir='ltr'><strong>sunt,</strong></span> <span class='ocrx_word' id='word_1_342' title='bbox 1345 543 1456 573; x_wconf 86' lang='lat' dir='ltr'><strong>servire</strong></span> <span class='ocrx_word' id='word_1_343' title='bbox 1473 543 1578 580; x_wconf 87' lang='lat' dir='ltr'><strong>libere,</strong></span> <span class='ocrx_word' id='word_1_344' title='bbox 1609 553 1640 574; x_wconf 85' lang='lat' dir='ltr'><strong>ex</strong></span> <span class='ocrx_word' id='word_1_345' title='bbox 1659 543 1751 574; x_wconf 87' lang='lat' dir='ltr'><strong>animi</strong></span> <span class='ocrx_word' id='word_1_346' title='bbox 1767 542 1905 580; x_wconf 90' lang='lat' dir='ltr'><strong>arbitrio,</strong></span> 
     </span>
    </p>
   </div>
   <div class='ocr_carea' id='block_1_53' title="bbox 1066 587 1908 623">
    <p class='ocr_par' dir='ltr' id='par_1_53' title="bbox 1066 587 1908 623">
     <span class='ocr_line' id='line_1_54' title="bbox 1066 587 1908 623; baseline 0.002 -7"><span class='ocrx_word' id='word_1_347' title='bbox 1066 596 1146 617; x_wconf 70' lang='lat' dir='ltr'><strong>cum</strong></span> <span class='ocrx_word' id='word_1_348' title='bbox 1164 587 1270 617; x_wconf 85' lang='lat' dir='ltr'><strong>timore</strong></span> <span class='ocrx_word' id='word_1_349' title='bbox 1286 591 1314 617; x_wconf 89' lang='lat' dir='ltr'><strong>et</strong></span> <span class='ocrx_word' id='word_1_350' title='bbox 1330 588 1483 619; x_wconf 87' lang='lat' dir='ltr'><strong>cltaritate.</strong></span> <span class='ocrx_word' id='word_1_351' title='bbox 1500 588 1585 618; x_wconf 86' lang='lat' dir='ltr'><strong>Tales</strong></span> <span class='ocrx_word' id='word_1_352' title='bbox 1601 597 1700 618; x_wconf 86' lang='lat' dir='ltr'><strong>servos</strong></span> <span class='ocrx_word' id='word_1_353' title='bbox 1715 596 1810 623; x_wconf 86' lang='lat' dir='ltr'><strong>meos,</strong></span> <span class='ocrx_word' id='word_1_354' title='bbox 1830 587 1908 618; x_wconf 84' lang='lat' dir='ltr'><strong>tales</strong></span> 
     </span>
    </p>
   </div>
   <div class='ocr_carea' id='block_1_54' title="bbox 1079 631 1909 671">
    <p class='ocr_par' dir='ltr' id='par_1_54' title="bbox 1079 631 1909 671">
     <span class='ocr_line' id='line_1_55' title="bbox 1079 631 1909 671; baseline 0.001 -10"><span class='ocrx_word' id='word_1_355' title='bbox 1079 631 1129 671; x_wconf 89' lang='lat' dir='ltr'><strong>qui</strong></span> <span class='ocrx_word' id='word_1_356' title='bbox 1146 631 1222 671; x_wconf 88' lang='lat' dir='ltr'><strong>apud</strong></span> <span class='ocrx_word' id='word_1_357' title='bbox 1240 641 1287 662; x_wconf 92' lang='lat' dir='ltr'><strong>me</strong></span> <span class='ocrx_word' id='word_1_358' title='bbox 1303 636 1429 670; x_wconf 90' lang='lat' dir='ltr'><strong>tnerent,</strong></span> <span class='ocrx_word' id='word_1_359' title='bbox 1449 634 1520 663; x_wconf 79' lang='lat' dir='ltr'><strong>tales</strong></span> <span class='ocrx_word' id='word_1_360' title='bbox 1537 633 1649 663; x_wconf 88' lang='lat' dir='ltr'><strong>amicos</strong></span> <span class='ocrx_word' id='word_1_361' title='bbox 1672 641 1754 663; x_wconf 89' lang='lat' dir='ltr'><strong>meos</strong></span> <span class='ocrx_word' id='word_1_362' title='bbox 1770 641 1836 662; x_wconf 88' lang='lat' dir='ltr'><strong>esse</strong></span> <span class='ocrx_word' id='word_1_363' title='bbox 1851 631 1909 662; x_wconf 90' lang='lat' dir='ltr'><strong>de-</strong></span> 
     </span>
    </p>
   </div>
   <div class='ocr_carea' id='block_1_55' title="bbox 1079 675 1910 716">
    <p class='ocr_par' dir='ltr' id='par_1_55' title="bbox 1079 675 1910 716">
     <span class='ocr_line' id='line_1_56' title="bbox 1079 675 1910 716; baseline 0 -10"><span class='ocrx_word' id='word_1_364' title='bbox 1079 675 1189 706; x_wconf 88' lang='lat' dir='ltr'><strong>sidero.</strong></span> <span class='ocrx_word' id='word_1_365' title='bbox 1211 676 1295 707; x_wconf 84' lang='lat' dir='ltr'><strong>Alios</strong></span> <span class='ocrx_word' id='word_1_366' title='bbox 1313 677 1446 707; x_wconf 88' lang='lat' dir='ltr'><strong>nondum</strong></span> <span class='ocrx_word' id='word_1_367' title='bbox 1463 678 1600 716; x_wconf 83' lang='lat' dir='ltr'><strong>cognovi,</strong></span> <span class='ocrx_word' id='word_1_368' title='bbox 1617 687 1672 708; x_wconf 87' lang='lat' dir='ltr'><strong>nec</strong></span> <span class='ocrx_word' id='word_1_369' title='bbox 1688 677 1723 708; x_wconf 88' lang='lat' dir='ltr'><strong>ab</strong></span> <span class='ocrx_word' id='word_1_370' title='bbox 1739 676 1848 707; x_wconf 87' lang='lat' dir='ltr'><strong>iisdem</strong></span> <span class='ocrx_word' id='word_1_371' title='bbox 1860 686 1910 706; x_wconf 90' lang='lat' dir='ltr'><strong>co-</strong></span> 
     </span>
    </p>
   </div>
   <div class='ocr_carea' id='block_1_56' title="bbox 1079 720 1908 761">
    <p class='ocr_par' dir='ltr' id='par_1_56' title="bbox 1079 720 1908 761">
     <span class='ocr_line' id='line_1_57' title="bbox 1079 720 1908 761; baseline 0.001 -11"><span class='ocrx_word' id='word_1_372' title='bbox 1079 720 1177 760; x_wconf 87' lang='lat' dir='ltr'><strong>gnitus</strong></span> <span class='ocrx_word' id='word_1_373' title='bbox 1191 730 1268 750; x_wconf 90' lang='lat' dir='ltr'><strong>sum.</strong></span> <span class='ocrx_word' id='word_1_374' title='bbox 1282 720 1428 756; x_wconf 85' lang='lat' dir='ltr'><strong>Quocirca</strong></span> <span class='ocrx_word' id='word_1_375' title='bbox 1440 721 1546 752; x_wconf 90' lang='lat' dir='ltr'><strong>durum</strong></span> <span class='ocrx_word' id='word_1_376' title='bbox 1562 731 1619 758; x_wconf 88' lang='lat' dir='ltr'><strong>me,</strong></span> <span class='ocrx_word' id='word_1_377' title='bbox 1638 726 1665 752; x_wconf 88' lang='lat' dir='ltr'><strong>et</strong></span> <span class='ocrx_word' id='word_1_378' title='bbox 1681 721 1730 761; x_wconf 90' lang='lat' dir='ltr'><strong>qui</strong></span> <span class='ocrx_word' id='word_1_379' title='bbox 1747 722 1908 751; x_wconf 86' lang='lat' dir='ltr'><strong>commise-</strong></span> 
     </span>
    </p>
   </div>
   <div class='ocr_carea' id='block_1_57' title="bbox 1079 764 1907 806">
    <p class='ocr_par' dir='ltr' id='par_1_57' title="bbox 1079 764 1907 806">
     <span class='ocr_line' id='line_1_58' title="bbox 1079 764 1907 806; baseline 0 -12"><span class='ocrx_word' id='word_1_380' title='bbox 1079 764 1193 795; x_wconf 87' lang='lat' dir='ltr'><strong>ratione</strong></span> <span class='ocrx_word' id='word_1_381' title='bbox 1209 774 1266 794; x_wconf 88' lang='lat' dir='ltr'><strong>non</strong></span> <span class='ocrx_word' id='word_1_382' title='bbox 1284 769 1395 803; x_wconf 78' lang='lat' dir='ltr'><strong>tangar,</strong></span> <span class='ocrx_word' id='word_1_383' title='bbox 1414 770 1442 796; x_wconf 89' lang='lat' dir='ltr'><strong>et</strong></span> <span class='ocrx_word' id='word_1_384' title='bbox 1457 766 1591 806; x_wconf 89' lang='lat' dir='ltr'><strong>iniquum</strong></span> <span class='ocrx_word' id='word_1_385' title='bbox 1609 764 1907 805; x_wconf 82' lang='lat' dir='ltr'><strong>ipsifiliiiniquitatis</strong></span> 
     </span>
    </p>
   </div>
   <div class='ocr_carea' id='block_1_58' title="bbox 1079 809 1909 850">
    <p class='ocr_par' dir='ltr' id='par_1_58' title="bbox 1079 809 1909 850">
     <span class='ocr_line' id='line_1_59' title="bbox 1079 809 1909 850; baseline -0.001 -10"><span class='ocrx_word' id='word_1_386' title='bbox 1079 809 1233 850; x_wconf 81' lang='lat' dir='ltr'><strong>appellunt</strong></span> <span class='ocrx_word' id='word_1_387' title='bbox 1262 809 1351 849; x_wconf 74' lang='lat' dir='ltr'><strong>igitur</strong></span> <span class='ocrx_word' id='word_1_388' title='bbox 1377 819 1423 841; x_wconf 90' lang='lat' dir='ltr'><strong>me</strong></span> <span class='ocrx_word' id='word_1_389' title='bbox 1448 810 1665 841; x_wconf 82' lang='lat' dir='ltr'><strong>contumeliose.</strong></span> <span class='ocrx_word' id='word_1_390' title='bbox 1692 814 1827 846; x_wconf 84' lang='lat' dir='ltr'><strong>tractant,</strong></span> <span class='ocrx_word' id='word_1_391' title='bbox 1857 809 1909 849; x_wconf 89' lang='lat' dir='ltr'><strong>qui</strong></span> 
     </span>
    </p>
   </div>
   <div class='ocr_carea' id='block_1_59' title="bbox 1079 854 1905 894">
    <p class='ocr_par' dir='ltr' id='par_1_59' title="bbox 1079 854 1905 894">
     <span class='ocr_line' id='line_1_60' title="bbox 1079 854 1905 894; baseline 0 -10"><span class='ocrx_word' id='word_1_392' title='bbox 1079 854 1290 884; x_wconf 87' lang='lat' dir='ltr'><strong>cottviciatnilii</strong></span> <span class='ocrx_word' id='word_1_393' title='bbox 1300 855 1413 890; x_wconf 78' lang='lat' dir='ltr'><strong>dicunt,</strong></span> <span class='ocrx_word' id='word_1_394' title='bbox 1427 855 1531 894; x_wconf 89' lang='lat' dir='ltr'><strong>quime</strong></span> <span class='ocrx_word' id='word_1_395' title='bbox 1546 855 1662 894; x_wconf 85' lang='lat' dir='ltr'><strong>probris</strong></span> <span class='ocrx_word' id='word_1_396' title='bbox 1675 858 1812 893; x_wconf 84' lang='lat' dir='ltr'><strong>onerant,</strong></span> <span class='ocrx_word' id='word_1_397' title='bbox 1827 864 1905 894; x_wconf 92' lang='lat' dir='ltr'><strong>quo-</strong></span> 
     </span>
    </p>
   </div>
   <div class='ocr_carea' id='block_1_60' title="bbox 1078 898 1905 939">
    <p class='ocr_par' dir='ltr' id='par_1_60' title="bbox 1078 898 1905 939">
     <span class='ocr_line' id='line_1_61' title="bbox 1078 898 1905 939; baseline 0 -11"><span class='ocrx_word' id='word_1_398' title='bbox 1078 899 1164 929; x_wconf 91' lang='lat' dir='ltr'><strong>tnodo</strong></span> <span class='ocrx_word' id='word_1_399' title='bbox 1179 899 1231 929; x_wconf 89' lang='lat' dir='ltr'><strong>tibi</strong></span> <span class='ocrx_word' id='word_1_400' title='bbox 1244 909 1276 929; x_wconf 88' lang='lat' dir='ltr'><strong>se</strong></span> <span class='ocrx_word' id='word_1_401' title='bbox 1286 899 1456 938; x_wconf 82' lang='lat' dir='ltr'><strong>subjiciam,</strong></span> <span class='ocrx_word' id='word_1_402' title='bbox 1467 904 1516 929; x_wconf 89' lang='lat' dir='ltr'><strong>aut</strong></span> <span class='ocrx_word' id='word_1_403' title='bbox 1530 899 1677 939; x_wconf 90' lang='lat' dir='ltr'><strong>quomodo</strong></span> <span class='ocrx_word' id='word_1_404' title='bbox 1691 904 1718 929; x_wconf 90' lang='lat' dir='ltr'><strong>te</strong></span> <span class='ocrx_word' id='word_1_405' title='bbox 1731 898 1905 938; x_wconf 81' lang='lat' dir='ltr'><strong>magistrum</strong></span> 
     </span>
    </p>
   </div>
   <div class='ocr_carea' id='block_1_61' title="bbox 1077 942 1907 983">
    <p class='ocr_par' dir='ltr' id='par_1_61' title="bbox 1077 942 1907 983">
     <span class='ocr_line' id='line_1_62' title="bbox 1077 942 1907 983; baseline 0 -10"><span class='ocrx_word' id='word_1_406' title='bbox 1077 943 1408 983; x_wconf 81' lang='lat' dir='ltr'><strong>adtnittaut‘?quoniodt-</strong></span> <span class='ocrx_word' id='word_1_407' title='bbox 1424 944 1484 983; x_wconf 88' lang='lat' dir='ltr'><strong>lupi</strong></span> <span class='ocrx_word' id='word_1_408' title='bbox 1498 949 1525 974; x_wconf 88' lang='lat' dir='ltr'><strong>te</strong></span> <span class='ocrx_word' id='word_1_409' title='bbox 1537 949 1684 983; x_wconf 87' lang='lat' dir='ltr'><strong>pastorem</strong></span> <span class='ocrx_word' id='word_1_410' title='bbox 1699 943 1880 983; x_wconf 87' lang='lat' dir='ltr'><strong>reputabunt</strong></span> <span class='ocrx_word' id='word_1_411' title='bbox 1891 942 1907 973; x_wconf 69' lang='grc' dir='ltr'><strong>ἵ)</strong></span> 
     </span>
    </p>
   </div>
   <div class='ocr_carea' id='block_1_62' title="bbox 1077 987 1907 1028">
    <p class='ocr_par' dir='ltr' id='par_1_62' title="bbox 1077 987 1907 1028">
     <span class='ocr_line' id='line_1_63' title="bbox 1077 987 1907 1028; baseline -0.002 -10"><span class='ocrx_word' id='word_1_412' title='bbox 1077 988 1284 1027; x_wconf 85' lang='lat' dir='ltr'><strong>autquomodo</strong></span> <span class='ocrx_word' id='word_1_413' title='bbox 1297 997 1398 1018; x_wconf 87' lang='lat' dir='ltr'><strong>vocetn</strong></span> <span class='ocrx_word' id='word_1_414' title='bbox 1408 992 1484 1018; x_wconf 90' lang='lat' dir='ltr'><strong>tuatn</strong></span> <span class='ocrx_word' id='word_1_415' title='bbox 1495 991 1667 1028; x_wconf 88' lang='lat' dir='ltr'><strong>sequentur,</strong></span> <span class='ocrx_word' id='word_1_416' title='bbox 1682 997 1748 1017; x_wconf 91' lang='lat' dir='ltr'><strong>cum</strong></span> <span class='ocrx_word' id='word_1_417' title='bbox 1759 987 1819 1017; x_wconf 92' lang='lat' dir='ltr'><strong>sint</strong></span> <span class='ocrx_word' id='word_1_418' title='bbox 1834 987 1907 1016; x_wconf 65' lang='lat' dir='ltr'><strong>ferae</strong></span> 
     </span>
    </p>
   </div>
   <div class='ocr_carea' id='block_1_63' title="bbox 1079 1032 1907 1072">
    <p class='ocr_par' dir='ltr' id='par_1_63' title="bbox 1079 1032 1907 1072">
     <span class='ocr_line' id='line_1_64' title="bbox 1079 1032 1907 1072; baseline -0.001 -10"><span class='ocrx_word' id='word_1_419' title='bbox 1079 1032 1371 1071; x_wconf 65' lang='lat' dir='ltr'><strong>bellumﬂﬂgredere,</strong></span> <span class='ocrx_word' id='word_1_420' title='bbox 1387 1032 1453 1072; x_wconf 81' lang='lat' dir='ltr'><strong>fuge</strong></span> <span class='ocrx_word' id='word_1_421' title='bbox 1470 1033 1620 1063; x_wconf 86' lang='lat' dir='ltr'><strong>etsubduc</strong></span> <span class='ocrx_word' id='word_1_422' title='bbox 1631 1037 1658 1062; x_wconf 89' lang='lat' dir='ltr'><strong>te</strong></span> <span class='ocrx_word' id='word_1_423' title='bbox 1668 1041 1701 1062; x_wconf 83' lang='lat' dir='ltr'><strong>e.\</strong></span> <span class='ocrx_word' id='word_1_424' title='bbox 1714 1032 1820 1062; x_wconf 87' lang='lat' dir='ltr'><strong>horum</strong></span> <span class='ocrx_word' id='word_1_425' title='bbox 1838 1040 1907 1061; x_wconf 61' lang='lat' dir='ltr'><strong>mea</strong></span> 
     </span>
    </p>
   </div>
   <div class='ocr_carea' id='block_1_64' title="bbox 1080 1075 1908 1117">
    <p class='ocr_par' dir='ltr' id='par_1_64' title="bbox 1080 1075 1908 1117">
     <span class='ocr_line' id='line_1_65' title="bbox 1080 1075 1908 1117; baseline -0.002 -10"><span class='ocrx_word' id='word_1_426' title='bbox 1080 1077 1140 1107; x_wconf 90' lang='lat' dir='ltr'><strong>dio.</strong></span> <span class='ocrx_word' id='word_1_427' title='bbox 1158 1077 1234 1107; x_wconf 85' lang='lat' dir='ltr'><strong>Satis</strong></span> <span class='ocrx_word' id='word_1_428' title='bbox 1251 1081 1312 1107; x_wconf 86' lang='lat' dir='ltr'><strong>esto</strong></span> <span class='ocrx_word' id='word_1_429' title='bbox 1344 1077 1409 1113; x_wconf 90' lang='lat' dir='ltr'><strong>tibi,</strong></span> <span class='ocrx_word' id='word_1_430' title='bbox 1431 1077 1455 1107; x_wconf 89' lang='lat' dir='ltr'><strong>si</strong></span> <span class='ocrx_word' id='word_1_431' title='bbox 1485 1077 1612 1117; x_wconf 89' lang='lat' dir='ltr'><strong>teipsum</strong></span> <span class='ocrx_word' id='word_1_432' title='bbox 1640 1086 1751 1107; x_wconf 83' lang='lat' dir='ltr'><strong>serves.</strong></span> <span class='ocrx_word' id='word_1_433' title='bbox 1780 1075 1864 1111; x_wconf 88' lang='lat' dir='ltr'><strong>Quod</strong></span> <span class='ocrx_word' id='word_1_434' title='bbox 1883 1075 1908 1105; x_wconf 92' lang='lat' dir='ltr'><strong>si</strong></span> 
     </span>
    </p>
   </div>
   <div class='ocr_carea' id='block_1_65' title="bbox 1080 1122 1910 1162">
    <p class='ocr_par' dir='ltr' id='par_1_65' title="bbox 1080 1122 1910 1162">
     <span class='ocr_line' id='line_1_66' title="bbox 1080 1122 1910 1162; baseline -0.002 -10"><span class='ocrx_word' id='word_1_435' title='bbox 1080 1122 1223 1152; x_wconf 88' lang='lat' dir='ltr'><strong>tuttndum</strong></span> <span class='ocrx_word' id='word_1_436' title='bbox 1241 1131 1353 1158; x_wconf 82' lang='lat' dir='ltr'><strong>serves,</strong></span> <span class='ocrx_word' id='word_1_437' title='bbox 1366 1125 1392 1151; x_wconf 91' lang='lat' dir='ltr'><strong>te</strong></span> <span class='ocrx_word' id='word_1_438' title='bbox 1403 1131 1470 1152; x_wconf 84' lang='lat' dir='ltr'><strong>vero</strong></span> <span class='ocrx_word' id='word_1_439' title='bbox 1481 1122 1599 1162; x_wconf 81' lang='lat' dir='ltr'><strong>perdes,</strong></span> <span class='ocrx_word' id='word_1_440' title='bbox 1611 1122 1663 1161; x_wconf 62' lang='lat' dir='ltr'><strong>qui</strong></span> <span class='ocrx_word' id='word_1_441' title='bbox 1673 1122 1804 1151; x_wconf 54' lang='lat' dir='ltr'><strong>mundus</strong></span> <span class='ocrx_word' id='word_1_442' title='bbox 1815 1129 1910 1160; x_wconf 84' lang='lat' dir='ltr'><strong>opera</strong></span> 
     </span>
    </p>
   </div>
   <div class='ocr_carea' id='block_1_66' title="bbox 1081 1166 1908 1206">
    <p class='ocr_par' dir='ltr' id='par_1_66' title="bbox 1081 1166 1908 1206">
     <span class='ocr_line' id='line_1_67' title="bbox 1081 1166 1908 1206; baseline -0.002 -10"><span class='ocrx_word' id='word_1_443' title='bbox 1081 1171 1130 1197; x_wconf 87' lang='lat' dir='ltr'><strong>ttta</strong></span> <span class='ocrx_word' id='word_1_444' title='bbox 1141 1171 1272 1197; x_wconf 83' lang='lat' dir='ltr'><strong>servatus</strong></span> <span class='ocrx_word' id='word_1_445' title='bbox 1282 1166 1333 1196; x_wconf 90' lang='lat' dir='ltr'><strong>tibi</strong></span> <span class='ocrx_word' id='word_1_446' title='bbox 1346 1166 1478 1206; x_wconf 88' lang='lat' dir='ltr'><strong>proderit</strong></span> <span class='ocrx_word' id='word_1_447' title='bbox 1488 1167 1503 1196; x_wconf 70' lang='grc' dir='ltr'><strong>ἱ)</strong></span> <span class='ocrx_word' id='word_1_448' title='bbox 1514 1166 1588 1197; x_wconf 73' lang='lat' dir='ltr'><strong>Nolo</strong></span> <span class='ocrx_word' id='word_1_449' title='bbox 1615 1171 1642 1196; x_wconf 90' lang='lat' dir='ltr'><strong>te</strong></span> <span class='ocrx_word' id='word_1_450' title='bbox 1654 1174 1832 1206; x_wconf 86' lang='lat' dir='ltr'><strong>quemquam</strong></span> <span class='ocrx_word' id='word_1_451' title='bbox 1848 1174 1908 1194; x_wconf 85' lang='lat' dir='ltr'><strong>no-</strong></span> 
     </span>
    </p>
   </div>
   <div class='ocr_carea' id='block_1_67' title="bbox 1083 1209 1908 1250">
    <p class='ocr_par' dir='ltr' id='par_1_67' title="bbox 1083 1209 1908 1250">
     <span class='ocr_line' id='line_1_68' title="bbox 1083 1209 1908 1250; baseline -0.002 -9"><span class='ocrx_word' id='word_1_452' title='bbox 1083 1211 1192 1242; x_wconf 89' lang='lat' dir='ltr'><strong>lenletu</strong></span> <span class='ocrx_word' id='word_1_453' title='bbox 1209 1220 1313 1250; x_wconf 81' lang='lat' dir='ltr'><strong>regere</strong></span> <span class='ocrx_word' id='word_1_454' title='bbox 1330 1221 1337 1240; x_wconf 89' lang='lat'><strong>:</strong></span> <span class='ocrx_word' id='word_1_455' title='bbox 1355 1210 1432 1250; x_wconf 92' lang='lat' dir='ltr'><strong>quod</strong></span> <span class='ocrx_word' id='word_1_456' title='bbox 1449 1211 1545 1250; x_wconf 89' lang='lat' dir='ltr'><strong>ipsutn</strong></span> <span class='ocrx_word' id='word_1_457' title='bbox 1563 1219 1611 1240; x_wconf 89' lang='lat' dir='ltr'><strong>me</strong></span> <span class='ocrx_word' id='word_1_458' title='bbox 1627 1210 1656 1240; x_wconf 87' lang='lat' dir='ltr'><strong>in</strong></span> <span class='ocrx_word' id='word_1_459' title='bbox 1674 1210 1785 1240; x_wconf 92' lang='lat' dir='ltr'><strong>mundo</strong></span> <span class='ocrx_word' id='word_1_460' title='bbox 1800 1209 1908 1240; x_wconf 83' lang='lat' dir='ltr'><strong>fecisse</strong></span> 
     </span>
    </p>
   </div>
   <div class='ocr_carea' id='block_1_68' title="bbox 1083 1254 1907 1294">
    <p class='ocr_par' dir='ltr' id='par_1_68' title="bbox 1083 1254 1907 1294">
     <span class='ocr_line' id='line_1_69' title="bbox 1083 1254 1907 1294; baseline -0.002 -9"><span class='ocrx_word' id='word_1_461' title='bbox 1083 1256 1182 1287; x_wconf 75' lang='lat' dir='ltr'><strong>videas</strong></span> <span class='ocrx_word' id='word_1_462' title='bbox 1199 1256 1278 1286; x_wconf 77' lang='lat' dir='ltr'><strong>licet.</strong></span> <span class='ocrx_word' id='word_1_463' title='bbox 1297 1255 1465 1286; x_wconf 80' lang='lat' dir='ltr'><strong>Volentiutn</strong></span> <span class='ocrx_word' id='word_1_464' title='bbox 1496 1264 1550 1294; x_wconf 78' lang='lat' dir='ltr'><strong>ego</strong></span> <span class='ocrx_word' id='word_1_465' title='bbox 1577 1260 1676 1285; x_wconf 86' lang='lat' dir='ltr'><strong>rector</strong></span> <span class='ocrx_word' id='word_1_466' title='bbox 1691 1264 1725 1285; x_wconf 86' lang='lat' dir='ltr'><strong>ac</strong></span> <span class='ocrx_word' id='word_1_467' title='bbox 1739 1254 1907 1289; x_wconf 79' lang='lat' dir='ltr'><strong>Dominus;</strong></span> 
     </span>
    </p>
   </div>
   <div class='ocr_carea' id='block_1_69' title="bbox 1081 1299 1908 1340">
    <p class='ocr_par' dir='ltr' id='par_1_69' title="bbox 1081 1299 1908 1340">
     <span class='ocr_line' id='line_1_70' title="bbox 1081 1299 1908 1340; baseline -0.004 -9"><span class='ocrx_word' id='word_1_468' title='bbox 1081 1305 1254 1331; x_wconf 62' lang='lat' dir='ltr'><strong>cecterorum</strong></span> <span class='ocrx_word' id='word_1_469' title='bbox 1265 1305 1382 1330; x_wconf 78' lang='lat' dir='ltr'><strong>creator</strong></span> <span class='ocrx_word' id='word_1_470' title='bbox 1393 1300 1525 1340; x_wconf 87' lang='lat' dir='ltr'><strong>quidem,</strong></span> <span class='ocrx_word' id='word_1_471' title='bbox 1539 1304 1679 1330; x_wconf 86' lang='lat' dir='ltr'><strong>etnatura</strong></span> <span class='ocrx_word' id='word_1_472' title='bbox 1687 1299 1908 1338; x_wconf 85' lang='lat' dir='ltr'><strong>D0miaus,non</strong></span> 
     </span>
    </p>
   </div>
   <div class='ocr_carea' id='block_1_70' title="bbox 1079 1344 1906 1384">
    <p class='ocr_par' dir='ltr' id='par_1_70' title="bbox 1079 1344 1906 1384">
     <span class='ocr_line' id='line_1_71' title="bbox 1079 1344 1906 1384; baseline -0.004 -9"><span class='ocrx_word' id='word_1_473' title='bbox 1079 1350 1176 1375; x_wconf 87' lang='lat' dir='ltr'><strong>autem</strong></span> <span class='ocrx_word' id='word_1_474' title='bbox 1195 1345 1255 1375; x_wconf 90' lang='lat' dir='ltr'><strong>ullo</strong></span> <span class='ocrx_word' id='word_1_475' title='bbox 1272 1345 1358 1374; x_wconf 91' lang='lat' dir='ltr'><strong>modo</strong></span> <span class='ocrx_word' id='word_1_476' title='bbox 1373 1353 1435 1382; x_wconf 74' lang='lat' dir='ltr'><strong>rex,</strong></span> <span class='ocrx_word' id='word_1_477' title='bbox 1453 1354 1550 1384; x_wconf 75' lang='lat' dir='ltr'><strong>neque</strong></span> <span class='ocrx_word' id='word_1_478' title='bbox 1565 1344 1635 1379; x_wconf 79' lang='lat' dir='ltr'><strong>dux.</strong></span> <span class='ocrx_word' id='word_1_479' title='bbox 1653 1353 1686 1374; x_wconf 87' lang='lat' dir='ltr'><strong>ac</strong></span> <span class='ocrx_word' id='word_1_480' title='bbox 1703 1353 1812 1384; x_wconf 65' lang='lat' dir='ltr'><strong>praeses</strong></span> <span class='ocrx_word' id='word_1_481' title='bbox 1826 1352 1906 1374; x_wconf 89' lang='lat' dir='ltr'><strong>sum.</strong></span> 
     </span>
    </p>
   </div>
   <div class='ocr_carea' id='block_1_71' title="bbox 1078 1390 1905 1430">
    <p class='ocr_par' dir='ltr' id='par_1_71' title="bbox 1078 1390 1905 1430">
     <span class='ocr_line' id='line_1_72' title="bbox 1078 1390 1905 1430; baseline -0.002 -10"><span class='ocrx_word' id='word_1_482' title='bbox 1078 1390 1128 1430; x_wconf 88' lang='lat' dir='ltr'><strong>qui</strong></span> <span class='ocrx_word' id='word_1_483' title='bbox 1145 1399 1205 1420; x_wconf 90' lang='lat' dir='ltr'><strong>non</strong></span> <span class='ocrx_word' id='word_1_484' title='bbox 1222 1390 1327 1419; x_wconf 90' lang='lat' dir='ltr'><strong>tollunt</strong></span> <span class='ocrx_word' id='word_1_485' title='bbox 1338 1398 1456 1419; x_wconf 82' lang='lat' dir='ltr'><strong>crucem</strong></span> <span class='ocrx_word' id='word_1_486' title='bbox 1470 1398 1566 1425; x_wconf 86' lang='lat' dir='ltr'><strong>suam,</strong></span> <span class='ocrx_word' id='word_1_487' title='bbox 1581 1398 1636 1418; x_wconf 86' lang='lat' dir='ltr'><strong>nec</strong></span> <span class='ocrx_word' id='word_1_488' title='bbox 1655 1398 1701 1419; x_wconf 88' lang='lat' dir='ltr'><strong>me</strong></span> <span class='ocrx_word' id='word_1_489' title='bbox 1715 1392 1905 1428; x_wconf 87' lang='lat' dir='ltr'><strong>sequuntur:</strong></span> 
     </span>
    </p>
   </div>
   <div class='ocr_carea' id='block_1_72' title="bbox 1077 1432 1908 1472">
    <p class='ocr_par' dir='ltr' id='par_1_72' title="bbox 1077 1432 1908 1472">
     <span class='ocr_line' id='line_1_73' title="bbox 1077 1432 1908 1472; baseline -0.002 -8"><span class='ocrx_word' id='word_1_490' title='bbox 1077 1434 1188 1464; x_wconf 87' lang='lat' dir='ltr'><strong>diaboli</strong></span> <span class='ocrx_word' id='word_1_491' title='bbox 1204 1434 1283 1464; x_wconf 90' lang='lat' dir='ltr'><strong>enim</strong></span> <span class='ocrx_word' id='word_1_492' title='bbox 1301 1434 1365 1470; x_wconf 78' lang='lat' dir='ltr'><strong>ﬁlii,</strong></span> <span class='ocrx_word' id='word_1_493' title='bbox 1383 1438 1412 1463; x_wconf 92' lang='lat' dir='ltr'><strong>et</strong></span> <span class='ocrx_word' id='word_1_494' title='bbox 1436 1442 1504 1463; x_wconf 86' lang='lat' dir='ltr'><strong>vasa</strong></span> <span class='ocrx_word' id='word_1_495' title='bbox 1521 1438 1600 1464; x_wconf 90' lang='lat' dir='ltr'><strong>suttt.</strong></span> <span class='ocrx_word' id='word_1_496' title='bbox 1630 1433 1705 1463; x_wconf 83' lang='lat' dir='ltr'><strong>Vide</strong></span> <span class='ocrx_word' id='word_1_497' title='bbox 1733 1432 1908 1472; x_wconf 76' lang='lat' dir='ltr'><strong>mysterium</strong></span> 
     </span>
    </p>
   </div>
   <div class='ocr_carea' id='block_1_73' title="bbox 1078 1477 1908 1517">
    <p class='ocr_par' dir='ltr' id='par_1_73' title="bbox 1078 1477 1908 1517">
     <span class='ocr_line' id='line_1_74' title="bbox 1078 1477 1908 1517; baseline -0.001 -9"><span class='ocrx_word' id='word_1_498' title='bbox 1078 1478 1233 1517; x_wconf 87' lang='lat' dir='ltr'><strong>horribile,</strong></span> <span class='ocrx_word' id='word_1_499' title='bbox 1251 1477 1317 1508; x_wconf 86' lang='lat' dir='ltr'><strong>vide</strong></span> <span class='ocrx_word' id='word_1_500' title='bbox 1333 1477 1538 1514; x_wconf 88' lang='lat' dir='ltr'><strong>stoliditatem,</strong></span> <span class='ocrx_word' id='word_1_501' title='bbox 1570 1481 1599 1508; x_wconf 88' lang='lat' dir='ltr'><strong>et</strong></span> <span class='ocrx_word' id='word_1_502' title='bbox 1612 1487 1663 1507; x_wconf 75' lang='lat' dir='ltr'><strong>eos</strong></span> <span class='ocrx_word' id='word_1_503' title='bbox 1680 1477 1817 1508; x_wconf 87' lang='lat' dir='ltr'><strong>lamentis</strong></span> <span class='ocrx_word' id='word_1_504' title='bbox 1834 1486 1908 1517; x_wconf 90' lang='lat' dir='ltr'><strong>pro-</strong></span> 
     </span>
    </p>
   </div>
   <div class='ocr_carea' id='block_1_74' title="bbox 1077 1521 1910 1563">
    <p class='ocr_par' dir='ltr' id='par_1_74' title="bbox 1077 1521 1910 1563">
     <span class='ocr_line' id='line_1_75' title="bbox 1077 1521 1910 1563; baseline -0.001 -10"><span class='ocrx_word' id='word_1_505' title='bbox 1077 1531 1203 1563; x_wconf 90' lang='lat' dir='ltr'><strong>sequere</strong></span> <span class='ocrx_word' id='word_1_506' title='bbox 1217 1522 1240 1552; x_wconf 88' lang='lat' dir='ltr'><strong>si</strong></span> <span class='ocrx_word' id='word_1_507' title='bbox 1268 1526 1351 1562; x_wconf 88' lang='lat' dir='ltr'><strong>potes</strong></span> <span class='ocrx_word' id='word_1_508' title='bbox 1363 1521 1407 1552; x_wconf 87' lang='lat' dir='ltr'><strong>vel</strong></span> <span class='ocrx_word' id='word_1_509' title='bbox 1419 1521 1448 1552; x_wconf 94' lang='lat' dir='ltr'><strong>in</strong></span> <span class='ocrx_word' id='word_1_510' title='bbox 1461 1522 1550 1552; x_wconf 88' lang='lat' dir='ltr'><strong>horas</strong></span> <span class='ocrx_word' id='word_1_511' title='bbox 1561 1522 1702 1561; x_wconf 83' lang='lat' dir='ltr'><strong>singulas.</strong></span> <span class='ocrx_word' id='word_1_512' title='bbox 1712 1522 1910 1552; x_wconf 80' lang='lat' dir='ltr'><strong>Vocatinam-</strong></span> 
     </span>
    </p>
   </div>
   <div class='ocr_carea' id='block_1_75' title="bbox 1078 1566 1906 1608">
    <p class='ocr_par' dir='ltr' id='par_1_75' title="bbox 1078 1566 1906 1608">
     <span class='ocr_line' id='line_1_76' title="bbox 1078 1566 1906 1608; baseline 0 -12"><span class='ocrx_word' id='word_1_513' title='bbox 1078 1577 1135 1608; x_wconf 86' lang='lat' dir='ltr'><strong>que</strong></span> <span class='ocrx_word' id='word_1_514' title='bbox 1147 1576 1162 1598; x_wconf 90' lang='lat' dir='ltr'><strong>e</strong></span> <span class='ocrx_word' id='word_1_515' title='bbox 1178 1566 1309 1597; x_wconf 86' lang='lat' dir='ltr'><strong>tenebris</strong></span> <span class='ocrx_word' id='word_1_516' title='bbox 1320 1567 1355 1597; x_wconf 81' lang='lat' dir='ltr'><strong>ad</strong></span> <span class='ocrx_word' id='word_1_517' title='bbox 1371 1567 1472 1596; x_wconf 81' lang='lat' dir='ltr'><strong>lumen</strong></span> <span class='ocrx_word' id='word_1_518' title='bbox 1481 1576 1540 1596; x_wconf 92' lang='lat' dir='ltr'><strong>non</strong></span> <span class='ocrx_word' id='word_1_519' title='bbox 1550 1566 1720 1602; x_wconf 85' lang='lat' dir='ltr'><strong>occiduum,</strong></span> <span class='ocrx_word' id='word_1_520' title='bbox 1730 1575 1748 1596; x_wconf 87' lang='lat' dir='ltr'><strong>a</strong></span> <span class='ocrx_word' id='word_1_521' title='bbox 1762 1571 1856 1596; x_wconf 90' lang='lat' dir='ltr'><strong>morte</strong></span> <span class='ocrx_word' id='word_1_522' title='bbox 1867 1566 1906 1597; x_wconf 87' lang='lat' dir='ltr'><strong>ad</strong></span> 
     </span>
    </p>
   </div>
   <div class='ocr_carea' id='block_1_76' title="bbox 1079 1611 1909 1650">
    <p class='ocr_par' dir='ltr' id='par_1_76' title="bbox 1079 1611 1909 1650">
     <span class='ocr_line' id='line_1_77' title="bbox 1079 1611 1909 1650; baseline -0.001 -8"><span class='ocrx_word' id='word_1_523' title='bbox 1079 1612 1178 1648; x_wconf 86' lang='lat' dir='ltr'><strong>vitam,</strong></span> <span class='ocrx_word' id='word_1_524' title='bbox 1197 1611 1233 1642; x_wconf 78' lang='lat' dir='ltr'><strong>ab</strong></span> <span class='ocrx_word' id='word_1_525' title='bbox 1248 1611 1363 1641; x_wconf 82' lang='lat' dir='ltr'><strong>inferno</strong></span> <span class='ocrx_word' id='word_1_526' title='bbox 1377 1611 1412 1641; x_wconf 87' lang='lat' dir='ltr'><strong>ad</strong></span> <span class='ocrx_word' id='word_1_527' title='bbox 1425 1611 1543 1647; x_wconf 64' lang='lat' dir='ltr'><strong>caelum,</strong></span> <span class='ocrx_word' id='word_1_528' title='bbox 1554 1620 1570 1641; x_wconf 88' lang='lat' dir='ltr'><strong>a</strong></span> <span class='ocrx_word' id='word_1_529' title='bbox 1584 1611 1771 1650; x_wconf 88' lang='lat' dir='ltr'><strong>temporariis</strong></span> <span class='ocrx_word' id='word_1_530' title='bbox 1784 1615 1812 1640; x_wconf 89' lang='lat' dir='ltr'><strong>et</strong></span> <span class='ocrx_word' id='word_1_531' title='bbox 1828 1611 1909 1650; x_wconf 89' lang='lat' dir='ltr'><strong>peri-</strong></span> 
     </span>
    </p>
   </div>
   <div class='ocr_carea' id='block_1_77' title="bbox 1080 1656 1911 1695">
    <p class='ocr_par' dir='ltr' id='par_1_77' title="bbox 1080 1656 1911 1695">
     <span class='ocr_line' id='line_1_78' title="bbox 1080 1656 1911 1695; baseline -0.001 -8"><span class='ocrx_word' id='word_1_532' title='bbox 1080 1657 1152 1687; x_wconf 87' lang='lat' dir='ltr'><strong>turis</strong></span> <span class='ocrx_word' id='word_1_533' title='bbox 1163 1657 1197 1686; x_wconf 87' lang='lat' dir='ltr'><strong>ad</strong></span> <span class='ocrx_word' id='word_1_534' title='bbox 1207 1656 1328 1695; x_wconf 79' lang='lat' dir='ltr'><strong>gloriam</strong></span> <span class='ocrx_word' id='word_1_535' title='bbox 1338 1656 1564 1695; x_wconf 84' lang='lat' dir='ltr'><strong>sempiternam,</strong></span> <span class='ocrx_word' id='word_1_536' title='bbox 1579 1656 1758 1692; x_wconf 84' lang='lat' dir='ltr'><strong>irascuntur,</strong></span> <span class='ocrx_word' id='word_1_537' title='bbox 1770 1660 1911 1687; x_wconf 88' lang='lat' dir='ltr'><strong>etcontra</strong></span> 
     </span>
    </p>
   </div>
   <div class='ocr_carea' id='block_1_78' title="bbox 1080 1700 1910 1740">
    <p class='ocr_par' dir='ltr' id='par_1_78' title="bbox 1080 1700 1910 1740">
     <span class='ocr_line' id='line_1_79' title="bbox 1080 1700 1910 1740; baseline -0.001 -8"><span class='ocrx_word' id='word_1_538' title='bbox 1080 1701 1238 1740; x_wconf 79' lang='lat' dir='ltr'><strong>magistros</strong></span> <span class='ocrx_word' id='word_1_539' title='bbox 1264 1700 1427 1737; x_wconf 85' lang='lat' dir='ltr'><strong>insaniunt,</strong></span> <span class='ocrx_word' id='word_1_540' title='bbox 1461 1700 1694 1740; x_wconf 83' lang='lat' dir='ltr'><strong>omttigenasque</strong></span> <span class='ocrx_word' id='word_1_541' title='bbox 1723 1700 1847 1731; x_wconf 84' lang='lat' dir='ltr'><strong>insidias</strong></span> <span class='ocrx_word' id='word_1_542' title='bbox 1877 1700 1910 1731; x_wconf 85' lang='lat' dir='ltr'><strong>in</strong></span> 
     </span>
    </p>
   </div>
   <div class='ocr_carea' id='block_1_79' title="bbox 1079 1746 1908 1787">
    <p class='ocr_par' dir='ltr' id='par_1_79' title="bbox 1079 1746 1908 1787">
     <span class='ocr_line' id='line_1_80' title="bbox 1079 1746 1908 1787; baseline 0 -9"><span class='ocrx_word' id='word_1_543' title='bbox 1079 1747 1202 1778; x_wconf 86' lang='lat' dir='ltr'><strong>eosdem</strong></span> <span class='ocrx_word' id='word_1_544' title='bbox 1216 1750 1408 1787; x_wconf 86' lang='lat' dir='ltr'><strong>componunt,</strong></span> <span class='ocrx_word' id='word_1_545' title='bbox 1421 1750 1449 1776; x_wconf 87' lang='lat' dir='ltr'><strong>et</strong></span> <span class='ocrx_word' id='word_1_546' title='bbox 1459 1746 1533 1776; x_wconf 94' lang='lat' dir='ltr'><strong>mori</strong></span> <span class='ocrx_word' id='word_1_547' title='bbox 1546 1751 1718 1786; x_wconf 68' lang='lat' dir='ltr'><strong>prmoptant,</strong></span> <span class='ocrx_word' id='word_1_548' title='bbox 1733 1757 1819 1787; x_wconf 82' lang='lat' dir='ltr'><strong>quam</strong></span> <span class='ocrx_word' id='word_1_549' title='bbox 1834 1752 1908 1778; x_wconf 88' lang='lat' dir='ltr'><strong>ate-</strong></span> 
     </span>
    </p>
   </div>
   <div class='ocr_carea' id='block_1_80' title="bbox 1079 1791 1909 1830">
    <p class='ocr_par' dir='ltr' id='par_1_80' title="bbox 1079 1791 1909 1830">
     <span class='ocr_line' id='line_1_81' title="bbox 1079 1791 1909 1830; baseline 0 -8"><span class='ocrx_word' id='word_1_550' title='bbox 1079 1791 1193 1827; x_wconf 88' lang='lat' dir='ltr'><strong>nebris,</strong></span> <span class='ocrx_word' id='word_1_551' title='bbox 1210 1796 1237 1822; x_wconf 89' lang='lat' dir='ltr'><strong>et</strong></span> <span class='ocrx_word' id='word_1_552' title='bbox 1250 1792 1390 1830; x_wconf 83' lang='lat' dir='ltr'><strong>operibus</strong></span> <span class='ocrx_word' id='word_1_553' title='bbox 1406 1791 1597 1822; x_wconf 88' lang='lat' dir='ltr'><strong>tenebrarum</strong></span> <span class='ocrx_word' id='word_1_554' title='bbox 1628 1791 1788 1829; x_wconf 84' lang='lat' dir='ltr'><strong>discidere,</strong></span> <span class='ocrx_word' id='word_1_555' title='bbox 1807 1801 1841 1823; x_wconf 90' lang='lat' dir='ltr'><strong>ac</strong></span> <span class='ocrx_word' id='word_1_556' title='bbox 1858 1802 1909 1822; x_wconf 88' lang='lat' dir='ltr'><strong>me</strong></span> 
     </span>
    </p>
   </div>
   <div class='ocr_carea' id='block_1_81' title="bbox 1080 1836 1910 1877">
    <p class='ocr_par' dir='ltr' id='par_1_81' title="bbox 1080 1836 1910 1877">
     <span class='ocr_line' id='line_1_82' title="bbox 1080 1836 1910 1877; baseline 0.002 -11"><span class='ocrx_word' id='word_1_557' title='bbox 1080 1836 1176 1876; x_wconf 88' lang='lat' dir='ltr'><strong>sequi.</strong></span> <span class='ocrx_word' id='word_1_558' title='bbox 1193 1836 1253 1867; x_wconf 89' lang='lat' dir='ltr'><strong>Hos</strong></span> <span class='ocrx_word' id='word_1_559' title='bbox 1269 1846 1326 1876; x_wconf 88' lang='lat' dir='ltr'><strong>qtto</strong></span> <span class='ocrx_word' id='word_1_560' title='bbox 1343 1840 1426 1876; x_wconf 88' lang='lat' dir='ltr'><strong>pacto</strong></span> <span class='ocrx_word' id='word_1_561' title='bbox 1445 1836 1562 1866; x_wconf 89' lang='lat' dir='ltr'><strong>tandem</strong></span> <span class='ocrx_word' id='word_1_562' title='bbox 1585 1836 1815 1867; x_wconf 84' lang='lat' dir='ltr'><strong>moderaberis‘?</strong></span> <span class='ocrx_word' id='word_1_563' title='bbox 1830 1846 1910 1877; x_wconf 88' lang='lat' dir='ltr'><strong>quo-</strong></span> 
     </span>
    </p>
   </div>
   <div class='ocr_carea' id='block_1_82' title="bbox 1080 1881 1902 1922">
    <p class='ocr_par' dir='ltr' id='par_1_82' title="bbox 1080 1881 1902 1922">
     <span class='ocr_line' id='line_1_83' title="bbox 1080 1881 1902 1922; baseline 0.001 -10"><span class='ocrx_word' id='word_1_564' title='bbox 1080 1881 1167 1912; x_wconf 90' lang='lat' dir='ltr'><strong>modo</strong></span> <span class='ocrx_word' id='word_1_565' title='bbox 1184 1882 1230 1912; x_wconf 89' lang='lat' dir='ltr'><strong>ltis</strong></span> <span class='ocrx_word' id='word_1_566' title='bbox 1253 1881 1374 1922; x_wconf 58' lang='lat' dir='ltr'><strong>praeeris</strong></span> <span class='ocrx_word' id='word_1_567' title='bbox 1389 1891 1396 1911; x_wconf 90' lang='lat'><strong>:</strong></span> <span class='ocrx_word' id='word_1_568' title='bbox 1429 1881 1576 1921; x_wconf 73' lang='lat' dir='ltr'><strong>quomodo</strong></span> <span class='ocrx_word' id='word_1_569' title='bbox 1593 1882 1646 1912; x_wconf 82' lang='lat' dir='ltr'><strong>hos</strong></span> <span class='ocrx_word' id='word_1_570' title='bbox 1662 1882 1766 1918; x_wconf 86' lang='lat' dir='ltr'><strong>duces,</strong></span> <span class='ocrx_word' id='word_1_571' title='bbox 1777 1882 1825 1913; x_wconf 91' lang='lat' dir='ltr'><strong>dic</strong></span> <span class='ocrx_word' id='word_1_572' title='bbox 1837 1892 1902 1922; x_wconf 84' lang='lat' dir='ltr'><strong>age,</strong></span> 
     </span>
    </p>
   </div>
   <div class='ocr_carea' id='block_1_83' title="bbox 1079 1925 1909 1966">
    <p class='ocr_par' dir='ltr' id='par_1_83' title="bbox 1079 1925 1909 1966">
     <span class='ocr_line' id='line_1_84' title="bbox 1079 1925 1909 1966; baseline 0.002 -10"><span class='ocrx_word' id='word_1_573' title='bbox 1079 1926 1129 1966; x_wconf 92' lang='lat' dir='ltr'><strong>qui</strong></span> <span class='ocrx_word' id='word_1_574' title='bbox 1142 1932 1246 1966; x_wconf 73' lang='lat' dir='ltr'><strong>sponte</strong></span> <span class='ocrx_word' id='word_1_575' title='bbox 1257 1936 1310 1956; x_wconf 84' lang='lat' dir='ltr'><strong>sua</strong></span> <span class='ocrx_word' id='word_1_576' title='bbox 1321 1926 1356 1956; x_wconf 85' lang='lat' dir='ltr'><strong>ad</strong></span> <span class='ocrx_word' id='word_1_577' title='bbox 1371 1925 1469 1964; x_wconf 84' lang='lat' dir='ltr'><strong>ignem</strong></span> <span class='ocrx_word' id='word_1_578' title='bbox 1484 1925 1693 1965; x_wconf 82' lang='lat' dir='ltr'><strong>transfugiunt,</strong></span> <span class='ocrx_word' id='word_1_579' title='bbox 1715 1926 1791 1956; x_wconf 84' lang='lat' dir='ltr'><strong>hosti</strong></span> <span class='ocrx_word' id='word_1_580' title='bbox 1804 1927 1909 1958; x_wconf 69' lang='lat' dir='ltr'><strong>adita:-</strong></span> 
     </span>
    </p>
   </div>
   <div class='ocr_carea' id='block_1_84' title="bbox 1079 1970 1911 2010">
    <p class='ocr_par' dir='ltr' id='par_1_84' title="bbox 1079 1970 1911 2010">
     <span class='ocr_line' id='line_1_85' title="bbox 1079 1970 1911 2010; baseline 0.001 -9"><span class='ocrx_word' id='word_1_581' title='bbox 1079 1975 1194 2006; x_wconf 87' lang='lat' dir='ltr'><strong>rentes,</strong></span> <span class='ocrx_word' id='word_1_582' title='bbox 1204 1975 1233 2001; x_wconf 90' lang='lat' dir='ltr'><strong>et</strong></span> <span class='ocrx_word' id='word_1_583' title='bbox 1246 1980 1312 2000; x_wconf 91' lang='lat' dir='ltr'><strong>cum</strong></span> <span class='ocrx_word' id='word_1_584' title='bbox 1325 1980 1360 2000; x_wconf 90' lang='lat' dir='ltr'><strong>eo</strong></span> <span class='ocrx_word' id='word_1_585' title='bbox 1369 1970 1524 2010; x_wconf 70' lang='lat' dir='ltr'><strong>praeceptis</strong></span> <span class='ocrx_word' id='word_1_586' title='bbox 1532 1971 1605 2000; x_wconf 91' lang='lat' dir='ltr'><strong>meis</strong></span> <span class='ocrx_word' id='word_1_587' title='bbox 1618 1971 1766 2001; x_wconf 85' lang='lat' dir='ltr'><strong>contraria</strong></span> <span class='ocrx_word' id='word_1_588' title='bbox 1780 1970 1911 2010; x_wconf 85' lang='lat' dir='ltr'><strong>impigre</strong></span> 
     </span>
    </p>
   </div>
   <div class='ocr_carea' id='block_1_85' title="bbox 1079 2015 1908 2055">
    <p class='ocr_par' dir='ltr' id='par_1_85' title="bbox 1079 2015 1908 2055">
     <span class='ocr_line' id='line_1_86' title="bbox 1079 2015 1908 2055; baseline 0.001 -10"><span class='ocrx_word' id='word_1_589' title='bbox 1079 2015 1283 2054; x_wconf 77' lang='lat' dir='ltr'><strong>designattles‘?</strong></span> <span class='ocrx_word' id='word_1_590' title='bbox 1296 2015 1449 2050; x_wconf 86' lang='lat' dir='ltr'><strong>Quomodo</strong></span> <span class='ocrx_word' id='word_1_591' title='bbox 1463 2024 1566 2054; x_wconf 83' lang='lat' dir='ltr'><strong>pasces</strong></span> <span class='ocrx_word' id='word_1_592' title='bbox 1577 2019 1608 2045; x_wconf 92' lang='lat' dir='ltr'><strong>ut</strong></span> <span class='ocrx_word' id='word_1_593' title='bbox 1622 2016 1855 2055; x_wconf 86' lang='lat' dir='ltr'><strong>oves;quomodo</strong></span> <span class='ocrx_word' id='word_1_594' title='bbox 1871 2016 1908 2046; x_wconf 87' lang='lat' dir='ltr'><strong>ad</strong></span> 
     </span>
    </p>
   </div>
   <div class='ocr_carea' id='block_1_86' title="bbox 1081 2059 1908 2100">
    <p class='ocr_par' dir='ltr' id='par_1_86' title="bbox 1081 2059 1908 2100">
     <span class='ocr_line' id='line_1_87' title="bbox 1081 2059 1908 2100; baseline 0.002 -12"><span class='ocrx_word' id='word_1_595' title='bbox 1081 2069 1200 2099; x_wconf 85' lang='lat' dir='ltr'><strong>pascua,</strong></span> <span class='ocrx_word' id='word_1_596' title='bbox 1216 2069 1327 2099; x_wconf 64' lang='lat' dir='ltr'><strong>quaeso,</strong></span> <span class='ocrx_word' id='word_1_597' title='bbox 1345 2059 1550 2090; x_wconf 84' lang='lat' dir='ltr'><strong>mandatorum</strong></span> <span class='ocrx_word' id='word_1_598' title='bbox 1571 2069 1717 2096; x_wconf 82' lang='lat' dir='ltr'><strong>meorum,</strong></span> <span class='ocrx_word' id='word_1_599' title='bbox 1746 2059 1782 2089; x_wconf 87' lang='lat' dir='ltr'><strong>ad</strong></span> <span class='ocrx_word' id='word_1_600' title='bbox 1799 2069 1908 2100; x_wconf 84' lang='lat' dir='ltr'><strong>aquam</strong></span> 
     </span>
    </p>
   </div>
   <div class='ocr_carea' id='block_1_87' title="bbox 1082 2104 1909 2145">
    <p class='ocr_par' dir='ltr' id='par_1_87' title="bbox 1082 2104 1909 2145">
     <span class='ocr_line' id='line_1_88' title="bbox 1082 2104 1909 2145; baseline 0.001 -11"><span class='ocrx_word' id='word_1_601' title='bbox 1082 2105 1262 2134; x_wconf 79' lang='lat' dir='ltr'><strong>voluntatum</strong></span> <span class='ocrx_word' id='word_1_602' title='bbox 1272 2113 1403 2134; x_wconf 89' lang='lat' dir='ltr'><strong>mearunt</strong></span> <span class='ocrx_word' id='word_1_603' title='bbox 1413 2104 1536 2134; x_wconf 88' lang='lat' dir='ltr'><strong>induces</strong></span> <span class='ocrx_word' id='word_1_604' title='bbox 1548 2104 1563 2134; x_wconf 74' lang='lat' dir='ltr'><strong>‘I</strong></span> <span class='ocrx_word' id='word_1_605' title='bbox 1575 2105 1723 2145; x_wconf 88' lang='lat' dir='ltr'><strong>qttomodo</strong></span> <span class='ocrx_word' id='word_1_606' title='bbox 1731 2104 1844 2135; x_wconf 80' lang='lat' dir='ltr'><strong>educes</strong></span> <span class='ocrx_word' id='word_1_607' title='bbox 1856 2114 1909 2135; x_wconf 91' lang='lat' dir='ltr'><strong>eos</strong></span> 
     </span>
    </p>
   </div>
   <div class='ocr_carea' id='block_1_88' title="bbox 215 2149 1911 2191">
    <p class='ocr_par' dir='ltr' id='par_1_88' title="bbox 215 2149 1911 2191">
     <span class='ocr_line' id='line_1_89' title="bbox 215 2149 1911 2191; baseline -0.002 -9"><span class='ocrx_word' id='word_1_608' title='bbox 215 2156 309 2189; x_wconf 91' lang='lat' dir='ltr'><strong>tuum,</strong></span> <span class='ocrx_word' id='word_1_609' title='bbox 328 2156 356 2182; x_wconf 89' lang='lat' dir='ltr'><strong>et</strong></span> <span class='ocrx_word' id='word_1_610' title='bbox 371 2152 453 2191; x_wconf 89' lang='lat' dir='ltr'><strong>aperi</strong></span> <span class='ocrx_word' id='word_1_611' title='bbox 478 2152 551 2182; x_wconf 86' lang='lat' dir='ltr'><strong>inihi</strong></span> <span class='ocrx_word' id='word_1_612' title='bbox 577 2151 706 2191; x_wconf 81' lang='lat' dir='ltr'><strong>benigne</strong></span> <span class='ocrx_word' id='word_1_613' title='bbox 737 2151 869 2182; x_wconf 76' lang='lat' dir='ltr'><strong>Salvator</strong></span> <span class='ocrx_word' id='word_1_614' title='bbox 883 2157 982 2182; x_wconf 88' lang='lat' dir='ltr'><strong>utrutn</strong></span> <span class='ocrx_word' id='word_1_615' title='bbox 1007 2161 1040 2182; x_wconf 82' lang='lat' dir='ltr'><strong>ex</strong></span> <span class='ocrx_word' id='word_1_616' title='bbox 1053 2150 1117 2190; x_wconf 80' lang='lat' dir='ltr'><strong>Dad</strong></span> <span class='ocrx_word' id='word_1_617' title='bbox 1135 2154 1263 2185; x_wconf 80' lang='lat' dir='ltr'><strong>montes,</strong></span> <span class='ocrx_word' id='word_1_618' title='bbox 1275 2149 1325 2189; x_wconf 92' lang='lat' dir='ltr'><strong>qui</strong></span> <span class='ocrx_word' id='word_1_619' title='bbox 1337 2149 1436 2179; x_wconf 88' lang='lat' dir='ltr'><strong>animo</strong></span> <span class='ocrx_word' id='word_1_620' title='bbox 1446 2149 1593 2186; x_wconf 88' lang='lat' dir='ltr'><strong>videntur,</strong></span> <span class='ocrx_word' id='word_1_621' title='bbox 1609 2149 1756 2179; x_wconf 87' lang='lat' dir='ltr'><strong>visionum</strong></span> <span class='ocrx_word' id='word_1_622' title='bbox 1773 2149 1911 2189; x_wconf 80' lang='lat' dir='ltr'><strong>mystica-</strong></span> 
     </span>
    </p>
   </div>
   <div class='ocr_carea' id='block_1_89' title="bbox 214 2195 1042 2236">
    <p class='ocr_par' dir='ltr' id='par_1_89' title="bbox 214 2195 1042 2236">
     <span class='ocr_line' id='line_1_90' title="bbox 214 2195 1042 2236; baseline -0.001 -10"><span class='ocrx_word' id='word_1_623' title='bbox 214 2196 331 2227; x_wconf 89' lang='lat' dir='ltr'><strong>duobus</strong></span> <span class='ocrx_word' id='word_1_624' title='bbox 345 2195 451 2227; x_wconf 88' lang='lat' dir='ltr'><strong>melius</strong></span> <span class='ocrx_word' id='word_1_625' title='bbox 465 2196 541 2236; x_wconf 90' lang='lat' dir='ltr'><strong>apud</strong></span> <span class='ocrx_word' id='word_1_626' title='bbox 555 2200 583 2226; x_wconf 86' lang='lat' dir='ltr'><strong>te</strong></span> <span class='ocrx_word' id='word_1_627' title='bbox 598 2196 647 2233; x_wconf 87' lang='lat' dir='ltr'><strong>sit,</strong></span> <span class='ocrx_word' id='word_1_628' title='bbox 664 2195 779 2236; x_wconf 88' lang='lat' dir='ltr'><strong>tibique</strong></span> <span class='ocrx_word' id='word_1_629' title='bbox 793 2196 913 2235; x_wconf 88' lang='lat' dir='ltr'><strong>gratius,</strong></span> <span class='ocrx_word' id='word_1_630' title='bbox 931 2196 1042 2227; x_wconf 85' lang='lat' dir='ltr'><strong>sollici-</strong></span> 
     </span>
    </p>
   </div>
   <div class='ocr_carea' id='block_1_90' title="bbox 213 2240 1042 2281">
    <p class='ocr_par' dir='ltr' id='par_1_90' title="bbox 213 2240 1042 2281">
     <span class='ocr_line' id='line_1_91' title="bbox 213 2240 1042 2281; baseline 0.001 -11"><span class='ocrx_word' id='word_1_631' title='bbox 213 2240 346 2271; x_wconf 89' lang='lat' dir='ltr'><strong>tudinem</strong></span> <span class='ocrx_word' id='word_1_632' title='bbox 363 2250 468 2280; x_wconf 85' lang='lat' dir='ltr'><strong>gerere</strong></span> <span class='ocrx_word' id='word_1_633' title='bbox 485 2249 532 2270; x_wconf 90' lang='lat' dir='ltr'><strong>tne</strong></span> <span class='ocrx_word' id='word_1_634' title='bbox 547 2249 646 2270; x_wconf 87' lang='lat' dir='ltr'><strong>rer-im</strong></span> <span class='ocrx_word' id='word_1_635' title='bbox 661 2241 844 2281; x_wconf 82' lang='lat' dir='ltr'><strong>monasterii,</strong></span> <span class='ocrx_word' id='word_1_636' title='bbox 873 2245 901 2271; x_wconf 87' lang='lat' dir='ltr'><strong>et</strong></span> <span class='ocrx_word' id='word_1_637' title='bbox 916 2241 1042 2271; x_wconf 80' lang='lat' dir='ltr'><strong>candide</strong></span> 
     </span>
    </p>
   </div>
   <div class='ocr_carea' id='block_1_91' title="bbox 215 2285 1041 2326">
    <p class='ocr_par' dir='ltr' id='par_1_91' title="bbox 215 2285 1041 2326">
     <span class='ocr_line' id='line_1_92' title="bbox 215 2285 1041 2326; baseline 0 -11"><span class='ocrx_word' id='word_1_638' title='bbox 215 2294 374 2326; x_wconf 89' lang='lat' dir='ltr'><strong>procurare</strong></span> <span class='ocrx_word' id='word_1_639' title='bbox 390 2285 626 2316; x_wconf 83' lang='lat' dir='ltr'><strong>necessitudines</strong></span> <span class='ocrx_word' id='word_1_640' title='bbox 651 2294 820 2325; x_wconf 75' lang='lat' dir='ltr'><strong>corporum,</strong></span> <span class='ocrx_word' id='word_1_641' title='bbox 836 2294 1041 2326; x_wconf 80' lang='lat' dir='ltr'><strong>propugnare-</strong></span> 
     </span>
    </p>
   </div>
   <div class='ocr_carea' id='block_1_92' title="bbox 215 2329 1041 2370">
    <p class='ocr_par' dir='ltr' id='par_1_92' title="bbox 215 2329 1041 2370">
     <span class='ocr_line' id='line_1_93' title="bbox 215 2329 1041 2370; baseline -0.001 -10"><span class='ocrx_word' id='word_1_642' title='bbox 215 2339 272 2370; x_wconf 87' lang='lat' dir='ltr'><strong>que</strong></span> <span class='ocrx_word' id='word_1_643' title='bbox 284 2330 386 2360; x_wconf 88' lang='lat' dir='ltr'><strong>odiose</strong></span> <span class='ocrx_word' id='word_1_644' title='bbox 402 2339 453 2370; x_wconf 88' lang='lat' dir='ltr'><strong>pro</strong></span> <span class='ocrx_word' id='word_1_645' title='bbox 464 2329 618 2367; x_wconf 90' lang='lat' dir='ltr'><strong>omnibus;</strong></span> <span class='ocrx_word' id='word_1_646' title='bbox 629 2339 664 2360; x_wconf 88' lang='lat' dir='ltr'><strong>an</strong></span> <span class='ocrx_word' id='word_1_647' title='bbox 676 2330 830 2370; x_wconf 82' lang='lat' dir='ltr'><strong>soliquicti</strong></span> <span class='ocrx_word' id='word_1_648' title='bbox 842 2339 961 2368; x_wconf 88' lang='lat' dir='ltr'><strong>semper</strong></span> <span class='ocrx_word' id='word_1_649' title='bbox 977 2339 1041 2359; x_wconf 88' lang='lat' dir='ltr'><strong>esse</strong></span> 
     </span>
    </p>
   </div>
   <div class='ocr_carea' id='block_1_93' title="bbox 216 2374 1039 2416">
    <p class='ocr_par' dir='ltr' id='par_1_93' title="bbox 216 2374 1039 2416">
     <span class='ocr_line' id='line_1_94' title="bbox 216 2374 1039 2416; baseline -0.001 -11"><span class='ocrx_word' id='word_1_650' title='bbox 216 2375 363 2412; x_wconf 88' lang='lat' dir='ltr'><strong>deditum,</strong></span> <span class='ocrx_word' id='word_1_651' title='bbox 372 2379 400 2405; x_wconf 89' lang='lat' dir='ltr'><strong>et</strong></span> <span class='ocrx_word' id='word_1_652' title='bbox 408 2378 539 2405; x_wconf 89' lang='lat' dir='ltr'><strong>mentem</strong></span> <span class='ocrx_word' id='word_1_653' title='bbox 549 2384 696 2410; x_wconf 79' lang='lat' dir='ltr'><strong>serenant,</strong></span> <span class='ocrx_word' id='word_1_654' title='bbox 706 2381 795 2416; x_wconf 82' lang='lat' dir='ltr'><strong>atque</strong></span> <span class='ocrx_word' id='word_1_655' title='bbox 805 2374 1039 2414; x_wconf 87' lang='lat' dir='ltr'><strong>inperturbatam</strong></span> 
     </span>
    </p>
   </div>
   <div class='ocr_carea' id='block_1_94' title="bbox 215 2419 1041 2459">
    <p class='ocr_par' dir='ltr' id='par_1_94' title="bbox 215 2419 1041 2459">
     <span class='ocr_line' id='line_1_95' title="bbox 215 2419 1041 2459; baseline 0 -9"><span class='ocrx_word' id='word_1_656' title='bbox 215 2429 405 2457; x_wconf 84' lang='lat' dir='ltr'><strong>conservare,</strong></span> <span class='ocrx_word' id='word_1_657' title='bbox 424 2425 452 2450; x_wconf 89' lang='lat' dir='ltr'><strong>et</strong></span> <span class='ocrx_word' id='word_1_658' title='bbox 467 2419 568 2459; x_wconf 72' lang='lat' dir='ltr'><strong>gratim</strong></span> <span class='ocrx_word' id='word_1_659' title='bbox 584 2425 641 2450; x_wconf 72' lang='lat' dir='ltr'><strong>tua:</strong></span> <span class='ocrx_word' id='word_1_660' title='bbox 670 2420 814 2450; x_wconf 77' lang='lat' dir='ltr'><strong>scintillas</strong></span> <span class='ocrx_word' id='word_1_661' title='bbox 831 2419 992 2458; x_wconf 79' lang='lat' dir='ltr'><strong>suscipere,</strong></span> <span class='ocrx_word' id='word_1_662' title='bbox 1012 2422 1041 2451; x_wconf 81' lang='lat' dir='ltr'><strong>et</strong></span> 
     </span>
    </p>
   </div>
   <div class='ocr_carea' id='block_1_95' title="bbox 214 2464 1038 2500">
    <p class='ocr_par' dir='ltr' id='par_1_95' title="bbox 214 2464 1038 2500">
     <span class='ocr_line' id='line_1_96' title="bbox 214 2464 1038 2500; baseline -0.001 -6"><span class='ocrx_word' id='word_1_663' title='bbox 214 2464 378 2495; x_wconf 90' lang='lat' dir='ltr'><strong>secundum</strong></span> <span class='ocrx_word' id='word_1_664' title='bbox 391 2464 498 2495; x_wconf 68' lang='lat' dir='ltr'><strong>animae</strong></span> <span class='ocrx_word' id='word_1_665' title='bbox 514 2474 636 2495; x_wconf 90' lang='lat' dir='ltr'><strong>sensutn</strong></span> <span class='ocrx_word' id='word_1_666' title='bbox 664 2466 853 2495; x_wconf 87' lang='lat' dir='ltr'><strong>continettter</strong></span> <span class='ocrx_word' id='word_1_667' title='bbox 867 2464 1038 2500; x_wconf 80' lang='lat' dir='ltr'><strong>iliuminari,</strong></span> 
     </span>
    </p>
   </div>
   <div class='ocr_carea' id='block_1_96' title="bbox 215 2509 1041 2550">
    <p class='ocr_par' dir='ltr' id='par_1_96' title="bbox 215 2509 1041 2550">
     <span class='ocr_line' id='line_1_97' title="bbox 215 2509 1041 2550; baseline -0.001 -10"><span class='ocrx_word' id='word_1_668' title='bbox 215 2509 390 2549; x_wconf 85' lang='lat' dir='ltr'><strong>divinosque</strong></span> <span class='ocrx_word' id='word_1_669' title='bbox 399 2518 553 2540; x_wconf 87' lang='lat' dir='ltr'><strong>sermones</strong></span> <span class='ocrx_word' id='word_1_670' title='bbox 561 2519 667 2540; x_wconf 89' lang='lat' dir='ltr'><strong>arcane</strong></span> <span class='ocrx_word' id='word_1_671' title='bbox 675 2510 875 2550; x_wconf 84' lang='lat' dir='ltr'><strong>percipere,et</strong></span> <span class='ocrx_word' id='word_1_672' title='bbox 888 2513 1041 2539; x_wconf 84' lang='lat' dir='ltr'><strong>mansuete</strong></span> 
     </span>
    </p>
   </div>
   <div class='ocr_carea' id='block_1_97' title="bbox 216 2553 1045 2594">
    <p class='ocr_par' dir='ltr' id='par_1_97' title="bbox 216 2553 1045 2594">
     <span class='ocr_line' id='line_1_98' title="bbox 216 2553 1045 2594; baseline -0.001 -10"><span class='ocrx_word' id='word_1_673' title='bbox 216 2554 324 2584; x_wconf 81' lang='lat' dir='ltr'><strong>docere</strong></span> <span class='ocrx_word' id='word_1_674' title='bbox 339 2553 423 2591; x_wconf 90' lang='lat' dir='ltr'><strong>alios,</strong></span> <span class='ocrx_word' id='word_1_675' title='bbox 438 2553 599 2594; x_wconf 89' lang='lat' dir='ltr'><strong>docerique</strong></span> <span class='ocrx_word' id='word_1_676' title='bbox 625 2554 774 2585; x_wconf 85' lang='lat' dir='ltr'><strong>similiter.</strong></span> <span class='ocrx_word' id='word_1_677' title='bbox 793 2554 847 2590; x_wconf 89' lang='lat' dir='ltr'><strong>Qui</strong></span> <span class='ocrx_word' id='word_1_678' title='bbox 864 2553 942 2583; x_wconf 86' lang='lat' dir='ltr'><strong>enim</strong></span> <span class='ocrx_word' id='word_1_679' title='bbox 959 2553 1045 2583; x_wconf 86' lang='lat' dir='ltr'><strong>docet</strong></span> 
     </span>
    </p>
   </div>
   <div class='ocr_carea' id='block_1_98' title="bbox 212 2598 1042 2638">
    <p class='ocr_par' dir='ltr' id='par_1_98' title="bbox 212 2598 1042 2638">
     <span class='ocr_line' id='line_1_99' title="bbox 212 2598 1042 2638; baseline -0.002 -8"><span class='ocrx_word' id='word_1_680' title='bbox 212 2599 300 2635; x_wconf 86' lang='lat' dir='ltr'><strong>alios,</strong></span> <span class='ocrx_word' id='word_1_681' title='bbox 317 2598 422 2629; x_wconf 89' lang='lat' dir='ltr'><strong>eadem</strong></span> <span class='ocrx_word' id='word_1_682' title='bbox 437 2598 496 2628; x_wconf 88' lang='lat' dir='ltr'><strong>sibi</strong></span> <span class='ocrx_word' id='word_1_683' title='bbox 512 2608 629 2638; x_wconf 89' lang='lat' dir='ltr'><strong>quoque</strong></span> <span class='ocrx_word' id='word_1_684' title='bbox 646 2599 730 2635; x_wconf 88' lang='lat' dir='ltr'><strong>dicit,</strong></span> <span class='ocrx_word' id='word_1_685' title='bbox 748 2605 776 2630; x_wconf 88' lang='lat' dir='ltr'><strong>et</strong></span> <span class='ocrx_word' id='word_1_686' title='bbox 791 2599 904 2638; x_wconf 87' lang='lat' dir='ltr'><strong>primus</strong></span> <span class='ocrx_word' id='word_1_687' title='bbox 919 2598 1042 2630; x_wconf 89' lang='lat' dir='ltr'><strong>omnino</strong></span> 
     </span>
    </p>
   </div>
   <div class='ocr_carea' id='block_1_99' title="bbox 215 2642 1039 2684">
    <p class='ocr_par' dir='ltr' id='par_1_99' title="bbox 215 2642 1039 2684">
     <span class='ocr_line' id='line_1_100' title="bbox 215 2642 1039 2684; baseline -0.004 -9"><span class='ocrx_word' id='word_1_688' title='bbox 215 2653 250 2676; x_wconf 87' lang='lat' dir='ltr'><strong>ea</strong></span> <span class='ocrx_word' id='word_1_689' title='bbox 263 2647 404 2684; x_wconf 83' lang='lat' dir='ltr'><strong>praestare</strong></span> <span class='ocrx_word' id='word_1_690' title='bbox 420 2643 505 2674; x_wconf 87' lang='lat' dir='ltr'><strong>tactis</strong></span> <span class='ocrx_word' id='word_1_691' title='bbox 521 2643 622 2674; x_wconf 91' lang='lat' dir='ltr'><strong>debet.</strong></span> <span class='ocrx_word' id='word_1_692' title='bbox 638 2643 680 2674; x_wconf 84' lang='lat' dir='ltr'><strong>Ex</strong></span> <span class='ocrx_word' id='word_1_693' title='bbox 710 2644 756 2674; x_wconf 90' lang='lat' dir='ltr'><strong>his</strong></span> <span class='ocrx_word' id='word_1_694' title='bbox 772 2644 869 2683; x_wconf 88' lang='lat' dir='ltr'><strong>itaqttc</strong></span> <span class='ocrx_word' id='word_1_695' title='bbox 885 2642 1039 2680; x_wconf 59' lang='lat' dir='ltr'><strong>ambobus,</strong></span> 
     </span>
    </p>
   </div>
   <div class='ocr_carea' id='block_1_100' title="bbox 214 2687 1040 2728">
    <p class='ocr_par' dir='ltr' id='par_1_100' title="bbox 214 2687 1040 2728">
     <span class='ocr_line' id='line_1_101' title="bbox 214 2687 1040 2728; baseline -0.002 -9"><span class='ocrx_word' id='word_1_696' title='bbox 214 2688 264 2719; x_wconf 90' lang='lat' dir='ltr'><strong>dic</strong></span> <span class='ocrx_word' id='word_1_697' title='bbox 280 2687 364 2725; x_wconf 88' lang='lat' dir='ltr'><strong>mihi,</strong></span> <span class='ocrx_word' id='word_1_698' title='bbox 377 2697 394 2718; x_wconf 88' lang='grc' dir='ltr'>ο</span> <span class='ocrx_word' id='word_1_699' title='bbox 405 2687 491 2718; x_wconf 85' lang='lat' dir='ltr'><strong>ﬁctor</strong></span> <span class='ocrx_word' id='word_1_700' title='bbox 502 2687 618 2718; x_wconf 89' lang='lat' dir='ltr'><strong>etDeus</strong></span> <span class='ocrx_word' id='word_1_701' title='bbox 643 2697 738 2728; x_wconf 83' lang='lat' dir='ltr'><strong>meus,</strong></span> <span class='ocrx_word' id='word_1_702' title='bbox 762 2693 861 2718; x_wconf 85' lang='lat' dir='ltr'><strong>utrum</strong></span> <span class='ocrx_word' id='word_1_703' title='bbox 879 2687 951 2718; x_wconf 88' lang='lat' dir='ltr'><strong>mihi</strong></span> <span class='ocrx_word' id='word_1_704' title='bbox 967 2696 1040 2718; x_wconf 88' lang='lat' dir='ltr'><strong>con-</strong></span> 
     </span>
    </p>
   </div>
   <div class='ocr_carea' id='block_1_101' title="bbox 215 2731 1041 2773">
    <p class='ocr_par' dir='ltr' id='par_1_101' title="bbox 215 2731 1041 2773">
     <span class='ocr_line' id='line_1_102' title="bbox 215 2731 1041 2773; baseline -0.004 -9"><span class='ocrx_word' id='word_1_705' title='bbox 215 2732 356 2773; x_wconf 87' lang='lat' dir='ltr'><strong>ducibile,</strong></span> <span class='ocrx_word' id='word_1_706' title='bbox 373 2737 472 2763; x_wconf 91' lang='lat' dir='ltr'><strong>utrum</strong></span> <span class='ocrx_word' id='word_1_707' title='bbox 490 2732 541 2763; x_wconf 89' lang='lat' dir='ltr'><strong>tibi</strong></span> <span class='ocrx_word' id='word_1_708' title='bbox 571 2733 711 2772; x_wconf 85' lang='lat' dir='ltr'><strong>placitum</strong></span> <span class='ocrx_word' id='word_1_709' title='bbox 737 2742 771 2764; x_wconf 89' lang='lat' dir='ltr'><strong>ac</strong></span> <span class='ocrx_word' id='word_1_710' title='bbox 787 2733 950 2773; x_wconf 84' lang='lat' dir='ltr'><strong>perfectum</strong></span> <span class='ocrx_word' id='word_1_711' title='bbox 968 2731 1041 2762; x_wconf 84' lang='lat' dir='ltr'><strong>est?</strong></span> 
     </span>
    </p>
   </div>
   <div class='ocr_carea' id='block_1_102' title="bbox 214 2777 1044 2818">
    <p class='ocr_par' dir='ltr' id='par_1_102' title="bbox 214 2777 1044 2818">
     <span class='ocr_line' id='line_1_103' title="bbox 214 2777 1044 2818; baseline 0 -10"><span class='ocrx_word' id='word_1_712' title='bbox 214 2787 279 2817; x_wconf 80' lang='lat' dir='ltr'><strong>age,</strong></span> <span class='ocrx_word' id='word_1_713' title='bbox 296 2787 334 2808; x_wconf 88' lang='lat' dir='ltr'><strong>ne</strong></span> <span class='ocrx_word' id='word_1_714' title='bbox 349 2777 424 2809; x_wconf 87' lang='lat' dir='ltr'><strong>nihil</strong></span> <span class='ocrx_word' id='word_1_715' title='bbox 445 2777 525 2809; x_wconf 86' lang='lat' dir='ltr'><strong>istud</strong></span> <span class='ocrx_word' id='word_1_716' title='bbox 547 2777 661 2817; x_wconf 77' lang='lat' dir='ltr'><strong>denega</strong></span> <span class='ocrx_word' id='word_1_717' title='bbox 692 2781 735 2815; x_wconf 92' lang='lat' dir='ltr'><strong>tu,</strong></span> <span class='ocrx_word' id='word_1_718' title='bbox 764 2778 850 2818; x_wconf 85' lang='lat' dir='ltr'><strong>cujus</strong></span> <span class='ocrx_word' id='word_1_719' title='bbox 866 2787 984 2809; x_wconf 86' lang='lat' dir='ltr'><strong>summa</strong></span> <span class='ocrx_word' id='word_1_720' title='bbox 999 2780 1044 2808; x_wconf 82' lang='lat' dir='ltr'><strong>est</strong></span> 
     </span>
    </p>
   </div>
   <div class='ocr_carea' id='block_1_103' title="bbox 217 2821 436 2854">
    <p class='ocr_par' dir='ltr' id='par_1_103' title="bbox 217 2821 436 2854">
     <span class='ocr_line' id='line_1_104' title="bbox 217 2821 436 2854; baseline 0 -2"><span class='ocrx_word' id='word_1_721' title='bbox 217 2821 436 2854; x_wconf 87' lang='lat' dir='ltr'><strong>misericordia.</strong></span> 
     </span>
    </p>
   </div>
   <div class='ocr_carea' id='block_1_104' title="bbox 1085 2193 1909 2234">
    <p class='ocr_par' dir='ltr' id='par_1_104' title="bbox 1085 2193 1909 2234">
     <span class='ocr_line' id='line_1_105' title="bbox 1085 2193 1909 2234; baseline 0.002 -11"><span class='ocrx_word' id='word_1_722' title='bbox 1085 2204 1149 2224; x_wconf 89' lang='lat' dir='ltr'><strong>rutn</strong></span> <span class='ocrx_word' id='word_1_723' title='bbox 1162 2193 1262 2233; x_wconf 70' lang='lat' dir='ltr'><strong>gloriae</strong></span> <span class='ocrx_word' id='word_1_724' title='bbox 1273 2193 1569 2229; x_wconf 65' lang='lat' dir='ltr'><strong>tneminettarrabilis,</strong></span> <span class='ocrx_word' id='word_1_725' title='bbox 1588 2203 1641 2233; x_wconf 92' lang='lat' dir='ltr'><strong>per</strong></span> <span class='ocrx_word' id='word_1_726' title='bbox 1656 2203 1741 2234; x_wconf 88' lang='lat' dir='ltr'><strong>quam</strong></span> <span class='ocrx_word' id='word_1_727' title='bbox 1761 2193 1830 2234; x_wconf 88' lang='lat' dir='ltr'><strong>quid</strong></span> <span class='ocrx_word' id='word_1_728' title='bbox 1843 2204 1909 2225; x_wconf 90' lang='lat' dir='ltr'><strong>eam</strong></span> 
     </span>
    </p>
   </div>
   <div class='ocr_carea' id='block_1_105' title="bbox 1084 2238 1889 2278">
    <p class='ocr_par' dir='ltr' id='par_1_105' title="bbox 1084 2238 1889 2278">
     <span class='ocr_line' id='line_1_106' title="bbox 1084 2238 1889 2278; baseline 0.001 -10"><span class='ocrx_word' id='word_1_729' title='bbox 1084 2238 1426 2274; x_wconf 83' lang='lat' dir='ltr'><strong>intuentur,inferiorem</strong></span> <span class='ocrx_word' id='word_1_730' title='bbox 1436 2239 1641 2277; x_wconf 78' lang='lat' dir='ltr'><strong>hancgloriant</strong></span> <span class='ocrx_word' id='word_1_731' title='bbox 1649 2238 1827 2278; x_wconf 83' lang='lat' dir='ltr'><strong>despiciunt,</strong></span> <span class='ocrx_word' id='word_1_732' title='bbox 1841 2249 1889 2270; x_wconf 93' lang='lat' dir='ltr'><strong>om</strong></span> 
     </span>
    </p>
   </div>
   <div class='ocr_carea' id='block_1_106' title="bbox 1086 2282 1912 2323">
    <p class='ocr_par' dir='ltr' id='par_1_106' title="bbox 1086 2282 1912 2323">
     <span class='ocr_line' id='line_1_107' title="bbox 1086 2282 1912 2323; baseline 0.002 -11"><span class='ocrx_word' id='word_1_733' title='bbox 1086 2283 1228 2322; x_wconf 90' lang='lat' dir='ltr'><strong>niumque</strong></span> <span class='ocrx_word' id='word_1_734' title='bbox 1244 2282 1298 2319; x_wconf 84' lang='lat' dir='ltr'><strong>sub</strong></span> <span class='ocrx_word' id='word_1_735' title='bbox 1314 2292 1420 2314; x_wconf 83' lang='lat' dir='ltr'><strong>sensus</strong></span> <span class='ocrx_word' id='word_1_736' title='bbox 1436 2283 1604 2313; x_wconf 83' lang='lat' dir='ltr'><strong>cadentium</strong></span> <span class='ocrx_word' id='word_1_737' title='bbox 1622 2283 1718 2323; x_wconf 84' lang='lat' dir='ltr'><strong>obliti,</strong></span> <span class='ocrx_word' id='word_1_738' title='bbox 1733 2284 1796 2313; x_wconf 79' lang='lat' dir='ltr'><strong>lttec</strong></span> <span class='ocrx_word' id='word_1_739' title='bbox 1809 2283 1912 2314; x_wconf 87' lang='lat' dir='ltr'><strong>omnia</strong></span> 
     </span>
    </p>
   </div>
   <div class='ocr_carea' id='block_1_107' title="bbox 1084 2327 1910 2368">
    <p class='ocr_par' dir='ltr' id='par_1_107' title="bbox 1084 2327 1910 2368">
     <span class='ocr_line' id='line_1_108' title="bbox 1084 2327 1910 2368; baseline 0 -10"><span class='ocrx_word' id='word_1_740' title='bbox 1084 2337 1135 2368; x_wconf 88' lang='lat' dir='ltr'><strong>pro</strong></span> <span class='ocrx_word' id='word_1_741' title='bbox 1153 2327 1268 2366; x_wconf 79' lang='lat' dir='ltr'><strong>umbra,</strong></span> <span class='ocrx_word' id='word_1_742' title='bbox 1286 2332 1311 2357; x_wconf 92' lang='lat' dir='ltr'><strong>et</strong></span> <span class='ocrx_word' id='word_1_743' title='bbox 1329 2327 1407 2357; x_wconf 85' lang='lat' dir='ltr'><strong>futuo</strong></span> <span class='ocrx_word' id='word_1_744' title='bbox 1425 2327 1560 2358; x_wconf 76' lang='lat' dir='ltr'><strong>ducunt?</strong></span> <span class='ocrx_word' id='word_1_745' title='bbox 1576 2328 1628 2359; x_wconf 79' lang='lat' dir='ltr'><strong>ilic</strong></span> <span class='ocrx_word' id='word_1_746' title='bbox 1644 2328 1791 2367; x_wconf 88' lang='lat' dir='ltr'><strong>quomodo</strong></span> <span class='ocrx_word' id='word_1_747' title='bbox 1803 2329 1910 2359; x_wconf 86' lang='lat' dir='ltr'><strong>adver-</strong></span> 
     </span>
    </p>
   </div>
   <div class='ocr_carea' id='block_1_108' title="bbox 1082 2372 1909 2412">
    <p class='ocr_par' dir='ltr' id='par_1_108' title="bbox 1082 2372 1909 2412">
     <span class='ocr_line' id='line_1_109' title="bbox 1082 2372 1909 2412; baseline 0 -10"><span class='ocrx_word' id='word_1_748' title='bbox 1082 2382 1122 2402; x_wconf 60' lang='lat' dir='ltr'><strong>sa:</strong></span> <span class='ocrx_word' id='word_1_749' title='bbox 1134 2372 1194 2402; x_wconf 89' lang='lat' dir='ltr'><strong>itttn</strong></span> <span class='ocrx_word' id='word_1_750' title='bbox 1212 2372 1240 2402; x_wconf 91' lang='lat' dir='ltr'><strong>in</strong></span> <span class='ocrx_word' id='word_1_751' title='bbox 1258 2382 1347 2402; x_wconf 80' lang='lat' dir='ltr'><strong>causa</strong></span> <span class='ocrx_word' id='word_1_752' title='bbox 1361 2372 1489 2403; x_wconf 90' lang='lat' dir='ltr'><strong>dicenda</strong></span> <span class='ocrx_word' id='word_1_753' title='bbox 1505 2377 1662 2412; x_wconf 88' lang='lat' dir='ltr'><strong>patronuttt</strong></span> <span class='ocrx_word' id='word_1_754' title='bbox 1677 2372 1825 2403; x_wconf 73' lang='lat' dir='ltr'><strong>habebis?</strong></span> <span class='ocrx_word' id='word_1_755' title='bbox 1836 2383 1909 2412; x_wconf 92' lang='lat' dir='ltr'><strong>quo-</strong></span> 
     </span>
    </p>
   </div>
   <div class='ocr_carea' id='block_1_109' title="bbox 1085 2416 1909 2455">
    <p class='ocr_par' dir='ltr' id='par_1_109' title="bbox 1085 2416 1909 2455">
     <span class='ocr_line' id='line_1_110' title="bbox 1085 2416 1909 2455; baseline 0.001 -9"><span class='ocrx_word' id='word_1_756' title='bbox 1085 2417 1172 2446; x_wconf 88' lang='lat' dir='ltr'><strong>modo</strong></span> <span class='ocrx_word' id='word_1_757' title='bbox 1185 2417 1297 2446; x_wconf 79' lang='lat' dir='ltr'><strong>hostem</strong></span> <span class='ocrx_word' id='word_1_758' title='bbox 1314 2416 1452 2447; x_wconf 87' lang='lat' dir='ltr'><strong>infestum</strong></span> <span class='ocrx_word' id='word_1_759' title='bbox 1465 2417 1500 2447; x_wconf 85' lang='lat' dir='ltr'><strong>ad</strong></span> <span class='ocrx_word' id='word_1_760' title='bbox 1515 2421 1542 2447; x_wconf 87' lang='lat' dir='ltr'><strong>te</strong></span> <span class='ocrx_word' id='word_1_761' title='bbox 1555 2417 1738 2455; x_wconf 77' lang='lat' dir='ltr'><strong>diligendum</strong></span> <span class='ocrx_word' id='word_1_762' title='bbox 1756 2417 1909 2448; x_wconf 80' lang='lat' dir='ltr'><strong>adduces?</strong></span> 
     </span>
    </p>
   </div>
   <div class='ocr_carea' id='block_1_110' title="bbox 1083 2461 1909 2502">
    <p class='ocr_par' dir='ltr' id='par_1_110' title="bbox 1083 2461 1909 2502">
     <span class='ocr_line' id='line_1_111' title="bbox 1083 2461 1909 2502; baseline 0 -9"><span class='ocrx_word' id='word_1_763' title='bbox 1083 2462 1181 2493; x_wconf 69' lang='lat' dir='ltr'><strong>Facile.</strong></span> <span class='ocrx_word' id='word_1_764' title='bbox 1197 2461 1276 2491; x_wconf 85' lang='lat' dir='ltr'><strong>enim</strong></span> <span class='ocrx_word' id='word_1_765' title='bbox 1296 2462 1404 2501; x_wconf 78' lang='lat' dir='ltr'><strong>potius,</strong></span> <span class='ocrx_word' id='word_1_766' title='bbox 1420 2471 1508 2502; x_wconf 83' lang='lat' dir='ltr'><strong>parva</strong></span> <span class='ocrx_word' id='word_1_767' title='bbox 1541 2462 1698 2492; x_wconf 83' lang='lat' dir='ltr'><strong>occasione</strong></span> <span class='ocrx_word' id='word_1_768' title='bbox 1725 2463 1853 2498; x_wconf 87' lang='lat' dir='ltr'><strong>inventa,</strong></span> <span class='ocrx_word' id='word_1_769' title='bbox 1872 2471 1909 2493; x_wconf 83' lang='lat' dir='ltr'><strong>ex</strong></span> 
     </span>
    </p>
   </div>
   <div class='ocr_carea' id='block_1_111' title="bbox 1083 2506 1908 2546">
    <p class='ocr_par' dir='ltr' id='par_1_111' title="bbox 1083 2506 1908 2546">
     <span class='ocr_line' id='line_1_112' title="bbox 1083 2506 1908 2546; baseline 0 -10"><span class='ocrx_word' id='word_1_770' title='bbox 1083 2506 1186 2536; x_wconf 78' lang='lat' dir='ltr'><strong>tunicis</strong></span> <span class='ocrx_word' id='word_1_771' title='bbox 1203 2506 1317 2536; x_wconf 89' lang='lat' dir='ltr'><strong>initnici</strong></span> <span class='ocrx_word' id='word_1_772' title='bbox 1334 2507 1406 2537; x_wconf 84' lang='lat' dir='ltr'><strong>liunl</strong></span> <span class='ocrx_word' id='word_1_773' title='bbox 1435 2507 1487 2537; x_wconf 87' lang='lat' dir='ltr'><strong>Ast</strong></span> <span class='ocrx_word' id='word_1_774' title='bbox 1503 2506 1614 2536; x_wconf 91' lang='lat' dir='ltr'><strong>inimici</strong></span> <span class='ocrx_word' id='word_1_775' title='bbox 1642 2507 1763 2536; x_wconf 80' lang='lat' dir='ltr'><strong>difficile</strong></span> <span class='ocrx_word' id='word_1_776' title='bbox 1779 2507 1908 2546; x_wconf 89' lang='lat' dir='ltr'><strong>conjun-</strong></span> 
     </span>
    </p>
   </div>
   <div class='ocr_carea' id='block_1_112' title="bbox 1086 2551 1907 2592">
    <p class='ocr_par' dir='ltr' id='par_1_112' title="bbox 1086 2551 1907 2592">
     <span class='ocr_line' id='line_1_113' title="bbox 1086 2551 1907 2592; baseline 0.001 -11"><span class='ocrx_word' id='word_1_777' title='bbox 1086 2551 1335 2592; x_wconf 79' lang='lat' dir='ltr'><strong>gttiilamicitiam,</strong></span> <span class='ocrx_word' id='word_1_778' title='bbox 1353 2551 1644 2591; x_wconf 84' lang='lat' dir='ltr'><strong>quamvisbeneﬁciis</strong></span> <span class='ocrx_word' id='word_1_779' title='bbox 1659 2551 1832 2590; x_wconf 73' lang='lat' dir='ltr'><strong>adiciantur,</strong></span> <span class='ocrx_word' id='word_1_780' title='bbox 1850 2551 1907 2582; x_wconf 90' lang='lat' dir='ltr'><strong>d0-</strong></span> 
     </span>
    </p>
   </div>
   <div class='ocr_carea' id='block_1_113' title="bbox 1084 2595 1907 2636">
    <p class='ocr_par' dir='ltr' id='par_1_113' title="bbox 1084 2595 1907 2636">
     <span class='ocr_line' id='line_1_114' title="bbox 1084 2595 1907 2636; baseline -0.001 -9"><span class='ocrx_word' id='word_1_781' title='bbox 1084 2597 1187 2636; x_wconf 76' lang='lat' dir='ltr'><strong>ttisque</strong></span> <span class='ocrx_word' id='word_1_782' title='bbox 1205 2595 1366 2632; x_wconf 89' lang='lat' dir='ltr'><strong>nobilibus,</strong></span> <span class='ocrx_word' id='word_1_783' title='bbox 1379 2601 1408 2626; x_wconf 88' lang='lat' dir='ltr'><strong>et</strong></span> <span class='ocrx_word' id='word_1_784' title='bbox 1420 2596 1534 2635; x_wconf 73' lang='lat' dir='ltr'><strong>magnis</strong></span> <span class='ocrx_word' id='word_1_785' title='bbox 1546 2597 1790 2627; x_wconf 84' lang='lat' dir='ltr'><strong>cohonestentur.</strong></span> <span class='ocrx_word' id='word_1_786' title='bbox 1807 2596 1907 2626; x_wconf 86' lang='lat' dir='ltr'><strong>Vene-</strong></span> 
     </span>
    </p>
   </div>
   <div class='ocr_carea' id='block_1_114' title="bbox 1083 2640 1907 2681">
    <p class='ocr_par' dir='ltr' id='par_1_114' title="bbox 1083 2640 1907 2681">
     <span class='ocr_line' id='line_1_115' title="bbox 1083 2640 1907 2681; baseline 0 -9"><span class='ocrx_word' id='word_1_787' title='bbox 1083 2651 1154 2672; x_wconf 63' lang='lat' dir='ltr'><strong>num</strong></span> <span class='ocrx_word' id='word_1_788' title='bbox 1165 2642 1296 2671; x_wconf 88' lang='lat' dir='ltr'><strong>clausum</strong></span> <span class='ocrx_word' id='word_1_789' title='bbox 1305 2645 1413 2678; x_wconf 76' lang='lat' dir='ltr'><strong>gerunt</strong></span> <span class='ocrx_word' id='word_1_790' title='bbox 1424 2641 1452 2671; x_wconf 91' lang='lat' dir='ltr'><strong>iu</strong></span> <span class='ocrx_word' id='word_1_791' title='bbox 1464 2641 1677 2681; x_wconf 78' lang='lat' dir='ltr'><strong>pectore,quod</strong></span> <span class='ocrx_word' id='word_1_792' title='bbox 1686 2640 1907 2680; x_wconf 82' lang='lat' dir='ltr'><strong>opportunitate</strong></span> 
     </span>
    </p>
   </div>
   <div class='ocr_carea' id='block_1_115' title="bbox 1083 2685 1904 2726">
    <p class='ocr_par' dir='ltr' id='par_1_115' title="bbox 1083 2685 1904 2726">
     <span class='ocr_line' id='line_1_116' title="bbox 1083 2685 1904 2726; baseline -0.001 -9"><span class='ocrx_word' id='word_1_793' title='bbox 1083 2686 1180 2717; x_wconf 75' lang='lat' dir='ltr'><strong>oblata</strong></span> <span class='ocrx_word' id='word_1_794' title='bbox 1195 2695 1260 2715; x_wconf 75' lang='lat' dir='ltr'><strong>mox</strong></span> <span class='ocrx_word' id='word_1_795' title='bbox 1273 2690 1422 2723; x_wconf 87' lang='lat' dir='ltr'><strong>evomunt,</strong></span> <span class='ocrx_word' id='word_1_796' title='bbox 1437 2695 1470 2716; x_wconf 89' lang='lat' dir='ltr'><strong>ac</strong></span> <span class='ocrx_word' id='word_1_797' title='bbox 1484 2686 1684 2716; x_wconf 87' lang='lat' dir='ltr'><strong>benenteritos</strong></span> <span class='ocrx_word' id='word_1_798' title='bbox 1700 2685 1737 2715; x_wconf 91' lang='lat' dir='ltr'><strong>de</strong></span> <span class='ocrx_word' id='word_1_799' title='bbox 1752 2694 1784 2715; x_wconf 91' lang='lat' dir='ltr'><strong>se</strong></span> <span class='ocrx_word' id='word_1_800' title='bbox 1800 2685 1904 2726; x_wconf 87' lang='lat' dir='ltr'><strong>impie,</strong></span> 
     </span>
    </p>
   </div>
   <div class='ocr_carea' id='block_1_116' title="bbox 1083 2728 1906 2769">
    <p class='ocr_par' dir='ltr' id='par_1_116' title="bbox 1083 2728 1906 2769">
     <span class='ocr_line' id='line_1_117' title="bbox 1083 2728 1906 2769; baseline -0.002 -7"><span class='ocrx_word' id='word_1_801' title='bbox 1083 2731 1306 2769; x_wconf 89' lang='lat' dir='ltr'><strong>crudeliterque</strong></span> <span class='ocrx_word' id='word_1_802' title='bbox 1321 2730 1546 2761; x_wconf 86' lang='lat' dir='ltr'><strong>nonformidant</strong></span> <span class='ocrx_word' id='word_1_803' title='bbox 1557 2728 1733 2761; x_wconf 88' lang='lat' dir='ltr'><strong>occidere.0</strong></span> <span class='ocrx_word' id='word_1_804' title='bbox 1743 2734 1906 2760; x_wconf 83' lang='lat' dir='ltr'><strong>extremum</strong></span> 
     </span>
    </p>
   </div>
   <div class='ocr_carea' id='block_1_117' title="bbox 1084 2773 1908 2811">
    <p class='ocr_par' dir='ltr' id='par_1_117' title="bbox 1084 2773 1908 2811">
     <span class='ocr_line' id='line_1_118' title="bbox 1084 2773 1908 2811; baseline -0.001 -4"><span class='ocrx_word' id='word_1_805' title='bbox 1084 2777 1226 2807; x_wconf 85' lang='lat' dir='ltr'><strong>furorem.</strong></span> <span class='ocrx_word' id='word_1_806' title='bbox 1244 2773 1281 2805; x_wconf 86' lang='lat' dir='ltr'><strong>Hi</strong></span> <span class='ocrx_word' id='word_1_807' title='bbox 1293 2779 1361 2805; x_wconf 92' lang='lat' dir='ltr'><strong>sunt</strong></span> <span class='ocrx_word' id='word_1_808' title='bbox 1374 2775 1536 2806; x_wconf 88' lang='lat' dir='ltr'><strong>imitatores</strong></span> <span class='ocrx_word' id='word_1_809' title='bbox 1546 2775 1630 2811; x_wconf 81' lang='lat' dir='ltr'><strong>Cain;</strong></span> <span class='ocrx_word' id='word_1_810' title='bbox 1643 2774 1672 2805; x_wconf 88' lang='lat' dir='ltr'><strong>hi</strong></span> <span class='ocrx_word' id='word_1_811' title='bbox 1683 2774 1830 2805; x_wconf 86' lang='lat' dir='ltr'><strong>Lamecho</strong></span> <span class='ocrx_word' id='word_1_812' title='bbox 1843 2783 1908 2806; x_wconf 89' lang='lat' dir='ltr'><strong>sce-</strong></span> 
     </span>
    </p>
   </div>
   <div class='ocr_carea' id='block_1_118' title="bbox 1085 2819 1906 2860">
    <p class='ocr_par' dir='ltr' id='par_1_118' title="bbox 1085 2819 1906 2860">
     <span class='ocr_line' id='line_1_119' title="bbox 1085 2819 1906 2860; baseline 0 -9"><span class='ocrx_word' id='word_1_813' title='bbox 1085 2821 1256 2857; x_wconf 85' lang='lat' dir='ltr'><strong>leratiores;</strong></span> <span class='ocrx_word' id='word_1_814' title='bbox 1287 2819 1317 2850; x_wconf 93' lang='lat' dir='ltr'><strong>hi</strong></span> <span class='ocrx_word' id='word_1_815' title='bbox 1343 2820 1431 2851; x_wconf 88' lang='lat' dir='ltr'><strong>Saulo</strong></span> <span class='ocrx_word' id='word_1_816' title='bbox 1460 2819 1594 2851; x_wconf 89' lang='lat' dir='ltr'><strong>moribus</strong></span> <span class='ocrx_word' id='word_1_817' title='bbox 1618 2819 1743 2859; x_wconf 87' lang='lat' dir='ltr'><strong>similes,</strong></span> <span class='ocrx_word' id='word_1_818' title='bbox 1761 2828 1906 2860; x_wconf 84' lang='lat' dir='ltr'><strong>sequaces</strong></span> 
     </span>
    </p>
   </div>
  </div>
