1982 3075
81 186 143 220 577

662 189 878 223 ῡΙνΙΝΟΒῐΜ
901 188 1063 222 AMORUM
1086 188 1211 220 LIBER.

1716 189 1775 221 578

79 255 266 297 Judworum,
283 255 367 288 Juda:
388 258 498 295 aemuli,
517 262 546 288 et
561 258 627 298 ejus
644 258 740 298 laquei
755 257 902 289 hzeredes.
916 262 935 286 Α
949 254 1027 285 ueris
1040 253 1198 285 habentem
1214 263 1300 284 aures
1311 253 1462 292 audiendi,
1472 254 1773 295 etobtemperantem

81 300 137 331 His
153 301 177 331 si
195 311 324 341 praeesse
340 302 459 342 quairis,
490 303 647 334 considera
673 313 732 342 quo
746 303 905 334 devenias.

83 355 145 376 non
162 346 243 376 enim
259 356 294 376 co
308 356 339 376 se
356 351 530 377 convertent
553 357 610 387 quo
640 351 670 377 tu
700 347 841 383 volueris,
858 347 909 378 sed

83 394 113 420 te
125 390 263 421 eamdem
274 391 349 421 viam
361 391 515 422 ambulare
525 391 715 432 compellent,
729 397 757 423 et
771 393 909 433 primum,

82 439 155 466 ante
170 435 237 466 illos
253 436 281 466 in
295 440 419 476 pestem,
437 440 466 466 ct
482 436 602 467 exitium
628 437 774 476 incidere,
791 442 820 468 «ιι
835 437 912 467 infra

83 480 166 519 ipsos
182 479 210 509 in
229 481 339 510 foveam
356 480 445 510 imam
463 481 656 518 descendere,
680 486 712 511 ut
732 481 912 521 quieosom-

83 525 157 554 nino
183 524 307 556 comites
322 534 339 555 a
356 530 436 564 tergo
453 525 572 556 habeas.
597 525 679 562 Quod
695 526 721 556 si
737 526 823 565 plane
839 525 911 565 ipsis

81 569 243 600 assitnilari
256 569 450 605 recusaveris,
466 575 495 600 et
506 580 608 600 eorum
623 570 911 609 consilispogitatio-

82 612 234 654 nibusque
252 623 310 644 una
338 613 458 652 auferri,
489 614 657 655 abducique
686 616 828 652 nolueris,
856 624 911 645 nec

81 658 306 688 communicare
322 667 423 688 eorum
441 659 527 689 matis
546 659 701 699 operibus,
718 659 908 695 Seditionem,

83 711 226 741 pugnam,
241 703 349 733 bellum
364 703 849 743 implacabilehabebisindequid
859 704 909 734 tibi

83 746 136 776 fiet
147 747 163 776 ε)
173 747 241 787 quid
255 748 425 787 continget?
437 748 545 783 dicam,
557 749 581 778 si
595 749 691 785 audis,
704 749 774 789 quid
787 748 911 779 lucrisis

81 790 226 828 facturus,
239 792 371 822 etdicam
388 793 703 831 paucisAnteomnia,
713 803 815 824 servus
828 802 911 824 meus

81 844 151 866 esse
167 836 338 876 neutiquam
355 837 476 876 poteris.
497 837 620 868 Servum
637 838 716 868 enim
735 847 833 868 meum
851 847 907 878 pu-

79 889 172 918 gnare
189 882 359 921 neutiquam
375 881 450 912 volo.
471 881 577 913 Odium
595 883 623 913 in
640 883 810 922 prmcordiis
825 883 907 913 fove-

83 924 158 956 bunt
182 930 287 956 contra
309 930 336 956 te
363 926 628 963 irreconciliabile,
659 932 688 957 et
716 927 828 958 cmdem
855 927 907 958 tibi

80 973 187 1007 aperte
202 971 374 1010 occulteque
391 971 563 1011 molientur,
575 977 664 1011 tuque
677 981 728 1011 pro
740 971 812 1011 ipsis
823 972 909 1011 inju-

81 1013 194 1044 dicium
212 1015 320 1045 vocatis
335 1015 530 1056 respondebis
558 1015 638 1046 Nihil
654 1016 763 1056 quippe
775 1020 910 1046 morstua

83 1058 151 1089 aliis
165 1060 376 1096 commodabit,
389 1061 639 1100 quemadmodum
653 1070 717 1091 mea
732 1070 810 1091 mors
820 1061 908 1091 vitam

83 1103 196 1134 mundo
213 1106 339 1144 peperit.
366 1104 443 1140 Quin
472 1109 501 1135 et
524 1105 723 1136 damnationis
749 1115 836 1136 causa
851 1105 910 1136 illis

82 1148 156 1184 eris,
172 1151 200 1178 et
216 1152 245 1178 tu
262 1148 301 1179 ita
326 1149 395 1179 hinc
423 1149 530 1180 abibis.
549 1154 580 1179 ut
597 1149 689 1180 libero
706 1154 733 1180 te
749 1149 910 1180 defendere

82 1202 225 1232 nequeas.
245 1195 365 1224 Praestat
380 1193 479 1234 itaque
502 1194 623 1224 omnino
640 1194 713 1234 regi,
732 1204 790 1224 non
805 1203 910 1234 regere

83 1237 170 1274 tales,
188 1247 298 1278 resque
314 1247 382 1268 suas
398 1247 502 1269 curare
520 1239 717 1279 potissimum,
733 1243 761 1270 et
775 1248 826 1279 pro
838 1239 908 1277 illis,

82 1291 196 1322 proque
211 1283 349 1313 omnibus
365 1283 536 1314 hominibus
552 1292 649 1320 orare,
668 1288 699 1314 ut
715 1293 819 1314 omnes
834 1293 909 1315 con—

86 1332 252 1364 vertantur,
281 1331 310 1358 et
324 1328 360 1358 ad
377 1327 557 1367 agnitionem
575 1328 620 1358 sui
637 1329 790 1368 perveniat
808 1339 815 1364 ;
832 1333 861 1359 et
875 1338 910 1359 ex

85 1371 131 1401 his
139 1371 397 1410 volentesdocere,
406 1382 439 1402 ac
448 1372 563 1413 pietatis
571 1373 748 1404 rudimentis
760 1373 908 1404 imbuere.

83 1415 126 1446 Ne
141 1425 210 1446 vero
227 1426 316 1456 cogas
333 1426 384 1447 eos
399 1417 494 1447 facere
509 1426 574 1457 qum
594 1418 683 1448 (loces
703 1428 710 1454 ;
727 1417 778 1447 sed
795 1427 910 1448 sermo-

85 1469 139 1490 nes
155 1470 237 1490 meos
252 1461 308 1491 illis
323 1462 438 1501 occine,
467 1465 495 1491 et
520 1462 555 1492 ad
586 1471 637 1492 eos
667 1466 697 1492 ut
711 1462 775 1492 vita:
791 1467 908 1493 internae

83 1505 392 1546 conciliatoresopere
409 1506 614 1546 exsequendos
626 1507 793 1538 cohortare.
806 1507 864 1547 Ipsi
880 1507 908 1537 hi

952 299 998 330 his
1014 308 1079 339 quae
1092 298 1185 329 audit.

991 343 1108 374 Faciam
1120 352 1174 382 ego
1186 342 1422 381 istud,Domine,
1431 343 1507 374 sicut
1517 345 1776 384 prmeepistimihi.

953 389 1165 419 Verumtamen
1182 392 1260 418 tuam
1272 397 1370 428 opem,
1385 393 1462 418 tuam
1475 390 1599 427 gratiam
1613 390 1690 420 dona
1703 390 1777 421 mihi

951 432 1073 471 indigno
1091 441 1177 463 servo
1195 437 1256 468 tuo,
1277 432 1355 463 Deus
1372 442 1468 470 meus,
1483 437 1516 463 ut
1530 443 1649 474 semper
1663 435 1778 474 gloriﬁ-

951 486 1016 507 cem
1033 481 1060 507 te
1077 482 1105 507 et
1120 477 1270 507 celebrem
1280 479 1443 516 potentiam
1455 482 1531 507 tuam
1542 479 1777 518 vocibusperen-

952 521 1038 552 nibus
1063 521 1093 551 in
1109 521 1239 551 omnium
1256 521 1433 552 saeculorum
1459 522 1646 553 inﬁnitatem.
1664 524 1772 554 Amen.

1230 580 1353 612 CAPUT
1386 581 1489 613 XXXI.

952 640 1024 674 Quid
1037 641 1073 669 sit
1088 640 1157 668 illud
1174 649 1179 668 :
1198 651 1209 665 ι
1224 639 1377 669 Secundum
1392 642 1542 677 imaginem
1557 653 1567 668 ι
1582 645 1608 671 et
1620 643 1716 672 merito
1731 644 1776 672 in-

987 678 1072 712 telligi
1087 677 1224 704 hominem
1239 677 1382 713 prolotypi
1404 678 1627 712 similitudinem,
1640 687 1687 708 seu
1701 680 1775 708 ima-

986 713 1077 747 ginem
1105 720 1168 750 esse.
1199 713 1366 750 Ditigcntem
1389 713 1525 746 inimicos,
1552 717 1683 750 tanquam
1711 716 1776 744 bene

987 750 1109 787 ine-ritas.
1129 749 1217 787 Deum
1233 749 1351 781 imitari,
1367 749 1470 787 et‘hing
1478 749 1701 785 Spirituaisancti
1710 759 1775 787 par-

988 784 1106 822 ticipem,
1121 783 1264 822 adoptione
1282 787 1314 822 et,
1327 785 1423 822 gratia
1441 783 1534 822 Deum
1558 786 1631 821 ﬁeri,
1647 783 1726 822 atque
1740 787 1775 815 ab

988 820 1022 848 ii:
1035 820 1102 848 satis
1115 820 1250 855 cognosci.
1266 820 1314 855 qui
1328 820 1420 848 eadem
1434 821 1541 856 Spiritu
1556 820 1688 857 aguntan

991 875 1102 913 Gloria,
1119 875 1194 916 laus,
1209 876 1345 915 hymnus,
1359 876 1464 916 gratia,
1481 877 1531 917 qui
1545 877 1600 908 hoc
1617 882 1706 909 totum
1723 887 1775 909 re-

950 929 1015 950 rum
1032 925 1145 951 naturae
1157 930 1231 960 opus
1241 929 1275 951 ex
1287 921 1381 951 nihilo
1391 921 1456 952 Solo
1468 921 1570 962 verbo,
1584 926 1612 953 et
1622 923 1775 955 voluntate

950 975 1002 996 sua
1014 965 1191 1006 procreavit,
1209 965 1270 996 Deo
1287 965 1506 1004 universorum,
1525 967 1575 1006 qui
1590 967 1621 997 in
1644 968 1775 999 trinitate

953 1012 1159 1051 hypostaseon,
1177 1009 1250 1040 etin
1282 1019 1342 1041 una
1368 1010 1495 1041 essentia
1522 1012 1677 1043 aduratur.
1694 1011 1776 1043 Unus

950 1055 1028 1086 Deus
1043 1059 1145 1086 sancta
1169 1054 1312 1091 Trinitas,
1325 1055 1620 1095 supcrsubstantialis
1634 1056 1774 1088 substan-

953 1100 1002 1135 tia,
1019 1109 1078 1130 una
1092 1100 1123 1130 in
1134 1099 1229 1129 tribus
1246 1099 1396 1139 personis,
1413 1104 1441 1130 et
1455 1100 1549 1131 tribus
1563 1100 1771 1140 subsistentiis,

952 1143 1202 1184 insepaiabitibus
1217 1148 1304 1184 atque
1319 1144 1561 1183 indivisibilibus,
1587 1155 1645 1176 una
1659 1151 1773 1185 natura,

952 1198 1010 1220 una
1024 1189 1131 1229 gloria,
1163 1198 1221 1218 una
1245 1189 1349 1225 virtus,
1379 1198 1438 1219 una
1466 1190 1611 1221 voluntas.
1628 1190 1698 1221 Haec
1712 1191 1775 1222 sola

951 1233 1077 1264 creatrix
1091 1239 1136 1264 est
1148 1233 1293 1264 omnium.
1306 1233 1376 1264 Haec
1387 1243 1435 1264 me
1446 1237 1536 1264 totum
1553 1239 1582 1265 et
1591 1235 1652 1266 luto
1667 1236 1775 1267 forma-

951 1279 1001 1315 vit,
1017 1279 1169 1318 inditaque
1185 1278 1283 1308 anima
1300 1278 1331 1308 in
1357 1282 1435 1308 terra
1449 1279 1616 1317 collocavit,
1633 1284 1662 1310 et
1675 1280 1778 1312 lumen

951 1323 1046 1360 dedit,
1061 1323 1092 1353 in
1106 1333 1165 1363 quo
1182 1323 1313 1353 viderem
1333 1327 1363 1353 et
1385 1323 1519 1354 intuerer
1532 1324 1643 1362 omnia,
1667 1334 1776 1365 nempe

952 1368 1031 1398 hunc
1048 1368 1191 1398 mundum
1207 1367 1345 1398 sensibus
1357 1368 1534 1408 expositum,
1545 1369 1650 1406 solem,
1662 1369 1774 1410 lunam,

952 1417 1039 1452 astra,
1053 1412 1173 1448 cmlum,
1187 1416 1307 1449 terram,
1321 1421 1414 1450 mare,
1430 1417 1460 1443 et
1470 1422 1655 1453 quaecunque
1666 1414 1774 1444 suntin

952 1457 1058 1487 horum
1075 1457 1186 1487 medio.
1215 1456 1303 1486 Dedit
1315 1456 1401 1487 etiam
1419 1463 1549 1488 mentem
1574 1462 1604 1488 et
1617 1459 1775 1489 rationem.

952 1502 1096 1532 Attendas
1123 1501 1221 1532 velim.
1249 1500 1421 1532 Secundum
1449 1502 1608 1542 imaginem
1629 1503 1716 1542 igitur
1730 1509 1776 1532 τοῦ

84 1558 239 1580 sermones
257 1554 385 1580 statuent
400 1559 450 1581 eos
465 1554 532 1581 ante
549 1560 606 1586 me,
624 1554 653 1581 et
665 1546 902 1591 unumquemque

968 1547 1031 1586 όγου
1047 1547 1134 1578 datus
1150 1551 1194 1576 est
1214 1546 1312 1584 nobis,
1329 1548 1342 1574 ὁ
1357 1546 1446 1586 λόγος,
1466 1547 1496 1577 id
1513 1552 1568 1585 est,
1584 1549 1664 1579 ratio
1681 1557 1691 1585 ;
1707 1558 1775 1580 nam

89 1602 141 1641 pro
158 1594 273 1641 meritis
285 1594 472 1641 judicabant.
490 1596 531 1626 Tu
548 1595 710 1641 reddendae
725 1590 833 1641 rationi
849 1590 902 1626 nor

967 1603 980 1619 κ
995 1591 1074 1630 λόγου
1096 1591 1210 1631 λογικοὶ,
1228 1590 1258 1621 id
1275 1595 1330 1629 est,
1347 1600 1385 1622 ea:
1416 1593 1534 1623 ratione
1548 1593 1728 1631 Mummios,
1745 1595 1775 1623 ἐκ

84 1638 144 1668 eris
160 1638 317 1675 obnoxius,
335 1643 364 1670 et
379 1639 567 1670 indemnatus
583 1640 669 1680 plane
678 1640 823 1678 manebis,
837 1650 902 1680 quot

967 1637 1042 1677 ὀγου,
1058 1635 1109 1676 qui
1125 1640 1168 1666 est
1183 1638 1294 1676 absque
1308 1636 1466 1676 principio,
1483 1637 1644 1674 increatus,
1661 1638 1774 1669 incom-

84 1684 164 1712 niam
180 1687 333 1722 argentum
351 1684 536 1724 eloquiorum
554 1693 687 1714 meorum
704 1694 764 1715 non
777 1684 907 1716 abscon-
951 1681 1131 1721 prehensus,
1148 1689 1256 1711 vacans
1273 1680 1408 1711 materia.
1422 1680 1470 1711 Sic
1486 1681 1650 1712 secundum
1666 1682 1775 1722 imagi-

84 1727 165 1764 disti,
179 1728 230 1758 sed
248 1732 390 1767 quantum
406 1728 631 1769 ipseaccepisti.
647 1729 785 1760 omnibus
799 1739 909 1769 expen-
951 1735 1019 1756 nem
1048 1725 1147 1756 anima
1176 1726 1318 1765 cujusque
1347 1726 1476 1756 hominis
1504 1726 1601 1765 λογικὴ
1629 1728 1705 1755 εἰκὼν
1729 1733 1776 1756 το)

82 1771 162 1803 disti.
178 1771 240 1802 Hoc
256 1773 329 1803 mihi
344 1773 452 1813 placet,
463 1774 726 1814 hocapostolorum
739 1774 902 1814 etdiscipu-

967 1772 1041 1810 όγου.
1055 1770 1117 1806 Quo
1130 1774 1214 1811 pacto
1226 1769 1241 1799 ?
1253 1771 1327 1802 doce
1337 1780 1394 1801 me.
1407 1771 1537 1801 Attende
1548 1771 1584 1802 ad
1597 1771 1685 1802 verba
1696 1781 1772 1804 mea.

82 1816 179 1847 lorum
195 1826 330 1848 meorum
346 1827 420 1858 opus
435 1818 500 1856 fuit,
517 1819 594 1858 quod
613 1828 668 1849 ma:
692 1819 760 1856 lavi,
779 1819 909 1859 promul-
951 1818 993 1847 Ex
1008 1816 1067 1846 Deo
1082 1815 1162 1846 Deus
1179 1815 1321 1854 Verbum,
1332 1819 1513 1847 cozeternum
1525 1816 1604 1847 Patri
1616 1816 1774 1857 etSpiritui

80 1871 152 1900 gare
169 1861 306 1892 videlicet
322 1872 369 1892 me
385 1862 475 1893 Deum
503 1873 556 1903 per
580 1863 682 1894 orbem
701 1868 861 1902 terrarum,
878 1868 907 1895 et
947 1865 1062 1891 sancto.
1080 1860 1192 1890 Eodem
1209 1860 1298 1890 modo
1313 1864 1342 1890 et
1355 1860 1456 1890 anima
1485 1869 1552 1891 mea
1578 1861 1775 1894 similitudine

81 1906 190 1937 docere
205 1907 369 1937 voluntates
385 1917 418 1938 ac
435 1908 573 1939 mandata
583 1918 659 1945 mea,
674 1909 906 1949 eaquehumano
947 1905 1073 1946 quadam
1090 1905 1181 1935 illius.
1199 1905 1317 1935 Habens
1334 1906 1413 1935 enim
1430 1909 1559 1936 tuentem
1572 1910 1602 1937 et
1613 1907 1771 1946 ratioiiem,

81 1952 185 1990 generi
203 1952 367 1992 perscripta
382 1952 562 1992 relinquere.
581 1952 629 1984 Sic
640 1959 669 1984 tu
678 1963 794 1994 quoque
810 1953 907 1985 facere
948 1950 1038 1982 habet
1054 1950 1114 1981 haec
1126 1950 1291 1980 secundum
1301 1951 1461 1981 essentiam
1480 1950 1616 1988 indivisa,
1631 1957 1660 1983 et
1671 1953 1773 1983 incon-

82 2001 111 2026 et
130 1996 238 2027 docere
251 1996 382 2027 elabora.
396 1997 787 2029 Nolenlibuitautemaudire
795 2008 893 2030 sermo
949 1996 1012 2026 fusa
1020 1994 1158 2025 similiter
1169 1995 1441 2032 consubstantialia,
1453 2004 1545 2026 unum
1557 1996 1620 2027 haec
1632 1997 1686 2028 tria
1702 1997 1771 2028 uni-

80 2050 133 2071 nes
150 2050 243 2077 meos,
259 2042 567 2082 responde,quodego
578 2043 716 2083 respondi
730 2043 906 2083 quibusdam
951 2040 1015 2078 tim,
1028 2045 1058 2071 et
1072 2039 1189 2070 divisim
1206 2039 1273 2076 tria,
1291 2049 1355 2080 qua:
1372 2048 1491 2079 semper
1503 2044 1532 2070 et
1544 2041 1772 2081 unita,etdivisa

80 2085 269 2116 dicentibus?
285 2087 385 2117 Durus
398 2086 499 2118 cst/lic
509 2096 620 2124 sermo,
634 2092 662 2118 et
676 2091 743 2127 quis
753 2092 905 2128 potestau-
950 2089 1018 2116 sunt
1033 2094 1040 2114 :
1057 2084 1199 2115 uniuntur
1228 2085 1308 2115 enim
1336 2085 1501 2122 inconfuse,
1533 2089 1561 2115 et
1576 2091 1774 2118 secernuntur

80 2131 145 2160 dire
155 2139 221 2161 eum
233 2129 290 2161 4t?
305 2131 365 2161 dixi
383 2141 465 2170 ergo,
482 2131 511 2162 Si
528 2132 571 2162 sic
586 2142 642 2162 non
659 2132 758 2167 vultis,
777 2133 858 2168 itote,
880 2137 910 2165 ei
951 2129 1088 2160 indivise.
1106 2128 1137 2160 Si
1150 2138 1241 2159 unum
1268 2138 1302 2160 ex
1331 2128 1378 2159 his
1405 2128 1574 2166 deduceris,
1600 2130 1700 2161 omnia
1715 2132 1770 2162 de-

81 2174 647 2217 facitequilibetquodlibet;totumque
660 2174 1081 2217 eorumpotestatihduxel’is-
1099 2174 1207 2204 Anima
1235 2173 1300 2204 Siue
1330 2173 1446 2204 Γὸιίοηθ
1473 2177 1502 2204 ει
1532 2179 1642 2213 meme,
1673 2176 1771 2207 Simile

82 2223 111 2250 et
125 2219 247 2250 arbitrio
265 2220 398 2260 permisi,
411 2224 442 2250 ut
457 2220 481 2250 si
494 2225 630 2258 mortem,
643 2230 695 2251 seu
708 2221 795 2251 vitam
813 2222 905 2260 elige—
919 2218 1090 2258 “quiddam
1106 2218 1259 2249 brutorum
1275 2222 1322 2249 est
1339 2229 1346 2247 :
1374 2218 1487 2258 absque
1515 2219 1612 2250 anima
1629 2229 1696 2252 vero
1711 2231 1772 2253 non

81 2267 158 2294 rent.
176 2264 270 2295 Nemo
287 2265 366 2295 enim
382 2265 540 2305 aliquando
557 2270 662 2304 praeter
674 2265 868 2304 voluntaiem,
880 2270 909 2297 et
951 2267 1047 2304 potest
1057 2264 1131 2294 ratio
1141 2263 1315 2294 subsistere.
1337 2262 1384 2294 Sic
1396 2272 1465 2302 ergo
1479 2273 1513 2294 ex
1526 2263 1656 2303 imagine
1667 2271 1769 2305 proto-

82 2309 284 2339 inductionem
302 2309 393 2340 animi
410 2309 506 2340 bonus
521 2310 574 2340 fuit
589 2319 596 2348 ;
616 2319 714 2350 neque
731 2310 870 2348 inﬁdelis,
885 2311 909 2342 si
951 2313 1038 2349 lypon
1050 2308 1194 2348 intellige.
1206 2308 1395 2348 SineSpiritu
1405 2317 1460 2339 nec
1469 2310 1563 2346 Pater,
1574 2318 1628 2340 nec
1639 2309 1769 2342 Verbum

80 2353 164 2390 nolit,
183 2353 279 2384 fidelis
294 2354 351 2384 erit
367 2364 374 2391 ;
391 2363 446 2384 nec
462 2354 574 2385 amicus
591 2355 705 2392 mundi,
717 2355 830 2386 amicus
842 2355 907 2391 Dei.

82 2397 237 2437 Nunquam
255 2398 362 2428 stultus
372 2403 477 2439 praeter
489 2399 666 2430 voluntatem
687 2403 796 2430 mutato
809 2401 908 2432 animo

81 2441 189 2482 probus
203 2443 264 2472 ﬁet.
277 2442 381 2474 Nullus
391 2443 468 2473 enim
481 2448 595 2479 natura,
609 2444 906 2485 sodconsilinetpro—

81 2487 176 2527 posito
193 2487 301 2517 mentis
314 2487 405 2518 factus
417 2493 460 2518 est
471 2488 624 2529 improbus
639 2499 644 2520 :
672 2489 715 2520 sic
727 2489 855 2520 vicissim
872 2500 906 2521 ex

81 2541 218 2572 perverso
232 2536 319 2572 atque
336 2533 483 2573 improbo-
501 2533 647 2564 sententia
663 2538 691 2565 et
709 2534 862 2571 arbitratu,
880 2536 905 2566 si

82 2576 234 2617 placuerit,
253 2577 363 2617 probus
379 2582 408 2608 et
423 2578 539 2618 integer
564 2579 613 2609 fiet
632 2588 638 2610 :
672 2580 751 2619 quod
779 2579 802 2609 si
818 2581 902 2618 nolit,

80 2622 243 2652 voluntarie
259 2631 443 2663 nequaquam
460 2624 525 2654 talis
555 2623 622 2655 erit.
655 2623 747 2654 Nemo
763 2624 793 2655 in
811 2625 905 2656 isthoc

82 2665 190 2697 mundo
198 2666 305 2697 invitus
314 2667 568 2707 virtutist‘ungetur
576 2668 684 2700 ofﬁcio.
693 2668 786 2700 Nemo
798 2670 905 2700 nolens

951 2354 1016 2393 ejus
1032 2354 1098 2384 erit.
1117 2353 1202 2384 Pater
1229 2358 1274 2384 est
1302 2353 1438 2393 Spiritus,
1476 2358 1505 2384 et
1534 2353 1625 2385 Filius
1648 2356 1712 2395 ejus
1727 2362 1773 2388 est

951 2397 1090 2438 Spiritus,
1103 2398 1221 2428 tametsi
1233 2407 1351 2428 carnem
1366 2398 1508 2436 induit,et
1519 2408 1636 2430 rursum
1645 2399 1770 2440 Spiritus

949 2443 1028 2474 Deus
1045 2448 1110 2474 est:
1143 2452 1232 2473 unum
1249 2443 1329 2473 enim
1351 2448 1465 2483 natura,
1496 2448 1524 2474 et
1539 2445 1669 2476 essentia
1684 2446 1770 2479 ambo

948 2493 1027 2529 sunt,
1041 2489 1117 2519 sicut
1129 2497 1225 2524 mens,
1239 2487 1372 2518 animaet
1382 2488 1468 2519 ratio.
1483 2489 1542 2520 Sed
1556 2490 1770 2532 Paterquidem

948 2533 1079 2564 Verbum
1096 2543 1130 2564 ex
1155 2543 1188 2564 se
1217 2533 1321 2573 genuit
1345 2533 1549 2565 inetfabiliter.
1573 2535 1656 2566 Sicut
1670 2541 1769 2568 autem

947 2587 1032 2609 mens
1045 2582 1133 2609 estex
1144 2578 1244 2608 anima
1256 2587 1333 2616 mea,
1348 2579 1391 2608 vel
1406 2578 1503 2618 potius
1523 2579 1554 2609 in
1569 2580 1668 2611 anima
1683 2591 1767 2623 mea;

946 2626 990 2656 sic
1005 2633 1039 2654 ex
1056 2623 1140 2654 Patre
1156 2623 1294 2663 Spiritus,
1326 2623 1371 2653 vel
1397 2623 1494 2663 potius
1509 2624 1540 2654 in
1556 2624 1641 2656 Patre
1658 2631 1768 2664 manet,

947 2673 976 2699 et
992 2669 1126 2709 procedit
1139 2668 1227 2699 modo
1243 2668 1454 2708 inexplicabili.
1473 2668 1626 2704 Quomodo
1648 2679 1768 2702 rursum
1802 2672 1809 2675 “

81 2711 209 2742 salvalur
224 2722 230 2740 :
247 2711 304 2742 hoc
319 2722 357 2743 ne
372 2712 439 2753 plus
461 2722 570 2752 quaere.
588 2712 630 2744 Da
645 2723 766 2754 operam
791 2714 904 2745 salvare
946 2723 1031 2745 mens
1047 2723 1111 2744 mea
1126 2722 1247 2753 semper
1260 2717 1385 2752 generat
1399 2713 1557 2752 rationem,
1575 2718 1603 2745 et
1617 2715 1767 2755 producit,

81 2759 152 2794 te,et
162 2756 317 2787 audientes
330 2761 370 2795 te,
385 2757 408 2787 si
420 2757 495 2788 forte
507 2757 537 2788 in
552 2761 632 2789 terra
646 2758 800 2789 hominum
817 2758 901 2790 inve-
945 2763 974 2789 et
989 2759 1106 2796 emittit,
1124 2762 1154 2789 et
1169 2762 1267 2788 notam
1282 2758 1353 2788 facit
1367 2758 1514 2797 omnibus,
1533 2768 1592 2790 non
1609 2764 1706 2792 tamen
1722 2770 1767 2792 se-

118 2835 149 2861 “
161 2836 249 2868 Joan.
266 2845 308 2878 vr,
326 2838 376 2869 61.
