1982 3075
201 171 260 206 5³79
857 167 1048 205 SYMEONIS

202 243 321 282 paratur
336 237 371 268 ab
388 246 421 282 ea
435 245 440 264 :
456 235 508 282 sed
522 236 615 276 gignit
628 236 785 274 rationem,
801 241 830 268 et
844 237 874 268 in
891 248 922 269 se
934 238 1026 269 conti-
1037 244 1056 268 A

203 280 320 317 net‘?ita
327 281 459 321 intelligo
467 280 584 311 Patrem
593 291 647 321 gen
653 282 730 313 uisse
738 282 877 320 Verbum,
886 283 1024 323 quoniam

203 337 322 369 semper
336 330 467 366 generat,
487 326 566 357 nullo
595 331 692 357 autem
725 328 811 357 modo
827 327 863 358 ab
880 329 936 358 hoc
951 328 1024 358 Filio

202 376 288 407 Pater
303 376 467 412 separatur,
486 370 536 401 sed
554 371 582 401 in
599 371 672 403 Filio
688 372 830 410 cernitur,
848 375 876 402 et
891 372 983 405 Filius
997 376 1024 405 in

202 430 237 452 θο
255 421 365 450 manet.

241 463 323 494 Hanc
333 461 492 500 imaginem
508 461 561 491 etsi
574 460 701 492 obscura
712 466 768 498 est,
782 472 846 493 eam
864 467 962 494 tamen
974 474 1024 495 ac-

203 512 304 540 curate
333 510 432 537 nostra
462 505 620 544 descripsit
656 515 690 536 ac
727 506 893 538 informavit
921 509 1024 545 oratio,

203 564 289 597 quam
303 560 452 592 nunquam
464 549 587 597 videbis,
602 559 698 591 neque
711 552 935 591 intelliges,nisi
945 554 1027 593 prius

203 595 362 640 imaginem
378 601 455 627 tuam
470 595 535 626 labe
555 597 725 635 purgaveris
742 602 828 637 atque
844 598 955 629 elueris
970 599 1026 629 nisi

203 646 286 687 prius
297 640 502 674 affectionibus
512 641 608 680 pravis
620 640 755 671 obrutam
767 642 892 679 erueris,
911 647 939 674 et
955 653 1025 683 per—

204 685 279 722 l‘ecte
296 686 481 722 absterseris,
499 690 589 725 atque
606 685 950 719 utnivemdealbaveris.
963 688 1025 719 Hoc

204 744 270 766 cum
281 729 466 773 prmstiteris,
479 741 485 757 ι
498 731 612 769 tipsam
625 729 716 769 probe
728 731 910 770 purgaveris,
925 736 952 762 et
965 742 1031 773 per-

204 779 382 816 fectaimago
394 775 502 808 fuerit;
517 777 691 814 prototypon
704 775 780 806 haud
797 776 1030 817 videbis,neque

204 823 364 862 intelliges,
383 819 438 850 nisi
455 818 508 849 tibi
525 828 577 858 per
592 818 737 858 Spiritum
763 824 897 851 sanctum
913 822 1029 852 revele-

1067 161 1242 197 JUNIORIS
1840 159 1911 191 580

1068 232 1200 272 ignotum
1215 231 1263 262 his
1279 230 1329 271 qui
1352 229 1451 261 cordis
1480 228 1637 269 puritatem
1653 237 1712 258 non
1728 226 1905 272 acquisive-

1069 270 1148 312 runt,
1167 270 1297 315 ignotum
1315 275 1421 315 cupide
1434 283 1492 304 non
1509 273 1702 304 credentibus
1718 275 1749 302 ut
1765 270 1904 301 divinum

1067 321 1210 361 Spiritum
1223 320 1378 360 accipiant,
1392 320 1522 359 ignotum
1535 327 1594 348 non
1601 315 1903 361 credentibus,eti_am

1068 359 1449 405 modoimperitiSpiritum
1466 366 1599 394 sanctum
1619 360 1831 405 poscentibus:
1850 359 1902 390 in-

1068 404 1227 441 credulitas
1242 409 1320 440 enim
1337 413 1418 439 arcet
1428 407 1586 448 acrepellit
1597 406 1729 437 divinum
1739 404 1899 445 Spiritum.

1068 454 1122 491 Qui
1134 464 1192 485 non
1205 454 1313 491 credit,
1324 463 1381 484 non
1393 453 1486 493 petit;
1505 447 1557 492 qui
1583 461 1639 482 non
1653 450 1738 491 petit,
1750 459 1810 480 non
1821 447 1903 479 acci-

1069 499 1128 539 pit;
1143 498 1192 538 qui
1205 507 1262 529 non
1277 498 1395 538 accipit,
1408 501 1451 528 est
1461 500 1614 533 mortuus;
1633 499 1782 525 mortuum
1798 496 1902 523 autem

1068 537 1133 583 quis
1150 537 1207 573 non
1225 537 1361 582 plorabit,
1389 542 1459 582 quia
1486 550 1553 571 cum
1581 544 1715 570 mortuus
1731 538 1781 574 sit,
1798 537 1904 567 vivere

1068 597 1098 618 sr
1111 586 1281 618 existimat?
1295 586 1383 616 Plane
1400 585 1507 616 mortui
1524 589 1656 615 mortuos
1672 592 1824 623 nunquam
1844 591 1904 612 nec

1067 632 1179 668 videre,
1205 641 1258 662 nec
1275 630 1432 661 lamentari
1446 633 1577 670 queunt:
1609 628 1665 659 vivi
1681 629 1735 659 hos
1751 626 1904 666 videntes,

1068 677 1278 708 lamentantur.
1309 674 1417 705 Vident
1445 674 1554 714 quippe
1577 682 1686 704 novum
1719 676 1902 708 monstrum,

1071 721 1185 752 occisos
1199 721 1338 757 viventes,
1368 718 1439 759 quin
1465 723 1493 748 et
1523 718 1777 753 obambulantes;
1808 723 1907 746 caecos

1071 770 1206 805 putantes
1222 775 1254 795 se
1268 765 1413 805 aspicere,
1444 767 1472 793 et
1501 772 1603 793 revera
1633 762 1739 792 surdos
1752 760 1903 791 arbitran-

1071 804 1114 841 tes
1130 820 1161 841 se
1187 804 1428 840 audire.’Vivunt
1456 817 1541 848 sane,
1559 812 1587 838 et
1603 807 1739 843 audiunt,
1757 810 1786 836 et
1801 804 1908 834 vident

205 874 274 900 tur:
289 848 389 897 oinnia
401 864 480 895 enim
494 848 579 893 ddcet
590 848 730 902 Spiritus,
747 865 777 895 in
793 848 1030 897 lumine-ineii‘a-
1043 865 1060 889 Β
1073 859 1102 886 ut
1131 855 1261 902 pecudes
1275 865 1297 902 ;__
1367 862 1425 902 non
1451 852 1650 902 intelligentes
1665 850 1846 902 intelligunt,
1868 848 1901 879 in

207 913 258 944 bili
274 911 433 949 refulgens.
447 907 599 943 Quatenus
612 907 821 947 intelliguntur
833 909 1031 949 intelligibilia

206 957 259 989 tibi
274 955 374 987 omnia
389 951 613 990 demonstrabit,
640 957 783 992 quantum
815 954 917 985 videre
936 959 1028 995 potes,

206 1006 347 1043 quantum
364 999 450 1028 homo
466 997 580 1043 assequi
598 1001 705 1038 potest,
722 998 887 1029 secundum
904 1009 1028 1040 propor-

206 1042 316 1078 tionem
334 1047 463 1085 purgatze
477 1042 584 1072 animae
607 1046 663 1072 tua?
681 1051 688 1078 ;
706 1047 735 1073 et
757 1053 880 1083 operum
896 1044 1029 1084 diligenti

204 1091 368 1123 imitatione
382 1088 443 1119 Deo
456 1086 674 1123 assimilabere,
687 1089 897 1127 temperantia,
911 1089 1028 1120 fortitu-

205 1137 286 1176 dine,
301 1133 495 1169 humanitate,
512 1132 705 1162 lentationum
723 1132 878 1163 tolerantia
891 1137 919 1163 et
935 1134 1026 1164 chari-

207 1185 264 1212 late
279 1176 579 1210 adversusinimicos.
594 1177 656 1207 Hoc
664 1177 743 1207 enim
763 1177 955 1208 humanitatis
972 1182 1028 1218 est,

206 1229 237 1256 ut
262 1223 431 1256 benefacias
460 1220 599 1257 inimicis,
631 1225 659 1251 et
689 1225 827 1261 tanquam
859 1222 971 1253 amicos
996 1233 1030 1253 ac

208 1271 438 1301 benemerentes
454 1275 504 1296 eos
520 1265 634 1305 diligas,
652 1268 683 1297 οἱ
706 1275 774 1297 ores
805 1275 857 1306 pro
887 1267 924 1297 iis
937 1268 987 1307 qui
1003 1272 1031 1298 te

208 1316 436 1355 persequuntur,
451 1309 626 1355 etcharitate
633 1310 784 1350 aequaliter
795 1320 865 1350 erga
877 1321 992 1350 omnes,
1004 1317 1033 1343 et

208 1354 302 1390 bonos
317 1361 346 1388 et
361 1356 465 1389 malos,
484 1354 681 1395 propendeas,
699 1357 792 1395 etquo
807 1355 946 1387 omnibus
954 1366 1030 1396 quo-

208 1403 281 1435 tidie
297 1411 391 1443 ponas
416 1399 543 1430 animam
572 1402 663 1436 tuam,
695 1408 747 1438 pro
776 1400 880 1434 salute,
900 1402 1031 1440 inquam,

208 1447 308 1484 unius,
325 1450 375 1478 aut
389 1445 413 1476 si
429 1443 494 1475 ﬁeri
511 1447 610 1484 queat,
628 1445 774 1474 omnium.

249 1492 318 1523 Hmc
335 1495 373 1528 te,
395 1489 447 1526 ﬁli,
464 1489 642 1519 imitatorem
669 1488 788 1519 Domini
813 1489 920 1520 facient
935 1494 964 1521 et
979 1499 1030 1521 ve—

209 1546 271 1569 ram
288 1541 315 1567 te
331 1534 480 1566 Creatoris
494 1532 654 1572 imaginem
672 1532 798 1564 reddent
815 1544 821 1565 :
853 1533 1029 1565 imitatorem
1041 1552 1060 1576 ε

209 1581 315 1613 divinae
331 1577 523 1619 perfectionis
550 1586 604 1616 per
633 1576 743 1608 omnia.
775 1577 916 1609 Conditor
930 1582 1030 1608 autem

209 1630 291 1661 tunc,
320 1623 439 1654 adverte
467 1621 614 1662 animum,
639 1621 774 1662 divinum
805 1621 946 1662 Spiritum
980 1622 1033 1653 tibi

211 1665 297 1697 mitti.
315 1673 374 1694 non
391 1662 479 1693 aliam
494 1670 580 1701 quam
598 1661 728 1692 habuisti
743 1661 884 1699 animam,
901 1662 953 1693 sed
971 1663 1034 1702 spi-

210 1711 300 1742 ritum
317 1718 351 1739 ex
365 1707 440 1745 Deo,
458 1709 486 1736 et
501 1705 667 1745 inspirabit,
704 1710 733 1736 et
749 1706 926 1737 inhabitabit
943 1710 972 1737 et
986 1715 1035 1737 es—

211 1751 512 1787 sentialiterincolet,
532 1754 561 1780 et
589 1750 776 1789 illuminabit,
809 1755 837 1782 et
853 1751 1034 1789 clariﬁcabit,

212 1805 241 1832 et
256 1808 359 1831 rursus
376 1796 515 1828 conﬁabit
532 1800 569 1831 te,
596 1795 880 1836 corruptibilemque
895 1796 1035 1826 incorru-

212 1846 345 1888 ptibilem
362 1842 522 1885 praestabit,
537 1845 566 1872 et
577 1842 771 1888 inveteratam
786 1842 892 1873 anima:
910 1846 966 1873 tuae
981 1842 1037 1873 do-

212 1887 294 1923 mum
310 1887 476 1921 renovabil.
492 1887 563 1918 Cum
594 1887 649 1917 hac
675 1891 703 1917 et
718 1896 826 1927 corpus
840 1891 922 1917 tuum
940 1887 1035 1918 solum

212 1934 467 1975 incorruptionem
479 1931 593 1962 induet.
607 1930 682 1967 Quin
695 1931 785 1962 deum
799 1935 828 1962 te
840 1941 893 1972 per
900 1932 1035 1971 gratiam,

213 1984 374 2022 propotypo
391 1977 520 2022 similem
546 1975 661 2007 eﬁiciet.
690 1975 870 2022 incredibile
899 1976 990 2022 dictu.
1009 1980 1038 2007 et

214 2020 321 2056 mirum
339 2032 410 2054 sane
424 2025 453 2052 et
467 2021 598 2060 ignotum
616 2020 754 2051 omnibus
770 2021 820 2061 qui
835 2020 871 2051 ab
883 2020 1039 2052 aﬁ‘ectibus

214 2069 320 2110 captivi
351 2070 500 2103 tenentur,
531 2065 663 2110 ignotum
708 2065 810 2096 mundi
844 2065 1036 2102 amatoribus,

213 2109 345 2153 ignotum
361 2111 463 2151 gloriae
478 2109 605 2150 cupidis,
633 2109 765 2149 ignotum
783 2109 932 2149 superbis,
951 2109 1037 2149 igno—

1072 909 1161 930 sensu
1176 898 1355 935 insensibili,
1374 898 1404 927 in
1434 898 1490 927 vita
1519 901 1644 927 mortua.
1677 896 1758 927 Licet
1774 894 1855 925 enim
1874 898 1905 923 et

1072 953 1132 974 non
1148 944 1291 974 viventem
1310 943 1419 979 vivere,
1438 945 1467 972 et
1491 951 1550 972 non
1576 941 1721 971 viventem
1739 939 1852 975 videre,
1872 943 1905 968 et.

1071 998 1130 1018 non
1146 988 1315 1019 audientem
1331 987 1445 1017 audire.

1110 1032 1272 1070 Quomodo,
1291 1032 1337 1062 dic
1353 1031 1436 1068 mihi,
1469 1030 1517 1060 dic
1545 1029 1711 1067 confestim,
1729 1028 1904 1069 quicunque

1070 1077 1170 1108 vivunt
1185 1077 1349 1108 secundum
1377 1085 1507 1112 carnem,
1539 1075 1709 1114 quicunque
1737 1082 1785 1103 res
1811 1072 1905 1111 hujus

1072 1122 1173 1152 mundi
1199 1122 1394 1158 admirantur,
1420 1120 1469 1160 qui
1500 1119 1666 1150 carnalibus
1690 1118 1831 1148 duntaxat
1845 1126 1903 1147 au-

1070 1167 1152 1198 ribus
1167 1167 1299 1206 audiunt,
1318 1166 1431 1196 divinos
1460 1174 1494 1194 ac
1524 1164 1661 1194 caelestes
1683 1171 1837 1193 sermones
1852 1171 1906 1192 au-

1071 1211 1263 1242 scultabunt?
1289 1210 1323 1240 Hi
1348 1218 1452 1240 omnes
1466 1208 1630 1239 secundum
1646 1207 1783 1248 spiritum
1800 1206 1904 1242 surdi,

1072 1257 1152 1296 caeci,
1181 1255 1287 1286 mortui
1318 1259 1396 1286 sunt.
1427 1254 1552 1284 Prorsus
1582 1253 1662 1283 enim
1691 1261 1726 1282 ex
1753 1251 1813 1281 Deo
1840 1259 1903 1280 non

1073 1306 1151 1339 sunt,
1183 1306 1213 1331 ut
1241 1300 1361 1338 vivant;
1392 1309 1447 1330 nec
1475 1301 1665 1338 acceperunt,
1692 1305 1747 1327 nec
1762 1296 1904 1326 viderunt

1075 1346 1174 1376 lumen
1191 1345 1333 1375 divinum.
1366 1344 1448 1380 Quod
1479 1353 1544 1374 cum
1575 1342 1697 1372 minime
1726 1341 1834 1371 factum
1851 1339 1902 1377 sit,

1074 1391 1192 1431 pt-nitus
1208 1390 1291 1420 surdi
1316 1395 1500 1420 manserunt.
1527 1387 1592 1418 Jam
1615 1395 1683 1417 vero
1700 1385 1784 1425 tales,
1801 1393 1903 1425 quaeso

1074 1429 1112 1472 te,
1132 1443 1185 1464 cur
1200 1433 1358 1465 Christiani
1384 1431 1551 1464 vocentur?
1578 1431 1654 1462 Audi
1673 1430 1805 1461 divinum
1823 1429 1902 1459 Pau-

1074 1479 1133 1509 lum
1151 1479 1213 1509 haec
1236 1478 1288 1509 tibi
1304 1477 1460 1518 perspicue
1475 1476 1691 1516 signiﬁcantem
1708 1485 1716 1513 ;
1743 1474 1788 1505 vel
1805 1473 1903 1513 potius

1072 1523 1140 1554 audi
1156 1524 1304 1554 Christum
1330 1523 1522 1563 loquentem;
1549 1522 1645 1551 Primo
1674 1521 1763 1550 homo
1787 1522 1901 1549 eterra

1074 1568 1160 1608 plane
1170 1572 1287 1599 creatus
1297 1571 1341 1597 est
1353 1562 1524 1604 {secundus
1536 1566 1624 1596 homo
1639 1564 1675 1594 de
1689 1564 1764 1594 coelo
1778 1562 1905 1593 descen—

1074 1607 1164 1643 dit“.
1183 1611 1298 1643 Adhibe
1313 1616 1341 1642 te
1367 1612 1466 1642 dictis.
1493 1610 1594 1647 Qualis
1610 1609 1699 1649 igitur
1715 1612 1759 1638 est
1775 1607 1902 1648 primus,

1076 1661 1212 1689 terrenus
1228 1657 1377 1694 videlicet,
1395 1657 1469 1687 tales
1485 1655 1574 1686 etiam
1603 1654 1654 1694 qui
1673 1663 1707 1684 ex
1724 1662 1758 1683 eo
1774 1656 1904 1692 gtgnun-

1079 1708 1137 1739 tur,
1168 1711 1272 1732 omnes
1303 1702 1425 1732 terreni.
1452 1700 1552 1736 Qualis
1579 1703 1674 1729 autem
1699 1697 1832 1729 Christus
1849 1701 1903 1735 est,

1079 1746 1207 1778 cmlestis
1222 1746 1377 1782 Dominus,
1409 1745 1481 1776 tales
1509 1744 1645 1775 C(elestes
1673 1751 1788 1779 omnes,
1807 1742 1858 1782 qui
1875 1741 1904 1771 in

1080 1801 1147 1822 eum
1164 1790 1363 1822 crediderunt.
1382 1790 1441 1820 nati
1456 1790 1564 1826 denuo,
1598 1787 1734 1828 baptizati
1749 1790 1777 1817 in
1793 1787 1906 1827 Spiritu

1078 1841 1190 1867 sancto.
1208 1835 1307 1871 Qualis
1323 1839 1368 1865 est
1382 1834 1432 1875 qui
1447 1834 1559 1874 genuit,
1591 1833 1669 1863 Deus
1683 1841 1763 1870 vere,
1781 1832 1853 1861 tales
1869 1840 1905 1861 ex

1078 1881 1142 1921 ipso
1156 1881 1258 1920 geniti,
1276 1889 1310 1910 ex
1339 1881 1397 1911 Deo
1422 1879 1463 1909 dii
1493 1887 1545 1919 per
1574 1877 1775 1917 adoptionem,
1805 1876 1905 1921 etrﬁh't'

1078 1920 1201 1956 Excelsi
1215 1933 1318 1956 omnes
1332 1925 1373 1964 47,
1391 1929 1422 1955 ut
1439 1924 1569 1953 divinum
1599 1931 1633 1952 os
1656 1921 1762 1961 inquit.
1789 1920 1906 1952 Audisti

1080 1971 1134 2003 Dei
1154 1970 1243 2002 verba
1253 1970 1268 2000 ‘2
1283 1970 1389 2001 audisti
1405 1968 1654 2010 quemadmodum
1671 1967 1773 1998 ﬁdeles
1788 1966 1825 1997 ab
1840 1966 1905 1996 aliis

1081 2015 1242 2047 secernat?
1271 2014 1522 2056 quemadmodum
1549 2012 1642 2043 servis
1670 2012 1731 2042 suis
1747 2012 1861 2051 signum
1878 2015 1906 2041 et

1081 2065 1180 2092 notam
1196 2060 1323 2098 dederit,
1356 2069 1392 2090 ne
1422 2059 1602 2090 seducantur
1628 2057 1794 2088 alienorum
1812 2056 1904 2096 magi-

1081 2112 1191 2138 trorum
1207 2105 1424 2137 sermonibus?
1453 2104 1582 2140 Primus,
1614 2103 1719 2143 inquit,
1750 2102 1787 2133 de
1816 2106 1904 2139 terra,

214 2147 276 2189 tum
293 2147 457 2192 iracundis,
475 2147 607 2193 ignotum
624 2147 764 2193 iniuriam
783 2147 840 2184 non
857 2147 1036 2184 obliviscen-
1050 2151 1150 2192 unia
1165 2156 1299 2183 terrenus
1312 2154 1429 2181 creatus
1454 2153 1508 2180 est.
1535 2147 1692 2179 Secundus
1706 2151 1802 2177 autem
1819 2147 1906 2177 homo

216 2202 306 2240 tibus,
325 2203 458 2241 ignotum
474 2198 574 2229 carnis
589 2197 768 2234 amantibus,
785 2198 917 2237 ignotum
932 2199 1038 2239 avaris,

215 2247 347 2287 ignotum
378 2243 496 2280 invidis,
540 2243 673 2282 ignotum
703 2242 841 2273 omnibus
871 2242 1037 2281 maledicis,

215 2292 348 2331 ignotum
366 2287 538 2329 hypocritis,
564 2289 695 2326 ignotum
721 2287 891 2326 gulonibus,
906 2287 1036 2326 ignotum

216 2337 290 2367 clam
303 2333 486 2370 vorantibus,
499 2331 626 2364 ebriosis
636 2331 895 2369 etscortatoribus,
906 2332 1037 2371 ignotum

171 2416 174 2419 ,
215 2381 311 2413 otiose
325 2377 536 2417 fabulantibus,
566 2377 697 2416 ignotum
724 2376 820 2416 turpia
836 2376 1037 2416 loquentibus,

215 2427 344 2465 ignotum
361 2421 547 2457 socordibus,
566 2422 696 2460 ignotum
722 2421 818 2461 turpia
832 2421 1035 2461 loquentibus.

216 2471 304 2501 horas
329 2467 557 2508 negligentibus,
587 2466 719 2505 ignotum
758 2475 818 2496 non
854 2466 986 2506 quotidie
1013 2470 1042 2497 et

213 2513 326 2555 jugiter
340 2511 522 2552 lugentibus,
552 2510 684 2550 ignotum
714 2510 889 2551 rebellibus,
907 2510 1038 2549 ignotum

217 2556 497 2593 contradictoribus,
514 2556 646 2595 ignotum
663 2556 699 2586 ad
716 2556 857 2596 placitum
873 2560 901 2586 et
932 2565 1040 2585 nume-

217 2613 267 2635 ros
284 2612 353 2634 suos
375 2600 550 2637 viventibus,
574 2600 707 2640 ignotum
732 2599 903 2640 putantibus
928 2609 960 2630 se
976 2609 1042 2630 esse

217 2648 329 2689 aliquid
345 2657 411 2678 cum
428 2645 502 2677 nihil
517 2646 577 2675 sint
592 2646 635 2682 45,
653 2646 785 2684 ignotum
802 2644 999 2684 gloriantibus
1015 2649 1043 2674 et

218 2691 418 2734 gaudentibus
445 2691 482 2722 de
508 2690 684 2730 proceritate
696 2689 839 2730 corporis,
856 2693 907 2720 aut
921 2689 1041 2729 robore,

219 2737 453 2779 pulchritudine,
477 2740 526 2766 aut
554 2734 612 2766 alio
636 2743 814 2775 quocunque
845 2738 1040 2773 ornamento;

259 2823 291 2849 45
306 2822 400 2854 Galat.
419 2829 458 2862 νι,
474 2820 505 2853 3.
547 2820 579 2846 46
595 2819 607 2852 I
625 2820 694 2852 Cor.
710 2828 759 2860 xv,
778 2821 826 2852 48.

1081 2191 1213 2226 omnium
1229 2196 1277 2226 ille
1290 2195 1445 2231 Dominus,
1461 2194 1498 2224 de
1513 2192 1591 2224 coelo
1607 2191 1773 2223 descendit.
1791 2191 1905 2222 Primus

1081 2240 1219 2271 omnibus
1234 2240 1404 2271 hominibus
1435 2237 1675 2279 praevaricatione
1706 2246 1758 2267 sua
1780 2240 1905 2267 mortem

1081 2291 1108 2316 et
1124 2285 1276 2316 interitum
1293 2285 1414 2316 invexit.
1431 2283 1587 2316 Secundus
1603 2281 1715 2312 mundo
1730 2281 1859 2320 donavit,
1879 2290 1908 2318 ei

1081 2340 1159 2361 nunc
1170 2330 1316 2361 universis
1328 2330 1466 2361 ﬁdelibus
1476 2326 1700 2367 1umen,vilam,
1708 2327 1905 2367 incorruptio-

1080 2384 1147 2406 nem
1157 2373 1686 2415 donat.Audistiquaatibicoelestium
1703 2381 1803 2402 rerum
1821 2375 1909 2404 inter-

1081 2429 1150 2461 pres
1162 2419 1255 2450 dixit?
1277 2420 1392 2450 Audisti
1406 2419 1554 2450 Christum
1567 2419 1736 2459 loquentem
1750 2426 1803 2457 per
1813 2417 1907 2458 ipsum

1083 2469 1112 2496 et
1123 2464 1279 2495 docentem
1291 2464 1438 2502 homines,
1451 2463 1553 2504 quales
1565 2463 1637 2499 sint,
1651 2462 1701 2502 qui
1713 2462 1744 2492 in
1760 2471 1826 2492 eum
1843 2471 1904 2492 cre-

1083 2508 1236 2548 diderunt,
1253 2514 1282 2539 ct
1296 2509 1383 2540 ﬁdem
1401 2518 1434 2539 ex
1451 2508 1591 2548 operibus
1605 2506 1764 2538 ostendere
1775 2515 1907 2546 perseve-

1082 2554 1173 2585 rant?
1190 2555 1326 2593 Posthac,
1345 2553 1419 2584 nihil
1436 2553 1579 2592 ambigas,
1595 2551 1693 2592 qualis
1710 2552 1842 2583 Christus
1863 2556 1906 2582 est

1083 2598 1226 2636 cmlestis,
1244 2603 1273 2629 te
1287 2608 1406 2639 quoque
1434 2598 1522 2628 talem
1555 2606 1621 2627 esse
1647 2596 1768 2627 debere.
1785 2595 1867 2631 Quod
1882 2596 1906 2627 si

1084 2643 1148 2675 talis
1191 2653 1249 2674 non
1289 2653 1332 2683 es,
1369 2643 1518 2682 quomodo
1547 2641 1706 2673 Christiani
1735 2640 1905 2671 vocabulum

1084 2688 1264 2729 usurpabis?
1293 2687 1322 2719 Si
1345 2687 1424 2719 enim
1439 2687 1535 2727 qualis
1550 2690 1595 2717 est
1611 2685 1765 2723 Dominus,
1782 2684 1906 2715 celestis

1085 2742 1192 2774 nempe
1208 2733 1296 2764 etiam
1312 2732 1385 2764 tales
1399 2741 1466 2762 esse
1481 2731 1553 2762 dicit
1567 2731 1617 2771 qui
1645 2731 1675 2762 in
1692 2739 1760 2761 eum
1776 2729 1905 2760 credide-

872 2819 902 2844 47
923 2818 1002 2850 Psal.
1022 2827 1123 2859 um,
1139 2818 1170 2851 6.
