  <div class='ocr_page' id='page_1' title='image "/cluster/home/n/w/nwhite01/storage/ocr_20150623/120/njp.32101010943973/386.png"; bbox 0 0 1982 3075; ppageno 0'>
   <div class='ocr_carea' id='block_1_1' title="bbox 74 166 150 210">
    <p class='ocr_par' dir='ltr' id='par_1_1' title="bbox 74 166 150 210">
     <span class='ocr_line' id='line_1_1' title="bbox 74 166 150 210; baseline 0.026 -2"><span class='ocrx_word' id='word_1_1' title='bbox 74 178 130 210; x_wconf 85' lang='grc'><strong>581</strong></span> <span class='ocrx_word' id='word_1_2' title='bbox 146 166 150 169; x_wconf 85' lang='grc'><em>’</em></span> 
     </span>
    </p>
   </div>
   <div class='ocr_carea' id='block_1_2' title="bbox 650 175 1203 214">
    <p class='ocr_par' dir='ltr' id='par_1_2' title="bbox 650 175 1203 214">
     <span class='ocr_line' id='line_1_2' title="bbox 650 175 1203 214; baseline -0.009 -1"><span class='ocrx_word' id='word_1_3' title='bbox 650 179 871 214; x_wconf 84' lang='lat' dir='ltr'><strong>DIVINORUM</strong></span> <span class='ocrx_word' id='word_1_4' title='bbox 894 175 1054 210; x_wconf 80' lang='lat' dir='ltr'><strong>AMORUM</strong></span> <span class='ocrx_word' id='word_1_5' title='bbox 1077 177 1203 209; x_wconf 78' lang='lat' dir='ltr'><strong>LIBER.</strong></span> 
     </span>
    </p>
   </div>
   <div class='ocr_carea' id='block_1_3' title="bbox 1709 173 1768 205">
    <p class='ocr_par' dir='ltr' id='par_1_3' title="bbox 1709 173 1768 205">
     <span class='ocr_line' id='line_1_3' title="bbox 1709 173 1768 205; baseline 0.017 -1"><span class='ocrx_word' id='word_1_6' title='bbox 1709 173 1768 205; x_wconf 78' lang='lat'><strong>582</strong></span> 
     </span>
    </p>
   </div>
   <div class='ocr_carea' id='block_1_4' title="bbox 72 242 1766 288">
    <p class='ocr_par' dir='ltr' id='par_1_4' title="bbox 72 242 1766 288">
     <span class='ocr_line' id='line_1_4' title="bbox 72 242 1766 288; baseline -0.003 -11"><span class='ocrx_word' id='word_1_7' title='bbox 72 251 154 284; x_wconf 88' lang='lat' dir='ltr'><strong>runt,</strong></span> <span class='ocrx_word' id='word_1_8' title='bbox 171 248 294 279; x_wconf 82' lang='lat' dir='ltr'><strong>omnino</strong></span> <span class='ocrx_word' id='word_1_9' title='bbox 310 248 446 279; x_wconf 76' lang='lat' dir='ltr'><strong>caelestes</strong></span> <span class='ocrx_word' id='word_1_10' title='bbox 462 247 611 286; x_wconf 88' lang='lat' dir='ltr'><strong>videlicet,</strong></span> <span class='ocrx_word' id='word_1_11' title='bbox 624 248 674 288; x_wconf 90' lang='lat' dir='ltr'><strong>qui</strong></span> <span class='ocrx_word' id='word_1_12' title='bbox 691 249 840 280; x_wconf 89' lang='lat' dir='ltr'><strong>mundana</strong></span> <span class='ocrx_word' id='word_1_13' title='bbox 855 256 898 277; x_wconf 88' lang='lat' dir='ltr'><strong>sa-</strong></span> <span class='ocrx_word' id='word_1_14' title='bbox 909 250 930 274; x_wconf 84' lang='lat' dir='ltr'><strong>A</strong></span> <span class='ocrx_word' id='word_1_15' title='bbox 941 244 1116 276; x_wconf 71' lang='lat' dir='ltr'><strong>caelestibus</strong></span> <span class='ocrx_word' id='word_1_16' title='bbox 1131 245 1304 281; x_wconf 83' lang='lat' dir='ltr'><strong>intraturos,</strong></span> <span class='ocrx_word' id='word_1_17' title='bbox 1323 247 1351 275; x_wconf 91' lang='lat' dir='ltr'><strong>et</strong></span> <span class='ocrx_word' id='word_1_18' title='bbox 1367 247 1553 283; x_wconf 87' lang='lat' dir='ltr'><strong>regnaturos,</strong></span> <span class='ocrx_word' id='word_1_19' title='bbox 1579 247 1607 273; x_wconf 93' lang='lat' dir='ltr'><strong>et</strong></span> <span class='ocrx_word' id='word_1_20' title='bbox 1637 252 1695 273; x_wconf 92' lang='lat' dir='ltr'><strong>una</strong></span> <span class='ocrx_word' id='word_1_21' title='bbox 1719 242 1766 273; x_wconf 82' lang='lat' dir='ltr'><strong>fu-</strong></span> 
     </span>
    </p>
   </div>
   <div class='ocr_carea' id='block_1_5' title="bbox 74 292 903 334">
    <p class='ocr_par' dir='ltr' id='par_1_5' title="bbox 74 292 903 334">
     <span class='ocr_line' id='line_1_5' title="bbox 74 292 903 334; baseline 0 -12"><span class='ocrx_word' id='word_1_22' title='bbox 74 292 171 331; x_wconf 89' lang='lat' dir='ltr'><strong>piunt,</strong></span> <span class='ocrx_word' id='word_1_23' title='bbox 203 293 253 333; x_wconf 88' lang='lat' dir='ltr'><strong>qui</strong></span> <span class='ocrx_word' id='word_1_24' title='bbox 281 293 443 324; x_wconf 87' lang='lat' dir='ltr'><strong>secundum</strong></span> <span class='ocrx_word' id='word_1_25' title='bbox 475 302 594 323; x_wconf 75' lang='lat' dir='ltr'><strong>Carnem</strong></span> <span class='ocrx_word' id='word_1_26' title='bbox 622 294 732 334; x_wconf 88' lang='lat' dir='ltr'><strong>vivunt,</strong></span> <span class='ocrx_word' id='word_1_27' title='bbox 761 303 819 324; x_wconf 91' lang='lat' dir='ltr'><strong>non</strong></span> <span class='ocrx_word' id='word_1_28' title='bbox 836 296 903 324; x_wconf 91' lang='lat' dir='ltr'><strong>sunt</strong></span> 
     </span>
    </p>
   </div>
   <div class='ocr_carea' id='block_1_6' title="bbox 75 337 902 378">
    <p class='ocr_par' dir='ltr' id='par_1_6' title="bbox 75 337 902 378">
     <span class='ocr_line' id='line_1_6' title="bbox 75 337 902 378; baseline 0.002 -12"><span class='ocrx_word' id='word_1_29' title='bbox 75 346 110 366; x_wconf 87' lang='lat' dir='ltr'><strong>ex</strong></span> <span class='ocrx_word' id='word_1_30' title='bbox 135 337 225 368; x_wconf 89' lang='lat' dir='ltr'><strong>verbo</strong></span> <span class='ocrx_word' id='word_1_31' title='bbox 239 338 301 375; x_wconf 89' lang='lat' dir='ltr'><strong>Dei,</strong></span> <span class='ocrx_word' id='word_1_32' title='bbox 315 338 393 378; x_wconf 92' lang='lat' dir='ltr'><strong>quod</strong></span> <span class='ocrx_word' id='word_1_33' title='bbox 408 347 423 368; x_wconf 91' lang='lat' dir='ltr'><strong>e</strong></span> <span class='ocrx_word' id='word_1_34' title='bbox 438 338 556 377; x_wconf 85' lang='lat' dir='ltr'><strong>superis</strong></span> <span class='ocrx_word' id='word_1_35' title='bbox 567 338 740 376; x_wconf 88' lang='lat' dir='ltr'><strong>descendit;</strong></span> <span class='ocrx_word' id='word_1_36' title='bbox 754 339 803 369; x_wconf 89' lang='lat' dir='ltr'><strong>sed</strong></span> <span class='ocrx_word' id='word_1_37' title='bbox 818 339 902 378; x_wconf 79' lang='lat' dir='ltr'><strong>plane</strong></span> 
     </span>
    </p>
   </div>
   <div class='ocr_carea' id='block_1_7' title="bbox 74 381 897 419">
    <p class='ocr_par' dir='ltr' id='par_1_7' title="bbox 74 381 897 419">
     <span class='ocr_line' id='line_1_7' title="bbox 74 381 897 419; baseline 0 -7"><span class='ocrx_word' id='word_1_38' title='bbox 74 391 109 411; x_wconf 85' lang='lat' dir='ltr'><strong>ex</strong></span> <span class='ocrx_word' id='word_1_39' title='bbox 129 381 252 412; x_wconf 77' lang='lat' dir='ltr'><strong>homine</strong></span> <span class='ocrx_word' id='word_1_40' title='bbox 267 387 397 419; x_wconf 84' lang='lat' dir='ltr'><strong>terreno,</strong></span> <span class='ocrx_word' id='word_1_41' title='bbox 414 382 451 413; x_wconf 90' lang='lat' dir='ltr'><strong>de</strong></span> <span class='ocrx_word' id='word_1_42' title='bbox 481 387 560 413; x_wconf 84' lang='lat' dir='ltr'><strong>terra</strong></span> <span class='ocrx_word' id='word_1_43' title='bbox 590 383 726 414; x_wconf 84' lang='lat' dir='ltr'><strong>formato.</strong></span> <span class='ocrx_word' id='word_1_44' title='bbox 744 384 792 413; x_wconf 87' lang='lat' dir='ltr'><strong>Sic</strong></span> <span class='ocrx_word' id='word_1_45' title='bbox 810 382 897 419; x_wconf 85' lang='lat' dir='ltr'><strong>senti,</strong></span> 
     </span>
    </p>
   </div>
   <div class='ocr_carea' id='block_1_8' title="bbox 73 426 900 463">
    <p class='ocr_par' dir='ltr' id='par_1_8' title="bbox 73 426 900 463">
     <span class='ocr_line' id='line_1_8' title="bbox 73 426 900 463; baseline 0 -7"><span class='ocrx_word' id='word_1_46' title='bbox 73 426 118 456; x_wconf 89' lang='lat' dir='ltr'><strong>sic</strong></span> <span class='ocrx_word' id='word_1_47' title='bbox 134 426 255 457; x_wconf 69' lang='lat' dir='ltr'><strong>atl‘ectus</strong></span> <span class='ocrx_word' id='word_1_48' title='bbox 285 431 359 462; x_wconf 82' lang='lat' dir='ltr'><strong>esto,</strong></span> <span class='ocrx_word' id='word_1_49' title='bbox 391 426 434 457; x_wconf 91' lang='lat' dir='ltr'><strong>sic</strong></span> <span class='ocrx_word' id='word_1_50' title='bbox 459 427 561 463; x_wconf 83' lang='lat' dir='ltr'><strong>crede,</strong></span> <span class='ocrx_word' id='word_1_51' title='bbox 594 431 622 458; x_wconf 91' lang='lat' dir='ltr'><strong>et</strong></span> <span class='ocrx_word' id='word_1_52' title='bbox 653 427 766 458; x_wconf 78' lang='lat' dir='ltr'><strong>enitere</strong></span> <span class='ocrx_word' id='word_1_53' title='bbox 788 431 820 457; x_wconf 92' lang='lat' dir='ltr'><strong>ut</strong></span> <span class='ocrx_word' id='word_1_54' title='bbox 836 427 900 457; x_wconf 87' lang='lat' dir='ltr'><strong>talis</strong></span> 
     </span>
    </p>
   </div>
   <div class='ocr_carea' id='block_1_9' title="bbox 75 470 900 511">
    <p class='ocr_par' dir='ltr' id='par_1_9' title="bbox 75 470 900 511">
     <span class='ocr_line' id='line_1_9' title="bbox 75 470 900 511; baseline 0.002 -11"><span class='ocrx_word' id='word_1_55' title='bbox 75 470 140 504; x_wconf 81' lang='lat' dir='ltr'><strong>tias,</strong></span> <span class='ocrx_word' id='word_1_56' title='bbox 158 471 287 501; x_wconf 70' lang='lat' dir='ltr'><strong>caelestis</strong></span> <span class='ocrx_word' id='word_1_57' title='bbox 316 471 469 507; x_wconf 87' lang='lat' dir='ltr'><strong>nimirum,</strong></span> <span class='ocrx_word' id='word_1_58' title='bbox 499 472 576 511; x_wconf 90' lang='lat' dir='ltr'><strong>quod</strong></span> <span class='ocrx_word' id='word_1_59' title='bbox 607 471 678 502; x_wconf 80' lang='lat' dir='ltr'><strong>dixi.</strong></span> <span class='ocrx_word' id='word_1_60' title='bbox 711 471 765 508; x_wconf 91' lang='lat' dir='ltr'><strong>Qui</strong></span> <span class='ocrx_word' id='word_1_61' title='bbox 795 471 900 502; x_wconf 75' lang='lat' dir='ltr'><strong>ecmlo</strong></span> 
     </span>
    </p>
   </div>
   <div class='ocr_carea' id='block_1_10' title="bbox 75 515 902 556">
    <p class='ocr_par' dir='ltr' id='par_1_10' title="bbox 75 515 902 556">
     <span class='ocr_line' id='line_1_10' title="bbox 75 515 902 556; baseline 0.001 -11"><span class='ocrx_word' id='word_1_62' title='bbox 75 515 208 555; x_wconf 77' lang='lat' dir='ltr'><strong>advenit,</strong></span> <span class='ocrx_word' id='word_1_63' title='bbox 224 520 252 546; x_wconf 87' lang='lat' dir='ltr'><strong>et</strong></span> <span class='ocrx_word' id='word_1_64' title='bbox 269 515 349 546; x_wconf 84' lang='lat' dir='ltr'><strong>dedit</strong></span> <span class='ocrx_word' id='word_1_65' title='bbox 365 516 453 547; x_wconf 90' lang='lat' dir='ltr'><strong>vitam</strong></span> <span class='ocrx_word' id='word_1_66' title='bbox 472 516 594 555; x_wconf 88' lang='lat' dir='ltr'><strong>mundo,</strong></span> <span class='ocrx_word' id='word_1_67' title='bbox 607 517 655 546; x_wconf 90' lang='lat' dir='ltr'><strong>hic</strong></span> <span class='ocrx_word' id='word_1_68' title='bbox 668 516 746 547; x_wconf 87' lang='lat' dir='ltr'><strong>idem</strong></span> <span class='ocrx_word' id='word_1_69' title='bbox 764 521 807 547; x_wconf 91' lang='lat' dir='ltr'><strong>est</strong></span> <span class='ocrx_word' id='word_1_70' title='bbox 819 516 902 556; x_wconf 90' lang='lat' dir='ltr'><strong>panis</strong></span> 
     </span>
    </p>
   </div>
   <div class='ocr_carea' id='block_1_11' title="bbox 76 559 899 601">
    <p class='ocr_par' dir='ltr' id='par_1_11' title="bbox 76 559 899 601">
     <span class='ocr_line' id='line_1_11' title="bbox 76 559 899 601; baseline 0.001 -12"><span class='ocrx_word' id='word_1_71' title='bbox 76 559 128 599; x_wconf 90' lang='lat' dir='ltr'><strong>qui</strong></span> <span class='ocrx_word' id='word_1_72' title='bbox 143 560 213 590; x_wconf 88' lang='lat' dir='ltr'><strong>inde</strong></span> <span class='ocrx_word' id='word_1_73' title='bbox 238 560 402 594; x_wconf 75' lang='lat' dir='ltr'><strong>descendit.</strong></span> <span class='ocrx_word' id='word_1_74' title='bbox 432 569 519 600; x_wconf 89' lang='lat' dir='ltr'><strong>quem</strong></span> <span class='ocrx_word' id='word_1_75' title='bbox 550 561 599 600; x_wconf 90' lang='lat' dir='ltr'><strong>qui</strong></span> <span class='ocrx_word' id='word_1_76' title='bbox 630 561 732 597; x_wconf 88' lang='lat' dir='ltr'><strong>edunt,</strong></span> <span class='ocrx_word' id='word_1_77' title='bbox 751 570 899 601; x_wconf 89' lang='lat' dir='ltr'><strong>nunquam</strong></span> 
     </span>
    </p>
   </div>
   <div class='ocr_carea' id='block_1_12' title="bbox 76 604 901 643">
    <p class='ocr_par' dir='ltr' id='par_1_12' title="bbox 76 604 901 643">
     <span class='ocr_line' id='line_1_12' title="bbox 76 604 901 643; baseline 0.001 -9"><span class='ocrx_word' id='word_1_78' title='bbox 76 604 181 643; x_wconf 94' lang='lat' dir='ltr'><strong>utique</strong></span> <span class='ocrx_word' id='word_1_79' title='bbox 197 608 321 634; x_wconf 89' lang='lat' dir='ltr'><strong>mortem</strong></span> <span class='ocrx_word' id='word_1_80' title='bbox 339 604 438 635; x_wconf 88' lang='lat' dir='ltr'><strong>vident</strong></span> <span class='ocrx_word' id='word_1_81' title='bbox 452 605 493 635; x_wconf 67' lang='lat'><strong>48.</strong></span> <span class='ocrx_word' id='word_1_82' title='bbox 511 606 586 635; x_wconf 81' lang='lat' dir='ltr'><strong>Nam</strong></span> <span class='ocrx_word' id='word_1_83' title='bbox 603 614 670 635; x_wconf 92' lang='lat' dir='ltr'><strong>cum</strong></span> <span class='ocrx_word' id='word_1_84' title='bbox 681 605 739 635; x_wconf 87' lang='lat' dir='ltr'><strong>sint</strong></span> <span class='ocrx_word' id='word_1_85' title='bbox 755 605 901 641; x_wconf 86' lang='lat' dir='ltr'><strong>ccelestes,</strong></span> 
     </span>
    </p>
   </div>
   <div class='ocr_carea' id='block_1_13' title="bbox 77 648 903 688">
    <p class='ocr_par' dir='ltr' id='par_1_13' title="bbox 77 648 903 688">
     <span class='ocr_line' id='line_1_13' title="bbox 77 648 903 688; baseline 0.001 -11"><span class='ocrx_word' id='word_1_86' title='bbox 77 656 199 688; x_wconf 85' lang='lat' dir='ltr'><strong>semper</strong></span> <span class='ocrx_word' id='word_1_87' title='bbox 215 649 437 688; x_wconf 86' lang='lat' dir='ltr'><strong>corruptionem</strong></span> <span class='ocrx_word' id='word_1_88' title='bbox 468 648 586 688; x_wconf 87' lang='lat' dir='ltr'><strong>penitus</strong></span> <span class='ocrx_word' id='word_1_89' title='bbox 612 649 704 686; x_wconf 80' lang='lat' dir='ltr'><strong>exuti,</strong></span> <span class='ocrx_word' id='word_1_90' title='bbox 723 653 751 679; x_wconf 88' lang='lat' dir='ltr'><strong>et</strong></span> <span class='ocrx_word' id='word_1_91' title='bbox 765 649 903 679; x_wconf 90' lang='lat' dir='ltr'><strong>incorru-</strong></span> 
     </span>
    </p>
   </div>
   <div class='ocr_carea' id='block_1_14' title="bbox 77 691 902 732">
    <p class='ocr_par' dir='ltr' id='par_1_14' title="bbox 77 691 902 732">
     <span class='ocr_line' id='line_1_14' title="bbox 77 691 902 732; baseline 0.001 -10"><span class='ocrx_word' id='word_1_92' title='bbox 77 691 210 731; x_wconf 89' lang='lat' dir='ltr'><strong>ptionem</strong></span> <span class='ocrx_word' id='word_1_93' title='bbox 227 692 324 723; x_wconf 67' lang='lat' dir='ltr'><strong>induti</strong></span> <span class='ocrx_word' id='word_1_94' title='bbox 341 697 439 724; x_wconf 87' lang='lat' dir='ltr'><strong>erunt.</strong></span> <span class='ocrx_word' id='word_1_95' title='bbox 459 697 486 724; x_wconf 90' lang='lat' dir='ltr'><strong>et</strong></span> <span class='ocrx_word' id='word_1_96' title='bbox 515 692 630 732; x_wconf 80' lang='lat' dir='ltr'><strong>abjectn</strong></span> <span class='ocrx_word' id='word_1_97' title='bbox 649 699 756 729; x_wconf 40' lang='lat' dir='ltr'><strong>moi‘te,</strong></span> <span class='ocrx_word' id='word_1_98' title='bbox 773 693 837 723; x_wconf 83' lang='lat' dir='ltr'><strong>vitae</strong></span> <span class='ocrx_word' id='word_1_99' title='bbox 851 702 902 732; x_wconf 84' lang='lat' dir='ltr'><strong>ag-</strong></span> 
     </span>
    </p>
   </div>
   <div class='ocr_carea' id='block_1_15' title="bbox 75 736 905 778">
    <p class='ocr_par' dir='ltr' id='par_1_15' title="bbox 75 736 905 778">
     <span class='ocr_line' id='line_1_15' title="bbox 75 736 905 778; baseline 0 -11"><span class='ocrx_word' id='word_1_100' title='bbox 75 736 225 776; x_wconf 84' lang='lat' dir='ltr'><strong>glutinati,</strong></span> <span class='ocrx_word' id='word_1_101' title='bbox 254 738 428 778; x_wconf 83' lang='lat' dir='ltr'><strong>incorrupti,</strong></span> <span class='ocrx_word' id='word_1_102' title='bbox 460 743 489 768; x_wconf 90' lang='lat' dir='ltr'><strong>et</strong></span> <span class='ocrx_word' id='word_1_103' title='bbox 517 737 699 768; x_wconf 85' lang='lat' dir='ltr'><strong>immortales</strong></span> <span class='ocrx_word' id='word_1_104' title='bbox 720 738 857 776; x_wconf 90' lang='lat' dir='ltr'><strong>evadunt,</strong></span> <span class='ocrx_word' id='word_1_105' title='bbox 875 742 905 767; x_wconf 88' lang='lat' dir='ltr'><strong>et</strong></span> 
     </span>
    </p>
   </div>
   <div class='ocr_carea' id='block_1_16' title="bbox 77 781 901 822">
    <p class='ocr_par' dir='ltr' id='par_1_16' title="bbox 77 781 901 822">
     <span class='ocr_line' id='line_1_16' title="bbox 77 781 901 822; baseline 0.001 -11"><span class='ocrx_word' id='word_1_106' title='bbox 77 781 189 812; x_wconf 86' lang='lat' dir='ltr'><strong>idcirco</strong></span> <span class='ocrx_word' id='word_1_107' title='bbox 204 782 341 813; x_wconf 65' lang='lat' dir='ltr'><strong>caelestes</strong></span> <span class='ocrx_word' id='word_1_108' title='bbox 357 783 554 822; x_wconf 87' lang='lat' dir='ltr'><strong>appellantur.</strong></span> <span class='ocrx_word' id='word_1_109' title='bbox 571 782 642 818; x_wconf 89' lang='lat' dir='ltr'><strong>Quis</strong></span> <span class='ocrx_word' id='word_1_110' title='bbox 660 782 739 813; x_wconf 90' lang='lat' dir='ltr'><strong>enim</strong></span> <span class='ocrx_word' id='word_1_111' title='bbox 764 787 830 822; x_wconf 93' lang='lat' dir='ltr'><strong>post</strong></span> <span class='ocrx_word' id='word_1_112' title='bbox 848 783 901 812; x_wconf 88' lang='lat' dir='ltr'><strong>ho—</strong></span> 
     </span>
    </p>
   </div>
   <div class='ocr_carea' id='block_1_17' title="bbox 78 825 904 866">
    <p class='ocr_par' dir='ltr' id='par_1_17' title="bbox 78 825 904 866">
     <span class='ocr_line' id='line_1_17' title="bbox 78 825 904 866; baseline 0.001 -10"><span class='ocrx_word' id='word_1_113' title='bbox 78 825 175 856; x_wconf 89' lang='lat' dir='ltr'><strong>mines</strong></span> <span class='ocrx_word' id='word_1_114' title='bbox 191 830 274 857; x_wconf 83' lang='lat' dir='ltr'><strong>natos</strong></span> <span class='ocrx_word' id='word_1_115' title='bbox 291 826 329 856; x_wconf 85' lang='lat' dir='ltr'><strong>ita</strong></span> <span class='ocrx_word' id='word_1_116' title='bbox 345 826 508 866; x_wconf 77' lang='lat' dir='ltr'><strong>appellatus</strong></span> <span class='ocrx_word' id='word_1_117' title='bbox 533 830 577 856; x_wconf 88' lang='lat' dir='ltr'><strong>est</strong></span> <span class='ocrx_word' id='word_1_118' title='bbox 602 835 634 856; x_wconf 86' lang='lat' dir='ltr'><strong>ex</strong></span> <span class='ocrx_word' id='word_1_119' title='bbox 664 826 770 857; x_wconf 78' lang='lat' dir='ltr'><strong>Adami</strong></span> <span class='ocrx_word' id='word_1_120' title='bbox 787 827 856 857; x_wconf 90' lang='lat' dir='ltr'><strong>ﬁliis</strong></span> <span class='ocrx_word' id='word_1_121' title='bbox 870 836 904 857; x_wconf 86' lang='lat' dir='ltr'><strong>ac</strong></span> 
     </span>
    </p>
   </div>
   <div class='ocr_carea' id='block_1_18' title="bbox 946 287 1768 328">
    <p class='ocr_par' dir='ltr' id='par_1_18' title="bbox 946 287 1768 328">
     <span class='ocr_line' id='line_1_18' title="bbox 946 287 1768 328; baseline -0.004 -8"><span class='ocrx_word' id='word_1_122' title='bbox 946 294 1027 320; x_wconf 90' lang='lat' dir='ltr'><strong>turos</strong></span> <span class='ocrx_word' id='word_1_123' title='bbox 1041 299 1107 320; x_wconf 88' lang='lat' dir='ltr'><strong>cum</strong></span> <span class='ocrx_word' id='word_1_124' title='bbox 1124 289 1258 320; x_wconf 90' lang='lat' dir='ltr'><strong>omnium</strong></span> <span class='ocrx_word' id='word_1_125' title='bbox 1274 297 1344 328; x_wconf 87' lang='lat' dir='ltr'><strong>rege</strong></span> <span class='ocrx_word' id='word_1_126' title='bbox 1367 297 1401 318; x_wconf 89' lang='lat' dir='ltr'><strong>ac</strong></span> <span class='ocrx_word' id='word_1_127' title='bbox 1426 287 1552 318; x_wconf 89' lang='lat' dir='ltr'><strong>Domino</strong></span> <span class='ocrx_word' id='word_1_128' title='bbox 1568 290 1580 317; x_wconf 63' lang='grc' dir='ltr'><strong>’Β</strong></span> <span class='ocrx_word' id='word_1_129' title='bbox 1606 288 1768 318; x_wconf 89' lang='lat' dir='ltr'><strong>Curramus</strong></span> 
     </span>
    </p>
   </div>
   <div class='ocr_carea' id='block_1_19' title="bbox 945 332 1767 375">
    <p class='ocr_par' dir='ltr' id='par_1_19' title="bbox 945 332 1767 375">
     <span class='ocr_line' id='line_1_19' title="bbox 945 332 1767 375; baseline -0.004 -10"><span class='ocrx_word' id='word_1_130' title='bbox 945 334 1046 375; x_wconf 71' lang='lat' dir='ltr'><strong>itaque</strong></span> <span class='ocrx_word' id='word_1_131' title='bbox 1061 335 1164 366; x_wconf 89' lang='lat' dir='ltr'><strong>sedulo</strong></span> <span class='ocrx_word' id='word_1_132' title='bbox 1179 343 1294 374; x_wconf 90' lang='lat' dir='ltr'><strong>omnes,</strong></span> <span class='ocrx_word' id='word_1_133' title='bbox 1314 338 1344 364; x_wconf 90' lang='lat' dir='ltr'><strong>ut</strong></span> <span class='ocrx_word' id='word_1_134' title='bbox 1371 333 1452 372; x_wconf 89' lang='lat' dir='ltr'><strong>digni</strong></span> <span class='ocrx_word' id='word_1_135' title='bbox 1477 332 1653 370; x_wconf 77' lang='lat' dir='ltr'><strong>habeantur,</strong></span> <span class='ocrx_word' id='word_1_136' title='bbox 1671 333 1721 373; x_wconf 92' lang='lat' dir='ltr'><strong>qui</strong></span> <span class='ocrx_word' id='word_1_137' title='bbox 1738 333 1767 362; x_wconf 91' lang='lat' dir='ltr'><strong>in</strong></span> 
     </span>
    </p>
   </div>
   <div class='ocr_carea' id='block_1_20' title="bbox 945 376 1768 418">
    <p class='ocr_par' dir='ltr' id='par_1_20' title="bbox 945 376 1768 418">
     <span class='ocr_line' id='line_1_20' title="bbox 945 376 1768 418; baseline -0.002 -8"><span class='ocrx_word' id='word_1_138' title='bbox 945 379 1027 410; x_wconf 65' lang='lat' dir='ltr'><strong>caelis</strong></span> <span class='ocrx_word' id='word_1_139' title='bbox 1054 389 1121 410; x_wconf 87' lang='lat' dir='ltr'><strong>cum</strong></span> <span class='ocrx_word' id='word_1_140' title='bbox 1146 378 1264 409; x_wconf 84' lang='lat' dir='ltr'><strong>Christo</strong></span> <span class='ocrx_word' id='word_1_141' title='bbox 1295 378 1427 408; x_wconf 88' lang='lat' dir='ltr'><strong>omnium</strong></span> <span class='ocrx_word' id='word_1_142' title='bbox 1458 376 1582 407; x_wconf 90' lang='lat' dir='ltr'><strong>Domino</strong></span> <span class='ocrx_word' id='word_1_143' title='bbox 1598 386 1768 418; x_wconf 84' lang='lat' dir='ltr'><strong>regnetuus,</strong></span> 
     </span>
    </p>
   </div>
   <div class='ocr_carea' id='block_1_21' title="bbox 941 421 1768 463">
    <p class='ocr_par' dir='ltr' id='par_1_21' title="bbox 941 421 1768 463">
     <span class='ocr_line' id='line_1_21' title="bbox 941 421 1768 463; baseline 0 -10"><span class='ocrx_word' id='word_1_144' title='bbox 941 433 1029 463; x_wconf 91' lang='lat' dir='ltr'><strong>quem</strong></span> <span class='ocrx_word' id='word_1_145' title='bbox 1055 422 1142 454; x_wconf 88' lang='lat' dir='ltr'><strong>decet</strong></span> <span class='ocrx_word' id='word_1_146' title='bbox 1167 422 1265 455; x_wconf 89' lang='lat' dir='ltr'><strong>omnis</strong></span> <span class='ocrx_word' id='word_1_147' title='bbox 1289 421 1384 462; x_wconf 82' lang='lat' dir='ltr'><strong>gloria</strong></span> <span class='ocrx_word' id='word_1_148' title='bbox 1409 430 1475 452; x_wconf 91' lang='lat' dir='ltr'><strong>cum</strong></span> <span class='ocrx_word' id='word_1_149' title='bbox 1501 423 1596 462; x_wconf 77' lang='lat' dir='ltr'><strong>Patre,</strong></span> <span class='ocrx_word' id='word_1_150' title='bbox 1623 427 1651 452; x_wconf 89' lang='lat' dir='ltr'><strong>et</strong></span> <span class='ocrx_word' id='word_1_151' title='bbox 1667 427 1768 453; x_wconf 87' lang='lat' dir='ltr'><strong>sancto</strong></span> 
     </span>
    </p>
   </div>
   <div class='ocr_carea' id='block_1_22' title="bbox 942 466 1555 508">
    <p class='ocr_par' dir='ltr' id='par_1_22' title="bbox 942 466 1555 508">
     <span class='ocr_line' id='line_1_22' title="bbox 942 466 1555 508; baseline -0.003 -10"><span class='ocrx_word' id='word_1_152' title='bbox 942 468 1054 508; x_wconf 84' lang='lat' dir='ltr'><strong>Spiritu</strong></span> <span class='ocrx_word' id='word_1_153' title='bbox 1070 467 1100 498; x_wconf 90' lang='lat' dir='ltr'><strong>in</strong></span> <span class='ocrx_word' id='word_1_154' title='bbox 1116 467 1225 498; x_wconf 66' lang='lat' dir='ltr'><strong>saecula</strong></span> <span class='ocrx_word' id='word_1_155' title='bbox 1240 466 1427 497; x_wconf 77' lang='lat' dir='ltr'><strong>saeculorum.</strong></span> <span class='ocrx_word' id='word_1_156' title='bbox 1446 466 1555 497; x_wconf 81' lang='lat' dir='ltr'><strong>Amen.</strong></span> 
     </span>
    </p>
   </div>
   <div class='ocr_carea' id='block_1_23' title="bbox 1207 512 1463 544">
    <p class='ocr_par' dir='ltr' id='par_1_23' title="bbox 1207 512 1463 544">
     <span class='ocr_line' id='line_1_23' title="bbox 1207 512 1463 544; baseline 0 0"><span class='ocrx_word' id='word_1_157' title='bbox 1207 513 1328 544; x_wconf 80' lang='lat' dir='ltr'><strong>CAPUT</strong></span> <span class='ocrx_word' id='word_1_158' title='bbox 1350 512 1463 544; x_wconf 79' lang='lat' dir='ltr'><strong>XXXII.</strong></span> 
     </span>
    </p>
   </div>
   <div class='ocr_carea' id='block_1_24' title="bbox 943 557 1769 600">
    <p class='ocr_par' dir='ltr' id='par_1_24' title="bbox 943 557 1769 600">
     <span class='ocr_line' id='line_1_24' title="bbox 943 557 1769 600; baseline 0.002 -12"><span class='ocrx_word' id='word_1_159' title='bbox 943 558 1135 589; x_wconf 73' lang='lat' dir='ltr'><strong>Subtilitates</strong></span> <span class='ocrx_word' id='word_1_160' title='bbox 1147 558 1331 600; x_wconf 52' lang='lat' dir='ltr'><strong>theologicae.</strong></span> <span class='ocrx_word' id='word_1_161' title='bbox 1341 558 1479 600; x_wconf 51' lang='grc' dir='ltr'><strong>Δριιίλιοη</strong></span> <span class='ocrx_word' id='word_1_162' title='bbox 1494 558 1574 589; x_wconf 77' lang='lat' dir='ltr'><strong>videt</strong></span> <span class='ocrx_word' id='word_1_163' title='bbox 1588 557 1690 589; x_wconf 87' lang='lat' dir='ltr'><strong>lumen</strong></span> <span class='ocrx_word' id='word_1_164' title='bbox 1704 559 1769 600; x_wconf 81' lang='lat' dir='ltr'><strong>glo-</strong></span> 
     </span>
    </p>
   </div>
   <div class='ocr_carea' id='block_1_25' title="bbox 1085 597 1624 638">
    <p class='ocr_par' dir='ltr' id='par_1_25' title="bbox 1085 597 1624 638">
     <span class='ocr_line' id='line_1_25' title="bbox 1085 597 1624 638; baseline 0.002 -10"><span class='ocrx_word' id='word_1_165' title='bbox 1085 599 1141 629; x_wconf 66' lang='lat' dir='ltr'><strong>rias</strong></span> <span class='ocrx_word' id='word_1_166' title='bbox 1159 599 1226 638; x_wconf 78' lang='lat' dir='ltr'><strong>Dei,</strong></span> <span class='ocrx_word' id='word_1_167' title='bbox 1244 597 1319 629; x_wconf 71' lang='lat' dir='ltr'><strong>caeco</strong></span> <span class='ocrx_word' id='word_1_168' title='bbox 1336 597 1538 636; x_wconf 73' lang='lat' dir='ltr'><strong>in/‘eliciorem</strong></span> <span class='ocrx_word' id='word_1_169' title='bbox 1552 607 1624 629; x_wconf 81' lang='lat' dir='ltr'><strong>esse.</strong></span> 
     </span>
    </p>
   </div>
   <div class='ocr_carea' id='block_1_26' title="bbox 987 644 1772 686">
    <p class='ocr_par' dir='ltr' id='par_1_26' title="bbox 987 644 1772 686">
     <span class='ocr_line' id='line_1_26' title="bbox 987 644 1772 686; baseline 0.001 -11"><span class='ocrx_word' id='word_1_170' title='bbox 987 644 1041 680; x_wconf 89' lang='lat' dir='ltr'><strong>Qui</strong></span> <span class='ocrx_word' id='word_1_171' title='bbox 1059 650 1116 675; x_wconf 90' lang='lat' dir='ltr'><strong>tam</strong></span> <span class='ocrx_word' id='word_1_172' title='bbox 1131 654 1241 685; x_wconf 88' lang='lat' dir='ltr'><strong>pronus</strong></span> <span class='ocrx_word' id='word_1_173' title='bbox 1256 655 1289 676; x_wconf 88' lang='lat' dir='ltr'><strong>es</strong></span> <span class='ocrx_word' id='word_1_174' title='bbox 1303 644 1338 674; x_wconf 87' lang='lat' dir='ltr'><strong>ad</strong></span> <span class='ocrx_word' id='word_1_175' title='bbox 1356 644 1570 683; x_wconf 89' lang='lat' dir='ltr'><strong>miserandum,</strong></span> <span class='ocrx_word' id='word_1_176' title='bbox 1587 645 1665 676; x_wconf 87' lang='lat' dir='ltr'><strong>Deus</strong></span> <span class='ocrx_word' id='word_1_177' title='bbox 1674 655 1772 686; x_wconf 89' lang='lat' dir='ltr'><strong>meus,</strong></span> 
     </span>
    </p>
   </div>
   <div class='ocr_carea' id='block_1_27' title="bbox 946 689 1770 729">
    <p class='ocr_par' dir='ltr' id='par_1_27' title="bbox 946 689 1770 729">
     <span class='ocr_line' id='line_1_27' title="bbox 946 689 1770 729; baseline 0.002 -10"><span class='ocrx_word' id='word_1_178' title='bbox 946 693 1061 720; x_wconf 84' lang='lat' dir='ltr'><strong>creator</strong></span> <span class='ocrx_word' id='word_1_179' title='bbox 1078 699 1172 727; x_wconf 90' lang='lat' dir='ltr'><strong>meus,</strong></span> <span class='ocrx_word' id='word_1_180' title='bbox 1205 689 1284 728; x_wconf 80' lang='lat' dir='ltr'><strong>fulge</strong></span> <span class='ocrx_word' id='word_1_181' title='bbox 1313 689 1385 719; x_wconf 91' lang='lat' dir='ltr'><strong>mihi</strong></span> <span class='ocrx_word' id='word_1_182' title='bbox 1411 689 1539 729; x_wconf 85' lang='lat' dir='ltr'><strong>amplius</strong></span> <span class='ocrx_word' id='word_1_183' title='bbox 1553 690 1705 721; x_wconf 87' lang='lat' dir='ltr'><strong>inaccesso</strong></span> <span class='ocrx_word' id='word_1_184' title='bbox 1722 691 1770 721; x_wconf 85' lang='lat' dir='ltr'><strong>lu-</strong></span> 
     </span>
    </p>
   </div>
   <div class='ocr_carea' id='block_1_28' title="bbox 946 733 1770 774">
    <p class='ocr_par' dir='ltr' id='par_1_28' title="bbox 946 733 1770 774">
     <span class='ocr_line' id='line_1_28' title="bbox 946 733 1770 774; baseline 0.004 -10"><span class='ocrx_word' id='word_1_185' title='bbox 946 733 1026 764; x_wconf 89' lang='lat' dir='ltr'><strong>mine</strong></span> <span class='ocrx_word' id='word_1_186' title='bbox 1049 739 1110 773; x_wconf 92' lang='lat' dir='ltr'><strong>tuo,</strong></span> <span class='ocrx_word' id='word_1_187' title='bbox 1128 738 1158 764; x_wconf 92' lang='lat' dir='ltr'><strong>ut</strong></span> <span class='ocrx_word' id='word_1_188' title='bbox 1173 735 1280 774; x_wconf 89' lang='lat' dir='ltr'><strong>gaudio</strong></span> <span class='ocrx_word' id='word_1_189' title='bbox 1306 743 1358 764; x_wconf 90' lang='lat' dir='ltr'><strong>cor</strong></span> <span class='ocrx_word' id='word_1_190' title='bbox 1382 743 1479 764; x_wconf 89' lang='lat' dir='ltr'><strong>meum</strong></span> <span class='ocrx_word' id='word_1_191' title='bbox 1511 734 1657 774; x_wconf 85' lang='lat' dir='ltr'><strong>impleas;</strong></span> <span class='ocrx_word' id='word_1_192' title='bbox 1690 740 1717 766; x_wconf 87' lang='lat' dir='ltr'><strong>et</strong></span> <span class='ocrx_word' id='word_1_193' title='bbox 1733 745 1770 767; x_wconf 90' lang='lat' dir='ltr'><strong>ne</strong></span> 
     </span>
    </p>
   </div>
   <div class='ocr_carea' id='block_1_29' title="bbox 945 778 1772 819">
    <p class='ocr_par' dir='ltr' id='par_1_29' title="bbox 945 778 1772 819">
     <span class='ocr_line' id='line_1_29' title="bbox 945 778 1772 819; baseline 0.004 -11"><span class='ocrx_word' id='word_1_194' title='bbox 945 779 1093 815; x_wconf 79' lang='lat' dir='ltr'><strong>irascaris,</strong></span> <span class='ocrx_word' id='word_1_195' title='bbox 1124 788 1197 809; x_wconf 91' lang='lat' dir='ltr'><strong>neve</strong></span> <span class='ocrx_word' id='word_1_196' title='bbox 1229 778 1420 819; x_wconf 82' lang='lat' dir='ltr'><strong>derelinquas</strong></span> <span class='ocrx_word' id='word_1_197' title='bbox 1450 778 1527 810; x_wconf 84' lang='lat' dir='ltr'><strong>me?</strong></span> <span class='ocrx_word' id='word_1_198' title='bbox 1551 780 1603 809; x_wconf 86' lang='lat' dir='ltr'><strong>sed</strong></span> <span class='ocrx_word' id='word_1_199' title='bbox 1629 780 1695 810; x_wconf 87' lang='lat' dir='ltr'><strong>luce</strong></span> <span class='ocrx_word' id='word_1_200' title='bbox 1724 785 1772 811; x_wconf 89' lang='lat' dir='ltr'><strong>tua</strong></span> 
     </span>
    </p>
   </div>
   <div class='ocr_carea' id='block_1_30' title="bbox 948 822 1770 865">
    <p class='ocr_par' dir='ltr' id='par_1_30' title="bbox 948 822 1770 865">
     <span class='ocr_line' id='line_1_30' title="bbox 948 822 1770 865; baseline 0.004 -13"><span class='ocrx_word' id='word_1_201' title='bbox 948 822 1063 853; x_wconf 84' lang='lat' dir='ltr'><strong>illustra</strong></span> <span class='ocrx_word' id='word_1_202' title='bbox 1077 823 1207 853; x_wconf 87' lang='lat' dir='ltr'><strong>animam</strong></span> <span class='ocrx_word' id='word_1_203' title='bbox 1224 832 1320 854; x_wconf 82' lang='lat' dir='ltr'><strong>meam</strong></span> <span class='ocrx_word' id='word_1_204' title='bbox 1342 833 1349 860; x_wconf 87' lang='lat'><strong>;</strong></span> <span class='ocrx_word' id='word_1_205' title='bbox 1378 823 1427 853; x_wconf 91' lang='lat' dir='ltr'><strong>lux</strong></span> <span class='ocrx_word' id='word_1_206' title='bbox 1445 823 1523 853; x_wconf 92' lang='lat' dir='ltr'><strong>enim</strong></span> <span class='ocrx_word' id='word_1_207' title='bbox 1538 827 1587 854; x_wconf 91' lang='lat' dir='ltr'><strong>tua</strong></span> <span class='ocrx_word' id='word_1_208' title='bbox 1604 828 1633 854; x_wconf 89' lang='lat' dir='ltr'><strong>tu</strong></span> <span class='ocrx_word' id='word_1_209' title='bbox 1649 825 1713 864; x_wconf 90' lang='lat' dir='ltr'><strong>ipse</strong></span> <span class='ocrx_word' id='word_1_210' title='bbox 1727 834 1770 865; x_wconf 79' lang='lat' dir='ltr'><strong>es,</strong></span> 
     </span>
    </p>
   </div>
   <div class='ocr_carea' id='block_1_31' title="bbox 78 867 1772 916">
    <p class='ocr_par' dir='ltr' id='par_1_31' title="bbox 78 867 1772 916">
     <span class='ocr_line' id='line_1_31' title="bbox 78 867 1772 916; baseline 0 -16"><span class='ocrx_word' id='word_1_211' title='bbox 78 871 217 910; x_wconf 90' lang='lat' dir='ltr'><strong>posteris,</strong></span> <span class='ocrx_word' id='word_1_212' title='bbox 231 871 400 911; x_wconf 82' lang='lat' dir='ltr'><strong>priusquam</strong></span> <span class='ocrx_word' id='word_1_213' title='bbox 417 871 560 902; x_wconf 80' lang='lat' dir='ltr'><strong>Dominus</strong></span> <span class='ocrx_word' id='word_1_214' title='bbox 571 871 714 906; x_wconf 88' lang='lat' dir='ltr'><strong>omnium,</strong></span> <span class='ocrx_word' id='word_1_215' title='bbox 726 871 902 909; x_wconf 69' lang='lat' dir='ltr'><strong>cmlestium,</strong></span> <span class='ocrx_word' id='word_1_216' title='bbox 916 892 935 916; x_wconf 73' lang='grc' dir='ltr'>Β</span> <span class='ocrx_word' id='word_1_217' title='bbox 948 868 1026 916; x_wconf 83' lang='lat' dir='ltr'><strong>Deus</strong></span> <span class='ocrx_word' id='word_1_218' title='bbox 1043 877 1136 916; x_wconf 56' lang='lat' dir='ltr'><strong>uicus.</strong></span> <span class='ocrx_word' id='word_1_219' title='bbox 1155 867 1327 916; x_wconf 68' lang='lat' dir='ltr'><strong>Quanquam</strong></span> <span class='ocrx_word' id='word_1_220' title='bbox 1357 867 1436 898; x_wconf 87' lang='lat' dir='ltr'><strong>enim</strong></span> <span class='ocrx_word' id='word_1_221' title='bbox 1463 868 1574 905; x_wconf 87' lang='lat' dir='ltr'><strong>multis,</strong></span> <span class='ocrx_word' id='word_1_222' title='bbox 1598 878 1633 916; x_wconf 71' lang='lat' dir='ltr'><strong>ac</strong></span> <span class='ocrx_word' id='word_1_223' title='bbox 1649 870 1772 900; x_wconf 85' lang='lat' dir='ltr'><strong>diversis</strong></span> 
     </span>
    </p>
   </div>
   <div class='ocr_carea' id='block_1_32' title="bbox 78 914 904 946">
    <p class='ocr_par' dir='ltr' id='par_1_32' title="bbox 78 914 904 946">
     <span class='ocr_line' id='line_1_32' title="bbox 78 914 904 946; baseline 0.001 -1"><span class='ocrx_word' id='word_1_224' title='bbox 78 924 111 945; x_wconf 82' lang='lat' dir='ltr'><strong>ac</strong></span> <span class='ocrx_word' id='word_1_225' title='bbox 124 916 308 946; x_wconf 81' lang='lat' dir='ltr'><strong>terrestrium</strong></span> <span class='ocrx_word' id='word_1_226' title='bbox 325 915 440 946; x_wconf 57' lang='lat' dir='ltr'><strong>caelitus</strong></span> <span class='ocrx_word' id='word_1_227' title='bbox 456 915 667 946; x_wconf 76' lang='lat' dir='ltr'><strong>delaberetur?</strong></span> <span class='ocrx_word' id='word_1_228' title='bbox 683 914 736 946; x_wconf 84' lang='lat' dir='ltr'><strong>Hic</strong></span> <span class='ocrx_word' id='word_1_229' title='bbox 752 925 841 946; x_wconf 84' lang='lat' dir='ltr'><strong>carne</strong></span> <span class='ocrx_word' id='word_1_230' title='bbox 853 926 904 946; x_wconf 89' lang='lat' dir='ltr'><strong>no-</strong></span> 
     </span>
    </p>
   </div>
   <div class='ocr_carea' id='block_1_33' title="bbox 79 959 901 1000">
    <p class='ocr_par' dir='ltr' id='par_1_33' title="bbox 79 959 901 1000">
     <span class='ocr_line' id='line_1_33' title="bbox 79 959 901 1000; baseline 0.001 -11"><span class='ocrx_word' id='word_1_231' title='bbox 79 964 139 990; x_wconf 88' lang='lat' dir='ltr'><strong>stra</strong></span> <span class='ocrx_word' id='word_1_232' title='bbox 155 969 187 989; x_wconf 89' lang='lat' dir='ltr'><strong>se</strong></span> <span class='ocrx_word' id='word_1_233' title='bbox 199 960 323 996; x_wconf 90' lang='lat' dir='ltr'><strong>vestivit,</strong></span> <span class='ocrx_word' id='word_1_234' title='bbox 337 959 530 1000; x_wconf 89' lang='lat' dir='ltr'><strong>divinumque</strong></span> <span class='ocrx_word' id='word_1_235' title='bbox 546 959 690 1000; x_wconf 85' lang='lat' dir='ltr'><strong>Spiritum</strong></span> <span class='ocrx_word' id='word_1_236' title='bbox 708 960 793 991; x_wconf 91' lang='lat' dir='ltr'><strong>nobis</strong></span> <span class='ocrx_word' id='word_1_237' title='bbox 810 960 901 1000; x_wconf 81' lang='lat' dir='ltr'><strong>dedit,</strong></span> 
     </span>
    </p>
   </div>
   <div class='ocr_carea' id='block_1_34' title="bbox 79 1003 904 1045">
    <p class='ocr_par' dir='ltr' id='par_1_34' title="bbox 79 1003 904 1045">
     <span class='ocr_line' id='line_1_34' title="bbox 79 1003 904 1045; baseline 0.001 -11"><span class='ocrx_word' id='word_1_238' title='bbox 79 1004 158 1045; x_wconf 89' lang='lat' dir='ltr'><strong>quod</strong></span> <span class='ocrx_word' id='word_1_239' title='bbox 175 1014 254 1044; x_wconf 72' lang='lat' dir='ltr'><strong>saepe</strong></span> <span class='ocrx_word' id='word_1_240' title='bbox 279 1005 407 1035; x_wconf 87' lang='lat' dir='ltr'><strong>diximus</strong></span> <span class='ocrx_word' id='word_1_241' title='bbox 427 1015 433 1034; x_wconf 89' lang='lat'>:</span> <span class='ocrx_word' id='word_1_242' title='bbox 464 1009 492 1035; x_wconf 92' lang='lat' dir='ltr'><strong>et</strong></span> <span class='ocrx_word' id='word_1_243' title='bbox 521 1003 600 1035; x_wconf 89' lang='lat' dir='ltr'><strong>idem</strong></span> <span class='ocrx_word' id='word_1_244' title='bbox 617 1003 744 1044; x_wconf 86' lang='lat' dir='ltr'><strong>Spiritus</strong></span> <span class='ocrx_word' id='word_1_245' title='bbox 758 1005 857 1035; x_wconf 81' lang='lat' dir='ltr'><strong>omnia</strong></span> <span class='ocrx_word' id='word_1_246' title='bbox 873 1009 904 1035; x_wconf 90' lang='lat' dir='ltr'><strong>ut</strong></span> 
     </span>
    </p>
   </div>
   <div class='ocr_carea' id='block_1_35' title="bbox 79 1048 903 1089">
    <p class='ocr_par' dir='ltr' id='par_1_35' title="bbox 79 1048 903 1089">
     <span class='ocr_line' id='line_1_35' title="bbox 79 1048 903 1089; baseline 0 -10"><span class='ocrx_word' id='word_1_247' title='bbox 79 1049 160 1079; x_wconf 89' lang='lat' dir='ltr'><strong>Deus</strong></span> <span class='ocrx_word' id='word_1_248' title='bbox 176 1049 261 1079; x_wconf 90' lang='lat' dir='ltr'><strong>nobis</strong></span> <span class='ocrx_word' id='word_1_249' title='bbox 291 1049 412 1089; x_wconf 61' lang='lat' dir='ltr'><strong>praebet.</strong></span> <span class='ocrx_word' id='word_1_250' title='bbox 440 1048 579 1085; x_wconf 75' lang='lat' dir='ltr'><strong>Quaenam</strong></span> <span class='ocrx_word' id='word_1_251' title='bbox 610 1048 688 1079; x_wconf 75' lang='lat' dir='ltr'><strong>illa?</strong></span> <span class='ocrx_word' id='word_1_252' title='bbox 717 1059 781 1089; x_wconf 63' lang='lat' dir='ltr'><strong>quae</strong></span> <span class='ocrx_word' id='word_1_253' title='bbox 798 1049 903 1080; x_wconf 88' lang='lat' dir='ltr'><strong>crebro</strong></span> 
     </span>
    </p>
   </div>
   <div class='ocr_carea' id='block_1_36' title="bbox 79 1093 903 1134">
    <p class='ocr_par' dir='ltr' id='par_1_36' title="bbox 79 1093 903 1134">
     <span class='ocr_line' id='line_1_36' title="bbox 79 1093 903 1134; baseline 0.001 -11"><span class='ocrx_word' id='word_1_254' title='bbox 79 1093 196 1130; x_wconf 88' lang='lat' dir='ltr'><strong>rudius,</strong></span> <span class='ocrx_word' id='word_1_255' title='bbox 214 1103 247 1124; x_wconf 87' lang='lat' dir='ltr'><strong>ac</strong></span> <span class='ocrx_word' id='word_1_256' title='bbox 275 1093 442 1134; x_wconf 88' lang='lat' dir='ltr'><strong>simplicius</strong></span> <span class='ocrx_word' id='word_1_257' title='bbox 473 1093 655 1130; x_wconf 75' lang='lat' dir='ltr'><strong>enumeravi,</strong></span> <span class='ocrx_word' id='word_1_258' title='bbox 686 1094 763 1134; x_wconf 68' lang='lat' dir='ltr'><strong>.luod</strong></span> <span class='ocrx_word' id='word_1_259' title='bbox 781 1098 810 1125; x_wconf 92' lang='lat' dir='ltr'><strong>et</strong></span> <span class='ocrx_word' id='word_1_260' title='bbox 825 1103 903 1124; x_wconf 92' lang='lat' dir='ltr'><strong>nunc</strong></span> 
     </span>
    </p>
   </div>
   <div class='ocr_carea' id='block_1_37' title="bbox 80 1138 202 1169">
    <p class='ocr_par' dir='ltr' id='par_1_37' title="bbox 80 1138 202 1169">
     <span class='ocr_line' id='line_1_37' title="bbox 80 1138 202 1169; baseline 0.008 -1"><span class='ocrx_word' id='word_1_261' title='bbox 80 1138 202 1169; x_wconf 80' lang='lat' dir='ltr'><strong>faciam.</strong></span> 
     </span>
    </p>
   </div>
   <div class='ocr_carea' id='block_1_38' title="bbox 120 1181 904 1222">
    <p class='ocr_par' dir='ltr' id='par_1_38' title="bbox 120 1181 904 1222">
     <span class='ocr_line' id='line_1_38' title="bbox 120 1181 904 1222; baseline 0 -10"><span class='ocrx_word' id='word_1_262' title='bbox 120 1181 167 1212; x_wconf 86' lang='lat' dir='ltr'><strong>Fit</strong></span> <span class='ocrx_word' id='word_1_263' title='bbox 183 1181 268 1222; x_wconf 83' lang='lat' dir='ltr'><strong>quasi</strong></span> <span class='ocrx_word' id='word_1_264' title='bbox 283 1182 416 1222; x_wconf 82' lang='lat' dir='ltr'><strong>quaedam</strong></span> <span class='ocrx_word' id='word_1_265' title='bbox 435 1182 592 1221; x_wconf 83' lang='lat' dir='ltr'><strong>natatoria,</strong></span> <span class='ocrx_word' id='word_1_266' title='bbox 609 1182 721 1213; x_wconf 87' lang='lat' dir='ltr'><strong>lumine</strong></span> <span class='ocrx_word' id='word_1_267' title='bbox 736 1182 834 1213; x_wconf 86' lang='lat' dir='ltr'><strong>divino</strong></span> <span class='ocrx_word' id='word_1_268' title='bbox 848 1182 904 1212; x_wconf 89' lang='lat' dir='ltr'><strong>cla-</strong></span> 
     </span>
    </p>
   </div>
   <div class='ocr_carea' id='block_1_39' title="bbox 80 1226 904 1266">
    <p class='ocr_par' dir='ltr' id='par_1_39' title="bbox 80 1226 904 1266">
     <span class='ocr_line' id='line_1_39' title="bbox 80 1226 904 1266; baseline 0.001 -10"><span class='ocrx_word' id='word_1_269' title='bbox 80 1226 210 1263; x_wconf 89' lang='lat' dir='ltr'><strong>rissima,</strong></span> <span class='ocrx_word' id='word_1_270' title='bbox 228 1231 257 1257; x_wconf 93' lang='lat' dir='ltr'><strong>et</strong></span> <span class='ocrx_word' id='word_1_271' title='bbox 273 1236 307 1257; x_wconf 87' lang='lat' dir='ltr'><strong>ea</strong></span> <span class='ocrx_word' id='word_1_272' title='bbox 333 1226 541 1266; x_wconf 90' lang='lat' dir='ltr'><strong>complectitur</strong></span> <span class='ocrx_word' id='word_1_273' title='bbox 564 1227 675 1257; x_wconf 82' lang='lat' dir='ltr'><strong>omnia.</strong></span> <span class='ocrx_word' id='word_1_274' title='bbox 706 1226 785 1262; x_wconf 82' lang='lat' dir='ltr'><strong>Quos</strong></span> <span class='ocrx_word' id='word_1_275' title='bbox 801 1227 904 1266; x_wconf 83' lang='lat' dir='ltr'><strong>dignos</strong></span> 
     </span>
    </p>
   </div>
   <div class='ocr_carea' id='block_1_40' title="bbox 80 1270 906 1312">
    <p class='ocr_par' dir='ltr' id='par_1_40' title="bbox 80 1270 906 1312">
     <span class='ocr_line' id='line_1_40' title="bbox 80 1270 906 1312; baseline 0.002 -12"><span class='ocrx_word' id='word_1_276' title='bbox 80 1270 240 1307; x_wconf 87' lang='lat' dir='ltr'><strong>invenerit,</strong></span> <span class='ocrx_word' id='word_1_277' title='bbox 271 1271 349 1302; x_wconf 81' lang='lat' dir='ltr'><strong>intus</strong></span> <span class='ocrx_word' id='word_1_278' title='bbox 372 1271 493 1311; x_wconf 87' lang='lat' dir='ltr'><strong>(quibus</strong></span> <span class='ocrx_word' id='word_1_279' title='bbox 522 1271 620 1302; x_wconf 83' lang='lat' dir='ltr'><strong>verbis</strong></span> <span class='ocrx_word' id='word_1_280' title='bbox 649 1271 781 1312; x_wconf 81' lang='lat' dir='ltr'><strong>eloquar,</strong></span> <span class='ocrx_word' id='word_1_281' title='bbox 798 1271 906 1312; x_wconf 87' lang='lat' dir='ltr'><strong>quibus</strong></span> 
     </span>
    </p>
   </div>
   <div class='ocr_carea' id='block_1_41' title="bbox 83 1315 906 1356">
    <p class='ocr_par' dir='ltr' id='par_1_41' title="bbox 83 1315 906 1356">
     <span class='ocr_line' id='line_1_41' title="bbox 83 1315 906 1356; baseline 0 -11"><span class='ocrx_word' id='word_1_282' title='bbox 83 1315 255 1356; x_wconf 75' lang='lat' dir='ltr'><strong>enuntiabo,</strong></span> <span class='ocrx_word' id='word_1_283' title='bbox 273 1316 380 1356; x_wconf 90' lang='lat' dir='ltr'><strong>quibus</strong></span> <span class='ocrx_word' id='word_1_284' title='bbox 397 1325 450 1356; x_wconf 86' lang='lat' dir='ltr'><strong>pro</strong></span> <span class='ocrx_word' id='word_1_285' title='bbox 473 1315 614 1355; x_wconf 81' lang='lat' dir='ltr'><strong>dignitate</strong></span> <span class='ocrx_word' id='word_1_286' title='bbox 639 1316 813 1348; x_wconf 76' lang='lat' dir='ltr'><strong>edisseram.</strong></span> <span class='ocrx_word' id='word_1_287' title='bbox 843 1325 906 1356; x_wconf 62' lang='lat' dir='ltr'><strong>quae</strong></span> 
     </span>
    </p>
   </div>
   <div class='ocr_carea' id='block_1_42' title="bbox 83 1360 904 1400">
    <p class='ocr_par' dir='ltr' id='par_1_42' title="bbox 83 1360 904 1400">
     <span class='ocr_line' id='line_1_42' title="bbox 83 1360 904 1400; baseline 0.001 -10"><span class='ocrx_word' id='word_1_288' title='bbox 83 1361 159 1391; x_wconf 87' lang='lat' dir='ltr'><strong>ﬁunt</strong></span> <span class='ocrx_word' id='word_1_289' title='bbox 176 1360 188 1390; x_wconf 78' lang='lat'><strong>‘.’</strong></span> <span class='ocrx_word' id='word_1_290' title='bbox 203 1360 244 1390; x_wconf 87' lang='lat' dir='ltr'><strong>Da</strong></span> <span class='ocrx_word' id='word_1_291' title='bbox 261 1361 334 1391; x_wconf 92' lang='lat' dir='ltr'><strong>mihi</strong></span> <span class='ocrx_word' id='word_1_292' title='bbox 360 1361 449 1392; x_wconf 77' lang='lat' dir='ltr'><strong>verba</strong></span> <span class='ocrx_word' id='word_1_293' title='bbox 469 1360 518 1400; x_wconf 92' lang='lat' dir='ltr'><strong>qui</strong></span> <span class='ocrx_word' id='word_1_294' title='bbox 540 1361 657 1392; x_wconf 88' lang='lat' dir='ltr'><strong>donasti</strong></span> <span class='ocrx_word' id='word_1_295' title='bbox 674 1361 746 1391; x_wconf 90' lang='lat' dir='ltr'><strong>mihi</strong></span> <span class='ocrx_word' id='word_1_296' title='bbox 762 1361 904 1398; x_wconf 83' lang='lat' dir='ltr'><strong>animam,</strong></span> 
     </span>
    </p>
   </div>
   <div class='ocr_carea' id='block_1_43' title="bbox 82 1404 906 1445">
    <p class='ocr_par' dir='ltr' id='par_1_43' title="bbox 82 1404 906 1445">
     <span class='ocr_line' id='line_1_43' title="bbox 82 1404 906 1445; baseline 0 -10"><span class='ocrx_word' id='word_1_297' title='bbox 82 1404 162 1435; x_wconf 89' lang='lat' dir='ltr'><strong>Deus</strong></span> <span class='ocrx_word' id='word_1_298' title='bbox 175 1405 270 1445; x_wconf 81' lang='lat' dir='ltr'><strong>meus)</strong></span> <span class='ocrx_word' id='word_1_299' title='bbox 283 1405 610 1444; x_wconf 83' lang='lat' dir='ltr'><strong>divinusSpirituscrgo</strong></span> <span class='ocrx_word' id='word_1_300' title='bbox 620 1405 906 1445; x_wconf 85' lang='lat' dir='ltr'><strong>cumDeussit,quos</strong></span> 
     </span>
    </p>
   </div>
   <div class='ocr_carea' id='block_1_44' title="bbox 83 1449 903 1489">
    <p class='ocr_par' dir='ltr' id='par_1_44' title="bbox 83 1449 903 1489">
     <span class='ocr_line' id='line_1_44' title="bbox 83 1449 903 1489; baseline 0.002 -11"><span class='ocrx_word' id='word_1_301' title='bbox 83 1449 160 1480; x_wconf 86' lang='lat' dir='ltr'><strong>intra</strong></span> <span class='ocrx_word' id='word_1_302' title='bbox 177 1456 208 1480; x_wconf 89' lang='lat' dir='ltr'><strong>se</strong></span> <span class='ocrx_word' id='word_1_303' title='bbox 223 1450 382 1489; x_wconf 74' lang='lat' dir='ltr'><strong>acceperit,</strong></span> <span class='ocrx_word' id='word_1_304' title='bbox 415 1454 491 1480; x_wconf 92' lang='lat' dir='ltr'><strong>totos</strong></span> <span class='ocrx_word' id='word_1_305' title='bbox 521 1450 650 1488; x_wconf 90' lang='lat' dir='ltr'><strong>reﬁngit,</strong></span> <span class='ocrx_word' id='word_1_306' title='bbox 682 1454 758 1480; x_wconf 92' lang='lat' dir='ltr'><strong>totos</strong></span> <span class='ocrx_word' id='word_1_307' title='bbox 772 1454 903 1488; x_wconf 81' lang='lat' dir='ltr'><strong>renovat,</strong></span> 
     </span>
    </p>
   </div>
   <div class='ocr_carea' id='block_1_45' title="bbox 84 1494 905 1526">
    <p class='ocr_par' dir='ltr' id='par_1_45' title="bbox 84 1494 905 1526">
     <span class='ocr_line' id='line_1_45' title="bbox 84 1494 905 1526; baseline 0.002 -2"><span class='ocrx_word' id='word_1_308' title='bbox 84 1498 112 1525; x_wconf 88' lang='lat' dir='ltr'><strong>et</strong></span> <span class='ocrx_word' id='word_1_309' title='bbox 123 1494 269 1525; x_wconf 84' lang='lat' dir='ltr'><strong>instaurat</strong></span> <span class='ocrx_word' id='word_1_310' title='bbox 281 1494 514 1526; x_wconf 85' lang='lat' dir='ltr'><strong>admirabiliter:</strong></span> <span class='ocrx_word' id='word_1_311' title='bbox 529 1504 584 1525; x_wconf 91' lang='lat' dir='ltr'><strong>nec</strong></span> <span class='ocrx_word' id='word_1_312' title='bbox 593 1494 732 1525; x_wconf 85' lang='lat' dir='ltr'><strong>sordibus</strong></span> <span class='ocrx_word' id='word_1_313' title='bbox 743 1504 844 1525; x_wconf 85' lang='lat' dir='ltr'><strong>eorum</strong></span> <span class='ocrx_word' id='word_1_314' title='bbox 857 1495 905 1526; x_wconf 91' lang='lat' dir='ltr'><strong>in-</strong></span> 
     </span>
    </p>
   </div>
   <div class='ocr_carea' id='block_1_46' title="bbox 83 1538 906 1578">
    <p class='ocr_par' dir='ltr' id='par_1_46' title="bbox 83 1538 906 1578">
     <span class='ocr_line' id='line_1_46' title="bbox 83 1538 906 1578; baseline 0 -10"><span class='ocrx_word' id='word_1_315' title='bbox 83 1538 193 1569; x_wconf 78' lang='lat' dir='ltr'><strong>ﬁcitur.</strong></span> <span class='ocrx_word' id='word_1_316' title='bbox 211 1538 246 1568; x_wconf 89' lang='lat' dir='ltr'><strong>Et</strong></span> <span class='ocrx_word' id='word_1_317' title='bbox 271 1539 419 1578; x_wconf 89' lang='lat' dir='ltr'><strong>quomodo</strong></span> <span class='ocrx_word' id='word_1_318' title='bbox 444 1548 498 1570; x_wconf 90' lang='lat' dir='ltr'><strong>nec</strong></span> <span class='ocrx_word' id='word_1_319' title='bbox 527 1539 604 1578; x_wconf 81' lang='lat' dir='ltr'><strong>ignis</strong></span> <span class='ocrx_word' id='word_1_320' title='bbox 633 1539 780 1578; x_wconf 90' lang='lat' dir='ltr'><strong>nigrorem</strong></span> <span class='ocrx_word' id='word_1_321' title='bbox 798 1539 906 1570; x_wconf 80' lang='lat' dir='ltr'><strong>aferro</strong></span> 
     </span>
    </p>
   </div>
   <div class='ocr_carea' id='block_1_47' title="bbox 946 911 1770 953">
    <p class='ocr_par' dir='ltr' id='par_1_47' title="bbox 946 911 1770 953">
     <span class='ocr_line' id='line_1_47' title="bbox 946 911 1770 953; baseline 0.004 -11"><span class='ocrx_word' id='word_1_322' title='bbox 946 911 1117 942; x_wconf 84' lang='lat' dir='ltr'><strong>nominibus</strong></span> <span class='ocrx_word' id='word_1_323' title='bbox 1131 912 1302 953; x_wconf 83' lang='lat' dir='ltr'><strong>appellaris,</strong></span> <span class='ocrx_word' id='word_1_324' title='bbox 1321 918 1417 943; x_wconf 89' lang='lat' dir='ltr'><strong>tamen</strong></span> <span class='ocrx_word' id='word_1_325' title='bbox 1428 922 1519 942; x_wconf 91' lang='lat' dir='ltr'><strong>unum</strong></span> <span class='ocrx_word' id='word_1_326' title='bbox 1536 922 1579 944; x_wconf 87' lang='lat' dir='ltr'><strong>es.</strong></span> <span class='ocrx_word' id='word_1_327' title='bbox 1595 913 1657 944; x_wconf 80' lang='lat' dir='ltr'><strong>Hoc</strong></span> <span class='ocrx_word' id='word_1_328' title='bbox 1671 919 1770 945; x_wconf 89' lang='lat' dir='ltr'><strong>autem</strong></span> 
     </span>
    </p>
   </div>
   <div class='ocr_carea' id='block_1_48' title="bbox 945 956 1771 997">
    <p class='ocr_par' dir='ltr' id='par_1_48' title="bbox 945 956 1771 997">
     <span class='ocr_line' id='line_1_48' title="bbox 945 956 1771 997; baseline 0.005 -11"><span class='ocrx_word' id='word_1_329' title='bbox 945 965 1038 987; x_wconf 90' lang='lat' dir='ltr'><strong>unum</strong></span> <span class='ocrx_word' id='word_1_330' title='bbox 1048 956 1128 987; x_wconf 87' lang='lat' dir='ltr'><strong>omni</strong></span> <span class='ocrx_word' id='word_1_331' title='bbox 1141 961 1252 987; x_wconf 65' lang='lat' dir='ltr'><strong>natura:</strong></span> <span class='ocrx_word' id='word_1_332' title='bbox 1264 956 1459 997; x_wconf 86' lang='lat' dir='ltr'><strong>incognitum,</strong></span> <span class='ocrx_word' id='word_1_333' title='bbox 1474 957 1634 996; x_wconf 86' lang='lat' dir='ltr'><strong>invisibile,</strong></span> <span class='ocrx_word' id='word_1_334' title='bbox 1649 959 1771 990; x_wconf 80' lang='lat' dir='ltr'><strong>etinex-</strong></span> 
     </span>
    </p>
   </div>
   <div class='ocr_carea' id='block_1_49' title="bbox 945 1001 1771 1044">
    <p class='ocr_par' dir='ltr' id='par_1_49' title="bbox 945 1001 1771 1044">
     <span class='ocr_line' id='line_1_49' title="bbox 945 1001 1771 1044; baseline 0.005 -13"><span class='ocrx_word' id='word_1_335' title='bbox 945 1001 1087 1040; x_wconf 88' lang='lat' dir='ltr'><strong>plicabile</strong></span> <span class='ocrx_word' id='word_1_336' title='bbox 1100 1005 1154 1037; x_wconf 90' lang='lat' dir='ltr'><strong>est,</strong></span> <span class='ocrx_word' id='word_1_337' title='bbox 1169 1001 1248 1040; x_wconf 90' lang='lat' dir='ltr'><strong>quod</strong></span> <span class='ocrx_word' id='word_1_338' title='bbox 1263 1011 1296 1032; x_wconf 79' lang='lat' dir='ltr'><strong>ex</strong></span> <span class='ocrx_word' id='word_1_339' title='bbox 1309 1001 1717 1044; x_wconf 86' lang='lat' dir='ltr'><strong>comparationequocunque</strong></span> <span class='ocrx_word' id='word_1_340' title='bbox 1729 1004 1771 1035; x_wconf 92' lang='lat' dir='ltr'><strong>in-</strong></span> 
     </span>
    </p>
   </div>
   <div class='ocr_carea' id='block_1_50' title="bbox 945 1045 1771 1088">
    <p class='ocr_par' dir='ltr' id='par_1_50' title="bbox 945 1045 1771 1088">
     <span class='ocr_line' id='line_1_50' title="bbox 945 1045 1771 1088; baseline 0 -12"><span class='ocrx_word' id='word_1_341' title='bbox 945 1045 1085 1085; x_wconf 83' lang='lat' dir='ltr'><strong>digitatur</strong></span> <span class='ocrx_word' id='word_1_342' title='bbox 1096 1046 1228 1076; x_wconf 88' lang='lat' dir='ltr'><strong>nomine.</strong></span> <span class='ocrx_word' id='word_1_343' title='bbox 1244 1045 1320 1084; x_wconf 86' lang='lat' dir='ltr'><strong>Ergo</strong></span> <span class='ocrx_word' id='word_1_344' title='bbox 1332 1046 1408 1076; x_wconf 90' lang='lat' dir='ltr'><strong>istuc</strong></span> <span class='ocrx_word' id='word_1_345' title='bbox 1421 1055 1510 1076; x_wconf 93' lang='lat' dir='ltr'><strong>unum</strong></span> <span class='ocrx_word' id='word_1_346' title='bbox 1523 1051 1566 1077; x_wconf 89' lang='lat' dir='ltr'><strong>est</strong></span> <span class='ocrx_word' id='word_1_347' title='bbox 1578 1053 1682 1078; x_wconf 88' lang='lat' dir='ltr'><strong>natura</strong></span> <span class='ocrx_word' id='word_1_348' title='bbox 1696 1060 1771 1088; x_wconf 77' lang='grc' dir='ltr'><strong>τρισ-</strong></span> 
     </span>
    </p>
   </div>
   <div class='ocr_carea' id='block_1_51' title="bbox 945 1090 1771 1133">
    <p class='ocr_par' dir='ltr' id='par_1_51' title="bbox 945 1090 1771 1133">
     <span class='ocr_line' id='line_1_51' title="bbox 945 1090 1771 1133; baseline 0.007 -15"><span class='ocrx_word' id='word_1_349' title='bbox 945 1091 1104 1127; x_wconf 72' lang='grc' dir='ltr'><strong>υπόστατος,</strong></span> <span class='ocrx_word' id='word_1_350' title='bbox 1123 1100 1181 1121; x_wconf 89' lang='lat' dir='ltr'><strong>una</strong></span> <span class='ocrx_word' id='word_1_351' title='bbox 1198 1090 1304 1130; x_wconf 86' lang='lat' dir='ltr'><strong>deitas,</strong></span> <span class='ocrx_word' id='word_1_352' title='bbox 1332 1099 1423 1120; x_wconf 90' lang='lat' dir='ltr'><strong>unum</strong></span> <span class='ocrx_word' id='word_1_353' title='bbox 1454 1100 1592 1129; x_wconf 80' lang='lat' dir='ltr'><strong>regnum,</strong></span> <span class='ocrx_word' id='word_1_354' title='bbox 1610 1101 1668 1122; x_wconf 89' lang='lat' dir='ltr'><strong>una</strong></span> <span class='ocrx_word' id='word_1_355' title='bbox 1683 1097 1771 1133; x_wconf 90' lang='lat' dir='ltr'><strong>pote-</strong></span> 
     </span>
    </p>
   </div>
   <div class='ocr_carea' id='block_1_52' title="bbox 946 1134 1771 1175">
    <p class='ocr_par' dir='ltr' id='par_1_52' title="bbox 946 1134 1771 1175">
     <span class='ocr_line' id='line_1_52' title="bbox 946 1134 1771 1175; baseline 0.006 -11"><span class='ocrx_word' id='word_1_356' title='bbox 946 1138 1008 1165; x_wconf 88' lang='lat' dir='ltr'><strong>stas</strong></span> <span class='ocrx_word' id='word_1_357' title='bbox 1026 1145 1033 1172; x_wconf 88' lang='lat'><strong>;</strong></span> <span class='ocrx_word' id='word_1_358' title='bbox 1053 1134 1182 1166; x_wconf 85' lang='lat' dir='ltr'><strong>Trinitas</strong></span> <span class='ocrx_word' id='word_1_359' title='bbox 1197 1135 1306 1175; x_wconf 86' lang='lat' dir='ltr'><strong>quippe</strong></span> <span class='ocrx_word' id='word_1_360' title='bbox 1321 1144 1414 1165; x_wconf 90' lang='lat' dir='ltr'><strong>unum</strong></span> <span class='ocrx_word' id='word_1_361' title='bbox 1426 1139 1481 1166; x_wconf 89' lang='lat' dir='ltr'><strong>est.</strong></span> <span class='ocrx_word' id='word_1_362' title='bbox 1499 1135 1627 1166; x_wconf 86' lang='lat' dir='ltr'><strong>Trinitas</strong></span> <span class='ocrx_word' id='word_1_363' title='bbox 1649 1147 1706 1168; x_wconf 90' lang='lat' dir='ltr'><strong>una</strong></span> <span class='ocrx_word' id='word_1_364' title='bbox 1726 1143 1771 1169; x_wconf 91' lang='lat' dir='ltr'><strong>est</strong></span> 
     </span>
    </p>
   </div>
   <div class='ocr_carea' id='block_1_53' title="bbox 945 1178 1768 1217">
    <p class='ocr_par' dir='ltr' id='par_1_53' title="bbox 945 1178 1768 1217">
     <span class='ocr_line' id='line_1_53' title="bbox 945 1178 1768 1217; baseline 0.005 -8"><span class='ocrx_word' id='word_1_365' title='bbox 945 1178 1024 1209; x_wconf 89' lang='lat' dir='ltr'><strong>Deus</strong></span> <span class='ocrx_word' id='word_1_366' title='bbox 1040 1188 1133 1217; x_wconf 89' lang='lat' dir='ltr'><strong>meus,</strong></span> <span class='ocrx_word' id='word_1_367' title='bbox 1152 1187 1210 1210; x_wconf 89' lang='lat' dir='ltr'><strong>non</strong></span> <span class='ocrx_word' id='word_1_368' title='bbox 1228 1179 1295 1210; x_wconf 85' lang='lat' dir='ltr'><strong>tria.</strong></span> <span class='ocrx_word' id='word_1_369' title='bbox 1323 1181 1381 1211; x_wconf 86' lang='lat' dir='ltr'><strong>Sed</strong></span> <span class='ocrx_word' id='word_1_370' title='bbox 1413 1179 1607 1211; x_wconf 86' lang='lat' dir='ltr'><strong>nihilominus</strong></span> <span class='ocrx_word' id='word_1_371' title='bbox 1623 1182 1678 1212; x_wconf 84' lang='lat' dir='ltr'><strong>tria</strong></span> <span class='ocrx_word' id='word_1_372' title='bbox 1698 1183 1768 1214; x_wconf 86' lang='lat' dir='ltr'><strong>illud</strong></span> 
     </span>
    </p>
   </div>
   <div class='ocr_carea' id='block_1_54' title="bbox 945 1223 1768 1265">
    <p class='ocr_par' dir='ltr' id='par_1_54' title="bbox 945 1223 1768 1265">
     <span class='ocr_line' id='line_1_54' title="bbox 945 1223 1768 1265; baseline 0.004 -11"><span class='ocrx_word' id='word_1_373' title='bbox 945 1233 1050 1263; x_wconf 91' lang='lat' dir='ltr'><strong>unum,</strong></span> <span class='ocrx_word' id='word_1_374' title='bbox 1063 1223 1227 1255; x_wconf 87' lang='lat' dir='ltr'><strong>secundum</strong></span> <span class='ocrx_word' id='word_1_375' title='bbox 1237 1223 1457 1261; x_wconf 82' lang='lat' dir='ltr'><strong>subsistentias,</strong></span> <span class='ocrx_word' id='word_1_376' title='bbox 1470 1230 1575 1256; x_wconf 88' lang='lat' dir='ltr'><strong>natura</strong></span> <span class='ocrx_word' id='word_1_377' title='bbox 1591 1231 1690 1257; x_wconf 88' lang='lat' dir='ltr'><strong>mutuo</strong></span> <span class='ocrx_word' id='word_1_378' title='bbox 1700 1229 1768 1265; x_wconf 75' lang='grc' dir='ltr'><strong>ὁμο-</strong></span> 
     </span>
    </p>
   </div>
   <div class='ocr_carea' id='block_1_55' title="bbox 948 1268 1770 1309">
    <p class='ocr_par' dir='ltr' id='par_1_55' title="bbox 948 1268 1770 1309">
     <span class='ocr_line' id='line_1_55' title="bbox 948 1268 1770 1309; baseline 0.009 -13"><span class='ocrx_word' id='word_1_379' title='bbox 948 1276 1023 1308; x_wconf 58' lang='lat' dir='ltr'><strong>(posts</strong></span> <span class='ocrx_word' id='word_1_380' title='bbox 1039 1273 1253 1309; x_wconf 75' lang='lat' dir='ltr'><strong>competentes,</strong></span> <span class='ocrx_word' id='word_1_381' title='bbox 1267 1273 1295 1298; x_wconf 93' lang='lat' dir='ltr'><strong>et</strong></span> <span class='ocrx_word' id='word_1_382' title='bbox 1310 1268 1488 1299; x_wconf 89' lang='lat' dir='ltr'><strong>consubstan</strong></span> <span class='ocrx_word' id='word_1_383' title='bbox 1504 1269 1575 1300; x_wconf 88' lang='lat' dir='ltr'><strong>iales</strong></span> <span class='ocrx_word' id='word_1_384' title='bbox 1591 1271 1770 1303; x_wconf 89' lang='lat' dir='ltr'><strong>omnimodis</strong></span> 
     </span>
    </p>
   </div>
   <div class='ocr_carea' id='block_1_56' title="bbox 948 1312 1771 1354">
    <p class='ocr_par' dir='ltr' id='par_1_56' title="bbox 948 1312 1771 1354">
     <span class='ocr_line' id='line_1_56' title="bbox 948 1312 1771 1354; baseline 0.006 -11"><span class='ocrx_word' id='word_1_385' title='bbox 948 1312 1115 1353; x_wconf 79' lang='lat' dir='ltr'><strong>inconfuse,</strong></span> <span class='ocrx_word' id='word_1_386' title='bbox 1146 1323 1235 1354; x_wconf 80' lang='lat' dir='ltr'><strong>supra</strong></span> <span class='ocrx_word' id='word_1_387' title='bbox 1265 1318 1384 1353; x_wconf 87' lang='lat' dir='ltr'><strong>captum</strong></span> <span class='ocrx_word' id='word_1_388' title='bbox 1412 1313 1574 1344; x_wconf 86' lang='lat' dir='ltr'><strong>humanum</strong></span> <span class='ocrx_word' id='word_1_389' title='bbox 1606 1316 1712 1352; x_wconf 84' lang='lat' dir='ltr'><strong>unitas,</strong></span> <span class='ocrx_word' id='word_1_390' title='bbox 1742 1322 1771 1348; x_wconf 93' lang='lat' dir='ltr'><strong>et</strong></span> 
     </span>
    </p>
   </div>
   <div class='ocr_carea' id='block_1_57' title="bbox 949 1358 1771 1396">
    <p class='ocr_par' dir='ltr' id='par_1_57' title="bbox 949 1358 1771 1396">
     <span class='ocr_line' id='line_1_57' title="bbox 949 1358 1771 1396; baseline 0.006 -8"><span class='ocrx_word' id='word_1_391' title='bbox 949 1367 1066 1388; x_wconf 90' lang='lat' dir='ltr'><strong>rursum</strong></span> <span class='ocrx_word' id='word_1_392' title='bbox 1077 1358 1150 1388; x_wconf 85' lang='lat' dir='ltr'><strong>citra</strong></span> <span class='ocrx_word' id='word_1_393' title='bbox 1165 1358 1341 1388; x_wconf 89' lang='lat' dir='ltr'><strong>divisionem</strong></span> <span class='ocrx_word' id='word_1_394' title='bbox 1364 1358 1484 1396; x_wconf 82' lang='lat' dir='ltr'><strong>divisas,</strong></span> <span class='ocrx_word' id='word_1_395' title='bbox 1502 1359 1531 1389; x_wconf 92' lang='lat' dir='ltr'><strong>in</strong></span> <span class='ocrx_word' id='word_1_396' title='bbox 1549 1369 1639 1390; x_wconf 92' lang='lat' dir='ltr'><strong>unum</strong></span> <span class='ocrx_word' id='word_1_397' title='bbox 1655 1361 1771 1393; x_wconf 82' lang='lat' dir='ltr'><strong>scilicet</strong></span> 
     </span>
    </p>
   </div>
   <div class='ocr_carea' id='block_1_58' title="bbox 948 1402 1770 1444">
    <p class='ocr_par' dir='ltr' id='par_1_58' title="bbox 948 1402 1770 1444">
     <span class='ocr_line' id='line_1_58' title="bbox 948 1402 1770 1444; baseline 0.006 -12"><span class='ocrx_word' id='word_1_398' title='bbox 948 1402 1014 1439; x_wconf 90' lang='lat' dir='ltr'><strong>tria,</strong></span> <span class='ocrx_word' id='word_1_399' title='bbox 1032 1407 1060 1432; x_wconf 94' lang='lat' dir='ltr'><strong>et</strong></span> <span class='ocrx_word' id='word_1_400' title='bbox 1075 1412 1166 1432; x_wconf 90' lang='lat' dir='ltr'><strong>unum</strong></span> <span class='ocrx_word' id='word_1_401' title='bbox 1182 1406 1211 1432; x_wconf 91' lang='lat' dir='ltr'><strong>in</strong></span> <span class='ocrx_word' id='word_1_402' title='bbox 1227 1403 1293 1434; x_wconf 90' lang='lat' dir='ltr'><strong>tria.</strong></span> <span class='ocrx_word' id='word_1_403' title='bbox 1307 1402 1387 1433; x_wconf 89' lang='lat' dir='ltr'><strong>Unus</strong></span> <span class='ocrx_word' id='word_1_404' title='bbox 1401 1403 1481 1434; x_wconf 90' lang='lat' dir='ltr'><strong>enim</strong></span> <span class='ocrx_word' id='word_1_405' title='bbox 1498 1408 1552 1441; x_wconf 89' lang='lat' dir='ltr'><strong>est,</strong></span> <span class='ocrx_word' id='word_1_406' title='bbox 1571 1404 1621 1444; x_wconf 87' lang='lat' dir='ltr'><strong>qui</strong></span> <span class='ocrx_word' id='word_1_407' title='bbox 1636 1406 1770 1437; x_wconf 87' lang='lat' dir='ltr'><strong>condidit</strong></span> 
     </span>
    </p>
   </div>
   <div class='ocr_carea' id='block_1_59' title="bbox 948 1446 1768 1490">
    <p class='ocr_par' dir='ltr' id='par_1_59' title="bbox 948 1446 1768 1490">
     <span class='ocr_line' id='line_1_59' title="bbox 948 1446 1768 1490; baseline 0.007 -14"><span class='ocrx_word' id='word_1_408' title='bbox 948 1447 1048 1477; x_wconf 86' lang='lat' dir='ltr'><strong>omnia</strong></span> <span class='ocrx_word' id='word_1_409' title='bbox 1063 1446 1150 1478; x_wconf 88' lang='lat' dir='ltr'><strong>Jesus</strong></span> <span class='ocrx_word' id='word_1_410' title='bbox 1172 1447 1306 1479; x_wconf 86' lang='lat' dir='ltr'><strong>Christus</strong></span> <span class='ocrx_word' id='word_1_411' title='bbox 1332 1457 1399 1478; x_wconf 90' lang='lat' dir='ltr'><strong>cum</strong></span> <span class='ocrx_word' id='word_1_412' title='bbox 1427 1447 1513 1478; x_wconf 83' lang='lat' dir='ltr'><strong>Patre</strong></span> <span class='ocrx_word' id='word_1_413' title='bbox 1538 1453 1659 1489; x_wconf 82' lang='lat' dir='ltr'><strong>experte</strong></span> <span class='ocrx_word' id='word_1_414' title='bbox 1684 1451 1768 1490; x_wconf 89' lang='lat' dir='ltr'><strong>prin-</strong></span> 
     </span>
    </p>
   </div>
   <div class='ocr_carea' id='block_1_60' title="bbox 948 1491 1767 1535">
    <p class='ocr_par' dir='ltr' id='par_1_60' title="bbox 948 1491 1767 1535">
     <span class='ocr_line' id='line_1_60' title="bbox 948 1491 1767 1535; baseline 0.006 -13"><span class='ocrx_word' id='word_1_415' title='bbox 948 1491 1029 1531; x_wconf 91' lang='lat' dir='ltr'><strong>cipii,</strong></span> <span class='ocrx_word' id='word_1_416' title='bbox 1047 1496 1075 1522; x_wconf 91' lang='lat' dir='ltr'><strong>et</strong></span> <span class='ocrx_word' id='word_1_417' title='bbox 1090 1501 1157 1523; x_wconf 90' lang='lat' dir='ltr'><strong>cum</strong></span> <span class='ocrx_word' id='word_1_418' title='bbox 1173 1491 1283 1532; x_wconf 90' lang='lat' dir='ltr'><strong>Spiritu</strong></span> <span class='ocrx_word' id='word_1_419' title='bbox 1299 1496 1413 1530; x_wconf 87' lang='lat' dir='ltr'><strong>sancto,</strong></span> <span class='ocrx_word' id='word_1_420' title='bbox 1445 1493 1530 1533; x_wconf 89' lang='lat' dir='ltr'><strong>cujus</strong></span> <span class='ocrx_word' id='word_1_421' title='bbox 1554 1503 1637 1535; x_wconf 77' lang='lat' dir='ltr'><strong>aeque</strong></span> <span class='ocrx_word' id='word_1_422' title='bbox 1653 1495 1767 1527; x_wconf 87' lang='lat' dir='ltr'><strong>nullum</strong></span> 
     </span>
    </p>
   </div>
   <div class='ocr_carea' id='block_1_61' title="bbox 948 1536 1078 1568">
    <p class='ocr_par' dir='ltr' id='par_1_61' title="bbox 948 1536 1078 1568">
     <span class='ocr_line' id='line_1_61' title="bbox 948 1536 1078 1568; baseline 0.015 -2"><span class='ocrx_word' id='word_1_423' title='bbox 948 1536 1078 1568; x_wconf 89' lang='lat' dir='ltr'><strong>initium.</strong></span> 
     </span>
    </p>
   </div>
   <div class='ocr_carea' id='block_1_62' title="bbox 84 1577 1768 1623">
    <p class='ocr_par' dir='ltr' id='par_1_62' title="bbox 84 1577 1768 1623">
     <span class='ocr_line' id='line_1_62' title="bbox 84 1577 1768 1623; baseline 0.002 -10"><span class='ocrx_word' id='word_1_424' title='bbox 84 1583 242 1621; x_wconf 88' lang='lat' dir='ltr'><strong>contrahit,</strong></span> <span class='ocrx_word' id='word_1_425' title='bbox 261 1577 348 1614; x_wconf 82' lang='lat' dir='ltr'><strong>etilli</strong></span> <span class='ocrx_word' id='word_1_426' title='bbox 364 1577 548 1623; x_wconf 69' lang='lat' dir='ltr'><strong>quaecunque</strong></span> <span class='ocrx_word' id='word_1_427' title='bbox 572 1577 935 1617; x_wconf 19' lang='lat' dir='ltr'><strong>habeticommunicat:C</strong></span> <span class='ocrx_word' id='word_1_428' title='bbox 988 1580 1085 1612; x_wconf 91' lang='lat' dir='ltr'><strong>Unum</strong></span> <span class='ocrx_word' id='word_1_429' title='bbox 1103 1581 1191 1620; x_wconf 81' lang='lat' dir='ltr'><strong>igitur</strong></span> <span class='ocrx_word' id='word_1_430' title='bbox 1205 1581 1346 1619; x_wconf 90' lang='lat' dir='ltr'><strong>Trinitas,</strong></span> <span class='ocrx_word' id='word_1_431' title='bbox 1363 1582 1488 1614; x_wconf 85' lang='lat' dir='ltr'><strong>indivise</strong></span> <span class='ocrx_word' id='word_1_432' title='bbox 1511 1593 1644 1623; x_wconf 89' lang='lat' dir='ltr'><strong>prorsus.</strong></span> <span class='ocrx_word' id='word_1_433' title='bbox 1660 1585 1693 1615; x_wconf 90' lang='lat' dir='ltr'><strong>In</strong></span> <span class='ocrx_word' id='word_1_434' title='bbox 1709 1596 1768 1617; x_wconf 91' lang='lat' dir='ltr'><strong>uno</strong></span> 
     </span>
    </p>
   </div>
   <div class='ocr_carea' id='block_1_63' title="bbox 84 1627 905 1669">
    <p class='ocr_par' dir='ltr' id='par_1_63' title="bbox 84 1627 905 1669">
     <span class='ocr_line' id='line_1_63' title="bbox 84 1627 905 1669; baseline 0.002 -12"><span class='ocrx_word' id='word_1_435' title='bbox 84 1628 147 1666; x_wconf 84' lang='lat' dir='ltr'><strong>pari</strong></span> <span class='ocrx_word' id='word_1_436' title='bbox 165 1628 252 1658; x_wconf 90' lang='lat' dir='ltr'><strong>modo</strong></span> <span class='ocrx_word' id='word_1_437' title='bbox 278 1628 394 1658; x_wconf 89' lang='lat' dir='ltr'><strong>divinus</strong></span> <span class='ocrx_word' id='word_1_438' title='bbox 419 1627 548 1667; x_wconf 88' lang='lat' dir='ltr'><strong>Spiritus</strong></span> <span class='ocrx_word' id='word_1_439' title='bbox 574 1638 641 1658; x_wconf 86' lang='lat' dir='ltr'><strong>cum</strong></span> <span class='ocrx_word' id='word_1_440' title='bbox 672 1628 708 1658; x_wconf 93' lang='lat' dir='ltr'><strong>sit</strong></span> <span class='ocrx_word' id='word_1_441' title='bbox 723 1628 905 1669; x_wconf 87' lang='lat' dir='ltr'><strong>incorrupti-</strong></span> 
     </span>
    </p>
   </div>
   <div class='ocr_carea' id='block_1_64' title="bbox 83 1671 904 1713">
    <p class='ocr_par' dir='ltr' id='par_1_64' title="bbox 83 1671 904 1713">
     <span class='ocr_line' id='line_1_64' title="bbox 83 1671 904 1713; baseline 0.002 -11"><span class='ocrx_word' id='word_1_442' title='bbox 83 1671 163 1709; x_wconf 90' lang='lat' dir='ltr'><strong>bilis,</strong></span> <span class='ocrx_word' id='word_1_443' title='bbox 181 1678 210 1703; x_wconf 92' lang='lat' dir='ltr'><strong>et</strong></span> <span class='ocrx_word' id='word_1_444' title='bbox 231 1672 419 1709; x_wconf 83' lang='lat' dir='ltr'><strong>immortalis.</strong></span> <span class='ocrx_word' id='word_1_445' title='bbox 452 1673 706 1713; x_wconf 87' lang='lat' dir='ltr'><strong>incorruptionem</strong></span> <span class='ocrx_word' id='word_1_446' title='bbox 736 1677 766 1703; x_wconf 89' lang='lat' dir='ltr'><strong>et</strong></span> <span class='ocrx_word' id='word_1_447' title='bbox 779 1673 904 1704; x_wconf 86' lang='lat' dir='ltr'><strong>immor-</strong></span> 
     </span>
    </p>
   </div>
   <div class='ocr_carea' id='block_1_65' title="bbox 83 1717 903 1758">
    <p class='ocr_par' dir='ltr' id='par_1_65' title="bbox 83 1717 903 1758">
     <span class='ocr_line' id='line_1_65' title="bbox 83 1717 903 1758; baseline 0 -10"><span class='ocrx_word' id='word_1_448' title='bbox 83 1717 225 1748; x_wconf 87' lang='lat' dir='ltr'><strong>talitatem</strong></span> <span class='ocrx_word' id='word_1_449' title='bbox 243 1717 385 1757; x_wconf 89' lang='lat' dir='ltr'><strong>impertit.</strong></span> <span class='ocrx_word' id='word_1_450' title='bbox 414 1718 447 1748; x_wconf 86' lang='lat' dir='ltr'><strong>Et</strong></span> <span class='ocrx_word' id='word_1_451' title='bbox 476 1726 542 1747; x_wconf 80' lang='lat' dir='ltr'><strong>cum</strong></span> <span class='ocrx_word' id='word_1_452' title='bbox 571 1719 609 1748; x_wconf 87' lang='lat' dir='ltr'><strong>sit</strong></span> <span class='ocrx_word' id='word_1_453' title='bbox 638 1717 737 1748; x_wconf 89' lang='lat' dir='ltr'><strong>lumen</strong></span> <span class='ocrx_word' id='word_1_454' title='bbox 755 1727 903 1758; x_wconf 84' lang='lat' dir='ltr'><strong>nunquam</strong></span> 
     </span>
    </p>
   </div>
   <div class='ocr_carea' id='block_1_66' title="bbox 84 1762 906 1802">
    <p class='ocr_par' dir='ltr' id='par_1_66' title="bbox 84 1762 906 1802">
     <span class='ocr_line' id='line_1_66' title="bbox 84 1762 906 1802; baseline 0.002 -11"><span class='ocrx_word' id='word_1_455' title='bbox 84 1763 237 1798; x_wconf 85' lang='lat' dir='ltr'><strong>occidens,</strong></span> <span class='ocrx_word' id='word_1_456' title='bbox 255 1762 354 1792; x_wconf 90' lang='lat' dir='ltr'><strong>lumen</strong></span> <span class='ocrx_word' id='word_1_457' title='bbox 371 1762 438 1792; x_wconf 76' lang='lat' dir='ltr'><strong>facit</strong></span> <span class='ocrx_word' id='word_1_458' title='bbox 463 1771 578 1799; x_wconf 87' lang='lat' dir='ltr'><strong>omnes,</strong></span> <span class='ocrx_word' id='word_1_459' title='bbox 608 1771 682 1802; x_wconf 90' lang='lat' dir='ltr'><strong>quos</strong></span> <span class='ocrx_word' id='word_1_460' title='bbox 697 1762 851 1793; x_wconf 83' lang='lat' dir='ltr'><strong>inhabitat.</strong></span> <span class='ocrx_word' id='word_1_461' title='bbox 870 1763 906 1794; x_wconf 88' lang='lat' dir='ltr'><strong>Et</strong></span> 
     </span>
    </p>
   </div>
   <div class='ocr_carea' id='block_1_67' title="bbox 84 1806 906 1847">
    <p class='ocr_par' dir='ltr' id='par_1_67' title="bbox 84 1806 906 1847">
     <span class='ocr_line' id='line_1_67' title="bbox 84 1806 906 1847; baseline 0.002 -11"><span class='ocrx_word' id='word_1_462' title='bbox 84 1815 152 1836; x_wconf 90' lang='lat' dir='ltr'><strong>cum</strong></span> <span class='ocrx_word' id='word_1_463' title='bbox 169 1807 207 1837; x_wconf 89' lang='lat' dir='ltr'><strong>sit</strong></span> <span class='ocrx_word' id='word_1_464' title='bbox 221 1807 289 1847; x_wconf 85' lang='lat' dir='ltr'><strong>vita,</strong></span> <span class='ocrx_word' id='word_1_465' title='bbox 306 1807 443 1837; x_wconf 89' lang='lat' dir='ltr'><strong>omnibus</strong></span> <span class='ocrx_word' id='word_1_466' title='bbox 474 1807 560 1837; x_wconf 88' lang='lat' dir='ltr'><strong>vitam</strong></span> <span class='ocrx_word' id='word_1_467' title='bbox 588 1807 722 1846; x_wconf 80' lang='lat' dir='ltr'><strong>largitur.</strong></span> <span class='ocrx_word' id='word_1_468' title='bbox 740 1806 776 1837; x_wconf 71' lang='lat' dir='ltr'><strong>Ut</strong></span> <span class='ocrx_word' id='word_1_469' title='bbox 791 1807 906 1838; x_wconf 81' lang='lat' dir='ltr'><strong>Christo</strong></span> 
     </span>
    </p>
   </div>
   <div class='ocr_carea' id='block_1_68' title="bbox 85 1851 906 1892">
    <p class='ocr_par' dir='ltr' id='par_1_68' title="bbox 85 1851 906 1892">
     <span class='ocr_line' id='line_1_68' title="bbox 85 1851 906 1892; baseline 0.001 -10"><span class='ocrx_word' id='word_1_470' title='bbox 85 1855 198 1882; x_wconf 60' lang='lat' dir='ltr'><strong>natura}</strong></span> <span class='ocrx_word' id='word_1_471' title='bbox 222 1861 354 1887; x_wconf 86' lang='lat' dir='ltr'><strong>consors,</strong></span> <span class='ocrx_word' id='word_1_472' title='bbox 378 1855 407 1882; x_wconf 91' lang='lat' dir='ltr'><strong>et</strong></span> <span class='ocrx_word' id='word_1_473' title='bbox 432 1851 702 1889; x_wconf 76' lang='lat' dir='ltr'><strong>consubstantialis,</strong></span> <span class='ocrx_word' id='word_1_474' title='bbox 728 1855 756 1882; x_wconf 86' lang='lat' dir='ltr'><strong>et</strong></span> <span class='ocrx_word' id='word_1_475' title='bbox 772 1852 906 1892; x_wconf 89' lang='lat' dir='ltr'><strong>ejusdem</strong></span> 
     </span>
    </p>
   </div>
   <div class='ocr_carea' id='block_1_69' title="bbox 87 1895 907 1936">
    <p class='ocr_par' dir='ltr' id='par_1_69' title="bbox 87 1895 907 1936">
     <span class='ocr_line' id='line_1_69' title="bbox 87 1895 907 1936; baseline 0 -9"><span class='ocrx_word' id='word_1_476' title='bbox 87 1895 188 1935; x_wconf 70' lang='lat' dir='ltr'><strong>glorize</strong></span> <span class='ocrx_word' id='word_1_477' title='bbox 213 1896 325 1933; x_wconf 89' lang='lat' dir='ltr'><strong>socius,</strong></span> <span class='ocrx_word' id='word_1_478' title='bbox 351 1896 437 1936; x_wconf 89' lang='lat' dir='ltr'><strong>eique</strong></span> <span class='ocrx_word' id='word_1_479' title='bbox 464 1896 574 1932; x_wconf 90' lang='lat' dir='ltr'><strong>unitus,</strong></span> <span class='ocrx_word' id='word_1_480' title='bbox 604 1896 658 1926; x_wconf 90' lang='lat' dir='ltr'><strong>hos</strong></span> <span class='ocrx_word' id='word_1_481' title='bbox 687 1897 775 1927; x_wconf 89' lang='lat' dir='ltr'><strong>etiam</strong></span> <span class='ocrx_word' id='word_1_482' title='bbox 791 1897 907 1928; x_wconf 85' lang='lat' dir='ltr'><strong>Christo</strong></span> 
     </span>
    </p>
   </div>
   <div class='ocr_carea' id='block_1_70' title="bbox 86 1940 904 1981">
    <p class='ocr_par' dir='ltr' id='par_1_70' title="bbox 86 1940 904 1981">
     <span class='ocr_line' id='line_1_70' title="bbox 86 1940 904 1981; baseline 0 -9"><span class='ocrx_word' id='word_1_483' title='bbox 86 1941 256 1972; x_wconf 90' lang='lat' dir='ltr'><strong>simillimos</strong></span> <span class='ocrx_word' id='word_1_484' title='bbox 271 1941 380 1971; x_wconf 87' lang='lat' dir='ltr'><strong>reddit.</strong></span> <span class='ocrx_word' id='word_1_485' title='bbox 397 1940 498 1981; x_wconf 91' lang='lat' dir='ltr'><strong>Neque</strong></span> <span class='ocrx_word' id='word_1_486' title='bbox 528 1940 606 1970; x_wconf 89' lang='lat' dir='ltr'><strong>enim</strong></span> <span class='ocrx_word' id='word_1_487' title='bbox 626 1940 736 1971; x_wconf 89' lang='lat' dir='ltr'><strong>invidet</strong></span> <span class='ocrx_word' id='word_1_488' title='bbox 750 1940 904 1980; x_wconf 78' lang='lat' dir='ltr'><strong>DOminus,</strong></span> 
     </span>
    </p>
   </div>
   <div class='ocr_carea' id='block_1_71' title="bbox 87 1985 906 2026">
    <p class='ocr_par' dir='ltr' id='par_1_71' title="bbox 87 1985 906 2026">
     <span class='ocr_line' id='line_1_71' title="bbox 87 1985 906 2026; baseline 0.001 -10"><span class='ocrx_word' id='word_1_489' title='bbox 87 1986 228 2016; x_wconf 85' lang='lat' dir='ltr'><strong>mortales</strong></span> <span class='ocrx_word' id='word_1_490' title='bbox 239 1985 336 2016; x_wconf 85' lang='lat' dir='ltr'><strong>divina</strong></span> <span class='ocrx_word' id='word_1_491' title='bbox 351 1985 444 2025; x_wconf 87' lang='lat' dir='ltr'><strong>gratia</strong></span> <span class='ocrx_word' id='word_1_492' title='bbox 459 1985 517 2015; x_wconf 88' lang='lat' dir='ltr'><strong>sibi</strong></span> <span class='ocrx_word' id='word_1_493' title='bbox 533 1985 648 2016; x_wconf 87' lang='lat' dir='ltr'><strong>similes</strong></span> <span class='ocrx_word' id='word_1_494' title='bbox 663 1985 725 2015; x_wconf 83' lang='lat' dir='ltr'><strong>ﬁcri</strong></span> <span class='ocrx_word' id='word_1_495' title='bbox 743 1996 750 2026; x_wconf 84' lang='lat'><strong>;</strong></span> <span class='ocrx_word' id='word_1_496' title='bbox 782 1995 835 2017; x_wconf 87' lang='lat' dir='ltr'><strong>nec</strong></span> <span class='ocrx_word' id='word_1_497' title='bbox 851 1986 906 2017; x_wconf 87' lang='lat' dir='ltr'><strong>de-</strong></span> 
     </span>
    </p>
   </div>
   <div class='ocr_carea' id='block_1_72' title="bbox 86 2029 907 2070">
    <p class='ocr_par' dir='ltr' id='par_1_72' title="bbox 86 2029 907 2070">
     <span class='ocr_line' id='line_1_72' title="bbox 86 2029 907 2070; baseline 0 -10"><span class='ocrx_word' id='word_1_498' title='bbox 86 2030 225 2070; x_wconf 83' lang='lat' dir='ltr'><strong>dignatur</strong></span> <span class='ocrx_word' id='word_1_499' title='bbox 238 2039 338 2061; x_wconf 79' lang='lat' dir='ltr'><strong>servos</strong></span> <span class='ocrx_word' id='word_1_500' title='bbox 351 2039 420 2060; x_wconf 87' lang='lat' dir='ltr'><strong>suos</strong></span> <span class='ocrx_word' id='word_1_501' title='bbox 433 2029 660 2061; x_wconf 88' lang='lat' dir='ltr'><strong>similitudinem</strong></span> <span class='ocrx_word' id='word_1_502' title='bbox 677 2030 771 2070; x_wconf 91' lang='lat' dir='ltr'><strong>ipsius</strong></span> <span class='ocrx_word' id='word_1_503' title='bbox 786 2040 907 2070; x_wconf 83' lang='lat' dir='ltr'><strong>gerere;</strong></span> 
     </span>
    </p>
   </div>
   <div class='ocr_carea' id='block_1_73' title="bbox 85 2074 908 2116">
    <p class='ocr_par' dir='ltr' id='par_1_73' title="bbox 85 2074 908 2116">
     <span class='ocr_line' id='line_1_73' title="bbox 85 2074 908 2116; baseline 0 -10"><span class='ocrx_word' id='word_1_504' title='bbox 85 2076 156 2116; x_wconf 92' lang='lat' dir='ltr'><strong>quin</strong></span> <span class='ocrx_word' id='word_1_505' title='bbox 173 2075 516 2114; x_wconf 85' lang='lat' dir='ltr'><strong>delectatur,etgaudet,</strong></span> <span class='ocrx_word' id='word_1_506' title='bbox 533 2074 603 2105; x_wconf 89' lang='lat' dir='ltr'><strong>dum</strong></span> <span class='ocrx_word' id='word_1_507' title='bbox 623 2075 720 2106; x_wconf 82' lang='lat' dir='ltr'><strong>cernit</strong></span> <span class='ocrx_word' id='word_1_508' title='bbox 732 2075 804 2106; x_wconf 89' lang='lat' dir='ltr'><strong>tales</strong></span> <span class='ocrx_word' id='word_1_509' title='bbox 816 2075 908 2106; x_wconf 81' lang='lat' dir='ltr'><strong>factos</strong></span> 
     </span>
    </p>
   </div>
   <div class='ocr_carea' id='block_1_74' title="bbox 84 2119 906 2160">
    <p class='ocr_par' dir='ltr' id='par_1_74' title="bbox 84 2119 906 2160">
     <span class='ocr_line' id='line_1_74' title="bbox 84 2119 906 2160; baseline -0.001 -10"><span class='ocrx_word' id='word_1_510' title='bbox 84 2129 140 2150; x_wconf 89' lang='lat' dir='ltr'><strong>nos</strong></span> <span class='ocrx_word' id='word_1_511' title='bbox 154 2129 191 2150; x_wconf 84' lang='lat' dir='ltr'><strong>ex</strong></span> <span class='ocrx_word' id='word_1_512' title='bbox 206 2119 377 2150; x_wconf 87' lang='lat' dir='ltr'><strong>hominibus</strong></span> <span class='ocrx_word' id='word_1_513' title='bbox 399 2124 493 2156; x_wconf 85' lang='lat' dir='ltr'><strong>natos,</strong></span> <span class='ocrx_word' id='word_1_514' title='bbox 511 2119 601 2159; x_wconf 89' lang='lat' dir='ltr'><strong>idque</strong></span> <span class='ocrx_word' id='word_1_515' title='bbox 616 2129 668 2159; x_wconf 86' lang='lat' dir='ltr'><strong>per</strong></span> <span class='ocrx_word' id='word_1_516' title='bbox 681 2119 815 2159; x_wconf 85' lang='lat' dir='ltr'><strong>gratiam,</strong></span> <span class='ocrx_word' id='word_1_517' title='bbox 833 2129 906 2160; x_wconf 87' lang='lat' dir='ltr'><strong>qua-</strong></span> 
     </span>
    </p>
   </div>
   <div class='ocr_carea' id='block_1_75' title="bbox 948 1626 1770 1670">
    <p class='ocr_par' dir='ltr' id='par_1_75' title="bbox 948 1626 1770 1670">
     <span class='ocr_line' id='line_1_75' title="bbox 948 1626 1770 1670; baseline 0.009 -15"><span class='ocrx_word' id='word_1_518' title='bbox 948 1629 1046 1656; x_wconf 92' lang='lat' dir='ltr'><strong>autem</strong></span> <span class='ocrx_word' id='word_1_519' title='bbox 1061 1627 1127 1666; x_wconf 83' lang='lat' dir='ltr'><strong>tria,</strong></span> <span class='ocrx_word' id='word_1_520' title='bbox 1145 1630 1174 1657; x_wconf 88' lang='lat' dir='ltr'><strong>et</strong></span> <span class='ocrx_word' id='word_1_521' title='bbox 1188 1626 1317 1657; x_wconf 87' lang='lat' dir='ltr'><strong>vicissim</strong></span> <span class='ocrx_word' id='word_1_522' title='bbox 1339 1627 1368 1657; x_wconf 87' lang='lat' dir='ltr'><strong>in</strong></span> <span class='ocrx_word' id='word_1_523' title='bbox 1386 1627 1479 1658; x_wconf 87' lang='lat' dir='ltr'><strong>tribus</strong></span> <span class='ocrx_word' id='word_1_524' title='bbox 1496 1638 1598 1666; x_wconf 91' lang='lat' dir='ltr'><strong>unum,</strong></span> <span class='ocrx_word' id='word_1_525' title='bbox 1615 1630 1659 1660; x_wconf 94' lang='lat' dir='ltr'><strong>vel</strong></span> <span class='ocrx_word' id='word_1_526' title='bbox 1672 1632 1770 1670; x_wconf 92' lang='lat' dir='ltr'><strong>potius</strong></span> 
     </span>
    </p>
   </div>
   <div class='ocr_carea' id='block_1_76' title="bbox 948 1671 1768 1716">
    <p class='ocr_par' dir='ltr' id='par_1_76' title="bbox 948 1671 1768 1716">
     <span class='ocr_line' id='line_1_76' title="bbox 948 1671 1768 1716; baseline 0.007 -16"><span class='ocrx_word' id='word_1_527' title='bbox 948 1680 1039 1716; x_wconf 89' lang='lat' dir='ltr'><strong>unum</strong></span> <span class='ocrx_word' id='word_1_528' title='bbox 1058 1671 1112 1701; x_wconf 83' lang='lat' dir='ltr'><strong>tria</strong></span> <span class='ocrx_word' id='word_1_529' title='bbox 1126 1671 1195 1716; x_wconf 85' lang='lat' dir='ltr'><strong>ista,</strong></span> <span class='ocrx_word' id='word_1_530' title='bbox 1221 1675 1250 1702; x_wconf 90' lang='lat' dir='ltr'><strong>et</strong></span> <span class='ocrx_word' id='word_1_531' title='bbox 1275 1675 1388 1709; x_wconf 89' lang='lat' dir='ltr'><strong>contra,</strong></span> <span class='ocrx_word' id='word_1_532' title='bbox 1421 1672 1475 1702; x_wconf 90' lang='lat' dir='ltr'><strong>tria</strong></span> <span class='ocrx_word' id='word_1_533' title='bbox 1502 1682 1605 1704; x_wconf 91' lang='lat' dir='ltr'><strong>unum.</strong></span> <span class='ocrx_word' id='word_1_534' title='bbox 1621 1673 1768 1716; x_wconf 84' lang='lat' dir='ltr'><strong>Intellige,</strong></span> 
     </span>
    </p>
   </div>
   <div class='ocr_carea' id='block_1_77' title="bbox 948 1715 1769 1752">
    <p class='ocr_par' dir='ltr' id='par_1_77' title="bbox 948 1715 1769 1752">
     <span class='ocr_line' id='line_1_77' title="bbox 948 1715 1769 1752; baseline 0.007 -7"><span class='ocrx_word' id='word_1_535' title='bbox 948 1715 1049 1752; x_wconf 88' lang='lat' dir='ltr'><strong>adora,</strong></span> <span class='ocrx_word' id='word_1_536' title='bbox 1066 1715 1154 1746; x_wconf 87' lang='lat' dir='ltr'><strong>crede</strong></span> <span class='ocrx_word' id='word_1_537' title='bbox 1170 1725 1248 1746; x_wconf 92' lang='lat' dir='ltr'><strong>nunc</strong></span> <span class='ocrx_word' id='word_1_538' title='bbox 1264 1720 1294 1746; x_wconf 91' lang='lat' dir='ltr'><strong>et</strong></span> <span class='ocrx_word' id='word_1_539' title='bbox 1308 1716 1338 1746; x_wconf 93' lang='lat' dir='ltr'><strong>in</strong></span> <span class='ocrx_word' id='word_1_540' title='bbox 1354 1716 1471 1747; x_wconf 68' lang='lat' dir='ltr'><strong>saecula.</strong></span> <span class='ocrx_word' id='word_1_541' title='bbox 1505 1716 1567 1749; x_wconf 89' lang='lat' dir='ltr'><strong>Hoc</strong></span> <span class='ocrx_word' id='word_1_542' title='bbox 1583 1718 1661 1749; x_wconf 88' lang='lat' dir='ltr'><strong>enim</strong></span> <span class='ocrx_word' id='word_1_543' title='bbox 1678 1729 1769 1751; x_wconf 90' lang='lat' dir='ltr'><strong>unum</strong></span> 
     </span>
    </p>
   </div>
   <div class='ocr_carea' id='block_1_78' title="bbox 948 1761 1769 1805">
    <p class='ocr_par' dir='ltr' id='par_1_78' title="bbox 948 1761 1769 1805">
     <span class='ocr_line' id='line_1_78' title="bbox 948 1761 1769 1805; baseline 0.007 -15"><span class='ocrx_word' id='word_1_544' title='bbox 948 1769 1014 1790; x_wconf 94' lang='lat' dir='ltr'><strong>cum</strong></span> <span class='ocrx_word' id='word_1_545' title='bbox 1030 1761 1210 1800; x_wconf 86' lang='lat' dir='ltr'><strong>apparuerit,</strong></span> <span class='ocrx_word' id='word_1_546' title='bbox 1237 1770 1303 1791; x_wconf 90' lang='lat' dir='ltr'><strong>cum</strong></span> <span class='ocrx_word' id='word_1_547' title='bbox 1330 1761 1446 1800; x_wconf 88' lang='lat' dir='ltr'><strong>luxerit,</strong></span> <span class='ocrx_word' id='word_1_548' title='bbox 1477 1771 1545 1793; x_wconf 91' lang='lat' dir='ltr'><strong>cum</strong></span> <span class='ocrx_word' id='word_1_549' title='bbox 1561 1763 1769 1805; x_wconf 85' lang='lat' dir='ltr'><strong>participatum</strong></span> 
     </span>
    </p>
   </div>
   <div class='ocr_carea' id='block_1_79' title="bbox 949 1805 1769 1845">
    <p class='ocr_par' dir='ltr' id='par_1_79' title="bbox 949 1805 1769 1845">
     <span class='ocr_line' id='line_1_79' title="bbox 949 1805 1769 1845; baseline 0.009 -11"><span class='ocrx_word' id='word_1_550' title='bbox 949 1808 978 1842; x_wconf 78' lang='lat' dir='ltr'><strong>et</strong></span> <span class='ocrx_word' id='word_1_551' title='bbox 1005 1805 1255 1836; x_wconf 89' lang='lat' dir='ltr'><strong>communicatum</strong></span> <span class='ocrx_word' id='word_1_552' title='bbox 1292 1806 1512 1845; x_wconf 86' lang='lat' dir='ltr'><strong>illuminaverit,</strong></span> <span class='ocrx_word' id='word_1_553' title='bbox 1542 1817 1631 1839; x_wconf 88' lang='lat' dir='ltr'><strong>omne</strong></span> <span class='ocrx_word' id='word_1_554' title='bbox 1657 1809 1769 1841; x_wconf 88' lang='lat' dir='ltr'><strong>bonum</strong></span> 
     </span>
    </p>
   </div>
   <div class='ocr_carea' id='block_1_80' title="bbox 949 1849 1771 1892">
    <p class='ocr_par' dir='ltr' id='par_1_80' title="bbox 949 1849 1771 1892">
     <span class='ocr_line' id='line_1_80' title="bbox 949 1849 1771 1892; baseline 0.006 -12"><span class='ocrx_word' id='word_1_555' title='bbox 949 1853 1003 1880; x_wconf 88' lang='lat' dir='ltr'><strong>est.</strong></span> <span class='ocrx_word' id='word_1_556' title='bbox 1036 1849 1180 1886; x_wconf 86' lang='lat' dir='ltr'><strong>Quocirca</strong></span> <span class='ocrx_word' id='word_1_557' title='bbox 1210 1850 1298 1881; x_wconf 90' lang='lat' dir='ltr'><strong>etiam</strong></span> <span class='ocrx_word' id='word_1_558' title='bbox 1328 1861 1386 1882; x_wconf 90' lang='lat' dir='ltr'><strong>non</strong></span> <span class='ocrx_word' id='word_1_559' title='bbox 1416 1861 1518 1892; x_wconf 90' lang='lat' dir='ltr'><strong>unum,</strong></span> <span class='ocrx_word' id='word_1_560' title='bbox 1551 1853 1602 1883; x_wconf 89' lang='lat' dir='ltr'><strong>sed</strong></span> <span class='ocrx_word' id='word_1_561' title='bbox 1636 1854 1727 1885; x_wconf 88' lang='lat' dir='ltr'><strong>multa</strong></span> <span class='ocrx_word' id='word_1_562' title='bbox 1753 1865 1771 1885; x_wconf 91' lang='lat' dir='ltr'><strong>a</strong></span> 
     </span>
    </p>
   </div>
   <div class='ocr_carea' id='block_1_81' title="bbox 950 1894 1768 1940">
    <p class='ocr_par' dir='ltr' id='par_1_81' title="bbox 950 1894 1768 1940">
     <span class='ocr_line' id='line_1_81' title="bbox 950 1894 1768 1940; baseline 0.007 -16"><span class='ocrx_word' id='word_1_563' title='bbox 950 1894 1036 1925; x_wconf 85' lang='lat' dir='ltr'><strong>nobis</strong></span> <span class='ocrx_word' id='word_1_564' title='bbox 1050 1895 1158 1935; x_wconf 89' lang='lat' dir='ltr'><strong>accipit</strong></span> <span class='ocrx_word' id='word_1_565' title='bbox 1173 1896 1305 1932; x_wconf 86' lang='lat' dir='ltr'><strong>nomina,</strong></span> <span class='ocrx_word' id='word_1_566' title='bbox 1322 1896 1435 1937; x_wconf 88' lang='lat' dir='ltr'><strong>lumen,</strong></span> <span class='ocrx_word' id='word_1_567' title='bbox 1452 1906 1519 1937; x_wconf 90' lang='lat' dir='ltr'><strong>pax,</strong></span> <span class='ocrx_word' id='word_1_568' title='bbox 1536 1898 1688 1940; x_wconf 81' lang='lat' dir='ltr'><strong>gaudium,</strong></span> <span class='ocrx_word' id='word_1_569' title='bbox 1701 1900 1768 1938; x_wconf 86' lang='lat' dir='ltr'><strong>vita,</strong></span> 
     </span>
    </p>
   </div>
   <div class='ocr_carea' id='block_1_82' title="bbox 950 1940 1768 1983">
    <p class='ocr_par' dir='ltr' id='par_1_82' title="bbox 950 1940 1768 1983">
     <span class='ocr_line' id='line_1_82' title="bbox 950 1940 1768 1983; baseline 0.006 -14"><span class='ocrx_word' id='word_1_570' title='bbox 950 1947 1027 1976; x_wconf 85' lang='lat' dir='ltr'><strong>esca,</strong></span> <span class='ocrx_word' id='word_1_571' title='bbox 1045 1944 1140 1980; x_wconf 90' lang='lat' dir='ltr'><strong>potus,</strong></span> <span class='ocrx_word' id='word_1_572' title='bbox 1158 1940 1376 1978; x_wconf 90' lang='lat' dir='ltr'><strong>indumentum,</strong></span> <span class='ocrx_word' id='word_1_573' title='bbox 1391 1941 1768 1983; x_wconf 85' lang='lat' dir='ltr'><strong>amictus,tabernaculum;</strong></span> 
     </span>
    </p>
   </div>
   <div class='ocr_carea' id='block_1_83' title="bbox 949 1985 1769 2030">
    <p class='ocr_par' dir='ltr' id='par_1_83' title="bbox 949 1985 1769 2030">
     <span class='ocr_line' id='line_1_83' title="bbox 949 1985 1769 2030; baseline 0.007 -15"><span class='ocrx_word' id='word_1_574' title='bbox 949 1985 1082 2030; x_wconf 78' lang='lat' dir='ltr'><strong>divinum</strong></span> <span class='ocrx_word' id='word_1_575' title='bbox 1091 1985 1304 2026; x_wconf 86' lang='lat' dir='ltr'><strong>habitaculum,</strong></span> <span class='ocrx_word' id='word_1_576' title='bbox 1314 1986 1424 2025; x_wconf 89' lang='lat' dir='ltr'><strong>oriens,</strong></span> <span class='ocrx_word' id='word_1_577' title='bbox 1438 1988 1628 2026; x_wconf 81' lang='lat' dir='ltr'><strong>resurrectio,</strong></span> <span class='ocrx_word' id='word_1_578' title='bbox 1639 1989 1769 2030; x_wconf 87' lang='lat' dir='ltr'><strong>requies,</strong></span> 
     </span>
    </p>
   </div>
   <div class='ocr_carea' id='block_1_84' title="bbox 948 2028 1766 2072">
    <p class='ocr_par' dir='ltr' id='par_1_84' title="bbox 948 2028 1766 2072">
     <span class='ocr_line' id='line_1_84' title="bbox 948 2028 1766 2072; baseline 0.006 -12"><span class='ocrx_word' id='word_1_579' title='bbox 948 2028 1111 2067; x_wconf 82' lang='lat' dir='ltr'><strong>lavacrum,</strong></span> <span class='ocrx_word' id='word_1_580' title='bbox 1129 2030 1217 2070; x_wconf 83' lang='lat' dir='ltr'><strong>ignis,</strong></span> <span class='ocrx_word' id='word_1_581' title='bbox 1234 2040 1319 2071; x_wconf 86' lang='lat' dir='ltr'><strong>aqua,</strong></span> <span class='ocrx_word' id='word_1_582' title='bbox 1348 2032 1466 2068; x_wconf 84' lang='lat' dir='ltr'><strong>ﬂuvius,</strong></span> <span class='ocrx_word' id='word_1_583' title='bbox 1492 2032 1558 2062; x_wconf 82' lang='lat' dir='ltr'><strong>fons</strong></span> <span class='ocrx_word' id='word_1_584' title='bbox 1581 2033 1655 2072; x_wconf 72' lang='lat' dir='ltr'><strong>vitae,</strong></span> <span class='ocrx_word' id='word_1_585' title='bbox 1672 2028 1766 2065; x_wconf 77' lang='lat' dir='ltr'><strong>tiuen-</strong></span> 
     </span>
    </p>
   </div>
   <div class='ocr_carea' id='block_1_85' title="bbox 949 2075 1771 2116">
    <p class='ocr_par' dir='ltr' id='par_1_85' title="bbox 949 2075 1771 2116">
     <span class='ocr_line' id='line_1_85' title="bbox 949 2075 1771 2116; baseline 0.007 -12"><span class='ocrx_word' id='word_1_586' title='bbox 949 2077 1022 2108; x_wconf 91' lang='lat' dir='ltr'><strong>tum,</strong></span> <span class='ocrx_word' id='word_1_587' title='bbox 1040 2075 1124 2115; x_wconf 91' lang='lat' dir='ltr'><strong>panis</strong></span> <span class='ocrx_word' id='word_1_588' title='bbox 1149 2079 1178 2106; x_wconf 89' lang='lat' dir='ltr'><strong>et</strong></span> <span class='ocrx_word' id='word_1_589' title='bbox 1202 2075 1313 2113; x_wconf 90' lang='lat' dir='ltr'><strong>vinum,</strong></span> <span class='ocrx_word' id='word_1_590' title='bbox 1331 2085 1437 2106; x_wconf 92' lang='lat' dir='ltr'><strong>novum</strong></span> <span class='ocrx_word' id='word_1_591' title='bbox 1455 2080 1483 2107; x_wconf 88' lang='lat' dir='ltr'><strong>et</strong></span> <span class='ocrx_word' id='word_1_592' title='bbox 1502 2077 1678 2116; x_wconf 90' lang='lat' dir='ltr'><strong>exquisitum</strong></span> <span class='ocrx_word' id='word_1_593' title='bbox 1695 2079 1771 2110; x_wconf 89' lang='lat' dir='ltr'><strong>ﬁde-</strong></span> 
     </span>
    </p>
   </div>
   <div class='ocr_carea' id='block_1_86' title="bbox 950 2119 1768 2160">
    <p class='ocr_par' dir='ltr' id='par_1_86' title="bbox 950 2119 1768 2160">
     <span class='ocr_line' id='line_1_86' title="bbox 950 2119 1768 2160; baseline 0.009 -11"><span class='ocrx_word' id='word_1_594' title='bbox 950 2119 1020 2149; x_wconf 92' lang='lat' dir='ltr'><strong>lium</strong></span> <span class='ocrx_word' id='word_1_595' title='bbox 1038 2119 1272 2158; x_wconf 83' lang='lat' dir='ltr'><strong>condimentum,</strong></span> <span class='ocrx_word' id='word_1_596' title='bbox 1286 2119 1441 2160; x_wconf 86' lang='lat' dir='ltr'><strong>opiparum</strong></span> <span class='ocrx_word' id='word_1_597' title='bbox 1459 2121 1768 2159; x_wconf 86' lang='lat' dir='ltr'><strong>convivium,alimen-</strong></span> 
     </span>
    </p>
   </div>
   <div class='ocr_carea' id='block_1_87' title="bbox 85 2164 1770 2208">
    <p class='ocr_par' dir='ltr' id='par_1_87' title="bbox 85 2164 1770 2208">
     <span class='ocr_line' id='line_1_87' title="bbox 85 2164 1770 2208; baseline 0.004 -14"><span class='ocrx_word' id='word_1_598' title='bbox 85 2165 123 2195; x_wconf 90' lang='lat' dir='ltr'><strong>lis</strong></span> <span class='ocrx_word' id='word_1_599' title='bbox 137 2164 201 2204; x_wconf 91' lang='lat' dir='ltr'><strong>ipse</strong></span> <span class='ocrx_word' id='word_1_600' title='bbox 216 2164 332 2204; x_wconf 85' lang='lat' dir='ltr'><strong>genitus</strong></span> <span class='ocrx_word' id='word_1_601' title='bbox 347 2168 401 2199; x_wconf 73' lang='lat' dir='ltr'><strong>est,</strong></span> <span class='ocrx_word' id='word_1_602' title='bbox 429 2168 458 2195; x_wconf 90' lang='lat' dir='ltr'><strong>et</strong></span> <span class='ocrx_word' id='word_1_603' title='bbox 486 2168 588 2194; x_wconf 89' lang='lat' dir='ltr'><strong>natura</strong></span> <span class='ocrx_word' id='word_1_604' title='bbox 615 2168 668 2194; x_wconf 91' lang='lat' dir='ltr'><strong>est.</strong></span> <span class='ocrx_word' id='word_1_605' title='bbox 687 2165 758 2195; x_wconf 88' lang='lat' dir='ltr'><strong>Cum</strong></span> <span class='ocrx_word' id='word_1_606' title='bbox 775 2164 854 2195; x_wconf 87' lang='lat' dir='ltr'><strong>enim</strong></span> <span class='ocrx_word' id='word_1_607' title='bbox 869 2164 1010 2205; x_wconf 78' lang='lat' dir='ltr'><strong>sitDtum</strong></span> <span class='ocrx_word' id='word_1_608' title='bbox 1027 2164 1213 2204; x_wconf 79' lang='lat' dir='ltr'><strong>mysticarum</strong></span> <span class='ocrx_word' id='word_1_609' title='bbox 1229 2165 1413 2197; x_wconf 88' lang='lat' dir='ltr'><strong>deliciarum.</strong></span> <span class='ocrx_word' id='word_1_610' title='bbox 1427 2165 1489 2197; x_wconf 88' lang='lat' dir='ltr'><strong>Hoc</strong></span> <span class='ocrx_word' id='word_1_611' title='bbox 1503 2166 1547 2197; x_wconf 90' lang='lat' dir='ltr'><strong>sol</strong></span> <span class='ocrx_word' id='word_1_612' title='bbox 1563 2171 1606 2197; x_wconf 87' lang='lat' dir='ltr'><strong>est</strong></span> <span class='ocrx_word' id='word_1_613' title='bbox 1618 2176 1770 2208; x_wconf 86' lang='lat' dir='ltr'><strong>nunquam</strong></span> 
     </span>
    </p>
   </div>
   <div class='ocr_carea' id='block_1_88' title="bbox 86 2209 905 2249">
    <p class='ocr_par' dir='ltr' id='par_1_88' title="bbox 86 2209 905 2249">
     <span class='ocr_line' id='line_1_88' title="bbox 86 2209 905 2249; baseline -0.001 -9"><span class='ocrx_word' id='word_1_614' title='bbox 86 2209 269 2246; x_wconf 77' lang='lat' dir='ltr'><strong>benefactor,</strong></span> <span class='ocrx_word' id='word_1_615' title='bbox 287 2210 359 2240; x_wconf 85' lang='lat' dir='ltr'><strong>tales</strong></span> <span class='ocrx_word' id='word_1_616' title='bbox 374 2218 427 2239; x_wconf 89' lang='lat' dir='ltr'><strong>nos</strong></span> <span class='ocrx_word' id='word_1_617' title='bbox 457 2218 522 2240; x_wconf 88' lang='lat' dir='ltr'><strong>esse</strong></span> <span class='ocrx_word' id='word_1_618' title='bbox 551 2209 621 2247; x_wconf 90' lang='lat' dir='ltr'><strong>vult,</strong></span> <span class='ocrx_word' id='word_1_619' title='bbox 651 2209 747 2249; x_wconf 89' lang='lat' dir='ltr'><strong>qualis</strong></span> <span class='ocrx_word' id='word_1_620' title='bbox 770 2209 834 2249; x_wconf 90' lang='lat' dir='ltr'><strong>ipse</strong></span> <span class='ocrx_word' id='word_1_621' title='bbox 850 2213 905 2240; x_wconf 87' lang='lat' dir='ltr'><strong>est.</strong></span> 
     </span>
    </p>
   </div>
   <div class='ocr_carea' id='block_1_89' title="bbox 86 2253 904 2294">
    <p class='ocr_par' dir='ltr' id='par_1_89' title="bbox 86 2253 904 2294">
     <span class='ocr_line' id='line_1_89' title="bbox 86 2253 904 2294; baseline 0 -10"><span class='ocrx_word' id='word_1_622' title='bbox 86 2255 160 2285; x_wconf 84' lang='lat' dir='ltr'><strong>Nam</strong></span> <span class='ocrx_word' id='word_1_623' title='bbox 177 2255 201 2284; x_wconf 89' lang='lat' dir='ltr'><strong>si</strong></span> <span class='ocrx_word' id='word_1_624' title='bbox 220 2253 366 2294; x_wconf 85' lang='lat' dir='ltr'><strong>ejusmodi</strong></span> <span class='ocrx_word' id='word_1_625' title='bbox 383 2263 442 2284; x_wconf 93' lang='lat' dir='ltr'><strong>non</strong></span> <span class='ocrx_word' id='word_1_626' title='bbox 472 2253 576 2294; x_wconf 92' lang='lat' dir='ltr'><strong>simus,</strong></span> <span class='ocrx_word' id='word_1_627' title='bbox 607 2254 745 2294; x_wconf 79' lang='lat' dir='ltr'><strong>perfecte,</strong></span> <span class='ocrx_word' id='word_1_628' title='bbox 773 2254 904 2294; x_wconf 88' lang='lat' dir='ltr'><strong>inquam,</strong></span> 
     </span>
    </p>
   </div>
   <div class='ocr_carea' id='block_1_90' title="bbox 85 2298 907 2339">
    <p class='ocr_par' dir='ltr' id='par_1_90' title="bbox 85 2298 907 2339">
     <span class='ocr_line' id='line_1_90' title="bbox 85 2298 907 2339; baseline -0.002 -9"><span class='ocrx_word' id='word_1_629' title='bbox 85 2299 211 2336; x_wconf 87' lang='lat' dir='ltr'><strong>similes,</strong></span> <span class='ocrx_word' id='word_1_630' title='bbox 228 2298 378 2339; x_wconf 89' lang='lat' dir='ltr'><strong>quomodo</strong></span> <span class='ocrx_word' id='word_1_631' title='bbox 405 2298 447 2329; x_wconf 94' lang='lat' dir='ltr'><strong>illi</strong></span> <span class='ocrx_word' id='word_1_632' title='bbox 478 2298 552 2329; x_wconf 85' lang='lat' dir='ltr'><strong>uniti</strong></span> <span class='ocrx_word' id='word_1_633' title='bbox 579 2299 700 2337; x_wconf 88' lang='lat' dir='ltr'><strong>erimus,</strong></span> <span class='ocrx_word' id='word_1_634' title='bbox 719 2299 794 2329; x_wconf 89' lang='lat' dir='ltr'><strong>sicut</strong></span> <span class='ocrx_word' id='word_1_635' title='bbox 809 2299 907 2330; x_wconf 83' lang='lat' dir='ltr'><strong>dixit?</strong></span> 
     </span>
    </p>
   </div>
   <div class='ocr_carea' id='block_1_91' title="bbox 85 2342 905 2384">
    <p class='ocr_par' dir='ltr' id='par_1_91' title="bbox 85 2342 905 2384">
     <span class='ocr_line' id='line_1_91' title="bbox 85 2342 905 2384; baseline 0 -10"><span class='ocrx_word' id='word_1_636' title='bbox 85 2343 236 2384; x_wconf 89' lang='lat' dir='ltr'><strong>quomodo</strong></span> <span class='ocrx_word' id='word_1_637' title='bbox 250 2343 337 2374; x_wconf 90' lang='lat' dir='ltr'><strong>etiam</strong></span> <span class='ocrx_word' id='word_1_638' title='bbox 353 2343 384 2373; x_wconf 92' lang='lat' dir='ltr'><strong>in</strong></span> <span class='ocrx_word' id='word_1_639' title='bbox 410 2352 445 2373; x_wconf 88' lang='lat' dir='ltr'><strong>eo</strong></span> <span class='ocrx_word' id='word_1_640' title='bbox 471 2342 656 2374; x_wconf 88' lang='lat' dir='ltr'><strong>manebimus</strong></span> <span class='ocrx_word' id='word_1_641' title='bbox 672 2343 686 2372; x_wconf 84' lang='lat'>?</span> <span class='ocrx_word' id='word_1_642' title='bbox 715 2347 744 2374; x_wconf 87' lang='lat' dir='ltr'><strong>et</strong></span> <span class='ocrx_word' id='word_1_643' title='bbox 758 2343 905 2384; x_wconf 90' lang='lat' dir='ltr'><strong>quomodo</strong></span> 
     </span>
    </p>
   </div>
   <div class='ocr_carea' id='block_1_92' title="bbox 84 2387 908 2429">
    <p class='ocr_par' dir='ltr' id='par_1_92' title="bbox 84 2387 908 2429">
     <span class='ocr_line' id='line_1_92' title="bbox 84 2387 908 2429; baseline 0.002 -11"><span class='ocrx_word' id='word_1_644' title='bbox 84 2389 149 2429; x_wconf 88' lang='lat' dir='ltr'><strong>ipse</strong></span> <span class='ocrx_word' id='word_1_645' title='bbox 165 2388 195 2418; x_wconf 94' lang='lat' dir='ltr'><strong>in</strong></span> <span class='ocrx_word' id='word_1_646' title='bbox 212 2387 297 2419; x_wconf 88' lang='lat' dir='ltr'><strong>nobis</strong></span> <span class='ocrx_word' id='word_1_647' title='bbox 314 2387 456 2425; x_wconf 89' lang='lat' dir='ltr'><strong>manebit,</strong></span> <span class='ocrx_word' id='word_1_648' title='bbox 473 2388 498 2418; x_wconf 92' lang='lat' dir='ltr'><strong>si</strong></span> <span class='ocrx_word' id='word_1_649' title='bbox 513 2387 541 2418; x_wconf 90' lang='lat' dir='ltr'><strong>ei</strong></span> <span class='ocrx_word' id='word_1_650' title='bbox 556 2387 648 2418; x_wconf 89' lang='lat' dir='ltr'><strong>simus</strong></span> <span class='ocrx_word' id='word_1_651' title='bbox 659 2387 908 2420; x_wconf 73' lang='lat' dir='ltr'><strong>dissimiles?Hcc</strong></span> 
     </span>
    </p>
   </div>
   <div class='ocr_carea' id='block_1_93' title="bbox 86 2432 908 2473">
    <p class='ocr_par' dir='ltr' id='par_1_93' title="bbox 86 2432 908 2473">
     <span class='ocr_line' id='line_1_93' title="bbox 86 2432 908 2473; baseline 0.001 -10"><span class='ocrx_word' id='word_1_652' title='bbox 86 2434 176 2473; x_wconf 86' lang='lat' dir='ltr'><strong>igitur</strong></span> <span class='ocrx_word' id='word_1_653' title='bbox 198 2443 264 2463; x_wconf 90' lang='lat' dir='ltr'><strong>cum</strong></span> <span class='ocrx_word' id='word_1_654' title='bbox 291 2433 448 2473; x_wconf 91' lang='lat' dir='ltr'><strong>perspicue</strong></span> <span class='ocrx_word' id='word_1_655' title='bbox 477 2432 588 2470; x_wconf 87' lang='lat' dir='ltr'><strong>sciatis,</strong></span> <span class='ocrx_word' id='word_1_656' title='bbox 629 2432 743 2463; x_wconf 90' lang='lat' dir='ltr'><strong>studete</strong></span> <span class='ocrx_word' id='word_1_657' title='bbox 771 2433 908 2473; x_wconf 87' lang='lat' dir='ltr'><strong>accipere</strong></span> 
     </span>
    </p>
   </div>
   <div class='ocr_carea' id='block_1_94' title="bbox 84 2476 909 2518">
    <p class='ocr_par' dir='ltr' id='par_1_94' title="bbox 84 2476 909 2518">
     <span class='ocr_line' id='line_1_94' title="bbox 84 2476 909 2518; baseline -0.001 -9"><span class='ocrx_word' id='word_1_658' title='bbox 84 2478 230 2518; x_wconf 87' lang='lat' dir='ltr'><strong>Spiritum</strong></span> <span class='ocrx_word' id='word_1_659' title='bbox 247 2477 298 2518; x_wconf 94' lang='lat' dir='ltr'><strong>qui</strong></span> <span class='ocrx_word' id='word_1_660' title='bbox 311 2487 347 2509; x_wconf 83' lang='lat' dir='ltr'><strong>ex</strong></span> <span class='ocrx_word' id='word_1_661' title='bbox 374 2479 433 2509; x_wconf 90' lang='lat' dir='ltr'><strong>Deo</strong></span> <span class='ocrx_word' id='word_1_662' title='bbox 459 2481 513 2516; x_wconf 89' lang='lat' dir='ltr'><strong>est,</strong></span> <span class='ocrx_word' id='word_1_663' title='bbox 540 2481 569 2508; x_wconf 91' lang='lat' dir='ltr'><strong>et</strong></span> <span class='ocrx_word' id='word_1_664' title='bbox 583 2476 701 2507; x_wconf 85' lang='lat' dir='ltr'><strong>divinus</strong></span> <span class='ocrx_word' id='word_1_665' title='bbox 717 2481 771 2514; x_wconf 93' lang='lat' dir='ltr'><strong>est,</strong></span> <span class='ocrx_word' id='word_1_666' title='bbox 789 2481 821 2508; x_wconf 91' lang='lat' dir='ltr'><strong>ut</strong></span> <span class='ocrx_word' id='word_1_667' title='bbox 833 2478 909 2517; x_wconf 80' lang='lat' dir='ltr'><strong>tales</strong></span> 
     </span>
    </p>
   </div>
   <div class='ocr_carea' id='block_1_95' title="bbox 85 2521 907 2563">
    <p class='ocr_par' dir='ltr' id='par_1_95' title="bbox 85 2521 907 2563">
     <span class='ocr_line' id='line_1_95' title="bbox 85 2521 907 2563; baseline -0.002 -9"><span class='ocrx_word' id='word_1_668' title='bbox 85 2523 227 2560; x_wconf 81' lang='lat' dir='ltr'><strong>evadatis,</strong></span> <span class='ocrx_word' id='word_1_669' title='bbox 253 2523 357 2563; x_wconf 88' lang='lat' dir='ltr'><strong>quales</strong></span> <span class='ocrx_word' id='word_1_670' title='bbox 372 2532 425 2553; x_wconf 92' lang='lat' dir='ltr'><strong>nos</strong></span> <span class='ocrx_word' id='word_1_671' title='bbox 454 2521 620 2562; x_wconf 90' lang='lat' dir='ltr'><strong>docuimus,</strong></span> <span class='ocrx_word' id='word_1_672' title='bbox 650 2522 786 2553; x_wconf 65' lang='lat' dir='ltr'><strong>caelestes</strong></span> <span class='ocrx_word' id='word_1_673' title='bbox 811 2531 845 2553; x_wconf 92' lang='lat' dir='ltr'><strong>ac</strong></span> <span class='ocrx_word' id='word_1_674' title='bbox 861 2522 907 2553; x_wconf 91' lang='lat' dir='ltr'><strong>di-</strong></span> 
     </span>
    </p>
   </div>
   <div class='ocr_carea' id='block_1_96' title="bbox 83 2565 905 2607">
    <p class='ocr_par' dir='ltr' id='par_1_96' title="bbox 83 2565 905 2607">
     <span class='ocr_line' id='line_1_96' title="bbox 83 2565 905 2607; baseline -0.001 -9"><span class='ocrx_word' id='word_1_675' title='bbox 83 2567 157 2607; x_wconf 87' lang='lat' dir='ltr'><strong>vini,</strong></span> <span class='ocrx_word' id='word_1_676' title='bbox 175 2567 277 2607; x_wconf 89' lang='lat' dir='ltr'><strong>quales</strong></span> <span class='ocrx_word' id='word_1_677' title='bbox 292 2567 366 2598; x_wconf 75' lang='lat' dir='ltr'><strong>dixit</strong></span> <span class='ocrx_word' id='word_1_678' title='bbox 392 2565 546 2603; x_wconf 89' lang='lat' dir='ltr'><strong>Dominus,</strong></span> <span class='ocrx_word' id='word_1_679' title='bbox 572 2570 604 2597; x_wconf 93' lang='lat' dir='ltr'><strong>ut</strong></span> <span class='ocrx_word' id='word_1_680' title='bbox 634 2570 662 2596; x_wconf 90' lang='lat' dir='ltr'><strong>et</strong></span> <span class='ocrx_word' id='word_1_681' title='bbox 678 2566 762 2605; x_wconf 84' lang='lat' dir='ltr'><strong>regni</strong></span> <span class='ocrx_word' id='word_1_682' title='bbox 778 2566 905 2598; x_wconf 74' lang='lat' dir='ltr'><strong>ctelestis</strong></span> 
     </span>
    </p>
   </div>
   <div class='ocr_carea' id='block_1_97' title="bbox 85 2610 905 2651">
    <p class='ocr_par' dir='ltr' id='par_1_97' title="bbox 85 2610 905 2651">
     <span class='ocr_line' id='line_1_97' title="bbox 85 2610 905 2651; baseline -0.001 -8"><span class='ocrx_word' id='word_1_683' title='bbox 85 2613 286 2643; x_wconf 78' lang='lat' dir='ltr'><strong>hzereditatem</strong></span> <span class='ocrx_word' id='word_1_684' title='bbox 304 2611 417 2642; x_wconf 89' lang='lat' dir='ltr'><strong>adeatis</strong></span> <span class='ocrx_word' id='word_1_685' title='bbox 431 2612 461 2641; x_wconf 89' lang='lat' dir='ltr'><strong>in</strong></span> <span class='ocrx_word' id='word_1_686' title='bbox 478 2610 706 2651; x_wconf 88' lang='lat' dir='ltr'><strong>sempiternum.</strong></span> <span class='ocrx_word' id='word_1_687' title='bbox 719 2610 748 2642; x_wconf 92' lang='lat' dir='ltr'><strong>Si</strong></span> <span class='ocrx_word' id='word_1_688' title='bbox 762 2611 834 2641; x_wconf 84' lang='lat' dir='ltr'><strong>tales</strong></span> <span class='ocrx_word' id='word_1_689' title='bbox 846 2621 905 2642; x_wconf 91' lang='lat' dir='ltr'><strong>non</strong></span> 
     </span>
    </p>
   </div>
   <div class='ocr_carea' id='block_1_98' title="bbox 84 2655 902 2696">
    <p class='ocr_par' dir='ltr' id='par_1_98' title="bbox 84 2655 902 2696">
     <span class='ocr_line' id='line_1_98' title="bbox 84 2655 902 2696; baseline -0.002 -8"><span class='ocrx_word' id='word_1_690' title='bbox 84 2657 212 2696; x_wconf 78' lang='lat' dir='ltr'><strong>fueritis,</strong></span> <span class='ocrx_word' id='word_1_691' title='bbox 237 2660 287 2687; x_wconf 85' lang='lat' dir='ltr'><strong>aut</strong></span> <span class='ocrx_word' id='word_1_692' title='bbox 309 2656 358 2687; x_wconf 90' lang='lat' dir='ltr'><strong>hic</strong></span> <span class='ocrx_word' id='word_1_693' title='bbox 387 2665 445 2686; x_wconf 91' lang='lat' dir='ltr'><strong>non</strong></span> <span class='ocrx_word' id='word_1_694' title='bbox 473 2656 560 2692; x_wconf 88' lang='lat' dir='ltr'><strong>ﬁetis,</strong></span> <span class='ocrx_word' id='word_1_695' title='bbox 591 2655 739 2696; x_wconf 61' lang='lat' dir='ltr'><strong>caelestes,</strong></span> <span class='ocrx_word' id='word_1_696' title='bbox 771 2660 801 2686; x_wconf 91' lang='lat' dir='ltr'><strong>ut</strong></span> <span class='ocrx_word' id='word_1_697' title='bbox 831 2656 902 2694; x_wconf 82' lang='lat' dir='ltr'><strong>dixi,</strong></span> 
     </span>
    </p>
   </div>
   <div class='ocr_carea' id='block_1_99' title="bbox 84 2700 903 2743">
    <p class='ocr_par' dir='ltr' id='par_1_99' title="bbox 84 2700 903 2743">
     <span class='ocr_line' id='line_1_99' title="bbox 84 2700 903 2743; baseline -0.002 -10"><span class='ocrx_word' id='word_1_698' title='bbox 84 2701 234 2743; x_wconf 89' lang='lat' dir='ltr'><strong>quomodo</strong></span> <span class='ocrx_word' id='word_1_699' title='bbox 248 2702 308 2733; x_wconf 91' lang='lat' dir='ltr'><strong>ullo</strong></span> <span class='ocrx_word' id='word_1_700' title='bbox 333 2701 421 2732; x_wconf 90' lang='lat' dir='ltr'><strong>modo</strong></span> <span class='ocrx_word' id='word_1_701' title='bbox 439 2710 506 2732; x_wconf 90' lang='lat' dir='ltr'><strong>cum</strong></span> <span class='ocrx_word' id='word_1_702' title='bbox 537 2701 600 2741; x_wconf 92' lang='lat' dir='ltr'><strong>ipso</strong></span> <span class='ocrx_word' id='word_1_703' title='bbox 630 2700 736 2731; x_wconf 87' lang='lat' dir='ltr'><strong>coelum</strong></span> <span class='ocrx_word' id='word_1_704' title='bbox 751 2711 802 2731; x_wconf 91' lang='lat' dir='ltr'><strong>vos</strong></span> <span class='ocrx_word' id='word_1_705' title='bbox 817 2700 903 2731; x_wconf 90' lang='lat' dir='ltr'><strong>habi-</strong></span> 
     </span>
    </p>
   </div>
   <div class='ocr_carea' id='block_1_100' title="bbox 84 2744 901 2786">
    <p class='ocr_par' dir='ltr' id='par_1_100' title="bbox 84 2744 901 2786">
     <span class='ocr_line' id='line_1_100' title="bbox 84 2744 901 2786; baseline -0.002 -8"><span class='ocrx_word' id='word_1_706' title='bbox 84 2750 198 2778; x_wconf 86' lang='lat' dir='ltr'><strong>taturos</strong></span> <span class='ocrx_word' id='word_1_707' title='bbox 220 2746 431 2778; x_wconf 85' lang='lat' dir='ltr'><strong>arbitramini?</strong></span> <span class='ocrx_word' id='word_1_708' title='bbox 454 2745 603 2786; x_wconf 91' lang='lat' dir='ltr'><strong>quomodo</strong></span> <span class='ocrx_word' id='word_1_709' title='bbox 628 2744 658 2776; x_wconf 91' lang='lat' dir='ltr'><strong>in</strong></span> <span class='ocrx_word' id='word_1_710' title='bbox 682 2754 806 2785; x_wconf 82' lang='lat' dir='ltr'><strong>regnum</strong></span> <span class='ocrx_word' id='word_1_711' title='bbox 835 2755 901 2776; x_wconf 91' lang='lat' dir='ltr'><strong>cum</strong></span> 
     </span>
    </p>
   </div>
   <div class='ocr_carea' id='block_1_101' title="bbox 124 2825 436 2871">
    <p class='ocr_par' dir='ltr' id='par_1_101' title="bbox 124 2825 436 2871">
     <span class='ocr_line' id='line_1_101' title="bbox 124 2825 436 2871; baseline -0.003 -12"><span class='ocrx_word' id='word_1_712' title='bbox 124 2827 156 2853; x_wconf 76' lang='grc'><strong>48</strong></span> <span class='ocrx_word' id='word_1_713' title='bbox 169 2825 255 2859; x_wconf 85' lang='lat' dir='ltr'><strong>Joan.</strong></span> <span class='ocrx_word' id='word_1_714' title='bbox 273 2826 436 2871; x_wconf 66' lang='lat' dir='ltr'><strong>v1,49-59.</strong></span> 
     </span>
    </p>
   </div>
   <div class='ocr_carea' id='block_1_102' title="bbox 949 2209 1772 2254">
    <p class='ocr_par' dir='ltr' id='par_1_102' title="bbox 949 2209 1772 2254">
     <span class='ocr_line' id='line_1_102' title="bbox 949 2209 1772 2254; baseline 0.007 -15"><span class='ocrx_word' id='word_1_715' title='bbox 949 2209 1143 2254; x_wconf 81' lang='lat' dir='ltr'><strong>occumbens,</strong></span> <span class='ocrx_word' id='word_1_716' title='bbox 1169 2214 1281 2240; x_wconf 89' lang='lat' dir='ltr'><strong>astrum</strong></span> <span class='ocrx_word' id='word_1_717' title='bbox 1306 2219 1426 2250; x_wconf 87' lang='lat' dir='ltr'><strong>semper</strong></span> <span class='ocrx_word' id='word_1_718' title='bbox 1454 2210 1628 2250; x_wconf 85' lang='lat' dir='ltr'><strong>splendens,</strong></span> <span class='ocrx_word' id='word_1_719' title='bbox 1657 2212 1772 2254; x_wconf 89' lang='lat' dir='ltr'><strong>lampas</strong></span> 
     </span>
    </p>
   </div>
   <div class='ocr_carea' id='block_1_103' title="bbox 947 2253 1769 2295">
    <p class='ocr_par' dir='ltr' id='par_1_103' title="bbox 947 2253 1769 2295">
     <span class='ocr_line' id='line_1_103' title="bbox 947 2253 1769 2295; baseline 0.007 -12"><span class='ocrx_word' id='word_1_720' title='bbox 947 2253 1028 2284; x_wconf 89' lang='lat' dir='ltr'><strong>intus</strong></span> <span class='ocrx_word' id='word_1_721' title='bbox 1044 2253 1074 2284; x_wconf 91' lang='lat' dir='ltr'><strong>in</strong></span> <span class='ocrx_word' id='word_1_722' title='bbox 1090 2253 1242 2285; x_wconf 91' lang='lat' dir='ltr'><strong>domicilio</strong></span> <span class='ocrx_word' id='word_1_723' title='bbox 1271 2254 1377 2285; x_wconf 60' lang='lat' dir='ltr'><strong>animm</strong></span> <span class='ocrx_word' id='word_1_724' title='bbox 1406 2255 1560 2295; x_wconf 73' lang='lat' dir='ltr'><strong>effulgens.</strong></span> <span class='ocrx_word' id='word_1_725' title='bbox 1594 2258 1657 2288; x_wconf 84' lang='lat' dir='ltr'><strong>Hoc</strong></span> <span class='ocrx_word' id='word_1_726' title='bbox 1678 2253 1769 2289; x_wconf 90' lang='lat' dir='ltr'><strong>unum</strong></span> 
     </span>
    </p>
   </div>
   <div class='ocr_carea' id='block_1_104' title="bbox 948 2299 1771 2337">
    <p class='ocr_par' dir='ltr' id='par_1_104' title="bbox 948 2299 1771 2337">
     <span class='ocr_line' id='line_1_104' title="bbox 948 2299 1771 2337; baseline 0.007 -9"><span class='ocrx_word' id='word_1_727' title='bbox 948 2299 1040 2329; x_wconf 90' lang='lat' dir='ltr'><strong>multa</strong></span> <span class='ocrx_word' id='word_1_728' title='bbox 1065 2303 1119 2337; x_wconf 86' lang='lat' dir='ltr'><strong>est,</strong></span> <span class='ocrx_word' id='word_1_729' title='bbox 1152 2299 1307 2330; x_wconf 88' lang='lat' dir='ltr'><strong>destruens</strong></span> <span class='ocrx_word' id='word_1_730' title='bbox 1343 2304 1373 2330; x_wconf 92' lang='lat' dir='ltr'><strong>et</strong></span> <span class='ocrx_word' id='word_1_731' title='bbox 1399 2300 1560 2331; x_wconf 63' lang='lat' dir='ltr'><strong>mdiﬁcans.</strong></span> <span class='ocrx_word' id='word_1_732' title='bbox 1591 2300 1653 2333; x_wconf 84' lang='lat' dir='ltr'><strong>Hoc</strong></span> <span class='ocrx_word' id='word_1_733' title='bbox 1677 2312 1771 2334; x_wconf 86' lang='lat' dir='ltr'><strong>unum</strong></span> 
     </span>
    </p>
   </div>
   <div class='ocr_carea' id='block_1_105' title="bbox 950 2343 1773 2385">
    <p class='ocr_par' dir='ltr' id='par_1_105' title="bbox 950 2343 1773 2385">
     <span class='ocr_line' id='line_1_105' title="bbox 950 2343 1773 2385; baseline 0.006 -12"><span class='ocrx_word' id='word_1_734' title='bbox 950 2343 1037 2374; x_wconf 91' lang='lat' dir='ltr'><strong>simul</strong></span> <span class='ocrx_word' id='word_1_735' title='bbox 1054 2344 1153 2374; x_wconf 89' lang='lat' dir='ltr'><strong>omnia</strong></span> <span class='ocrx_word' id='word_1_736' title='bbox 1167 2343 1256 2374; x_wconf 87' lang='lat' dir='ltr'><strong>verbo</strong></span> <span class='ocrx_word' id='word_1_737' title='bbox 1285 2344 1434 2384; x_wconf 86' lang='lat' dir='ltr'><strong>produxit,</strong></span> <span class='ocrx_word' id='word_1_738' title='bbox 1465 2349 1494 2376; x_wconf 90' lang='lat' dir='ltr'><strong>et</strong></span> <span class='ocrx_word' id='word_1_739' title='bbox 1522 2344 1631 2385; x_wconf 90' lang='lat' dir='ltr'><strong>Spiritu</strong></span> <span class='ocrx_word' id='word_1_740' title='bbox 1657 2347 1773 2378; x_wconf 88' lang='lat' dir='ltr'><strong>virtutis</strong></span> 
     </span>
    </p>
   </div>
   <div class='ocr_carea' id='block_1_106' title="bbox 949 2388 1773 2433">
    <p class='ocr_par' dir='ltr' id='par_1_106' title="bbox 949 2388 1773 2433">
     <span class='ocr_line' id='line_1_106' title="bbox 949 2388 1773 2433; baseline 0.007 -15"><span class='ocrx_word' id='word_1_741' title='bbox 949 2397 1010 2418; x_wconf 66' lang='lat' dir='ltr'><strong>sum</strong></span> <span class='ocrx_word' id='word_1_742' title='bbox 1026 2388 1088 2419; x_wconf 67' lang='lat' dir='ltr'><strong>litec</strong></span> <span class='ocrx_word' id='word_1_743' title='bbox 1112 2389 1212 2420; x_wconf 80' lang='lat' dir='ltr'><strong>omnia</strong></span> <span class='ocrx_word' id='word_1_744' title='bbox 1236 2389 1379 2421; x_wconf 87' lang='lat' dir='ltr'><strong>continet.</strong></span> <span class='ocrx_word' id='word_1_745' title='bbox 1406 2388 1467 2420; x_wconf 89' lang='lat' dir='ltr'><strong>Hoc</strong></span> <span class='ocrx_word' id='word_1_746' title='bbox 1485 2399 1587 2431; x_wconf 92' lang='lat' dir='ltr'><strong>unum,</strong></span> <span class='ocrx_word' id='word_1_747' title='bbox 1606 2391 1725 2433; x_wconf 74' lang='lat' dir='ltr'><strong>ctelum,</strong></span> <span class='ocrx_word' id='word_1_748' title='bbox 1744 2396 1773 2424; x_wconf 82' lang='lat' dir='ltr'><strong>et</strong></span> 
     </span>
    </p>
   </div>
   <div class='ocr_carea' id='block_1_107' title="bbox 952 2433 1771 2478">
    <p class='ocr_par' dir='ltr' id='par_1_107' title="bbox 952 2433 1771 2478">
     <span class='ocr_line' id='line_1_107' title="bbox 952 2433 1771 2478; baseline 0.006 -15"><span class='ocrx_word' id='word_1_749' title='bbox 952 2437 1060 2478; x_wconf 81' lang='lat' dir='ltr'><strong>terram</strong></span> <span class='ocrx_word' id='word_1_750' title='bbox 1075 2443 1110 2464; x_wconf 85' lang='lat' dir='ltr'><strong>ex</strong></span> <span class='ocrx_word' id='word_1_751' title='bbox 1126 2433 1219 2464; x_wconf 89' lang='lat' dir='ltr'><strong>nihilo</strong></span> <span class='ocrx_word' id='word_1_752' title='bbox 1236 2433 1379 2471; x_wconf 80' lang='lat' dir='ltr'><strong>condidit,</strong></span> <span class='ocrx_word' id='word_1_753' title='bbox 1397 2434 1526 2465; x_wconf 88' lang='lat' dir='ltr'><strong>essentia</strong></span> <span class='ocrx_word' id='word_1_754' title='bbox 1552 2434 1726 2478; x_wconf 87' lang='lat' dir='ltr'><strong>impertivit,</strong></span> <span class='ocrx_word' id='word_1_755' title='bbox 1742 2441 1771 2468; x_wconf 87' lang='lat' dir='ltr'><strong>et</strong></span> 
     </span>
    </p>
   </div>
   <div class='ocr_carea' id='block_1_108' title="bbox 949 2476 1771 2520">
    <p class='ocr_par' dir='ltr' id='par_1_108' title="bbox 949 2476 1771 2520">
     <span class='ocr_line' id='line_1_108' title="bbox 949 2476 1771 2520; baseline 0.005 -12"><span class='ocrx_word' id='word_1_756' title='bbox 949 2476 1140 2509; x_wconf 72' lang='lat' dir='ltr'><strong>ineﬁ‘abiliter</strong></span> <span class='ocrx_word' id='word_1_757' title='bbox 1154 2479 1379 2518; x_wconf 87' lang='lat' dir='ltr'><strong>coagmentavit.</strong></span> <span class='ocrx_word' id='word_1_758' title='bbox 1402 2477 1464 2510; x_wconf 84' lang='lat' dir='ltr'><strong>Hoc</strong></span> <span class='ocrx_word' id='word_1_759' title='bbox 1489 2489 1580 2510; x_wconf 89' lang='lat' dir='ltr'><strong>unum</strong></span> <span class='ocrx_word' id='word_1_760' title='bbox 1604 2476 1771 2520; x_wconf 16' lang='lat' dir='ltr'><strong>solem,ilu-</strong></span> 
     </span>
    </p>
   </div>
   <div class='ocr_carea' id='block_1_109' title="bbox 951 2523 1772 2565">
    <p class='ocr_par' dir='ltr' id='par_1_109' title="bbox 951 2523 1772 2565">
     <span class='ocr_line' id='line_1_109' title="bbox 951 2523 1772 2565; baseline 0.006 -13"><span class='ocrx_word' id='word_1_761' title='bbox 951 2531 1029 2560; x_wconf 90' lang='lat' dir='ltr'><strong>nam,</strong></span> <span class='ocrx_word' id='word_1_762' title='bbox 1048 2523 1148 2554; x_wconf 84' lang='lat' dir='ltr'><strong>stellas</strong></span> <span class='ocrx_word' id='word_1_763' title='bbox 1162 2523 1261 2563; x_wconf 88' lang='lat' dir='ltr'><strong>(mira,</strong></span> <span class='ocrx_word' id='word_1_764' title='bbox 1288 2533 1372 2561; x_wconf 89' lang='lat' dir='ltr'><strong>nova,</strong></span> <span class='ocrx_word' id='word_1_765' title='bbox 1403 2523 1540 2554; x_wconf 89' lang='lat' dir='ltr'><strong>inusitata</strong></span> <span class='ocrx_word' id='word_1_766' title='bbox 1563 2525 1625 2565; x_wconf 89' lang='lat' dir='ltr'><strong>res)</strong></span> <span class='ocrx_word' id='word_1_767' title='bbox 1640 2525 1703 2556; x_wconf 88' lang='lat' dir='ltr'><strong>sola</strong></span> <span class='ocrx_word' id='word_1_768' title='bbox 1718 2535 1772 2557; x_wconf 91' lang='lat' dir='ltr'><strong>vo-</strong></span> 
     </span>
    </p>
   </div>
   <div class='ocr_carea' id='block_1_110' title="bbox 949 2566 1771 2611">
    <p class='ocr_par' dir='ltr' id='par_1_110' title="bbox 949 2566 1771 2611">
     <span class='ocr_line' id='line_1_110' title="bbox 949 2566 1771 2611; baseline 0.006 -14"><span class='ocrx_word' id='word_1_769' title='bbox 949 2566 1153 2599; x_wconf 80' lang='lat' dir='ltr'><strong>luntatefecit.</strong></span> <span class='ocrx_word' id='word_1_770' title='bbox 1181 2568 1242 2599; x_wconf 83' lang='lat' dir='ltr'><strong>Hoc</strong></span> <span class='ocrx_word' id='word_1_771' title='bbox 1273 2578 1363 2599; x_wconf 90' lang='lat' dir='ltr'><strong>unum</strong></span> <span class='ocrx_word' id='word_1_772' title='bbox 1392 2568 1610 2608; x_wconf 86' lang='lat' dir='ltr'><strong>quadrupedes,</strong></span> <span class='ocrx_word' id='word_1_773' title='bbox 1640 2571 1771 2611; x_wconf 88' lang='lat' dir='ltr'><strong>reptilia,</strong></span> 
     </span>
    </p>
   </div>
   <div class='ocr_carea' id='block_1_111' title="bbox 949 2612 1772 2655">
    <p class='ocr_par' dir='ltr' id='par_1_111' title="bbox 949 2612 1772 2655">
     <span class='ocr_line' id='line_1_111' title="bbox 949 2612 1772 2655; baseline 0.007 -14"><span class='ocrx_word' id='word_1_774' title='bbox 949 2615 978 2642; x_wconf 88' lang='lat' dir='ltr'><strong>et</strong></span> <span class='ocrx_word' id='word_1_775' title='bbox 993 2612 1082 2649; x_wconf 82' lang='lat' dir='ltr'><strong>feras,</strong></span> <span class='ocrx_word' id='word_1_776' title='bbox 1099 2616 1127 2643; x_wconf 92' lang='lat' dir='ltr'><strong>et</strong></span> <span class='ocrx_word' id='word_1_777' title='bbox 1141 2613 1292 2644; x_wconf 87' lang='lat' dir='ltr'><strong>volucrum</strong></span> <span class='ocrx_word' id='word_1_778' title='bbox 1310 2622 1398 2644; x_wconf 90' lang='lat' dir='ltr'><strong>omne</strong></span> <span class='ocrx_word' id='word_1_779' title='bbox 1413 2623 1517 2653; x_wconf 86' lang='lat' dir='ltr'><strong>genus,</strong></span> <span class='ocrx_word' id='word_1_780' title='bbox 1536 2614 1665 2646; x_wconf 86' lang='lat' dir='ltr'><strong>etmaris</strong></span> <span class='ocrx_word' id='word_1_781' title='bbox 1673 2615 1772 2655; x_wconf 90' lang='lat' dir='ltr'><strong>pisces</strong></span> 
     </span>
    </p>
   </div>
   <div class='ocr_carea' id='block_1_112' title="bbox 947 2656 1770 2698">
    <p class='ocr_par' dir='ltr' id='par_1_112' title="bbox 947 2656 1770 2698">
     <span class='ocr_line' id='line_1_112' title="bbox 947 2656 1770 2698; baseline 0.005 -12"><span class='ocrx_word' id='word_1_782' title='bbox 947 2656 1024 2687; x_wconf 86' lang='lat' dir='ltr'><strong>sicut</strong></span> <span class='ocrx_word' id='word_1_783' title='bbox 1038 2657 1202 2695; x_wconf 88' lang='lat' dir='ltr'><strong>cernimus,</strong></span> <span class='ocrx_word' id='word_1_784' title='bbox 1221 2657 1350 2688; x_wconf 83' lang='lat' dir='ltr'><strong>existere</strong></span> <span class='ocrx_word' id='word_1_785' title='bbox 1361 2658 1463 2698; x_wconf 87' lang='lat' dir='ltr'><strong>jussit.</strong></span> <span class='ocrx_word' id='word_1_786' title='bbox 1494 2658 1646 2689; x_wconf 85' lang='lat' dir='ltr'><strong>Postremo</strong></span> <span class='ocrx_word' id='word_1_787' title='bbox 1671 2665 1770 2690; x_wconf 88' lang='lat' dir='ltr'><strong>autem</strong></span> 
     </span>
    </p>
   </div>
   <div class='ocr_carea' id='block_1_113' title="bbox 946 2700 1772 2743">
    <p class='ocr_par' dir='ltr' id='par_1_113' title="bbox 946 2700 1772 2743">
     <span class='ocr_line' id='line_1_113' title="bbox 946 2700 1772 2743; baseline 0.005 -12"><span class='ocrx_word' id='word_1_788' title='bbox 946 2700 1012 2732; x_wconf 91' lang='lat' dir='ltr'><strong>loco</strong></span> <span class='ocrx_word' id='word_1_789' title='bbox 1029 2711 1076 2732; x_wconf 91' lang='lat' dir='ltr'><strong>me</strong></span> <span class='ocrx_word' id='word_1_790' title='bbox 1102 2702 1195 2741; x_wconf 72' lang='lat' dir='ltr'><strong>ﬁnxit,</strong></span> <span class='ocrx_word' id='word_1_791' title='bbox 1226 2707 1364 2743; x_wconf 88' lang='lat' dir='ltr'><strong>tanquam</strong></span> <span class='ocrx_word' id='word_1_792' title='bbox 1379 2712 1491 2742; x_wconf 83' lang='lat' dir='ltr'><strong>regem,</strong></span> <span class='ocrx_word' id='word_1_793' title='bbox 1510 2706 1539 2734; x_wconf 86' lang='lat' dir='ltr'><strong>et</strong></span> <span class='ocrx_word' id='word_1_794' title='bbox 1555 2702 1617 2733; x_wconf 72' lang='lat' dir='ltr'><strong>haec</strong></span> <span class='ocrx_word' id='word_1_795' title='bbox 1632 2703 1772 2735; x_wconf 85' lang='lat' dir='ltr'><strong>universa</strong></span> 
     </span>
    </p>
   </div>
   <div class='ocr_carea' id='block_1_114' title="bbox 945 2746 1770 2788">
    <p class='ocr_par' dir='ltr' id='par_1_114' title="bbox 945 2746 1770 2788">
     <span class='ocr_line' id='line_1_114' title="bbox 945 2746 1770 2788; baseline 0.004 -11"><span class='ocrx_word' id='word_1_796' title='bbox 945 2746 982 2777; x_wconf 86' lang='lat' dir='ltr'><strong>ad</strong></span> <span class='ocrx_word' id='word_1_797' title='bbox 999 2746 1175 2788; x_wconf 92' lang='lat' dir='ltr'><strong>obsequium</strong></span> <span class='ocrx_word' id='word_1_798' title='bbox 1193 2747 1266 2778; x_wconf 91' lang='lat' dir='ltr'><strong>mihi</strong></span> <span class='ocrx_word' id='word_1_799' title='bbox 1283 2747 1410 2788; x_wconf 86' lang='lat' dir='ltr'><strong>subjecit</strong></span> <span class='ocrx_word' id='word_1_800' title='bbox 1429 2758 1436 2786; x_wconf 87' lang='lat'><strong>;</strong></span> <span class='ocrx_word' id='word_1_801' title='bbox 1463 2751 1494 2778; x_wconf 92' lang='lat' dir='ltr'><strong>ut</strong></span> <span class='ocrx_word' id='word_1_802' title='bbox 1519 2755 1602 2778; x_wconf 90' lang='lat' dir='ltr'><strong>more</strong></span> <span class='ocrx_word' id='word_1_803' title='bbox 1617 2757 1770 2780; x_wconf 88' lang='lat' dir='ltr'><strong>servorum</strong></span> 
     </span>
    </p>
   </div>
  </div>
