1982 3075
218 152 277 185 583

875 154 1066 189 SYMEONIS
1085 155 1262 186 JUNIORIS

1843 155 1912 187 584

218 219 410 251 necessitates
439 227 520 249 meas
549 219 717 259 explerent.
745 220 781 252 Et
805 221 923 261 quidem
940 222 1069 253 omniaA
1081 230 1158 253 sum.
1176 221 1287 252 Nerum
1303 225 1334 252 ut
1349 221 1551 262 publicanum,
1579 226 1609 253 et
1630 223 1824 254 meretricem
1839 230 1923 261 sup-

217 270 323 295 caatera
338 264 426 302 hujus
451 263 551 301 unius,
582 264 646 301 Dei,
677 265 809 305 inquam,
840 267 1040 298 universitatis

217 309 386 340 mandatum
398 308 629 346 custodiveruut,
643 314 671 340 et
683 310 845 340 etiamnum
857 312 1038 349 custodiunt;

216 364 269 393 ego
287 355 376 384 miser
391 354 470 384 solus
501 353 632 393 ingratus
660 356 794 396 apparui,
826 361 854 386 et
871 357 1036 397 improbus,

215 404 243 430 et
258 398 435 429 inobediens
453 401 513 430 Deo
530 399 625 429 lictori
652 409 731 434 meo,
762 405 791 431 et
820 401 872 442 qui
888 402 960 433 mihi
976 403 1039 433 hanc

214 443 313 474 omnia
328 443 575 474 boualiberaliter
587 443 711 482 prazbuit
723 445 888 486 violatoque
902 448 1038 478 mandato

213 488 308 519 factus
331 498 395 519 sum
411 488 534 525 inutilis,
549 489 764 530 jumeutisque,
789 498 819 520 et
835 491 917 531 feris,
936 491 1039 522 bestiis

213 540 242 564 et
257 533 422 573 reptilibus,
441 538 469 564 et
483 533 652 564 volucribus
667 533 792 565 inferior
818 544 851 566 ac
877 536 961 576 pejor
985 546 1038 576 ap-

213 579 309 618 parui,
326 582 354 609 et
380 589 395 608 a
424 583 505 609 recto
531 578 638 609 itinere
669 579 829 618 digressus,
848 581 945 611 datam
964 581 1037 611 mihi

214 623 336 663 gloriam
353 623 455 656 infelix
473 623 600 663 perdidi,
614 623 782 663 lucidaque,
799 629 827 656 et
847 626 946 656 divina
961 627 1038 657 stola

214 669 357 709 spoliatus
373 678 451 705 sutn,
469 672 498 699 et
513 668 542 698 in
569 668 700 706 tenebris
726 674 822 705 natus,
855 680 933 701 nunc
947 671 977 701 in
995 675 1038 701 te-

214 713 315 744 nebris
328 714 426 753 jaceo,
444 718 473 744 et
488 722 535 743 me
558 713 624 743 luce
655 713 797 752 privatum
816 715 927 746 nescio.
946 715 1034 753 Ecce,

213 757 346 797 inquam,
363 757 405 788 sol
423 757 501 788 diem
529 757 687 794 illuminat,
717 767 804 798 quem
833 764 920 790 nocte
935 769 1037 800 super-

213 802 350 833 veniente
365 801 502 833 occidere
517 802 612 832 video.
630 802 706 833 Tum
732 807 764 833 ut
791 803 917 844 videam,
935 814 1038 835 cereos

213 851 241 878 et
267 846 432 886 lampadem
456 847 597 877 accendo.
627 846 662 877 Et
687 848 758 887 quid
774 848 850 879 alius
866 849 953 879 homo
970 850 1036 890 plus

214 901 261 922 me
274 892 363 922 habet
377 891 392 921 ‘?
407 892 456 923 Sic
472 891 551 922 enim
577 892 713 922 homines
738 893 768 923 in
797 893 906 924 mundo
922 894 1032 930 vident,

211 937 355 977 aliterque
370 940 420 967 aut
435 936 501 977 plus
519 945 619 968 nemo.
636 936 704 967 Haec
720 946 786 968 cum
805 938 884 975 dico,
904 939 1033 970 mentior

212 987 242 1012 et
269 981 412 1022 meipsum
438 981 518 1017 ludo,
550 982 697 1022 meipsum
729 982 808 1019 l‘allo,
839 987 868 1013 et
891 983 1031 1015 adversus

211 1031 322 1057 memet
335 1035 382 1056 me
394 1027 485 1066 jacto,
503 1026 573 1056 dum
590 1027 657 1056 nolo
674 1035 721 1056 me
732 1036 842 1058 caacum
852 1037 918 1059 esse
928 1038 1034 1067 cogno-

211 1080 307 1108 scere,
324 1071 394 1101 dum
410 1071 479 1101 nolo
495 1071 642 1110 laborare,
659 1071 726 1101 nolo
751 1081 869 1102 sursum
884 1073 1031 1112 aspicere,

210 1116 278 1146 nolo
294 1116 449 1146 damnatus
466 1125 520 1155 ego
536 1124 631 1146 meam
648 1115 809 1146 cmcitatem
819 1126 989 1156 agnoscere.

251 1160 323 1191 Dico
339 1164 449 1197 autem,
466 1160 531 1200 quis
561 1160 631 1190 vidit
659 1160 753 1191 Deum
786 1161 886 1192 lumen
904 1162 1005 1192 mundi
1023 1163 1030 1192 ι

210 1210 242 1237 et
256 1206 328 1238 dum
349 1207 404 1237 hoc
419 1206 498 1244 dico,
518 1214 638 1246 prorsus
655 1215 713 1236 non
737 1207 845 1242 lentio,
866 1216 925 1238 non
940 1206 1030 1237 intel-

209 1251 280 1290 ligo,
296 1250 433 1287 Domine,
452 1259 499 1280 me
525 1250 601 1280 male
624 1249 765 1290 cogitare,
797 1255 826 1282 et
857 1251 948 1291 loqui.
975 1252 1031 1288 Qui

208 1305 335 1335 namque
351 1295 450 1325 lumen
468 1298 549 1325 tuum
566 1304 624 1325 nou
639 1295 727 1331 videt,
747 1299 774 1325 et
791 1305 823 1326 se
839 1295 939 1326 videre
954 1297 1031 1328 afﬁr-

210 1345 279 1380 mat,
297 1340 356 1370 imo
372 1348 441 1370 vero
465 1339 649 1379 impossibile
678 1339 749 1369 dicit
773 1349 848 1377 csse,
867 1340 967 1371 videre
981 1341 1029 1372 lu-

207 1394 275 1415 men
291 1385 393 1424 glorize
409 1388 478 1421 tuae,
495 1393 599 1414 omnes
625 1384 848 1424 prophetarum,
878 1385 1028 1425 apostolo-

204 1439 331 1470 rumque
346 1429 523 1469 Scripturas,
553 1433 581 1460 et
610 1438 775 1466 sermones,
803 1436 893 1469 atque
908 1439 1030 1461 oecono-

210 1474 300 1504 miam
317 1479 407 1511 tuam,
425 1474 507 1511 lesu,
526 1478 623 1512 negat.
638 1473 669 1504 Si
684 1473 762 1504 enim
779 1473 815 1503 ab
831 1474 890 1504 alto
908 1474 1029 1506 illnxisti

206 1523 234 1550 et
261 1519 292 1549 in
308 1518 441 1549 tenebris
455 1518 628 1558 apparuisti,
646 1522 675 1548 et
699 1518 845 1549 advenisti
869 1518 900 1549 in
916 1520 1026 1550 mundo

204 1573 289 1595 more
304 1568 405 1594 nostro
432 1563 535 1593 volens
563 1562 736 1593 conversari
764 1572 830 1593 cum
856 1563 1027 1595 hominibus

206 1609 388 1647 humaniter,
406 1613 434 1639 et
458 1608 558 1638 lumen
581 1608 686 1638 mundi
712 1608 841 1648 teipsum
857 1618 934 1647 esse,
952 1609 1024 1641 citra

203 1655 359 1685 vanitatem
376 1653 486 1693 dixisti,
504 1662 558 1683 nos
573 1657 671 1683 autem
689 1657 715 1683 te
744 1663 802 1684 non
827 1653 971 1693 videmus,
987 1664 1024 1685 an

202 1709 261 1730 non
274 1700 391 1740 penitus
406 1698 486 1734 caeci,
504 1701 533 1728 et
548 1697 633 1728 caecis
647 1697 877 1729 miserabiliores
892 1708 995 1730 sumus
1010 1700 1024 1729 ‘2

203 1743 366 1774 Verissime
382 1742 502 1779 mortui,
520 1747 550 1772 et
565 1741 636 1772 caeci
657 1751 771 1782 sumus,
795 1742 865 1772 dum
883 1746 910 1773 te
926 1742 1022 1773 viviti-

201 1797 268 1819 cum
285 1788 386 1818 lumen
394 1797 451 1817 non
466 1786 626 1818 cernimus.
640 1786 739 1817 Solem
751 1787 830 1817 hunc
844 1796 1020 1827 corporeum

201 1832 274 1864 caeci
289 1842 347 1863 non
361 1831 472 1872 vident,
488 1831 587 1862 vivunt
602 1835 713 1862 tamen.
735 1836 763 1862 et
775 1841 951 1872 quocunque
964 1842 1024 1863 mo-

202 1877 240 1908 do
257 1877 387 1908 motibus
402 1877 537 1914 cientur;
561 1886 620 1907 non
636 1876 715 1907 enim
731 1876 819 1907 vitam
846 1876 947 1917 donat,
970 1878 1022 1909 sed

201 1927 233 1954 ut
248 1922 349 1953 videas
377 1921 527 1954 duntaxat.
558 1921 601 1952 Tu
630 1925 729 1952 autem
758 1931 825 1952 cum
856 1921 896 1952 sis
924 1923 1023 1953 omnia

200 1967 278 1998 bona
293 1975 414 2007 semper
428 1966 528 1997 omnia
549 1967 601 1997 das
633 1966 727 1997 servis
749 1966 806 1996 tuis
829 1965 1018 1998 videntibus:

199 2011 381 2048 videntibus,
408 2010 541 2051 inquam,
568 2011 668 2042 lumen
699 2015 793 2043 tuum.
822 2010 857 2042 Et
882 2011 1020 2052 quoniam

197 2058 253 2088 vita
268 2066 310 2095 es,
329 2065 396 2087 cum
412 2055 478 2086 aliis
493 2055 629 2086 omuibus
645 2055 741 2096 bonis,
768 2065 833 2096 quae
851 2059 880 2086 tu
895 2056 959 2096 ipse
975 2066 1018 2094 es,

198 2101 286 2132 etiam
306 2101 394 2132 vitam
411 2101 537 2139 largiris.
555 2100 632 2132 Vere
649 2101 729 2131 enim
746 2100 847 2131 omnia
862 2101 893 2131 in
909 2105 936 2131 te
952 2110 1019 2141 pos-

197 2146 286 2186 sidet,
302 2146 353 2187 qui
377 2150 405 2176 te
432 2145 533 2176 habet.
560 2145 605 2176 Ne
634 2145 732 2185 priver
762 2150 790 2176 te
813 2145 950 2186 Domine,
968 2155 1016 2186 ne,

1084 266 1241 306 plicantem
1259 275 1306 296 me
1316 266 1447 306 suécipe,
1460 266 1598 298 Domine.
1625 267 1689 298 Etsi
1710 277 1764 306 ego
1780 276 1839 297 non
1858 275 1920 306 pe—

1081 311 1168 341 rinde
1186 311 1242 343 ﬂeo
1259 319 1267 348 ;
1294 311 1350 342 etsi
1375 321 1434 342 non
1449 311 1588 342 similiter
1603 312 1697 352 pedes
1713 316 1781 342 tuos
1798 310 1922 351 capillis

1082 355 1156 386 meis
1172 359 1317 394 exterge;
1346 356 1402 386 etsi
1429 365 1488 386 non
1517 356 1657 388 similiter
1684 366 1783 396 gemo,
1812 360 1843 387 et
1868 355 1919 386 la-

1082 405 1209 437 mentor,
1228 404 1324 430 tamen
1342 404 1372 430 tu
1388 409 1509 432 emanas
1533 401 1782 442 misericordiam,
1800 404 1830 431 et
1845 410 1918 431 sca-

1082 444 1155 474 turis
1169 445 1403 482 miserationem,
1421 449 1450 476 et
1464 446 1547 485 quasi
1563 455 1580 476 e
1606 446 1686 476 fonte
1713 445 1843 476 etl‘undis
1861 444 1916 480 bo-

1081 488 1214 526 nitatem,
1233 498 1286 529 per
1301 498 1367 529 quae
1383 489 1526 522 miserere
1542 490 1611 521 mei.
1637 490 1700 528 Eia,
1729 490 1779 530 qui
1805 496 1916 520 manus

1080 537 1109 563 et
1125 534 1216 573 pedes
1233 539 1299 564 tuos
1317 535 1390 564 tixus
1405 543 1437 565 es
1465 535 1495 564 in
1525 544 1626 572 cruce,
1660 540 1689 566 et
1711 537 1813 566 lancea
1835 534 1917 564 latus

1077 582 1210 618 apertus,
1226 588 1242 608 ο
1261 579 1555 616 misericordissime,
1574 580 1723 611 miserere
1744 579 1814 615 mei,
1828 585 1859 610 et
1875 578 1915 609 ab

1078 623 1147 663 igne
1163 625 1344 664 sempiterno
1361 634 1446 656 serva
1469 635 1529 662 me,
1549 629 1578 656 et
1593 626 1715 665 dignum
1733 625 1788 663 fac,
1808 625 1860 665 qui
1872 625 1913 655 de

1077 668 1193 708 reliqqo
1207 669 1338 710 approbe
1347 670 1474 700 serviam
1490 670 1559 707 tibi,
1577 675 1606 700 et
1617 674 1687 701 tunc
1698 669 1914 701 indamnabilis

1078 717 1153 743 stem
1170 723 1269 744 coram
1285 719 1324 754 te,
1337 714 1526 754 accipiarque
1543 716 1620 746 intra
1637 716 1797 746 thalamum
1811 719 1911 754 tuum,

1079 757 1129 788 ubi
1143 758 1268 790 laetabor
1279 763 1378 790 tecum
1396 759 1475 790 bono
1493 760 1618 791 Domino
1634 760 1664 791 in
1676 761 1776 791 omnia
1786 759 1910 790 saecula.

1080 804 1189 834 Amen.

1050 871 1067 895 Β
1350 863 1475 895 CAPUT
1498 863 1631 896 XXXIII.

1077 922 1236 965 ConfeSsio
1261 925 1435 963 precationi
1466 926 1635 963 conjuncta,
1667 929 1697 956 et
1727 925 1765 956 de
1793 926 1907 965 copula

1092 964 1192 994 sancti
1207 964 1345 1004 Spiritus
1358 973 1427 995 cum
1437 965 1702 1005 perturbationum
1714 964 1882 996 vacuitate.

1114 1024 1279 1064 Elongat'i,
1297 1035 1313 1054 ο
1329 1024 1468 1065 benigne,
1485 1028 1584 1056 mansi
1598 1029 1629 1057 in
1639 1027 1808 1058 solitudine
1817 1027 1860 1063 49,
1875 1031 1909 1058 et

1075 1066 1217 1099 abscondi
1234 1078 1280 1099 me
1293 1069 1346 1100 abs
1362 1074 1389 1100 te
1417 1070 1497 1100 dulci
1523 1070 1660 1102 Domino.
1678 1071 1906 1103 Circumventus

1076 1117 1162 1143 nocte
1178 1113 1386 1145 sollicitudinis
1403 1115 1468 1144 vita:
1484 1115 1582 1155 hujus,
1609 1115 1718 1146 multos
1731 1116 1801 1146 inde
1817 1126 1903 1147 mor-

1073 1167 1134 1195 sus,
1151 1167 1184 1188 ac
1199 1159 1322 1188 vulnera
1335 1158 1463 1189 susuinui
1482 1169 1488 1190 :
1517 1159 1626 1190 multas
1646 1160 1746 1200 plagas
1760 1170 1900 1192 reversus

1072 1202 1135 1233 fero
1151 1203 1181 1233 in
1196 1203 1295 1233 anima
1311 1212 1388 1243 mea,
1406 1203 1563 1244 clamoque
1580 1205 1610 1234 in
1637 1205 1782 1241 cruciatu,
1799 1210 1828 1236 et
1842 1205 1900 1236 do-

1073 1246 1134 1277 lore
1150 1248 1248 1278 cordis
1265 1247 1322 1278 mei
1338 1247 1501 1279 :Miserere
1513 1249 1570 1279 mei
1584 1249 1899 1290 praevaricatoris,mi-

1073 1300 1186 1332 serere,
1203 1303 1219 1321 ιι
1236 1292 1363 1330 medice,
1385 1294 1434 1332 qui
1447 1293 1546 1332 diligis
1559 1294 1684 1334 animas,
1702 1298 1732 1324 et
1747 1294 1828 1326 solus
1843 1295 1899 1325 ad-

1072 1337 1191 1367 modum
1206 1337 1334 1367 libenter
1346 1338 1510 1370 misereris.
1523 1338 1578 1374 Qui
1588 1339 1686 1378 aegris,
1698 1344 1728 1370 et
1738 1339 1902 1371 vulneratis

1073 1382 1200 1412 mcderis
1225 1382 1329 1422 gratis,
1357 1382 1478 1413 medere
1507 1383 1653 1414 vibicibus
1682 1388 1712 1414 et
1726 1385 1901 1415 vulneribus

1073 1428 1162 1465 meis,
1175 1427 1260 1458 Stilla
1276 1428 1510 1460 misericordiam
1527 1429 1627 1468 gratiae
1643 1433 1698 1460 tua:
1711 1431 1789 1461 Deus
1800 1439 1899 1468 meus,

1072 1471 1210 1503 oblittera
1223 1473 1333 1513 plagas,
1346 1477 1434 1514 atque
1447 1473 1549 1504 ulcera
1562 1483 1637 1512 mea,
1651 1474 1682 1504 in
1698 1484 1790 1505 unum
1805 1479 1894 1505 attra-

1071 1516 1118 1554 he,
1138 1521 1166 1548 et
1183 1518 1352 1558 constringe
1369 1518 1445 1549 male
1460 1518 1603 1549 dissoluta
1620 1519 1754 1550 membra
1770 1528 1846 1557 mea,
1868 1523 1898 1551 et

1038 1554 1173 1598 Domnes
1188 1554 1341 1593 cicatrices
1357 1572 1438 1594 meas
1450 1563 1529 1601 dele,
1542 1572 1647 1603 tneque
1659 1567 1752 1594 totum
1764 1554 1897 1604 perfecte

1067 1615 1149 1644 sana,
1167 1611 1199 1638 ut
1214 1607 1308 1648 prius,
1325 1608 1442 1647 quando
1459 1618 1506 1639 me
1523 1608 1603 1639 nulla
1618 1608 1748 1639 foedabat
1759 1610 1895 1649 inquina-

1068 1653 1118 1688 tio,
1138 1652 1220 1682 nLlla
1236 1651 1332 1690 vibex,
1358 1662 1414 1683 nec
1441 1653 1525 1693 plaga
1551 1659 1671 1684 tumens
1686 1657 1738 1684 aut
1753 1654 1894 1685 macula:

1066 1697 1118 1727 sed
1130 1706 1247 1728 mecum
1257 1702 1319 1728 erat
1331 1697 1540 1738 tranquillitas,
1553 1698 1703 1737 gaudium,
1720 1707 1786 1738 pax.
1805 1708 1894 1730 man-

1064 1743 1314 1779 suetudo,sancta
1343 1742 1506 1779 humilitas,
1536 1748 1566 1773 et
1595 1743 1814 1784 longanimitas,
1838 1753 1893 1784 pa-

1065 1786 1183 1827 tientia},
1198 1787 1404 1828 bonorumque
1419 1797 1544 1828 operum
1554 1788 1710 1825 claritudo,
1722 1789 1888 1828 tolerantia,

1069 1835 1099 1862 et
1112 1833 1231 1872 penitus
1248 1832 1355 1863 invicta
1369 1832 1472 1873 virtus,
1488 1833 1567 1863 unde
1582 1833 1764 1873 quotidianae
1776 1837 1805 1863 et
1820 1842 1890 1864 sua-

1068 1876 1358 1917 vissimaelacrymaa.
1373 1877 1452 1908 unde
1478 1877 1633 1908 exsultatio
1660 1877 1690 1908 in
1715 1877 1806 1908 corde
1823 1887 1891 1909 meo

1066 1921 1145 1952 velut
1158 1922 1224 1952 fons
1239 1921 1428 1960 scaturiebat,
1456 1922 1624 1962 ﬂuebatque
1644 1922 1768 1962 jugiter,
1786 1928 1815 1952 et
1828 1928 1891 1954 erat

1063 1966 1206 1997 ﬂuentum
1213 1966 1366 2006 melleum,
1380 1970 1407 1996 et
1418 1970 1505 2006 potus
1518 1966 1624 1996 laetitiae
1635 1967 1755 1997 assiduo
1767 1976 1890 1998 versans

1061 2009 1092 2041 in
1105 2020 1156 2041 ore
1168 2011 1276 2042 mentis
1292 2020 1367 2041 mea
1379 2021 1387 2049 ;
1399 2011 1478 2042 unde
1489 2011 1587 2041 omnis
1601 2011 1723 2051 sanitas,
1735 2011 1815 2043 unde
1829 2022 1886 2052 pu-

1062 2056 1144 2093 ritas,
1161 2056 1242 2086 unde
1259 2055 1403 2086 malorum
1418 2055 1607 2086 atlcctionum
1623 2056 1747 2094 sedatio,
1766 2060 1794 2087 et
1808 2057 1887 2095 cogi-

1061 2102 1204 2131 tationum
1215 2100 1346 2131 inanium
1365 2100 1505 2140 abjectio,
1518 2100 1597 2131 unde
1607 2101 1681 2131 mihi
1705 2101 1814 2129 ἀπάθεια
1831 2111 1884 2132 co-

1059 2145 1372 2185 ruscaquodammodo
1384 2145 1495 2185 aderat,
1509 2148 1662 2176 etmecum
1671 2146 1886 2177 consuescebat

197 2191 237 2221 mi
267 2181 394 2231 creator,
426 2190 525 2231 priver
553 2193 591 2226 te,
622 2181 660 2220 ne
689 2195 717 2221 te
748 2190 857 2231 priver,
900 2181 1265 2229 miseri-'Ctspiritualiter
1283 2189 1426 2228 intellige,
1443 2181 1494 2229 qui
1510 2189 1707 2228 haeclegendo
1721 2191 1882 2230 percurris,

196 2245 273 2273 cors,
291 2245 344 2276 ego
361 2235 493 2272 humilis,
521 2239 550 2265 et
573 2235 761 2275 peregrinus.
791 2235 909 2267 Etenim
929 2244 1017 2275 pere—

195 2281 310 2321 grinus,
341 2285 369 2312 et
393 2280 557 2321 inquilinus
593 2280 654 2316 hic,
686 2285 717 2310 ut
745 2280 799 2310 tibi
828 2280 1016 2320 complacuit,

195 2335 255 2356 non
270 2325 429 2362 voluntate,
448 2334 507 2355 non
523 2329 628 2365 sponte
644 2334 710 2356 mea
735 2324 828 2356 factus
844 2335 910 2355 sum
928 2336 936 2355 :
966 2325 1018 2356 sed

193 2370 287 2410 gratia
303 2375 353 2400 tua
377 2369 523 2410 meipsum
553 2370 631 2400 inter
660 2369 722 2400 haec
751 2369 880 2400 visibilia
895 2370 1018 2409 cognovi

193 2415 352 2455 hospitem,
369 2414 607 2446 intellectualiter
634 2414 801 2445 illustratus
824 2419 874 2445 tuo
890 2415 1014 2452 lumine,

193 2464 423 2500 perspectoque,
440 2463 468 2490 te
485 2459 521 2490 ad
548 2459 693 2490 mundum
721 2459 961 2498 immaterialem,
988 2464 1018 2491 et

191 2504 447 2544 inaspectabilem,
464 2504 635 2544 transferre,
654 2509 682 2535 et
697 2504 768 2535 ineo
776 2505 1016 2536 facerehabitare

190 2557 284 2588 genus
316 2548 489 2589 humanum,
519 2549 720 2580 describendo
747 2558 780 2580 ac
807 2549 1014 2580 distribuendo

191 2603 244 2634 pro
273 2593 390 2625 meritis
419 2593 525 2633 cuique
554 2593 769 2625 habitationem
796 2603 892 2634 suam,
910 2603 962 2634 pro
979 2603 1013 2625 eo

190 2638 346 2670 scilicetac
357 2638 634 2678 servavitmandata
649 2643 711 2670 tua.
729 2638 889 2678 Propterea
909 2648 1016 2679 precor

189 2687 220 2714 ut
233 2693 282 2714 me
310 2687 409 2714 tecum
435 2683 575 2722 colloces,
607 2683 724 2715 tametsi
753 2684 871 2724 peccavi
888 2684 1011 2714 multum

187 2736 277 2769 supra
293 2737 399 2759 omnes
415 2727 566 2766 mortales,
584 2737 729 2769 ptenaque
745 2728 894 2760 etultione
906 2728 1013 2768 dignus

228 2812 260 2838 49
275 2811 352 2845 Psal.
369 2821 429 2852 Liv,
446 2813 476 2845 8.

1061 2244 1098 2265 ne
1110 2235 1236 2275 turpiter
1246 2234 1423 2274 inquineris)
1435 2235 1612 2265 immensam
1620 2234 1800 2274 voluptatem
1807 2244 1883 2266 con-

1061 2279 1219 2319 mistionis,
1233 2279 1440 2319 inﬁnitumque
1457 2279 1627 2318 nuptiarum
1643 2279 1749 2309 divinae
1761 2280 1883 2319 conjun-

1060 2324 1167 2355 ctionis
1183 2325 1256 2354 mihi
1269 2324 1453 2355 desiderium
1469 2324 1602 2354 inferens
1619 2334 1627 2364 ;
1653 2333 1688 2354 ex
1714 2334 1772 2364 qua
1786 2329 1814 2355 et
1828 2334 1881 2365 ego

1060 2373 1198 2410 mutatus,
1211 2369 1323 2400 solutus
1334 2378 1399 2400 sum
1416 2369 1702 2409 perturbationibus,
1715 2370 1880 2400 inﬂamma-

1058 2420 1104 2446 tus
1127 2414 1290 2453 voluptate,
1304 2413 1482 2445 etincensus
1497 2414 1562 2454 ejus
1572 2414 1734 2452 desiderio,
1748 2419 1777 2445 et
1786 2416 1876 2455 parti—

1057 2469 1127 2500 ceps
1143 2459 1276 2496 luminis,
1295 2459 1355 2490 imo
1371 2464 1401 2489 et
1415 2459 1517 2490 lumen
1535 2459 1626 2499 evasi,
1642 2459 1724 2489 omni
1744 2460 1879 2500 passione

1057 2504 1204 2545 superior,
1221 2503 1257 2534 ab
1268 2504 1350 2534 omni
1366 2503 1496 2544 nequitia
1510 2507 1652 2534 remotus.
1665 2505 1730 2535 Non
1744 2504 1822 2535 enim
1834 2510 1876 2535 at-

1057 2549 1143 2588 tingit
1156 2549 1258 2580 lumen
1274 2548 1399 2589 apathiae
1411 2549 1519 2589 passio,
1537 2552 1568 2579 ut
1583 2557 1638 2579 nec
1654 2549 1746 2579 solem
1761 2549 1875 2590 umbra,

1055 2599 1106 2625 aut
1126 2598 1279 2625 nocturnze
1303 2594 1443 2625 tenebrae.
1461 2593 1542 2624 Talis
1563 2603 1651 2634 porro
1678 2603 1745 2624 cum
1769 2603 1874 2633 essem,

1056 2639 1129 2669 mihi
1144 2639 1239 2669 ﬁdens
1255 2639 1373 2670 inﬂatus
1390 2639 1616 2679 suntsuperbia,
1629 2648 1789 2680 rerumque
1805 2648 1874 2670 sen-

1054 2683 1185 2714 sibilium
1201 2683 1412 2721 sollicitudine,
1432 2688 1461 2714 et
1473 2683 1553 2714 curis
1568 2684 1633 2714 vitae
1644 2683 1813 2714 subtractus
1821 2685 1873 2716 de-

1055 2728 1114 2759 cidi
1130 2728 1240 2765 inie‘ix,
1257 2727 1509 2768 refrigeratusque
1524 2727 1676 2767 nigrorem
1694 2727 1766 2759 ferri
1780 2728 1872 2771 indui,
