1982 3075
43 146 109 177 585

632 149 696 181 DIV
702 145 850 181 INORUM
871 147 1035 191 AMORUM
1057 148 1185 180 LIBER.

1681 150 1744 198 res

42 218 72 243 et
89 213 144 243 diu
155 214 270 253 jacens,
288 214 410 254 insuper
421 223 569 245 venenum
578 214 700 254 arripui.
714 214 829 245 ldoirco
838 213 874 262 ad
885 219 905 243 Α
916 212 1007 262 corde
1023 222 1090 262 meo
1104 213 1203 254 ignem
1219 214 1375 262 charitatis
1385 224 1458 262 erga
1473 219 1503 262 te
1516 217 1652 262 accendit
1669 229 1677 256 ;
1693 219 1744 262 qui

43 263 72 288 te
90 257 200 295 clamo,
219 269 235 288 0
252 258 392 298 benigne,
419 263 447 290 et
471 259 570 290 denuo
597 259 714 299 purgari
723 259 760 290 ad
773 258 875 300 pristi-

44 312 178 343 namque
206 303 456 343 pulchritudinem
485 304 613 341 sustolli,
640 308 748 345 tuoque
764 303 876 335 lumine

42 347 103 377 frui
120 347 258 385 obsecro,
274 357 353 379 nunc
365 353 393 379 et
406 357 536 389 semper,
556 353 584 380 et
595 349 624 379 in
640 349 772 380 omnium
785 348 878 389 spatia

43 392 237 424 saeculorum.
256 396 363 424 .\men.

329 437 449 470 CAPUT
472 438 600 470 XXXIV.

45 490 90 520 De
107 490 298 531 inlelligibili
312 492 458 532 paradiso
476 492 637 532 splendida
652 494 875 528 commentatio,

241 535 271 562 et
285 533 319 562 de
335 532 416 572 ligno
433 535 503 564 vita:
518 533 552 564 in
565 533 683 564 eodem.

88 584 271 616 Benedictus
296 595 338 622 es,
367 586 502 621 Domine,
533 585 708 616 benedictus
724 594 757 616 es
785 585 875 623 solus,

46 628 229 659 benedictus
236 638 269 660 es
280 629 461 666 misericors,
472 635 502 661 et
523 631 677 671 plusquam
690 629 875 666 benedictus,

46 672 97 712 qui
113 672 224 704 dedisti
240 674 269 704 in
285 683 337 704 cor
357 683 455 705 meum
474 674 570 705 lucem
588 675 792 705 mandatorum
808 678 876 705 tuo-

46 726 125 752 rum.
146 717 342 759 plantastique
358 719 387 749 in
406 728 452 749 me
466 719 578 759 lignum
590 719 667 759 vitae,
680 724 708 750 et
721 719 816 750 fecisti
830 728 877 749 me

48 762 221 801 paradisum
232 763 321 794 alium
333 763 412 794 inter
424 763 627 802 aspectabilia,
639 764 668 794 in
685 763 877 795 sensibilibus

48 806 172 846 quidem
188 807 432 846 intellectualem,
458 808 487 838 in
514 808 764 840 intellectualibus
778 812 876 838 autem

48 850 236 888 sensibilem,
255 857 284 882 et
308 852 399 883 alium
425 853 573 893 spiritum,
604 862 711 893 nempe
733 852 876 892 Spiritum

49 899 132 926 tuum
149 901 284 927 sanctum
307 898 412 928 anima:
441 906 515 928 meae
542 897 733 938 conjunxisti,
750 906 907 937 eumqueB

49 940 79 970 in
90 940 258 971 visceribus
269 941 344 972 meis
355 941 491 973 habitare
512 942 620 974 fecisti.
635 942 724 973 Plane
735 942 791 972 hoc
806 942 876 972 uni-

49 994 116 1015 cum
134 989 179 1015 est
193 986 257 1016 vita;
274 985 396 1024 lignum.
413 986 487 1026 Hoc,
506 987 536 1017 in
561 996 619 1027 qua
635 992 715 1018 terra
730 986 876 1017 consitum

49 1029 151 1066 fuerit,
168 1030 198 1060 in
214 1030 312 1060 anima
341 1039 447 1071 nempe
477 1031 616 1069 hominis,
648 1035 676 1062 et
703 1030 773 1061 siin
789 1030 879 1061 corde

50 1074 168 1104 radices
181 1074 286 1114 egerit,
298 1075 466 1114 paradisum
479 1075 588 1112 reddit,
604 1080 633 1106 et
647 1075 677 1106 id
693 1084 761 1106 mox
776 1075 879 1115 splen—

51 1118 207 1149 didissinie
223 1119 366 1159 speciosis
381 1119 533 1160 stirpibus.
544 1120 714 1157 arboribus,
735 1123 764 1150 et
778 1119 878 1151 diver—

51 1163 90 1193 sis
108 1163 265 1200 fruclibus,
284 1163 432 1204 variisque
451 1164 586 1203 ﬂoribus,
605 1169 634 1195 et
650 1168 800 1203 unguenta
814 1163 877 1204 spi-

52 1207 186 1238 rantibus
202 1208 271 1238 liliis
287 1212 422 1246 exornat,
440 1218 505 1249 quae
531 1214 601 1240 sunt
629 1208 793 1246 humilitas,
810 1218 877 1249 pax,

51 1252 204 1290 gaudium,
217 1253 424 1291 mansuetudo,
433 1254 684 1289 condolescentia,
696 1253 803 1290 luctus,
822 1253 879 1283 im-

52 1295 120 1326 bres
136 1295 345 1336 lacrymarum,
373 1302 403 1328 et
417 1297 556 1328 inusitata
571 1298 601 1328 in
626 1298 684 1329 illis
706 1297 876 1334 delectatio,

53 1341 196 1380 splendor
206 1342 305 1381 gratiae
317 1346 373 1373 tua;
388 1342 516 1373 illucens
541 1342 678 1373 omnibus
694 1343 724 1373 in
740 1342 878 1383 paradiso

54 1386 251 1417 versantibus.
268 1387 311 1416 Tu
327 1396 358 1417 es
373 1391 471 1418 crater
490 1387 588 1418 vitalia
613 1388 723 1418 ﬂuenta
739 1391 787 1417 tua
805 1387 879 1417 mihi

53 1430 219 1467 eﬂ'undens,
232 1434 422 1462 etsermones
445 1431 549 1462 divinae
562 1431 748 1471 cogitationis
758 1431 880 1472 copiose

54 1474 236 1506 ministrans.
253 1474 336 1510 Quod
352 1476 377 1506 si
393 1480 424 1506 tu
453 1476 596 1514 nolueris,
621 1476 673 1507 sed
703 1480 806 1506 contra
821 1475 878 1506 ista

53 1519 210 1550 demolitus
220 1505 323 1558 fueris,
337 1505 675 1560 egoramensﬁ,
887 1505 906 1530 Ο

53 1563 136 1603 pidus
146 1573 226 1595 sum.
244 1563 282 1595 Ut
298 1564 367 1595 tuba
386 1565 451 1596 sine
466 1565 568 1596 inﬂatu
581 1575 730 1606 nunquam
746 1564 875 1602 sonabit,

52 1608 93 1638 sic
109 1612 138 1639 et
153 1617 210 1648 ego
226 1608 339 1649 absque
368 1613 400 1641 te
426 1609 506 1640 velut
533 1609 683 1641 inanimus
697 1619 761 1640 sum
781 1620 790 1646 ;
813 1609 878 1643 sine

51 1652 147 1684 anima
159 1661 230 1683 vero
250 1653 314 1684 ﬁeri
330 1663 390 1684 non
419 1658 527 1694 potest,
557 1658 590 1685 ut
618 1663 727 1694 corpus
741 1658 807 1694 agat
821 1653 876 1684 ali-

52 1697 130 1737 quid,
143 1702 172 1728 et
182 1699 282 1728 anima
295 1698 361 1729 sine
380 1698 486 1739 spiritu
504 1703 553 1730 tuo
569 1699 691 1736 moveri,
708 1702 737 1729 et
750 1698 874 1729 manda-

52 1741 88 1771 tis
101 1741 157 1772 luis
172 1741 309 1780 obedire,
325 1746 376 1774 aut
391 1747 419 1774 te
433 1743 546 1782 videre,
563 1747 614 1775 aut
631 1747 728 1774 astare
744 1742 808 1779 tibi,
826 1746 876 1773 aut

53 1790 167 1817 cantare
178 1786 381 1821 intelligenter
390 1787 516 1827 gloriam
526 1793 605 1818 tuam
612 1786 800 1828 nequit.ldeo
811 1786 873 1817 cla-

53 1839 108 1868 mo,
125 1830 192 1864 ideo
208 1831 357 1862 vociferor
379 1832 416 1863 ad
433 1838 473 1870 te,
491 1833 541 1873 qui
556 1841 674 1863 sursum
691 1840 757 1862 cum
772 1830 872 1866 Patre,

53 1878 80 1904 et
93 1874 167 1905 infra
179 1875 335 1906 nobiscum
350 1885 401 1916 es;
429 1886 488 1907 non
504 1881 534 1908 ut
549 1877 667 1917 quidam
685 1875 872 1907 ratiocinan-

918 256 968 288 ubi
993 257 1023 288 in
1053 258 1201 289 ﬂammam
1241 258 1334 290 divini
1359 256 1503 291 desiderii
1530 256 1638 303 erupit,
1681 256 1743 294 cla-

917 302 980 333 rius
995 302 1066 333 mihi
1082 303 1205 342 gloriam
1234 307 1313 334 tuam
1329 303 1513 336 demonstrat
1532 315 1540 344 ;
1566 302 1652 347 quam
1675 306 1743 338 ado-

917 356 998 385 rans,
1016 356 1069 378 oro
1084 351 1126 386 te,
1153 347 1208 378 Fili
1223 347 1287 385 Dei,
1303 348 1349 379 fac
1375 353 1406 380 ut
1431 358 1496 381 eam
1512 359 1589 382 nunc
1606 356 1635 383 et
1648 352 1679 383 in
1694 352 1741 384 fu-

919 395 985 438 turo
1002 391 1112 422 saeculo
1129 391 1202 422 citra
1216 391 1451 424 vicissitudinem
1467 393 1628 435 obtineam,
1646 399 1676 427 et
1688 406 1744 438 per

918 435 1014 475 ipsam
1029 440 1057 466 te
1073 437 1165 467 Deum
1184 445 1237 477 per
1260 440 1370 468 aeterna
1395 441 1529 478 tempora
1554 435 1746 474 videamfNe

919 479 972 511 des
987 480 1072 510 mihi.
1091 480 1227 518 Domine,
1243 490 1347 512 vanam
1365 483 1469 513 mundi
1492 483 1627 523 gloriam,
1645 495 1682 517 ne
1696 486 1744 518 di-

919 524 1004 556 vitias
1019 529 1190 566 pereuntes,
1216 535 1252 556 ne
1279 526 1389 557 talenta
1403 526 1477 565 auri,
1496 537 1534 559 ne
1548 529 1677 568 sublime
1691 540 1744 562 so-

920 569 1004 608 lium,
1023 579 1059 600 ne
1075 570 1104 600 in
1122 569 1178 601 ista
1191 570 1307 610 fugacia
1322 571 1520 611 principatum
1540 584 1547 602 :
1568 573 1744 613 humilibus,

920 614 1101 662 pauperibus
1116 624 1150 662 ac
1160 615 1288 662 mitibus
1301 625 1348 662 m_e
1363 617 1499 662 associa:
1518 621 1619 662 utrego
1629 629 1746 662 quoque

919 659 1040 690 humilis
1056 663 1086 690 et
1104 659 1183 690 mitis
1212 659 1292 690 fiam.
1324 659 1385 690 Etsi
1416 660 1614 693 ministerium
1640 659 1745 696 meum

920 712 978 733 non
1006 703 1127 744 utiliter,
1153 707 1241 744 atque
1270 703 1307 734 ad
1337 703 1558 745 beneplacitum
1587 712 1615 738 et
1631 709 1744 740 cultum

919 751 1001 778 tuum
1018 747 1105 784 obeo,
1123 748 1236 788 placeat
1260 748 1314 779 tibi
1340 753 1371 780 ut
1384 759 1419 780 eo
1433 749 1598 793 abdicatus,
1615 757 1745 784 tantum-

919 793 1005 838 modo
1022 796 1140 838 peccata
1156 793 1374 838 meadeﬂeam,
1391 795 1490 835 deque
1502 795 1743 838 solojustojudi-

918 836 964 867 cio
978 841 1026 867 tuo
1047 836 1102 867 sim
1134 837 1291 878 sollicitus,
1320 843 1348 870 et
1377 840 1528 879 quomodo
1543 836 1741 882 respondeam

918 881 982 918 tibi,
1001 882 1050 922 qui
1067 882 1216 914 multoties
1231 882 1304 914 iram
1323 888 1401 915 tuam
1418 887 1583 926 provocavi.

959 926 983 957 Ο
999 926 1113 963 l’astor,
1131 936 1218 967 quem
1235 928 1333 959 aliena
1362 929 1438 960 mala
1453 936 1652 970 commovent,
1668 932 1746 965 bone

919 974 1115 1017 etmansuete
1140 972 1254 1017 Pastor,
1282 972 1332 1014 qui
1356 982 1459 1005 omnes
1488 975 1518 1006 in
1545 980 1573 1007 te
1587 977 1746 1017 credentes

919 1014 1027 1061 salvari
1042 1016 1150 1061 cupis,
1168 1016 1326 1061 miserere,
1357 1022 1386 1048 et
1415 1017 1490 1050 hanc
1512 1029 1631 1061 precem
1649 1014 1745 1061 meam

921 1059 1026 1090 exaudi
1044 1069 1052 1097 ;
1080 1068 1119 1090 ne
1142 1059 1291 1098 irascaris,
1313 1070 1371 1092 neu
1386 1061 1493 1093 faciem
1510 1059 1588 1095 tuam
1601 1059 1746 1098 avertasa

921 1113 980 1142 me,
998 1104 1049 1134 sed
1065 1103 1141 1134 doce
1156 1113 1204 1135 me
1220 1103 1347 1146 implere
1372 1106 1553 1139 voluntatem
1570 1113 1661 1142 tuam.
1678 1113 1745 1144 Non

921 1149 1003 1194 enim
1010 1148 1115 1179 studeo
1126 1149 1197 1194 fieri
1211 1150 1391 1182 voluntatem
1410 1161 1518 1191 meam,
1535 1154 1589 1186 sed
1605 1159 1696 1194 tuam,
1715 1161 1746 1188 ut

920 1192 1067 1240 tecolam.
1088 1193 1205 1240 adjuroi
1216 1198 1244 1225 te
1260 1194 1402 1240 miserere
1419 1197 1490 1234 mei,
1516 1198 1566 1240 qui
1593 1209 1625 1230 es
1640 1192 1746 1233 natura

921 1237 1141 1275 misericors-50,
1154 1242 1182 1269 et
1192 1239 1237 1270 fac
1250 1239 1320 1279 quid
1331 1240 1446 1271 miserae
1466 1237 1572 1274 animae
1589 1253 1662 1276 meae
1677 1254 1747 1276 con-

921 1281 1033 1330 ducat;
1063 1283 1203 1330 quoniam
1227 1284 1309 1315 Deus
1323 1283 1470 1325 benignus
1495 1291 1524 1318 et
1538 1287 1685 1321 humanus
1715 1294 1744 1330 tu

921 1326 1003 1356 solus
1019 1335 1051 1357 es
1064 1327 1396 1376 increatus,__nunquam
1424 1330 1586 1373 desiturus,
1603 1326 1742 1376 omnipo-

921 1375 999 1404 tenc.
1010 1372 1143 1402 omnium
1159 1376 1186 1403 te
1196 1372 1394 1412 diligentium,
1410 1379 1440 1406 et
1451 1376 1504 1407 abs
1515 1381 1543 1408 te
1550 1372 1745 1412 vehementer

921 1414 1097 1446 dilectarum
1113 1416 1169 1447 vita
1182 1421 1211 1447 et
1234 1416 1347 1449 lumen.
1364 1417 1476 1454 Quibus
1493 1422 1605 1454 utinam
1625 1433 1672 1455 me
1687 1434 1743 1456 an-

921 1468 1063 1505 numeres
1074 1464 1105 1491 et
1113 1460 1219 1491 divinae
1230 1461 1331 1501 gloriae
1351 1466 1407 1493 tua:
1425 1465 1550 1505 socium,
1563 1471 1594 1498 et
1608 1461 1743 1501 conare-

920 1503 986 1534 dem
1003 1508 1124 1545 praestes
1138 1505 1145 1535 !
1163 1505 1206 1536 Te
1222 1506 1301 1537 enim
1318 1507 1404 1538 decet
1418 1508 1523 1548 gloria,
1540 1503 1658 1544 Patrem
1675 1523 1742 1546 cum

919 1548 1005 1586 Filio,
1021 1549 1112 1580 simul
1139 1554 1259 1582 carente
1287 1551 1447 1593 principio,
1477 1559 1506 1585 et
1520 1563 1741 1590 sacrosanctum

919 1592 1061 1634 Spiritum
1077 1596 1107 1625 in
1123 1594 1230 1626 saeula
1244 1597 1432 1630 saeculorum.
1447 1599 1554 1631 Amen.
1602 1600 1605 1603 ”
1628 1594 1631 1596 ’

1197 1642 1321 1674 CAPUT
1342 1643 1456 1678 XXXV.

919 1686 1035 1732 Cuitioct
1057 1687 1164 1732 homini
1180 1693 1299 1732 propter
1320 1690 1431 1721 divinas
1445 1693 1527 1732 Διιξςιεε
1553 1696 1689 1732 Μίαν-δοιά
1714 1701 1741 1728 et

952 1724 1142 1768 contumeliose
1176 1724 1306 1768 tractato,
1343 1735 1404 1755 eam
1427 1724 1536 1768 -ἰμῖιηιί
1555 1724 1740 1768 ἐίὴόἡήῗίαῆ

953 1758 1052 1800 honori
1077 1763 1103 1788 et
1131 1758 1381 1800 ornamentogme.
1422 1758 1492 1794 [tim
1518 1758 1740 1799 madidi

952 1798 1185 1859 ἓέἓῖἒὲἕλῶῗαω,
1208 1805 1263 1833 qua
1289 1798 1463 1830 inexhausta
1488 1802 1611 1839 Spiritus
1637 1798 1742 1835 divitis!

951 1837 1139 1867 explicantur.

955 1872 998 1903 Da
1010 1873 1084 1922 mihi
1100 1883 1232 1922 sensum,
1246 1874 1374 1922 Christe,
1390 1883 1582 1920 quemsemel
1594 1883 1712 1916 donasti
1729 1897 1738 1922 ;

53 1923 108 1956 tur,
124 1919 298 1968 operatione
313 1919 395 1968 sola;
414 1930 481 1959 nec,
492 1925 525 1953 ut
540 1920 623 1952 multi
637 1923 750 1968 putant,
767 1919 873 1949 volun-
915 1926 951 1948 eo
965 1927 1013 1948 me
1032 1921 1107 1968 tege,
1121 1917 1264 1968 Salvalor,
1288 1917 1408 1955 etined
1416 1927 1508 1956 totum
1519 1935 1566 1958 me
1577 1917 1737 1968 absconde,

53 1965 108 2011 tate
121 1963 194 1999 sola,
210 1972 267 1994 nec
283 1964 344 1994 sola
372 1965 504 2004 potentia
529 1969 588 2003 tua,
605 1964 657 1996 sed
673 1964 762 1995 etiam
776 1972 875 1994 essen-
915 1966 945 1993 et
959 1971 998 2011 ne
1013 1962 1103 2011 sinas
1122 1964 1361 2005 appropinquare
1388 1968 1462 2000 mihi
1487 1979 1608 2002 sensum
1623 1962 1737 2011 mundi,

52 2006 108 2037 tia:
125 2007 273 2047 siquidem
289 2008 346 2040 hoc
368 2009 541 2040 vocabulum
556 2010 594 2041 de
609 2014 638 2041 te
653 2017 809 2049 usurpare,
825 2012 875 2039 aut
915 2015 953 2037 ne
967 2006 1080 2038 intrare
1095 2007 1127 2038 in
1142 2017 1202 2046 me,
1219 2013 1249 2039 et
1277 2011 1395 2050 penitus
1421 2022 1459 2044 ne
1473 2016 1554 2046 sinas
1567 2016 1676 2049 laedere
1690 2006 1739 2050 me

50 2050 212 2090 intelligere
228 2051 271 2082 fas
287 2057 342 2089 est,
360 2054 410 2094 qui
426 2055 506 2086 solus
520 2054 709 2092 immortalis,
727 2058 757 2084 et
772 2061 874 2098 super-
915 2050 1060 2098 humilem
1076 2060 1192 2083 servum
1209 2057 1304 2095 tuum,
1321 2057 1408 2096 cujus
1432 2061 1462 2089 tu
1481 2060 1566 2096 solus
1581 2071 1614 2098 es
1629 2063 1738 2095 miser-

52 2096 214 2127 essentialis
230 2106 272 2128 es.
290 2096 407 2128 Etenim
434 2099 459 2129 si
487 2108 590 2130 revera
604 2098 726 2130 omnino
740 2097 870 2128 ininter-
915 2094 1054 2127 tus.Nam
1068 2105 1134 2126 cum
1147 2105 1179 2127 se
1193 2107 1272 2129 curae
1281 2094 1315 2130 ac
1325 2094 1519 2135 sollicitudini
1541 2094 1737 2139 commenda-

52 2140 257 2192 pretabilises,
274 2140 361 2182 quem
379 2146 407 2173 te
422 2143 636 2192 appellabimus
648 2144 662 2173 ?
677 2141 825 2192 quomodo
842 2145 870 2172 te
913 2139 965 2170 bili
981 2141 1148 2192 mundanus
1173 2151 1279 2192 sensus
1302 2151 1425 2192 repente
1451 2148 1621 2192 ingesserit,
1638 2152 1735 2185 statim

51 2183 278 2233 vel_essentiam,
296 2190 324 2217 et
339 2196 426 2227 quam
452 2188 573 2219 tandem
589 2193 618 2219 et
632 2188 750 2229 qualem
766 2185 868 2217 dicere
878 2204 900 2229 Ι)
911 2193 999 2233 prava
1013 2184 1164 2233 d_eSid9_l'ia
1175 2185 1206 2233 ίῐξ
1236 2183 1346 2233 miseri
1372 2191 1471 2228 anima
1484 2183 1550 2226 {nea
1564 2183 1735 2233 exsuscitat;

50 2228 248 2281 audebimus?
268 2230 403 2262 Profecto
432 2232 506 2281 nihil
523 2242 626 2264 eorum
642 2228 707 2274 qua:
722 2231 752 2281 in
766 2228 885 2280 rerum’
909 2228 1051 2281 Suggerit
1073 2230 1154 2261 enim
1176 2231 1311 2270 gloriam,
1341 2235 1481 2281 admonet
1503 2239 1681 2281 divitiarum,

50 2276 149 2304 natura
164 2274 330 2323 subsistunt
345 2280 376 2307 tu
392 2285 435 2314 es,
460 2276 540 2308 Deus
566 2287 670 2318 meus;
701 2276 752 2307 sed
768 2275 868 2323 omnia
908 2274 1216 2323 ambiendamregum
1232 2280 1479 2323 consuetudinem
1494 2283 1607 2323 incitat,
1624 2289 1653 2317 et
1672 2274 1735 2323 'boc

45 2325 134 2355 ,opera
149 2323 199 2350 tua
211 2328 248 2350 ex
262 2319 357 2370 nihilo
381 2321 532 2370 produc-ta.
548 2325 616 2370 sui!
636 2333 645 2370 Ξ
669 2321 756 2370 solus
771 2324 801 2350 tu
816 2319 866 2370 i‘n-
908 2317 938 2348 in
954 2327 1060 2370 magna
1071 2318 1215 2370 felicitate
1233 2321 1326 2370 ‘ducit.
1355 2323 1396 2356 Ex
1421 2317 1629 2367 hujuscemodi
1646 2317 1736 2370 igitur

49 2366 160 2393 creatus
185 2373 229 2402 es,
259 2368 289 2395 et
314 2364 378 2396 sine
407 2365 564 2408 principio,
593 2366 724 2397 Trinitas
752 2367 864 2412 sancta,
907 2362 1146 2412 cogitationibus,
1164 2363 1241 2395 sicut
1267 2376 1283 2404 a
1309 2372 1396 2400 vento
1424 2362 1687 2412 utérinluinescit,
1704 2383 1737 2410 et

50 2410 78 2434 et
88 2408 266 2452 veneranda,
296 2409 374 2440 Deus
402 2406 622 2442 universorum.
653 2410 688 2441 Et
710 2409 866 2440 ostendisti
906 2406 985 2447 ignis
999 2406 1033 2452 in,
1045 2407 1192 2439 ﬂammam
1220 2411 1412 2445 accenditur:
1443 2415 1488 2446 sic
1520 2406 1735 2452 auimainﬂatd

50 2449 131 2501 nobis
146 2453 251 2501 lumen
261 2453 365 2493 gloria
381 2458 437 2486 tuae
450 2455 702 2491 incontaminatis,
719 2454 862 2501 idipsum
907 2451 1060 2501 turgescit,
1075 2455 1104 2482 et
1119 2452 1279 2501 cupiditate
1295 2457 1407 2496 gloria.
1435 2469 1524 2501 opum
1539 2471 1573 2493 se
1592 2449 1732 2497 inertilini

50 2496 165 2544 glutino
180 2497 253 2529 mihi
268 2498 334 2529 sine
359 2499 512 2544 intervallo
537 2500 647 2541 praebe.
664 2499 706 2530 Da
721 2497 795 2529 mihi
811 2507 865 2538 per
906 2495 1059 2544 feriarum,
1087 2497 1194 2544 quibus
1220 2495 1361 2533 deorsum
1388 2495 1522 2544 trahitur,
1540 2495 1731 2544 vehementer

132 2546 273 2594 per‘peluo
290 2552 344 2574 ceu
363 2543 392 2574 in
408 2545 529 2594 speculo
537 2536 668 2594 intueri,
682 2536 865 2594 _et.con_te_m-
907 2536 1103 2594 distenditur:
1116 2541 1147 2572 In
1163 2543 1256 2593 gloria
1279 2550 1308 2576 et
1323 2536 1531 2594 admiratione

52 2580 119 2633 piari
131 2589 158 2614 te
177 2580 322 2633 verbum,
353 2592 383 2618 et
409 2580 586 2620 immensam
612 2580 864 2633 pulchritudinem
908 2593 974 2616 esse
987 2585 1125 2633 cumbis,
1137 2580 1188 2627 qui
1201 2588 1301 2622 vivunt
1321 2591 1351 2622 in
1364 2580 1483 2633 gloria,

53 2627 124 2657 tuam
136 2630 290 2674 manifeste
298 2632 562 2674 perspicereatque
579 2627 747 2673 intelligere
762 2642 770 2669 ;
786 2631 864 2672 quod
907 2639 973 2674 cum
986 2629 1170 2662 illustribus:
1194 2634 1348 2673 possidere
1365 2627 1484 2671 divitias
1495 2649 1561 2672 cum
1578 2627 1729 2674 divitibus.

127 2672 163 2704 sit
172 2675 354 2726 omnimodis
367 2672 632 2726 non‘intell‘igibile,
645 2672 734 2718 supra
744 2676 865 2725 modum

948 2674 1363 2726 iamingloriﬁcastilumine
1388 2691 1445 2726 pro
1470 2672 1729 2726 ineﬂ'abili,iquam

52 2712 248 2758 obstupefacit,
267 2724 296 2751 et
324 2722 459 2761 percellit
486 2712 746 2760 mebtem'me'am,
777 2724 806 2751 et
835 2719 866 2750 in
908 2721 937 2748 tu
954 2712 1161 2759 vestitigloria
1177 2712 1451 2766 tuainexplicabtli,

87 2787 116 2812 ω
129 2788 204 2823 Psal.
222 2802 330 2834 Lxxxv,
348 2797 397 2828 45.

201 2877 333 2912 Panos.
347 2879 401 2913 Gn.
416 2881 502 2914 cxx.
1495 2892 1532 2924 19
