1982 3075
238 162 296 196 58‘?

897 167 1089 200 SYMEONIS
1108 169 1287 201 JUNIORIS

1872 164 1935 197 588

237 233 318 273 plum
333 233 487 270 claritatis,
517 238 545 264 et
574 234 698 273 fulgoris
729 234 770 264 tui
801 234 971 270 exhibuisti,
997 235 1174 274 ejuSAtunc
1191 237 1348 271 honorem,
1376 242 1405 268 et
1434 237 1569 268 stabilem
1600 237 1723 276 gloriam
1750 235 1855 275 adepta
1874 243 1932 264 es:

237 281 365 307 mentem
382 286 487 308 sensus
503 278 672 308 mundanus
698 288 750 317 pro
766 279 881 319 captiva
901 289 1060 319 occupans,

237 321 366 352 ostendit
391 321 431 352 illi
454 331 551 362 reges,
583 323 722 362 prtponit
752 323 892 360 honores,
911 324 1063 364 praesentis

236 367 299 396 vitae
307 375 378 406 opes
389 367 558 405 suggerit,nt
566 367 603 397 ad
618 369 671 397 ista
679 367 886 407 cegitationem
895 368 1060 408 detorquet.

276 410 299 442 Ο
311 411 478 450 caliginem,
501 422 518 442 ο
531 415 704 451 caecitatem,
715 412 845 443 oinanes
857 412 1060 452 cogitationes.

237 465 253 486 ο
268 464 388 494 scopum
401 456 566 493 smdidum,
578 466 594 486 ο
611 460 741 487 utentem
754 456 890 487 stolidam
905 457 1061 497 ;quoniam

238 501 350 532 relictis
366 501 577 541 ineﬂ'abilibus,
591 502 861 539 etimmortalibus,
878 507 995 534 terrena
1010 513 1061 534 co-

236 545 295 585 gito
305 545 418 585 elapud
439 546 570 576 animum
593 547 687 577 volvo.
710 547 814 578 Nonne
834 556 885 577 rex
901 548 1063 578 morietur?

238 600 337 621 nonne
347 591 438 630 gloria
450 595 606 622 evanescet
617 592 632 621 ‘?
652 601 751 622 nonne
763 591 880 630 divitiae,
899 597 929 622 ut
942 592 1034 632 pulvis
1047 602 1064 622 a

237 638 324 666 vento
331 635 556 675 dispergentur?
567 645 666 666 nonne
675 640 844 676 putrescent
851 645 975 677 corpora
982 637 1010 667 in
1018 647 1063 668 se-

239 680 352 720 pulcris
362 681 375 710 ?
385 684 414 711 et
424 681 550 711 fortuna;
559 680 624 711 ista;
632 681 753 711 caducm
764 679 837 711 alios
854 681 1004 712 habebunt
1013 682 1063 711 do-

240 725 347 761 minos,
365 724 475 755 deinde
489 724 575 761 alios,
592 729 621 755 et
637 729 699 764 post
716 725 773 756 hoc
787 734 905 755 rursum
917 725 991 756 alios
1003 728 1017 756 ?
1030 725 1064 756 Et

239 769 404 809 cujusnam,
414 768 552 806 dicmihi,
562 769 659 799 anima
668 779 743 809 mea,
752 768 904 800 facultates
913 770 975 800 ista:
985 774 1065 800 etco-

240 813 295 853 piaa
310 812 451 844 fuerunt?
467 812 539 849 Quis
555 817 653 844 autem
669 813 698 844 in
717 814 771 843 hac
787 814 844 843 vita
867 814 908 843 vel
925 814 1064 853 exiguum

1104 290 1171 311 nam
1188 281 1281 320 gloria
1299 282 1350 313 hei
1368 282 1489 312 omnino
1506 282 1541 311 ad
1559 285 1586 311 te
1601 279 1847 320 perveniat.T-im
1860 288 1935 318 quo-

1104 336 1161 365 que
1176 336 1278 357 omnes
1294 326 1388 365 angeli
1406 330 1433 357 te
1449 325 1658 356 collaudabunt
1672 324 1750 364 quod
1769 325 1934 355 honorave-

1105 372 1146 401 ris
1162 370 1264 406 Dv-um,
1283 381 1372 410 quem
1389 370 1444 410 ipsi
1461 369 1639 400 collaudant.
1658 369 1723 407 Vis,
1735 368 1833 399 anima
1850 377 1890 398 m-
1903 377 1932 403 τι,

1106 420 1213 450 vestes,
1230 420 1259 445 et
1272 425 1344 455 opes
1359 415 1512 455 possidere
1527 417 1540 444 ’ἰ
1554 414 1699 450 ausculta,
1714 415 1772 452 jam
1790 412 1843 443 tibi
1859 421 1935 452 opes

1104 465 1229 490 aeternas
1244 459 1463 491 demonstrabo.
1482 460 1543 498 Age
1569 458 1773 499 paenitentiam
1788 457 1817 487 in
1834 458 1932 496 lacry—

1106 505 1161 535 mis
1177 515 1184 545 ;
1202 505 1323 545 despice
1337 505 1437 535 omnia
1454 515 1461 538 ;
1477 508 1540 534 esto
1567 513 1677 543 pauper
1708 502 1812 542 spiritu
1829 512 1836 539 ;
1868 505 1934 531 esto

1104 550 1189 589 inops
1204 549 1335 589 pecuniae
1353 560 1359 589 ;
1379 553 1440 579 esto
1455 548 1565 578 mundo
1582 547 1737 587 peregrina
1751 557 1760 586 ;
1775 551 1838 576 esto
1855 545 1933 576 siui-

1105 595 1173 624 stris
1183 594 1382 624 voluntatibus
1396 593 1454 623 tuis
1467 592 1599 625 inimica.
1613 599 1640 623 et
1661 592 1691 622 in
1708 591 1800 621 selius
1814 590 1933 622 Domini

1106 641 1146 669 tui
1163 639 1312 670 voluntate
1329 638 1497 678 acquiesce,
1514 641 1542 667 et
1567 637 1631 676 ejus
1646 636 1776 675 vestigiis
1792 635 1935 665 insidere

1105 684 1252 714 contende
1270 693 1276 714 ε
1303 690 1364 713 :um
1384 682 1492 712 lentius
1512 682 1650 720 gradiens
1667 680 1728 717 ille,
1745 689 1761 710 a
1778 685 1804 711 te
1822 679 1934 709 misera

1107 728 1322 768 prehi'ndetur;
1335 736 1420 767 quem
1435 736 1501 756 cum
1516 725 1636 762 videris,
1650 725 1809 755 clamorem
1823 725 1934 763 ingen-

1108 779 1165 803 tcm
1182 773 1247 803 ede.
1266 774 1432 802 Conversus
1457 771 1532 810 ipse,
1561 770 1675 810 placido
1690 769 1770 799 vultu
1787 773 1814 799 te
1831 769 1932 798 intue-

1108 818 1196 853 hitur,
1210 827 1300 857 seque
1317 816 1467 856 paululum
1486 815 1536 845 tibi
1551 814 1757 855 aspiciendum
1775 813 1932 853 prmbebit,

239 862 382 898 quaestum
393 858 606 898 facerepotuit,
619 867 706 898 quem
721 857 808 888 etiam
824 858 1137 900 morienssecumnet
1163 863 1268 892 iturum
1299 861 1413 891 ablatus
1440 860 1476 890 ab
1506 859 1599 890 oculis
1629 859 1686 889 tuis
1712 864 1740 888 te
1764 858 1926 898 relinquet.

239 902 308 933 hinc
321 901 590 933 auferret?uu|lum
603 902 687 939 mihi,
701 901 813 932 nullum
828 902 913 942 plane
927 903 1064 933 nomina-

241 947 296 985 bis,
310 946 631 986 autostendes,praeter
640 946 862 984 misericordes,
871 947 920 987 qui
930 947 1067 978 omnibus

239 992 269 1022 in
284 1001 445 1032 pauperum
457 1000 561 1021 manus
589 989 766 1031 distributis,
794 991 868 1021 nihil
878 991 1068 1031 sibireliqur-

241 1040 321 1068 runt.
335 1035 380 1066 Illi
391 1044 518 1076 namque
535 1040 597 1066 tuto
619 1036 758 1072 retinent,
784 1045 848 1076 qua:
858 1036 1016 1074 dederunt,
1032 1046 1065 1067 ex

239 1091 296 1122 quo
309 1081 384 1112 eain
400 1091 505 1112 manus
517 1081 634 1112 Domini
651 1081 808 1112 dederunt.
828 1081 932 1113 Cmteri
948 1090 1065 1119 omnes,

239 1131 270 1157 ut
285 1125 425 1162 mendici,
444 1131 472 1157 et
487 1125 633 1157 mendicis
657 1125 839 1157 infeliciores
855 1129 936 1162 sunt,
953 1126 1004 1164 qui
1019 1126 1067 1156 di-

239 1171 321 1201 vitias
332 1180 399 1202 suas
408 1170 518 1201 habent
530 1171 595 1201 sine
615 1180 669 1201 usu
688 1171 845 1211 repositas,
859 1171 929 1201 nudi
942 1170 1022 1200 enim
1036 1175 1068 1201 ut

239 1216 345 1246 effossa
362 1220 441 1246 terra
457 1216 555 1246 denuo
572 1215 601 1245 in
627 1215 748 1250 fossam.
777 1215 818 1246 sic
833 1215 875 1245 illi
892 1215 920 1245 in
938 1215 1066 1245 tumulos

238 1260 443 1300 projiciuntur,
462 1265 490 1291 et
505 1260 534 1291 in
551 1261 607 1290 hoc
623 1262 730 1291 saecu‘o
744 1260 858 1296 miseri,
875 1264 904 1291 et
919 1260 950 1291 in
967 1261 1066 1291 futuro

239 1305 369 1345 hospites
384 1315 417 1335 ac
435 1305 596 1345 peregrini.
609 1304 684 1341 Quid
698 1305 799 1344 igitur,
826 1305 925 1336 anima
941 1315 1017 1340 mea,
1038 1305 1066 1335 in

238 1350 285 1380 his
301 1349 441 1389 eximium
459 1350 578 1380 intuens
594 1348 777 1380 delectaris?
800 1350 871 1389 quid
887 1350 995 1380 horum
1013 1360 1064 1380 ex-

239 1395 398 1434 petendum
410 1394 538 1424 censes?
553 1394 634 1427 Nihil
651 1394 767 1434 penitus
789 1394 965 1435 habesquod
973 1395 1064 1427 dicas,

240 1439 313 1470 nihil
329 1438 407 1479 quod
421 1439 617 1478 respondeas.

281 1485 330 1514 Vas
345 1483 394 1523 qui
411 1483 528 1513 divitias
543 1483 743 1515 cumularunt.
762 1485 812 1514 Va;
825 1484 875 1524 qui
890 1484 1014 1523 gloriam
1029 1484 1065 1515 ab

1107 905 1411 937 Tunclamentaberis
1424 904 1549 943 misella,
1580 908 1647 933 tunc
1669 903 1774 932 dolens
1786 902 1932 942 plorabis,

1109 957 1137 982 et
1151 950 1262 981 doloris
1277 949 1436 990 impatiens
1451 953 1575 979 mortem
1590 947 1752 984 invocabis,
1767 957 1823 976 non
1835 947 1935 978 ferens

1108 996 1160 1026 abs
1175 1001 1206 1027 te
1220 994 1351 1035 separari
1369 999 1427 1024 tam
1443 993 1560 1024 dulcem
1578 992 1750 1023 Dominum.
1767 992 1819 1022 Ast
1837 991 1936 1022 bonus

1109 1040 1252 1071 Dominus
1267 1049 1332 1070 cum
1350 1044 1376 1069 te
1392 1038 1509 1069 consilii
1524 1037 1656 1077 inopem,
1673 1037 1747 1068 etin
1763 1037 1845 1073 ﬂetu,
1864 1045 1935 1066 mce-

1109 1085 1247 1125 stitiaqne
1263 1083 1531 1115 constantissimam
1549 1081 1665 1116 viderit,
1686 1081 1793 1112 iterum
1810 1086 1935 1120 repente

1110 1130 1161 1160 tibi
1177 1129 1347 1170 apparebit;
1366 1129 1473 1158 iterum
1489 1132 1518 1157 te
1532 1127 1711 1157 illuminahit
1729 1136 1737 1161 ς
1754 1127 1861 1156 iterum
1883 1126 1935 1160 tibi

1109 1175 1297 1205 inexhaustas
1311 1173 1427 1203 divitias
1439 1171 1668 1206 demonstrabit,
1697 1171 1812 1211 paterni
1837 1171 1935 1200 vultus

1109 1220 1232 1258 gloriam
1249 1216 1540 1253 immarccscibilem,
1559 1220 1588 1245 et
1603 1215 1787 1246 cxhilarabit.
1804 1214 1933 1253 gaudio-

1109 1273 1167 1303 (με
1183 1268 1209 1292 te.
1225 1261 1360 1302 implebit
1376 1265 1408 1291 ut
1422 1260 1514 1300 prius,
1532 1265 1560 1290 et
1576 1260 1614 1289 ita
1630 1259 1728 1299 gaudii
1745 1259 1862 1299 plenam
1881 1267 1931 1290 re-

1110 1308 1233 1347 linquet.
1252 1305 1431 1338 Illundanum
1458 1314 1544 1344 porro
1573 1304 1711 1343 gaudium
1743 1314 1780 1342 qu
1794 1304 1820 1333 -d
1837 1303 1935 1333 verbis

1109 1357 1138 1383 et
1152 1351 1378 1391 cogitationibus
1401 1349 1598 1389 percipiehas,
1630 1348 1739 1378 sensim
1758 1353 1784 1378 te
1802 1347 1932 1384 deﬁciet,

1110 1402 1137 1428 et
1149 1397 1178 1427 in
1192 1396 1338 1428 tristitiam
1352 1394 1592 1425 commutabitur.
1616 1393 1665 1424 Sic
1678 1402 1791 1429 rursus,
1807 1397 1837 1423 ut
1852 1397 1932 1429 ante,

1112 1449 1291 1481 magnopere
1317 1438 1539 1475 lamentabei-is,
1569 1442 1599 1469 et
1625 1447 1691 1469 cum
1720 1436 1831 1477 gemitu
1848 1446 1934 1468 voces

1111 1487 1275 1522 effundens,
1295 1485 1376 1515 illum
1392 1483 1500 1514 laetitiae
1524 1492 1672 1523 promum,
1697 1482 1794 1522 gaudii
1812 1482 1932 1521 largite-

240 1527 410 1560 hominibus
425 1527 527 1558 volunt
553 1528 702 1568 accipere.
731 1526 780 1559 Vw
801 1528 852 1569 qui
880 1538 912 1559 se
928 1529 1064 1559 inserue-
1077 1541 1096 1566 (τ
1109 1540 1185 1567 rem,
1202 1530 1284 1561 illum
1301 1529 1330 1559 in
1346 1538 1404 1569 quo
1419 1537 1522 1558 revera
1537 1527 1659 1558 stabiles
1673 1535 1792 1567 semper
1810 1526 1932 1564 divitiae,

239 1576 308 1603 runt
323 1571 474 1608 divitibus,
503 1577 533 1603 et
548 1582 605 1602 non
624 1573 675 1603 Dei
691 1572 827 1612 gloriam,
844 1573 966 1613 ejusque
982 1573 1062 1604 divi-

240 1617 307 1654 tias,
322 1617 461 1648 et‘solum
479 1626 545 1647 cum
562 1617 625 1657 ipso
642 1626 719 1653 esse,
748 1617 917 1657 versarique
943 1617 1064 1649 deside-

240 1666 317 1693 rant.
335 1661 462 1693 Mundus
478 1661 556 1691 enim
584 1671 675 1692 vanus
703 1666 758 1702 est,
775 1668 804 1692 et
817 1671 881 1702 quae
896 1662 925 1692 in
955 1663 1065 1693 mundo

240 1711 320 1747 sunt,
336 1706 480 1737 vanitates
496 1710 577 1743 sunt,
597 1710 625 1737 et
647 1707 746 1737 omnia
762 1707 874 1738 uanitas
890 1717 896 1736 :
917 1708 996 1738 Deus
1010 1717 1065 1738 au-

242 1757 300 1782 tem
314 1751 395 1782 solus
407 1756 452 1781 est
463 1755 602 1789 aeternus,
613 1751 923 1792 immortalis.semper
932 1761 1066 1789 manens,

242 1801 270 1827 et
284 1805 349 1826 cum
364 1795 428 1835 ipso
454 1800 553 1830 erunt,
584 1795 634 1834 qui
664 1805 743 1826 nunc
770 1805 836 1826 eum
854 1800 999 1836 quaerunt,
1018 1800 1067 1836 qui

240 1840 335 1871 solum
352 1840 435 1870 illum
453 1849 512 1880 pra:
527 1840 670 1870 omnibus
686 1840 864 1871 dilexerunt.
883 1840 933 1872 Vae
950 1845 1018 1871 tunc
1034 1841 1068 1871 il-

240 1886 287 1922 lis,
305 1885 356 1925 qui
373 1885 460 1916 modo
477 1884 619 1914 mundum
646 1884 772 1924 diligunt
788 1895 796 1922 ;
825 1885 1066 1925 quandoquidem

243 1934 363 1969 propter
378 1929 474 1968 ipsum
491 1928 670 1960 addicentur
696 1929 850 1969 suppliciis
866 1930 1066 1969 sempiternis.

242 1974 292 2006 Vae
304 1974 473 2005 sitientibus
483 1973 606 2013 gloriam
625 1974 793 2010 hominum,
814 1974 881 2013 quia
896 1979 965 2004 tunc
977 1975 1069 2013 gloria

241 2019 291 2050 Dei
305 2018 508 2060 privabuntnr.
523 2017 582 2056 Vm,
609 2018 716 2054 anima,
742 2017 788 2048 his
803 2018 850 2057 qui
867 2028 1064 2058 congregave-

241 2070 311 2095 runt
326 2063 453 2100 divitias,
468 2062 607 2103 quoniam
627 2062 668 2093 ibi
695 2072 780 2103 aqum
794 2067 906 2102 guttam
926 2064 1067 2104 consequi

241 2108 393 2150 optabunt.
411 2106 460 2138 Vae
476 2107 584 2143 anima,
600 2107 758 2145 figentibus
773 2117 856 2147 spem
874 2107 903 2137 in
921 2108 1040 2139 homine
1058 2117 1066 2146 ;

242 2153 312 2194 quia
327 2153 377 2183 ille
395 2151 550 2189 morietur,
566 2158 595 2181 et
623 2160 689 2181 cum
721 2151 771 2181 illo
788 2160 867 2191 spes,
885 2158 914 2182 et
932 2157 1000 2183 tunc
1016 2161 1068 2193 spe

1107 1576 1254 1616 requires.
1281 1573 1321 1604 Eo
1346 1573 1389 1604 sic
1400 1582 1433 1604 ex
1439 1572 1572 1612 plorante
1581 1571 1772 1611 voluntatem,
1785 1580 1819 1601 ac
1828 1580 1933 1611 propo-

1108 1620 1194 1651 situm
1213 1624 1306 1656 tuum,
1322 1627 1391 1649 cave
1415 1626 1451 1647 ne
1475 1616 1656 1655 defatigeris,
1686 1616 1783 1646 anima
1801 1624 1838 1646 ne
1854 1620 1932 1646 retro

1108 1665 1272 1700 reﬂectare,
1291 1673 1328 1693 ne
1343 1663 1436 1701 dicas,
1453 1670 1606 1701 quousque
1619 1665 1646 1692 te
1663 1670 1721 1690 non
1737 1660 1933 1700 comprehen-

1109 1709 1175 1739 dam
1191 1709 1205 1738 ‘!
1221 1718 1257 1739 ne
1283 1707 1375 1745 dicas,
1392 1706 1463 1746 quid
1479 1714 1637 1746 apparens,
1654 1705 1752 1735 subito
1769 1704 1933 1735 occultatur

1109 1754 1216 1784 iterum
1233 1752 1245 1784 ξ’
1270 1757 1299 1783 et
1313 1760 1466 1792 quousque
1484 1750 1602 1781 tandem
1618 1749 1768 1780 molestias
1784 1749 1857 1779 mihi
1872 1749 1930 1784 dat,

1111 1808 1167 1828 non
1186 1796 1418 1828 misericordiam
1432 1798 1443 1826 ἴ
1458 1795 1501 1826 Ne
1516 1795 1610 1832 dicas,
1622 1794 1672 1834 qui
1688 1803 1782 1834 usque
1791 1794 1829 1823 ad
1848 1803 1930 1824 mor-

1111 1850 1168 1875 tem
1187 1842 1291 1873 lassari
1307 1851 1384 1882 queo
1399 1841 1414 1871 ‘?
1443 1845 1472 1871 et
1489 1840 1527 1871 ita
1543 1839 1672 1879 graveris
1700 1838 1856 1879 exquirere
1870 1837 1931 1869 Do-

1110 1887 1222 1917 minum
1240 1897 1248 1925 -,
1278 1892 1329 1917 seu
1348 1890 1378 1916 ut
1393 1894 1459 1925 quae
1476 1885 1563 1915 morti
1579 1891 1607 1914 te
1622 1883 1718 1914 semul
1734 1882 1890 1914 obtuleris.
1905 1888 1933 1914 et

1109 1931 1304 1967 consecratis,
1322 1940 1359 1961 ne
1374 1929 1504 1970 quietem
1534 1938 1568 1959 ac
1592 1928 1800 1958 remissionem
1818 1932 1929 1967 tangas,

1111 1985 1146 2006 ne
1155 1976 1278 2015 gloriam
1297 1973 1490 2011 consecteris,
1506 1982 1562 2004 nec
1578 1972 1700 2003 delicias
1716 1971 1861 2012 corporis,
1878 1981 1932 2003 nec

1109 2020 1270 2051 amicitiam
1287 2023 1489 2059 cognatorum.
1519 2017 1562 2048 Ne
1593 2017 1704 2053 dextra,
1724 2025 1798 2046 neve
1813 2016 1933 2047 sinistra

1110 2065 1332 2104 circumspicias
1361 2063 1556 2103 aliquatenus,
1587 2061 1651 2098 sed,
1683 2066 1714 2091 ut
1742 2060 1869 2100 coepisti,
1889 2061 1931 2091 vel

1111 2109 1205 2149 potius
1216 2108 1546 2145 festinantiuscurrens,
1567 2106 1653 2137 stude
1665 2114 1783 2145 semper
1798 2106 1929 2146 assequi,

1110 2158 1139 2185 et
1152 2163 1238 2184 manu
1247 2153 1475 2194 apprehendere
1496 2152 1666 2184 Dominum.
1684 2150 1766 2186 Quod
1786 2150 1811 2180 si
1826 2150 1932 2182 millies

241 2207 294 2229 sua
311 2202 447 2228 carentes
463 2200 492 2227 et
506 2195 637 2226 frustrati
658 2195 858 2227 invenientur.
876 2195 937 2234 Vae,
956 2197 1064 2235 anima,
1079 2204 1141 2229 Dse
1152 2198 1281 2229 occultai
1290 2198 1356 2238 erit,
1373 2202 1400 2228 et
1410 2197 1496 2228 toties
1512 2196 1565 2226 tibi
1579 2195 1758 2236 apparuerit,
1777 2204 1831 2226 nec
1847 2204 1932 2226 com-

241 2241 420 2273 habeutibus
432 2240 480 2271 hic
503 2240 737 2271 consolationem
753 2249 854 2280 suam;
872 2240 1011 2281 quoniam
1026 2241 1067 2271 ibi

241 2286 462 2317 tribulationem
478 2289 617 2316 aeternam
635 2284 763 2315 habituri
778 2289 856 2315 sunt.

282 2331 375 2363 Narra
391 2330 475 2364 mlhi.
488 2330 597 2365 anima,
611 2329 681 2369 quid
698 2328 905 2360 contristaris?
931 2330 1000 2370 quid
1017 2340 1065 2361 re-

243 2384 307 2406 rum
324 2375 414 2415 hujus
429 2375 494 2404 vita:
510 2373 699 2414 concupiscis
709 2374 724 2403 ‘I
740 2373 790 2404 Dic
808 2373 891 2410 mihi,
908 2378 938 2404 et
953 2374 1067 2405 docebo

242 2427 273 2450 te
289 2419 521 2459 uniuscujusque
551 2417 759 2448 necessitatem
786 2422 815 2448 et
843 2427 941 2449 usum.
958 2417 1002 2449 Tu
1018 2419 1066 2449 in-

245 2464 355 2503 tellige.
371 2468 401 2494 et
413 2463 507 2500 disce,
525 2462 592 2503 quid
620 2462 689 2493 boni
720 2462 757 2493 sit
785 2462 815 2492 in
832 2462 976 2502 quolibet.
993 2462 1067 2500 Quid

243 2509 286 2540 ais
302 2509 314 2539 Υ
330 2508 372 2539 vis
389 2508 552 2539 honoribus
568 2507 642 2543 tolli,
661 2508 703 2537 vis
720 2506 904 2547 pradicari?
928 2508 996 2538 audi
1014 2508 1070 2547 igi~

244 2558 291 2584 tur
305 2552 376 2593 quid
393 2552 431 2583 sit
456 2553 562 2592 honor,
591 2551 660 2592 quid
692 2550 868 2590 ignominia.
899 2552 1001 2582 Honor
1029 2558 1073 2584 est

245 2600 391 2630 honorare
417 2597 539 2637 quidem
553 2606 675 2637 omnes;
693 2596 743 2627 sed
760 2597 853 2628 Deum
870 2603 939 2627 ante
953 2607 1067 2633 omnes,

244 2649 272 2675 et
287 2643 424 2674 mandata
439 2643 504 2682 ejus
517 2642 640 2682 insuper
668 2646 700 2672 ut
728 2650 802 2681 opes
816 2641 873 2672 sibi
885 2651 1068 2683 comparare,

243 2697 406 2729 eorumque
417 2696 504 2718 causa
514 2686 651 2726 injurias,
666 2685 822 2717 maledicta
835 2689 862 2716 et
873 2695 963 2717 omne
978 2697 1071 2727 genus

244 2733 352 2775 probra
366 2732 527 2764 sustinere.
545 2730 617 2763 Cum
635 2731 727 2768 enim,
761 2740 777 2760 ο
793 2730 902 2770 anima,
919 2733 1069 2772 negotium

242 2778 359 2818 aliquod
374 2777 410 2808 ad
426 2778 583 2814 honorem,
602 2780 630 2806 et
645 2775 770 2816 gloriam
785 2774 836 2806 Dei
854 2775 1066 2816 inceptaveris,

245 2826 273 2855 et
287 2822 345 2853 obi
361 2822 466 2863 lipsum
478 2824 660 2861 contemptu,
675 2825 702 2850 et
717 2819 834 2861 injuriis
849 2819 954 2851 aﬂ‘ecta
967 2821 1068 2861 fueris,

1109 2243 1254 2283 prehendi
1271 2243 1412 2283 potuerit,
1441 2243 1497 2273 hac
1510 2241 1556 2272 via
1585 2241 1638 2272 abs
1654 2245 1680 2271 te
1695 2239 1856 2271 tenebitur.
1873 2239 1933 2271 De-

1109 2287 1170 2318 cies
1185 2288 1304 2326 millies,
1327 2287 1387 2317 imo
1409 2296 1478 2317 vero
1490 2286 1620 2326 quandiu
1633 2285 1739 2326 spiras.
1756 2288 1892 2324 prompte
1907 2289 1935 2315 et

1108 2332 1246 2363 alacr.ter
1259 2341 1372 2372 quaere,
1389 2335 1418 2362 et
1431 2331 1467 2362 ad
1483 2333 1578 2371 ipsum
1594 2339 1728 2361 accurre.
1745 2329 1861 2360 Etenim
1877 2337 1936 2360 non

1108 2377 1227 2407 deseret
1242 2382 1284 2414 te,
1296 2386 1354 2407 non
1371 2377 1491 2406 deficiet
1504 2385 1522 2406 a
1536 2379 1584 2415 te;
1610 2375 1663 2405 sed
1680 2373 1820 2414 paulatim
1841 2373 1935 2413 magis

1113 2421 1203 2460 magis
1219 2421 1385 2462 apparebit,
1416 2425 1446 2451 et
1475 2419 1659 2460 frequentius
1688 2424 1783 2449 tecum
1815 2417 1883 2454 erit,
1900 2427 1935 2448 ac

1114 2467 1234 2497 tandem
1252 2470 1403 2506 purgatam
1422 2465 1618 2496 illustratione
1639 2463 1772 2500 luminis,
1790 2467 1868 2493 totus
1883 2473 1934 2494 vc-

1115 2511 1199 2541 niens
1213 2510 1403 2551 inhabitabit,
1415 2509 1722 2549 manebitquetecum,
1734 2507 1783 2548 qui
1794 2507 1934 2539 mundum

1114 2556 1193 2595 fecit,
1211 2560 1240 2586 et
1255 2555 1377 2586 habebis
1392 2565 1475 2586 veras
1500 2554 1627 2587 divitias.
1645 2562 1718 2593 quas
1733 2553 1861 2583 mundus
1876 2562 1933 2584 non

1114 2600 1228 2640 liabet;
1259 2600 1310 2631 sed
1341 2600 1461 2640 coelum,
1492 2604 1522 2630 et
1548 2599 1599 2639 qui
1614 2598 1674 2629 illic
1689 2597 1719 2628 in
1736 2597 1835 2628 album
1850 2597 1935 2628 relati

1112 2649 1191 2676 sunt.
1210 2645 1240 2676 Si
1262 2645 1339 2676 istud
1356 2644 1408 2675 tibi
1424 2644 1584 2684 contingat,
1609 2641 1844 2678 memorandum,
1866 2642 1933 2682 quid

1113 2690 1155 2720 vis
1170 2689 1297 2731 amplius
1316 2690 1331 2720 ‘I

1153 2735 1216 2772 Dic,
1233 2734 1332 2766 anima
1353 2735 1486 2774 ingrata;
1503 2734 1545 2764 sic
1560 2733 1659 2764 anima
1672 2732 1779 2771 stulta;
1795 2731 1854 2767 dic,
1871 2732 1934 2762 vilis

1111 2780 1209 2811 anima
1226 2789 1302 2816 mea,
1321 2779 1390 2820 quid
1407 2779 1453 2810 his
1469 2779 1564 2818 majus
1592 2777 1654 2808 sive
1669 2778 1698 2807 in
1715 2776 1810 2817 coalis,
1827 2776 1890 2807 sive
1905 2776 1934 2807 in

1113 2824 1212 2863 terris,
1230 2829 1262 2856 ut
1280 2823 1352 2856 illud
1383 2833 1562 2866 persequare
1576 2823 1591 2854 ?
1619 2822 1690 2854 Coeli
1705 2822 1888 2861 Fabricator,
1907 2827 1934 2854 et
