1982 3075
83 167 143 200 589

655 163 874 196 DIVINORUM
898 161 1060 193 AMORUM
1085 161 1197 192 LIBER

1707 159 1768 193 890

80 240 167 266 terrae
184 234 336 270 Dominus,
355 239 385 265 et
400 232 532 264 omnium
549 240 672 273 quaeque
683 231 712 261 in
724 229 810 266 caelo,
825 237 902 270 quas-
913 232 932 256 Α
944 235 1075 273 priesens
1090 235 1132 256 es.
1150 224 1207 273 Ubi
1223 229 1316 257 toturn
1341 225 1383 257 uti
1406 225 1765 273 prius_me_ci_rcumdedi-

78 289 136 320 que
151 280 180 310 in
198 279 307 309 mnu-lo
336 282 403 309 sunt
433 277 579 314 conditor,
607 276 709 316 judex,
727 280 756 306 et
771 274 902 320 rexripse

79 319 160 354 solus
175 323 204 354 in
222 329 250 354 te
266 323 389 362 habitat,
404 327 495 353 totum
508 332 541 352 se
568 321 760 352 manitestans
776 319 840 359 libi,
856 324 902 350 to-

81 375 126 399 tus
139 368 311 398 illuminans
326 375 353 398 te
365 368 430 398 luce
442 376 505 403 sua,
523 371 552 397 et
567 364 817 406 pulchritudinem
834 364 901 394 vul-

80 419 125 443 tus
135 413 180 442 sui
193 412 244 443 tibi
255 413 429 448 ostendens,
442 411 577 450 ntipsum
604 409 774 450 expressius
789 408 899 447 videas,

80 461 108 487 et
122 461 291 487 consortem
307 460 336 486 te
351 456 451 495 gloriae
467 464 527 485 sua:
555 453 679 490 faciens,
694 452 743 483 dic
758 451 829 488 quid
847 451 901 482 hoc

81 510 138 532 uno
170 499 382 541 praestantius?
421 499 638 540 Respondebis,
669 497 742 528 nihil
773 496 900 536 penitus.

79 545 156 577 Audi
172 540 302 585 insuper.
319 544 383 575 Tuli
393 545 506 576 honore
519 544 647 583 dignata,
664 551 680 572 0
704 541 812 576 anima.
830 540 900 585 quid

78 591 175 621 adhuc
188 584 275 620 terra:
286 590 383 620 inbias
393 589 408 619 ?
423 588 492 629 quid
510 588 573 618 istis
588 587 678 618 rebus
693 585 874 616 demulceris
890 584 902 615 ?

78 635 148 675 quid
162 635 296 665 adhaeres
312 633 459 673 perituris,
479 642 544 673 quae
555 630 731 662 immortalia
739 629 903 675 accepisti?

79 673 149 719 quid
166 679 290 709 moraris
305 679 334 708 in
351 678 556 718 praesentibus,
584 686 650 716 quae
675 675 770 706 futura
785 673 901 704 inveni-

80 724 116 754 sti
132 723 148 753 ?
177 723 227 753 Illa
249 733 357 754 conare
370 723 482 762 jugiter
512 721 675 761 possidere,
693 720 752 750 illis
768 723 856 749 totam
875 722 902 749 te

80 768 241 807 agglutina.
255 768 352 798 anima
364 777 442 805 mea,
454 771 487 797 ut
500 771 528 797 et
537 771 602 806 post
617 765 728 795 obitum
744 763 905 794 inveniaris

80 813 109 842 in
124 817 167 842 aet
181 812 243 842 rnis
254 812 312 842 illis
323 812 418 847 bonis.
430 820 494 852 quae
515 811 563 841 hic
585 808 775 850 acquisivisti,
792 812 820 838 et
837 817 903 838 cum

944 270 992 307 sti,
1014 270 1065 300 ubi
1081 271 1236 310 complexu
1261 274 1310 301 tuo
1326 274 1416 301 totum
1446 269 1595 301 ambivisti
1612 275 1640 301 et
1656 270 1763 309 texisti,

945 315 1029 346 malis
1045 315 1168 352 liberor,
1185 325 1202 345 a
1216 314 1361 351 tenebris,
1382 314 1607 354 tentationibus,
1629 315 1766 345 iuononi-

945 359 1000 390 bus
1015 369 1081 390 cum
1098 359 1213 390 ratione
1238 358 1448 399 pugnantibus,
1474 362 1503 389 et
1517 358 1654 389 omnibus
1670 361 1767 399 pravis

945 403 1173 443 cogitationibus
1189 403 1313 443 eripior,
1331 403 1516 444 impleorque
1532 402 1674 439 bonitate,
1689 403 1767 434 beti-

943 448 1120 489 tia,gaudio,
1130 448 1319 488 jucunditate
1329 447 1421 479 animi
1441 447 1623 485 incredibili,
1640 456 1767 479 cernens

944 493 1099 524 tremenda
1113 492 1264 533 mysteria,
1287 497 1315 523 et
1331 502 1405 523 nova
1421 493 1555 533 quaedam
1583 493 1659 523 mira
1676 502 1684 530 ;
1699 501 1767 523 cer-

944 547 1018 568 nens
1033 547 1096 578 quai
1120 547 1215 578 neque
1243 537 1346 568 oculus
1376 538 1523 568 humanus
1551 537 1641 574 videt,
1655 540 1704 567 aut
1720 536 1765 567 vi-

943 581 1026 618 dere,
1045 591 1140 622 neque
1151 582 1231 612 auris
1241 581 1346 612 audire
1358 581 1462 622 possit,
1487 590 1584 622 neque
1599 581 1628 611 in
1644 589 1695 611 cor
1709 581 1765 611 bo-

944 626 1032 656 minis
1044 626 1242 657 ascenderunt
1252 627 1292 656 ὕί.
1309 625 1341 657 In
1360 626 1468 667 quibus
1483 625 1659 666 obstupesco
1675 625 1767 656 vehe-

944 675 1071 708 menter,
1089 681 1124 702 ac
1140 671 1177 702 de
1207 674 1352 712 potestate
1380 671 1492 702 decedo
1508 675 1594 711 atque
1609 679 1627 701 a
1641 670 1769 701 terrenis

945 715 1084 746 omnibus
1099 715 1236 746 universe
1252 715 1377 751 alienor,
1395 714 1713 746 continenterlaudans
1727 719 1767 751 te.

947 763 974 790 et
983 760 1011 790 in
1021 760 1134 800 meipso
1146 769 1249 790 novam
1264 760 1471 800 mutationem,
1494 759 1673 799 modumque
1682 759 1767 790 auxi-

946 804 978 834 lii
994 813 1098 834 manus
1120 804 1330 844 omnipotentis
1355 804 1604 841 animadverteris,
1621 803 1769 844 quomodo

81 858 117 887 iis
133 857 265 887 Creatori
291 866 325 887 ac
357 848 482 887 Domi-no
511 848 641 888 assistas.
667 857 777 884 etcum
793 848 1054 887 eodemﬂfulgore
1070 853 1099 879 et
1119 848 1306 888 apparitione
1336 849 1423 879 unius
1457 848 1578 879 luminis
1593 849 1634 878 tui
1649 856 1768 878 omnem

81 902 183 932 laetere
199 911 252 941 per
267 900 496 931 innumerabilia
513 899 630 930 saecula.
644 898 748 929 Amen.

358 943 477 976 CAPUT
499 943 626 975 XXXVI.

80 991 201 1030 Spiritu
214 993 317 1020 sancto
332 992 364 1019 in
380 989 465 1020 nobis
480 988 625 1027 fulgente,
644 997 746 1030 omnes
756 997 819 1018 mm
834 996 902 1030 rec-

122 1034 170 1062 tas
189 1030 287 1061 animi
299 1030 447 1060 motiones
467 1029 589 1068 lugeri:
620 1029 783 1067 eodemque
798 1028 903 1068 radios

120 1070 326 1109 contrahente,
345 1069 382 1100 ub
398 1070 455 1106 his,
472 1067 531 1100 θεία
550 1069 655 1108 pravis
670 1067 903 1107 cogitationibus

122 1120 174 1142 nos
190 1111 342 1149 infestari.

123 1157 235 1187 Lumen
249 1159 341 1191 tuum,
354 1154 483 1190 Christe,
497 1163 544 1184 me
564 1153 794 1191 rircumfulgens
810 1152 904 1183 viviﬁ-

81 1206 149 1236 cat;
177 1209 244 1230 nam
274 1204 304 1229 te
331 1199 441 1239 videre,
460 1205 488 1229 et
502 1198 691 1235 reviviscere,
707 1203 736 1228 et
750 1207 767 1228 a
782 1197 905 1228 mortuis

82 1253 249 1284 resurgere.
267 1243 323 1280 Qui
339 1244 449 1274 efﬁciat
464 1243 563 1274 lumen
582 1247 675 1279 tuum,
702 1252 759 1273 non
786 1251 905 1283 possum

82 1290 194 1320 dicere.
213 1290 424 1319 Verumtamen
442 1289 498 1319 hoc
512 1298 545 1319 re
574 1289 637 1328 ipsa
659 1287 791 1327 cognovi,
809 1291 838 1318 et
853 1296 905 1317 c0-

82 1343 204 1374 gnosco,
221 1334 283 1364 sive
310 1333 425 1372 morbo,
439 1333 500 1364 sive
516 1332 736 1368 alt'lictionibns,
753 1332 815 1362 sive
831 1340 906 1361 mua—

83 1378 213 1415 roribus,
230 1378 291 1408 sive
321 1378 457 1414 vinculis,
483 1378 544 1408 sive
572 1377 659 1413 tame,
685 1377 746 1407 sive
775 1376 908 1407 custodia

83 1423 232 1460 detincar,
250 1423 311 1453 sive
326 1422 508 1462 gravioribus
524 1422 667 1452 molestiis
683 1430 813 1460 premar,
831 1420 907 1451 emi-

82 1472 169 1498 cante
183 1467 293 1497 lumine
305 1471 364 1503 tuo,
378 1466 477 1497 omnia
497 1471 636 1506 tanquam
653 1465 790 1496 tenebras
801 1463 907 1495 discuti

82 1521 116 1542 ac
132 1511 262 1552 dispelli,
277 1511 346 1541 etin
357 1513 460 1550 requie
471 1511 590 1550 acluce,
614 1515 643 1540 et
663 1509 800 1540 fruitione
816 1508 906 1539 lumi-

84 1556 130 1586 nis
142 1564 195 1595 per
205 1555 337 1585 divinum
360 1554 500 1594 Spiritum
524 1559 604 1585 tuum
618 1554 715 1584 subito
732 1563 779 1584 me
795 1553 906 1585 consli-

85 1600 136 1631 tui.
155 1599 224 1630 Scio
240 1599 445 1630 tribulationes
461 1599 583 1636 fumum,
607 1599 800 1637 cogitationes
816 1598 907 1628 malas

85 1644 236 1683 tenebras,
255 1643 432 1675 tentationes
443 1643 554 1682 iacula,
572 1643 788 1675 sollicitudines
804 1642 908 1682 caligi-

85 1699 166 1727 nem,
185 1688 337 1728 passiones
353 1687 466 1718 belluas
481 1687 590 1724 vocari,
606 1699 622 1718 a
637 1687 745 1728 quibus
772 1688 842 1717 olim
872 1686 909 1717 li-

85 1733 208 1770 berasti,
226 1737 255 1763 et
279 1732 383 1763 eruisti
409 1742 481 1770 me;
512 1736 541 1763 et
564 1732 741 1763 illucescens
770 1731 908 1771 paulatim

86 1778 160 1809 mihi
176 1778 288 1809 lumine
306 1782 365 1815 tuo,
382 1777 470 1808 etiam
488 1787 565 1808 nunc
582 1777 612 1807 in
623 1777 729 1807 horum
741 1775 838 1806 medio
851 1784 911 1806 ver-

85 1828 200 1854 santem
217 1832 264 1853 me
279 1822 497 1853 invulneratum
514 1821 657 1859 custodis,
675 1826 724 1852 tuo
740 1821 851 1851 lumine
866 1830 912 1850 me

88 1872 258 1907 protegens.
275 1866 348 1903 Quia
362 1875 431 1897 vero
448 1866 588 1906 delinquo
604 1875 682 1906 satpe
695 1865 866 1902 admodum,
883 1868 912 1894 et

86 1914 116 1943 in
134 1913 223 1943 horas
241 1921 341 1952 pecco,
360 1911 440 1951 quia,
454 1911 586 1951 inquam,
600 1911 691 1941 eﬁ‘ero
701 1910 910 1941 meadversnm

88 1963 128 1994 te,
145 1957 215 1996 quia
230 1956 312 1987 irrito
329 1960 367 1991 te,
386 1956 505 1995 indigeo
521 1955 708 1986 misericordi
721 1954 912 1994 castigatione

88 2007 148 2038 tua,
165 2009 253 2040 quam
270 2001 461 2031 vehementer
476 1999 506 2030 in
523 2009 569 2030 me
582 1999 743 2030 adhibitam
760 1998 854 2029 sentio
869 1997 913 2028 di-

88 2046 148 2077 vini
169 2055 288 2076 recessu
305 2045 436 2081 luminis,
453 2047 529 2085 quod
560 2045 679 2084 tegebat
706 2054 764 2075 me.
781 2043 818 2075 Ut
832 2043 911 2074 enim

88 2091 152 2122 sole
168 2090 323 2121 occidente
340 2099 394 2120 nox
422 2094 450 2120 et
466 2089 596 2120 tenebrae
611 2089 763 2129 ingruunt,
791 2092 820 2119 et
843 2089 915 2119 fera:

945 892 1017 923 mihi
1031 892 1180 923 tristitiam
1203 892 1363 926 exemeris.
1390 892 1560 932 mundoque
1576 896 1724 931 ereptum,
1741 894 1770 921 et

946 941 1043 968 tecum
1060 946 1166 968 arcano
1186 937 1287 968 fenore
1303 937 1429 975 unitum,
1462 946 1528 967 mox
1553 936 1583 966 in
1599 936 1707 967 caelum
1722 943 1770 966 me

945 982 1122 1018 restitueris,
1139 981 1190 1012 ubi
1205 981 1285 1012 nulla
1300 986 1345 1013 est
1368 981 1524 1020 aegritudo,
1538 980 1612 1011 nulli
1627 979 1769 1019 lgemitus,

945 1027 1032 1057 nullae
1050 1027 1196 1067 lacrymze,
1212 1036 1271 1057 non
1287 1036 1412 1067 serpens
1427 1026 1598 1057 calcaneum
1614 1026 1766 1062 mordens,

945 1076 974 1102 et
988 1071 1155 1102 ostenderis
1172 1071 1294 1102 minime
1311 1071 1491 1102 laboriosam
1505 1079 1569 1101 esse
1583 1074 1613 1100 et
1626 1078 1772 1100 aerumno-

945 1125 1007 1146 sam
1022 1116 1111 1151 viam,
1128 1126 1194 1154 quae
1208 1116 1320 1155 alioqui
1346 1116 1485 1146 omnibus
1509 1115 1682 1146 mortalibus
1697 1123 1770 1145 con-

947 1160 1045 1198 traria,
1063 1164 1194 1200 augusta,
1212 1160 1352 1197 diﬁicilis,
1367 1165 1428 1197 aut,
1442 1164 1472 1191 ut
1483 1160 1580 1191 verius
1591 1159 1699 1196 dicam,
1715 1159 1765 1190 in-

948 1204 993 1235 via
1008 1209 1064 1235 est.
1081 1204 1153 1240 Quis
1173 1205 1252 1235 enim
1280 1205 1432 1235 hominum
1464 1204 1569 1245 potuit,
1586 1209 1635 1235 aut
1651 1203 1769 1244 poterit,

947 1259 1058 1290 quaeso,
1077 1258 1199 1289 corpore
1228 1249 1257 1279 in
1283 1249 1356 1280 creto
1385 1258 1461 1287 esse,
1492 1248 1621 1280 autsine
1635 1256 1771 1288 corpore,

949 1293 1055 1334 quibus
1071 1292 1125 1324 alis
1141 1302 1176 1323 eo
1194 1292 1382 1333 pervolabit?

991 1338 1069 1368 Elias
1085 1347 1173 1368 curru
1187 1337 1272 1376 igneo
1288 1337 1317 1367 in
1333 1336 1463 1367 sublime
1477 1340 1578 1377 raptus
1589 1340 1645 1373 est,
1661 1341 1691 1367 et
1704 1340 1772 1367 ante

950 1382 1032 1412 illum
1048 1381 1161 1412 Enoch.
1179 1390 1280 1412 verum
1298 1390 1357 1412 non
1373 1381 1403 1411 in
1426 1381 1545 1419 caelum,
1563 1380 1614 1412 sed
1637 1381 1666 1411 in
1683 1381 1773 1412 alium

950 1425 1106 1466 quemdam
1124 1426 1233 1463 locum,
1250 1435 1309 1456 non
1326 1425 1389 1466 ipse
1403 1425 1523 1465 quidem
1540 1435 1556 1456 a
1580 1434 1612 1455 se
1627 1425 1704 1465 ipso,
1720 1423 1773 1455 sed

952 1476 1048 1501 tamen
1065 1470 1222 1501 translatus
1233 1475 1288 1501 est.
1302 1470 1377 1506 Quid
1391 1471 1446 1501 ista
1459 1470 1495 1500 ad
1507 1478 1541 1501 ea
1561 1478 1625 1510 quae
1641 1470 1670 1499 in
1687 1468 1774 1499 nobis

950 1515 1042 1546 ﬁunt?
1053 1525 1186 1556 quamam
1200 1514 1313 1545 umbras
1325 1524 1391 1545 cum
1404 1514 1537 1551 veritate,
1552 1518 1601 1544 aut
1610 1522 1676 1554 quas
1688 1512 1775 1554 spiri-

951 1565 997 1591 tus
1008 1560 1225 1600 ministratorii,
1237 1569 1272 1590 ac
1281 1559 1448 1596 servientis,
1461 1568 1530 1590 cum
1541 1559 1654 1596 divino,
1672 1562 1699 1589 et
1711 1558 1773 1589 Do-

952 1604 1074 1642 minico,
1088 1604 1220 1635 omnium
1236 1604 1353 1644 opiﬁce,
1371 1609 1400 1634 et
1420 1612 1630 1644 quamcunque
1643 1609 1774 1634 creatam

950 1654 1081 1680 naturam
1093 1649 1287 1680 conﬁrmante
1300 1653 1328 1679 et
1339 1648 1551 1679 corroborante
1563 1646 1673 1687 Spiritu
1689 1655 1774 1677 com-

951 1694 1062 1734 paratio
1078 1695 1092 1724 ?
1119 1694 1185 1724 Alia
1211 1697 1353 1724 creaturas
1368 1696 1449 1730 sunt,
1467 1692 1531 1732 ipse
1546 1691 1667 1723 Creator
1681 1691 1773 1730 solus,

951 1742 1052 1778 utpote
1064 1747 1081 1768 a
1092 1739 1178 1769 Patre
1189 1742 1218 1768 et
1230 1737 1305 1768 Filio
1319 1737 1539 1777 inseparabilis.
1549 1737 1628 1768 Deus
1637 1736 1699 1766 haec
1707 1735 1776 1770 tria,

952 1781 1082 1812 Trinitas
1093 1782 1202 1822 quippe
1213 1791 1290 1812 unus
1301 1781 1380 1812 Deus
1394 1786 1448 1813 est.
1461 1782 1527 1821 lpsa
1538 1780 1630 1818 omni,
1643 1789 1694 1811 seu
1710 1779 1774 1810 uni-

953 1826 1083 1857 versitati
1100 1831 1132 1856 ut
1157 1831 1247 1863 esset,
1264 1826 1400 1862 contulit,
1414 1826 1479 1866 ipsa
1494 1825 1634 1866 produxit
1650 1824 1750 1855 omnia
1768 1834 1775 1854 ε

953 1870 1017 1911 ipsa
1029 1870 1158 1901 Verbum
1173 1875 1202 1901 et
1220 1870 1312 1901 Filius
1333 1870 1428 1901 Patris
1440 1870 1470 1900 in
1486 1869 1595 1900 mundo
1611 1868 1777 1901 secundum

953 1924 1074 1945 carnem
1084 1923 1136 1954 pro
1145 1915 1241 1945 salute
1253 1918 1353 1945 nostra
1364 1913 1485 1951 creavit,
1497 1913 1612 1944 a'Palre
1626 1918 1655 1944 et
1665 1912 1779 1953 Spiritu

954 1963 1054 1990 sancto
1066 1958 1307 1999 inseparabilem.
1323 1960 1399 1989 Vere
1410 1963 1510 1989 autem
1522 1962 1703 1998 superventu
1718 1957 1781 1997 Spi-

954 2004 1027 2034 ritus
1042 2003 1224 2039 incarnatur,
1238 2007 1267 2034 et
1278 2004 1308 2034 lit
1329 2003 1406 2043 quod
1431 2012 1489 2033 non
1510 2007 1585 2039 erat,
1603 2003 1691 2032 homo
1708 2001 1781 2032 mihi

953 2048 1072 2083 similis,
1088 2052 1241 2087 peccatum
1253 2056 1341 2078 omne
1350 2052 1379 2077 et
1389 2047 1578 2087 iniquitatem
1598 2047 1624 2077 si
1639 2045 1779 2085 excipias,

955 2092 1034 2123 Deus
1051 2092 1138 2123 simul
1155 2096 1184 2122 et
1200 2092 1288 2122 homo
1300 2091 1445 2122 videndus
1455 2090 1594 2122 omnibus
1609 2090 1722 2121 habens
1735 2088 1779 2119 di-

89 2134 242 2166 omnesad
256 2138 368 2174 pastum
390 2138 519 2165 exeunt:
541 2134 584 2164 sic
605 2133 656 2164 ubi
667 2143 714 2165 me
726 2134 913 2164 lumentuum
925 2137 1057 2167 Dvinum
1073 2136 1227 2176 spiritum,
1246 2136 1296 2176 qui
1326 2135 1383 2175 ipsi
1413 2134 1587 2166 naturaliter
1601 2135 1696 2171 adest,
1713 2142 1780 2164 cum

89 2180 234 2216 deseruit,
251 2179 332 2210 illico
347 2179 413 2209 vita
426 2179 513 2218 hujus
529 2177 672 2215 tenebrae,
689 2188 722 2209 ac
735 2179 854 2219 pelagus
870 2177 913 2207 ir-

89 2224 294 2265 requietarum
318 2223 527 2263 cogitationum
560 2232 607 2253 me
633 2223 762 2254 obruunt
790 2227 819 2253 et
846 2222 916 2253 ferai

90 2268 278 2299 turbidarum
315 2272 448 2299 motuum
489 2277 536 2299 me
565 2268 718 2306 devorant,
749 2267 917 2307 jaculisque

93 2313 318 2352 omnigenarum
335 2312 545 2352 cogitationum
575 2312 724 2343 vulneror.
742 2312 798 2344 Ubi
814 2320 918 2343 rursus

94 2357 194 2398 pietati
211 2362 386 2397 cemmotus,
405 2357 464 2388 mei
481 2357 619 2388 misertus
641 2357 744 2394 fueris,
759 2360 789 2388 et
804 2357 921 2388 ﬂebiles

94 2402 323 2432 lamentationes
338 2411 419 2433 meas
436 2401 614 2437 exaudieris,
647 2401 836 2442 gemitusque
851 2410 921 2441 per-

94 2446 212 2486 ceperis
230 2450 259 2476 et
273 2446 415 2486 lacrymas
429 2446 597 2483 admiseris,
615 2451 644 2476 et
671 2446 706 2476 ad
723 2446 920 2477 humilitatem

95 2500 192 2521 meam
208 2490 359 2531 respicere
387 2490 525 2527 volueris,
556 2491 604 2530 qui
634 2490 823 2531 inexpiabilia
847 2501 919 2531 pec-

95 2535 170 2572 cavi,
189 2535 291 2575 procul
309 2539 337 2566 ul
354 2536 438 2566 stella
454 2535 590 2565 exoriens
606 2535 727 2573 videris,
740 2539 768 2565 et
781 2535 920 2575 paulatim

96 2580 230 2611 dilataris
247 2581 316 2619 (non
334 2585 363 2610 tu
391 2580 456 2619 ipse
483 2580 538 2610 hoc
568 2579 691 2619 patiens,
723 2581 775 2610 sed
792 2584 922 2611 mentem

97 2624 175 2655 servi
190 2625 233 2655 tui
249 2625 284 2654 ad
301 2625 461 2655 videndum
475 2624 638 2663 aperiens).
655 2625 764 2654 sensim
778 2624 882 2664 major,
896 2629 924 2655 et

98 2670 192 2700 instar
206 2669 278 2700 solis
292 2669 436 2700 cerneris.
453 2668 645 2706 Fugientibus
671 2669 792 2709 quippe,
811 2674 840 2699 et
855 2678 924 2700 eva-

103 2722 109 2739 ι
123 2713 295 2744 escentibus
310 2713 442 2744 tenebris
457 2712 596 2744 advenire
612 2716 639 2742 te
654 2718 733 2753 pulo,
751 2713 800 2754 qui
817 2713 927 2754 ubique

214 2799 281 2836 Cor.
300 2808 329 2838 ιιτ
349 2800 377 2832 9,

956 2191 1014 2222 quo
1030 2185 1162 2212 mortuos
1177 2181 1206 2211 in
1222 2181 1310 2211 vitam
1328 2180 1459 2217 reduxit,
1477 2184 1506 2210 et
1520 2188 1664 2210 caecorum
1682 2178 1783 2222 oculos

957 2221 1082 2266 aperuit,
1102 2226 1234 2266 leprosos
1247 2225 1409 2260 mundavit.
1423 2224 1573 2255 daemones
1582 2221 1784 2263 ecorporibus

958 2270 1098 2301 humanis
1113 2269 1236 2310 expulit.
1253 2269 1334 2300 Idem
1348 2278 1451 2309 passus
1462 2277 1592 2306 crucem,
1606 2271 1635 2298 et
1645 2271 1782 2300 mortem.

964 2316 994 2345 in
1011 2315 1115 2354 spiritu
1132 2314 1307 2351 resurrexit,
1325 2318 1354 2344 et
1381 2313 1412 2343 in
1441 2313 1534 2352 gloria
1546 2315 1714 2352 assumptus
1729 2314 1784 2351 est,

964 2359 1159 2399 semitamque
1169 2359 1312 2389 incmlum
1320 2358 1467 2398 reparavit
1476 2356 1614 2387 omnibus
1625 2355 1654 2386 in
1665 2364 1698 2387 se
1709 2359 1789 2386 certa

964 2413 997 2435 ac
1007 2404 1090 2434 ﬁrma
1098 2403 1353 2434 ﬁdecredentibus
1361 2413 1369 2440 ;
1376 2407 1405 2433 et
1416 2401 1557 2442 Spiritum
1569 2399 1788 2431 sanctissimum

964 2449 993 2479 in
1006 2457 1110 2478 omnes
1122 2449 1213 2478 ﬁdem
1225 2447 1366 2487 operibus
1380 2445 1663 2487 probantesabunde
1673 2444 1788 2482 effudit,

962 2498 989 2524 et
1001 2502 1079 2523 nunc
1090 2503 1209 2533 quoque
1221 2493 1359 2523 eumdem
1373 2492 1452 2531 large
1468 2491 1498 2521 in
1514 2491 1588 2521 tales
1603 2489 1740 2524 elfundit,
1757 2498 1790 2519 ac

965 2546 1017 2577 per
1033 2537 1129 2577 ipsum
1159 2538 1231 2568 deos
1253 2541 1376 2577 repetite
1403 2536 1484 2573 facit,
1518 2535 1625 2575 quibus
1639 2534 1793 2574 copulatus

965 2582 1072 2621 fuerit;
1101 2586 1130 2612 et
1159 2582 1211 2613 ille
1239 2592 1290 2613 eos
1318 2591 1352 2613 ex
1380 2580 1552 2612 hominibus
1567 2577 1792 2610 iminutabililer

966 2626 1113 2663 immutat,
1127 2636 1160 2657 ac
1179 2627 1232 2658 Dei
1248 2628 1336 2663 ﬁlios,
1357 2626 1461 2657 fratres
1475 2624 1647 2661 Salvatoris,
1661 2623 1790 2653 ethzere-

967 2669 1022 2700 des
1035 2671 1157 2710 quidem
1183 2671 1246 2702 Dei.
1264 2671 1437 2702 cohwredes
1453 2675 1550 2701 autem
1567 2667 1673 2699 Christi
1690 2666 1792 2703 efﬁcit,

968 2717 1040 2745 deos
1051 2725 1117 2745 cum
1130 2715 1190 2745 Deo
1203 2720 1352 2746 versantes
1363 2716 1393 2745 in
1406 2713 1517 2756 Spiritu
1528 2716 1643 2750 sancto,
1657 2711 1793 2750 alligatos
