1982 3075
243 155 297 202 ssi
896 156 1088 196 ssnon-rs

243 235 362 276 quidem
378 230 440 265 sola
455 231 555 272 came,
573 231 677 274 spiritu
691 235 788 263 autem
803 230 912 263 liberos
928 241 935 269 ;
951 230 1004 270 qui
1016 229 1062 261 fa-
1074 237 1091 258 Α

242 279 298 311 cile
314 277 381 310 cum
395 277 514 309 Christo
529 277 560 309 in
576 278 683 309 coelum
697 277 908 312 ascenderunt,
926 282 956 306 et
971 279 1061 306 totam

240 324 306 355 Viue
319 324 394 365 bene
404 322 526 363 agendae
533 322 679 354 rationem
692 322 733 353 ibi
745 321 958 362 acquisierurtt,
971 319 1001 350 in
1018 319 1062 349 vi-

241 368 324 400 sione
336 367 491 405 bonorum,
508 366 572 408 quae
587 368 688 398 oculus
704 373 762 397 non
780 365 866 396 vidit.

281 454 460 496 Qutdigttur
472 458 577 488 eui-rus
589 456 704 495 igneus,
723 455 771 495 qui
792 452 886 485 Eliam
916 452 1065 484 abstulit?

242 502 312 544 quid
321 501 434 533 En‘ochi
448 501 602 532 translatio
613 500 627 532 τ
637 499 673 531 ad
685 501 748 531 haec
762 499 862 539 egoita
871 499 977 544 statuo,
988 497 1066 544 sicut

242 541 324 578 {inire
339 546 409 577 o'lim
424 546 505 585 virga
519 544 657 581 divisum,
675 550 704 577 et
719 553 827 574 manna
839 552 855 574 e
868 542 942 573 coelo
954 541 1064 572 cadens

242 595 326 632 typus
335 590 443 627 solum,
456 594 485 621 et
495 589 630 630 symbola
641 587 770 624 fuerunt,
782 594 862 618 mare
869 585 1062 632 baptismatis,

243 631 351 666 manna
364 633 540 665 Sal'vatoris:
572 633 676 664 eodem
703 633 791 663 modo
815 631 866 663 illa
880 631 997 666 horum,
1017 631 1063 661 in-

242 678 330 722 quam
345 677 570 718 incomparabili
586 677 774 714 excellentia,
792 680 820 707 et
828 676 920 716 gloria
931 675 1065 715 praedito.

241 733 320 762 rum,
337 726 478 764 quantum
492 722 633 754 videlicet
656 722 820 752 increatum
847 725 945 752 creato
962 724 1065 750 natura

243 762 402 799 antecellit.
421 762 525 797 lll'anna
556 767 646 807 enim,
676 765 752 807 quod
782 765 866 806 panis
882 769 910 796 et
925 764 1065 795 alimonia

242 812 414 852 angelorum
427 813 550 842 vocatur
562 809 602 849 5⁸,
620 811 697 851 quod
713 809 831 840 Hebraei
847 810 878 840 in
905 808 1065 839 solitudine

1109 158 1245 194 JUNIOR
1251 162 1284 193 IS
1879 159 1936 191 592

1373 229 1490 262 CAPUT
1513 229 1656 261 XXXV“.

1106 289 1239 325 Quwdam
1255 290 1469 326 tlteotogumma.
1486 289 1563 322 Item,
1579 289 1627 325 qui
1640 297 1690 326 per
1702 289 1831 324 Spiritus
1840 290 1934 326 sancti

1139 324 1358 353 communionem
1372 327 1532 353 immutatus
1546 324 1601 353 non
1616 324 1662 355 sit.
1678 333 1726 352 nec
1738 332 1793 360 per
1809 324 1933 359 adoptio-

1140 368 1202 388 nem
1216 361 1304 388 Deum
1316 361 1480 396 cognoverit,
1498 361 1523 388 ei
1537 363 1568 389 ut
1588 361 1709 389 homines
1723 363 1756 389 de
1772 360 1882 388 divinis
1897 368 1931 387 re-

1140 396 1188 424 bus
1202 396 1323 429 erudiat,
1338 404 1394 424 non
1408 397 1526 425 comedi.

1146 451 1216 487 Quis
1230 451 1365 482 dolorem
1381 452 1478 483 cordis
1490 452 1547 482 mei
1555 450 1778 482 consolabitur?
1795 450 1927 481 dolorem

1107 506 1173 527 cum
1190 497 1261 534 dixi,
1275 496 1433 527 Salvator-is
1444 497 1626 527 desiderium
1649 496 1831 535 signiﬁcavi.
1848 495 1927 526 Desi-

1105 542 1233 579 det-ium,
1250 547 1347 573 autem
1362 548 1450 582 atque
1464 543 1551 573 ardor
1566 541 1784 582 iste,eﬁ‘ectum
1805 541 1929 581 Spiritus

1106 586 1148 617 Vel
1162 587 1257 626 potius
1269 587 1434 618 cssenlialis
1446 587 1601 627 praesentia
1611 591 1667 623 est,
1685 586 1734 616 lux
1746 586 1929 615 ἐνυποστλτως

1105 630 1184 661 intus
1201 631 1230 661 in
1247 640 1294 662 me
1309 632 1381 663 visa.
1399 631 1448 662 Est
1461 636 1558 662 autem
1577 632 1623 661 lux
1641 630 1890 671 incomparabilis
1906 636 1929 660 et

1107 676 1266 706 ineﬁabilis
1282 676 1412 716 penitus.
1426 676 1497 712 Quis
1514 685 1560 706 me
1583 682 1720 707 secernet
1736 685 1770 706 ac
1789 675 1930 714 disjungit

1106 729 1121 750 a
1137 721 1225 751 rebus
1240 730 1358 751 sensum
1376 720 1571 751 moventibus.
1590 729 1607 750 a
1621 720 1728 760 quibus
1743 730 1819 750 semA
1835 720 1842 749 l
1861 720 1928 750 libe-

1107 769 1197 801 ratus,
1215 769 1245 796 et
1259 765 1450 796 absconditus
1466 775 1543 801 sum,
1560 765 1676 804 quando
1702 765 1854 794 mundum
1884 763 1929 793 sub

1108 810 1232 849 pedibus
1249 810 1361 840 habui?
1376 811 1442 849 quis
1460 809 1531 839 mihi
1547 809 1628 839 dabit
1644 809 1893 849 tranquillitatem
1908 813 1930 838 et

243 856 448 897 comederunt,
462 855 580 896 defecit,
591 854 1062 896 periit,mortuiquesuntomnes,
1076 872 1094 896 Β
1107 855 1235 894 quietem
1253 854 1288 885 ab
1305 854 1453 890 omnibus,
1465 858 1496 883 ut
1507 853 1585 883 illius
1601 853 1929 893 pulchritudinc,aspe-

244 899 273 933 et
291 906 420 942 quotque
433 905 472 931 'eo
487 900 692 936 vescebantur,
720 908 779 929 non
795 898 865 929 inde
880 898 967 928 vitam
984 906 1065 928 asse-

245 944 423 987 quebantur.
442 945 516 976 Caro
527 948 625 976 autem
635 944 755 975 Domini
771 942 840 978 mei,
855 952 921 973 cum
934 942 1064 987 sitdeiﬁ-

242 986 317 1027 cata,
331 992 360 1020 et
374 987 438 1019 vita:
452 988 551 1029 plena,
566 994 670 1019 Omnes
683 987 875 1018 comedentes
894 987 959 1016 vita
973 986 1065 1026 parti-

243 1033 324 1075 cipes
335 1031 415 1070 facit,
427 1038 458 1064 et
468 1032 691 1063 immortalitate
703 1035 800 1071 auget.
814 1030 896 1062 Facit
910 1037 998 1070 porro
1014 1039 1065 1061 eos

243 1074 302 1109 nan
315 1076 407 1109 altum
423 1079 506 1108 mare
520 1077 659 1115 transire,
676 1076 733 1107 rrec
749 1084 783 1106 ex
799 1075 923 1116 Egypto
934 1075 965 1105 in
977 1074 1063 1106 aliam

243 1123 395 1163 regionem
410 1121 545 1159 traducit,
557 1126 624 1162 Quae
643 1123 762 1151 rursum
775 1120 1065 1151 fructusinterituros

243 1164 413 1198 hominibus
424 1165 525 1198 eam:
538 1176 546 1204 ;
561 1166 613 1196 sed
627 1174 682 1196 nec
697 1169 749 1206 per
763 1167 859 1195 annos
870 1163 1065 1205 quadraginta

243 1212 297 1242 nes
306 1210 582 1242 ambulare‘mundi
597 1209 780 1250 Redemptor
801 1209 897 1249 jubet,
913 1213 946 1239 ut
960 1208 992 1239 in
1009 1213 1067 1239 ter-

243 1254 306 1287 rata
318 1255 528 1296 promissionis
544 1254 737 1285 deveniamus
756 1265 763 1291 ;
779 1254 831 1284 Sed
850 1262 916 1284 cum
932 1253 991 1283 ﬁde
1007 1253 1065 1282 mi-

244 1300 326 1331 nime
340 1299 431 1331 dubia
445 1298 618 1339 baptizatos,
635 1298 786 1339 factOSque
796 1297 939 1339 corporis,
952 1301 981 1328 et
996 1306 1066 1328 san-

244 1344 344 1384 guinis
359 1344 425 1384 ejus
440 1343 611 1384 participes,
629 1343 665 1374 ab
681 1342 801 1374 interitu
829 1343 858 1372 in
875 1342 975 1378 vitam,
991 1350 1007 1371 a
1021 1345 1066 1371 te—

242 1386 345 1420 nebris
358 1388 390 1419 i'n
406 1389 515 1424 lucem,
532 1391 636 1418 aterra
652 1387 682 1418 in
697 1386 803 1418 cmlum
820 1396 887 1417 mox
902 1386 989 1416 simul
1005 1385 1067 1416 sub~

242 1436 348 1465 Vectat.
366 1431 454 1469 Qrius
469 1442 517 1463 me
547 1431 750 1473 corruptione,
779 1435 809 1463 et
825 1435 920 1461 morte
935 1433 1064 1462 exutum.

241 1478 349 1514 totum,
366 1476 445 1517 quod
458 1476 582 1516 cognovi
597 1480 625 1507 et
640 1476 732 1512 sensi,
750 1476 780 1506 in
793 1476 962 1506 libertatem
983 1480 1066 1505 asse-

1106 903 1213 939 ctuque
1224 899 1334 935 satier;
1360 908 1449 939 quem
1462 898 1530 938 quia
1540 898 1706 937 intelligere
1723 907 1858 937 nequeo,
1870 898 1929 927 ideo

1106 953 1206 974 amore
1217 943 1405 974 inﬂammor?
1416 947 1556 983 quantum
1568 952 1636 972 vero
1648 943 1883 982 comprehendi,
1895 946 1929 971 ut-

1106 997 1162 1028 que
1179 988 1301 1027 intelligi
1332 992 1449 1028 potesl;
1478 986 1642 1017 subsistens
1671 996 1756 1016 amor
1785 993 1845 1017 est.
1864 986 1928 1016 Nam

1106 1032 1308 1062 charitasuon
1339 1038 1382 1062 est
1409 1041 1526 1068 nomen,
1558 1031 1609 1061 sed
1641 1030 1741 1060 divina
1756 1030 1929 1065 substantia,

1108 1076 1331 1117 participabilis,
1362 1084 1390 1106 et
1419 1075 1744 1115 incmnprchensibilis,
1779 1081 1810 1106 et
1840 1075 1930 1106 divina

1108 1130 1238 1160 prorSus.
1257 1120 1339 1156 Quod
1358 1120 1558 1159 participalur,
1577 1120 1792 1159 comprehendi
1816 1125 1907 1160 poteSI
1923 1130 1929 1154 ;

1107 1166 1162 1196 hoc
1180 1165 1244 1205 plus
1257 1175 1316 1196 non
1334 1169 1438 1206 potest.
1457 1164 1570 1195 ldcirco
1586 1164 1645 1194 dixi
1658 1164 1723 1202 tibi,
1735 1166 1928 1205 comprehen-

1108 1209 1224 1240 sibilem
1241 1218 1307 1240 esse
1335 1219 1478 1246 amorem,
1507 1216 1533 1239 et
1563 1209 1660 1249 ipsum
1692 1209 1886 1246 ἐννπάπχτον,
1904 1214 1928 1239 ιιι

1109 1254 1353 1294 participabilem,
1371 1260 1400 1285 et
1415 1253 1728 1294 comprehensibilem.
1744 1253 1844 1285 Omne
1858 1255 1930 1284 enim

1109 1299 1184 1338 quod
1203 1299 1415 1339 comprehendi
1446 1303 1475 1329 et
1504 1298 1671 1338 participari
1700 1302 1809 1338 potest,
1838 1299 1930 1339 utique

1109 1343 1237 1374 essentia
1253 1348 1296 1373 est
1307 1344 1480 1374 ivnoni-.0;
1491 1342 1713 1383 participabilis,
1736 1342 1930 1384 similiterque

1109 1387 1388 1427 comprehensibilis
1398 1397 1404 1425 ;
1414 1397 1479 1418 nam
1490 1397 1568 1427 quoq
1581 1388 1645 1417 sine
1658 1388 1786 1418 essentia
1797 1393 1854 1428 est,
1863 1388 1930 1418 nihil

1110 1437 1163 1463 est.
1181 1437 1210 1462 et
1221 1432 1295 1462 nihil
1307 1431 1540 1463 dicitur.Divina
1552 1436 1649 1462 autem
1666 1436 1772 1462 natura
1788 1433 1929 1468 increala,

1110 1481 1139 1508 et
1149 1476 1407 1516 superessentialis
1419 1480 1474 1513 est,
1485 1480 1586 1516 utpote
1598 1475 1729 1506 omnium
1743 1486 1845 1507 rerum
1862 1487 1931 1507 con-

242 1522 302 1552 ruit
316 1532 324 1562 ;
338 1523 375 1552 ac
387 1521 513 1558 deinde,
530 1529 598 1560 quae
610 1520 702 1560 magis
717 1525 762 1551 est
776 1519 966 1560 suspicienda
981 1518 1064 1549 novi—
1076 1533 1096 1558 ο
1109 1521 1235 1552 ditarum
1251 1521 1408 1552 essentiam
1424 1521 1664 1561 supergrediens.
1683 1521 1812 1552 Vocatur
1827 1532 1931 1563 super-

242 1568 301 1602 tas,
314 1565 421 1597 caelum
437 1565 484 1596 me
500 1565 581 1602 fecit,
599 1570 628 1596 et
642 1565 672 1595 in
689 1575 736 1596 me
753 1564 885 1595 omnium
897 1567 999 1594 auctor
1013 1564 1066 1594 ha~

242 1608 364 1649 bitavit;
381 1609 458 1651 quod
476 1608 656 1640 beneﬁcium
672 1609 785 1640 nemini
800 1613 931 1639 veterum
947 1612 1067 1638 sancto-

326 1654 458 1694 contigit.
468 1653 545 1686 Olim
559 1654 668 1695 quippe
680 1654 857 1694 loquebatur
866 1662 917 1693 per
932 1657 1066 1683 sanctum

244 1698 399 1742 Spiritum,
417 1699 541 1740 ejusque
560 1699 668 1730 virtute
697 1703 786 1739 Opera
814 1707 903 1738 supra
920 1701 1065 1734 naturam,

244 1744 444 1775 conditionem
459 1752 560 1774 rerum
587 1744 777 1787 perpetrabat
794 1752 801 1775 :
833 1742 1068 1773 substantiali'ter

240 1787 342 1820 autem
356 1788 545 1829 nequaquam
561 1788 613 1819 ulli
632 1790 708 1820 Deus
734 1789 891 1828 conjuntus
905 1788 962 1824 ’est,
980 1792 1065 1817 ante-

238 1836 331 1874 ‘qtiam
344 1832 477 1864 Christus
487 1831 567 1863 Dens
578 1841 662 1863 meus
682 1833 826 1876 humanus
838 1837 918 1873 artus
930 1832 1066 1872 suscipe-

243 1881 300 1909 ret.
315 1880 474 1917 ASSUmpto
490 1876 568 1907 enim
587 1880 722 1918 corpore,
738 1877 820 1908 dedit
835 1876 977 1917 Spiritum
1001 1885 1067 1906 san-

236 1920 322 1953 "ctum
339 1923 435 1958 sunm,
450 1925 479 1952 et
491 1928 545 1961 per
554 1927 623 1952 eum
636 1921 869 1952 substantialitcr
881 1920 980 1951 unitur
991 1920 1065 1951 ﬁde-

243 1965 324 1997 libus
332 1966 477 1996 universis
491 1974 497 1997 :
512 1966 661 2006 etirrupta
671 1971 758 2006 atque
768 1965 937 1997 ‘in‘sulubilis
949 1970 992 1995 est
1013 1965 1068 1995 ista

244 2019 326 2043 unto.

283 2099 368 2132 Επεὶ]
376 2099 513 2138 !‘(n'ce‘rbe
521 2100 599 2131 enim
612 2100 765 2130 hominum
776 2108 876 2130 errore
886 2108 976 2139 cogor
986 2099 1067 2138 inge-

244 2144 614 2187 miscere)t1uo‘modo’n0n
625 2145 774 2176 credimus
784 2144 1067 2185 Christ0?quomodo

1110 1565 1276 1597 essentialis
1289 1567 1453 1605 ὑπερούσιος,
1472 1569 1500 1596 et
1531 1569 1629 1595 tamen
1660 1569 1704 1596 est
1731 1566 1860 1603 ἐνούσιος,
1891 1571 1932 1597 est

1109 1611 1283 1642 ὲνυπόστατος
1311 1619 1400 1650 super
1437 1618 1554 1640 omnem
1601 1610 1771 1647 essentiam,
1811 1616 1840 1641 et
1867 1620 1931 1641 cum

1109 1660 1207 1686 creata
1222 1654 1371 1695 hypostasi
1387 1654 1468 1685 nulla
1478 1654 1592 1685 ratione
1609 1655 1737 1685 conferri
1751 1664 1838 1694 posse
1851 1656 1932 1686 inlel-

1109 1699 1219 1740 ligitur,
1236 1703 1281 1730 est
1296 1699 1374 1729 enim
1393 1703 1495 1729 natura
1508 1708 1560 1729 sua
1585 1703 1643 1730 tota
1664 1700 1921 1741 incircumscripta

1108 1744 1191 1781 Quod
1206 1754 1264 1775 non
1272 1748 1314 1774 est
1327 1743 1752 1784 circumscriptum,quomodo
1763 1745 1931 1785 hypostasin

1109 1788 1300 1820 uominabis?
1312 1788 1389 1828 quod
1410 1797 1468 1818 non
1484 1788 1629 1825 subsistit,
1646 1789 1719 1819 nihil
1736 1796 1792 1827 est,
1811 1795 1839 1821 et
1854 1800 1928 1830 quo-

1111 1835 1196 1864 modo
1213 1833 1285 1864 mihi
1300 1832 1550 1864 communicabile
1565 1832 1580 1862 ‘?

1148 1878 1179 1909 Si
1196 1888 1253 1908 non
1270 1877 1380 1917 cnedis,
1397 1877 1517 1908 Paulum
1534 1882 1649 1914 testem,
1667 1884 1827 1920 utrumque
1839 1879 1931 1909 credi-

1110 1923 1169 1953 bile
1184 1931 1249 1953 esse
1265 1922 1488 1952 conﬁrmantem
1507 1922 1560 1952 tibi
1577 1923 1750 1962 producam.
1767 1925 1840 1955 Cum
1852 1923 1930 1954 enim

1110 1968 1188 1998 dicat
1202 1966 1312 1997 habere
1328 1975 1359 1996 se
1375 1965 1454 1996 intus
1483 1966 1632 1997 Christum
1656 1968 1840 2008 loquentem,
1858 1973 1886 1998 et
1901 1967 1929 1997 in

1111 2011 1221 2052 Spiritu
1235 2015 1335 2041 sancto
1347 2020 1379 2041 se
1395 2009 1578 2050 loquentem,
1599 2013 1889 2047 communicabilem.
1903 2017 1930 2042 et

1107 2055 1371 2087 circumscribilem
1388 2055 1570 2086 divinitatem
1587 2056 1667 2092 dicit,
1686 2067 1751 2097 quae
1763 2058 1806 2088 sic
1822 2057 1864 2088 illi
1880 2057 1928 2088 ad-

1109 2105 1181 2138 erat,
1199 2104 1230 2130 ut
1247 2105 1342 2130 tamen
1368 2099 1586 2138 circumscribi,
1614 2105 1701 2141 atquc
1718 2101 1928 2142 comprehendi

1110 2145 1257 2185 nequiret.
1270 2143 1393 2180 Quando
1405 2149 1501 2175 autem
1515 2145 1615 2176 lumen
1630 2146 1835 2178 inaccessibile
1845 2147 1927 2177 habi-

243 2194 310 2220 cum
326 2199 386 2220 non
403 2189 579 2230 Sequimur?
597 2189 746 2229 qtmmodo
762 2188 848 2219 Vitam
867 2199 925 2219 non
942 2192 1064 2228 exupta-
1079 2202 1098 2225 υ
1110 2197 1218 2222 tantem
1232 2189 1403 2226 introducit,
1417 2194 1608 2230 testaturque,
1631 2200 1781 2231 nunquam
1790 2193 1882 2222 visum
1895 2190 1927 2221 ab

245 2243 311 2265 mus
325 2232 496 2274 ?qu0mddo
507 2233 626 2264 divitias
643 2234 708 2273 ejus
724 2243 782 2264 non
799 2233 1025 2274 deprmdahiles,
1039 2237 1068 2263 et

242 2279 438 2319 immortales,
458 2280 515 2309 non
547 2283 752 2310 senescentem
783 2279 906 2317 gloriam
932 2281 959 2308 et
973 2279 1066 2308 rerum

240 2321 310 2355 cum
323 2323 386 2365 ipso
397 2323 563 2363 degendam
576 2332 634 2354 non
647 2322 886 2363 concupiscimus
896 2322 911 2352 ?
921 2322 1069 2363 quomodo

234 2368 384 2410 'p‘erit'u‘ris
399 2368 490 2403 atttxi.
508 2377 561 2399 nos
574 2368 718 2399 'salvatu‘m
745 2368 781 2398 iri
812 2367 999 2401 conﬁdimus.
1017 2367 1069 2406 qui

235 2410 391 2445 ‘Christum
410 2422 469 2443 non
486 2413 641 2454 plusquam
658 2422 723 2453 quos
746 2416 934 2448 contuemur,
965 2411 1066 2451 diligi-

244 2467 319 2494 mus,
339 2466 396 2488 nec
411 2461 477 2498 post
492 2457 552 2488 fata
567 2467 622 2488 nos
635 2467 702 2488 cum
718 2456 769 2487 illo
780 2457 893 2487 futuros
903 2464 1067 2496 speramus.

239 2502 295 2534 ‘sed
312 2511 401 2533 sensu
417 2501 516 2533 minus
531 2501 619 2533 etiam
636 2511 722 2543 quam
740 2501 819 2541 ligna
835 2505 864 2532 et
880 2501 992 2542 lapides
1007 2501 1065 2532 uti-

244 2556 322 2578 mur.
338 2546 447 2577 Libera
461 2555 519 2584 me,
537 2546 664 2584 Christe,
680 2546 718 2577 ab
733 2546 788 2577 ista
800 2546 915 2577 insania
933 2546 1068 2577 volunta-

242 2591 297 2633 ria,
312 2595 341 2622 et
353 2591 426 2622 doce
435 2598 536 2622 amare
551 2595 579 2622 te
589 2591 678 2623 vitam
691 2591 821 2622 ﬁdelium
843 2591 988 2622 omnium.
1002 2590 1068 2622 Tibi

240 2636 322 2667 enim
340 2642 469 2676 semper,
486 2640 519 2666 ut
533 2636 607 2676 regi,
624 2635 729 2676 gloria,
745 2635 852 2674 honor,
883 2640 912 2666 et
933 2635 997 2666 laus
1012 2636 1067 2666 de-

243 2679 338 2719 betur,
356 2690 424 2712 cum
440 2681 539 2719 Patre,
557 2685 586 2712 et
601 2685 702 2712 sancto
713 2680 823 2721 Spiritu
840 2681 869 2711 in
886 2680 1066 2720 sempiterna

243 2726 361 2758 tacula.
378 2727 487 2758 Amen.

282 2806 311 2832 ⁵⁸
326 2806 404 2839 Psal.
420 2815 511 2849 uvn,
527 2806 579 2848 ει,
596 2807 654 2844 25;
671 2806 765 2838 Exod.
783 2815 842 2844 xvt,
859 2806 888 2837 4.
932 2806 963 2832 53
981 2804 1006 2836 ll
1021 2806 1088 2837 Cor.

1108 2234 1240 2271 homine,
1259 2238 1318 2264 tum
1335 2234 1634 2275 incircumscriptam,
1649 2240 1678 2265 et
1705 2236 1928 2276 incomprehen-

1111 2289 1172 2310 sam
1188 2279 1328 2310 ostendit.
1345 2279 1428 2315 Quod
1446 2289 1572 2320 namque
1593 2280 1691 2310 nullus
1708 2280 1861 2312 hominum
1875 2290 1927 2310 un-

1112 2333 1197 2364 quam
1216 2323 1297 2361 vidit,
1314 2324 1462 2363 quoinodo
1479 2328 1528 2354 aut
1558 2324 1706 2365 particeps
1721 2325 1786 2365 ejus
1801 2325 1866 2363 fuit,
1883 2329 1928 2355 aut

1113 2369 1185 2399 illud
1202 2368 1388 2408 aliquatenus
1403 2368 1520 2407 attigit?
1541 2378 1726 2409 nequaquam
1741 2370 1834 2406 dices,
1852 2373 1928 2400 certo

1110 2413 1183 2450 scio,
1203 2422 1256 2444 nec
1270 2413 1431 2444 contendes
1460 2423 1590 2444 mecum.
1619 2414 1692 2444 Cum
1709 2423 1811 2445 rursus
1826 2413 1926 2445 dixerit

1111 2458 1176 2489 tibi:
1189 2457 1326 2497 Dcusqui
1335 2458 1924 2498 dixitdetenebrislumensiilendescere,

1110 2503 1159 2543 qui
1171 2503 1280 2534 illuxit
1287 2503 1317 2533 in
1325 2502 1467 2533 cordibus
1475 2503 1632 2540 nostris53,
1647 2512 1733 2543 quem
1747 2503 1811 2541 tibi,
1820 2511 1924 2544 quazso,

1111 2547 1199 2578 aiium
1215 2549 1306 2578 Deum
1320 2547 1542 2586 intelligendum
1557 2547 1686 2588 subiicit,
1700 2548 1758 2578 nisi
1768 2548 1862 2585 illum,
1880 2547 1924 2587 qui

1113 2591 1223 2622 habitat
1237 2591 1349 2627 lumen,
1363 2591 1440 2631 quod
1452 2592 1529 2622 ferre
1549 2601 1639 2623 nemo
1656 2601 1715 2632 pra:
1730 2593 1860 2623 c'aritale
1875 2601 1924 2632 po—

1112 2640 1176 2669 test,
1193 2640 1220 2666 cl
1233 2646 1319 2676 quem
1333 2645 1419 2667 nemo
1440 2646 1567 2676 unquam
1585 2636 1739 2667 hominum
1753 2637 1851 2668 vidit?
1865 2636 1923 2676 Ipse

1110 2681 1189 2712 enim
1206 2680 1476 2721 superessentialis.
1495 2685 1524 2713 et
1540 2681 1622 2721 prius
1635 2681 1794 2717 increatus,
1812 2688 1922 2714 carnem

1109 2725 1249 2766 suscepit,
1266 2729 1294 2756 et
1310 2729 1426 2756 creatus
1441 2725 1512 2756 mihi
1542 2728 1620 2756 visus
1635 2730 1690 2764 est,
1707 2730 1801 2758 totum
1819 2736 1864 2759 me
1877 2732 1920 2754 as-

1107 2815 1144 2843 l\’,
1164 2806 1195 2837 6.
