  <div class='ocr_page' id='page_1' title='image "/cluster/home/n/w/nwhite01/storage/ocr_20150623/120/njp.32101010943973/392.png"; bbox 0 0 1982 3075; ppageno 0'>
   <div class='ocr_carea' id='block_1_1' title="bbox 29 171 109 203">
    <p class='ocr_par' dir='ltr' id='par_1_1' title="bbox 29 171 109 203">
     <span class='ocr_line' id='line_1_1' title="bbox 29 171 109 203; baseline 0 -1"><span class='ocrx_word' id='word_1_1' title='bbox 29 171 109 203; x_wconf 79' lang='grc'><strong>593</strong></span> 
     </span>
    </p>
   </div>
   <div class='ocr_carea' id='block_1_2' title="bbox 631 177 1179 213">
    <p class='ocr_par' dir='ltr' id='par_1_2' title="bbox 631 177 1179 213">
     <span class='ocr_line' id='line_1_2' title="bbox 631 177 1179 213; baseline 0 -5"><span class='ocrx_word' id='word_1_2' title='bbox 631 177 848 209; x_wconf 73' lang='lat' dir='ltr'><strong>DIVINORUM</strong></span> <span class='ocrx_word' id='word_1_3' title='bbox 871 177 1033 213; x_wconf 72' lang='lat' dir='ltr'><strong>AMOBUM</strong></span> <span class='ocrx_word' id='word_1_4' title='bbox 1057 178 1179 211; x_wconf 80' lang='lat' dir='ltr'><strong>LIBER.</strong></span> 
     </span>
    </p>
   </div>
   <div class='ocr_carea' id='block_1_3' title="bbox 1698 179 1755 220">
    <p class='ocr_par' dir='ltr' id='par_1_3' title="bbox 1698 179 1755 220">
     <span class='ocr_line' id='line_1_3' title="bbox 1698 179 1755 220; baseline 0 -3"><span class='ocrx_word' id='word_1_5' title='bbox 1698 179 1755 220; x_wconf 58' lang='lat'><strong>59$,</strong></span> 
     </span>
    </p>
   </div>
   <div class='ocr_carea' id='block_1_4' title="bbox 34 241 1752 289">
    <p class='ocr_par' dir='ltr' id='par_1_4' title="bbox 34 241 1752 289">
     <span class='ocr_line' id='line_1_4' title="bbox 34 241 1752 289; baseline 0.006 -20"><span class='ocrx_word' id='word_1_6' title='bbox 34 244 211 280; x_wconf 89' lang='lat' dir='ltr'><strong>sumptum</strong></span> <span class='ocrx_word' id='word_1_7' title='bbox 230 241 406 289; x_wconf 79' lang='lat' dir='ltr'><strong>mirabiliter</strong></span> <span class='ocrx_word' id='word_1_8' title='bbox 421 243 572 289; x_wconf 45' lang='lat' dir='ltr'><strong>deiﬁcans,</strong></span> <span class='ocrx_word' id='word_1_9' title='bbox 588 245 830 279; x_wconf 83' lang='lat' dir='ltr'><strong>Credisneistud.</strong></span> <span class='ocrx_word' id='word_1_10' title='bbox 841 244 887 276; x_wconf 90' lang='lat' dir='ltr'><strong>dic</strong></span> <span class='ocrx_word' id='word_1_11' title='bbox 899 246 920 273; x_wconf 79' lang='grc' dir='ltr'><strong>Δ</strong></span> <span class='ocrx_word' id='word_1_12' title='bbox 931 253 997 274; x_wconf 89' lang='lat' dir='ltr'><strong>cum</strong></span> <span class='ocrx_word' id='word_1_13' title='bbox 1016 244 1101 275; x_wconf 89' lang='lat' dir='ltr'><strong>nobis</strong></span> <span class='ocrx_word' id='word_1_14' title='bbox 1116 245 1197 278; x_wconf 85' lang='lat' dir='ltr'><strong>idem</strong></span> <span class='ocrx_word' id='word_1_15' title='bbox 1212 246 1336 283; x_wconf 81' lang='lat' dir='ltr'><strong>accidat,</strong></span> <span class='ocrx_word' id='word_1_16' title='bbox 1365 257 1424 279; x_wconf 89' lang='lat' dir='ltr'><strong>non</strong></span> <span class='ocrx_word' id='word_1_17' title='bbox 1454 251 1590 289; x_wconf 69' lang='lat' dir='ltr'><strong>putamus</strong></span> <span class='ocrx_word' id='word_1_18' title='bbox 1604 247 1752 282; x_wconf 70' lang='lat' dir='ltr'><strong>accidere.</strong></span> 
     </span>
    </p>
   </div>
   <div class='ocr_carea' id='block_1_5' title="bbox 38 287 886 329">
    <p class='ocr_par' dir='ltr' id='par_1_5' title="bbox 38 287 886 329">
     <span class='ocr_line' id='line_1_5' title="bbox 38 287 886 329; baseline 0.006 -15"><span class='ocrx_word' id='word_1_19' title='bbox 38 294 120 322; x_wconf 71' lang='lat' dir='ltr'><strong>age,</strong></span> <span class='ocrx_word' id='word_1_20' title='bbox 140 290 173 316; x_wconf 88' lang='lat' dir='ltr'><strong>et</strong></span> <span class='ocrx_word' id='word_1_21' title='bbox 191 287 359 327; x_wconf 76' lang='lat' dir='ltr'><strong>neutiquam</strong></span> <span class='ocrx_word' id='word_1_22' title='bbox 377 288 492 319; x_wconf 89' lang='lat' dir='ltr'><strong>dubitas</strong></span> <span class='ocrx_word' id='word_1_23' title='bbox 508 289 520 320; x_wconf 65' lang='grc' dir='ltr'>Υ</span> <span class='ocrx_word' id='word_1_24' title='bbox 547 288 577 320; x_wconf 89' lang='lat' dir='ltr'><strong>Si</strong></span> <span class='ocrx_word' id='word_1_25' title='bbox 604 289 691 329; x_wconf 82' lang='lat' dir='ltr'><strong>igitur</strong></span> <span class='ocrx_word' id='word_1_26' title='bbox 706 289 783 321; x_wconf 89' lang='lat' dir='ltr'><strong>Deus</strong></span> <span class='ocrx_word' id='word_1_27' title='bbox 799 289 886 321; x_wconf 88' lang='lat' dir='ltr'><strong>homo</strong></span> 
     </span>
    </p>
   </div>
   <div class='ocr_carea' id='block_1_6' title="bbox 43 330 887 375">
    <p class='ocr_par' dir='ltr' id='par_1_6' title="bbox 43 330 887 375">
     <span class='ocr_line' id='line_1_6' title="bbox 43 330 887 375; baseline 0.008 -17"><span class='ocrx_word' id='word_1_28' title='bbox 43 330 166 375; x_wconf 73' lang='lat' dir='ltr'><strong>factus,</strong></span> <span class='ocrx_word' id='word_1_29' title='bbox 187 334 218 360; x_wconf 89' lang='lat' dir='ltr'><strong>ut</strong></span> <span class='ocrx_word' id='word_1_30' title='bbox 231 332 340 369; x_wconf 86' lang='lat' dir='ltr'><strong>credis,</strong></span> <span class='ocrx_word' id='word_1_31' title='bbox 358 333 508 364; x_wconf 82' lang='lat' dir='ltr'><strong>hominem</strong></span> <span class='ocrx_word' id='word_1_32' title='bbox 538 343 585 365; x_wconf 90' lang='lat' dir='ltr'><strong>me</strong></span> <span class='ocrx_word' id='word_1_33' title='bbox 613 344 702 375; x_wconf 83' lang='lat' dir='ltr'><strong>quem</strong></span> <span class='ocrx_word' id='word_1_34' title='bbox 716 334 887 374; x_wconf 77' lang='lat' dir='ltr'><strong>assumpsit,</strong></span> 
     </span>
    </p>
   </div>
   <div class='ocr_carea' id='block_1_7' title="bbox 42 373 889 419">
    <p class='ocr_par' dir='ltr' id='par_1_7' title="bbox 42 373 889 419">
     <span class='ocr_line' id='line_1_7' title="bbox 42 373 889 419; baseline 0.011 -17"><span class='ocrx_word' id='word_1_35' title='bbox 42 373 221 410; x_wconf 83' lang='lat' dir='ltr'><strong>deiﬁeavit,</strong></span> <span class='ocrx_word' id='word_1_36' title='bbox 229 376 389 414; x_wconf 82' lang='lat' dir='ltr'><strong>adoptione</strong></span> <span class='ocrx_word' id='word_1_37' title='bbox 398 377 472 409; x_wconf 90' lang='lat' dir='ltr'><strong>deus</strong></span> <span class='ocrx_word' id='word_1_38' title='bbox 483 388 552 416; x_wconf 74' lang='lat' dir='ltr'><strong>ego,</strong></span> <span class='ocrx_word' id='word_1_39' title='bbox 562 373 629 410; x_wconf 80' lang='lat' dir='ltr'><strong>cum</strong></span> <span class='ocrx_word' id='word_1_40' title='bbox 641 379 803 419; x_wconf 85' lang='lat' dir='ltr'><strong>quinatura</strong></span> <span class='ocrx_word' id='word_1_41' title='bbox 810 373 889 411; x_wconf 79' lang='lat' dir='ltr'><strong>Deus</strong></span> 
     </span>
    </p>
   </div>
   <div class='ocr_carea' id='block_1_8' title="bbox 44 419 887 463">
    <p class='ocr_par' dir='ltr' id='par_1_8' title="bbox 44 419 887 463">
     <span class='ocr_line' id='line_1_8' title="bbox 44 419 887 463; baseline 0.008 -15"><span class='ocrx_word' id='word_1_42' title='bbox 44 423 111 453; x_wconf 84' lang='lat' dir='ltr'><strong>est,</strong></span> <span class='ocrx_word' id='word_1_43' title='bbox 130 419 239 459; x_wconf 78' lang='lat' dir='ltr'><strong>video;</strong></span> <span class='ocrx_word' id='word_1_44' title='bbox 258 421 340 452; x_wconf 85' lang='lat' dir='ltr'><strong>illum</strong></span> <span class='ocrx_word' id='word_1_45' title='bbox 357 422 481 459; x_wconf 76' lang='lat' dir='ltr'><strong>scilicet,</strong></span> <span class='ocrx_word' id='word_1_46' title='bbox 501 432 589 463; x_wconf 88' lang='lat' dir='ltr'><strong>quem</strong></span> <span class='ocrx_word' id='word_1_47' title='bbox 614 433 700 454; x_wconf 89' lang='lat' dir='ltr'><strong>nemo</strong></span> <span class='ocrx_word' id='word_1_48' title='bbox 720 423 887 455; x_wconf 93' lang='lat' dir='ltr'><strong>mortalium</strong></span> 
     </span>
    </p>
   </div>
   <div class='ocr_carea' id='block_1_9' title="bbox 43 463 889 507">
    <p class='ocr_par' dir='ltr' id='par_1_9' title="bbox 43 463 889 507">
     <span class='ocr_line' id='line_1_9' title="bbox 43 463 889 507; baseline 0.007 -15"><span class='ocrx_word' id='word_1_49' title='bbox 43 463 220 503; x_wconf 79' lang='lat' dir='ltr'><strong>aliquando</strong></span> <span class='ocrx_word' id='word_1_50' title='bbox 233 465 332 496; x_wconf 85' lang='lat' dir='ltr'><strong>videre</strong></span> <span class='ocrx_word' id='word_1_51' title='bbox 344 466 449 505; x_wconf 88' lang='lat' dir='ltr'><strong>potuit,</strong></span> <span class='ocrx_word' id='word_1_52' title='bbox 462 476 517 498; x_wconf 92' lang='lat' dir='ltr'><strong>nec</strong></span> <span class='ocrx_word' id='word_1_53' title='bbox 529 472 624 507; x_wconf 89' lang='lat' dir='ltr'><strong>potest</strong></span> <span class='ocrx_word' id='word_1_54' title='bbox 639 468 699 499; x_wconf 93' lang='lat' dir='ltr'><strong>ullo</strong></span> <span class='ocrx_word' id='word_1_55' title='bbox 718 468 817 501; x_wconf 86' lang='lat' dir='ltr'><strong>modo.</strong></span> <span class='ocrx_word' id='word_1_56' title='bbox 834 468 889 505; x_wconf 88' lang='lat' dir='ltr'><strong>Qui</strong></span> 
     </span>
    </p>
   </div>
   <div class='ocr_carea' id='block_1_10' title="bbox 45 507 888 553">
    <p class='ocr_par' dir='ltr' id='par_1_10' title="bbox 45 507 888 553">
     <span class='ocr_line' id='line_1_10' title="bbox 45 507 888 553; baseline 0.008 -16"><span class='ocrx_word' id='word_1_57' title='bbox 45 507 154 538; x_wconf 89' lang='lat' dir='ltr'><strong>Deum</strong></span> <span class='ocrx_word' id='word_1_58' title='bbox 174 509 243 539; x_wconf 90' lang='lat' dir='ltr'><strong>ﬁdei</strong></span> <span class='ocrx_word' id='word_1_59' title='bbox 260 510 400 550; x_wconf 84' lang='lat' dir='ltr'><strong>operibus</strong></span> <span class='ocrx_word' id='word_1_60' title='bbox 414 517 604 552; x_wconf 86' lang='lat' dir='ltr'><strong>receperunt,</strong></span> <span class='ocrx_word' id='word_1_61' title='bbox 620 517 649 543; x_wconf 90' lang='lat' dir='ltr'><strong>et</strong></span> <span class='ocrx_word' id='word_1_62' title='bbox 664 513 693 543; x_wconf 90' lang='lat' dir='ltr'><strong>in</strong></span> <span class='ocrx_word' id='word_1_63' title='bbox 710 512 770 553; x_wconf 68' lang='lat' dir='ltr'><strong>Spir</strong></span> <span class='ocrx_word' id='word_1_64' title='bbox 781 513 822 543; x_wconf 92' lang='lat' dir='ltr'><strong>itu</strong></span> <span class='ocrx_word' id='word_1_65' title='bbox 837 522 888 545; x_wconf 86' lang='lat' dir='ltr'><strong>re-</strong></span> 
     </span>
    </p>
   </div>
   <div class='ocr_carea' id='block_1_11' title="bbox 46 552 887 596">
    <p class='ocr_par' dir='ltr' id='par_1_11' title="bbox 46 552 887 596">
     <span class='ocr_line' id='line_1_11' title="bbox 46 552 887 596; baseline 0.008 -15"><span class='ocrx_word' id='word_1_66' title='bbox 46 552 131 592; x_wconf 86' lang='lat' dir='ltr'><strong>nati,</strong></span> <span class='ocrx_word' id='word_1_67' title='bbox 149 553 192 583; x_wconf 92' lang='lat' dir='ltr'><strong>dii</strong></span> <span class='ocrx_word' id='word_1_68' title='bbox 206 555 403 594; x_wconf 77' lang='lat' dir='ltr'><strong>appellantur,</strong></span> <span class='ocrx_word' id='word_1_69' title='bbox 422 555 520 596; x_wconf 84' lang='lat' dir='ltr'><strong>ipsum</strong></span> <span class='ocrx_word' id='word_1_70' title='bbox 537 556 620 587; x_wconf 91' lang='lat' dir='ltr'><strong>illum</strong></span> <span class='ocrx_word' id='word_1_71' title='bbox 637 552 755 589; x_wconf 81' lang='lat' dir='ltr'><strong>Patrem</strong></span> <span class='ocrx_word' id='word_1_72' title='bbox 785 567 887 588; x_wconf 86' lang='lat' dir='ltr'><strong>eorum</strong></span> 
     </span>
    </p>
   </div>
   <div class='ocr_carea' id='block_1_12' title="bbox 43 597 889 642">
    <p class='ocr_par' dir='ltr' id='par_1_12' title="bbox 43 597 889 642">
     <span class='ocr_line' id='line_1_12' title="bbox 43 597 889 642; baseline 0.007 -16"><span class='ocrx_word' id='word_1_73' title='bbox 43 597 172 633; x_wconf 78' lang='lat' dir='ltr'><strong>vident,</strong></span> <span class='ocrx_word' id='word_1_74' title='bbox 184 608 303 639; x_wconf 87' lang='lat' dir='ltr'><strong>semper</strong></span> <span class='ocrx_word' id='word_1_75' title='bbox 312 600 889 642; x_wconf 86' lang='lat' dir='ltr'><strong>habitantemlumeninaccessibile,ipsi</strong></span> 
     </span>
    </p>
   </div>
   <div class='ocr_carea' id='block_1_13' title="bbox 47 642 888 686">
    <p class='ocr_par' dir='ltr' id='par_1_13' title="bbox 47 642 888 686">
     <span class='ocr_line' id='line_1_13' title="bbox 47 642 888 686; baseline 0.008 -16"><span class='ocrx_word' id='word_1_76' title='bbox 47 642 86 671; x_wconf 90' lang='lat' dir='ltr'><strong>in</strong></span> <span class='ocrx_word' id='word_1_77' title='bbox 104 642 219 681; x_wconf 73' lang='lat' dir='ltr'><strong>St‘iPSIS</strong></span> <span class='ocrx_word' id='word_1_78' title='bbox 234 644 372 675; x_wconf 88' lang='lat' dir='ltr'><strong>eumdem</strong></span> <span class='ocrx_word' id='word_1_79' title='bbox 403 644 530 676; x_wconf 85' lang='lat' dir='ltr'><strong>incolam</strong></span> <span class='ocrx_word' id='word_1_80' title='bbox 555 645 709 683; x_wconf 83' lang='lat' dir='ltr'><strong>habentes,</strong></span> <span class='ocrx_word' id='word_1_81' title='bbox 728 650 757 676; x_wconf 92' lang='lat' dir='ltr'><strong>et</strong></span> <span class='ocrx_word' id='word_1_82' title='bbox 772 646 827 686; x_wconf 85' lang='lat' dir='ltr'><strong>ipsi</strong></span> <span class='ocrx_word' id='word_1_83' title='bbox 842 646 888 677; x_wconf 90' lang='lat' dir='ltr'><strong>vi-</strong></span> 
     </span>
    </p>
   </div>
   <div class='ocr_carea' id='block_1_14' title="bbox 46 686 743 731">
    <p class='ocr_par' dir='ltr' id='par_1_14' title="bbox 46 686 743 731">
     <span class='ocr_line' id='line_1_14' title="bbox 46 686 743 731; baseline 0.007 -15"><span class='ocrx_word' id='word_1_84' title='bbox 46 686 161 731; x_wconf 87' lang='lat' dir='ltr'><strong>cissim</strong></span> <span class='ocrx_word' id='word_1_85' title='bbox 179 687 209 717; x_wconf 88' lang='lat' dir='ltr'><strong>in</strong></span> <span class='ocrx_word' id='word_1_86' title='bbox 227 697 261 718; x_wconf 92' lang='lat' dir='ltr'><strong>eo</strong></span> <span class='ocrx_word' id='word_1_87' title='bbox 278 690 327 729; x_wconf 92' lang='lat' dir='ltr'><strong>qui</strong></span> <span class='ocrx_word' id='word_1_88' title='bbox 344 693 388 720; x_wconf 86' lang='lat' dir='ltr'><strong>est</strong></span> <span class='ocrx_word' id='word_1_89' title='bbox 403 690 582 731; x_wconf 82' lang='lat' dir='ltr'><strong>inaccessus,</strong></span> <span class='ocrx_word' id='word_1_90' title='bbox 601 690 743 721; x_wconf 88' lang='lat' dir='ltr'><strong>habitant.</strong></span> 
     </span>
    </p>
   </div>
   <div class='ocr_carea' id='block_1_15' title="bbox 99 730 885 775">
    <p class='ocr_par' dir='ltr' id='par_1_15' title="bbox 99 730 885 775">
     <span class='ocr_line' id='line_1_15' title="bbox 99 730 885 775; baseline 0.005 -13"><span class='ocrx_word' id='word_1_91' title='bbox 99 730 171 762; x_wconf 84' lang='lat' dir='ltr'><strong>Haec</strong></span> <span class='ocrx_word' id='word_1_92' title='bbox 185 732 257 763; x_wconf 83' lang='lat' dir='ltr'><strong>ﬁdes</strong></span> <span class='ocrx_word' id='word_1_93' title='bbox 270 742 350 769; x_wconf 80' lang='lat' dir='ltr'><strong>vera,</strong></span> <span class='ocrx_word' id='word_1_94' title='bbox 365 734 421 764; x_wconf 92' lang='lat' dir='ltr'><strong>hoc</strong></span> <span class='ocrx_word' id='word_1_95' title='bbox 439 734 491 764; x_wconf 85' lang='lat' dir='ltr'><strong>Dei</strong></span> <span class='ocrx_word' id='word_1_96' title='bbox 504 744 588 775; x_wconf 91' lang='lat' dir='ltr'><strong>opus,</strong></span> <span class='ocrx_word' id='word_1_97' title='bbox 601 735 657 765; x_wconf 86' lang='lat' dir='ltr'><strong>hoc</strong></span> <span class='ocrx_word' id='word_1_98' title='bbox 668 735 885 773; x_wconf 80' lang='lat' dir='ltr'><strong>sigillumChri-</strong></span> 
     </span>
    </p>
   </div>
   <div class='ocr_carea' id='block_1_16' title="bbox 46 775 885 820">
    <p class='ocr_par' dir='ltr' id='par_1_16' title="bbox 46 775 885 820">
     <span class='ocr_line' id='line_1_16' title="bbox 46 775 885 820; baseline 0.006 -15"><span class='ocrx_word' id='word_1_99' title='bbox 46 775 236 820; x_wconf 76' lang='lat' dir='ltr'><strong>stianorum,</strong></span> <span class='ocrx_word' id='word_1_100' title='bbox 254 777 315 807; x_wconf 66' lang='lat' dir='ltr'><strong>haec</strong></span> <span class='ocrx_word' id='word_1_101' title='bbox 331 777 428 809; x_wconf 89' lang='lat' dir='ltr'><strong>divina</strong></span> <span class='ocrx_word' id='word_1_102' title='bbox 454 779 695 816; x_wconf 84' lang='lat' dir='ltr'><strong>communicatio,</strong></span> <span class='ocrx_word' id='word_1_103' title='bbox 714 779 776 810; x_wconf 63' lang='lat' dir='ltr'><strong>haec</strong></span> <span class='ocrx_word' id='word_1_104' title='bbox 793 779 885 820; x_wconf 85' lang='lat' dir='ltr'><strong>parti—</strong></span> 
     </span>
    </p>
   </div>
   <div class='ocr_carea' id='block_1_17' title="bbox 46 819 884 863">
    <p class='ocr_par' dir='ltr' id='par_1_17' title="bbox 46 819 884 863">
     <span class='ocr_line' id='line_1_17' title="bbox 46 819 884 863; baseline 0.007 -14"><span class='ocrx_word' id='word_1_105' title='bbox 46 819 180 860; x_wconf 82' lang='lat' dir='ltr'><strong>cipatio,</strong></span> <span class='ocrx_word' id='word_1_106' title='bbox 199 830 227 851; x_wconf 83' lang='lat' dir='ltr'><strong>ei</strong></span> <span class='ocrx_word' id='word_1_107' title='bbox 244 821 360 852; x_wconf 86' lang='lat' dir='ltr'><strong>divinus</strong></span> <span class='ocrx_word' id='word_1_108' title='bbox 375 823 502 854; x_wconf 88' lang='lat' dir='ltr'><strong>arrhabo</strong></span> <span class='ocrx_word' id='word_1_109' title='bbox 520 833 527 863; x_wconf 85' lang='lat'><strong>;</strong></span> <span class='ocrx_word' id='word_1_110' title='bbox 544 824 605 854; x_wconf 66' lang='lat' dir='ltr'><strong>haec</strong></span> <span class='ocrx_word' id='word_1_111' title='bbox 621 827 666 854; x_wconf 89' lang='lat' dir='ltr'><strong>est</strong></span> <span class='ocrx_word' id='word_1_112' title='bbox 680 823 748 863; x_wconf 83' lang='lat' dir='ltr'><strong>vita,</strong></span> <span class='ocrx_word' id='word_1_113' title='bbox 765 819 822 855; x_wconf 85' lang='lat' dir='ltr'><strong>hoc</strong></span> <span class='ocrx_word' id='word_1_114' title='bbox 836 832 884 855; x_wconf 85' lang='lat' dir='ltr'><strong>re-</strong></span> 
     </span>
    </p>
   </div>
   <div class='ocr_carea' id='block_1_18' title="bbox 927 291 1753 334">
    <p class='ocr_par' dir='ltr' id='par_1_18' title="bbox 927 291 1753 334">
     <span class='ocr_line' id='line_1_18' title="bbox 927 291 1753 334; baseline 0.006 -16"><span class='ocrx_word' id='word_1_115' title='bbox 927 297 983 334; x_wconf 80' lang='lat' dir='ltr'><strong>nec</strong></span> <span class='ocrx_word' id='word_1_116' title='bbox 995 298 1173 330; x_wconf 84' lang='lat' dir='ltr'><strong>quemquam</strong></span> <span class='ocrx_word' id='word_1_117' title='bbox 1189 291 1527 332; x_wconf 83' lang='lat' dir='ltr'><strong>reveremur,uecipsos</strong></span> <span class='ocrx_word' id='word_1_118' title='bbox 1534 291 1648 334; x_wconf 60' lang='lat' dir='ltr'><strong>milites</strong></span> <span class='ocrx_word' id='word_1_119' title='bbox 1663 296 1753 327; x_wconf 85' lang='lat' dir='ltr'><strong>etau-</strong></span> 
     </span>
    </p>
   </div>
   <div class='ocr_carea' id='block_1_19' title="bbox 928 332 1755 376">
    <p class='ocr_par' dir='ltr' id='par_1_19' title="bbox 928 332 1755 376">
     <span class='ocr_line' id='line_1_19' title="bbox 928 332 1755 376; baseline 0.007 -14"><span class='ocrx_word' id='word_1_120' title='bbox 928 332 1021 370; x_wconf 85' lang='lat' dir='ltr'><strong>gelos,</strong></span> <span class='ocrx_word' id='word_1_121' title='bbox 1032 333 1162 374; x_wconf 85' lang='lat' dir='ltr'><strong>desuper</strong></span> <span class='ocrx_word' id='word_1_122' title='bbox 1177 344 1226 366; x_wconf 84' lang='lat' dir='ltr'><strong>res</strong></span> <span class='ocrx_word' id='word_1_123' title='bbox 1244 341 1359 367; x_wconf 86' lang='lat' dir='ltr'><strong>nostras</strong></span> <span class='ocrx_word' id='word_1_124' title='bbox 1374 335 1537 376; x_wconf 84' lang='lat' dir='ltr'><strong>intuentes:</strong></span> <span class='ocrx_word' id='word_1_125' title='bbox 1553 332 1604 374; x_wconf 79' lang='lat' dir='ltr'><strong>sed</strong></span> <span class='ocrx_word' id='word_1_126' title='bbox 1616 336 1755 376; x_wconf 90' lang='lat' dir='ltr'><strong>impletur</strong></span> 
     </span>
    </p>
   </div>
   <div class='ocr_carea' id='block_1_20' title="bbox 929 377 1752 420">
    <p class='ocr_par' dir='ltr' id='par_1_20' title="bbox 929 377 1752 420">
     <span class='ocr_line' id='line_1_20' title="bbox 929 377 1752 420; baseline 0.004 -13"><span class='ocrx_word' id='word_1_127' title='bbox 929 377 958 407; x_wconf 93' lang='lat' dir='ltr'><strong>in</strong></span> <span class='ocrx_word' id='word_1_128' title='bbox 975 377 1061 413; x_wconf 78' lang='lat' dir='ltr'><strong>nobis</strong></span> <span class='ocrx_word' id='word_1_129' title='bbox 1077 379 1198 410; x_wconf 82' lang='lat' dir='ltr'><strong>verbum</strong></span> <span class='ocrx_word' id='word_1_130' title='bbox 1214 379 1346 420; x_wconf 78' lang='lat' dir='ltr'><strong>Domini,</strong></span> <span class='ocrx_word' id='word_1_131' title='bbox 1367 380 1502 420; x_wconf 61' lang='lat' dir='ltr'><strong>ﬁdentes</strong></span> <span class='ocrx_word' id='word_1_132' title='bbox 1522 389 1584 420; x_wconf 57' lang='lat' dir='ltr'><strong>tum,</strong></span> <span class='ocrx_word' id='word_1_133' title='bbox 1598 381 1698 412; x_wconf 78' lang='lat' dir='ltr'><strong>rident</strong></span> <span class='ocrx_word' id='word_1_134' title='bbox 1710 380 1752 410; x_wconf 62' lang='lat'><strong>54.</strong></span> 
     </span>
    </p>
   </div>
   <div class='ocr_carea' id='block_1_21' title="bbox 930 421 1753 468">
    <p class='ocr_par' dir='ltr' id='par_1_21' title="bbox 930 421 1753 468">
     <span class='ocr_line' id='line_1_21' title="bbox 930 421 1753 468; baseline 0.006 -16"><span class='ocrx_word' id='word_1_135' title='bbox 930 421 964 454; x_wconf 87' lang='lat' dir='ltr'><strong>Et</strong></span> <span class='ocrx_word' id='word_1_136' title='bbox 979 423 1134 468; x_wconf 79' lang='lat' dir='ltr'><strong>audientes</strong></span> <span class='ocrx_word' id='word_1_137' title='bbox 1149 423 1326 464; x_wconf 85' lang='lat' dir='ltr'><strong>spiritualia,</strong></span> <span class='ocrx_word' id='word_1_138' title='bbox 1356 433 1444 462; x_wconf 82' lang='lat' dir='ltr'><strong>aures</strong></span> <span class='ocrx_word' id='word_1_139' title='bbox 1472 422 1630 464; x_wconf 78' lang='lat' dir='ltr'><strong>obstruunt</strong></span> <span class='ocrx_word' id='word_1_140' title='bbox 1645 425 1753 468; x_wconf 68' lang='lat' dir='ltr'><strong>potius,</strong></span> 
     </span>
    </p>
   </div>
   <div class='ocr_carea' id='block_1_22' title="bbox 930 466 1752 513">
    <p class='ocr_par' dir='ltr' id='par_1_22' title="bbox 930 466 1752 513">
     <span class='ocr_line' id='line_1_22' title="bbox 930 466 1752 513; baseline 0.005 -17"><span class='ocrx_word' id='word_1_141' title='bbox 930 471 959 497; x_wconf 91' lang='lat' dir='ltr'><strong>et</strong></span> <span class='ocrx_word' id='word_1_142' title='bbox 970 467 1195 513; x_wconf 2' lang='lat' dir='ltr'><strong>verbaquiritus</strong></span> <span class='ocrx_word' id='word_1_143' title='bbox 1206 468 1313 500; x_wconf 86' lang='lat' dir='ltr'><strong>audire</strong></span> <span class='ocrx_word' id='word_1_144' title='bbox 1324 468 1437 513; x_wconf 76' lang='lat' dir='ltr'><strong>nolunt.</strong></span> <span class='ocrx_word' id='word_1_145' title='bbox 1453 468 1489 511; x_wconf 68' lang='lat' dir='ltr'><strong>Et</strong></span> <span class='ocrx_word' id='word_1_146' title='bbox 1502 468 1623 508; x_wconf 77' lang='lat' dir='ltr'><strong>auribus</strong></span> <span class='ocrx_word' id='word_1_147' title='bbox 1633 466 1752 513; x_wconf 74' lang='lat' dir='ltr'><strong>quidem</strong></span> 
     </span>
    </p>
   </div>
   <div class='ocr_carea' id='block_1_23' title="bbox 930 511 1755 557">
    <p class='ocr_par' dir='ltr' id='par_1_23' title="bbox 930 511 1755 557">
     <span class='ocr_line' id='line_1_23' title="bbox 930 511 1755 557; baseline 0.004 -16"><span class='ocrx_word' id='word_1_148' title='bbox 930 512 1082 550; x_wconf 87' lang='lat' dir='ltr'><strong>corporeis</strong></span> <span class='ocrx_word' id='word_1_149' title='bbox 1096 513 1221 544; x_wconf 87' lang='lat' dir='ltr'><strong>audiunt</strong></span> <span class='ocrx_word' id='word_1_150' title='bbox 1237 521 1245 550; x_wconf 88' lang='lat'><strong>;</strong></span> <span class='ocrx_word' id='word_1_151' title='bbox 1275 512 1444 553; x_wconf 84' lang='lat' dir='ltr'><strong>spirituales</strong></span> <span class='ocrx_word' id='word_1_152' title='bbox 1471 522 1538 554; x_wconf 59' lang='lat' dir='ltr'><strong>vero</strong></span> <span class='ocrx_word' id='word_1_153' title='bbox 1552 511 1755 557; x_wconf 49' lang='lat' dir='ltr'><strong>aurescordi&#39;s</strong></span> 
     </span>
    </p>
   </div>
   <div class='ocr_carea' id='block_1_24' title="bbox 931 556 1753 601">
    <p class='ocr_par' dir='ltr' id='par_1_24' title="bbox 931 556 1753 601">
     <span class='ocr_line' id='line_1_24' title="bbox 931 556 1753 601; baseline 0.005 -16"><span class='ocrx_word' id='word_1_154' title='bbox 931 556 1063 601; x_wconf 72' lang='lat' dir='ltr'><strong>occlusas</strong></span> <span class='ocrx_word' id='word_1_155' title='bbox 1079 556 1199 593; x_wconf 89' lang='lat' dir='ltr'><strong>habent,</strong></span> <span class='ocrx_word' id='word_1_156' title='bbox 1212 561 1240 588; x_wconf 87' lang='lat' dir='ltr'><strong>et</strong></span> <span class='ocrx_word' id='word_1_157' title='bbox 1251 557 1368 596; x_wconf 85' lang='lat' dir='ltr'><strong>penitus</strong></span> <span class='ocrx_word' id='word_1_158' title='bbox 1381 567 1440 588; x_wconf 89' lang='lat' dir='ltr'><strong>non</strong></span> <span class='ocrx_word' id='word_1_159' title='bbox 1452 561 1575 598; x_wconf 75' lang='lat' dir='ltr'><strong>possunt</strong></span> <span class='ocrx_word' id='word_1_160' title='bbox 1589 557 1683 592; x_wconf 87' lang='lat' dir='ltr'><strong>Deum</strong></span> <span class='ocrx_word' id='word_1_161' title='bbox 1699 567 1753 601; x_wconf 59' lang='lat' dir='ltr'><strong>au-</strong></span> 
     </span>
    </p>
   </div>
   <div class='ocr_carea' id='block_1_25' title="bbox 929 597 1753 643">
    <p class='ocr_par' dir='ltr' id='par_1_25' title="bbox 929 597 1753 643">
     <span class='ocr_line' id='line_1_25' title="bbox 929 597 1753 643; baseline 0.005 -14"><span class='ocrx_word' id='word_1_162' title='bbox 929 600 1005 631; x_wconf 88' lang='lat' dir='ltr'><strong>dire.</strong></span> <span class='ocrx_word' id='word_1_163' title='bbox 1023 600 1104 630; x_wconf 86' lang='lat' dir='ltr'><strong>Haud</strong></span> <span class='ocrx_word' id='word_1_164' title='bbox 1122 601 1200 631; x_wconf 88' lang='lat' dir='ltr'><strong>enim</strong></span> <span class='ocrx_word' id='word_1_165' title='bbox 1220 606 1342 641; x_wconf 86' lang='lat' dir='ltr'><strong>possunt</strong></span> <span class='ocrx_word' id='word_1_166' title='bbox 1355 601 1490 642; x_wconf 78' lang='lat' dir='ltr'><strong>aseipsis</strong></span> <span class='ocrx_word' id='word_1_167' title='bbox 1505 601 1638 643; x_wconf 79' lang='lat' dir='ltr'><strong>velamen</strong></span> <span class='ocrx_word' id='word_1_168' title='bbox 1654 597 1753 643; x_wconf 55' lang='lat' dir='ltr'><strong>elatio,-</strong></span> 
     </span>
    </p>
   </div>
   <div class='ocr_carea' id='block_1_26' title="bbox 929 642 1751 690">
    <p class='ocr_par' dir='ltr' id='par_1_26' title="bbox 929 642 1751 690">
     <span class='ocr_line' id='line_1_26' title="bbox 929 642 1751 690; baseline 0.005 -17"><span class='ocrx_word' id='word_1_169' title='bbox 929 644 976 674; x_wconf 77' lang='lat' dir='ltr'><strong>nis</strong></span> <span class='ocrx_word' id='word_1_170' title='bbox 992 649 1022 690; x_wconf 82' lang='lat' dir='ltr'><strong>et</strong></span> <span class='ocrx_word' id='word_1_171' title='bbox 1036 645 1166 685; x_wconf 72' lang='lat' dir='ltr'><strong>stuporis</strong></span> <span class='ocrx_word' id='word_1_172' title='bbox 1181 645 1312 682; x_wconf 89' lang='lat' dir='ltr'><strong>auferre,</strong></span> <span class='ocrx_word' id='word_1_173' title='bbox 1329 646 1408 687; x_wconf 78' lang='lat' dir='ltr'><strong>quod</strong></span> <span class='ocrx_word' id='word_1_174' title='bbox 1423 642 1548 690; x_wconf 68' lang='lat' dir='ltr'><strong>ipsisua</strong></span> <span class='ocrx_word' id='word_1_175' title='bbox 1562 646 1619 681; x_wconf 85' lang='lat' dir='ltr'><strong>sibi</strong></span> <span class='ocrx_word' id='word_1_176' title='bbox 1646 645 1751 687; x_wconf 38' lang='lat' dir='ltr'><strong>volup,-</strong></span> 
     </span>
    </p>
   </div>
   <div class='ocr_carea' id='block_1_27' title="bbox 930 688 1752 733">
    <p class='ocr_par' dir='ltr' id='par_1_27' title="bbox 930 688 1752 733">
     <span class='ocr_line' id='line_1_27' title="bbox 930 688 1752 733; baseline 0.009 -15"><span class='ocrx_word' id='word_1_177' title='bbox 930 692 988 719; x_wconf 68' lang='lat' dir='ltr'><strong>tate</strong></span> <span class='ocrx_word' id='word_1_178' title='bbox 1003 688 1217 728; x_wconf 87' lang='lat' dir='ltr'><strong>imposuerunt,</strong></span> <span class='ocrx_word' id='word_1_179' title='bbox 1234 690 1425 733; x_wconf 66' lang='lat' dir='ltr'><strong>volentesque</strong></span> <span class='ocrx_word' id='word_1_180' title='bbox 1447 688 1551 727; x_wconf 79' lang='lat' dir='ltr'><strong>oculos</strong></span> <span class='ocrx_word' id='word_1_181' title='bbox 1564 694 1651 733; x_wconf 72' lang='lat' dir='ltr'><strong>atque</strong></span> <span class='ocrx_word' id='word_1_182' title='bbox 1665 700 1752 730; x_wconf 68' lang='lat' dir='ltr'><strong>aures</strong></span> 
     </span>
    </p>
   </div>
   <div class='ocr_carea' id='block_1_28' title="bbox 928 734 1751 777">
    <p class='ocr_par' dir='ltr' id='par_1_28' title="bbox 928 734 1751 777">
     <span class='ocr_line' id='line_1_28' title="bbox 928 734 1751 777; baseline 0.006 -16"><span class='ocrx_word' id='word_1_183' title='bbox 928 735 1076 773; x_wconf 83' lang='lat' dir='ltr'><strong>operiunt,</strong></span> <span class='ocrx_word' id='word_1_184' title='bbox 1093 737 1121 765; x_wconf 88' lang='lat' dir='ltr'><strong>et</strong></span> <span class='ocrx_word' id='word_1_185' title='bbox 1137 734 1205 764; x_wconf 87' lang='lat' dir='ltr'><strong>hinc</strong></span> <span class='ocrx_word' id='word_1_186' title='bbox 1221 743 1253 766; x_wconf 92' lang='lat' dir='ltr'><strong>se</strong></span> <span class='ocrx_word' id='word_1_187' title='bbox 1269 734 1369 766; x_wconf 89' lang='lat' dir='ltr'><strong>videre</strong></span> <span class='ocrx_word' id='word_1_188' title='bbox 1385 738 1473 775; x_wconf 84' lang='lat' dir='ltr'><strong>atque</strong></span> <span class='ocrx_word' id='word_1_189' title='bbox 1484 734 1587 777; x_wconf 66' lang='lat' dir='ltr'><strong>audire</strong></span> <span class='ocrx_word' id='word_1_190' title='bbox 1600 734 1751 770; x_wconf 87' lang='lat' dir='ltr'><strong>arbitran—</strong></span> 
     </span>
    </p>
   </div>
   <div class='ocr_carea' id='block_1_29' title="bbox 929 777 1751 819">
    <p class='ocr_par' dir='ltr' id='par_1_29' title="bbox 929 777 1751 819">
     <span class='ocr_line' id='line_1_29' title="bbox 929 777 1751 819; baseline 0.005 -12"><span class='ocrx_word' id='word_1_191' title='bbox 929 781 975 808; x_wconf 90' lang='lat' dir='ltr'><strong>tur</strong></span> <span class='ocrx_word' id='word_1_192' title='bbox 998 777 1081 813; x_wconf 78' lang='lat' dir='ltr'><strong>Quod</strong></span> <span class='ocrx_word' id='word_1_193' title='bbox 1094 777 1118 808; x_wconf 90' lang='lat' dir='ltr'><strong>si</strong></span> <span class='ocrx_word' id='word_1_194' title='bbox 1131 778 1198 818; x_wconf 89' lang='lat' dir='ltr'><strong>quis</strong></span> <span class='ocrx_word' id='word_1_195' title='bbox 1210 777 1267 809; x_wconf 90' lang='lat' dir='ltr'><strong>illis</strong></span> <span class='ocrx_word' id='word_1_196' title='bbox 1279 778 1368 819; x_wconf 77' lang='lat' dir='ltr'><strong>dicat,</strong></span> <span class='ocrx_word' id='word_1_197' title='bbox 1382 778 1492 818; x_wconf 70' lang='lat' dir='ltr'><strong>audite,</strong></span> <span class='ocrx_word' id='word_1_198' title='bbox 1507 778 1638 816; x_wconf 87' lang='lat' dir='ltr'><strong>ﬁliimei,</strong></span> <span class='ocrx_word' id='word_1_199' title='bbox 1654 783 1682 815; x_wconf 82' lang='lat' dir='ltr'><strong>et</strong></span> <span class='ocrx_word' id='word_1_200' title='bbox 1693 779 1751 815; x_wconf 88' lang='lat' dir='ltr'><strong>tol-</strong></span> 
     </span>
    </p>
   </div>
   <div class='ocr_carea' id='block_1_30' title="bbox 927 821 1753 864">
    <p class='ocr_par' dir='ltr' id='par_1_30' title="bbox 927 821 1753 864">
     <span class='ocr_line' id='line_1_30' title="bbox 927 821 1753 864; baseline 0.002 -13"><span class='ocrx_word' id='word_1_201' title='bbox 927 821 977 851; x_wconf 87' lang='lat' dir='ltr'><strong>lite</strong></span> <span class='ocrx_word' id='word_1_202' title='bbox 991 821 1124 854; x_wconf 84' lang='lat' dir='ltr'><strong>velamen</strong></span> <span class='ocrx_word' id='word_1_203' title='bbox 1138 823 1174 854; x_wconf 89' lang='lat' dir='ltr'><strong>de</strong></span> <span class='ocrx_word' id='word_1_204' title='bbox 1202 823 1342 859; x_wconf 83' lang='lat' dir='ltr'><strong>cordibus</strong></span> <span class='ocrx_word' id='word_1_205' title='bbox 1369 823 1473 862; x_wconf 71' lang='lat' dir='ltr'><strong>vostris</strong></span> <span class='ocrx_word' id='word_1_206' title='bbox 1484 823 1526 862; x_wconf 49' lang='lat'><strong>5-15,</strong></span> <span class='ocrx_word' id='word_1_207' title='bbox 1561 822 1595 861; x_wconf 84' lang='lat' dir='ltr'><strong>ad</strong></span> <span class='ocrx_word' id='word_1_208' title='bbox 1612 822 1753 864; x_wconf 66' lang='lat' dir='ltr'><strong>haecipsa</strong></span> 
     </span>
    </p>
   </div>
   <div class='ocr_carea' id='block_1_31' title="bbox 44 865 1751 908">
    <p class='ocr_par' dir='ltr' id='par_1_31' title="bbox 44 865 1751 908">
     <span class='ocr_line' id='line_1_31' title="bbox 44 865 1751 908; baseline 0.002 -14"><span class='ocrx_word' id='word_1_209' title='bbox 44 865 226 903; x_wconf 68' lang='lat' dir='ltr'><strong>gnum,hoc</strong></span> <span class='ocrx_word' id='word_1_210' title='bbox 240 865 458 907; x_wconf 85' lang='lat' dir='ltr'><strong>indumentum,</strong></span> <span class='ocrx_word' id='word_1_211' title='bbox 474 868 536 898; x_wconf 69' lang='lat' dir='ltr'><strong>hinc</strong></span> <span class='ocrx_word' id='word_1_212' title='bbox 552 868 653 899; x_wconf 87' lang='lat' dir='ltr'><strong>tunica</strong></span> <span class='ocrx_word' id='word_1_213' title='bbox 665 868 882 908; x_wconf 70' lang='lat' dir='ltr'><strong>dhristi,quam</strong></span> <span class='ocrx_word' id='word_1_214' title='bbox 897 879 915 903; x_wconf 67' lang='grc' dir='ltr'><strong><em>Β</em></strong></span> <span class='ocrx_word' id='word_1_215' title='bbox 928 865 1016 901; x_wconf 71' lang='lat' dir='ltr'><strong>verba</strong></span> <span class='ocrx_word' id='word_1_216' title='bbox 1033 865 1188 907; x_wconf 77' lang='lat' dir='ltr'><strong>ferociunt,</strong></span> <span class='ocrx_word' id='word_1_217' title='bbox 1202 867 1278 907; x_wconf 86' lang='lat' dir='ltr'><strong>quod</strong></span> <span class='ocrx_word' id='word_1_218' title='bbox 1294 877 1352 903; x_wconf 79' lang='lat' dir='ltr'><strong>non</strong></span> <span class='ocrx_word' id='word_1_219' title='bbox 1365 872 1474 908; x_wconf 80' lang='lat' dir='ltr'><strong>patres,</strong></span> <span class='ocrx_word' id='word_1_220' title='bbox 1487 867 1539 906; x_wconf 83' lang='lat' dir='ltr'><strong>sed</strong></span> <span class='ocrx_word' id='word_1_221' title='bbox 1556 867 1632 902; x_wconf 88' lang='lat' dir='ltr'><strong>ﬁlios</strong></span> <span class='ocrx_word' id='word_1_222' title='bbox 1647 867 1751 908; x_wconf 86' lang='lat' dir='ltr'><strong>appel—</strong></span> 
     </span>
    </p>
   </div>
   <div class='ocr_carea' id='block_1_32' title="bbox 47 909 883 952">
    <p class='ocr_par' dir='ltr' id='par_1_32' title="bbox 47 909 883 952">
     <span class='ocr_line' id='line_1_32' title="bbox 47 909 883 952; baseline 0.006 -14"><span class='ocrx_word' id='word_1_223' title='bbox 47 909 195 948; x_wconf 77' lang='lat' dir='ltr'><strong>baptizati</strong></span> <span class='ocrx_word' id='word_1_224' title='bbox 210 910 266 940; x_wconf 89' lang='lat' dir='ltr'><strong>ﬁde</strong></span> <span class='ocrx_word' id='word_1_225' title='bbox 278 911 541 950; x_wconf 85' lang='lat' dir='ltr'><strong>superinduunlur.</strong></span> <span class='ocrx_word' id='word_1_226' title='bbox 555 911 619 942; x_wconf 87' lang='lat' dir='ltr'><strong>Non</strong></span> <span class='ocrx_word' id='word_1_227' title='bbox 639 912 814 952; x_wconf 80' lang='lat' dir='ltr'><strong>ignorantia,</strong></span> <span class='ocrx_word' id='word_1_228' title='bbox 827 921 883 947; x_wconf 79' lang='lat' dir='ltr'><strong>non</strong></span> 
     </span>
    </p>
   </div>
   <div class='ocr_carea' id='block_1_33' title="bbox 46 954 886 996">
    <p class='ocr_par' dir='ltr' id='par_1_33' title="bbox 46 954 886 996">
     <span class='ocr_line' id='line_1_33' title="bbox 46 954 886 996; baseline 0.007 -15"><span class='ocrx_word' id='word_1_229' title='bbox 46 958 193 993; x_wconf 75' lang='lat' dir='ltr'><strong>stupore,</strong></span> <span class='ocrx_word' id='word_1_230' title='bbox 211 954 261 984; x_wconf 89' lang='lat' dir='ltr'><strong>sed</strong></span> <span class='ocrx_word' id='word_1_231' title='bbox 280 963 333 994; x_wconf 90' lang='lat' dir='ltr'><strong>per</strong></span> <span class='ocrx_word' id='word_1_232' title='bbox 347 955 446 991; x_wconf 87' lang='lat' dir='ltr'><strong>ﬁdem,</strong></span> <span class='ocrx_word' id='word_1_233' title='bbox 465 966 531 986; x_wconf 88' lang='lat' dir='ltr'><strong>cum</strong></span> <span class='ocrx_word' id='word_1_234' title='bbox 549 956 651 986; x_wconf 82' lang='lat' dir='ltr'><strong>notitia</strong></span> <span class='ocrx_word' id='word_1_235' title='bbox 666 961 694 987; x_wconf 90' lang='lat' dir='ltr'><strong>et</strong></span> <span class='ocrx_word' id='word_1_236' title='bbox 710 965 798 987; x_wconf 71' lang='lat' dir='ltr'><strong>sensu</strong></span> <span class='ocrx_word' id='word_1_237' title='bbox 815 967 822 996; x_wconf 87' lang='lat'><strong>;</strong></span> <span class='ocrx_word' id='word_1_238' title='bbox 854 960 886 986; x_wconf 89' lang='lat' dir='ltr'><strong>ut</strong></span> 
     </span>
    </p>
   </div>
   <div class='ocr_carea' id='block_1_34' title="bbox 48 998 882 1036">
    <p class='ocr_par' dir='ltr' id='par_1_34' title="bbox 48 998 882 1036">
     <span class='ocr_line' id='line_1_34' title="bbox 48 998 882 1036; baseline 0.006 -9"><span class='ocrx_word' id='word_1_239' title='bbox 48 1007 116 1028; x_wconf 84' lang='lat' dir='ltr'><strong>non</strong></span> <span class='ocrx_word' id='word_1_240' title='bbox 125 998 236 1036; x_wconf 85' lang='lat' dir='ltr'><strong>dicam,</strong></span> <span class='ocrx_word' id='word_1_241' title='bbox 248 999 397 1030; x_wconf 85' lang='lat' dir='ltr'><strong>Christum</strong></span> <span class='ocrx_word' id='word_1_242' title='bbox 406 1000 550 1031; x_wconf 87' lang='lat' dir='ltr'><strong>crednme</strong></span> <span class='ocrx_word' id='word_1_243' title='bbox 561 1000 705 1032; x_wconf 88' lang='lat' dir='ltr'><strong>induisse.</strong></span> <span class='ocrx_word' id='word_1_244' title='bbox 722 1002 787 1032; x_wconf 90' lang='lat' dir='ltr'><strong>Non</strong></span> <span class='ocrx_word' id='word_1_245' title='bbox 799 1001 882 1032; x_wconf 81' lang='lat' dir='ltr'><strong>dico:</strong></span> 
     </span>
    </p>
   </div>
   <div class='ocr_carea' id='block_1_35' title="bbox 47 1043 881 1086">
    <p class='ocr_par' dir='ltr' id='par_1_35' title="bbox 47 1043 881 1086">
     <span class='ocr_line' id='line_1_35' title="bbox 47 1043 881 1086; baseline 0.005 -14"><span class='ocrx_word' id='word_1_246' title='bbox 47 1043 113 1073; x_wconf 87' lang='lat' dir='ltr'><strong>hoc</strong></span> <span class='ocrx_word' id='word_1_247' title='bbox 128 1043 236 1080; x_wconf 84' lang='lat' dir='ltr'><strong>crede;</strong></span> <span class='ocrx_word' id='word_1_248' title='bbox 248 1043 299 1074; x_wconf 90' lang='lat' dir='ltr'><strong>sed</strong></span> <span class='ocrx_word' id='word_1_249' title='bbox 314 1044 383 1075; x_wconf 88' lang='lat' dir='ltr'><strong>ﬁdei</strong></span> <span class='ocrx_word' id='word_1_250' title='bbox 395 1054 481 1085; x_wconf 66' lang='lat' dir='ltr'><strong>opus,</strong></span> <span class='ocrx_word' id='word_1_251' title='bbox 495 1049 524 1075; x_wconf 92' lang='lat' dir='ltr'><strong>et</strong></span> <span class='ocrx_word' id='word_1_252' title='bbox 535 1045 603 1075; x_wconf 88' lang='lat' dir='ltr'><strong>ﬁdei</strong></span> <span class='ocrx_word' id='word_1_253' title='bbox 615 1045 881 1086; x_wconf 78' lang='lat' dir='ltr'><strong>confirmationem,</strong></span> 
     </span>
    </p>
   </div>
   <div class='ocr_carea' id='block_1_36' title="bbox 49 1087 884 1125">
    <p class='ocr_par' dir='ltr' id='par_1_36' title="bbox 49 1087 884 1125">
     <span class='ocr_line' id='line_1_36' title="bbox 49 1087 884 1125; baseline 0.006 -8"><span class='ocrx_word' id='word_1_254' title='bbox 49 1091 83 1118; x_wconf 81' lang='lat' dir='ltr'><strong>et</strong></span> <span class='ocrx_word' id='word_1_255' title='bbox 102 1087 174 1118; x_wconf 92' lang='lat' dir='ltr'><strong>ﬁdei</strong></span> <span class='ocrx_word' id='word_1_256' title='bbox 205 1092 360 1125; x_wconf 86' lang='lat' dir='ltr'><strong>tesseram,</strong></span> <span class='ocrx_word' id='word_1_257' title='bbox 385 1094 414 1119; x_wconf 89' lang='lat' dir='ltr'><strong>et</strong></span> <span class='ocrx_word' id='word_1_258' title='bbox 439 1089 528 1121; x_wconf 85' lang='lat' dir='ltr'><strong>ﬁdem</strong></span> <span class='ocrx_word' id='word_1_259' title='bbox 557 1094 792 1121; x_wconf 81' lang='lat' dir='ltr'><strong>consummatam</strong></span> <span class='ocrx_word' id='word_1_260' title='bbox 808 1090 884 1122; x_wconf 74' lang='lat' dir='ltr'><strong>citra</strong></span> 
     </span>
    </p>
   </div>
   <div class='ocr_carea' id='block_1_37' title="bbox 49 1131 881 1174">
    <p class='ocr_par' dir='ltr' id='par_1_37' title="bbox 49 1131 881 1174">
     <span class='ocr_line' id='line_1_37' title="bbox 49 1131 881 1174; baseline 0.002 -12"><span class='ocrx_word' id='word_1_261' title='bbox 49 1131 275 1163; x_wconf 66' lang='lat' dir='ltr'><strong>haesitationem</strong></span> <span class='ocrx_word' id='word_1_262' title='bbox 293 1133 410 1169; x_wconf 83' lang='lat' dir='ltr'><strong>habeto,</strong></span> <span class='ocrx_word' id='word_1_263' title='bbox 438 1143 472 1164; x_wconf 74' lang='lat' dir='ltr'><strong>ex</strong></span> <span class='ocrx_word' id='word_1_264' title='bbox 489 1144 535 1171; x_wconf 88' lang='lat' dir='ltr'><strong>eo,</strong></span> <span class='ocrx_word' id='word_1_265' title='bbox 553 1133 628 1174; x_wconf 89' lang='lat' dir='ltr'><strong>quod</strong></span> <span class='ocrx_word' id='word_1_266' title='bbox 646 1133 794 1167; x_wconf 85' lang='lat' dir='ltr'><strong>Christum</strong></span> <span class='ocrx_word' id='word_1_267' title='bbox 811 1143 881 1166; x_wconf 89' lang='lat' dir='ltr'><strong>sen-</strong></span> 
     </span>
    </p>
   </div>
   <div class='ocr_carea' id='block_1_38' title="bbox 49 1177 882 1218">
    <p class='ocr_par' dir='ltr' id='par_1_38' title="bbox 49 1177 882 1218">
     <span class='ocr_line' id='line_1_38' title="bbox 49 1177 882 1218; baseline 0.005 -12"><span class='ocrx_word' id='word_1_268' title='bbox 49 1177 149 1216; x_wconf 82' lang='lat' dir='ltr'><strong>tiens,</strong></span> <span class='ocrx_word' id='word_1_269' title='bbox 161 1180 190 1207; x_wconf 90' lang='lat' dir='ltr'><strong>et</strong></span> <span class='ocrx_word' id='word_1_270' title='bbox 200 1187 382 1216; x_wconf 74' lang='lat' dir='ltr'><strong>cognoscens</strong></span> <span class='ocrx_word' id='word_1_271' title='bbox 393 1178 528 1215; x_wconf 90' lang='lat' dir='ltr'><strong>induisti,</strong></span> <span class='ocrx_word' id='word_1_272' title='bbox 537 1178 709 1218; x_wconf 77' lang='lat' dir='ltr'><strong>fu‘gentem,</strong></span> <span class='ocrx_word' id='word_1_273' title='bbox 721 1188 882 1211; x_wconf 68' lang='lat' dir='ltr'><strong>coruscam</strong></span> 
     </span>
    </p>
   </div>
   <div class='ocr_carea' id='block_1_39' title="bbox 50 1223 881 1263">
    <p class='ocr_par' dir='ltr' id='par_1_39' title="bbox 50 1223 881 1263">
     <span class='ocr_line' id='line_1_39' title="bbox 50 1223 881 1263; baseline 0.004 -12"><span class='ocrx_word' id='word_1_274' title='bbox 50 1226 130 1258; x_wconf 90' lang='lat' dir='ltr'><strong>tem,</strong></span> <span class='ocrx_word' id='word_1_275' title='bbox 143 1225 171 1252; x_wconf 90' lang='lat' dir='ltr'><strong>et</strong></span> <span class='ocrx_word' id='word_1_276' title='bbox 183 1224 210 1252; x_wconf 87' lang='lat' dir='ltr'><strong>in</strong></span> <span class='ocrx_word' id='word_1_277' title='bbox 224 1223 336 1253; x_wconf 86' lang='lat' dir='ltr'><strong>lumine</strong></span> <span class='ocrx_word' id='word_1_278' title='bbox 346 1223 510 1254; x_wconf 87' lang='lat' dir='ltr'><strong>clarissimo</strong></span> <span class='ocrx_word' id='word_1_279' title='bbox 523 1227 615 1254; x_wconf 89' lang='lat' dir='ltr'><strong>totum</strong></span> <span class='ocrx_word' id='word_1_280' title='bbox 629 1223 881 1263; x_wconf 89' lang='lat' dir='ltr'><strong>teimmutantem,</strong></span> 
     </span>
    </p>
   </div>
   <div class='ocr_carea' id='block_1_40' title="bbox 49 1267 880 1308">
    <p class='ocr_par' dir='ltr' id='par_1_40' title="bbox 49 1267 880 1308">
     <span class='ocr_line' id='line_1_40' title="bbox 49 1267 880 1308; baseline 0.002 -12"><span class='ocrx_word' id='word_1_281' title='bbox 49 1270 228 1296; x_wconf 85' lang='lat' dir='ltr'><strong>manentem</strong></span> <span class='ocrx_word' id='word_1_282' title='bbox 258 1267 487 1307; x_wconf 88' lang='lat' dir='ltr'><strong>immutabilem,</strong></span> <span class='ocrx_word' id='word_1_283' title='bbox 513 1277 548 1300; x_wconf 80' lang='lat' dir='ltr'><strong>ex</strong></span> <span class='ocrx_word' id='word_1_284' title='bbox 577 1274 704 1308; x_wconf 87' lang='lat' dir='ltr'><strong>utroque</strong></span> <span class='ocrx_word' id='word_1_285' title='bbox 719 1268 880 1308; x_wconf 87' lang='lat' dir='ltr'><strong>duplicem,</strong></span> 
     </span>
    </p>
   </div>
   <div class='ocr_carea' id='block_1_41' title="bbox 48 1310 882 1350">
    <p class='ocr_par' dir='ltr' id='par_1_41' title="bbox 48 1310 882 1350">
     <span class='ocr_line' id='line_1_41' title="bbox 48 1310 882 1350; baseline 0.001 -9"><span class='ocrx_word' id='word_1_286' title='bbox 48 1310 218 1350; x_wconf 83' lang='lat' dir='ltr'><strong>adoptione</strong></span> <span class='ocrx_word' id='word_1_287' title='bbox 233 1311 328 1342; x_wconf 90' lang='lat' dir='ltr'><strong>Deum</strong></span> <span class='ocrx_word' id='word_1_288' title='bbox 339 1312 488 1349; x_wconf 88' lang='lat' dir='ltr'><strong>videlicet,</strong></span> <span class='ocrx_word' id='word_1_289' title='bbox 502 1316 606 1342; x_wconf 71' lang='lat' dir='ltr'><strong>natura</strong></span> <span class='ocrx_word' id='word_1_290' title='bbox 622 1312 695 1343; x_wconf 88' lang='lat' dir='ltr'><strong>nihil</strong></span> <span class='ocrx_word' id='word_1_291' title='bbox 712 1313 767 1344; x_wconf 92' lang='lat' dir='ltr'><strong>nisi</strong></span> <span class='ocrx_word' id='word_1_292' title='bbox 785 1312 882 1345; x_wconf 84' lang='lat' dir='ltr'><strong>homi—</strong></span> 
     </span>
    </p>
   </div>
   <div class='ocr_carea' id='block_1_42' title="bbox 47 1355 880 1393">
    <p class='ocr_par' dir='ltr' id='par_1_42' title="bbox 47 1355 880 1393">
     <span class='ocr_line' id='line_1_42' title="bbox 47 1355 880 1393; baseline 0.002 -8"><span class='ocrx_word' id='word_1_293' title='bbox 47 1364 140 1385; x_wconf 84' lang='lat' dir='ltr'><strong>nem.</strong></span> <span class='ocrx_word' id='word_1_294' title='bbox 158 1355 237 1386; x_wconf 83' lang='lat' dir='ltr'><strong>Talis</strong></span> <span class='ocrx_word' id='word_1_295' title='bbox 253 1366 319 1386; x_wconf 93' lang='lat' dir='ltr'><strong>cum</strong></span> <span class='ocrx_word' id='word_1_296' title='bbox 337 1357 476 1391; x_wconf 85' lang='lat' dir='ltr'><strong>evaseris,</strong></span> <span class='ocrx_word' id='word_1_297' title='bbox 507 1360 540 1386; x_wconf 91' lang='lat' dir='ltr'><strong>ut</strong></span> <span class='ocrx_word' id='word_1_298' title='bbox 570 1366 604 1387; x_wconf 84' lang='lat' dir='ltr'><strong>ex</strong></span> <span class='ocrx_word' id='word_1_299' title='bbox 622 1366 669 1388; x_wconf 90' lang='lat' dir='ltr'><strong>me</strong></span> <span class='ocrx_word' id='word_1_300' title='bbox 684 1356 803 1393; x_wconf 88' lang='lat' dir='ltr'><strong>audisti,</strong></span> <span class='ocrx_word' id='word_1_301' title='bbox 821 1361 880 1387; x_wconf 92' lang='lat' dir='ltr'><strong>tum</strong></span> 
     </span>
    </p>
   </div>
   <div class='ocr_carea' id='block_1_43' title="bbox 47 1399 882 1441">
    <p class='ocr_par' dir='ltr' id='par_1_43' title="bbox 47 1399 882 1441">
     <span class='ocr_line' id='line_1_43' title="bbox 47 1399 882 1441; baseline 0.005 -14"><span class='ocrx_word' id='word_1_302' title='bbox 47 1399 139 1437; x_wconf 85' lang='lat' dir='ltr'><strong>veni,</strong></span> <span class='ocrx_word' id='word_1_303' title='bbox 151 1400 241 1431; x_wconf 82' lang='lat' dir='ltr'><strong>frater</strong></span> <span class='ocrx_word' id='word_1_304' title='bbox 252 1401 304 1438; x_wconf 88' lang='lat' dir='ltr'><strong>mi,</strong></span> <span class='ocrx_word' id='word_1_305' title='bbox 318 1405 347 1431; x_wconf 91' lang='lat' dir='ltr'><strong>et</strong></span> <span class='ocrx_word' id='word_1_306' title='bbox 358 1400 510 1431; x_wconf 85' lang='lat' dir='ltr'><strong>nobiscum</strong></span> <span class='ocrx_word' id='word_1_307' title='bbox 533 1410 621 1441; x_wconf 81' lang='lat' dir='ltr'><strong>supra</strong></span> <span class='ocrx_word' id='word_1_308' title='bbox 634 1404 762 1432; x_wconf 90' lang='lat' dir='ltr'><strong>montem</strong></span> <span class='ocrx_word' id='word_1_309' title='bbox 775 1400 882 1431; x_wconf 77' lang='lat' dir='ltr'><strong>divinae</strong></span> 
     </span>
    </p>
   </div>
   <div class='ocr_carea' id='block_1_44' title="bbox 47 1444 881 1486">
    <p class='ocr_par' dir='ltr' id='par_1_44' title="bbox 47 1444 881 1486">
     <span class='ocr_line' id='line_1_44' title="bbox 47 1444 881 1486; baseline 0.002 -13"><span class='ocrx_word' id='word_1_310' title='bbox 47 1444 245 1483; x_wconf 73' lang='lat' dir='ltr'><strong>cognitionis,</strong></span> <span class='ocrx_word' id='word_1_311' title='bbox 258 1454 293 1476; x_wconf 90' lang='lat' dir='ltr'><strong>ac</strong></span> <span class='ocrx_word' id='word_1_312' title='bbox 305 1445 426 1475; x_wconf 84' lang='lat' dir='ltr'><strong>visionis</strong></span> <span class='ocrx_word' id='word_1_313' title='bbox 437 1450 511 1484; x_wconf 81' lang='lat' dir='ltr'><strong>asta;</strong></span> <span class='ocrx_word' id='word_1_314' title='bbox 523 1445 782 1486; x_wconf 87' lang='lat' dir='ltr'><strong>percipiemusque</strong></span> <span class='ocrx_word' id='word_1_315' title='bbox 792 1445 881 1479; x_wconf 88' lang='lat' dir='ltr'><strong>simul</strong></span> 
     </span>
    </p>
   </div>
   <div class='ocr_carea' id='block_1_45' title="bbox 50 1494 346 1528">
    <p class='ocr_par' dir='ltr' id='par_1_45' title="bbox 50 1494 346 1528">
     <span class='ocr_line' id='line_1_45' title="bbox 50 1494 346 1528; baseline 0.014 -10"><span class='ocrx_word' id='word_1_316' title='bbox 50 1494 213 1528; x_wconf 69' lang='lat' dir='ltr'><strong>pateanam</strong></span> <span class='ocrx_word' id='word_1_317' title='bbox 230 1499 346 1523; x_wconf 82' lang='lat' dir='ltr'><strong>vocem.</strong></span> 
     </span>
    </p>
   </div>
   <div class='ocr_carea' id='block_1_46' title="bbox 97 1533 879 1575">
    <p class='ocr_par' dir='ltr' id='par_1_46' title="bbox 97 1533 879 1575">
     <span class='ocr_line' id='line_1_46' title="bbox 97 1533 879 1575; baseline 0.003 -11"><span class='ocrx_word' id='word_1_318' title='bbox 97 1533 163 1564; x_wconf 88' lang='lat' dir='ltr'><strong>Heu</strong></span> <span class='ocrx_word' id='word_1_319' title='bbox 176 1534 182 1564; x_wconf 76' lang='grc' dir='ltr'><strong>ε</strong></span> <span class='ocrx_word' id='word_1_320' title='bbox 195 1540 337 1574; x_wconf 70' lang='lat' dir='ltr'><strong>quantum</strong></span> <span class='ocrx_word' id='word_1_321' title='bbox 347 1545 363 1565; x_wconf 86' lang='lat' dir='ltr'><strong>a</strong></span> <span class='ocrx_word' id='word_1_322' title='bbox 370 1535 468 1566; x_wconf 83' lang='lat' dir='ltr'><strong>divina</strong></span> <span class='ocrx_word' id='word_1_323' title='bbox 475 1535 614 1575; x_wconf 81' lang='lat' dir='ltr'><strong>dignitate</strong></span> <span class='ocrx_word' id='word_1_324' title='bbox 622 1534 879 1575; x_wconf 80' lang='lat' dir='ltr'><strong>distamus?quan-</strong></span> 
     </span>
    </p>
   </div>
   <div class='ocr_carea' id='block_1_47' title="bbox 50 1579 882 1619">
    <p class='ocr_par' dir='ltr' id='par_1_47' title="bbox 50 1579 882 1619">
     <span class='ocr_line' id='line_1_47' title="bbox 50 1579 882 1619; baseline 0.002 -11"><span class='ocrx_word' id='word_1_325' title='bbox 50 1583 121 1608; x_wconf 92' lang='lat' dir='ltr'><strong>tum</strong></span> <span class='ocrx_word' id='word_1_326' title='bbox 138 1588 154 1609; x_wconf 92' lang='lat' dir='ltr'><strong>a</strong></span> <span class='ocrx_word' id='word_1_327' title='bbox 172 1580 228 1609; x_wconf 89' lang='lat' dir='ltr'><strong>vita</strong></span> <span class='ocrx_word' id='word_1_328' title='bbox 251 1583 361 1610; x_wconf 67' lang='lat' dir='ltr'><strong>interna</strong></span> <span class='ocrx_word' id='word_1_329' title='bbox 384 1579 525 1610; x_wconf 89' lang='lat' dir='ltr'><strong>absumus</strong></span> <span class='ocrx_word' id='word_1_330' title='bbox 539 1579 554 1610; x_wconf 87' lang='lat'><strong>?</strong></span> <span class='ocrx_word' id='word_1_331' title='bbox 584 1579 677 1616; x_wconf 82' lang='lat' dir='ltr'><strong>Quam</strong></span> <span class='ocrx_word' id='word_1_332' title='bbox 695 1580 779 1619; x_wconf 80' lang='lat' dir='ltr'><strong>longe</strong></span> <span class='ocrx_word' id='word_1_333' title='bbox 794 1579 882 1610; x_wconf 83' lang='lat' dir='ltr'><strong>distat</strong></span> 
     </span>
    </p>
   </div>
   <div class='ocr_carea' id='block_1_48' title="bbox 48 1623 880 1664">
    <p class='ocr_par' dir='ltr' id='par_1_48' title="bbox 48 1623 880 1664">
     <span class='ocr_line' id='line_1_48' title="bbox 48 1623 880 1664; baseline 0.001 -11"><span class='ocrx_word' id='word_1_334' title='bbox 48 1623 166 1654; x_wconf 76' lang='lat' dir='ltr'><strong>coelum</strong></span> <span class='ocrx_word' id='word_1_335' title='bbox 182 1633 199 1653; x_wconf 95' lang='lat' dir='ltr'><strong>a</strong></span> <span class='ocrx_word' id='word_1_336' title='bbox 215 1624 287 1655; x_wconf 91' lang='lat' dir='ltr'><strong>locis</strong></span> <span class='ocrx_word' id='word_1_337' title='bbox 300 1624 415 1662; x_wconf 80' lang='lat' dir='ltr'><strong>inferis,</strong></span> <span class='ocrx_word' id='word_1_338' title='bbox 429 1629 456 1655; x_wconf 90' lang='lat' dir='ltr'><strong>et</strong></span> <span class='ocrx_word' id='word_1_339' title='bbox 473 1624 513 1655; x_wconf 94' lang='lat' dir='ltr'><strong>ibi</strong></span> <span class='ocrx_word' id='word_1_340' title='bbox 527 1625 665 1664; x_wconf 86' lang='lat' dir='ltr'><strong>jamolim</strong></span> <span class='ocrx_word' id='word_1_341' title='bbox 674 1624 813 1661; x_wconf 87' lang='lat' dir='ltr'><strong>detentis,</strong></span> <span class='ocrx_word' id='word_1_342' title='bbox 823 1627 880 1654; x_wconf 86' lang='lat' dir='ltr'><strong>tam</strong></span> 
     </span>
    </p>
   </div>
   <div class='ocr_carea' id='block_1_49' title="bbox 50 1668 880 1709">
    <p class='ocr_par' dir='ltr' id='par_1_49' title="bbox 50 1668 880 1709">
     <span class='ocr_line' id='line_1_49' title="bbox 50 1668 880 1709; baseline 0.001 -11"><span class='ocrx_word' id='word_1_343' title='bbox 50 1672 82 1698; x_wconf 88' lang='lat' dir='ltr'><strong>et</strong></span> <span class='ocrx_word' id='word_1_344' title='bbox 99 1668 227 1708; x_wconf 85' lang='lat' dir='ltr'><strong>amplius</strong></span> <span class='ocrx_word' id='word_1_345' title='bbox 243 1678 296 1700; x_wconf 90' lang='lat' dir='ltr'><strong>nos</strong></span> <span class='ocrx_word' id='word_1_346' title='bbox 311 1678 327 1698; x_wconf 90' lang='lat' dir='ltr'><strong>a</strong></span> <span class='ocrx_word' id='word_1_347' title='bbox 354 1668 516 1700; x_wconf 82' lang='lat' dir='ltr'><strong>divinitatis</strong></span> <span class='ocrx_word' id='word_1_348' title='bbox 540 1669 728 1709; x_wconf 84' lang='lat' dir='ltr'><strong>excellentia,</strong></span> <span class='ocrx_word' id='word_1_349' title='bbox 744 1673 880 1699; x_wconf 92' lang='lat' dir='ltr'><strong>contem—</strong></span> 
     </span>
    </p>
   </div>
   <div class='ocr_carea' id='block_1_50' title="bbox 50 1712 880 1754">
    <p class='ocr_par' dir='ltr' id='par_1_50' title="bbox 50 1712 880 1754">
     <span class='ocr_line' id='line_1_50' title="bbox 50 1712 880 1754; baseline 0.002 -13"><span class='ocrx_word' id='word_1_350' title='bbox 50 1713 198 1752; x_wconf 86' lang='lat' dir='ltr'><strong>platuque</strong></span> <span class='ocrx_word' id='word_1_351' title='bbox 214 1722 316 1744; x_wconf 86' lang='lat' dir='ltr'><strong>revera</strong></span> <span class='ocrx_word' id='word_1_352' title='bbox 333 1713 529 1754; x_wconf 81' lang='lat' dir='ltr'><strong>sejungimur,</strong></span> <span class='ocrx_word' id='word_1_353' title='bbox 541 1714 655 1745; x_wconf 81' lang='lat' dir='ltr'><strong>etiamsi</strong></span> <span class='ocrx_word' id='word_1_354' title='bbox 666 1723 720 1744; x_wconf 90' lang='lat' dir='ltr'><strong>nos</strong></span> <span class='ocrx_word' id='word_1_355' title='bbox 735 1723 801 1744; x_wconf 89' lang='lat' dir='ltr'><strong>cum</strong></span> <span class='ocrx_word' id='word_1_356' title='bbox 817 1712 880 1750; x_wconf 89' lang='lat' dir='ltr'><strong>illo,</strong></span> 
     </span>
    </p>
   </div>
   <div class='ocr_carea' id='block_1_51' title="bbox 51 1757 879 1797">
    <p class='ocr_par' dir='ltr' id='par_1_51' title="bbox 51 1757 879 1797">
     <span class='ocr_line' id='line_1_51' title="bbox 51 1757 879 1797; baseline 0.001 -10"><span class='ocrx_word' id='word_1_357' title='bbox 51 1757 137 1797; x_wconf 91' lang='lat' dir='ltr'><strong>quod</strong></span> <span class='ocrx_word' id='word_1_358' title='bbox 153 1757 324 1788; x_wconf 82' lang='lat' dir='ltr'><strong>admirabile</strong></span> <span class='ocrx_word' id='word_1_359' title='bbox 337 1762 398 1795; x_wconf 85' lang='lat' dir='ltr'><strong>est,</strong></span> <span class='ocrx_word' id='word_1_360' title='bbox 415 1758 560 1795; x_wconf 87' lang='lat' dir='ltr'><strong>habitare,</strong></span> <span class='ocrx_word' id='word_1_361' title='bbox 587 1763 616 1788; x_wconf 91' lang='lat' dir='ltr'><strong>et</strong></span> <span class='ocrx_word' id='word_1_362' title='bbox 632 1758 814 1789; x_wconf 87' lang='lat' dir='ltr'><strong>habitantem</strong></span> <span class='ocrx_word' id='word_1_363' title='bbox 830 1757 879 1788; x_wconf 93' lang='lat' dir='ltr'><strong>lu-</strong></span> 
     </span>
    </p>
   </div>
   <div class='ocr_carea' id='block_1_52' title="bbox 53 1801 881 1843">
    <p class='ocr_par' dir='ltr' id='par_1_52' title="bbox 53 1801 881 1843">
     <span class='ocr_line' id='line_1_52' title="bbox 53 1801 881 1843; baseline 0.001 -12"><span class='ocrx_word' id='word_1_364' title='bbox 53 1811 131 1832; x_wconf 91' lang='lat' dir='ltr'><strong>men</strong></span> <span class='ocrx_word' id='word_1_365' title='bbox 146 1801 350 1833; x_wconf 89' lang='lat' dir='ltr'><strong>inaccessibile</strong></span> <span class='ocrx_word' id='word_1_366' title='bbox 366 1812 419 1833; x_wconf 90' lang='lat' dir='ltr'><strong>nos</strong></span> <span class='ocrx_word' id='word_1_367' title='bbox 433 1802 463 1833; x_wconf 92' lang='lat' dir='ltr'><strong>in</strong></span> <span class='ocrx_word' id='word_1_368' title='bbox 476 1802 644 1843; x_wconf 89' lang='lat' dir='ltr'><strong>nobisipsis</strong></span> <span class='ocrx_word' id='word_1_369' title='bbox 655 1806 747 1833; x_wconf 90' lang='lat' dir='ltr'><strong>totum</strong></span> <span class='ocrx_word' id='word_1_370' title='bbox 763 1811 881 1833; x_wconf 90' lang='lat' dir='ltr'><strong>manen-</strong></span> 
     </span>
    </p>
   </div>
   <div class='ocr_carea' id='block_1_53' title="bbox 52 1845 881 1886">
    <p class='ocr_par' dir='ltr' id='par_1_53' title="bbox 52 1845 881 1886">
     <span class='ocr_line' id='line_1_53' title="bbox 52 1845 881 1886; baseline 0.001 -10"><span class='ocrx_word' id='word_1_371' title='bbox 52 1850 133 1883; x_wconf 86' lang='lat' dir='ltr'><strong>tem,</strong></span> <span class='ocrx_word' id='word_1_372' title='bbox 150 1845 390 1886; x_wconf 79' lang='lat' dir='ltr'><strong>habitantemque</strong></span> <span class='ocrx_word' id='word_1_373' title='bbox 414 1847 525 1878; x_wconf 84' lang='lat' dir='ltr'><strong>habere</strong></span> <span class='ocrx_word' id='word_1_374' title='bbox 549 1847 695 1884; x_wconf 85' lang='lat' dir='ltr'><strong>dicamus,</strong></span> <span class='ocrx_word' id='word_1_375' title='bbox 714 1850 744 1878; x_wconf 87' lang='lat' dir='ltr'><strong>et</strong></span> <span class='ocrx_word' id='word_1_376' title='bbox 758 1846 881 1878; x_wconf 85' lang='lat' dir='ltr'><strong>velimus</strong></span> 
     </span>
    </p>
   </div>
   <div class='ocr_carea' id='block_1_54' title="bbox 53 1891 882 1932">
    <p class='ocr_par' dir='ltr' id='par_1_54' title="bbox 53 1891 882 1932">
     <span class='ocr_line' id='line_1_54' title="bbox 53 1891 882 1932; baseline 0.001 -12"><span class='ocrx_word' id='word_1_377' title='bbox 53 1891 138 1921; x_wconf 82' lang='lat' dir='ltr'><strong>infra</strong></span> <span class='ocrx_word' id='word_1_378' title='bbox 155 1895 261 1921; x_wconf 88' lang='lat' dir='ltr'><strong>terram</strong></span> <span class='ocrx_word' id='word_1_379' title='bbox 279 1891 428 1932; x_wconf 87' lang='lat' dir='ltr'><strong>sedentes,</strong></span> <span class='ocrx_word' id='word_1_380' title='bbox 445 1891 482 1922; x_wconf 92' lang='lat' dir='ltr'><strong>de</strong></span> <span class='ocrx_word' id='word_1_381' title='bbox 495 1892 531 1922; x_wconf 91' lang='lat' dir='ltr'><strong>iis</strong></span> <span class='ocrx_word' id='word_1_382' title='bbox 546 1901 611 1932; x_wconf 81' lang='lat' dir='ltr'><strong>quae</strong></span> <span class='ocrx_word' id='word_1_383' title='bbox 620 1901 710 1932; x_wconf 82' lang='lat' dir='ltr'><strong>supra</strong></span> <span class='ocrx_word' id='word_1_384' title='bbox 721 1896 841 1931; x_wconf 74' lang='lat' dir='ltr'><strong>terram,</strong></span> <span class='ocrx_word' id='word_1_385' title='bbox 852 1895 882 1922; x_wconf 91' lang='lat' dir='ltr'><strong>et</strong></span> 
     </span>
    </p>
   </div>
   <div class='ocr_carea' id='block_1_55' title="bbox 53 1935 882 1976">
    <p class='ocr_par' dir='ltr' id='par_1_55' title="bbox 53 1935 882 1976">
     <span class='ocr_line' id='line_1_55' title="bbox 53 1935 882 1976; baseline 0.002 -12"><span class='ocrx_word' id='word_1_386' title='bbox 53 1935 86 1965; x_wconf 91' lang='lat' dir='ltr'><strong>in</strong></span> <span class='ocrx_word' id='word_1_387' title='bbox 106 1935 192 1974; x_wconf 65' lang='lat' dir='ltr'><strong>coalo,</strong></span> <span class='ocrx_word' id='word_1_388' title='bbox 210 1941 239 1967; x_wconf 86' lang='lat' dir='ltr'><strong>et</strong></span> <span class='ocrx_word' id='word_1_389' title='bbox 263 1945 353 1976; x_wconf 84' lang='lat' dir='ltr'><strong>supra</strong></span> <span class='ocrx_word' id='word_1_390' title='bbox 381 1936 489 1967; x_wconf 87' lang='lat' dir='ltr'><strong>coelum</strong></span> <span class='ocrx_word' id='word_1_391' title='bbox 519 1940 598 1972; x_wconf 90' lang='lat' dir='ltr'><strong>sunt,</strong></span> <span class='ocrx_word' id='word_1_392' title='bbox 629 1941 660 1966; x_wconf 89' lang='lat' dir='ltr'><strong>ut</strong></span> <span class='ocrx_word' id='word_1_393' title='bbox 683 1935 735 1966; x_wconf 87' lang='lat' dir='ltr'><strong>illa</strong></span> <span class='ocrx_word' id='word_1_394' title='bbox 749 1935 882 1976; x_wconf 79' lang='lat' dir='ltr'><strong>perfecte</strong></span> 
     </span>
    </p>
   </div>
   <div class='ocr_carea' id='block_1_56' title="bbox 54 1979 881 2021">
    <p class='ocr_par' dir='ltr' id='par_1_56' title="bbox 54 1979 881 2021">
     <span class='ocr_line' id='line_1_56' title="bbox 54 1979 881 2021; baseline 0.002 -12"><span class='ocrx_word' id='word_1_395' title='bbox 54 1979 197 2015; x_wconf 85' lang='lat' dir='ltr'><strong>scientes,</strong></span> <span class='ocrx_word' id='word_1_396' title='bbox 213 1979 426 2021; x_wconf 86' lang='lat' dir='ltr'><strong>philosophari,</strong></span> <span class='ocrx_word' id='word_1_397' title='bbox 439 1984 594 2011; x_wconf 84' lang='lat' dir='ltr'><strong>etnarrare</strong></span> <span class='ocrx_word' id='word_1_398' title='bbox 605 1980 754 2018; x_wconf 87' lang='lat' dir='ltr'><strong>omnibus,</strong></span> <span class='ocrx_word' id='word_1_399' title='bbox 769 1980 881 2011; x_wconf 81' lang='lat' dir='ltr'><strong>vocari-</strong></span> 
     </span>
    </p>
   </div>
   <div class='ocr_carea' id='block_1_57' title="bbox 54 2024 881 2065">
    <p class='ocr_par' dir='ltr' id='par_1_57' title="bbox 54 2024 881 2065">
     <span class='ocr_line' id='line_1_57' title="bbox 54 2024 881 2065; baseline 0.002 -12"><span class='ocrx_word' id='word_1_400' title='bbox 54 2033 117 2064; x_wconf 88' lang='lat' dir='ltr'><strong>que</strong></span> <span class='ocrx_word' id='word_1_401' title='bbox 132 2024 256 2062; x_wconf 68' lang='lat' dir='ltr'><strong>gnostici</strong></span> <span class='ocrx_word' id='word_1_402' title='bbox 273 2025 341 2065; x_wconf 90' lang='lat' dir='ltr'><strong>(hoc</strong></span> <span class='ocrx_word' id='word_1_403' title='bbox 357 2030 412 2063; x_wconf 54' lang='lat' dir='ltr'><strong>est,</strong></span> <span class='ocrx_word' id='word_1_404' title='bbox 425 2025 450 2055; x_wconf 93' lang='lat' dir='ltr'><strong>vi</strong></span> <span class='ocrx_word' id='word_1_405' title='bbox 461 2034 515 2057; x_wconf 89' lang='lat' dir='ltr'><strong>seu</strong></span> <span class='ocrx_word' id='word_1_406' title='bbox 528 2025 665 2057; x_wconf 77' lang='lat' dir='ltr'><strong>facultate</strong></span> <span class='ocrx_word' id='word_1_407' title='bbox 680 2025 881 2064; x_wconf 78' lang='lat' dir='ltr'><strong>cognoscendi</strong></span> 
     </span>
    </p>
   </div>
   <div class='ocr_carea' id='block_1_58' title="bbox 55 2067 881 2109">
    <p class='ocr_par' dir='ltr' id='par_1_58' title="bbox 55 2067 881 2109">
     <span class='ocr_line' id='line_1_58' title="bbox 55 2067 881 2109; baseline 0.006 -12"><span class='ocrx_word' id='word_1_408' title='bbox 55 2067 184 2108; x_wconf 63' lang='lat' dir='ltr'><strong>prmditi)</strong></span> <span class='ocrx_word' id='word_1_409' title='bbox 203 2073 231 2098; x_wconf 90' lang='lat' dir='ltr'><strong>et</strong></span> <span class='ocrx_word' id='word_1_410' title='bbox 243 2070 355 2109; x_wconf 76' lang='lat' dir='ltr'><strong>egregii</strong></span> <span class='ocrx_word' id='word_1_411' title='bbox 368 2070 507 2109; x_wconf 82' lang='lat' dir='ltr'><strong>theologi,</strong></span> <span class='ocrx_word' id='word_1_412' title='bbox 525 2075 552 2100; x_wconf 91' lang='lat' dir='ltr'><strong>et</strong></span> <span class='ocrx_word' id='word_1_413' title='bbox 567 2070 703 2101; x_wconf 88' lang='lat' dir='ltr'><strong>doctores</strong></span> <span class='ocrx_word' id='word_1_414' title='bbox 716 2079 816 2100; x_wconf 91' lang='lat' dir='ltr'><strong>rerum</strong></span> <span class='ocrx_word' id='word_1_415' title='bbox 831 2079 881 2102; x_wconf 84' lang='lat' dir='ltr'><strong>ar-</strong></span> 
     </span>
    </p>
   </div>
   <div class='ocr_carea' id='block_1_59' title="bbox 55 2114 878 2154">
    <p class='ocr_par' dir='ltr' id='par_1_59' title="bbox 55 2114 878 2154">
     <span class='ocr_line' id='line_1_59' title="bbox 55 2114 878 2154; baseline 0.005 -12"><span class='ocrx_word' id='word_1_416' title='bbox 55 2122 213 2147; x_wconf 82' lang='lat' dir='ltr'><strong>canarum;</strong></span> <span class='ocrx_word' id='word_1_417' title='bbox 232 2115 310 2154; x_wconf 86' lang='lat' dir='ltr'><strong>quod</strong></span> <span class='ocrx_word' id='word_1_418' title='bbox 328 2114 496 2145; x_wconf 89' lang='lat' dir='ltr'><strong>stoliditatis</strong></span> <span class='ocrx_word' id='word_1_419' title='bbox 511 2115 596 2149; x_wconf 35' lang='lat' dir='ltr'><strong>illane</strong></span> <span class='ocrx_word' id='word_1_420' title='bbox 606 2119 878 2154; x_wconf 77' lang='lat' dir='ltr'><strong>argumentumest.</strong></span> 
     </span>
    </p>
   </div>
   <div class='ocr_carea' id='block_1_60' title="bbox 56 2157 912 2212">
    <p class='ocr_par' dir='ltr' id='par_1_60' title="bbox 56 2157 912 2212">
     <span class='ocr_line' id='line_1_60' title="bbox 56 2157 912 2212; baseline 0.001 -24"><span class='ocrx_word' id='word_1_421' title='bbox 56 2157 149 2188; x_wconf 85' lang='lat' dir='ltr'><strong>Natus</strong></span> <span class='ocrx_word' id='word_1_422' title='bbox 160 2159 237 2189; x_wconf 89' lang='lat' dir='ltr'><strong>enim</strong></span> <span class='ocrx_word' id='word_1_423' title='bbox 251 2159 343 2189; x_wconf 87' lang='lat' dir='ltr'><strong>miser</strong></span> <span class='ocrx_word' id='word_1_424' title='bbox 354 2159 384 2189; x_wconf 92' lang='lat' dir='ltr'><strong>in</strong></span> <span class='ocrx_word' id='word_1_425' title='bbox 399 2159 612 2196; x_wconf 77' lang='lat' dir='ltr'><strong>subterraneis,</strong></span> <span class='ocrx_word' id='word_1_426' title='bbox 629 2163 658 2190; x_wconf 90' lang='lat' dir='ltr'><strong>et</strong></span> <span class='ocrx_word' id='word_1_427' title='bbox 675 2159 782 2189; x_wconf 84' lang='lat' dir='ltr'><strong>densas</strong></span> <span class='ocrx_word' id='word_1_428' title='bbox 801 2163 881 2190; x_wconf 74' lang='lat' dir='ltr'><strong>tear-</strong></span> <span class='ocrx_word' id='word_1_429' title='bbox 891 2187 912 2212; x_wconf 65' lang='grc' dir='ltr'><strong>Β</strong></span> 
     </span>
    </p>
   </div>
   <div class='ocr_carea' id='block_1_61' title="bbox 56 2202 899 2244">
    <p class='ocr_par' dir='ltr' id='par_1_61' title="bbox 56 2202 899 2244">
     <span class='ocr_line' id='line_1_61' title="bbox 56 2202 899 2244; baseline 0.002 -12"><span class='ocrx_word' id='word_1_430' title='bbox 56 2202 127 2232; x_wconf 87' lang='lat' dir='ltr'><strong>bras</strong></span> <span class='ocrx_word' id='word_1_431' title='bbox 142 2203 295 2243; x_wconf 73' lang='lat' dir='ltr'><strong>prwsentis</strong></span> <span class='ocrx_word' id='word_1_432' title='bbox 310 2204 409 2235; x_wconf 66' lang='lat' dir='ltr'><strong>saeculi</strong></span> <span class='ocrx_word' id='word_1_433' title='bbox 436 2204 581 2242; x_wconf 85' lang='lat' dir='ltr'><strong>incolens,</strong></span> <span class='ocrx_word' id='word_1_434' title='bbox 610 2204 659 2244; x_wconf 89' lang='lat' dir='ltr'><strong>qui</strong></span> <span class='ocrx_word' id='word_1_435' title='bbox 674 2204 774 2234; x_wconf 91' lang='lat' dir='ltr'><strong>lumen</strong></span> <span class='ocrx_word' id='word_1_436' title='bbox 791 2202 899 2235; x_wconf 50' lang='lat' dir='ltr'><strong>futuri5</strong></span> 
     </span>
    </p>
   </div>
   <div class='ocr_carea' id='block_1_62' title="bbox 54 2247 880 2289">
    <p class='ocr_par' dir='ltr' id='par_1_62' title="bbox 54 2247 880 2289">
     <span class='ocr_line' id='line_1_62' title="bbox 54 2247 880 2289; baseline 0.002 -12"><span class='ocrx_word' id='word_1_437' title='bbox 54 2248 155 2278; x_wconf 69' lang='lat' dir='ltr'><strong>saeculi</strong></span> <span class='ocrx_word' id='word_1_438' title='bbox 173 2258 231 2278; x_wconf 91' lang='lat' dir='ltr'><strong>non</strong></span> <span class='ocrx_word' id='word_1_439' title='bbox 247 2247 328 2284; x_wconf 90' lang='lat' dir='ltr'><strong>vidit,</strong></span> <span class='ocrx_word' id='word_1_440' title='bbox 347 2248 424 2288; x_wconf 90' lang='lat' dir='ltr'><strong>quod</strong></span> <span class='ocrx_word' id='word_1_441' title='bbox 440 2249 469 2279; x_wconf 92' lang='lat' dir='ltr'><strong>in</strong></span> <span class='ocrx_word' id='word_1_442' title='bbox 496 2254 573 2280; x_wconf 90' lang='lat' dir='ltr'><strong>terra</strong></span> <span class='ocrx_word' id='word_1_443' title='bbox 600 2249 684 2289; x_wconf 87' lang='lat' dir='ltr'><strong>luxit,</strong></span> <span class='ocrx_word' id='word_1_444' title='bbox 713 2258 747 2279; x_wconf 88' lang='lat' dir='ltr'><strong>ac</strong></span> <span class='ocrx_word' id='word_1_445' title='bbox 762 2258 880 2289; x_wconf 88' lang='lat' dir='ltr'><strong>semper</strong></span> 
     </span>
    </p>
   </div>
   <div class='ocr_carea' id='block_1_63' title="bbox 55 2290 880 2331">
    <p class='ocr_par' dir='ltr' id='par_1_63' title="bbox 55 2290 880 2331">
     <span class='ocr_line' id='line_1_63' title="bbox 55 2290 880 2331; baseline 0.004 -10"><span class='ocrx_word' id='word_1_446' title='bbox 55 2290 133 2322; x_wconf 91' lang='lat' dir='ltr'><strong>lucet</strong></span> <span class='ocrx_word' id='word_1_447' title='bbox 151 2298 178 2322; x_wconf 89' lang='lat' dir='ltr'><strong>et</strong></span> <span class='ocrx_word' id='word_1_448' title='bbox 194 2292 345 2322; x_wconf 87' lang='lat' dir='ltr'><strong>afﬁrmans</strong></span> <span class='ocrx_word' id='word_1_449' title='bbox 360 2303 392 2323; x_wconf 89' lang='lat' dir='ltr'><strong>so</strong></span> <span class='ocrx_word' id='word_1_450' title='bbox 408 2293 538 2324; x_wconf 85' lang='lat' dir='ltr'><strong>ccelestia</strong></span> <span class='ocrx_word' id='word_1_451' title='bbox 564 2303 650 2324; x_wconf 88' lang='lat' dir='ltr'><strong>nosse</strong></span> <span class='ocrx_word' id='word_1_452' title='bbox 665 2303 699 2324; x_wconf 88' lang='lat' dir='ltr'><strong>ac</strong></span> <span class='ocrx_word' id='word_1_453' title='bbox 715 2294 835 2331; x_wconf 88' lang='lat' dir='ltr'><strong>sentire,</strong></span> <span class='ocrx_word' id='word_1_454' title='bbox 851 2297 880 2323; x_wconf 93' lang='lat' dir='ltr'><strong>et</strong></span> 
     </span>
    </p>
   </div>
   <div class='ocr_carea' id='block_1_64' title="bbox 55 2337 878 2377">
    <p class='ocr_par' dir='ltr' id='par_1_64' title="bbox 55 2337 878 2377">
     <span class='ocr_line' id='line_1_64' title="bbox 55 2337 878 2377; baseline 0.002 -11"><span class='ocrx_word' id='word_1_455' title='bbox 55 2346 180 2368; x_wconf 87' lang='lat' dir='ltr'><strong>cernere</strong></span> <span class='ocrx_word' id='word_1_456' title='bbox 196 2337 295 2367; x_wconf 89' lang='lat' dir='ltr'><strong>omnia</strong></span> <span class='ocrx_word' id='word_1_457' title='bbox 310 2347 374 2377; x_wconf 61' lang='lat' dir='ltr'><strong>qua;</strong></span> <span class='ocrx_word' id='word_1_458' title='bbox 390 2338 450 2368; x_wconf 88' lang='lat' dir='ltr'><strong>illic</strong></span> <span class='ocrx_word' id='word_1_459' title='bbox 465 2343 543 2374; x_wconf 74' lang='lat' dir='ltr'><strong>sunt,</strong></span> <span class='ocrx_word' id='word_1_460' title='bbox 564 2342 593 2368; x_wconf 93' lang='lat' dir='ltr'><strong>et</strong></span> <span class='ocrx_word' id='word_1_461' title='bbox 606 2337 679 2369; x_wconf 88' lang='lat' dir='ltr'><strong>alios</strong></span> <span class='ocrx_word' id='word_1_462' title='bbox 694 2338 732 2368; x_wconf 92' lang='lat' dir='ltr'><strong>de</strong></span> <span class='ocrx_word' id='word_1_463' title='bbox 747 2338 783 2368; x_wconf 90' lang='lat' dir='ltr'><strong>iis</strong></span> <span class='ocrx_word' id='word_1_464' title='bbox 797 2338 878 2368; x_wconf 85' lang='lat' dir='ltr'><strong>insli-</strong></span> 
     </span>
    </p>
   </div>
   <div class='ocr_carea' id='block_1_65' title="bbox 56 2382 879 2422">
    <p class='ocr_par' dir='ltr' id='par_1_65' title="bbox 56 2382 879 2422">
     <span class='ocr_line' id='line_1_65' title="bbox 56 2382 879 2422; baseline 0.002 -11"><span class='ocrx_word' id='word_1_465' title='bbox 56 2386 152 2417; x_wconf 86' lang='lat' dir='ltr'><strong>tuere,</strong></span> <span class='ocrx_word' id='word_1_466' title='bbox 171 2391 267 2412; x_wconf 83' lang='lat' dir='ltr'><strong>nonne</strong></span> <span class='ocrx_word' id='word_1_467' title='bbox 284 2382 306 2411; x_wconf 83' lang='lat' dir='ltr'><strong>is</strong></span> <span class='ocrx_word' id='word_1_468' title='bbox 327 2383 453 2413; x_wconf 89' lang='lat' dir='ltr'><strong>stolidus</strong></span> <span class='ocrx_word' id='word_1_469' title='bbox 469 2388 524 2419; x_wconf 84' lang='lat' dir='ltr'><strong>est,</strong></span> <span class='ocrx_word' id='word_1_470' title='bbox 542 2382 683 2422; x_wconf 70' lang='lat' dir='ltr'><strong>rlsiqui&#39;l</strong></span> <span class='ocrx_word' id='word_1_471' title='bbox 697 2382 752 2413; x_wconf 86' lang='lat' dir='ltr'><strong>hoc</strong></span> <span class='ocrx_word' id='word_1_472' title='bbox 763 2382 879 2422; x_wconf 82' lang='lat' dir='ltr'><strong>gravius</strong></span> 
     </span>
    </p>
   </div>
   <div class='ocr_carea' id='block_1_66' title="bbox 56 2425 877 2465">
    <p class='ocr_par' dir='ltr' id='par_1_66' title="bbox 56 2425 877 2465">
     <span class='ocr_line' id='line_1_66' title="bbox 56 2425 877 2465; baseline 0.002 -10"><span class='ocrx_word' id='word_1_473' title='bbox 56 2426 113 2456; x_wconf 74' lang='lat' dir='ltr'><strong>ilici</strong></span> <span class='ocrx_word' id='word_1_474' title='bbox 131 2426 248 2465; x_wconf 81' lang='lat' dir='ltr'><strong>potest?</strong></span> <span class='ocrx_word' id='word_1_475' title='bbox 263 2425 518 2461; x_wconf 83' lang='lat' dir='ltr'><strong>Quemadmodum</strong></span> <span class='ocrx_word' id='word_1_476' title='bbox 537 2427 616 2457; x_wconf 91' lang='lat' dir='ltr'><strong>enim</strong></span> <span class='ocrx_word' id='word_1_477' title='bbox 633 2436 728 2458; x_wconf 74' lang='lat' dir='ltr'><strong>czecus</strong></span> <span class='ocrx_word' id='word_1_478' title='bbox 750 2437 816 2459; x_wconf 91' lang='lat' dir='ltr'><strong>cum</strong></span> <span class='ocrx_word' id='word_1_479' title='bbox 834 2427 877 2457; x_wconf 89' lang='lat' dir='ltr'><strong>vi-</strong></span> 
     </span>
    </p>
   </div>
   <div class='ocr_carea' id='block_1_67' title="bbox 57 2470 878 2509">
    <p class='ocr_par' dir='ltr' id='par_1_67' title="bbox 57 2470 878 2509">
     <span class='ocr_line' id='line_1_67' title="bbox 57 2470 878 2509; baseline 0.005 -10"><span class='ocrx_word' id='word_1_480' title='bbox 57 2471 195 2502; x_wconf 85' lang='lat' dir='ltr'><strong>dentibus</strong></span> <span class='ocrx_word' id='word_1_481' title='bbox 227 2470 357 2509; x_wconf 62' lang='lat' dir='ltr'><strong>litigans,</strong></span> <span class='ocrx_word' id='word_1_482' title='bbox 386 2475 414 2501; x_wconf 90' lang='lat' dir='ltr'><strong>et</strong></span> <span class='ocrx_word' id='word_1_483' title='bbox 442 2481 624 2508; x_wconf 82' lang='lat' dir='ltr'><strong>asseverans,</strong></span> <span class='ocrx_word' id='word_1_484' title='bbox 653 2471 708 2502; x_wconf 91' lang='lat' dir='ltr'><strong>hoc</strong></span> <span class='ocrx_word' id='word_1_485' title='bbox 730 2472 878 2503; x_wconf 86' lang='lat' dir='ltr'><strong>numisma</strong></span> 
     </span>
    </p>
   </div>
   <div class='ocr_carea' id='block_1_68' title="bbox 58 2515 878 2556">
    <p class='ocr_par' dir='ltr' id='par_1_68' title="bbox 58 2515 878 2556">
     <span class='ocr_line' id='line_1_68' title="bbox 58 2515 878 2556; baseline 0.002 -11"><span class='ocrx_word' id='word_1_486' title='bbox 58 2525 164 2547; x_wconf 66' lang='lat' dir='ltr'><strong>aereum</strong></span> <span class='ocrx_word' id='word_1_487' title='bbox 181 2520 236 2548; x_wconf 88' lang='lat' dir='ltr'><strong>est.</strong></span> <span class='ocrx_word' id='word_1_488' title='bbox 251 2516 305 2545; x_wconf 88' lang='lat' dir='ltr'><strong>hoc</strong></span> <span class='ocrx_word' id='word_1_489' title='bbox 318 2515 447 2555; x_wconf 78' lang='lat' dir='ltr'><strong>sigillum</strong></span> <span class='ocrx_word' id='word_1_490' title='bbox 470 2516 592 2546; x_wconf 85' lang='lat' dir='ltr'><strong>alterius</strong></span> <span class='ocrx_word' id='word_1_491' title='bbox 607 2520 661 2548; x_wconf 84' lang='lat' dir='ltr'><strong>est.</strong></span> <span class='ocrx_word' id='word_1_492' title='bbox 676 2521 704 2546; x_wconf 88' lang='lat' dir='ltr'><strong>et</strong></span> <span class='ocrx_word' id='word_1_493' title='bbox 719 2526 783 2556; x_wconf 65' lang='lat' dir='ltr'><strong>quae</strong></span> <span class='ocrx_word' id='word_1_494' title='bbox 798 2516 828 2547; x_wconf 88' lang='lat' dir='ltr'><strong>in</strong></span> <span class='ocrx_word' id='word_1_495' title='bbox 843 2526 878 2547; x_wconf 89' lang='lat' dir='ltr'><strong>eo</strong></span> 
     </span>
    </p>
   </div>
   <div class='ocr_carea' id='block_1_69' title="bbox 59 2560 877 2599">
    <p class='ocr_par' dir='ltr' id='par_1_69' title="bbox 59 2560 877 2599">
     <span class='ocr_line' id='line_1_69' title="bbox 59 2560 877 2599; baseline 0.004 -10"><span class='ocrx_word' id='word_1_496' title='bbox 59 2565 124 2592; x_wconf 86' lang='lat' dir='ltr'><strong>sunt</strong></span> <span class='ocrx_word' id='word_1_497' title='bbox 134 2560 364 2599; x_wconf 67' lang='lat' dir='ltr'><strong>scalptaelitterze</strong></span> <span class='ocrx_word' id='word_1_498' title='bbox 373 2561 446 2597; x_wconf 62' lang='lat' dir='ltr'><strong>hanc,</strong></span> <span class='ocrx_word' id='word_1_499' title='bbox 455 2561 549 2591; x_wconf 77' lang='lat' dir='ltr'><strong>ethaec</strong></span> <span class='ocrx_word' id='word_1_500' title='bbox 558 2560 734 2599; x_wconf 80' lang='lat' dir='ltr'><strong>signiﬁcant,</strong></span> <span class='ocrx_word' id='word_1_501' title='bbox 747 2565 877 2592; x_wconf 87' lang='lat' dir='ltr'><strong>monstro</strong></span> 
     </span>
    </p>
   </div>
   <div class='ocr_carea' id='block_1_70' title="bbox 62 2605 877 2637">
    <p class='ocr_par' dir='ltr' id='par_1_70' title="bbox 62 2605 877 2637">
     <span class='ocr_line' id='line_1_70' title="bbox 62 2605 877 2637; baseline 0.004 -3"><span class='ocrx_word' id='word_1_502' title='bbox 62 2605 237 2637; x_wconf 84' lang='lat' dir='ltr'><strong>mirabiliest</strong></span> <span class='ocrx_word' id='word_1_503' title='bbox 248 2605 436 2636; x_wconf 85' lang='lat' dir='ltr'><strong>audientibus</strong></span> <span class='ocrx_word' id='word_1_504' title='bbox 447 2610 476 2636; x_wconf 90' lang='lat' dir='ltr'><strong>et</strong></span> <span class='ocrx_word' id='word_1_505' title='bbox 486 2606 653 2636; x_wconf 92' lang='lat' dir='ltr'><strong>videntibus</strong></span> <span class='ocrx_word' id='word_1_506' title='bbox 663 2606 811 2637; x_wconf 88' lang='lat' dir='ltr'><strong>numisma</strong></span> <span class='ocrx_word' id='word_1_507' title='bbox 823 2615 877 2637; x_wconf 88' lang='lat' dir='ltr'><strong>au—</strong></span> 
     </span>
    </p>
   </div>
   <div class='ocr_carea' id='block_1_71' title="bbox 61 2650 879 2690">
    <p class='ocr_par' dir='ltr' id='par_1_71' title="bbox 61 2650 879 2690">
     <span class='ocr_line' id='line_1_71' title="bbox 61 2650 879 2690; baseline 0.002 -11"><span class='ocrx_word' id='word_1_508' title='bbox 61 2658 151 2689; x_wconf 85' lang='lat' dir='ltr'><strong>reum,</strong></span> <span class='ocrx_word' id='word_1_509' title='bbox 168 2655 195 2681; x_wconf 91' lang='lat' dir='ltr'><strong>et</strong></span> <span class='ocrx_word' id='word_1_510' title='bbox 211 2651 389 2681; x_wconf 88' lang='lat' dir='ltr'><strong>concinnum</strong></span> <span class='ocrx_word' id='word_1_511' title='bbox 412 2651 585 2687; x_wconf 88' lang='lat' dir='ltr'><strong>admodum,</strong></span> <span class='ocrx_word' id='word_1_512' title='bbox 616 2655 646 2681; x_wconf 89' lang='lat' dir='ltr'><strong>et</strong></span> <span class='ocrx_word' id='word_1_513' title='bbox 670 2650 786 2690; x_wconf 73' lang='lat' dir='ltr'><strong>signum</strong></span> <span class='ocrx_word' id='word_1_514' title='bbox 801 2651 879 2690; x_wconf 71' lang='lat' dir='ltr'><strong>regis</strong></span> 
     </span>
    </p>
   </div>
   <div class='ocr_carea' id='block_1_72' title="bbox 62 2694 877 2736">
    <p class='ocr_par' dir='ltr' id='par_1_72' title="bbox 62 2694 877 2736">
     <span class='ocr_line' id='line_1_72' title="bbox 62 2694 877 2736; baseline 0.002 -12"><span class='ocrx_word' id='word_1_515' title='bbox 62 2703 166 2733; x_wconf 86' lang='lat' dir='ltr'><strong>verum,</strong></span> <span class='ocrx_word' id='word_1_516' title='bbox 180 2695 244 2735; x_wconf 87' lang='lat' dir='ltr'><strong>ejus</strong></span> <span class='ocrx_word' id='word_1_517' title='bbox 254 2694 413 2735; x_wconf 77' lang='lat' dir='ltr'><strong>imaginem</strong></span> <span class='ocrx_word' id='word_1_518' title='bbox 426 2694 545 2725; x_wconf 90' lang='lat' dir='ltr'><strong>minime</strong></span> <span class='ocrx_word' id='word_1_519' title='bbox 553 2695 746 2725; x_wconf 83' lang='lat' dir='ltr'><strong>adulteratam</strong></span> <span class='ocrx_word' id='word_1_520' title='bbox 765 2704 877 2736; x_wconf 76' lang='lat' dir='ltr'><strong>reprze—</strong></span> 
     </span>
    </p>
   </div>
   <div class='ocr_carea' id='block_1_73' title="bbox 64 2739 878 2779">
    <p class='ocr_par' dir='ltr' id='par_1_73' title="bbox 64 2739 878 2779">
     <span class='ocr_line' id='line_1_73' title="bbox 64 2739 878 2779; baseline 0.005 -11"><span class='ocrx_word' id='word_1_521' title='bbox 64 2746 185 2778; x_wconf 77' lang='lat' dir='ltr'><strong>senlans,</strong></span> <span class='ocrx_word' id='word_1_522' title='bbox 205 2744 233 2770; x_wconf 89' lang='lat' dir='ltr'><strong>et</strong></span> <span class='ocrx_word' id='word_1_523' title='bbox 249 2740 360 2770; x_wconf 87' lang='lat' dir='ltr'><strong>litteras</strong></span> <span class='ocrx_word' id='word_1_524' title='bbox 376 2739 456 2770; x_wconf 87' lang='lat' dir='ltr'><strong>illius</strong></span> <span class='ocrx_word' id='word_1_525' title='bbox 473 2749 582 2771; x_wconf 88' lang='lat' dir='ltr'><strong>nomen</strong></span> <span class='ocrx_word' id='word_1_526' title='bbox 599 2739 815 2779; x_wconf 83' lang='lat' dir='ltr'><strong>exprimentes:</strong></span> <span class='ocrx_word' id='word_1_527' title='bbox 834 2742 878 2777; x_wconf 74' lang='lat' dir='ltr'><strong>sic</strong></span> 
     </span>
    </p>
   </div>
   <div class='ocr_carea' id='block_1_74' title="bbox 99 2819 680 2857">
    <p class='ocr_par' dir='ltr' id='par_1_74' title="bbox 99 2819 680 2857">
     <span class='ocr_line' id='line_1_74' title="bbox 99 2819 680 2857; baseline -0.003 -5"><span class='ocrx_word' id='word_1_528' title='bbox 99 2819 127 2844; x_wconf 62' lang='grc' dir='ltr'>δι</span> <span class='ocrx_word' id='word_1_529' title='bbox 141 2821 208 2852; x_wconf 89' lang='lat' dir='ltr'><strong>Luc.</strong></span> <span class='ocrx_word' id='word_1_530' title='bbox 225 2829 285 2857; x_wconf 86' lang='lat' dir='ltr'><strong>vui,</strong></span> <span class='ocrx_word' id='word_1_531' title='bbox 308 2821 352 2852; x_wconf 88' lang='lat' dir='ltr'><strong>l0.</strong></span> <span class='ocrx_word' id='word_1_532' title='bbox 441 2820 463 2850; x_wconf 93' lang='lat' dir='ltr'><strong>II</strong></span> <span class='ocrx_word' id='word_1_533' title='bbox 483 2822 549 2852; x_wconf 87' lang='lat' dir='ltr'><strong>Cor.</strong></span> <span class='ocrx_word' id='word_1_534' title='bbox 569 2829 610 2857; x_wconf 94' lang='lat' dir='ltr'><strong>Ill,</strong></span> <span class='ocrx_word' id='word_1_535' title='bbox 632 2821 680 2851; x_wconf 79' lang='grc'><strong>15.</strong></span> 
     </span>
    </p>
   </div>
   <div class='ocr_carea' id='block_1_75' title="bbox 928 910 1747 952">
    <p class='ocr_par' dir='ltr' id='par_1_75' title="bbox 928 910 1747 952">
     <span class='ocr_line' id='line_1_75' title="bbox 928 910 1747 952; baseline 0 -11"><span class='ocrx_word' id='word_1_536' title='bbox 928 910 1041 951; x_wconf 80' lang='lat' dir='ltr'><strong>laverit,</strong></span> <span class='ocrx_word' id='word_1_537' title='bbox 1052 911 1204 952; x_wconf 81' lang='lat' dir='ltr'><strong>magisque</strong></span> <span class='ocrx_word' id='word_1_538' title='bbox 1212 911 1313 948; x_wconf 85' lang='lat' dir='ltr'><strong>odium</strong></span> <span class='ocrx_word' id='word_1_539' title='bbox 1327 912 1361 948; x_wconf 83' lang='lat' dir='ltr'><strong>ad</strong></span> <span class='ocrx_word' id='word_1_540' title='bbox 1367 921 1467 948; x_wconf 77' lang='lat' dir='ltr'><strong>versus</strong></span> <span class='ocrx_word' id='word_1_541' title='bbox 1476 912 1558 946; x_wconf 91' lang='lat' dir='ltr'><strong>illum</strong></span> <span class='ocrx_word' id='word_1_542' title='bbox 1566 912 1747 952; x_wconf 66' lang='lat' dir='ltr'><strong>concipiunt,</strong></span> 
     </span>
    </p>
   </div>
   <div class='ocr_carea' id='block_1_76' title="bbox 928 955 1747 997">
    <p class='ocr_par' dir='ltr' id='par_1_76' title="bbox 928 955 1747 997">
     <span class='ocr_line' id='line_1_76' title="bbox 928 955 1747 997; baseline 0.004 -13"><span class='ocrx_word' id='word_1_543' title='bbox 928 964 982 985; x_wconf 92' lang='lat' dir='ltr'><strong>nec</strong></span> <span class='ocrx_word' id='word_1_544' title='bbox 996 955 1110 987; x_wconf 87' lang='lat' dir='ltr'><strong>sentire</strong></span> <span class='ocrx_word' id='word_1_545' title='bbox 1125 955 1261 986; x_wconf 80' lang='lat' dir='ltr'><strong>morbum</strong></span> <span class='ocrx_word' id='word_1_546' title='bbox 1272 961 1383 996; x_wconf 85' lang='lat' dir='ltr'><strong>queunt</strong></span> <span class='ocrx_word' id='word_1_547' title='bbox 1393 966 1451 997; x_wconf 77' lang='lat' dir='ltr'><strong>quo</strong></span> <span class='ocrx_word' id='word_1_548' title='bbox 1463 956 1608 994; x_wconf 83' lang='lat' dir='ltr'><strong>laborant,</strong></span> <span class='ocrx_word' id='word_1_549' title='bbox 1617 957 1662 988; x_wconf 88' lang='lat' dir='ltr'><strong>vel</strong></span> <span class='ocrx_word' id='word_1_550' title='bbox 1671 966 1747 987; x_wconf 86' lang='lat' dir='ltr'><strong>mor-</strong></span> 
     </span>
    </p>
   </div>
   <div class='ocr_carea' id='block_1_77' title="bbox 928 999 1748 1042">
    <p class='ocr_par' dir='ltr' id='par_1_77' title="bbox 928 999 1748 1042">
     <span class='ocr_line' id='line_1_77' title="bbox 928 999 1748 1042; baseline 0.001 -12"><span class='ocrx_word' id='word_1_551' title='bbox 928 999 981 1030; x_wconf 86' lang='lat' dir='ltr'><strong>bos</strong></span> <span class='ocrx_word' id='word_1_552' title='bbox 992 999 1099 1039; x_wconf 89' lang='lat' dir='ltr'><strong>potius,</strong></span> <span class='ocrx_word' id='word_1_553' title='bbox 1113 1000 1162 1040; x_wconf 77' lang='lat' dir='ltr'><strong>qui</strong></span> <span class='ocrx_word' id='word_1_554' title='bbox 1175 1005 1306 1032; x_wconf 89' lang='lat' dir='ltr'><strong>mentem</strong></span> <span class='ocrx_word' id='word_1_555' title='bbox 1319 1000 1450 1040; x_wconf 79' lang='lat' dir='ltr'><strong>tenebris</strong></span> <span class='ocrx_word' id='word_1_556' title='bbox 1473 1001 1632 1038; x_wconf 85' lang='lat' dir='ltr'><strong>involvunt,</strong></span> <span class='ocrx_word' id='word_1_557' title='bbox 1647 1004 1675 1031; x_wconf 92' lang='lat' dir='ltr'><strong>et</strong></span> <span class='ocrx_word' id='word_1_558' title='bbox 1686 1001 1748 1042; x_wconf 81' lang='lat' dir='ltr'><strong>jam</strong></span> 
     </span>
    </p>
   </div>
   <div class='ocr_carea' id='block_1_78' title="bbox 927 1043 1750 1085">
    <p class='ocr_par' dir='ltr' id='par_1_78' title="bbox 927 1043 1750 1085">
     <span class='ocr_line' id='line_1_78' title="bbox 927 1043 1750 1085; baseline 0.004 -12"><span class='ocrx_word' id='word_1_559' title='bbox 927 1054 942 1073; x_wconf 86' lang='lat' dir='ltr'><strong>a</strong></span> <span class='ocrx_word' id='word_1_560' title='bbox 958 1043 1018 1074; x_wconf 87' lang='lat' dir='ltr'><strong>Deo</strong></span> <span class='ocrx_word' id='word_1_561' title='bbox 1034 1052 1213 1084; x_wconf 58' lang='lat' dir='ltr'><strong>assumptus,</strong></span> <span class='ocrx_word' id='word_1_562' title='bbox 1230 1044 1266 1075; x_wconf 89' lang='lat' dir='ltr'><strong>ab</strong></span> <span class='ocrx_word' id='word_1_563' title='bbox 1294 1045 1343 1075; x_wconf 91' lang='lat' dir='ltr'><strong>illo</strong></span> <span class='ocrx_word' id='word_1_564' title='bbox 1368 1049 1516 1084; x_wconf 86' lang='lat' dir='ltr'><strong>separant.</strong></span> <span class='ocrx_word' id='word_1_565' title='bbox 1539 1044 1584 1076; x_wconf 85' lang='lat' dir='ltr'><strong>Ab</strong></span> <span class='ocrx_word' id='word_1_566' title='bbox 1601 1044 1750 1085; x_wconf 64' lang='lat' dir='ltr'><strong>existima;</strong></span> 
     </span>
    </p>
   </div>
   <div class='ocr_carea' id='block_1_79' title="bbox 926 1083 1749 1129">
    <p class='ocr_par' dir='ltr' id='par_1_79' title="bbox 926 1083 1749 1129">
     <span class='ocr_line' id='line_1_79' title="bbox 926 1083 1749 1129; baseline 0.001 -11"><span class='ocrx_word' id='word_1_567' title='bbox 926 1088 1004 1118; x_wconf 86' lang='lat' dir='ltr'><strong>tione</strong></span> <span class='ocrx_word' id='word_1_568' title='bbox 1020 1089 1077 1128; x_wconf 87' lang='lat' dir='ltr'><strong>sui,</strong></span> <span class='ocrx_word' id='word_1_569' title='bbox 1095 1083 1153 1118; x_wconf 80' lang='lat' dir='ltr'><strong>eta</strong></span> <span class='ocrx_word' id='word_1_570' title='bbox 1170 1089 1310 1129; x_wconf 84' lang='lat' dir='ltr'><strong>superbia</strong></span> <span class='ocrx_word' id='word_1_571' title='bbox 1327 1089 1357 1119; x_wconf 90' lang='lat' dir='ltr'><strong>in</strong></span> <span class='ocrx_word' id='word_1_572' title='bbox 1386 1083 1556 1126; x_wconf 82' lang='lat' dir='ltr'><strong>servitutem</strong></span> <span class='ocrx_word' id='word_1_573' title='bbox 1578 1083 1704 1129; x_wconf 80' lang='lat' dir='ltr'><strong>redacti,</strong></span> <span class='ocrx_word' id='word_1_574' title='bbox 1720 1083 1749 1119; x_wconf 84' lang='lat' dir='ltr'><strong>et</strong></span> 
     </span>
    </p>
   </div>
   <div class='ocr_carea' id='block_1_80' title="bbox 925 1132 1747 1173">
    <p class='ocr_par' dir='ltr' id='par_1_80' title="bbox 925 1132 1747 1173">
     <span class='ocr_line' id='line_1_80' title="bbox 925 1132 1747 1173; baseline 0.002 -11"><span class='ocrx_word' id='word_1_575' title='bbox 925 1132 1047 1162; x_wconf 88' lang='lat' dir='ltr'><strong>istorum</strong></span> <span class='ocrx_word' id='word_1_576' title='bbox 1065 1133 1199 1163; x_wconf 87' lang='lat' dir='ltr'><strong>vitiorum</strong></span> <span class='ocrx_word' id='word_1_577' title='bbox 1216 1133 1293 1163; x_wconf 82' lang='lat' dir='ltr'><strong>servi</strong></span> <span class='ocrx_word' id='word_1_578' title='bbox 1309 1137 1413 1173; x_wconf 77' lang='lat' dir='ltr'><strong>sponte</strong></span> <span class='ocrx_word' id='word_1_579' title='bbox 1440 1133 1593 1170; x_wconf 84' lang='lat' dir='ltr'><strong>nominati,</strong></span> <span class='ocrx_word' id='word_1_580' title='bbox 1612 1133 1747 1164; x_wconf 82' lang='lat' dir='ltr'><strong>volunta-</strong></span> 
     </span>
    </p>
   </div>
   <div class='ocr_carea' id='block_1_81' title="bbox 927 1177 1746 1218">
    <p class='ocr_par' dir='ltr' id='par_1_81' title="bbox 927 1177 1746 1218">
     <span class='ocr_line' id='line_1_81' title="bbox 927 1177 1746 1218; baseline 0.001 -12"><span class='ocrx_word' id='word_1_581' title='bbox 927 1181 984 1206; x_wconf 87' lang='lat' dir='ltr'><strong>tem</strong></span> <span class='ocrx_word' id='word_1_582' title='bbox 999 1186 1081 1208; x_wconf 83' lang='lat' dir='ltr'><strong>suam</strong></span> <span class='ocrx_word' id='word_1_583' title='bbox 1098 1181 1240 1217; x_wconf 88' lang='lat' dir='ltr'><strong>perpetuo</strong></span> <span class='ocrx_word' id='word_1_584' title='bbox 1256 1177 1387 1218; x_wconf 84' lang='lat' dir='ltr'><strong>explent,</strong></span> <span class='ocrx_word' id='word_1_585' title='bbox 1410 1177 1583 1218; x_wconf 76' lang='lat' dir='ltr'><strong>relictisque</strong></span> <span class='ocrx_word' id='word_1_586' title='bbox 1603 1177 1657 1209; x_wconf 83' lang='lat' dir='ltr'><strong>Dei</strong></span> <span class='ocrx_word' id='word_1_587' title='bbox 1671 1177 1746 1217; x_wconf 79' lang='lat' dir='ltr'><strong>legi-</strong></span> 
     </span>
    </p>
   </div>
   <div class='ocr_carea' id='block_1_82' title="bbox 926 1222 1749 1266">
    <p class='ocr_par' dir='ltr' id='par_1_82' title="bbox 926 1222 1749 1266">
     <span class='ocr_line' id='line_1_82' title="bbox 926 1222 1749 1266; baseline 0 -13"><span class='ocrx_word' id='word_1_588' title='bbox 926 1222 992 1262; x_wconf 84' lang='lat' dir='ltr'><strong>bus,</strong></span> <span class='ocrx_word' id='word_1_589' title='bbox 1009 1222 1064 1263; x_wconf 90' lang='lat' dir='ltr'><strong>ipsi</strong></span> <span class='ocrx_word' id='word_1_590' title='bbox 1083 1222 1161 1260; x_wconf 67' lang='lat' dir='ltr'><strong>leges</strong></span> <span class='ocrx_word' id='word_1_591' title='bbox 1174 1222 1231 1257; x_wconf 87' lang='lat' dir='ltr'><strong>sibi</strong></span> <span class='ocrx_word' id='word_1_592' title='bbox 1249 1222 1369 1258; x_wconf 86' lang='lat' dir='ltr'><strong>ferunt;</strong></span> <span class='ocrx_word' id='word_1_593' title='bbox 1396 1232 1452 1262; x_wconf 83' lang='lat' dir='ltr'><strong>nec</strong></span> <span class='ocrx_word' id='word_1_594' title='bbox 1473 1222 1547 1263; x_wconf 80' lang='lat' dir='ltr'><strong>Deo,</strong></span> <span class='ocrx_word' id='word_1_595' title='bbox 1563 1222 1614 1253; x_wconf 91' lang='lat' dir='ltr'><strong>sed</strong></span> <span class='ocrx_word' id='word_1_596' title='bbox 1629 1222 1749 1266; x_wconf 77' lang='lat' dir='ltr'><strong>sibimet</strong></span> 
     </span>
    </p>
   </div>
   <div class='ocr_carea' id='block_1_83' title="bbox 925 1266 1748 1313">
    <p class='ocr_par' dir='ltr' id='par_1_83' title="bbox 925 1266 1748 1313">
     <span class='ocr_line' id='line_1_83' title="bbox 925 1266 1748 1313; baseline -0.001 -16"><span class='ocrx_word' id='word_1_597' title='bbox 925 1267 1067 1306; x_wconf 86' lang='lat' dir='ltr'><strong>serviunt,</strong></span> <span class='ocrx_word' id='word_1_598' title='bbox 1087 1267 1223 1298; x_wconf 89' lang='lat' dir='ltr'><strong>homines</strong></span> <span class='ocrx_word' id='word_1_599' title='bbox 1238 1266 1428 1305; x_wconf 77' lang='lat' dir='ltr'><strong>audacissimi</strong></span> <span class='ocrx_word' id='word_1_600' title='bbox 1446 1276 1453 1304; x_wconf 92' lang='lat'><strong>;</strong></span> <span class='ocrx_word' id='word_1_601' title='bbox 1484 1271 1512 1298; x_wconf 86' lang='lat' dir='ltr'><strong>et</strong></span> <span class='ocrx_word' id='word_1_602' title='bbox 1525 1267 1748 1313; x_wconf 57' lang='lat' dir='ltr'><strong>gloriamsuani</strong></span> 
     </span>
    </p>
   </div>
   <div class='ocr_carea' id='block_1_84' title="bbox 926 1311 1747 1355">
    <p class='ocr_par' dir='ltr' id='par_1_84' title="bbox 926 1311 1747 1355">
     <span class='ocr_line' id='line_1_84' title="bbox 926 1311 1747 1355; baseline 0 -14"><span class='ocrx_word' id='word_1_603' title='bbox 926 1321 977 1351; x_wconf 86' lang='lat' dir='ltr'><strong>pro</strong></span> <span class='ocrx_word' id='word_1_604' title='bbox 996 1311 1047 1342; x_wconf 89' lang='lat' dir='ltr'><strong>Dei</strong></span> <span class='ocrx_word' id='word_1_605' title='bbox 1064 1311 1155 1350; x_wconf 76' lang='lat' dir='ltr'><strong>gloria</strong></span> <span class='ocrx_word' id='word_1_606' title='bbox 1164 1316 1355 1352; x_wconf 84' lang='lat' dir='ltr'><strong>aucupantes,</strong></span> <span class='ocrx_word' id='word_1_607' title='bbox 1370 1311 1565 1352; x_wconf 47' lang='lat' dir='ltr'><strong>operibus,“</strong></span> <span class='ocrx_word' id='word_1_608' title='bbox 1578 1311 1675 1351; x_wconf 86' lang='lat' dir='ltr'><strong>modis</strong></span> <span class='ocrx_word' id='word_1_609' title='bbox 1685 1321 1747 1355; x_wconf 72' lang='lat' dir='ltr'><strong>orn-</strong></span> 
     </span>
    </p>
   </div>
   <div class='ocr_carea' id='block_1_85' title="bbox 925 1355 1749 1397">
    <p class='ocr_par' dir='ltr' id='par_1_85' title="bbox 925 1355 1749 1397">
     <span class='ocr_line' id='line_1_85' title="bbox 925 1355 1749 1397; baseline 0.002 -12"><span class='ocrx_word' id='word_1_610' title='bbox 925 1355 1010 1385; x_wconf 87' lang='lat' dir='ltr'><strong>nibus</strong></span> <span class='ocrx_word' id='word_1_611' title='bbox 1026 1365 1091 1386; x_wconf 79' lang='lat' dir='ltr'><strong>eam</strong></span> <span class='ocrx_word' id='word_1_612' title='bbox 1122 1356 1303 1386; x_wconf 88' lang='lat' dir='ltr'><strong>constituere</strong></span> <span class='ocrx_word' id='word_1_613' title='bbox 1330 1355 1514 1389; x_wconf 83' lang='lat' dir='ltr'><strong>annituntur.</strong></span> <span class='ocrx_word' id='word_1_614' title='bbox 1547 1356 1645 1393; x_wconf 84' lang='lat' dir='ltr'><strong>Gloria</strong></span> <span class='ocrx_word' id='word_1_615' title='bbox 1660 1356 1749 1397; x_wconf 75' lang='lat' dir='ltr'><strong>igitur</strong></span> 
     </span>
    </p>
   </div>
   <div class='ocr_carea' id='block_1_86' title="bbox 924 1399 1749 1441">
    <p class='ocr_par' dir='ltr' id='par_1_86' title="bbox 924 1399 1749 1441">
     <span class='ocr_line' id='line_1_86' title="bbox 924 1399 1749 1441; baseline 0.001 -11"><span class='ocrx_word' id='word_1_616' title='bbox 924 1399 1044 1436; x_wconf 64' lang='lat' dir='ltr'><strong>Christi,</strong></span> <span class='ocrx_word' id='word_1_617' title='bbox 1063 1404 1106 1430; x_wconf 89' lang='lat' dir='ltr'><strong>est</strong></span> <span class='ocrx_word' id='word_1_618' title='bbox 1120 1409 1202 1441; x_wconf 86' lang='lat' dir='ltr'><strong>crux,</strong></span> <span class='ocrx_word' id='word_1_619' title='bbox 1219 1404 1248 1430; x_wconf 91' lang='lat' dir='ltr'><strong>et</strong></span> <span class='ocrx_word' id='word_1_620' title='bbox 1274 1404 1431 1437; x_wconf 87' lang='lat' dir='ltr'><strong>tormenta,</strong></span> <span class='ocrx_word' id='word_1_621' title='bbox 1457 1409 1522 1440; x_wconf 67' lang='lat' dir='ltr'><strong>quae</strong></span> <span class='ocrx_word' id='word_1_622' title='bbox 1547 1405 1646 1431; x_wconf 88' lang='lat' dir='ltr'><strong>nostra</strong></span> <span class='ocrx_word' id='word_1_623' title='bbox 1661 1409 1749 1432; x_wconf 87' lang='lat' dir='ltr'><strong>causa</strong></span> 
     </span>
    </p>
   </div>
   <div class='ocr_carea' id='block_1_87' title="bbox 924 1444 1746 1487">
    <p class='ocr_par' dir='ltr' id='par_1_87' title="bbox 924 1444 1746 1487">
     <span class='ocr_line' id='line_1_87' title="bbox 924 1444 1746 1487; baseline 0.002 -13"><span class='ocrx_word' id='word_1_624' title='bbox 924 1444 1072 1483; x_wconf 79' lang='lat' dir='ltr'><strong>Sustinuit,</strong></span> <span class='ocrx_word' id='word_1_625' title='bbox 1091 1449 1121 1474; x_wconf 93' lang='lat' dir='ltr'><strong>ut</strong></span> <span class='ocrx_word' id='word_1_626' title='bbox 1147 1454 1200 1475; x_wconf 89' lang='lat' dir='ltr'><strong>nos</strong></span> <span class='ocrx_word' id='word_1_627' title='bbox 1222 1444 1315 1483; x_wconf 72' lang='lat' dir='ltr'><strong>gloria</strong></span> <span class='ocrx_word' id='word_1_628' title='bbox 1344 1445 1489 1477; x_wconf 85' lang='lat' dir='ltr'><strong>afﬁceret.</strong></span> <span class='ocrx_word' id='word_1_629' title='bbox 1516 1444 1584 1477; x_wconf 73' lang='lat' dir='ltr'><strong>Ilaec</strong></span> <span class='ocrx_word' id='word_1_630' title='bbox 1600 1454 1688 1485; x_wconf 77' lang='lat' dir='ltr'><strong>porro</strong></span> <span class='ocrx_word' id='word_1_631' title='bbox 1705 1444 1746 1487; x_wconf 83' lang='lat' dir='ltr'><strong>illi</strong></span> 
     </span>
    </p>
   </div>
   <div class='ocr_carea' id='block_1_88' title="bbox 925 1488 1745 1531">
    <p class='ocr_par' dir='ltr' id='par_1_88' title="bbox 925 1488 1745 1531">
     <span class='ocr_line' id='line_1_88' title="bbox 925 1488 1745 1531; baseline 0.002 -13"><span class='ocrx_word' id='word_1_632' title='bbox 925 1488 1036 1528; x_wconf 82' lang='lat' dir='ltr'><strong>perpeti</strong></span> <span class='ocrx_word' id='word_1_633' title='bbox 1052 1493 1201 1526; x_wconf 82' lang='lat' dir='ltr'><strong>recusant,</strong></span> <span class='ocrx_word' id='word_1_634' title='bbox 1218 1489 1467 1529; x_wconf 85' lang='lat' dir='ltr'><strong>quemadmodum</strong></span> <span class='ocrx_word' id='word_1_635' title='bbox 1483 1489 1533 1521; x_wconf 87' lang='lat' dir='ltr'><strong>ille</strong></span> <span class='ocrx_word' id='word_1_636' title='bbox 1550 1499 1652 1531; x_wconf 82' lang='lat' dir='ltr'><strong>passus</strong></span> <span class='ocrx_word' id='word_1_637' title='bbox 1677 1493 1721 1520; x_wconf 89' lang='lat' dir='ltr'><strong>est</strong></span> <span class='ocrx_word' id='word_1_638' title='bbox 1737 1499 1745 1528; x_wconf 86' lang='lat'><strong>;</strong></span> 
     </span>
    </p>
   </div>
   <div class='ocr_carea' id='block_1_89' title="bbox 923 1533 1748 1572">
    <p class='ocr_par' dir='ltr' id='par_1_89' title="bbox 923 1533 1748 1572">
     <span class='ocr_line' id='line_1_89' title="bbox 923 1533 1748 1572; baseline 0.002 -10"><span class='ocrx_word' id='word_1_639' title='bbox 923 1536 950 1562; x_wconf 88' lang='lat' dir='ltr'><strong>et</strong></span> <span class='ocrx_word' id='word_1_640' title='bbox 969 1533 1042 1572; x_wconf 89' lang='lat' dir='ltr'><strong>proh</strong></span> <span class='ocrx_word' id='word_1_641' title='bbox 1059 1534 1141 1564; x_wconf 85' lang='lat' dir='ltr'><strong>nefas</strong></span> <span class='ocrx_word' id='word_1_642' title='bbox 1160 1533 1165 1563; x_wconf 88' lang='lat'>!</span> <span class='ocrx_word' id='word_1_643' title='bbox 1183 1534 1306 1572; x_wconf 81' lang='lat' dir='ltr'><strong>gloriam</strong></span> <span class='ocrx_word' id='word_1_644' title='bbox 1322 1543 1356 1568; x_wconf 83' lang='lat' dir='ltr'><strong>ex</strong></span> <span class='ocrx_word' id='word_1_645' title='bbox 1372 1533 1543 1565; x_wconf 86' lang='lat' dir='ltr'><strong>hominibus</strong></span> <span class='ocrx_word' id='word_1_646' title='bbox 1559 1534 1682 1572; x_wconf 76' lang='lat' dir='ltr'><strong>malunt,</strong></span> <span class='ocrx_word' id='word_1_647' title='bbox 1700 1543 1748 1564; x_wconf 92' lang='lat' dir='ltr'><strong>vo-</strong></span> 
     </span>
    </p>
   </div>
   <div class='ocr_carea' id='block_1_90' title="bbox 923 1576 1744 1618">
    <p class='ocr_par' dir='ltr' id='par_1_90' title="bbox 923 1576 1744 1618">
     <span class='ocr_line' id='line_1_90' title="bbox 923 1576 1744 1618; baseline 0.004 -12"><span class='ocrx_word' id='word_1_648' title='bbox 923 1576 1140 1618; x_wconf 75' lang='lat' dir='ltr'><strong>luntariamque</strong></span> <span class='ocrx_word' id='word_1_649' title='bbox 1155 1588 1171 1608; x_wconf 87' lang='lat' dir='ltr'><strong>a</strong></span> <span class='ocrx_word' id='word_1_650' title='bbox 1185 1578 1244 1608; x_wconf 85' lang='lat' dir='ltr'><strong>Deo</strong></span> <span class='ocrx_word' id='word_1_651' title='bbox 1258 1578 1475 1618; x_wconf 84' lang='lat' dir='ltr'><strong>separationem</strong></span> <span class='ocrx_word' id='word_1_652' title='bbox 1490 1579 1612 1617; x_wconf 80' lang='lat' dir='ltr'><strong>eligunt.</strong></span> <span class='ocrx_word' id='word_1_653' title='bbox 1630 1578 1687 1610; x_wconf 88' lang='lat' dir='ltr'><strong>Sed</strong></span> <span class='ocrx_word' id='word_1_654' title='bbox 1704 1583 1744 1616; x_wconf 92' lang='lat' dir='ltr'><strong>tu,</strong></span> 
     </span>
    </p>
   </div>
   <div class='ocr_carea' id='block_1_91' title="bbox 923 1619 1746 1665">
    <p class='ocr_par' dir='ltr' id='par_1_91' title="bbox 923 1619 1746 1665">
     <span class='ocr_line' id='line_1_91' title="bbox 923 1619 1746 1665; baseline 0.004 -14"><span class='ocrx_word' id='word_1_655' title='bbox 923 1621 1038 1652; x_wconf 80' lang='lat' dir='ltr'><strong>Christe</strong></span> <span class='ocrx_word' id='word_1_656' title='bbox 1055 1631 1150 1657; x_wconf 86' lang='lat' dir='ltr'><strong>meus,</strong></span> <span class='ocrx_word' id='word_1_657' title='bbox 1167 1623 1197 1653; x_wconf 90' lang='lat' dir='ltr'><strong>in</strong></span> <span class='ocrx_word' id='word_1_658' title='bbox 1213 1627 1241 1653; x_wconf 91' lang='lat' dir='ltr'><strong>te</strong></span> <span class='ocrx_word' id='word_1_659' title='bbox 1268 1623 1454 1654; x_wconf 81' lang='lat' dir='ltr'><strong>conﬁdentes</strong></span> <span class='ocrx_word' id='word_1_660' title='bbox 1481 1623 1516 1654; x_wconf 91' lang='lat' dir='ltr'><strong>ab</strong></span> <span class='ocrx_word' id='word_1_661' title='bbox 1533 1623 1650 1665; x_wconf 88' lang='lat' dir='ltr'><strong>impuro</strong></span> <span class='ocrx_word' id='word_1_662' title='bbox 1666 1619 1746 1659; x_wconf 69' lang='lat' dir='ltr'><strong>vanae</strong></span> 
     </span>
    </p>
   </div>
   <div class='ocr_carea' id='block_1_92' title="bbox 922 1666 1747 1711">
    <p class='ocr_par' dir='ltr' id='par_1_92' title="bbox 922 1666 1747 1711">
     <span class='ocr_line' id='line_1_92' title="bbox 922 1666 1747 1711; baseline 0.005 -16"><span class='ocrx_word' id='word_1_663' title='bbox 922 1666 1023 1705; x_wconf 63' lang='lat' dir='ltr'><strong>gloria:</strong></span> <span class='ocrx_word' id='word_1_664' title='bbox 1038 1667 1145 1704; x_wconf 90' lang='lat' dir='ltr'><strong>studio,</strong></span> <span class='ocrx_word' id='word_1_665' title='bbox 1163 1667 1304 1708; x_wconf 85' lang='lat' dir='ltr'><strong>superbia</strong></span> <span class='ocrx_word' id='word_1_666' title='bbox 1319 1667 1422 1704; x_wconf 85' lang='lat' dir='ltr'><strong>libera,</strong></span> <span class='ocrx_word' id='word_1_667' title='bbox 1440 1671 1614 1711; x_wconf 57' lang='lat' dir='ltr'><strong>tuarumque</strong></span> <span class='ocrx_word' id='word_1_668' title='bbox 1629 1668 1747 1709; x_wconf 78' lang='lat' dir='ltr'><strong>passio-</strong></span> 
     </span>
    </p>
   </div>
   <div class='ocr_carea' id='block_1_93' title="bbox 925 1711 1747 1752">
    <p class='ocr_par' dir='ltr' id='par_1_93' title="bbox 925 1711 1747 1752">
     <span class='ocr_line' id='line_1_93' title="bbox 925 1711 1747 1752; baseline 0.004 -12"><span class='ocrx_word' id='word_1_669' title='bbox 925 1719 1007 1746; x_wconf 91' lang='lat' dir='ltr'><strong>num,</strong></span> <span class='ocrx_word' id='word_1_670' title='bbox 1023 1715 1052 1741; x_wconf 91' lang='lat' dir='ltr'><strong>et</strong></span> <span class='ocrx_word' id='word_1_671' title='bbox 1065 1712 1167 1751; x_wconf 65' lang='lat' dir='ltr'><strong>glorias</strong></span> <span class='ocrx_word' id='word_1_672' title='bbox 1177 1713 1221 1743; x_wconf 88' lang='lat' dir='ltr'><strong>fac</strong></span> <span class='ocrx_word' id='word_1_673' title='bbox 1235 1711 1407 1752; x_wconf 86' lang='lat' dir='ltr'><strong>participes,</strong></span> <span class='ocrx_word' id='word_1_674' title='bbox 1428 1717 1457 1745; x_wconf 89' lang='lat' dir='ltr'><strong>et</strong></span> <span class='ocrx_word' id='word_1_675' title='bbox 1477 1712 1599 1752; x_wconf 73' lang='lat' dir='ltr'><strong>dignare</strong></span> <span class='ocrx_word' id='word_1_676' title='bbox 1614 1722 1668 1744; x_wconf 91' lang='lat' dir='ltr'><strong>nos</strong></span> <span class='ocrx_word' id='word_1_677' title='bbox 1680 1717 1747 1746; x_wconf 86' lang='lat' dir='ltr'><strong>tuos</strong></span> 
     </span>
    </p>
   </div>
   <div class='ocr_carea' id='block_1_94' title="bbox 924 1755 1745 1798">
    <p class='ocr_par' dir='ltr' id='par_1_94' title="bbox 924 1755 1745 1798">
     <span class='ocr_line' id='line_1_94' title="bbox 924 1755 1745 1798; baseline 0.004 -13"><span class='ocrx_word' id='word_1_678' title='bbox 924 1755 1247 1797; x_wconf 75' lang='lat' dir='ltr'><strong>esseinseparabiliter,</strong></span> <span class='ocrx_word' id='word_1_679' title='bbox 1261 1766 1340 1788; x_wconf 90' lang='lat' dir='ltr'><strong>nunc</strong></span> <span class='ocrx_word' id='word_1_680' title='bbox 1362 1761 1391 1787; x_wconf 88' lang='lat' dir='ltr'><strong>et</strong></span> <span class='ocrx_word' id='word_1_681' title='bbox 1410 1757 1441 1798; x_wconf 77' lang='lat' dir='ltr'><strong>in</strong></span> <span class='ocrx_word' id='word_1_682' title='bbox 1457 1757 1554 1798; x_wconf 72' lang='lat' dir='ltr'><strong>fututa</strong></span> <span class='ocrx_word' id='word_1_683' title='bbox 1571 1757 1745 1791; x_wconf 69' lang='lat' dir='ltr'><strong>saeculorum</strong></span> 
     </span>
    </p>
   </div>
   <div class='ocr_carea' id='block_1_95' title="bbox 923 1800 1165 1833">
    <p class='ocr_par' dir='ltr' id='par_1_95' title="bbox 923 1800 1165 1833">
     <span class='ocr_line' id='line_1_95' title="bbox 923 1800 1165 1833; baseline 0.017 -4"><span class='ocrx_word' id='word_1_684' title='bbox 923 1800 1043 1832; x_wconf 65' lang='lat' dir='ltr'><strong>saecula.</strong></span> <span class='ocrx_word' id='word_1_685' title='bbox 1061 1804 1165 1833; x_wconf 80' lang='lat' dir='ltr'><strong>Amen.</strong></span> 
     </span>
    </p>
   </div>
   <div class='ocr_carea' id='block_1_96' title="bbox 1184 1847 1485 1884">
    <p class='ocr_par' dir='ltr' id='par_1_96' title="bbox 1184 1847 1485 1884">
     <span class='ocr_line' id='line_1_96' title="bbox 1184 1847 1485 1884; baseline 0 -4"><span class='ocrx_word' id='word_1_686' title='bbox 1184 1847 1304 1880; x_wconf 86' lang='lat' dir='ltr'><strong>CAPUT</strong></span> <span class='ocrx_word' id='word_1_687' title='bbox 1331 1847 1485 1884; x_wconf 78' lang='lat' dir='ltr'><strong>XXXVIII.</strong></span> 
     </span>
    </p>
   </div>
   <div class='ocr_carea' id='block_1_97' title="bbox 925 1893 1745 1935">
    <p class='ocr_par' dir='ltr' id='par_1_97' title="bbox 925 1893 1745 1935">
     <span class='ocr_line' id='line_1_97' title="bbox 925 1893 1745 1935; baseline 0.005 -12"><span class='ocrx_word' id='word_1_688' title='bbox 925 1893 1064 1925; x_wconf 76' lang='lat' dir='ltr'><strong>Precatio</strong></span> <span class='ocrx_word' id='word_1_689' title='bbox 1075 1895 1114 1925; x_wconf 82' lang='grc' dir='ltr'>ιιιι</span> <span class='ocrx_word' id='word_1_690' title='bbox 1125 1895 1219 1927; x_wconf 85' lang='lat' dir='ltr'><strong>Deum</strong></span> <span class='ocrx_word' id='word_1_691' title='bbox 1227 1895 1331 1935; x_wconf 80' lang='lat' dir='ltr'><strong>supple</strong></span> <span class='ocrx_word' id='word_1_692' title='bbox 1338 1906 1355 1925; x_wconf 84' lang='lat' dir='ltr'><strong>L&#39;</strong></span> <span class='ocrx_word' id='word_1_693' title='bbox 1363 1895 1466 1935; x_wconf 78' lang='lat' dir='ltr'><strong>simul,</strong></span> <span class='ocrx_word' id='word_1_694' title='bbox 1478 1899 1506 1927; x_wconf 81' lang='lat' dir='ltr'><strong>et</strong></span> <span class='ocrx_word' id='word_1_695' title='bbox 1516 1896 1689 1935; x_wconf 60' lang='lat' dir='ltr'><strong>gratiarum</strong></span> <span class='ocrx_word' id='word_1_696' title='bbox 1696 1905 1745 1928; x_wconf 81' lang='lat' dir='ltr'><strong>ac-</strong></span> 
     </span>
    </p>
   </div>
   <div class='ocr_carea' id='block_1_98' title="bbox 1062 1935 1601 1976">
    <p class='ocr_par' dir='ltr' id='par_1_98' title="bbox 1062 1935 1601 1976">
     <span class='ocr_line' id='line_1_98' title="bbox 1062 1935 1601 1976; baseline 0.004 -11"><span class='ocrx_word' id='word_1_697' title='bbox 1062 1936 1151 1972; x_wconf 75' lang='lat' dir='ltr'><strong>lon&#39;u,</strong></span> <span class='ocrx_word' id='word_1_698' title='bbox 1168 1935 1203 1966; x_wconf 83' lang='lat' dir='ltr'><strong>de</strong></span> <span class='ocrx_word' id='word_1_699' title='bbox 1219 1935 1369 1976; x_wconf 78' lang='lat' dir='ltr'><strong>beneﬁciis</strong></span> <span class='ocrx_word' id='word_1_700' title='bbox 1383 1938 1416 1965; x_wconf 73' lang='lat' dir='ltr'><strong>in</strong></span> <span class='ocrx_word' id='word_1_701' title='bbox 1426 1945 1457 1969; x_wconf 78' lang='lat' dir='ltr'><strong>sc</strong></span> <span class='ocrx_word' id='word_1_702' title='bbox 1471 1935 1601 1967; x_wconf 78' lang='lat' dir='ltr'><strong>collatis.</strong></span> 
     </span>
    </p>
   </div>
   <div class='ocr_carea' id='block_1_99' title="bbox 963 1981 1742 2022">
    <p class='ocr_par' dir='ltr' id='par_1_99' title="bbox 963 1981 1742 2022">
     <span class='ocr_line' id='line_1_99' title="bbox 963 1981 1742 2022; baseline 0.005 -11"><span class='ocrx_word' id='word_1_703' title='bbox 963 1981 1002 2011; x_wconf 83' lang='lat' dir='ltr'><strong>Da</strong></span> <span class='ocrx_word' id='word_1_704' title='bbox 1018 1981 1100 2022; x_wconf 92' lang='lat' dir='ltr'><strong>mihi,</strong></span> <span class='ocrx_word' id='word_1_705' title='bbox 1118 1981 1255 2019; x_wconf 82' lang='lat' dir='ltr'><strong>Domine,</strong></span> <span class='ocrx_word' id='word_1_706' title='bbox 1272 1982 1517 2019; x_wconf 83' lang='lat' dir='ltr'><strong>intellectum,da</strong></span> <span class='ocrx_word' id='word_1_707' title='bbox 1531 1982 1742 2022; x_wconf 78' lang='lat' dir='ltr'><strong>cognitionem,</strong></span> 
     </span>
    </p>
   </div>
   <div class='ocr_carea' id='block_1_100' title="bbox 922 2025 1744 2070">
    <p class='ocr_par' dir='ltr' id='par_1_100' title="bbox 922 2025 1744 2070">
     <span class='ocr_line' id='line_1_100' title="bbox 922 2025 1744 2070; baseline 0.002 -14"><span class='ocrx_word' id='word_1_708' title='bbox 922 2025 996 2056; x_wconf 80' lang='lat' dir='ltr'><strong>doce</strong></span> <span class='ocrx_word' id='word_1_709' title='bbox 1024 2035 1071 2056; x_wconf 87' lang='lat' dir='ltr'><strong>me</strong></span> <span class='ocrx_word' id='word_1_710' title='bbox 1096 2026 1194 2056; x_wconf 82' lang='lat' dir='ltr'><strong>facere</strong></span> <span class='ocrx_word' id='word_1_711' title='bbox 1209 2026 1346 2065; x_wconf 84' lang='lat' dir='ltr'><strong>mandata</strong></span> <span class='ocrx_word' id='word_1_712' title='bbox 1359 2030 1417 2065; x_wconf 84' lang='lat' dir='ltr'><strong>tua.</strong></span> <span class='ocrx_word' id='word_1_713' title='bbox 1435 2025 1563 2062; x_wconf 81' lang='lat' dir='ltr'><strong>Tametsi</strong></span> <span class='ocrx_word' id='word_1_714' title='bbox 1580 2027 1698 2067; x_wconf 86' lang='lat' dir='ltr'><strong>peccavi</strong></span> <span class='ocrx_word' id='word_1_715' title='bbox 1713 2033 1744 2070; x_wconf 80' lang='lat' dir='ltr'><strong>ut</strong></span> 
     </span>
    </p>
   </div>
   <div class='ocr_carea' id='block_1_101' title="bbox 924 2069 1743 2111">
    <p class='ocr_par' dir='ltr' id='par_1_101' title="bbox 924 2069 1743 2111">
     <span class='ocr_line' id='line_1_101' title="bbox 924 2069 1743 2111; baseline 0.004 -11"><span class='ocrx_word' id='word_1_716' title='bbox 924 2069 1023 2108; x_wconf 83' lang='lat' dir='ltr'><strong>homo,</strong></span> <span class='ocrx_word' id='word_1_717' title='bbox 1036 2075 1064 2100; x_wconf 89' lang='lat' dir='ltr'><strong>et</strong></span> <span class='ocrx_word' id='word_1_718' title='bbox 1076 2071 1228 2111; x_wconf 87' lang='lat' dir='ltr'><strong>plusquam</strong></span> <span class='ocrx_word' id='word_1_719' title='bbox 1242 2071 1340 2105; x_wconf 78' lang='lat' dir='ltr'><strong>homo.</strong></span> <span class='ocrx_word' id='word_1_720' title='bbox 1355 2075 1386 2101; x_wconf 87' lang='lat' dir='ltr'><strong>ut</strong></span> <span class='ocrx_word' id='word_1_721' title='bbox 1398 2071 1501 2108; x_wconf 83' lang='lat' dir='ltr'><strong>nostri,</strong></span> <span class='ocrx_word' id='word_1_722' title='bbox 1514 2071 1743 2104; x_wconf 87' lang='lat' dir='ltr'><strong>nihilominustu</strong></span> 
     </span>
    </p>
   </div>
   <div class='ocr_carea' id='block_1_102' title="bbox 925 2115 1744 2157">
    <p class='ocr_par' dir='ltr' id='par_1_102' title="bbox 925 2115 1744 2157">
     <span class='ocr_line' id='line_1_102' title="bbox 925 2115 1744 2157; baseline 0.002 -13"><span class='ocrx_word' id='word_1_723' title='bbox 925 2115 1002 2146; x_wconf 83' lang='lat' dir='ltr'><strong>Deus</strong></span> <span class='ocrx_word' id='word_1_724' title='bbox 1019 2121 1160 2146; x_wconf 79' lang='lat' dir='ltr'><strong>oonsueta</strong></span> <span class='ocrx_word' id='word_1_725' title='bbox 1175 2115 1227 2146; x_wconf 88' lang='lat' dir='ltr'><strong>tibi</strong></span> <span class='ocrx_word' id='word_1_726' title='bbox 1245 2115 1450 2157; x_wconf 73' lang='lat' dir='ltr'><strong>misericordia</strong></span> <span class='ocrx_word' id='word_1_727' title='bbox 1477 2115 1615 2155; x_wconf 79' lang='lat' dir='ltr'><strong>misertus</strong></span> <span class='ocrx_word' id='word_1_728' title='bbox 1638 2126 1670 2149; x_wconf 80' lang='lat' dir='ltr'><strong>es</strong></span> <span class='ocrx_word' id='word_1_729' title='bbox 1685 2116 1744 2147; x_wconf 90' lang='lat' dir='ltr'><strong>mei</strong></span> 
     </span>
    </p>
   </div>
   <div class='ocr_carea' id='block_1_103' title="bbox 925 2159 1742 2201">
    <p class='ocr_par' dir='ltr' id='par_1_103' title="bbox 925 2159 1742 2201">
     <span class='ocr_line' id='line_1_103' title="bbox 925 2159 1742 2201; baseline 0.004 -12"><span class='ocrx_word' id='word_1_730' title='bbox 925 2159 1061 2200; x_wconf 73' lang='lat' dir='ltr'><strong>pmzperis</strong></span> <span class='ocrx_word' id='word_1_731' title='bbox 1074 2164 1103 2190; x_wconf 86' lang='lat' dir='ltr'><strong>et</strong></span> <span class='ocrx_word' id='word_1_732' title='bbox 1114 2160 1237 2200; x_wconf 88' lang='lat' dir='ltr'><strong>orphani</strong></span> <span class='ocrx_word' id='word_1_733' title='bbox 1250 2159 1279 2197; x_wconf 80' lang='lat' dir='ltr'><strong>in</strong></span> <span class='ocrx_word' id='word_1_734' title='bbox 1290 2159 1347 2198; x_wconf 81' lang='lat' dir='ltr'><strong>hoc</strong></span> <span class='ocrx_word' id='word_1_735' title='bbox 1367 2159 1486 2199; x_wconf 87' lang='lat' dir='ltr'><strong>mundo,</strong></span> <span class='ocrx_word' id='word_1_736' title='bbox 1500 2160 1654 2201; x_wconf 86' lang='lat' dir='ltr'><strong>fecistique</strong></span> <span class='ocrx_word' id='word_1_737' title='bbox 1664 2161 1742 2201; x_wconf 88' lang='lat' dir='ltr'><strong>quod</strong></span> 
     </span>
    </p>
   </div>
   <div class='ocr_carea' id='block_1_104' title="bbox 924 2203 1744 2250">
    <p class='ocr_par' dir='ltr' id='par_1_104' title="bbox 924 2203 1744 2250">
     <span class='ocr_line' id='line_1_104' title="bbox 924 2203 1744 2250; baseline 0.001 -16"><span class='ocrx_word' id='word_1_738' title='bbox 924 2212 953 2234; x_wconf 83' lang='lat' dir='ltr'><strong>tu</strong></span> <span class='ocrx_word' id='word_1_739' title='bbox 970 2204 1048 2250; x_wconf 84' lang='lat' dir='ltr'><strong>solus</strong></span> <span class='ocrx_word' id='word_1_740' title='bbox 1065 2205 1152 2236; x_wconf 90' lang='lat' dir='ltr'><strong>nosti.</strong></span> <span class='ocrx_word' id='word_1_741' title='bbox 1167 2206 1193 2250; x_wconf 77' lang='grc' dir='ltr'>Α</span> <span class='ocrx_word' id='word_1_742' title='bbox 1210 2209 1302 2245; x_wconf 80' lang='lat' dir='ltr'><strong>patre,</strong></span> <span class='ocrx_word' id='word_1_743' title='bbox 1329 2209 1358 2235; x_wconf 90' lang='lat' dir='ltr'><strong>et</strong></span> <span class='ocrx_word' id='word_1_744' title='bbox 1386 2203 1698 2250; x_wconf 55' lang='lat' dir='ltr'><strong>fratribuchognatis,</strong></span> <span class='ocrx_word' id='word_1_745' title='bbox 1716 2209 1744 2246; x_wconf 73' lang='lat' dir='ltr'><strong>et</strong></span> 
     </span>
    </p>
   </div>
   <div class='ocr_carea' id='block_1_105' title="bbox 921 2248 1741 2293">
    <p class='ocr_par' dir='ltr' id='par_1_105' title="bbox 921 2248 1741 2293">
     <span class='ocr_line' id='line_1_105' title="bbox 921 2248 1741 2293; baseline 0.002 -15"><span class='ocrx_word' id='word_1_746' title='bbox 921 2248 1036 2286; x_wconf 79' lang='lat' dir='ltr'><strong>amicis,</strong></span> <span class='ocrx_word' id='word_1_747' title='bbox 1053 2259 1069 2280; x_wconf 89' lang='lat' dir='ltr'><strong>a</strong></span> <span class='ocrx_word' id='word_1_748' title='bbox 1084 2249 1172 2280; x_wconf 84' lang='lat' dir='ltr'><strong>natali</strong></span> <span class='ocrx_word' id='word_1_749' title='bbox 1189 2249 1276 2280; x_wconf 92' lang='lat' dir='ltr'><strong>domo</strong></span> <span class='ocrx_word' id='word_1_750' title='bbox 1293 2258 1357 2280; x_wconf 89' lang='lat' dir='ltr'><strong>mea</strong></span> <span class='ocrx_word' id='word_1_751' title='bbox 1375 2249 1454 2280; x_wconf 88' lang='lat' dir='ltr'><strong>\elut</strong></span> <span class='ocrx_word' id='word_1_752' title='bbox 1469 2258 1503 2283; x_wconf 78' lang='lat' dir='ltr'><strong>ex</strong></span> <span class='ocrx_word' id='word_1_753' title='bbox 1519 2248 1640 2293; x_wconf 58' lang='lat' dir='ltr'><strong>Egypto</strong></span> <span class='ocrx_word' id='word_1_754' title='bbox 1658 2248 1741 2289; x_wconf 80' lang='lat' dir='ltr'><strong>tene-</strong></span> 
     </span>
    </p>
   </div>
   <div class='ocr_carea' id='block_1_106' title="bbox 923 2292 1742 2334">
    <p class='ocr_par' dir='ltr' id='par_1_106' title="bbox 923 2292 1742 2334">
     <span class='ocr_line' id='line_1_106' title="bbox 923 2292 1742 2334; baseline 0.001 -11"><span class='ocrx_word' id='word_1_755' title='bbox 923 2294 1021 2334; x_wconf 81' lang='lat' dir='ltr'><strong>brusa,</strong></span> <span class='ocrx_word' id='word_1_756' title='bbox 1039 2295 1114 2325; x_wconf 90' lang='lat' dir='ltr'><strong>velut</strong></span> <span class='ocrx_word' id='word_1_757' title='bbox 1131 2304 1166 2326; x_wconf 76' lang='lat' dir='ltr'><strong>ex</strong></span> <span class='ocrx_word' id='word_1_758' title='bbox 1181 2294 1291 2325; x_wconf 88' lang='lat' dir='ltr'><strong>inferni</strong></span> <span class='ocrx_word' id='word_1_759' title='bbox 1307 2293 1476 2329; x_wconf 85' lang='lat' dir='ltr'><strong>recessibus</strong></span> <span class='ocrx_word' id='word_1_760' title='bbox 1504 2293 1557 2333; x_wconf 88' lang='lat' dir='ltr'><strong>(sic</strong></span> <span class='ocrx_word' id='word_1_761' title='bbox 1573 2293 1652 2330; x_wconf 86' lang='lat' dir='ltr'><strong>enim</strong></span> <span class='ocrx_word' id='word_1_762' title='bbox 1665 2292 1742 2331; x_wconf 86' lang='lat' dir='ltr'><strong>mihi</strong></span> 
     </span>
    </p>
   </div>
   <div class='ocr_carea' id='block_1_107' title="bbox 920 2337 1741 2378">
    <p class='ocr_par' dir='ltr' id='par_1_107' title="bbox 920 2337 1741 2378">
     <span class='ocr_line' id='line_1_107' title="bbox 920 2337 1741 2378; baseline 0.002 -10"><span class='ocrx_word' id='word_1_763' title='bbox 920 2338 1035 2378; x_wconf 78' lang='lat' dir='ltr'><strong>abjeeto</strong></span> <span class='ocrx_word' id='word_1_764' title='bbox 1049 2349 1136 2370; x_wconf 69' lang='lat' dir='ltr'><strong>servo</strong></span> <span class='ocrx_word' id='word_1_765' title='bbox 1153 2344 1201 2370; x_wconf 92' lang='lat' dir='ltr'><strong>tuo</strong></span> <span class='ocrx_word' id='word_1_766' title='bbox 1217 2338 1254 2369; x_wconf 93' lang='lat' dir='ltr'><strong>de</strong></span> <span class='ocrx_word' id='word_1_767' title='bbox 1269 2338 1328 2369; x_wconf 85' lang='lat' dir='ltr'><strong>illis</strong></span> <span class='ocrx_word' id='word_1_768' title='bbox 1356 2338 1484 2376; x_wconf 69' lang='lat' dir='ltr'><strong>cogitare</strong></span> <span class='ocrx_word' id='word_1_769' title='bbox 1502 2337 1622 2376; x_wconf 75' lang='lat' dir='ltr'><strong>dedisti,</strong></span> <span class='ocrx_word' id='word_1_770' title='bbox 1639 2342 1741 2374; x_wconf 79' lang='lat' dir='ltr'><strong>etnon</strong></span> 
     </span>
    </p>
   </div>
   <div class='ocr_carea' id='block_1_108' title="bbox 921 2380 1740 2424">
    <p class='ocr_par' dir='ltr' id='par_1_108' title="bbox 921 2380 1740 2424">
     <span class='ocr_line' id='line_1_108' title="bbox 921 2380 1740 2424; baseline 0.001 -12"><span class='ocrx_word' id='word_1_771' title='bbox 921 2386 1008 2412; x_wconf 68' lang='lat' dir='ltr'><strong>stmte</strong></span> <span class='ocrx_word' id='word_1_772' title='bbox 1026 2384 1117 2423; x_wconf 68' lang='lat' dir='ltr'><strong>loqui)</strong></span> <span class='ocrx_word' id='word_1_773' title='bbox 1133 2387 1312 2424; x_wconf 85' lang='lat' dir='ltr'><strong>separatum,</strong></span> <span class='ocrx_word' id='word_1_774' title='bbox 1330 2387 1359 2412; x_wconf 90' lang='lat' dir='ltr'><strong>et</strong></span> <span class='ocrx_word' id='word_1_775' title='bbox 1370 2380 1566 2422; x_wconf 79' lang='lat' dir='ltr'><strong>assumptum,</strong></span> <span class='ocrx_word' id='word_1_776' title='bbox 1580 2382 1740 2423; x_wconf 77' lang='lat' dir='ltr'><strong>etterribili</strong></span> 
     </span>
    </p>
   </div>
   <div class='ocr_carea' id='block_1_109' title="bbox 922 2427 1740 2471">
    <p class='ocr_par' dir='ltr' id='par_1_109' title="bbox 922 2427 1740 2471">
     <span class='ocr_line' id='line_1_109' title="bbox 922 2427 1740 2471; baseline 0.004 -15"><span class='ocrx_word' id='word_1_777' title='bbox 922 2438 1008 2458; x_wconf 79' lang='lat' dir='ltr'><strong>manu</strong></span> <span class='ocrx_word' id='word_1_778' title='bbox 1025 2432 1073 2461; x_wconf 83' lang='lat' dir='ltr'><strong>tua</strong></span> <span class='ocrx_word' id='word_1_779' title='bbox 1087 2429 1307 2469; x_wconf 86' lang='lat' dir='ltr'><strong>apprehensum</strong></span> <span class='ocrx_word' id='word_1_780' title='bbox 1323 2427 1429 2465; x_wconf 76' lang='lat' dir='ltr'><strong>duxisti</strong></span> <span class='ocrx_word' id='word_1_781' title='bbox 1442 2436 1488 2457; x_wconf 89' lang='lat' dir='ltr'><strong>me</strong></span> <span class='ocrx_word' id='word_1_782' title='bbox 1504 2427 1538 2459; x_wconf 88' lang='lat' dir='ltr'><strong>ad</strong></span> <span class='ocrx_word' id='word_1_783' title='bbox 1555 2436 1635 2464; x_wconf 91' lang='lat' dir='ltr'><strong>eum,</strong></span> <span class='ocrx_word' id='word_1_784' title='bbox 1652 2437 1740 2471; x_wconf 72' lang='lat' dir='ltr'><strong>quem</strong></span> 
     </span>
    </p>
   </div>
   <div class='ocr_carea' id='block_1_110' title="bbox 921 2473 1740 2513">
    <p class='ocr_par' dir='ltr' id='par_1_110' title="bbox 921 2473 1740 2513">
     <span class='ocr_line' id='line_1_110' title="bbox 921 2473 1740 2513; baseline 0.001 -10"><span class='ocrx_word' id='word_1_785' title='bbox 921 2473 1098 2513; x_wconf 83' lang='lat' dir='ltr'><strong>complacuit</strong></span> <span class='ocrx_word' id='word_1_786' title='bbox 1109 2473 1160 2504; x_wconf 92' lang='lat' dir='ltr'><strong>tibi</strong></span> <span class='ocrx_word' id='word_1_787' title='bbox 1175 2474 1203 2504; x_wconf 91' lang='lat' dir='ltr'><strong>in</strong></span> <span class='ocrx_word' id='word_1_788' title='bbox 1217 2473 1304 2505; x_wconf 82' lang='lat' dir='ltr'><strong>terris</strong></span> <span class='ocrx_word' id='word_1_789' title='bbox 1316 2481 1383 2504; x_wconf 80' lang='lat' dir='ltr'><strong>esse</strong></span> <span class='ocrx_word' id='word_1_790' title='bbox 1397 2476 1508 2512; x_wconf 85' lang='lat' dir='ltr'><strong>patrem</strong></span> <span class='ocrx_word' id='word_1_791' title='bbox 1531 2481 1640 2512; x_wconf 82' lang='lat' dir='ltr'><strong>meum,</strong></span> <span class='ocrx_word' id='word_1_792' title='bbox 1659 2477 1688 2503; x_wconf 92' lang='lat' dir='ltr'><strong>et</strong></span> <span class='ocrx_word' id='word_1_793' title='bbox 1704 2473 1740 2504; x_wconf 89' lang='lat' dir='ltr'><strong>ad</strong></span> 
     </span>
    </p>
   </div>
   <div class='ocr_carea' id='block_1_111' title="bbox 922 2515 1740 2566">
    <p class='ocr_par' dir='ltr' id='par_1_111' title="bbox 922 2515 1740 2566">
     <span class='ocr_line' id='line_1_111' title="bbox 922 2515 1740 2566; baseline -0.001 -19"><span class='ocrx_word' id='word_1_794' title='bbox 922 2518 1095 2566; x_wconf 68' lang='lat' dir='ltr'><strong>pedesejus,</strong></span> <span class='ocrx_word' id='word_1_795' title='bbox 1108 2522 1194 2566; x_wconf 63' lang='lat' dir='ltr'><strong>atque</strong></span> <span class='ocrx_word' id='word_1_796' title='bbox 1205 2517 1290 2566; x_wconf 87' lang='lat' dir='ltr'><strong>ulnas</strong></span> <span class='ocrx_word' id='word_1_797' title='bbox 1300 2515 1522 2566; x_wconf 69' lang='lat' dir='ltr'><strong>depOSuistIme</strong></span> <span class='ocrx_word' id='word_1_798' title='bbox 1535 2526 1542 2546; x_wconf 89' lang='lat'>:</span> <span class='ocrx_word' id='word_1_799' title='bbox 1555 2516 1605 2566; x_wconf 74' lang='lat' dir='ltr'><strong>qui</strong></span> <span class='ocrx_word' id='word_1_800' title='bbox 1621 2526 1669 2566; x_wconf 68' lang='lat' dir='ltr'><strong>me</strong></span> <span class='ocrx_word' id='word_1_801' title='bbox 1683 2515 1740 2556; x_wconf 75' lang='lat' dir='ltr'><strong>ob-</strong></span> 
     </span>
    </p>
   </div>
   <div class='ocr_carea' id='block_1_112' title="bbox 922 2560 1738 2602">
    <p class='ocr_par' dir='ltr' id='par_1_112' title="bbox 922 2560 1738 2602">
     <span class='ocr_line' id='line_1_112' title="bbox 922 2560 1738 2602; baseline -0.001 -9"><span class='ocrx_word' id='word_1_802' title='bbox 922 2562 986 2599; x_wconf 87' lang='lat' dir='ltr'><strong>tulit</strong></span> <span class='ocrx_word' id='word_1_803' title='bbox 998 2562 1074 2592; x_wconf 79' lang='lat' dir='ltr'><strong>l’atri</strong></span> <span class='ocrx_word' id='word_1_804' title='bbox 1086 2567 1148 2594; x_wconf 84' lang='lat' dir='ltr'><strong>tuo.</strong></span> <span class='ocrx_word' id='word_1_805' title='bbox 1162 2561 1278 2594; x_wconf 86' lang='lat' dir='ltr'><strong>Christe</strong></span> <span class='ocrx_word' id='word_1_806' title='bbox 1289 2570 1384 2601; x_wconf 81' lang='lat' dir='ltr'><strong>meus,</strong></span> <span class='ocrx_word' id='word_1_807' title='bbox 1395 2565 1426 2600; x_wconf 57' lang='lat' dir='ltr'><strong>ﬁt</strong></span> <span class='ocrx_word' id='word_1_808' title='bbox 1447 2560 1499 2592; x_wconf 92' lang='lat' dir='ltr'><strong>tibi</strong></span> <span class='ocrx_word' id='word_1_809' title='bbox 1521 2570 1574 2601; x_wconf 82' lang='lat' dir='ltr'><strong>per</strong></span> <span class='ocrx_word' id='word_1_810' title='bbox 1586 2560 1738 2602; x_wconf 77' lang='lat' dir='ltr'><strong>Spiritum,</strong></span> 
     </span>
    </p>
   </div>
   <div class='ocr_carea' id='block_1_113' title="bbox 921 2601 1741 2655">
    <p class='ocr_par' dir='ltr' id='par_1_113' title="bbox 921 2601 1741 2655">
     <span class='ocr_line' id='line_1_113' title="bbox 921 2601 1741 2655; baseline 0.001 -18"><span class='ocrx_word' id='word_1_811' title='bbox 921 2620 936 2637; x_wconf 90' lang='grc' dir='ltr'>υ</span> <span class='ocrx_word' id='word_1_812' title='bbox 953 2607 1093 2655; x_wconf 75' lang='lat' dir='ltr'><strong>Trinitas.</strong></span> <span class='ocrx_word' id='word_1_813' title='bbox 1109 2617 1126 2637; x_wconf 85' lang='grc' dir='ltr'>ι)</span> <span class='ocrx_word' id='word_1_814' title='bbox 1143 2607 1219 2638; x_wconf 85' lang='lat' dir='ltr'><strong>Deus</strong></span> <span class='ocrx_word' id='word_1_815' title='bbox 1237 2616 1335 2655; x_wconf 41' lang='lat' dir='ltr'><strong>meus,</strong></span> <span class='ocrx_word' id='word_1_816' title='bbox 1356 2607 1491 2653; x_wconf 78' lang='lat' dir='ltr'><strong>Cumgue</strong></span> <span class='ocrx_word' id='word_1_817' title='bbox 1506 2601 1741 2655; x_wconf 29' lang='lat' dir='ltr'><strong>essemrpr‘odigp</strong></span> 
     </span>
    </p>
   </div>
   <div class='ocr_carea' id='block_1_114' title="bbox 920 2649 1742 2696">
    <p class='ocr_par' dir='ltr' id='par_1_114' title="bbox 920 2649 1742 2696">
     <span class='ocr_line' id='line_1_114' title="bbox 920 2649 1742 2696; baseline -0.002 -13"><span class='ocrx_word' id='word_1_818' title='bbox 920 2652 1037 2687; x_wconf 88' lang='lat' dir='ltr'><strong>similis,</strong></span> <span class='ocrx_word' id='word_1_819' title='bbox 1055 2657 1083 2683; x_wconf 86' lang='lat' dir='ltr'><strong>et</strong></span> <span class='ocrx_word' id='word_1_820' title='bbox 1097 2657 1165 2682; x_wconf 90' lang='lat' dir='ltr'><strong>ante</strong></span> <span class='ocrx_word' id='word_1_821' title='bbox 1195 2657 1223 2682; x_wconf 93' lang='lat' dir='ltr'><strong>te</strong></span> <span class='ocrx_word' id='word_1_822' title='bbox 1251 2651 1373 2692; x_wconf 61' lang='lat' dir='ltr'><strong>supplex</strong></span> <span class='ocrx_word' id='word_1_823' title='bbox 1403 2650 1628 2693; x_wconf 75' lang='lat' dir='ltr'><strong>procumberem</strong></span> <span class='ocrx_word' id='word_1_824' title='bbox 1647 2649 1742 2696; x_wconf 36' lang='lat' dir='ltr'><strong>(utitp</strong></span> 
     </span>
    </p>
   </div>
   <div class='ocr_carea' id='block_1_115' title="bbox 920 2695 1742 2738">
    <p class='ocr_par' dir='ltr' id='par_1_115' title="bbox 920 2695 1742 2738">
     <span class='ocr_line' id='line_1_115' title="bbox 920 2695 1742 2738; baseline -0.002 -11"><span class='ocrx_word' id='word_1_825' title='bbox 920 2698 984 2738; x_wconf 88' lang='lat' dir='ltr'><strong>ipse</strong></span> <span class='ocrx_word' id='word_1_826' title='bbox 993 2697 1063 2735; x_wconf 87' lang='lat' dir='ltr'><strong>scis,</strong></span> <span class='ocrx_word' id='word_1_827' title='bbox 1074 2697 1141 2737; x_wconf 87' lang='lat' dir='ltr'><strong>quia</strong></span> <span class='ocrx_word' id='word_1_828' title='bbox 1151 2695 1276 2728; x_wconf 90' lang='lat' dir='ltr'><strong>docuisti</strong></span> <span class='ocrx_word' id='word_1_829' title='bbox 1288 2696 1355 2734; x_wconf 88' lang='lat' dir='ltr'><strong>me),</strong></span> <span class='ocrx_word' id='word_1_830' title='bbox 1372 2699 1404 2732; x_wconf 78' lang='lat' dir='ltr'><strong>tu</strong></span> <span class='ocrx_word' id='word_1_831' title='bbox 1421 2703 1538 2736; x_wconf 81' lang='lat' dir='ltr'><strong>quoque</strong></span> <span class='ocrx_word' id='word_1_832' title='bbox 1555 2703 1614 2737; x_wconf 83' lang='lat' dir='ltr'><strong>non</strong></span> <span class='ocrx_word' id='word_1_833' title='bbox 1627 2703 1664 2737; x_wconf 68' lang='lat' dir='ltr'><strong>es</strong></span> <span class='ocrx_word' id='word_1_834' title='bbox 1686 2695 1742 2731; x_wconf 74' lang='lat' dir='ltr'><strong>de-</strong></span> 
     </span>
    </p>
   </div>
   <div class='ocr_carea' id='block_1_116' title="bbox 920 2738 1741 2789">
    <p class='ocr_par' dir='ltr' id='par_1_116' title="bbox 920 2738 1741 2789">
     <span class='ocr_line' id='line_1_116' title="bbox 920 2738 1741 2789; baseline -0.006 -16"><span class='ocrx_word' id='word_1_835' title='bbox 920 2743 1058 2782; x_wconf 77' lang='lat' dir='ltr'><strong>dignatus</strong></span> <span class='ocrx_word' id='word_1_836' title='bbox 1072 2751 1176 2774; x_wconf 87' lang='lat' dir='ltr'><strong>vocare</strong></span> <span class='ocrx_word' id='word_1_837' title='bbox 1192 2750 1239 2774; x_wconf 87' lang='lat' dir='ltr'><strong>me</strong></span> <span class='ocrx_word' id='word_1_838' title='bbox 1254 2740 1345 2779; x_wconf 80' lang='lat' dir='ltr'><strong>ﬁlium</strong></span> <span class='ocrx_word' id='word_1_839' title='bbox 1372 2744 1468 2779; x_wconf 75' lang='lat' dir='ltr'><strong>tuum.</strong></span> <span class='ocrx_word' id='word_1_840' title='bbox 1484 2740 1508 2778; x_wconf 75' lang='grc' dir='ltr'>Ο</span> <span class='ocrx_word' id='word_1_841' title='bbox 1525 2738 1677 2789; x_wconf 67' lang='lat' dir='ltr'><strong>indiguuin</strong></span> <span class='ocrx_word' id='word_1_842' title='bbox 1693 2748 1741 2789; x_wconf 39' lang='grc' dir='ltr'><strong>με,</strong></span> 
     </span>
    </p>
   </div>
  </div>
