1982 3075
218 179 276 212 595

862 180 1052 213 SYMEONIS
1072 181 1248 213 JUNIORIS

1853 179 1922 211 596

218 252 247 278 et
263 247 417 278 immunda
430 246 508 278 labia
525 248 532 277 ε
564 258 581 278 ο
608 247 698 279 verba
718 248 825 288 linguae
839 248 947 288 inopis,
965 251 993 279 et
1008 247 1037 277 in
1049 245 1158 277 Aliber
1172 246 1344 286 dignitatem
1360 258 1394 279 ac
1409 249 1607 289 prastantiam
1630 249 1718 289 hujus
1732 247 1840 278 liberae
1861 256 1921 277 vo-

219 291 358 322 landibus
375 292 442 328 tuis,
455 292 638 332 agendisque
647 292 762 333 gratiis,
774 297 803 324 et
818 293 972 324 beneﬁciis
983 292 1041 322 tuis

218 335 393 367 enarrandis
408 333 537 376 egestate
553 337 726 377 laborantis,
752 347 817 378 quae
833 338 862 368 in
882 347 929 368 me
945 337 1039 377 pupil-

217 380 278 411 lum
303 390 338 411 ac
363 380 554 421 peregrinum
583 381 722 412 conferre
737 382 881 413 voluisti?
898 382 939 413 tui
961 381 1041 412 enim

217 428 285 456 sunt
296 424 483 464 peregriuiin
497 426 553 456 hoc
565 426 684 456 mundo.
704 427 775 463 Quze
796 431 893 457 autem
910 430 958 457 tua
973 431 1040 456 tuo-

216 478 342 510 rumque
358 474 437 508 sunt,
455 469 533 501 oculi
548 479 606 501 non
624 470 734 510 vident,
757 471 856 511 lingua
872 481 929 501 non
947 474 1043 511 potest

218 514 327 554 eloqui.
343 523 398 545 nec
414 514 555 552 mundus,
572 524 689 555 capere.
716 517 886 556 Propterea,
904 515 1039 553 Domine,

217 558 279 590 odit
295 568 348 589 nos
365 559 505 595 mundus,
524 559 723 600 persequitur,
742 560 903 596 maledicit,
917 559 1039 597 invidet,

215 602 296 642 furit,
309 602 504 640 occidit,cum
517 603 547 634 in
560 604 631 635 tales
651 604 802 642 inciderit,
826 605 914 635 audet
928 604 1038 634 omnia.

216 647 276 679 Nos
299 657 380 684 vero,
398 651 431 678 ut
456 647 509 679 tibi
523 649 734 687 complacitum
752 653 806 685 est.
822 649 949 680 humiles
964 649 1040 680 servi

216 692 270 730 tui,
279 692 488 724 ininﬁrmitate
499 695 667 732 potentesin
677 698 847 734 paupertate
855 693 1038 731 ditescimus,

216 737 245 768 in
262 737 344 768 omni
359 737 549 768 tribulatione
564 738 739 776 gaudemus,
755 739 837 770 velut
852 743 934 769 extra
950 748 1039 769 mun-

216 782 286 813 dum
302 782 403 823 positi.
421 782 481 813 Nos
496 786 593 813 tecum
616 792 728 821 sumus,
745 783 881 818 Domine.
899 792 1041 824 corporea

217 831 317 857 nostra
339 826 467 858 mundus
482 826 601 858 retinet.
619 827 662 858 De
676 832 782 858 caetero
798 837 893 859 caecus
908 827 1038 866 oberrat,

1083 290 1201 321 luntatis
1216 301 1249 322 ac
1266 293 1420 332 potestatis
1435 303 1493 324 non
1510 298 1662 333 reputnns,
1680 302 1696 323 a
1712 291 1868 326 dominio,
1891 295 1924 320 et

1082 335 1207 374 imperio
1224 341 1273 367 tuo
1290 337 1437 374 resiliens,
1466 338 1645 378 praecipitem
1673 346 1720 367 me
1749 336 1869 375 alijeci,
1891 339 1923 365 et

1083 379 1143 409 illic
1159 389 1205 410 me
1219 380 1381 419 jacentem,
1397 391 1432 413 ac
1447 383 1512 413 sine
1540 392 1628 413 sensu
1643 390 1752 421 corpus
1767 381 1920 410 volutan-

1083 427 1153 460 tem,
1171 425 1363 465 attritumque
1385 427 1589 463 vehementer,
1622 436 1679 457 non
1697 435 1728 456 es
1743 429 1918 458 aversatus.

1084 477 1141 498 non
1158 477 1189 499 es
1206 478 1308 509 passus
1319 470 1433 510 jacere,
1460 471 1578 511 lutoque
1607 470 1797 511 conspurcari
1813 480 1820 486 ·
1859 469 1920 500 sed

1083 517 1204 553 propter
1218 513 1331 544 viscera
1346 515 1559 546 misericordiae
1581 519 1636 546 tute
1656 514 1774 554 misisti,
1791 518 1823 544 et
1841 513 1922 544 indi-

1084 566 1130 587 me
1145 557 1303 595 subtulisti,
1322 563 1351 589 et
1365 559 1507 590 illustrius
1522 559 1685 590 honorasti.
1702 559 1724 589 A
1741 558 1871 596 regibus
1888 563 1916 588 et

1084 601 1278 642 principibus,
1295 608 1327 634 ut
1349 613 1416 634 vase
1442 604 1610 644 ignominiae
1638 604 1674 634 ad
1706 603 1918 634 ministerium

1083 647 1251 685 cupiditatis
1267 657 1327 678 suae
1343 649 1384 678 uti
1411 658 1456 679 me
1485 649 1685 689 cupientibus,
1706 648 1836 688 judiciis
1856 650 1920 678 tuis

1082 690 1279 722 inetiabilibus
1295 692 1459 723 rodemisti.
1488 694 1560 725 Auri
1585 698 1613 724 et
1638 693 1750 732 argenti
1768 702 1917 731 munera,

1081 743 1247 775 quanquam
1265 736 1397 775 pecunize
1412 746 1543 773 avarum,
1560 737 1697 777 accipere
1713 747 1757 767 me
1779 747 1845 767 non
1866 741 1917 767 tu-

1082 778 1151 809 listi.
1169 780 1311 821 Gloriam,
1339 783 1404 812 vitae
1429 782 1647 819 claritudinem,
1675 791 1739 822 qua:
1768 781 1848 812 mihi
1879 782 1917 811 ad

1081 824 1266 855 vendendam
1283 826 1545 857 sanctiﬁcationem
1560 831 1641 860 tuam
1669 827 1734 857 loco
1758 826 1851 866 pretii
1870 826 1916 856 ot-

215 872 309 902 tutum
327 875 433 902 tenens
445 871 553 911 solum,
572 872 651 912 quod
664 882 718 903 nec
736 873 832 913 ipsum
848 873 1010 904 lucrifaciet
1029 872 1068 910 ;B
1080 868 1237 913 ferebatur,
1254 876 1284 899 ut
1313 879 1502 901 exscecrarer
1537 881 1571 901 ac
1600 871 1762 902 detestarer
1789 870 1918 900 donasti

217 914 301 946 dabis
317 915 409 953 enim,
425 919 457 946 ut
472 916 645 956 promisisti,
663 917 692 947 in
711 923 842 949 extrema
867 917 936 948 tuba
950 917 981 943 56
1011 923 1040 948 et

217 959 273 990 hoc
288 960 454 1000 spirituale,
472 966 501 991 et.
515 961 585 992 huic
610 961 664 992 soli
680 963 756 993 mala
772 963 893 1003 propria
906 963 1036 994 lucrabi-

215 1007 274 1042 tur,
291 1013 358 1035 cum
385 1005 640 1037 consentientibus
665 1007 723 1037 sibi
751 1008 848 1048 caecis,
879 1012 908 1038 et
935 1008 1039 1038 mundi

213 1049 404 1080 amatoribus.

489 1109 611 1141 CAPUT
633 1110 760 1141 XXXIX.

326 1168 382 1204 Qui
397 1168 492 1200 Deum
507 1169 669 1208 desiderat,
687 1171 752 1202 odit
766 1171 924 1202 mundum.

253 1226 363 1259 Umbra
376 1227 523 1269 detineor,
541 1233 570 1260 et
580 1229 731 1261 veritatem
747 1239 850 1267 cerno,
872 1230 948 1271 quod
963 1231 1035 1262 nihil

213 1275 270 1307 est,
286 1271 342 1302 nisi
359 1272 453 1303 solida
467 1281 546 1313 spes.
564 1273 702 1310 Quaenam
719 1274 807 1314 igitur
822 1284 890 1314 spes
904 1275 919 1304 ?
947 1285 1035 1316 quam

213 1315 291 1347 oculi
306 1325 365 1347 non
380 1316 528 1348 viderunt.
554 1317 623 1349 Haec
646 1321 725 1349 enim
742 1319 808 1356 vita,
829 1328 915 1358 quam
932 1315 1036 1351 omnes

212 1360 437 1400 concupiscunt.
450 1361 516 1392 Vita
526 1366 623 1393 autem
636 1363 686 1393 illa
697 1363 767 1403 quid
781 1368 824 1394 est
839 1364 929 1401 aliud,
948 1374 1034 1405 quam

214 1405 291 1436 Deus
306 1405 441 1436 conditor
456 1406 615 1438 omnium?
640 1407 724 1438 Hunc
749 1417 825 1444 ama,
852 1412 880 1438 et
895 1409 964 1439 odio
980 1409 1033 1439 ha-

212 1447 297 1479 bebis
311 1449 466 1479 mundum.
484 1450 609 1481 Mundus
633 1461 735 1481 mors:
767 1452 837 1492 quid
867 1454 944 1483 enim
977 1463 1034 1484 non

212 1492 322 1523 ﬂuxum
338 1497 365 1524 et
382 1494 524 1525 caducum
541 1494 654 1526 habet?

525 1547 644 1580 CAPUT
667 1549 726 1581 XL.

212 1601 374 1641 Gratiarum
387 1601 459 1641 actio
473 1601 514 1641 ad_
525 1601 616 1641 Dauni
624 1611 675 1639 pro
690 1605 805 1640 acceptis
819 1604 964 1641 beneﬁciis.
985 1605 1034 1634 Ubi

245 1638 275 1675 et
285 1636 317 1675 de
331 1637 459 1675 oratione
470 1636 632 1675 spirituali,‘
649 1641 674 1667 et
695 1636 845 1675 pro'grcsm
859 1636 889 1668 iri
904 1648 946 1674 ea,
963 1643 987 1669 rt
1002 1641 1035 1669 de

245 1672 342 1700 divina
355 1672 564 1711 illugu'natione.
581 1672 737 1711 casiamque
749 1672 806 1704 ium
820 1676 893 1711 falsa
907 1672 1035 1705 διἐιιίινί-

248 1711 303 1736 IaIe
316 1716 383 1744 erga
397 1708 486 1736 Deum
499 1709 656 1738 disseritur.

252 1763 394 1803 Benedic,
404 1763 681 1803 Pater,Dominator
689 1766 812 1797 Domine
819 1767 884 1797 cceli
893 1777 926 1797 ac
933 1771 1030 1799 terrae.

212 1807 345 1848 quiante
362 1807 602 1839 constitutionem
624 1809 726 1840 mundi
743 1810 880 1848 statuisti,
899 1816 927 1842 ut
944 1821 959 1842 e
986 1812 1033 1842 ni-

212 1852 272 1883 hilo
286 1861 438 1891 nascerer,
448 1852 559 1892 gratias
567 1862 622 1893 ago
631 1853 694 1891 tibi,
704 1854 855 1895 quoniam,
863 1855 1034 1896 priusquam

211 1896 365 1927 adveniret
379 1896 444 1927 dies
459 1901 486 1927 et
501 1897 583 1935 hora,
602 1898 631 1928 in
648 1907 705 1938 qua
725 1899 870 1930 mandasti
887 1905 918 1930 ut
933 1901 1033 1940 prodi-

211 1951 274 1976 rem
291 1941 321 1972 in
337 1941 413 1972 hanc
429 1941 537 1979 lucem,
555 1942 619 1982 ipse
648 1942 728 1973 solus
751 1943 938 1980 immortalis,
956 1946 1037 1976 solus

213 1985 415 2025 omnipotens,
433 1986 514 2016 solus
529 1985 624 2017 bonus
655 1991 683 2017 et
711 1987 868 2024 humanus,
900 1997 965 2020 cum
982 1990 1035 2020 de-

212 2030 381 2061 scendisses
396 2030 433 2061 de
461 2031 578 2062 excelso
606 2032 772 2062 sanctuario
802 2036 865 2070 tuo,
881 2042 898 2064 a
913 2039 1037 2074 paterno

214 2075 281 2106 sinu
296 2084 355 2105 non
371 2074 543 2112 discedens,
570 2079 599 2106 et
628 2085 643 2106 e
668 2080 768 2107 sancta
796 2076 917 2117 Virgine
947 2079 1038 2110 Maria

214 2120 384 2150 incarnatus
400 2123 429 2149 et
444 2119 561 2159 genitus
577 2129 670 2158 esses,
688 2121 808 2161 tinxisti,
830 2127 859 2153 et
874 2123 1036 2161 viviﬁcasti,

213 2168 264 2195 eta
276 2164 364 2203 primi
377 2164 508 2204 parentis
520 2164 603 2205 lapsu
615 2165 746 2196 liberasli
758 2175 815 2203 me,
839 2171 867 2197 et
881 2177 1036 2198 ascensum

1082 912 1164 943 mihi.

1121 956 1178 987 Sed
1191 957 1254 987 haec
1265 958 1376 998 omnia,
1386 960 1529 990 conﬁteor
1541 959 1604 997 tibi,
1618 959 1741 990 Domine
1750 959 1833 990 Deus
1843 960 1915 991 creti

1080 1005 1221 1036 aeterne,
1239 1011 1285 1032 me
1294 1011 1397 1032 rursus
1417 1003 1504 1033 nihili
1516 1004 1684 1040 facientem,
1702 1004 1731 1034 in
1748 1004 1866 1039 lacum,
1885 1009 1913 1035 et

1081 1045 1256 1085 profundum
1274 1056 1389 1077 caenum
1415 1049 1543 1088 turpium
1570 1049 1793 1088 cogitationum,
1813 1048 1916 1078 actio-

1078 1099 1209 1130 numque
1227 1089 1437 1122 miserabiliter
1465 1095 1541 1123 ultro
1569 1093 1692 1134 indissc,
1710 1093 1781 1124 etin
1799 1102 1913 1123 manus

1076 1134 1138 1165 illic
1159 1134 1312 1165 latentium
1338 1136 1485 1167 latronum
1501 1137 1667 1174 devenisse,
1685 1138 1762 1168 unde
1780 1147 1830 1167 me
1850 1147 1911 1168 non

1077 1179 1171 1209 solum
1188 1188 1242 1219 ego
1267 1180 1357 1216 solus,
1385 1182 1435 1211 sed
1463 1191 1517 1212 nec
1544 1183 1682 1213 mortales
1710 1182 1845 1213 univorsi
1880 1182 1910 1212 in

1078 1233 1169 1254 unum
1185 1225 1356 1264 congregati
1370 1226 1534 1264 extrahere,
1549 1232 1577 1257 et
1597 1227 1633 1258 ab
1647 1236 1749 1258 eorum
1763 1227 1910 1257 manibus

1077 1267 1206 1300 liberare
1222 1273 1393 1308 potuerunt.
1424 1270 1633 1301 Verumtamen
1663 1271 1703 1301 ibi
1730 1281 1775 1302 tne
1793 1271 1909 1301 misere

1077 1312 1187 1343 abillis
1203 1314 1383 1351 coercitum,
1401 1319 1429 1344 et
1446 1315 1565 1346 infande
1580 1317 1637 1346 huc
1654 1316 1722 1346 illuc
1739 1320 1904 1356 raptatum,

1076 1366 1277 1397 compressum
1294 1362 1322 1388 et
1337 1359 1468 1398 illusum,
1500 1365 1528 1390 tu
1559 1361 1740 1397 misericors,
1772 1366 1800 1390 et
1819 1361 1905 1391 beni-

1076 1413 1150 1442 gnus
1166 1403 1307 1435 Dominus
1323 1416 1380 1436 non
1397 1406 1567 1447 tlespexisti,
1593 1416 1650 1437 non
1667 1417 1698 1438 es
1713 1407 1904 1438 abominatus

1078 1457 1244 1488 perversam
1260 1450 1438 1481 voluntatem
1456 1461 1563 1488 meam,
1589 1462 1647 1482 mm
1670 1453 1719 1482 diu
1738 1453 1903 1493 permisisti

1077 1502 1124 1523 me
1138 1498 1244 1533 sponte
1258 1494 1534 1526 latronumillorum
1553 1498 1736 1537 tyrannidem
1755 1498 1874 1537 perpeti
1894 1508 1899 1527 :

1043 1551 1062 1575 ρ
1075 1546 1175 1567 verum
1191 1540 1324 1578 quamvis
1339 1550 1392 1579 ego
1415 1540 1479 1572 sine
1508 1551 1597 1572 sensu
1625 1542 1769 1573 abductus
1784 1543 1823 1572 ab
1842 1542 1901 1572 illis

1078 1583 1297 1614 lzetarertutam
1309 1584 1385 1615 laede
1399 1595 1444 1615 me
1463 1586 1624 1626 circumagi
1646 1592 1732 1626 atque
1746 1587 1823 1617 trahi
1841 1597 1900 1617 non

1075 1626 1182 1664 ferens,
1201 1628 1364 1659 visceribus
1378 1635 1552 1668 commotus,
1568 1636 1596 1661 et
1619 1632 1675 1661 mei
1691 1632 1903 1662 misericordia

1075 1675 1176 1711 captus
1192 1681 1243 1709 es;
1260 1682 1313 1703 nec
1325 1674 1687 1713 angelum,authominem
1699 1678 1733 1706 ait
1747 1686 1794 1706 me
1812 1677 1901 1706 misev

1075 1725 1140 1746 rum
1153 1721 1336 1756 peccatorem
1347 1718 1452 1748 misisti
1468 1729 1474 1757 ;
1490 1720 1540 1749 sed
1558 1720 1716 1761 tumetipse
1728 1730 1743 1751 a
1758 1721 1902 1751 bonitatis

1077 1765 1133 1791 tum
1144 1762 1314 1801 praecordiis
1325 1761 1472 1800 incitatus,
1488 1764 1515 1793 in
1529 1765 1792 1804 protumli~simum
1803 1767 1900 1797 lacum

1078 1809 1105 1836 te
1122 1805 1280 1842 immisisti,
1296 1811 1323 1836 et
1340 1807 1368 1837 in
1387 1808 1461 1837 carni
1473 1809 1531 1838 alta
1541 1809 1901 1848 voragiueiut'radefosso,

1077 1859 1110 1880 ac
1126 1850 1254 1889 sedenti,
1271 1851 1421 1882 dexteram
1438 1852 1640 1883 inlaminalmn
1658 1855 1821 1885 tctendisti.
1844 1864 1903 1884 mc«

1078 1904 1135 1934 que
1152 1904 1209 1924 non
1227 1895 1374 1926 videntem
1394 1900 1421 1926 te
1438 1901 1495 1937 (qui
1515 1898 1594 1928 enim
1609 1903 1753 1936 poteram,
1767 1905 1901 1940 autquo-

1079 1939 1166 1970 modo
1183 1940 1395 1980 suspexissem,
1413 1942 1550 1981 quitotus
1566 1943 1626 1972 luto
1644 1953 1758 1974 mersus
1773 1946 1887 1975 sulfura

1079 1984 1160 2014 bar?
1193 1985 1298 2024 capillo
1327 1986 1431 2025 capitis
1460 1987 1694 2026 apprehensum,
1724 1988 1792 2018 inde
1809 1990 1834 2019 vi
1853 1999 1903 2018 ex-

1081 2029 1191 2059 traxisti
1207 2040 1213 2067 ;
1240 2039 1305 2059 cum
1324 2039 1377 2069 ego
1393 2031 1525 2061 dolorem
1542 2032 1674 2071 quidem,
1690 2037 1717 2062 et
1733 2033 1858 2064 crebros
1875 2034 1902 2063 iu

1079 2074 1232 2113 superiora
1263 2078 1413 2111 attractus,
1446 2084 1661 2116 ascensumque
1691 2078 1846 2113 sentirem,
1877 2083 1903 2108 at

1080 2128 1200 2158 prorsus
1218 2118 1375 2158 nescirent,
1394 2129 1480 2159 aquo
1497 2120 1524 2150 in
1541 2121 1668 2151 sublime
1684 2122 1841 2159 educercr,
1855 2127 1903 2152 .‘tlll

1080 2163 1145 2202 quis
1162 2168 1239 2194 esset
1256 2163 1384 2202 tandem,
1404 2165 1453 2204 qui
1471 2175 1517 2195 me
1543 2171 1696 2205 prensa'ct
1723 2171 1810 2206 atque
1827 2167 1901 2197 edu-

213 2209 243 2240 in
254 2209 360 2240 caelum
376 2209 545 2250 praeparasti
559 2209 642 2240 mihi.
657 2209 771 2240 Deinde
783 2216 957 2251 prognatum
977 2223 1035 2249 me,
1048 2210 1070 2234 D
1080 2212 1171 2238 ceret.
1187 2209 1277 2238 Porro
1289 2217 1406 2238 sursum
1431 2209 1580 2247 eductum,
1595 2215 1623 2240 et
1640 2211 1668 2240 in
1683 2215 1735 2242 ιρι-ι
1746 2221 1762 2241 a
1777 2212 1889 2242 colloca

213 2258 242 2285 et
258 2253 369 2284 sensim
388 2258 583 2291 crescentem,
615 2259 644 2285 tu
670 2264 717 2285 me
746 2260 847 2286 sancto
863 2256 1037 2296 baptismate

213 2302 261 2329 tuo
275 2298 433 2336 reﬁnxisti,
450 2302 479 2329 et
495 2300 653 2335 renovasti,
671 2303 831 2339 sanctoque
844 2299 953 2340 Spiritu
964 2311 1036 2332 con-

212 2343 767 2382 decorusti.Angelumlucisi'ustodem
788 2345 858 2375 mihi
869 2346 1035 2381 attribuisti,

213 2387 286 2419 etab
302 2388 444 2428 operibus
460 2388 556 2426 malis,
574 2393 603 2419 et
617 2388 730 2429 laqueis
746 2389 886 2425 inimicis,
901 2391 1037 2430 usquead

214 2432 378 2473 perfectam
393 2437 422 2465 et
437 2433 553 2474 plenam
569 2437 683 2464 aetatem
711 2443 757 2465 me
773 2434 896 2465 illaesum
912 2436 1039 2466 custodi-

212 2477 289 2509 visti.
308 2477 452 2514 Quoniam
469 2487 537 2508 vero
554 2487 612 2509 non
629 2478 666 2515 vi,
694 2487 727 2508 ac
755 2479 902 2517 nolentes,
917 2480 969 2510 sed
986 2490 1037 2510 vo—

213 2522 336 2560 luntate,
354 2527 383 2553 et
395 2522 536 2554 arbitratu
551 2522 586 2552 ad
603 2523 659 2554 hoc
689 2523 910 2563 propendentcs
925 2524 1039 2555 salvare

211 2577 265 2599 nos
280 2577 396 2608 aequum
408 2568 580 2608 justumque
596 2568 749 2604 censuisti,
767 2578 814 2598 me
827 2578 944 2609 quoque
959 2569 1035 2599 arbi»

213 2612 261 2644 trii
271 2612 409 2644 libertate
421 2612 560 2643 honorari
579 2611 752 2652 permisisti,
773 2617 802 2643 ut
818 2623 850 2643 (ιλ
871 2613 1036 2644 voluntaria

212 2657 418 2689 mandatorum
434 2660 550 2688 tuorum
566 2656 773 2688 observatione
803 2667 897 2688 meam
925 2667 993 2698 erga
1009 2663 1036 2690 te

212 2703 385 2734 charitatem
402 2701 602 2733 ostenderem.
634 2701 697 2740 Ego
711 2706 808 2732 autem
825 2702 991 2742 improbus,
1008 2708 1037 2734 ct

204 2747 354 2786 ingratus,
371 2751 459 2788 atque
474 2750 671 2787 contemplor.
705 2746 782 2777 vellit
805 2756 897 2787 equus
912 2746 1036 2778 vinculis

250 2827 282 2854 50
296 2828 309 2859 Ι
323 2827 390 2860 Cor.
408 2836 456 2859 xv.
472 2827 522 2858 52.

1082 2257 1154 2287 tum,
1171 2262 1255 2282 servo
1273 2262 1306 2282 ac
1321 2253 1466 2293 discipulo
1495 2260 1543 2284 llll'
1569 2264 1616 2285 me
1633 2256 1707 2285 tradi
1722 2256 1791 2293 ilsll,
1809 2261 1900 2286 totum

1081 2297 1278 2338 inquinatum,
1296 2302 1323 2328 ct
1339 2297 1398 2328 luto
1415 2299 1527 2339 oculos,
1542 2309 1640 2336 aures,
1658 2310 1689 2330 os
1705 2301 1900 2335 obstructum,

1081 2347 1109 2373 et
1124 2343 1163 2373 ita
1180 2352 1232 2372 nec
1250 2346 1310 2372 tum
1328 2347 1354 2372 te
1371 2343 1531 2382 videntem,
1549 2345 1615 2384 quis
1643 2354 1725 2375 esses
1743 2355 1750 2385 ς
1775 2345 1830 2375 nisi
1847 2345 1900 2374 huc

1081 2387 1174 2418 solum
1192 2387 1384 2424 indicantem,
1402 2388 1535 2428 quisquis
1551 2398 1643 2425 esses,
1662 2389 1782 2428 bonum,
1800 2394 1829 2420 et
1845 2390 1899 2419 lm-

1082 2442 1200 2463 manum
1218 2442 1294 2469 esse,
1320 2433 1369 2472 qui
1394 2443 1441 2463 me
1469 2443 1485 2463 e
1515 2433 1661 2471 profundo
1691 2434 1755 2464 lacu
1772 2439 1800 2464 et
1817 2443 1898 2464 anno

1081 2477 1253 2517 eripuisses.
1267 2476 1350 2507 Dicto
1363 2477 1452 2516 igitur
1466 2478 1536 2508 mihi
1547 2478 1724 2515 conturtare,
1744 2484 1772 2508 et
1789 2477 1898 2508 homini

1082 2523 1149 2553 huic
1165 2522 1345 2558 adlimresce,
1363 2531 1490 2561 eumque
1519 2531 1655 2562 sequere,
1687 2523 1735 2553 hic
1765 2523 1842 2553 enim
1872 2527 1897 2551 te

1078 2567 1236 2599 abductum
1250 2566 1369 2597 abluet:
1401 2571 1429 2596 et
1444 2568 1557 2597 ﬁrmam
1577 2567 1647 2597 mihi
1666 2568 1694 2598 in
1712 2568 1793 2598 illum
1812 2567 1895 2597 ti-lcm

1080 2613 1210 2652 largitus,
1225 2611 1386 2641 recessisti.
1405 2611 1460 2642 Ubi
1474 2612 1562 2650 igitur
1577 2612 1668 2642 tueris
1689 2612 1790 2651 ignoro
1807 2621 1815 2648 ;
1846 2620 1895 2648 eg”

1079 2656 1284 2699 praescriptum
1303 2656 1375 2686 mihi
1392 2656 1497 2686 ducem
1514 2656 1566 2687 abs
1583 2661 1621 2695 te,
1640 2657 1826 2687 sanctissime
1843 2657 1895 2686 lio-

1080 2704 1170 2738 mine,
1188 2701 1260 2731 citra
1276 2700 1500 2731 conversionem
1529 2706 1647 2731 secutus
1669 2711 1732 2731 sum
1749 2711 1756 2738 ;
1773 2708 1894 2739 cumque

1079 2748 1128 2778 ille
1143 2746 1178 2777 ad
1196 2744 1404 2783 scaturigines,
1423 2750 1451 2775 et
1466 2745 1573 2785 fontes,
1598 2745 1628 2775 id
1646 2750 1699 2784 est,
1717 2746 1892 2786 Scrip'uras,
