1982 3075
63 143 128 176 597
651 149 870 181 mvrxoaou

932 150 1058 182 dORlIM
1082 151 1206 184 LIBER.
1707 152 1769 193 598

58 212 246 244 etmandata
265 214 358 245 multa
367 224 433 245 cum
451 214 663 246 lassitudineet
673 215 775 246 labore
785 225 896 246 meum
909 221 928 244 Α
940 216 1103 248 ambulanti
1120 217 1204 255 mihi,
1222 223 1251 250 et
1265 219 1300 248 ad
1318 219 1428 250 fontem
1445 220 1585 253 currenti,
1600 223 1630 250 tu
1645 220 1694 260 qui
1712 229 1759 250 me

60 269 129 298 me,
144 264 174 290 et
186 264 268 300 tergo
283 270 336 291 suo
349 269 436 291 manu
459 261 527 292 ﬁdei
547 261 603 292 abs
617 265 644 292 te
657 261 728 292 mihi
738 262 805 293 data
820 266 897 293 trac-
941 265 1027 292 antea
1043 261 1080 292 de
1092 271 1176 292 emno
1193 268 1372 299 extraxeras,
1397 272 1513 294 rursum
1540 264 1706 301 occurristi,
1733 270 1762 295 et

60 308 185 341 tum,ac
200 305 284 345 sequi
301 309 435 336 coactum
450 305 634 342 abduxisset,
650 307 782 346 respexit
798 316 856 344 me,
871 311 900 338 et
941 309 1010 336 tunc
1027 306 1154 346 primum
1172 307 1344 338 intaminato
1369 307 1466 338 vultus
1481 308 1522 338 tui
1538 308 1698 348 splendore
1714 309 1761 339 in-

62 349 183 387 pedum
199 350 277 380 vires
291 349 387 388 probe
402 349 723 390 resumpsi.Transibat
737 355 835 381 autem
849 360 900 391 per
941 350 1042 381 firmos
1056 351 1159 382 oculos
1183 362 1264 382 meos
1286 352 1471 389 illuminasti,
1489 353 1628 392 quodque
1644 353 1764 384 videbar

62 393 217 433 lapidosa,
237 403 289 433 per
304 394 408 431 fossas,
425 404 478 434 per
488 394 675 426 offendicula.
690 399 718 425 et
740 395 900 436 superabat
940 394 1050 426 habere
1063 395 1174 433 lumen,
1189 397 1217 427 id
1230 396 1324 437 ipsum
1338 396 1464 437 perdidi,
1478 401 1573 437 quote
1584 406 1763 436 cognoscere

63 439 185 469 omnia.
199 440 311 470 Astme
322 439 351 469 in
364 439 427 469 haec
437 439 633 479 impegereet
643 439 805 472 odendere.
820 440 896 470 mul-
941 449 998 470 non
1012 443 1165 479 potueram
1183 441 1215 471 Et
1225 441 1374 481 quomodo
1387 440 1652 481 potuissem,cujus
1666 451 1763 482 neque

63 487 196 523 tumque
218 483 364 521 laborem,
384 484 491 514 multas
516 484 697 521 vexationes,
714 487 743 515 et
758 483 895 515 aftlictio-
938 483 1022 514 faciei
1039 484 1182 523 fulgorem
1199 485 1298 517 videre
1324 494 1454 525 possem,
1473 495 1569 525 neque
1595 485 1762 525 intelligere

62 537 120 558 nes
148 528 293 569 perferre,
311 536 346 558 ac
371 528 521 559 sustinere
545 527 745 568 contingebat.
775 528 809 560 Et
833 529 897 569 ipse
937 533 984 558 aut
1002 529 1181 569 perspicere,
1197 534 1435 569 autcognoscere
1453 530 1519 570 quis
1533 529 1652 560 tandem
1664 530 1763 561 esses?

58 572 190 612 quidem
208 572 236 603 in
253 573 334 603 omni
346 573 439 611 fonte,
455 576 485 603 et
499 573 635 604 scatebra
654 582 706 613 per
716 583 747 604 se
765 573 792 604 in
806 574 898 604 horas
938 571 978 602 Ex
994 582 1028 602 eo
1046 583 1093 603 me
1106 573 1239 604 crebrius
1256 575 1291 604 ad
1315 574 1424 604 fontem
1446 574 1695 615 ronsistente,qui
1711 583 1760 606 va—

60 616 194 654 lavabat,
208 627 243 648 ac
260 627 293 648 se
309 617 467 649 abluebat:
485 626 539 657 ego
554 617 633 657 quod
646 626 695 647 eas
712 627 770 648 non
790 627 897 648 cerne-
938 626 988 648 cas
1004 617 1084 648 omni
1096 618 1246 655 superbia,
1267 628 1323 648 non
1335 628 1366 649 es
1379 618 1550 658 didignatus
1565 619 1760 656 descendere,

60 670 144 697 rem,
164 661 272 691 multas
298 661 499 702 praeteribam.
517 661 559 692 Ac
583 661 640 692 nisi
666 661 717 692 ille
743 671 830 692 manu
852 671 899 692 me
940 661 975 690 ad
991 670 1036 691 me
1054 661 1211 698 accedere,
1225 662 1413 702 prehendere
1424 666 1678 702 caputmeum,et
1690 663 1719 693 id
1734 662 1762 693 in

62 705 265 744 prehensum,
283 705 318 736 ad
336 706 445 736 fontem
462 706 625 742 statuisset,
641 710 669 737 et
698 705 789 746 pedes
804 705 896 736 animi
939 704 1019 745 ipsas
1034 715 1124 745 aquas
1139 705 1330 745 immergere.
1348 706 1537 747 efficereque,
1553 711 1583 736 ut
1595 707 1694 737 lumen
1703 707 1763 738 vul-

62 749 127 780 mei
144 759 197 790 pro
211 750 287 780 duce
303 750 440 790 rexisset,
455 759 600 791 nusquam
616 754 777 781 scatentem
789 758 895 790 ﬂuam
939 752 986 779 tus
1001 752 1040 779 tui
1059 750 1161 790 purius
1177 751 1354 790 aspicerem.
1380 751 1445 782 Mox
1471 756 1498 781 te
1521 751 1679 788 abstulisti,
1696 761 1762 782 cum

59 794 203 825 invenire
215 794 390 834 potuissem.
402 794 479 826 Uubi
495 799 593 826 autem
610 794 683 825 mihi
699 795 897 834 scaritugines
939 802 998 823 non
1015 794 1150 825 dedisses
1165 798 1293 834 cogitare
1305 795 1371 835 quis
1384 805 1476 831 esses,
1492 795 1541 836 qui
1559 795 1619 826 haec
1636 795 1762 833 faceres;

61 838 133 868 illas
161 839 389 871 demonstravit.
421 839 615 878 permisitque
639 843 670 869 ut
693 840 801 879 szepiun
823 842 987 891 aquaB
1003 839 1081 869 unde
1098 839 1242 873 venisses:
1259 845 1308 870 aut
1325 849 1382 880 quo
1396 839 1531 875 abiisses,
1544 849 1614 879 non,
1629 840 1762 880 inquam,

63 892 142 922 pura
159 893 205 913 me
221 883 385 920 abluerem,
401 884 474 914 forte
493 884 653 924 aliquando
677 883 765 914 etiam
782 883 818 914 de
835 883 896 914 luto
909 882 927 891 "
939 882 1029 913 dabas
1047 883 1102 913 hoc
1116 883 1200 923 mihi,
1219 893 1315 924 neque
1336 893 1402 914 cum
1432 884 1468 914 ad
1499 889 1616 925 tempus
1633 885 1761 924 venires,

62 927 100 957 ad
120 928 285 966 marginem
302 928 389 958 fontis
407 929 526 968 jacente
549 938 636 959 manu
663 928 849 965 hauriebam,
868 933 896 959 et
938 932 966 958 et
982 927 1080 957 abiles
1098 928 1236 968 paulatim
1255 928 1347 968 magis
1367 938 1399 958 ac
1422 929 1515 967 magis
1538 928 1714 969 apparebas,
1731 935 1762 960 et

63 972 140 1002 inde
171 973 277 1003 faciem
297 973 396 1004 lavans
413 973 643 1005 cotaminabam.
663 973 740 1009 Quin
756 977 785 1003 et
799 982 895 1013 saape-
937 971 1021 1012 aquis
1037 982 1084 1002 me
1099 973 1259 1010 irrorabas,
1275 977 1344 1004 etut
1361 978 1387 1004 te
1402 973 1542 1013 liquidius
1558 983 1623 1003 cum
1649 974 1762 1014 majore

63 1026 194 1047 numero
206 1017 352 1058 palpando
365 1022 392 1048 et
401 1018 501 1048 volens
512 1017 729 1058 scaturuginem
748 1017 892 1053 invenire,
939 1016 1050 1047 lumine
1066 1017 1208 1056 intuerer,
1227 1017 1408 1057 largiebaris.
1439 1018 1513 1048 Dum
1539 1018 1595 1048 hoc
1611 1017 1660 1048 diu
1678 1018 1760 1053 facis.

62 1061 222 1092 trahebam
240 1071 298 1091 una
311 1061 472 1102 pulverem,
492 1066 520 1092 et
536 1071 640 1102 aquam
657 1063 764 1092 iterum
791 1061 894 1092 turba-
937 1061 998 1091 visu
1011 1061 1141 1101 mysterii
1157 1062 1311 1100 cujusdam
1323 1062 1501 1092 venerabilis
1516 1071 1562 1092 me
1575 1061 1760 1101 dignatuses.

68 1105 290 1146 bamzcumque
302 1106 419 1147 penitus
432 1106 504 1137 nihil
517 1106 796 1146 viderem.turpars
809 1115 894 1136 corno
937 1104 978 1136 Te
1007 1106 1086 1136 enim
1113 1106 1300 1142 adveniente,
1328 1111 1367 1144 et,
1392 1111 1422 1137 ut
1448 1107 1588 1147 putalam,
1604 1106 1689 1147 aquis
1713 1116 1760 1138 me

66 1151 190 1186 faciem.
208 1160 278 1190 pura
295 1161 340 1181 me
357 1151 473 1192 lympha
491 1151 628 1191 putabam
645 1150 724 1182 ablui
936 1150 1085 1187 abluente,
1102 1155 1130 1181 et
1146 1151 1340 1190 immergente
1365 1152 1504 1191 saepuius,
1531 1151 1674 1190 fulgorem
1700 1151 1759 1182 cir-

107 1196 171 1232 Quo
183 1200 281 1226 autem
299 1201 382 1236 pacto
396 1195 712 1236 commemoraboqua?
724 1204 772 1225 me
783 1194 893 1226 deinde
935 1195 1123 1225 cumdantein
1156 1205 1214 1237 me,
1233 1200 1262 1225 et
1291 1195 1391 1225 radios
1417 1195 1513 1226 vultus
1539 1195 1580 1225 tui
1605 1195 1634 1225 in
1654 1195 1758 1226 mediis

67 1249 187 1270 rursum
214 1241 387 1276 necessitas,
411 1244 441 1270 et
470 1240 516 1270 vis
545 1240 719 1280 occuparit?
743 1239 891 1280 quomodo
935 1239 1020 1278 aquis
1032 1239 1407 1280 conspicio.obstupuique
1423 1240 1697 1277 vehementer,cum
1711 1250 1757 1270 me

67 1290 213 1324 praeterea
228 1284 346 1324 quidam
366 1285 537 1325 frequenter
552 1289 743 1324 testarentur,
764 1288 792 1314 et
817 1293 890 1323 quo-
934 1292 1009 1323 aqua
1026 1284 1144 1314 lm-illua
1160 1285 1291 1315 viderem
1313 1284 1404 1321 ablui,
1425 1289 1455 1314 et
1475 1283 1523 1314 ubi
1539 1288 1631 1320 esset,
1649 1289 1678 1315 et
1693 1284 1761 1325 quis

65 1329 86 1359 ti
99 1329 139 1360 lie
157 1329 230 1359 mihi
245 1329 420 1360 cantilenan.
435 1329 520 1360 istam
537 1329 722 1369 occinerent,
738 1329 808 1369 quid
826 1330 891 1359 ina-
934 1337 1012 1357 es-ei
1030 1329 1116 1368 hujus
1132 1329 1174 1358 rei
1187 1328 1337 1368 praebitor,
1354 1338 1411 1358 non
1427 1327 1642 1367 cognoscebam
1659 1338 1665 1358 :
1683 1338 1756 1366 gau-

62 1382 132 1404 neui
151 1373 282 1404 laborem
311 1373 399 1404 stulte
419 1373 560 1413 capessis,
579 1380 609 1403 et.
624 1374 777 1403 illusorem
801 1377 889 1413 atque
933 1371 1038 1402 debam
1055 1373 1150 1402 solum
1168 1383 1214 1402 me
1231 1373 1329 1404 lavari.
1348 1373 1405 1402 ﬁde
1417 1373 1531 1412 augeri,
1548 1382 1600 1412 spe
1617 1373 1761 1403 velutalis

62 1418 256 1457 impostorem
275 1418 353 1448 hunc
368 1418 514 1458 sequeris,
533 1422 561 1448 et
587 1422 615 1448 te
630 1422 782 1456 aspectum
798 1426 888 1448 recu-
931 1417 1068 1453 subvehi;
1086 1423 1115 1448 et
1132 1418 1160 1447 in
1178 1418 1283 1448 coelum
1300 1427 1393 1457 uSque
1408 1418 1583 1448 ascendere.
1608 1416 1754 1448 Seducto-

64 1467 233 1501 peraturum
252 1462 565 1499 frustra,etinutiliter
579 1462 720 1493 conﬁdis?
738 1471 796 1492 non
809 1462 887 1492 enim
931 1471 978 1491 res
995 1467 1091 1491 autem
1110 1462 1283 1501 illos,verba
1297 1462 1468 1494 fallacize.e1
1485 1461 1671 1492 mendacium
1683 1462 1753 1493 mihi

65 1517 143 1537 nunc
161 1508 225 1537 fieri
248 1511 343 1547 potest
380 1506 456 1543 Quid
481 1507 571 1547 pedes
596 1507 635 1537 ita
658 1507 827 1542 offendens,
858 1506 1099 1556 etcsuadentes,
1126 1516 1158 1536 ac
1187 1511 1378 1546 suggerentes
1402 1506 1562 1546 plurimum
1589 1515 1705 1543 exosus,
1729 1515 1762 1541 et

65 1556 226 1582 cruentans
237 1552 382 1591 sequeris;
396 1561 448 1582 cur
460 1561 517 1581 non
531 1552 630 1591 potius
645 1551 918 1582 misericordibus"
930 1556 1063 1582 errantes
1079 1551 1235 1589 miserans,
1253 1561 1356 1582 eorum
1373 1560 1576 1590 congressum,
1593 1556 1755 1582 consuetu-

62 1596 222 1635 auscultas,
242 1597 291 1636 qui
314 1596 470 1627 hortantur
485 1600 524 1635 te,
549 1600 580 1626 ut
603 1596 695 1636 quieti
721 1595 887 1635 indulgeas,

65 1640 191 1681 ciboque
206 1644 234 1671 et
250 1641 367 1681 potione
383 1645 411 1672 et
427 1641 540 1681 reliqua
556 1650 626 1671 cura
641 1640 758 1680 corpori
773 1644 890 1670 tuoser-

67 1685 145 1714 vias?
161 1684 224 1715 Non
241 1685 319 1715 enim
344 1689 439 1725 potest
462 1685 498 1715 ab
523 1685 628 1715 animm
649 1685 732 1724 lepra
749 1683 887 1719 liberari;

67 1739 121 1760 nec
139 1739 267 1770 unquam
283 1729 348 1760 istis
365 1729 549 1770 temporibus
564 1729 703 1770 aspicies.
720 1729 806 1760 Unde
818 1729 887 1758 illu-

65 1786 114 1806 sor
131 1775 198 1815 iste,
218 1775 429 1806 miraculorum
442 1775 565 1806 eﬂ‘ector
582 1775 670 1805 modo
691 1774 811 1814 exstitit,
825 1772 888 1814 qui,

64 1831 127 1861 quae
143 1822 218 1861 apud
237 1831 343 1852 omnes
367 1821 502 1852 homines
526 1821 619 1851 relatis
643 1821 731 1860 hujus
746 1824 814 1850 sunt
829 1819 888 1849 im-

65 1867 225 1907 possibilia,
256 1867 306 1897 tibi
334 1867 580 1906 pollicetur?V;e
611 1866 675 1906 libi,
692 1865 832 1906 quoniam
861 1868 890 1894 et

66 1911 190 1942 oblatam
209 1921 224 1942 a
240 1911 361 1950 Christi,
379 1915 407 1942 et
422 1912 544 1941 fratrum
560 1911 776 1946 amantibus,et
791 1910 888 1940 aliena

66 1957 152 1992 mala,
170 1961 308 1996 tanquam
326 1956 454 1996 propria.
477 1955 678 1986 sentientibus
703 1955 886 1985 curationem

65 2001 191 2036 amittes,
206 2005 233 2030 et
251 2001 439 2031 incommoda
455 2001 691 2040 afﬂictionesque
706 2009 779 2040 quas
795 2000 887 2029 susti-

68 2055 129 2081 nes,
154 2055 228 2075 vana
244 2055 296 2084 Spe
313 2045 473 2075 sustinebis
490 2056 497 2081 ;
514 2051 542 2076 et
569 2045 714 2085 promissa
731 2044 783 2074 tibi
799 2053 816 2074 a
832 2044 887 2075 de-

65 2094 182 2130 eeptore
199 2090 249 2120 illo
265 2099 299 2120 ac
310 2090 489 2129 sycophanta
507 2099 558 2129 pro
575 2093 659 2119 certo
687 2088 761 2119 haud
779 2098 886 2119 conse-

67 2134 174 2174 queris.
201 2133 302 2170 Quid?
325 2144 382 2164 non
408 2134 606 2169 raliocinaris,
635 2143 731 2173 neque
756 2133 833 2172 apud
859 2138 887 2163 te

67 2179 174 2218 cogitas
185 2179 333 2219 quomodo
349 2179 413 2208 sine
428 2179 514 2210 nobis
526 2178 598 2209 nihil
613 2178 725 2218 pOSSis?
735 2178 826 2214 Quid?
838 2188 888 2208 an-

69 2233 122 2254 non
137 2227 228 2254 etnos
249 2233 353 2254 omnes
369 2223 543 2254 cernimus?
563 2232 612 2258 an,
637 2222 885 2262 quemadmodum

67 2268 200 2298 seductus
222 2268 271 2298 ille
297 2268 423 2307 ipsemet
449 2267 500 2298 tibi
528 2267 654 2303 dictitat,
673 2266 742 2297 caeci
758 2267 887 2297 sumus?

67 2312 217 2344 Cernimus
238 2313 369 2352 profecto
384 2322 499 2348 omnes,
524 2317 552 2342 et
576 2321 613 2342 ne
629 2311 736 2342 frustra
755 2311 806 2348 sis,
825 2321 883 2342 non

70 2362 110 2388 est
121 2358 174 2388 hoc
187 2361 284 2388 nostra
295 2356 411 2387 vivendi
423 2356 546 2387 facultas
558 2356 666 2386 minor.
678 2355 788 2386 Verum
803 2357 882 2386 enim

70 2412 134 2433 vero
148 2401 183 2432 ab
202 2402 246 2431 bis
267 2402 404 2432 omnibus
428 2402 501 2432 citra
525 2400 756 2431 controversiam
772 2400 882 2431 seduc—

71 2446 187 2483 Ioribs,
209 2446 246 2476 ab
260 2446 482 2486 impostorihus,
498 2445 546 2486 qui
559 2445 627 2475 dolo
644 2445 810 2486 proximum
828 2445 885 2476 cir-

70 2491 233 2522 cumvenire
258 2495 346 2530 atque
370 2491 543 2521 subvertere
567 2494 722 2526 conantur,
739 2493 769 2519 tu
793 2490 884 2519 mise-

71 2536 156 2566 ricors
170 2539 200 2567 et
216 2535 343 2574 benigne.
360 2535 450 2565 libera
467 2544 526 2575 me,
544 2543 596 2574 per
611 2543 674 2564 eam
702 2543 788 2573 quam
813 2533 885 2564 mihi

71 2581 150 2611 ﬁdem
167 2585 197 2611 et
209 2589 291 2620 spem
310 2580 434 2619 largitus
450 2589 504 2617 es;
522 2589 575 2619 per
589 2588 676 2619 quam
693 2582 722 2608 et
736 2588 801 2619 qua;
813 2579 886 2617 dixi,

70 2631 95 2657 et
108 2625 159 2657 alia
178 2626 262 2664 plura
276 2629 305 2655 ut
323 2626 500 2665 perferrem,
520 2634 566 2654 me
582 2623 792 2654 corroborasti.

105 2672 244 2702 Caeterum
261 2679 327 2700 cum
345 2670 374 2700 in
390 2669 530 2700 omnibus
545 2669 592 2700 his
609 2668 889 2709 perdurassem,nec

70 2715 284 2752 defec‘SSem,et
297 2714 338 2744 sic
352 2714 497 2755 palpando
512 2712 630 2744 turbida
645 2722 720 2753 aqua
732 2722 779 2742 me
791 2712 889 2743 ablue-

72 2770 141 2797 rem,
158 2764 186 2790 et
210 2759 326 2790 eluerer
340 2759 485 2800 quotidie.
503 2757 644 2798 opinione
658 2767 724 2788 mea
737 2767 832 2798 proeo
857 2767 891 2787 ac

71 2804 213 2845 apostolus
237 2803 459 2844 iliacipu‘usque
485 2807 553 2832 tuus
581 2802 705 2832 decebat
732 2801 890 2842 aliquando

929 1595 1042 1631 dinem,
1059 1600 1313 1636 conspectumque
1334 1601 1364 1626 ut
1382 1596 1499 1626 noxium
1515 1595 1643 1626 devitavi
1669 1596 1756 1635 peni-

932 1644 996 1670 tus:
1015 1641 1258 1670 contubernalem
1276 1644 1385 1677 autew,
1404 1645 1432 1670 et
1446 1641 1615 1679 adjutorem
1643 1649 1753 1677 meum,

932 1689 1064 1714 sanctum
1093 1685 1242 1724 dispulum
1272 1693 1351 1714 tuum
1382 1685 1461 1724 dico,
1479 1690 1507 1715 et
1530 1684 1708 1724 apostolum,
1726 1690 1754 1715 et

934 1729 1059 1768 teipsmn
1083 1730 1214 1759 lictorem
1243 1739 1340 1759 meum
1362 1729 1536 1767 venerabar,
1560 1729 1752 1765 honorabam,

932 1773 1087 1811 diligebam
1115 1777 1174 1804 toto
1199 1778 1337 1813 pectore;
1356 1773 1493 1813 jacebam
1519 1773 1556 1804 ad
1585 1773 1675 1813 pedes
1691 1774 1756 1814 ejus

933 1825 1034 1848 noctes
1050 1823 1077 1848 et
1095 1818 1170 1853 dies,
1195 1827 1296 1855 orans,
1315 1822 1346 1848 ut
1361 1818 1384 1848 si
1402 1818 1473 1858 quid
1500 1823 1610 1858 posset,
1628 1819 1752 1859 adjuva-

931 1866 976 1892 ret
992 1866 1141 1898 me;certo
1159 1862 1231 1892 mihi
1247 1863 1442 1903 persuadens,
1457 1872 1640 1902 quaecunque
1652 1863 1750 1899 vellet,

929 1906 982 1936 abs
1008 1912 1036 1936 te
1059 1907 1264 1938 oblenturum.
1291 1907 1338 1937 Sic
1365 1907 1470 1946 perdiu
1497 1907 1589 1945 gratia
1612 1911 1662 1938 tua
1687 1917 1753 1938 cum

929 1961 1164 1990 perseverarent,
1181 1952 1285 1982 iterum
1295 1951 1373 1981 aliud
1386 1951 1520 1981 mirabile
1529 1960 1671 1982 arcanum
1683 1951 1753 1984 vidi.

929 1996 1173 2036 Appl't‘ultt'nsttm
1184 1996 1294 2036 quippe
1310 2006 1357 2026 me
1367 2006 1394 2025 ιιι
1409 2006 1425 2026 a
1438 2000 1532 2026 tecum
1546 1997 1574 2026 in
1587 1997 1693 2026 cmlum
1707 2006 1756 2027 as-

929 2041 1059 2071 cendens
1071 2041 1179 2070 duxisti
1198 2041 1260 2071 sive
1277 2041 1306 2070 in
1320 2050 1456 2080 corpore,
1469 2041 1530 2070 sive
1546 2044 1625 2070 extra
1636 2050 1755 2081 corpus,

930 2084 1042 2120 tIeFt'iu,
1067 2089 1094 2114 tu
1123 2085 1203 2114 solus
1229 2085 1317 2120 nosti,
1341 2085 1390 2124 qui
1418 2085 1445 2114 id
1471 2084 1578 2115 fecisti.
1596 2086 1668 2115 Cum
1695 2085 1755 2116 illic

899 2128 1032 2159 Dhoram
1051 2134 1147 2160 tecum
1165 2129 1344 2167 exegissem,
1370 2133 1398 2158 et
1421 2137 1517 2159 essem
1542 2128 1644 2168 gloria:
1664 2131 1754 2169 (quae,

928 2178 979 2204 aut
994 2174 1079 2213 cujus
1093 2174 1181 2203 fuerit
1199 2173 1311 2212 nescio;
1332 2173 1547 2212 magnitudine,
1563 2177 1590 2202 et
1603 2173 1758 2212 majestate

930 2220 1093 2258 perculsus,
1110 2222 1139 2248 et
1155 2218 1300 2248 immensa
1321 2217 1478 2248 altitu-lme
1502 2217 1653 2254 attonitus,
1680 2222 1757 2249 totus

929 2263 1079 2293 erliorrui.
1113 2264 1240 2294 Rursum
1269 2273 1315 2293 me
1334 2263 1428 2292 solum
1457 2262 1506 2292 ιιδί
1532 2262 1612 2302 prius
1643 2262 1753 2293 stabam

930 2307 1082 2343 diiiiisisli,
1101 2312 1128 2337 et
1141 2308 1278 2338 inventus
1289 2317 1354 2338 sum
1366 2317 1433 2337 cum
1451 2312 1571 2347 stupore
1589 2307 1756 2337 lamentans

927 2352 1128 2389 inl'eliritatem
1147 2362 1241 2383 meam
1272 2351 1334 2382 Non
1354 2352 1446 2382 multo
1464 2356 1541 2391 post,
1567 2361 1633 2382 cum
1658 2362 1754 2382 essem

927 2399 1013 2429 inlra.
1034 2406 1124 2436 supra
1141 2398 1169 2426 in
1188 2397 1270 2427 melis
1284 2401 1406 2436 apertis,
1434 2396 1541 2426 faciem
1565 2400 1642 2426 luam
1658 2400 1687 2426 ul
1706 2406 1755 2426 so-

927 2443 983 2472 li-iu
1002 2442 1158 2472 inf-u'tnellt
1176 2441 1312 2480 dignatus
1325 2451 1357 2471 es
1371 2441 1444 2472 mihi
1461 2441 1630 2481 ostendere,
1649 2442 1752 2482 etquis

927 2498 1017 2525 esses,
1031 2496 1066 2516 ne
1080 2486 1124 2515 sic
1136 2486 1255 2526 quidem
1273 2486 1391 2516 voluisti
1408 2495 1454 2515 me
1469 2495 1662 2525 cognoscere.
1681 2485 1756 2522 Quid

928 2531 1034 2561 euim‘.’
1057 2540 1122 2560 cum
1141 2540 1200 2560 non
1226 2530 1386 2570 alloqueris
1412 2540 1471 2566 me,
1499 2531 1550 2560 sed
1576 2530 1655 2561 illico
1681 2531 1753 2561 abs-

930 2575 1115 2606 condereris.
1150 2578 1208 2614 tgo
1236 2584 1304 2604 vero
1334 2574 1527 2604 circumibam
1552 2583 1688 2614 qualrens
1715 2580 1753 2609 te.

930 2630 1019 2660 quem
1041 2629 1098 2650 non
1116 2619 1346 2658 cognoscebam,
1363 2624 1391 2648 et
1407 2618 1509 2649 videre
1525 2619 1648 2649 formam
1663 2622 1754 2654 tuam,

932 2670 960 2695 et
978 2664 1128 2694 uoscendo
1143 2673 1265 2694 noscere
1281 2666 1346 2704 quis
1362 2663 1665 2699 esses,desiderabam
1681 2662 1758 2699 Quo-

932 2712 1009 2741 ιίπυιι
1027 2720 1085 2751 prin
1099 2709 1268 2741 incredibili
1283 2710 1389 2740 ardore
1405 2709 1558 2740 charitatis
1573 2718 1645 2748 erga
1659 2714 1688 2740 te
1700 2710 1757 2741 lle-

934 2758 998 2786 bam
1024 2756 1225 2794 Cttltllltt'nlel‘,
1241 2754 1320 2795 quod
1347 2754 1493 2784 nescirem
1524 2758 1552 2784 te
1575 2754 1642 2794 quis
1658 2763 1753 2791 esses,

932 2801 981 2840 qui
998 2810 1024 2830 m
1039 2813 1043 2817 ~
1061 2810 1092 2829 ex
1117 2800 1209 2830 nihilo
1228 2804 1256 2829 ut
1277 2809 1371 2830 essem
1396 2798 1572 2838 produxisti,
1590 2802 1617 2830 et
1636 2808 1653 2830 e
1668 2808 1753 2831 cceno
