1982 3075
227 187 285 228 59‘s

881 194 1070 227 SYMEONIS
1089 192 1263 226 JUNIORIS

1867 192 1926 223 600

228 260 367 299 eduxisti,
384 263 489 299 etquae
502 257 581 290 dicta
595 262 664 290 sunt
678 258 779 290 omnia
798 258 871 289 mihi
892 258 985 290 factus
1000 269 1032 290 es
1056 264 1077 287 Α
1089 269 1155 290 mus
1169 270 1221 292 me
1230 261 1403 301 defecisset,
1429 261 1566 301 viresque
1585 260 1805 294 destituissent,
1824 263 1854 290 et
1869 268 1920 290 re-

227 303 382 344 Postquam
396 303 483 344 igitur
492 303 570 334 hunc
581 303 612 334 in
621 302 741 333 modum
753 312 831 343 saepe
848 303 920 333 mihi
932 313 1050 334 rursum

230 349 319 384 visus,
347 352 375 379 et
402 357 481 389 saepe
502 357 621 378 rursum
644 356 692 378 me
715 347 870 385 allocutus,
892 349 1049 386 evanuisti,

228 402 284 424 nec
294 392 375 424 visus
390 401 422 423 es
433 401 451 423 a
465 402 514 423 me
529 392 659 433 penitus,
675 392 820 430 fulgorem
846 401 880 423 ac
906 392 1048 433 splendo-

227 446 292 469 rem
306 437 405 468 vultus
421 437 463 467 tui
477 446 596 468 rursum
614 437 644 468 in
660 437 756 477 aquis,
773 440 806 467 ut
824 437 905 477 prius
922 437 1051 468 circum-

227 481 400 513 fundentem
427 490 476 513 me
496 481 613 519 videns,
640 485 669 512 et
692 491 758 512 eum
784 490 909 522 pr0rsus
929 491 1054 513 cernere

229 536 289 558 non
305 526 416 563 valens,
432 526 607 557 recordatus
621 535 699 564 sum,
715 525 765 556 ubi
787 526 945 567 aliquando
971 531 999 558 te
1023 527 1053 558 in

228 571 367 612 supernis
383 570 519 602 viderim.
534 570 571 601 Et
585 570 676 601 alium
701 580 767 601 esse
792 570 969 611 insipienter
984 581 1053 602 sus-

229 616 355 656 picatus,
370 615 468 646 denuo
483 625 551 646 cum
567 614 704 655 lacrymis
720 615 823 646 videre
839 619 867 645 te
887 616 1022 656 qumsivi.

270 658 343 691 Cum
357 659 457 701 itaque
467 660 592 691 multum
610 669 658 690 me
672 660 836 691 cruciarem
847 665 875 691 et
887 660 1051 700 afﬂgerem,

231 709 261 736 et
276 704 333 737 mei
346 703 445 741 totius,
462 714 496 735 ac
513 704 601 735 totius
627 704 742 743 mundi,
767 707 796 736 et
820 714 922 736 eorum
944 714 1009 746 quae
1023 706 1054 736 in

231 748 343 781 mundo
359 749 563 790 sunt,oblitus,
573 758 671 789 neque
684 749 818 780 umbram
835 749 1055 790 saltem,neque

231 793 310 841 aliud
331 793 566 841 quidquam,aut_
581 793 670 824 etiam
693 794 816 841 omnino
833 798 948 825 exstare
966 795 1052 841 quid-

232 837 321 879 quam
332 847 435 869 eorum
450 837 669 879 quaevidentur,
681 839 853 879 cogitarem,
870 843 901 869 tu
917 839 1055 870 omnibus

232 882 461 923 inaspectabilis,
478 882 619 913 intactilis
629 887 659 914 et
670 883 984 924 incomprehensibilis
999 893 1053 924 ap-

1093 304 1226 335 tulissem
1239 309 1354 342 contra,
1372 309 1401 337 et
1415 305 1480 346 quis
1498 315 1551 345 ego
1574 305 1665 337 miser
1680 314 1757 340 sum,
1779 303 1922 336 Domine.

1092 352 1142 378 aut
1154 349 1223 389 quid
1243 349 1300 380 feci
1314 359 1370 390 ego
1389 350 1561 386 homuncio,
1589 355 1619 380 ut
1645 359 1691 380 me
1708 347 1923 389 hujuscemodi

1094 392 1180 423 bonis
1196 393 1364 433 dignarere,
1382 399 1411 425 et
1424 399 1511 425 tanta;
1526 394 1626 433 gloriae
1640 393 1808 430 socium,ac
1825 393 1923 423 luere—

1094 436 1161 467 dem
1178 438 1352 469 institueres
1371 438 1384 469 ?
1406 443 1601 479 putaremque
1623 439 1699 469 hanc
1723 438 1867 478 gloriam,
1895 438 1924 467 et

1095 481 1151 512 hoc
1164 482 1305 522 gaudium
1319 487 1446 513 mentem
1461 493 1555 514 meam
1569 481 1922 523 excedere.tu,Domine,

1095 530 1261 566 rursum,ut
1274 527 1387 557 amicus
1401 537 1468 558 cum
1484 527 1579 558 amico
1595 527 1758 563 disserens,
1786 536 1842 566 per
1853 525 1922 566 Spi—

1096 570 1184 600 ritum
1198 576 1278 602 tuum
1300 571 1329 602 in
1350 581 1397 602 me
1413 572 1582 612 loquentem
1603 571 1869 612 respondisti,th
1884 569 1921 600 ob

1096 615 1191 645 solum
1207 624 1330 656 scopum
1344 616 1561 653 etinstitutum,
1573 620 1602 647 et
1613 616 1702 647 ﬁdem
1720 620 1801 646 tuam
1814 614 1924 646 donavi

1096 658 1161 696 tibi,
1183 664 1213 690 et
1227 660 1324 691 adhuc
1339 660 1469 692 donabo.
1486 660 1542 697 Qui
1557 661 1636 691 enim
1647 660 1727 691 aliud
1748 664 1803 690 aut
1818 659 1922 697 habes,

1095 707 1146 734 aut
1157 704 1284 734 habuisti
1300 705 1457 745 aliquando
1472 709 1554 736 tuum
1573 705 1683 745 (nudus
1692 714 1709 735 a
1719 714 1767 735 me
1778 713 1922 744 procrea-

1096 753 1163 798 tusl,
1181 753 1213 798 Ἦ
1227 748 1297 798 illud
1314 749 1470 798 accipiam,
1489 754 1516 798 et
1533 751 1599 798 haec
1610 749 1663 780 tibi
1681 748 1922 798 repemlam‘iAc

1096 792 1153 823 nisi
1169 792 1293 824 vinculis
1305 794 1438 834 corporis
1454 794 1541 834 hujus
1557 794 1681 834 solvare,
1698 794 1778 834 quod
1803 793 1920 834 perfec—

1096 836 1205 868 fectum
1221 842 1340 868 estnon
1361 838 1486 879 videbis,
1513 848 1610 879 neque
1632 848 1666 869 eo
1693 842 1752 869 toto
1780 839 1923 877 praeclare

1098 881 1209 921 perfrui
1226 883 1348 922 poteris.
1374 884 1447 913 Cum
1469 884 1659 924 sulijicerem,
1676 883 1745 923 quid
1768 891 1843 913 vero
1871 882 1923 911 hoc

233 927 368 968 paruisti,
382 931 412 959 et
427 928 507 958 visns
521 936 554 958 es
570 927 643 958 mihi
658 932 788 959 mentem
807 937 902 959 meam
917 937 1052 968 purgare,
1066 925 1084 949 Β
1097 927 1206 966 majus,
1229 931 1278 957 aut
1298 927 1509 967 splendidius?
1536 928 1608 958 mihi
1636 928 1756 959 interim
1784 927 1830 958 sic
1860 935 1923 956 esse

233 976 263 1003 et
276 981 364 1011 agere
379 971 436 1002 vim
451 972 712 1003 cernendianimae
721 981 805 1010 mete,
820 973 1006 1013 ampliusque
1022 982 1056 1004 ac

234 1016 350 1058 plenius
364 1017 555 1058 spectandam
579 1016 712 1057 praebere
735 1017 858 1056 gloriam
881 1022 971 1055 tuam,
988 1018 1057 1058 quia

233 1060 390 1101 crescebas
405 1061 509 1101 magis,
520 1065 549 1092 et
560 1061 720 1101 splendens
733 1061 860 1102 amplius
874 1061 1053 1093 dilatabaris.

233 1106 326 1137 Etiam
343 1115 378 1136 ex
393 1114 516 1136 recesasu
532 1105 722 1137 tenebrarum
739 1110 768 1137 te
782 1106 894 1145 venire,
913 1111 941 1137 et
952 1116 1056 1148 appro-

235 1150 377 1192 pinquare
392 1150 608 1188 animadverti;
624 1150 654 1181 id
670 1151 749 1191 quod
772 1150 858 1182 nobis
888 1160 947 1182 non
963 1152 1054 1182 semel

234 1195 265 1226 in
288 1194 481 1226 sensibilibus
506 1194 654 1227 usuvenit.
681 1196 763 1226 Luna
786 1195 934 1236 siquidem
958 1205 1055 1236 appa—

233 1243 330 1280 rente,
346 1244 376 1270 et
391 1238 520 1270 nubibus
534 1239 613 1270 velut
629 1239 861 1277 ambulantibus,
877 1239 992 1271 videtur
1007 1241 1057 1271 illa

235 1293 356 1316 currere
369 1283 538 1324 celerrime,
555 1293 622 1314 cum
639 1283 714 1314 nihil
729 1284 766 1315 ad
786 1293 906 1315 cursum
928 1294 1055 1317 consue-

236 1328 297 1360 tum
315 1327 422 1366 addat;
438 1331 490 1359 aut
510 1327 678 1359 institutum
701 1328 738 1359 ab
761 1328 845 1359 initio
869 1329 927 1360 iter
951 1334 1054 1361 mutet.

237 1373 381 1406 Similiter
406 1378 438 1405 tu
461 1373 608 1405 videbaris
632 1374 744 1411 venire,
767 1375 817 1415 qui
833 1384 865 1405 es
881 1375 1056 1416 immobilis,

237 1423 267 1450 et
280 1419 331 1460 qui
347 1427 379 1449 es
394 1417 588 1449 immutabilis
615 1427 788 1458 augescere,
805 1428 838 1450 ac
865 1420 959 1459 major
979 1420 1055 1456 ﬁeri.

235 1467 265 1495 et
287 1463 412 1494 formam
443 1471 560 1502 capere,
591 1463 641 1503 qui
670 1472 761 1503 capax
798 1463 900 1494 formae
928 1473 986 1495 non
1014 1474 1058 1497 es.

236 1507 493 1544 Quemadmodum
502 1506 582 1538 enim
594 1507 625 1538 in
637 1516 715 1538 caeco
727 1508 867 1548 paulatim
877 1508 1060 1541 videreinci-

236 1552 382 1593 piente,et
396 1555 508 1588 notam,
523 1560 575 1582 seu
589 1551 743 1583 inducium
759 1554 917 1592 liguramve
929 1553 1060 1585 hominis

236 1586 504 1633 animadvertente,
519 1600 550 1628 et
564 1595 631 1637 quis
649 1596 698 1634 sit,
714 1586 824 1628 sensim
849 1602 1056 1638 cognoscente,
1069 1586 1088 1610 θ

237 1651 297 1673 non
311 1645 393 1682 nota,
408 1649 461 1672 seu
472 1641 566 1680 ﬁgura
577 1646 699 1682 propter
713 1641 857 1673 visionem
872 1642 1058 1684 immntatur,

238 1691 288 1719 aut
305 1686 549 1724 transformatur;
565 1686 618 1717 sed
634 1686 677 1717 vis
692 1686 806 1718 videnti
826 1697 891 1728 quae
916 1687 946 1718 in
964 1688 1060 1720 oculis

237 1733 302 1772 ejus
327 1735 372 1762 est
400 1734 533 1772 purgata,
564 1730 687 1770 ﬁguram
714 1735 743 1762 et
772 1732 896 1763 formam
912 1733 1061 1773 qualisest

237 1776 375 1818 percipit,
391 1779 452 1806 tota
466 1775 531 1816 ejus
546 1775 743 1807 similitudine
757 1775 838 1807 velut.
853 1776 998 1815 impressa
1016 1778 1043 1808 fa

235 1819 337 1853 cuitali
353 1819 484 1857 videndi,
501 1819 624 1851 etillam
636 1823 827 1859 penetrante,
845 1824 933 1861 atque
949 1821 979 1851 in
992 1831 1059 1852 eam

236 1864 380 1902 abstersa,
398 1867 428 1895 et
441 1864 527 1904 quasi
541 1863 572 1894 in
587 1863 718 1894 tabulam
737 1864 885 1905 insculpta
899 1865 930 1896 in
950 1866 1059 1904 anima,

237 1919 295 1951 qua
309 1913 392 1950 parte
406 1907 559 1948 intelligit,
576 1912 605 1939 et
620 1908 758 1939 meminit
770 1917 776 1940 :
790 1909 833 1940 sic
849 1909 937 1940 etiam
953 1914 982 1941 tu
998 1910 1062 1951 ipse

237 1954 350 1986 lumine
369 1953 465 1985 sancti
476 1952 605 1993 Spiritus
622 1953 779 1993 perspicue
794 1954 873 1985 visus
889 1963 931 1989 es,
951 1959 979 1985 et
991 1965 1061 1995 pur-

237 1999 311 2039 gasti
326 2001 457 2030 mentem
474 2007 571 2028 meam
590 1997 721 2037 integre:
735 2008 792 2039 qua
803 1999 912 2030 clarius
922 2003 951 2030 et
961 1999 1062 2040 purius

237 2043 369 2080 vidente,
387 2047 417 2073 tu
433 2042 508 2074 mihi
519 2042 658 2074 alicunde
674 2043 788 2083 egredi,
813 2048 843 2074 et
867 2043 993 2075 lucidior
1007 2054 1062 2084 ap-

239 2097 346 2129 parere
362 2088 443 2118 visus
459 2090 536 2125 es,et
547 2088 751 2118 characterem
773 2087 876 2119 formae
890 2088 955 2119 sine
970 2089 1064 2120 forma

241 2136 272 2164 ut
300 2132 433 2163 viderem
458 2131 633 2163 concessisti
662 2132 748 2170 mihi,
769 2137 799 2164 et
825 2136 886 2163 tum
914 2142 962 2164 me
984 2138 1065 2164 extra

240 2177 383 2208 mundum
412 2176 571 2215 abduxisti,
598 2180 626 2207 et
656 2177 734 2218 quod
758 2177 817 2208 dici
845 2177 890 2208 fas
913 2178 1062 2216 existimo,

238 2222 327 2253 etiam
340 2226 423 2254 extra
433 2231 554 2262 corpus;
572 2231 639 2253 nam
655 2226 687 2253 ut
701 2222 778 2253 istud
795 2226 932 2254 accurate
943 2222 1063 2260 scirem,

239 2276 299 2298 non
314 2266 433 2298 dedisti.
452 2265 549 2305 Supra
561 2266 671 2297 mundo
688 2266 779 2305 igitur
805 2267 979 2298 illuminasti
1005 2277 1064 2308 me,

240 2315 280 2349 et,
299 2315 331 2343 ut
341 2310 506 2351 videbatur,
519 2310 608 2350 plane
624 2311 748 2351 pulchre
763 2311 873 2342 videnti
899 2312 972 2342 mihi
987 2311 1067 2342 visus

240 2365 283 2387 es.
300 2355 417 2387 Etcum
434 2359 462 2386 te
477 2354 705 2394 interrogarem,
730 2356 864 2391 Domine,
890 2356 956 2396 quis
972 2365 1063 2394 esses,

240 2405 310 2432 tunc
324 2400 453 2441 primum
470 2409 517 2431 me
533 2399 682 2441 perditum
698 2409 769 2432 voce
793 2405 841 2431 tua
865 2401 1001 2441 dignatus
1021 2411 1064 2439 es,

241 2445 475 2486 perculsumque
500 2448 669 2484 stupentem
691 2455 725 2476 ac
740 2449 928 2482 trementem,
946 2450 975 2476 et
989 2447 1067 2486 apud

241 2484 373 2522 animum
403 2484 508 2521 leviter
537 2491 728 2529 cogitantem,
757 2499 791 2521 ac
814 2489 974 2528 dicentem,
995 2484 1065 2532 quid

241 2535 299 2567 sibi
314 2534 369 2566 ista
382 2534 521 2575 gloria,et
537 2534 627 2574 hujus
638 2534 807 2574 splendoris
819 2535 1069 2575 magnitudovult?

240 2579 390 2622 quomodo
402 2582 453 2610 aut
468 2578 548 2610 unde
562 2588 616 2618 ego
632 2579 701 2609 talia
716 2579 794 2610 bona
804 2589 922 2610 mereor
931 2580 946 2610 ?
960 2579 1070 2611 leniter

242 2634 277 2657 ac
292 2623 408 2666 placide
430 2623 539 2659 affatus
564 2632 596 2654 es
617 2623 646 2655 in
672 2623 750 2655 hunc
767 2624 887 2655 modum
905 2633 912 2656 ε
929 2624 989 2664 Ego
1004 2634 1068 2655 sum

243 2671 335 2708 Deus,
353 2672 403 2700 tua
417 2677 506 2700 causa
530 2668 649 2699 bommo
668 2668 772 2699 factus.
798 2669 833 2700 Et
857 2669 995 2710 quoniam
1023 2679 1071 2700 me

243 2718 304 2747 tota
328 2713 430 2746 anima
458 2713 630 2755 quasivisli,
663 2713 699 2744 de
724 2717 843 2751 cretero,
875 2722 954 2751 ecce,
982 2713 1072 2744 frater

244 2768 340 2796 meus,
356 2757 385 2795 et
397 2758 544 2796 cohmres,
560 2761 591 2789 et
604 2758 720 2789 amicus
735 2758 805 2789 eris.

285 2805 329 2838 Ad
351 2805 430 2838 hanc
444 2804 609 2836 orationem
626 2813 692 2835 cum
709 2803 941 2846 obstupuissem,
960 2809 989 2836 et
1002 2804 1070 2836 ani-

286 2890 317 2917 57
328 2889 419 2927 Rom.
435 2897 498 2931 vm,
514 2889 565 2921 24.

1098 970 1185 1001 etiam
1203 976 1268 1011 post
1281 976 1404 1003 mortem
1420 972 1540 1010 sufficit,
1558 977 1586 1002 tu
1604 972 1734 1013 excipis;
1753 981 1845 1012 quam
1869 981 1923 1011 pu—

1098 1015 1163 1045 sillo
1175 1020 1205 1047 et
1220 1020 1343 1055 angusto
1363 1026 1395 1047 es
1408 1017 1518 1053 animo,
1539 1017 1588 1057 qui
1606 1016 1670 1048 istis
1685 1021 1848 1047 contentus
1860 1015 1922 1045 sis?

1097 1058 1165 1090 Haec
1195 1069 1263 1090 cum
1288 1060 1396 1091 futuris
1420 1061 1544 1099 collata,‘
1563 1061 1671 1092 similia
1700 1065 1771 1091 sunt
1793 1060 1871 1091 male
1895 1059 1923 1089 in

1098 1104 1210 1142 charta,
1231 1114 1319 1145 quam
1336 1106 1402 1146 quis
1425 1116 1514 1137 manu
1535 1110 1643 1141 teneat,
1671 1106 1804 1146 depicto,
1834 1109 1862 1135 et
1887 1104 1921 1134 ad

1098 1150 1293 1188 spectandum
1320 1151 1482 1191 proposito.
1500 1151 1646 1187 Quantum
1673 1150 1752 1182 enim
1781 1150 1840 1181 huc
1856 1158 1922 1180 vero

1099 1193 1173 1224 etelo
1189 1194 1313 1225 inferius
1338 1199 1393 1231 est,
1421 1200 1500 1226 tanto
1516 1195 1621 1235 major,
1639 1195 1743 1226 etsine
1765 1203 1920 1234 compara-

1098 1237 1179 1268 tione
1196 1239 1290 1278 major
1308 1239 1363 1270 hac
1379 1249 1467 1280 quam
1492 1249 1570 1270 nunc
1589 1240 1684 1279 vides,
1709 1239 1810 1269 futura
1833 1237 1923 1278 gloria

1099 1282 1289 1315 revelabitur.

1139 1326 1207 1358 Haec
1223 1327 1337 1358 locutus
1358 1328 1538 1369 conticuisti,
1570 1333 1598 1360 et
1625 1329 1735 1359 sensim
1765 1327 1874 1362 bonus,
1892 1336 1922 1357 ac

1099 1371 1194 1402 dulcis
1207 1371 1350 1403 Dominus
1358 1372 1394 1403 ab
1405 1378 1526 1413 aspectu
1547 1382 1612 1404 meo
1624 1373 1737 1404 ablatus
1754 1382 1801 1403 es.
1822 1371 1921 1403 Utrum

1099 1416 1168 1455 quia
1184 1425 1238 1455 ego
1254 1417 1427 1448 recederem
1439 1422 1507 1454 ate,
1529 1427 1565 1448 an
1580 1417 1649 1458 quia
1667 1424 1697 1448 tu
1713 1417 1894 1448 abscctleres
1909 1425 1923 1444 a

1103 1470 1162 1501 me,
1180 1461 1251 1491 mihi
1270 1471 1329 1492 non
1350 1462 1454 1502 liquet.
1484 1462 1565 1493 Tunc
1595 1471 1698 1493 rursus
1720 1462 1749 1492 in
1769 1471 1818 1492 rue
1838 1461 1920 1501 plane

1101 1504 1155 1541 fui,
1172 1505 1308 1537 alicunde
1325 1516 1372 1538 me
1391 1507 1509 1538 venisse
1530 1511 1622 1545 ratus;
1640 1511 1667 1538 et
1682 1507 1837 1546 ingressus
1861 1515 1920 1534 sum

1103 1549 1184 1590 prius
1196 1549 1563 1593 tabernaculum,indeque
1574 1552 1603 1582 in
1616 1551 1792 1582 memoriam
1805 1550 1922 1580 rediens

1103 1594 1331 1633 pulchritudinis
1346 1595 1447 1636 gloriae
1470 1600 1538 1636 tuae,
1559 1600 1587 1626 et
1611 1596 1772 1627 verborum
1796 1599 1920 1627 tuorum,

1100 1639 1268 1677 ambulans,
1285 1641 1407 1679 sedens,
1425 1641 1598 1681 comedens,
1616 1640 1734 1676 bibens,
1752 1648 1844 1670 orans
1869 1639 1921 1668 ﬂe-

1101 1683 1180 1724 bam,
1197 1683 1270 1714 etin
1289 1685 1398 1724 gaudio
1423 1684 1555 1716 vivebam
1577 1684 1785 1719 inenarrabili,
1806 1692 1873 1715 cum
1896 1686 1920 1711 te

1102 1728 1319 1767 cognovissem.
1342 1728 1486 1769 Opificem
1512 1730 1656 1761 omnium.
1672 1729 1829 1765 Quomodo
1845 1726 1920 1758 enim

1102 1782 1161 1803 non
1177 1773 1358 1812 gauderem?
1373 1773 1431 1805 Sed
1448 1783 1564 1805 rursum
1582 1779 1713 1809 maestus,
1726 1778 1755 1805 et
1772 1774 1827 1804 isto
1839 1771 1924 1803 modo

1102 1825 1222 1848 rursum
1239 1821 1267 1848 te
1282 1818 1385 1849 videre
1397 1819 1624 1859 concupiscens,
1640 1823 1672 1849 ut
1685 1818 1744 1849 abii
1761 1817 1798 1849 ad
1818 1817 1922 1848 imma-

1102 1861 1205 1892 culatae
1217 1863 1351 1893 Parentis
1370 1868 1427 1894 tua:
1448 1863 1620 1903 imaginem,
1642 1863 1735 1904 ipsam
1753 1863 1920 1895 salutatum,

1104 1910 1132 1936 et
1147 1906 1177 1936 in
1193 1916 1289 1946 genua
1313 1907 1469 1947 procubui,
1488 1913 1517 1938 tu
1533 1903 1690 1948 antequam
1710 1915 1878 1947 surgerem,
1894 1903 1921 1934 in

1103 1949 1220 1990 abjecto
1245 1951 1336 1982 corde
1357 1962 1435 1989 meo,
1461 1957 1491 1983 ut
1521 1952 1620 1983 lumen
1644 1952 1806 1993 perficiens
1831 1951 1921 1990 ipsum

1104 2004 1120 2025 a
1136 2004 1187 2025 me
1198 1995 1277 2027 visus
1289 2005 1333 2028 es.
1350 1996 1384 2027 Et
1400 2001 1462 2027 tum
1478 1997 1601 2037 cognovi
1617 2002 1644 2028 te
1664 2007 1715 2037 pro
1733 2001 1816 2028 certu
1832 1996 1861 2025 in
1879 2003 1922 2024 me

1106 2048 1182 2070 esse.
1199 2039 1239 2071 Ex
1256 2049 1291 2071 eo
1306 2051 1365 2071 non
1379 2041 1457 2082 quod
1473 2051 1588 2072 memor
1602 2051 1698 2072 essem
1715 2041 1768 2081 tui,
1782 2045 1810 2071 et
1823 2047 1920 2070 eorum

1105 2094 1163 2125 qua
1178 2089 1225 2115 tua
1239 2089 1318 2126 sunt,
1341 2090 1370 2117 te
1395 2086 1566 2126 diligebam,
1584 2087 1636 2118 sed
1663 2091 1689 2116 te
1713 2086 1918 2117 subsistentem

1107 2129 1278 2160 cbaritatem
1303 2130 1381 2161 intra
1407 2141 1454 2162 me
1478 2141 1546 2162 vere
1572 2131 1683 2162 habere
1702 2130 1829 2162 credidi.
1850 2128 1921 2159 Vere

1107 2173 1186 2204 enim
1204 2178 1233 2205 tu
1246 2174 1324 2205 Deus
1338 2175 1465 2206 charitas
1480 2185 1522 2207 es.
1539 2175 1623 2206 Fidei
1635 2175 1723 2215 igitur
1744 2184 1812 2215 spes
1827 2172 1922 2207 insita,

1108 2222 1136 2249 et
1151 2218 1181 2249 in
1197 2218 1261 2259 ipsa
1275 2229 1292 2250 a
1313 2221 1487 2260 paenitentia
1506 2225 1535 2251 et
1557 2221 1694 2261 lacrymis
1717 2220 1821 2260 rigata,
1843 2220 1921 2258 posi-

1107 2272 1194 2303 quam
1211 2263 1299 2294 etiam
1312 2275 1328 2295 a
1340 2265 1450 2296 lumine
1464 2270 1511 2296 tuo
1523 2265 1667 2296 illustrala
1682 2265 1799 2296 radices
1816 2263 1884 2303 egit,
1897 2265 1921 2289 9|

1108 2307 1183 2338 bene
1209 2312 1294 2339 aucta
1316 2313 1370 2347 est,
1398 2314 1458 2340 tum
1483 2310 1593 2340 deinde
1613 2314 1642 2340 tu
1665 2310 1728 2350 ipse
1744 2309 1841 2339 bonus
1856 2305 1922 2336 arti-

1107 2352 1164 2390 fex,
1181 2357 1209 2383 et
1232 2358 1335 2384 auctor
1350 2355 1524 2392 adveniens,
1551 2363 1604 2395 per
1632 2354 1760 2394 gladium
1788 2350 1923 2395 tentatie-

1108 2406 1192 2438 nu'n,
1210 2407 1263 2438 per
1279 2399 1488 2437 humilitatem,
1513 2394 1645 2440 inquam,
1665 2399 1694 2428 in
1710 2407 1843 2437 magnam
1859 2394 1924 2425 alti—

1108 2441 1240 2473 tudinem
1260 2448 1361 2474 enatos
1377 2443 1495 2474 inutiles
1517 2443 1727 2483 cogitationum
1752 2451 1848 2473 ramos
1862 2448 1923 2469 am—

1110 2491 1226 2528 putans,
1245 2489 1309 2529 spei
1330 2489 1396 2530 soli,
1416 2493 1446 2519 ut
1468 2489 1520 2520 uni
1540 2489 1631 2520 radix-i
1656 2487 1771 2518 arboris
1796 2489 1921 2530 sanctam

1110 2527 1282 2563 charitatem
1311 2527 1394 2564 tuam
1415 2533 1558 2564 insevisti.
1583 2533 1664 2564 Hanc
1689 2532 1790 2573 itaque
1810 2527 1923 2561 assiduo

1111 2578 1295 2609 incremento
1309 2579 1466 2619 proficere,
1475 2582 1503 2616 et
1521 2582 1692 2608 consuetam
1706 2586 1740 2607 ac
1755 2574 1923 2619 familiarem

1111 2621 1195 2655 mihi,
1213 2623 1259 2653 vel
1277 2617 1375 2663 potius
1391 2627 1418 2654 te
1435 2632 1487 2663 per
1503 2624 1580 2654 hanc
1604 2622 1773 2660 docentem,
1794 2625 1822 2650 et
1845 2617 1924 2647 illus—

1113 2671 1239 2698 trantem
1257 2678 1303 2699 me
1318 2677 1456 2708 cernens,
1473 2672 1505 2699 ut
1516 2669 1577 2709 jam
1595 2667 1676 2698 omni
1691 2667 1751 2697 ﬁde
1767 2675 1799 2696 ac
1815 2672 1865 2703 spe
1876 2669 1924 2690 ευ·

1113 2715 1223 2756 perior,
1240 2715 1282 2746 sic
1294 2715 1419 2749 afﬁcior,
1436 2714 1686 2754 quemadmodum
1705 2718 1730 2744 et
1743 2711 1849 2745 Paulus
1866 2709 1924 2756 cli!-

1114 2752 1197 2791 inans
1208 2761 1247 2791 ait
1265 2770 1271 2790 :
1287 2760 1372 2798 Quod
1386 2752 1467 2792 enim
1483 2760 1550 2799 quis
1564 2758 1656 2796 videt,
1673 2759 1748 2799 quid
1763 2758 1863 2797 sperat
1876 2752 1904 2778 57
1915 2753 1926 2780 β

1113 2804 1144 2836 Si
1159 2804 1248 2845 igitur
1263 2814 1316 2845 ego
1333 2808 1360 2835 te
1372 2805 1479 2841 habeo,
1493 2804 1562 2845 quid
1580 2808 1722 2844 praeterea
1738 2810 1823 2843 spero
1833 2799 1848 2828 ‘.’
