1982 3075
103 171 165 202 601

678 173 895 204 ΠΙνΙΝΟΗυΜ
920 170 1082 203 AMORUM
1106 172 1230 204 LIBER.

1739 175 1798 209 602

150 239 228 270 Audi
244 239 327 279 quid.
340 239 378 271 Ut
392 240 486 271 solem
501 240 532 271 in
543 250 619 280 aqua
635 239 728 279 vides,
741 239 825 270 illum
836 239 932 279 ipsum
944 243 964 267 Α
975 237 1054 268 stodi
1071 247 1118 283 tne
1134 244 1334 278 percatorem,
1363 246 1390 272 ct
1416 242 1570 283 indignum
1588 244 1692 275 collata
1708 246 1736 276 in
1752 256 1800 277 me

102 286 211 313 autem
228 284 399 324 neutiquam
416 285 508 324 vides,
538 283 670 325 quamvis
686 283 778 322 magis
792 283 932 313 deorsum

106 332 138 358 te
157 328 296 365 inclines,
315 329 371 360 tale
386 330 456 370 quin
474 339 539 360 esse
554 329 696 368 intellige,
710 328 825 369 quodin
840 333 866 364 te
879 328 910 358 tit
925 339 932 362 ;

104 376 139 403 et
155 372 272 404 instrue
287 378 326 411 te,
357 379 385 405 et
411 375 496 406 stude
512 383 653 423 semper,
681 374 758 423 intra
773 378 802 404 te
818 382 891 423 pure
907 376 935 423 te

107 417 204 458 clare,
219 428 275 449 cou
282 419 375 449 solem
386 420 415 449 in
426 429 501 460 aqua
512 419 644 459 limpida,
661 418 836 449 meintueri.
850 417 933 454 Quod

107 462 227 493 utinam
240 463 283 494 sic
299 463 400 495 videre
416 474 474 504 me,
492 468 524 494 ut
539 463 610 500 dixi,
627 463 716 494 etiam
733 467 798 502 post
810 466 933 492 mortem

108 516 260 538 mereare.
277 508 371 539 Aliter
389 513 465 539 totus
480 509 534 539 iste
561 508 641 539 orbis
666 517 788 547 operum
805 512 834 537 et
850 508 935 538 labo-

108 560 191 586 rum,
208 555 237 582 et
249 552 406 583 verborum
421 557 536 584 tuorum
550 552 623 583 nihil
640 551 693 583 tibi
704 551 855 592 proderit:
870 560 936 590 pro-

108 595 326 627 deritautem?
351 599 409 627 imo
434 597 489 628 ista
512 597 603 637 magis
629 595 934 645 te_condemnabunt,

111 639 398 682 tribulationemque
424 643 565 680 majorem
593 641 756 681 parabunt:
774 640 933 680 siquidem,

109 688 144 731 p't
160 685 255 722 audis,
267 690 403 731 pol_en_tes
411 690 551 726 potenter
561 689 708 717 tormenta
718 686 934 731 ρμιίρηιῃνὸε.

107 724 189 756 Nam
202 724 323 767 pauperi
334 727 371 757 ab
383 724 447 758 ortu
472 737 525 757 suo
538 736 594 756 non
612 731 669 757 tam
685 725 792 765 pudori
807 729 850 755 est
861 734 932 765 pau-

109 772 211 807 pertas
227 779 290 807 sua,
300 780 363 801 -nec
379 771 443 811 ejus
472 780 573 802 comes
598 770 728 806 tristitia,
746 769 821 800 adeo
837 769 934 809 ipsum

109 813 237 852 cruciat,
255 818 286 845 ut
307 825 388 854 eum,
405 816 455 856 qui
471 816 501 846 in
523 815 643 851 divitiis,
671 818 700 845 et
716 814 745 844 in
760 813 863 853 gloria,
881 823 935 844 ex-

977 282 1182 314 misericordia
1212 288 1277 315 tua:
1309 290 1338 316 et
1367 282 1519 318 surculum
1546 288 1715 320 dilectionis
1731 295 1797 328 tum,

977 335 1063 365 quem
1080 326 1109 357 in
1125 328 1263 359 arborem
1279 330 1342 368 spei
1372 340 1445 361 mea:
1474 331 1617 370 insevisti,
1630 333 1734 365 virtute
1752 340 1799 366 tua

976 371 1148 409 corrobora,
1167 382 1204 403 ne
1219 382 1236 404 a
1247 377 1333 404 vento
1341 380 1566 416 conquassetur,
1582 387 1619 408 ne
1633 387 1649 409 a
1666 388 1737 418 proc
1761 380 1799 410 lla

976 415 1190 455 confringatur,
1206 426 1243 448 ne
1258 419 1296 448 ab
1324 419 1423 460 aliquo
1453 421 1573 452 inimico
1589 415 1742 464 evellatur,
1761 434 1796 454 ne

979 468 1040 498 prae
1057 460 1235 499 negligentia
1244 471 1309 492 mea
1318 467 1389 493 aestu
1397 469 1546 505 exuratur,
1564 475 1601 496 ne
1609 476 1668 507 pra:
1684 460 1798 507 pigritia

979 507 1009 533 et
1024 504 1165 543 superbia
1182 513 1246 536 mea
1262 512 1426 547 exarescat,
1459 518 1494 539 ne
1512 519 1571 549 pra:
1583 504 1798 550 studio-gloria

978 546 1074 577 inanis
1091 549 1212 579 omnino
1231 551 1347 580 tandem
1360 546 1470 591 pereat.
1491 546 1533 584 Tit
1550 555 1628 585 enim
1643 546 1728 593 nosti,
1748 557 1797 597 qui

978 591 1033 621 hoc
1051 593 1123 622 mihi
1140 594 1268 631 donasti,
1300 599 1328 626 et
1357 595 1386 626 in
1415 606 1462 627 me
1491 604 1632 638 operatus
1657 609 1699 633 es.
1719 591 1744 630 te
1756 591 1796 631 ob

976 635 1054 665 istud
1064 636 1152 667 meah
1163 638 1300 669 erunibus
1309 641 1491 678 mortalibus,
1501 635 1518 672 si
1528 644 1636 673 mundo
1646 644 1796 685 universo,

975 688 1130 713 sevocasse
1148 692 1155 719 ;
1172 693 1188 712 a
1205 693 1249 714 me
1275 693 1391 725 quoque
1406 686 1470 725 ipso
1490 687 1653 727 adjutorem
1670 693 1698 719 et
1712 690 1796 720 ami-

976 724 1094 756 liarium
1122 736 1232 765 meum,
1258 724 1427 761 tuutnivero
1449 724 1612 771 apostolum
1630 743 1682 773 pro
1699 735 1797 765 volun-

977 772 1035 800 tate
1052 773 1100 800 tua
1115 773 1312 812 corporaliter
1327 783 1491 814 separasse.
1508 777 1549 807 Tu
1570 772 1797 809 scis’iuﬁrmita-

977 817 1035 844 tem
1054 824 1161 853 meam,
1181 821 1210 847 tu
1227 827 1284 848 non
1301 818 1419 857 ignoras
1437 821 1598 857 miseriam,
1618 824 1687 854 etuti
1699 824 1798 854 omnia

109 859 254 899 celsoque
264 860 356 899 gradu
367 861 450 898 vixit,
463 869 626 900 regumque
642 858 837 890 familiaritate
853 868 932 906 usus.
948 873 966 897 Β
979 857 1216 906 imbecillitatem
1234 871 1341 892 meam.
1360 863 1488 895 Proinde
1512 867 1638 906 amplius
1655 868 1797 898 miserere

109 902 223 935 deinde
238 905 375 936 omnibus
389 905 447 936 illis
462 905 579 936 amissis
594 904 630 934 ad
651 913 799 953 summam
817 903 935 953 mendis

109 947 232 978 citatem
246 949 406 990 depressus
417 955 472 982 est.
487 950 616 997 Tametsi
627 958 675 979 res
687 958 744 997 non
757 947 797 978 ita
806 957 838 997 se
847 947 936 997 habet

110 993 141 1022 in
160 994 297 1030 terrenis,
327 999 356 1024 et
380 1004 445 1035 quae
467 994 521 1025 sub
547 994 648 1025 oculos
673 993 794 1042 cadpnt,
811 993 888 1042 sicut
904 993 934 1042 in

109 1037 294 1075 ccelestibus,
312 1043 340 1070 et
356 1049 421 1080 qua:
430 1039 484 1070 sub
498 1043 649 1079 aspectum
667 1037 789 1086 minime
800 1037 932 1086 veniupt.

111 1081 169 1118 Qui
186 1083 264 1113 enim
277 1087 387 1114 certam
402 1083 440 1114 ob
451 1093 568 1114 causam
580 1081 690 1113 terreni
705 1081 782 1121 regis
793 1081 932 1117 amicitia,

111 1129 142 1156 et
157 1127 299 1158 famulatu
320 1128 432 1159 multati
461 1133 528 1159 sunt
552 1128 589 1158 iis
614 1127 933 1174 fortunarumsuarum

110 1170 252 1202 dominus
261 1181 338 1209 esse,
348 1172 442 1213 iisque
451 1173 521 1212 l'rui,
534 1177 563 1203 et
573 1169 932 1220 viveruponprohibetur.

111 1218 164 1246 Ast
190 1226 257 1247 mea
279 1217 432 1254 charitate,
450 1221 478 1248 et
501 1216 632 1248 amicitia
657 1215 682 1246 si
696 1215 763 1255 quis
779 1214 934 1250 exciderit,

110 1259 209 1291 vivere
226 1262 330 1302 nequit
343 1271 481 1303 prorsus;
516 1261 572 1292 vita
598 1261 678 1291 enim
695 1260 759 1309 ejus
773 1268 826 1298 ego
843 1268 908 1308 sum
927 1269 933 1289 :

109 1306 165 1335 sed
181 1305 262 1337 illico
278 1306 415 1343 nudatur,
434 1311 462 1337 et
474 1306 618 1347 spoliatur
630 1304 936 1352 omnibusumeisque

109 1357 145 1378 ac
159 1349 220 1380 suis
236 1348 799 1396 hostibuscapienduspermittitur.Cui
816 1350 934 1396 arrepto

109 1393 153 1423 illi
166 1403 219 1434 pro
235 1395 360 1435 pristino
370 1396 433 1436 ejus
450 1395 534 1426 inme
549 1403 663 1430 amore,
682 1396 711 1423 et
725 1392 934 1441 benevo'entia

109 1434 251 1469 furiosius
280 1434 431 1471 insultant.
461 1447 618 1480 pwuasque
640 1447 705 1468 cum
731 1434 931 1472 irrisionibus,

108 1486 138 1512 et
154 1483 292 1515 ludibriis
307 1484 448 1524 irrogant.

979 903 1047 939 mei,
1056 904 1105 944 qui
1112 904 1244 936 abundas
1254 907 1338 938 miser
1348 907 1469 940 icordiae
1476 903 1798 943 visceribusAdvolvor

978 946 1030 977 tibi
1042 957 1077 978 ex
1092 950 1214 988 animo;
1237 961 1274 981 ne
1300 953 1452 992 permittas
1482 964 1529 985 me
1553 955 1693 986 voluntati
1711 966 1795 997 meae,

976 991 1025 1031 qui
1043 996 1101 1022 tam
1120 994 1208 1024 multa
1225 995 1399 1028 benefecisti
1415 998 1498 1038 mihi,
1528 999 1580 1030 sed
1606 1000 1636 1030 in
1651 991 1796 1032 cliacitate

978 1040 1025 1066 tua
1039 1039 1225 1069 constabillto
1250 1042 1378 1071 animam
1409 1052 1516 1080 meatu,
1545 1048 1573 1074 et
1598 1045 1626 1075 in
1656 1046 1719 1084 ipsa
1731 1056 1795 1076 eam

976 1081 1091 1111 radices
1105 1086 1166 1113 tuto
1177 1083 1220 1114 fac
1234 1094 1395 1125 propagare
1410 1095 1418 1117 .'
1436 1088 1640 1119 utsecundum
1658 1081 1795 1130 impollu-

976 1129 1045 1165 tam,
1063 1131 1207 1164 sanctam,
1225 1138 1241 1158 a
1254 1131 1406 1161 mendacio
1423 1132 1547 1163 alienam
1569 1129 1794 1173 promissionem

977 1173 1055 1200 tuam
1072 1180 1188 1202 mecum
1203 1172 1233 1203 in
1249 1183 1295 1204 me
1311 1174 1363 1211 sis,
1392 1179 1420 1206 et
1443 1186 1496 1216 ego
1522 1172 1650 1209 vicissim
1666 1180 1693 1209 in
1711 1184 1750 1215 te,
1768 1183 1796 1210 et

978 1218 1058 1263 tegar
1074 1215 1201 1264 abhipsa,
1220 1222 1248 1264 et
1261 1228 1314 1264 ego
1342 1223 1448 1259 legam,
1466 1215 1499 1252 Vel
1521 1224 1683 1254 custodiam
1701 1224 1793 1264 ipsam

976 1258 1007 1288 in
1024 1268 1080 1289 me.
1099 1260 1136 1291 Et
1152 1265 1182 1292 tu
1199 1262 1318 1302 quidem
1344 1258 1444 1296 videas
1471 1276 1518 1298 me
1534 1268 1563 1298 in
1578 1268 1651 1308 ipsa.
1671 1258 1797 1300 Doinine

976 1311 1028 1342 ego
1045 1307 1141 1335 autem
1159 1309 1185 1336 te
1199 1306 1298 1338 videre
1313 1317 1366 1348 per
1382 1309 1475 1349 ipsam
1497 1306 1621 1347 merear,
1639 1322 1716 1344 nunc
1733 1313 1798 1353 qui-

976 1347 1043 1377 dem
1061 1353 1092 1378 ut
1115 1349 1145 1380 in
1166 1352 1288 1390 speculo
1312 1347 1340 1383 et
1366 1347 1576 1394 inamigmate,
1594 1347 1791 1394 utdixusti-59,

977 1395 1047 1422 tunc
1062 1397 1174 1424 austem
1192 1396 1221 1426 in
1238 1401 1294 1426 tota
1307 1398 1448 1429 charitnte
1462 1405 1500 1440 te,
1518 1401 1566 1441 qui
1583 1406 1661 1432 totus
1678 1411 1710 1432 es
1723 1403 1795 1433 cha-

976 1436 1093 1473 rilasﬁo,
1104 1442 1133 1469 et
1149 1439 1189 1470 ita
1200 1441 1294 1471 vocari
1307 1442 1441 1482 dignatus
1453 1436 1499 1476 es:
1512 1436 1657 1482 Quoniam
1670 1451 1698 1478 te
1710 1447 1797 1477 decet

974 1482 1071 1512 omnis
1086 1484 1243 1522 gratiarum
1270 1486 1347 1517 actio
1370 1489 1474 1527 gloria,
1501 1490 1670 1531 imperium,
1687 1491 1793 1526 honor,

150 1525 226 1559 Sane
240 1528 280 1559 ita
295 1534 349 1568 est,
364 1530 426 1562 Rex
435 1529 631 1560 sanctissime.
644 1527 722 1559 Sane
734 1531 762 1557 et
776 1535 828 1565 ego
842 1525 931 1556 credo
941 1535 961 1559 c
974 1531 1002 1557 et
1017 1527 1160 1565 adoratio,
1178 1529 1308 1568 Patrem,
1322 1537 1350 1563 et
1373 1525 1494 1574 Filium,
1522 1525 1552 1565 et
1566 1525 1707 1576 Spiritum
1723 1525 1792 1567 san;

108 1574 160 1605 tibi
176 1574 237 1605 Deo
255 1585 331 1613 meo,
349 1582 379 1608 et
392 1575 516 1618 supplex
546 1585 580 1606 ac
609 1584 719 1616 pronus
737 1578 763 1604 le
779 1581 860 1611 rogo,
876 1581 930 1601 cu-

147 1665 178 1690 58
194 1665 261 1706 Sap.
279 1674 318 1704 vt,
339 1667 366 1697 'l.

974 1574 1064 1608 ctum,
1083 1576 1111 1602 et
1127 1583 1257 1617 semper,
1275 1581 1305 1607 et
1319 1577 1348 1608 in
1366 1578 1479 1609 intin‘ta
1497 1574 1615 1617 saecula,
1632 1580 1739 1612 Amen.

409 1667 440 1694 59
456 1667 464 1697 l
482 1666 550 1697 Cor.
569 1674 630 1703 xm,
652 1666 697 1695 η.
741 1663 772 1688 ϐυ
787 1663 797 1694 l
811 1662 896 1693 Joan.
915 1670 953 1698 iv,
973 1659 1002 1691 8.
