1982 3075
217 176 274 208 607

867 178 941 208 SYM
948 175 1018 208 EON
1024 175 1057 205 IS
1077 175 1252 206 JUNIOHIS

1847 174 1913 206 608

220 242 321 282 pedirc
336 246 456 282 queant,
474 241 568 273 labius
584 242 706 283 quidem
719 247 810 280 certe,
827 248 857 273 et
870 242 1038 282 languidius

1118 241 1248 282 ςκαρόίας
1263 254 1322 274 σου.
1342 245 1370 272 Εἰ
1399 245 1449 284 γὰρ
1475 245 1518 272 καὶ
1547 244 1586 281 μὴ
1609 242 1722 275 τελείως
1738 242 1914 280 ἀμποδίσουσι

218 286 292 318 illud
309 285 448 317 efﬁcient.

255 377 285 408 7.
303 377 376 406 Cum
393 381 420 407 te
435 375 577 407 adversus
602 377 702 408 omnia
717 378 782 408 vitae
797 379 933 409 humanm
951 378 1038 408 blan—

218 420 350 451 dimenta
365 421 458 451 virum
473 421 654 461 praestiteris.
671 422 805 462 nihilque
816 423 853 453 ab
870 424 912 454 eis
927 423 1038 453 alleva-

218 465 309 496 menti
326 465 475 505 petiveris,
495 465 675 496 tumdiaboli
700 467 783 497 ﬂexis
794 467 830 498 ad
844 467 1040 498 commisera-

217 510 327 540 tionem
341 510 484 548 cognatis,
505 511 579 541 ﬂere
605 519 667 550 eos,
694 516 722 542 et
747 512 902 542 lamentari
921 516 1041 552 propter

218 554 289 585 tein
305 559 466 594 conspectu
489 559 538 585 tuo
568 555 698 586 facient:
730 557 808 596 quod
837 556 877 587 ita
905 566 971 587 esse
987 566 1039 587 co-

217 607 352 638 gnosces.
370 599 453 634 Quod
469 599 493 628 si
513 603 543 630 tu
569 599 689 630 immota
714 605 812 631 mente
835 605 937 632 contra
954 602 1040 632 talem

218 643 360 683 impetum
391 643 567 684 perstiteris,
585 644 698 675 videbis
726 655 777 675 eos
803 650 925 686 repente
942 646 1041 676 furore

218 692 247 718 et
261 688 328 719 odio
346 689 387 719 tui
402 697 556 729 accensos,
587 693 616 720 te
644 694 674 719 ut
697 690 850 720 inimicum
869 691 998 721 aversari
1015 698 1047 724 et.

218 733 328 764 vultum
345 737 426 764 tuum
444 734 569 774 amplius
587 735 670 766 ferre
686 745 743 766 non
762 745 859 776 posse.

260 781 288 808 8.
308 777 380 809 Cum
397 787 414 808 a
429 779 613 818 parentibus.
631 779 694 810 frati
706 780 783 818 ibus,
800 781 904 811 amicis
921 780 973 811 tibi
990 791 1045 812 ne-

218 823 296 862 gotia
310 823 428 858 facessi,
464 828 492 853 et
521 823 744 854 tribulationem
773 826 867 856 creari
901 826 1043 866 senseris,

1078 288 1128 320 τὴν
1155 287 1289 326 πρόθεσιν,
1326 287 1395 317 ἀλλά
1406 299 1436 327 γε
1480 289 1642 328 χαυνοτέραν
1679 287 1776 320 ταύτην
1804 287 1914 319 πάντως

1079 333 1123 361 καὶ
1138 333 1235 373 ἀσθενῆ
1252 333 1454 373 ἀπεργάζονται.

1139 372 1143 379 ι
1186 368 1199 380 α
1305 368 1310 373 ”
1327 368 1332 372 “
1362 368 1366 369 ⁷
1591 381 1602 385 _
1653 378 1657 385 ,
1738 376 1760 386 κ,
1882 380 1893 385 ~

1119 380 1154 412 ζ.
1193 383 1262 405 υταν
1294 379 1358 416 πρὸς
1388 378 1475 406 πάντα
1504 379 1536 406 τὰ
1558 389 1604 406 του
1632 378 1688 415 βίω
1716 378 1779 411 ipsa
1805 378 1912 416 εὒρεθῃς

1080 420 1200 461 ἀνδρεῖος
1225 423 1269 450 καὶ
1293 422 1495 462 ἀπαράκλητος,
1525 423 1584 451 τότε
1614 423 1650 454 εἰς
1673 423 1836 459 συμπάθειαν
1858 420 1911 455 δῆ-

1080 467 1123 494 θιν
1158 467 1182 494 οἱ
1231 465 1350 504 δαίμονες
1399 467 1458 499 τοὺς
1507 473 1645 505 συγγενεῖς
1681 465 1911 505 μεταστρέψαντες

1081 511 1182 538 κλαίειν
1204 515 1308 540 ποιοῦσι
1337 512 1380 539 καὶ
1407 513 1515 550 θρηνεῖν
1545 511 1596 549 πρὸ
1626 511 1768 549 προσὼπου
1793 521 1842 539 σου
1869 508 1912 538 διὰ

1082 555 1122 585 σέ.
1140 556 1188 584 Καὶ
1203 561 1279 585 τοῦτο
1309 555 1405 589 ἀληθὲς
1431 556 1502 584 εἶναι
1517 555 1621 594 γνώσῃ,
1653 554 1697 585 ὅτε
1712 555 1742 583 σὺ
1764 555 1812 592 μὲν
1828 553 1910 595 ἄτρε-

1083 611 1148 632 πτος
1164 600 1207 628 καὶ
1222 600 1249 628 ὲν
1277 600 1360 638 ταύτῃ
1386 600 1513 638 ἐμμείνῃς
1535 603 1569 638 τῇ
1596 598 1742 639 προσϐολῇ,
1773 599 1911 630 κάκείνους

1083 645 1120 675 εἰς
1142 645 1235 681 μανίαν
1249 644 1299 678 τὴν
1322 645 1390 672 κατά
1415 648 1461 672 σοῦ
1487 645 1531 672 καὶ
1559 651 1640 681 μῖσος
1670 643 1769 683 αἴφνης
1784 642 1912 683 ἐξαφθέν-

1088 700 1135 721 τας
1157 688 1230 726 ἴδῃς,
1260 689 1303 717 καί
1324 690 1360 721 ὡς
1400 689 1501 728 έχθμὸν
1528 688 1773 728 ἀποστρεφομένους
1795 698 1835 727 σε,
1867 689 1912 716 καὶ

1087 734 1150 772 ὁρᾷν
1164 733 1313 766 ἐθέλοντας.

1126 790 1144 811 η
1160 801 1166 807 .
1184 778 1237 811 Τὴν
1252 779 1323 818 παρά
1344 778 1396 806 τῶν
1425 777 1537 816 γονέων,
1567 778 1611 805 καὶ
1638 777 1768 817 ἀδελφῶν,
1798 778 1841 809 καὶ
1863 778 1912 817 φί-

1086 822 1140 850 λων
1162 834 1207 851 σου
1222 822 1308 860 θλίψιν
1337 823 1403 861 ὁρῶν
1418 821 1459 850 διὰ
1475 823 1503 850 σὲ
1526 822 1681 861 γινομένην,
1710 821 1775 861 γέλα
1803 821 1846 850 ἐπὶ
1872 825 1913 858 τῷ

220 868 383 898 daemonem
399 868 503 908 irride,
516 869 601 908 cujus
615 869 754 900 instinctu
780 870 968 910 impulsuque
983 871 1045 901 haec

1121 866 1259 896 οϐάλλοντι
1291 872 1373 896 ταῦτα
1393 865 1520 898 ποικίλως
1544 867 1612 895 κατὰ
1633 870 1679 895 σοῦ
1707 867 1821 905 γίνεσθαι
1849 865 1912 894 δαί-

222 912 402 942 multimodis
418 917 522 943 contra
534 917 561 943 te
577 914 792 954 suscipiuntur,
805 919 834 944 et
849 925 914 945 cum
927 920 935 945 ι
949 925 1043 955 more,

221 966 350 999 curaque
368 957 460 987 multa
475 957 549 988 clam
576 959 695 995 secede,
721 959 813 990 Deum
832 960 966 999 impense
981 969 1044 998 ora,

222 997 406 1032 ut'celeriter
421 1002 455 1032 ad
485 1006 600 1042 portum
634 1002 702 1033 boni
733 997 1045 1044 alicujus'l’atrisap-

222 1046 351 1086 pellaris,
364 1046 393 1076 in
407 1056 464 1086 quo
476 1046 605 1077 animam
630 1052 706 1078 luam
734 1053 885 1079 oneratam
901 1058 934 1079 ac
950 1049 1046 1079 delas.

219 1095 310 1121 satam
323 1092 459 1131 reticere,
477 1101 510 1122 ac
520 1100 658 1122 recreare
671 1093 776 1132 possis.
794 1092 909 1123 Etenim
926 1094 1046 1134 pelagus

220 1135 287 1166 vitae
302 1136 389 1175 hujus
405 1135 440 1165 ad
468 1136 597 1175 pericula
626 1136 805 1177 objicienda,
825 1143 1046 1178 extremamque

220 1180 383 1219 perniciem
397 1181 570 1212 struendam
595 1190 628 1212 ac
654 1182 815 1221 parandam
832 1182 939 1213 idonea
955 1183 1047 1214 multa

220 1225 361 1257 continet.

261 1270 291 1300 9.
306 1269 361 1306 Qui
373 1270 516 1302 mundum
533 1271 632 1301 odisse
644 1270 715 1311 vult,
732 1280 765 1301 ex
784 1271 922 1302 medullis
934 1272 1046 1303 intimis

222 1313 314 1345 Deum
331 1315 443 1355 diligat,
459 1325 587 1356 eumque
599 1316 788 1346 continenter
799 1321 867 1346 ante
879 1317 980 1347 oculos
993 1318 1046 1347 ha—

224 1359 292 1390 beat
306 1364 424 1399 oportet
439 1370 446 1391 :
461 1360 578 1400 quando
591 1360 709 1400 quidem
723 1360 797 1390 nihil
810 1361 934 1400 perinde
951 1366 980 1392 ut
992 1362 1048 1392 iSIa

225 1403 283 1433 duo
311 1404 379 1434 facit
402 1405 500 1435 omnia
529 1415 596 1435 cum
626 1404 732 1444 gaudio
760 1405 941 1445 relinquere,
971 1410 1047 1437 etut

226 1447 400 1487 quisquilias
414 1449 578 1489 drspicatui
595 1449 716 1480 ducere.

266 1492 314 1523 10.
329 1491 457 1524 Omnino
473 1493 552 1532 fuge,
577 1493 780 1533 probabilibus
796 1495 834 1524 de
848 1495 944 1533 causis
964 1495 1048 1533 (imo-

1087 923 1147 949 μονι
1166 920 1173 927 ”
1192 912 1235 940 καὶ
1263 912 1330 949 μετὰ
1357 911 1438 951 96300
1466 911 1510 939 καὶ
1536 910 1651 945 σπουδῆς
1673 910 1775 944 πολλῆς
1801 911 1915 951 intexti)-

1087 967 1167 996 Ρτισον
1191 965 1198 973 ·
1223 957 1266 985 καὶ
1293 957 1338 984 τὸν
1367 957 1433 984 Θεὸν
1461 955 1572 987 ἐκτενῶς
1597 955 1722 992 δυσώπειν
1753 959 1800 984 τοῦ
1814 955 1913 995 τάχιον

1087 1002 1124 1032 εἰς
1153 1001 1247 1039 λιμένα
1273 1000 1354 1029 καλοῦ
1382 1001 1484 1040 Πατρὸς
1506 1000 1669 1034 καταντῆσαί
1697 1011 1726 1028 σε
1744 1010 1750 1016 ·
1775 1000 1801 1028 ὲν
1816 1001 1838 1036 ᾦ
1861 1001 1914 1034 τὴν

1087 1046 1180 1086 ψυχὴν
1209 1057 1255 1074 σου
1283 1045 1475 1082 κεκοπνιμένην
1513 1045 1557 1073 καί
1583 1045 1795 1084 πεφορτισμένην
1824 1045 1914 1084 ὑπάρο

1088 1101 1190 1130 χωσαν
1204 1091 1282 1123 αὐτὸς
1312 1090 1482 1119 ἀναπαύσειε.
1514 1089 1602 1118 Πολλὰ
1631 1090 1680 1128 γὰρ
1704 1089 1762 1130 ἕχει
1778 1090 1809 1118 τὸ
1824 1089 1913 1118 πέλα-

1087 1147 1134 1173 γος
1148 1139 1194 1164 τοῦ
1221 1135 1276 1173 βίου
1305 1133 1417 1173 πρόξενα
1445 1133 1568 1163 κινδύνων
1583 1135 1626 1162 καὶ
1654 1134 1788 1165 ἀπωλείας
1820 1134 1910 1173 ἰσχιά-

1087 1191 1148 1213 της.

1127 1264 1161 1297 θ’.
1187 1264 1215 1297 Ὀ
1231 1271 1342 1306 μισῆσαι
1372 1268 1454 1297 θέλων
1469 1269 1514 1297 τὸν
1543 1269 1654 1304 κόσμον,
1685 1268 1792 1307 ἀγάπην
1813 1268 1844 1297 ἐκ
1857 1269 1911 1307 βα-

1087 1313 1152 1342 θέων
1167 1315 1259 1353 ψυχῆς
1274 1313 1346 1353 ἔχειν
1369 1313 1466 1353 ὀφείλει
1493 1315 1558 1353 πρὸς
1582 1314 1626 1341 τὸν
1642 1313 1717 1352 Θεὸν,
1735 1314 1778 1342 καὶ
1800 1314 1912 1351 μνήμην

1087 1359 1179 1387 τούτου
1207 1358 1327 1387 ἀένναον.
1353 1357 1432 1388 Οὐδὲν
1459 1358 1509 1397 γὰρ
1524 1357 1612 1397 ἕτερον
1637 1358 1674 1390 ὡς
1702 1361 1794 1394 ταῦτα,
1821 1357 1911 1386 ἅπαν-

1087 1414 1119 1430 τα
1135 1403 1202 1439 μετά
1225 1405 1311 1442 χαρᾶς
1339 1401 1550 1440 καταλιμπάνειν
1584 1409 1667 1438 ποιεῖ,
1704 1402 1748 1430 καὶ
1775 1400 1913 1430 σκυϐάλων

1087 1446 1162 1479 δίκην
1177 1447 1395 1486 ἀποστρέφεσθαι.

1130 1486 1160 1522 ι’,
1177 1491 1221 1524 Μὴ
1236 1490 1295 1519 θέλε
1309 1490 1342 1519 δι’
1364 1491 1488 1530 εὐλόγους
1515 1492 1598 1523 αἰτίας
1614 1491 1631 1523 ἦ
1657 1490 1769 1529 ἀλόγους
1799 1494 1836 1527 τῷ
1863 1491 1913 1519 κό-

224 1541 375 1568 entmvero
406 1537 664 1577 improbabilibus,
681 1544 707 1568 et
726 1539 831 1569 rationi
847 1549 948 1579 parum
974 1550 1043 1569 ron-

1118 1548 1149 1573 ιῳ
1163 1542 1323 1575 προσμεῖναι
1336 1537 1365 1585 τὸ
1380 1536 1488 1564 σύνολον
1504 1545 1510 1552 ·
1528 1535 1587 1564 ἀλλ’
1617 1535 1660 1564 ὅτε
1687 1535 1799 1573 κληθῇς,
1816 1536 1912 1566 συντό-

226 1582 384 1616 sentaneisj
400 1582 517 1612 assiduo
535 1583 564 1612 in
594 1582 704 1612 mundo
727 1584 849 1614 versari.
869 1585 979 1614 Verum
995 1593 1047 1615 ac-

227 1626 364 1666 cersitus,
381 1631 512 1657 aetutum
540 1626 628 1657 obedi
646 1639 652 1658 ;
671 1637 729 1658 non
757 1628 836 1658 enim
854 1628 881 1658 in
898 1628 955 1658 alio
971 1628 1049 1660 Deus

227 1679 320 1710 reque,
338 1674 370 1700 ut
385 1670 475 1701 celeri
491 1671 520 1701 in
548 1671 719 1702 obedientia
739 1676 838 1703 nostra
854 1673 969 1703 laet-itur
984 1682 990 1704 :
1005 1673 1047 1703 si-

227 1715 347 1754 quidem
365 1715 471 1746 melior
495 1716 643 1756 expedita,
669 1721 697 1746 et
722 1721 856 1757 prompta
879 1717 1050 1748 obedientia

226 1768 292 1789 cum
309 1763 450 1799 egestate,
479 1769 567 1800 quam
594 1760 715 1791 tarditas
731 1770 796 1792 cum
815 1761 976 1792 abundanti
993 1771 1046 1802 pe-

226 1803 324 1834 cunia.

267 1851 280 1878 l
291 1849 299 1880 l
310 1874 316 1881 .
327 1848 358 1880 Si
367 1849 506 1890 mundus,
518 1854 544 1880 et
556 1849 704 1880 mundana
711 1850 847 1881 universa
855 1855 1046 1890 praetereunt,

227 1893 307 1923 solus
321 1897 418 1924 autem
435 1894 512 1925 Deus
534 1894 733 1933 sempiternus
756 1899 811 1932 est,
829 1905 884 1926 nec
909 1906 974 1926 cum
988 1897 1048 1927 ulla

229 1938 329 1969 mortis
349 1939 407 1969 fata
424 1939 920 1980 periment,lwtatnini,quicumque
928 1945 1048 1981 propter

229 1982 311 2013 illum
326 1983 416 2014 rebus
441 1984 527 2014 [luxis
551 1984 674 2014 salutem
705 1984 830 2015 dixistis.
848 1985 937 2016 Fluxa
949 1990 1046 2016 autem

227 2033 295 2058 sunt
313 2038 372 2059 non
389 2028 498 2059 divitiae
512 2030 611 2066 modo,
627 2033 655 2060 et
681 2029 824 2070 pecuniae,
842 2030 893 2060 sed
910 2035 938 2060 et
951 2031 1048 2060 omnis

227 2072 369 2113 voluptas,
386 2079 414 2103 et
427 2073 583 2104 oblectatio
597 2074 708 2113 peccati
731 2075 807 2104 ﬂuxa
827 2079 871 2105 est
885 2084 890 2105 :
905 2075 967 2105 sola
980 2085 1048 2106 vero

229 2117 278 2148 Dei
296 2118 434 2148 mandata
447 2118 506 2156 lux,
524 2123 553 2149 et
569 2119 630 2150 vita
641 2124 721 2159 suut,
748 2119 836 2159 idque
860 2119 896 2149 ab
910 2119 1048 2150 omnibus

228 2162 422 2202 appellantur.

272 2207 316 2237 19.
330 2206 360 2238 Si
387 2211 531 2246 concepta
554 2209 683 2246 ﬂamma,
703 2213 731 2238 et
745 2208 829 2248 quasi
846 2208 918 2238 taeda
934 2207 1081 2238 ardentiD

227 2255 359 2291 accepta,
376 2252 478 2288 lratcr,
496 2261 583 2282 cursu
615 2256 642 2282 te
666 2252 701 2282 ad
728 2252 907 2289 coenobium,
925 2256 974 2282 aut
991 2253 1048 2283 l’a-

229 2300 301 2326 trem
326 2295 512 2336 spiritualem
534 2296 743 2333 conlulisti,ob
768 2297 807 2333 id,
825 2297 912 2326 etiam
931 2297 1046 2327 hortatu

229 2340 318 2377 :llius,
347 2345 395 2371 aut
420 2341 469 2381 qui
485 2345 581 2371 tecum
604 2346 673 2371 sunt
687 2341 894 2380 religiosorum
912 2341 1045 2375 fratrum,

230 2384 434 2421 lavationibus,
461 2385 547 2422 escis,
579 2385 681 2416 aliisve
707 2385 858 2426 obsequiis
885 2385 919 2416 ad
938 2395 1047 2424 corpus

230 2429 446 2468 pertinentibus
454 2430 659 2466 recreationis,
673 2434 700 2460 et
711 2430 897 2461 animicausa
906 2430 1046 2460 utendum

229 2473 281 2504 tibi
297 2483 334 2504 ne
350 2478 445 2514 putes,
463 2474 514 2504 sed
523 2475 726 2513 adjejuuium,
741 2475 776 2505 ad
793 2484 898 2514 aspera
914 2475 1048 2511 ferenda,

230 2518 266 2548 ad
284 2527 428 2549 summam
443 2519 654 2550 continentiam
684 2525 801 2559 paratus
829 2529 940 2559 sempe:
965 2524 1048 2550 esto:

230 2567 261 2592 ut
276 2562 300 2592 si
314 2562 407 2593 Patris
420 2563 459 2593 tui
476 2564 504 2593 in
521 2563 646 2594 Domino
659 2565 831 2594 auctoritate
842 2564 877 2594 ad
893 2564 1050 2594 fruendum

229 2607 347 2648 aliquod
362 2608 497 2638 solatium
514 2608 650 2645 incitere,
668 2609 710 2639 illi
737 2609 945 2640 obsecundans
962 2619 1047 2648 repe-

228 2653 315 2690 riare,
333 2656 361 2682 et
376 2652 516 2683 voluntati
538 2657 592 2683 illd:
621 2663 674 2683 nec
705 2653 734 2683 in
760 2653 814 2684 hoc
844 2653 943 2684 dedita
959 2662 1049 2693 opera

228 2705 341 2735 parere.
353 2696 474 2737 Alioqui
490 2706 556 2727 cum
574 2697 720 2737 voluptate
737 2698 861 2734 sustine,
878 2707 912 2728 ac
936 2702 1046 2738 patere.

227 2741 400 2782 qumlibens
415 2745 443 2772 et
459 2741 535 2772 ultro
551 2741 585 2772 ad
602 2741 708 2772 animm
725 2743 958 2774 emolumentum
979 2742 1050 2772 inde

227 2786 456 2826 comparandum
474 2786 570 2817 facere
582 2786 744 2818 instituisti.
756 2787 798 2818 Ita
805 2788 827 2818 si
837 2787 920 2824 faxis,
933 2796 1052 2827 semper

227 2829 262 2860 ab
276 2830 413 2861 omnibus
429 2830 527 2862 inedia
543 2835 571 2862 te
586 2831 716 2870 afﬁgere,
731 2836 759 2863 et
773 2833 964 2864 continentia:
985 2836 1051 2863 stu-

1089 1591 1146 1618 μως
1161 1581 1320 1610 ὑπάκουσον.
1341 1575 1383 1609 Ἐν
1408 1580 1490 1609 οὖὸενὶ
1517 1581 1567 1619 γὰρ
1593 1580 1674 1620 ἑτέρῳ
1701 1579 1770 1620 οὕτω
1785 1580 1860 1619 Θεὸς,
1876 1581 1914 1612 ὡς

1089 1624 1116 1652 ἐν
1145 1627 1179 1662 τῇ
1219 1628 1350 1664 ταχυτῇτι
1378 1626 1455 1662 ἡμῶν
1493 1618 1701 1664 ἐπευφραίνεται.
1735 1618 1917 1658 Ἐπειδηνκαὶ

1089 1679 1217 1708 κρεισσων
1242 1669 1346 1702 ὑπακοὴ
1375 1670 1510 1707 συντόμως
1537 1670 1605 1706 μετά
1633 1669 1736 1705 πενίας,
1751 1669 1770 1702 ἦ
1783 1668 1916 1707 βραδύτης

1090 1715 1156 1752 μετᾶ
1169 1713 1284 1748 πλήθους
1299 1714 1458 1754 χρημάτων,

1130 1844 1177 1878 ια’.
1202 1848 1231 1878 Ei.
1257 1850 1271 1876 6
1301 1848 1400 1886 κόσμος
1423 1849 1466 1876 καὶ
1495 1849 1526 1877 τὰ
1560 1848 1587 1876 ἐν
1622 1848 1715 1885 κόσμῳ
1735 1847 1915 1888 παρέρχονται

1088 1894 1186 1932 πάντα,
1215 1894 1229 1921 ὁ
1257 1892 1284 1921 δὲ
1312 1894 1376 1924 Θεὸς
1404 1892 1533 1933 ἄφθαρτος
1559 1893 1603 1920 καὶ
1630 1892 1770 1929 ἀθάνατος,
1806 1893 1915 1933 χαίρετε

1088 1937 1144 1966 ὅσοι
1160 1937 1194 1965 δι’
1227 1938 1304 1966 αὖυὸν
1331 1937 1364 1965 τὰ
1392 1937 1491 1977 φθαρτά
1525 1935 1709 1974 καταλείψατε,
1745 1937 1861 1977 “apti.
1887 1937 1917 1965 δέ

1088 1983 1152 2010 εἰσιν
1175 1984 1204 2011 οὐ
1219 1982 1298 2019 μόνον
1327 1980 1440 2013 πλοῦτος
1456 1982 1498 2010 καὶ
1515 1981 1655 2021 χρήματα,
1680 1980 1749 2009 ἀλλά
1769 1982 1813 2010 καὶ
1839 1985 1914 2010 πᾶσα

1089 2026 1170 2060 ἡδονὴ
1198 2027 1241 2054 καὶ
1269 2025 1414 2058 ἀπόλαυσις
1450 2026 1578 2064 ἀματρίας
1617 2026 1698 2064 φθορᾶ
1726 2026 1792 2056 ἐστι.
1830 2026 1916 2054 Μόναι

1089 2070 1116 2098 δὲ
1132 2072 1156 2098 αἱ
1188 2075 1234 2100 τοῦ
1255 2074 1322 2099 Θεοῦ
1351 2069 1454 2098 ἐντολαὶ
1475 2073 1530 2110 φῶς
1547 2071 1595 2098 εἱσι
1615 2070 1659 2098 καὶ
1685 2071 1741 2105 ζωή
1760 2078 1766 2084 ·
1780 2071 1917 2099 καὶτοῦτο

1089 2116 1160 2154 παρὰ
1175 2115 1281 2143 πάντων
1296 2114 1448 2145 καλοῦνται.

1131 2199 1178 2242 ιβ’.
1209 2206 1238 2233 Εἰ
1266 2203 1351 2244 φλόγα
1382 2202 1484 2241 ἔλαϐες,
1515 2203 1609 2243 ἀδελφὲ
1633 2205 1676 2231 καὶ
1711 2203 1816 2243 δραμὼν
1843 2215 1915 2243 παρ-

1089 2249 1179 2288 εγένου
1192 2248 1218 2276 ἐν
1243 2248 1365 2285 κοινοϐίῳ
1390 2249 1408 2283 ἢ
1438 2252 1607 2286 πνευματικῷ
1636 2248 1723 2287 πατρὶ,
1754 2246 1797 2275 διὰ
1826 2251 1914 2279 τοῦτο.

1089 2294 1110 2321 εἰ
1138 2293 1272 2332 προτρέπῃ
1300 2292 1464 2332 παράὖτοῦ,
1494 2293 1512 2325 ἦ
1544 2293 1615 2332 παρά
1650 2295 1702 2320 τῶν
1731 2294 1917 2330 συνασκουμέ-

1088 2349 1139 2366 νων
1169 2349 1209 2366 σοι
1238 2337 1369 2377 ἀδελφῶν,
1396 2336 1531 2376 λουτροῖς,
1562 2337 1580 2370 ἢ
1601 2336 1750 2376 βρώμασιν,
1780 2337 1798 2370 ἢ
1820 2335 1916 2369 ἄλλαις

1087 2383 1235 2422 θεραπείαις
1264 2383 1413 2421 χρήσασθαι
1452 2381 1622 2412 ἀναπαύσεως
1666 2382 1756 2421 χάριν,
1769 2385 1846 2410 τοῦτο
1875 2383 1916 2419 μή

1089 2426 1217 2464 καταδέξῃ
1242 2434 1247 2440 ·
1279 2425 1337 2454 ἀλλ’
1370 2427 1409 2454 ἀεὶ
1431 2424 1675 2466 παρεσκευασμένος
1706 2425 1750 2453 ἕσο
1780 2427 1843 2464 πρὸς
1859 2437 1913 2459 νη-

1090 2473 1188 2502 στείαν.
1218 2472 1283 2511 πρὸς
1312 2471 1500 2507 κακοπάθειαν,
1540 2471 1605 2509 πρὸς
1640 2470 1793 2509 ἐγκράτειαν
1829 2470 1915 2510 ἀκρο-

1091 2519 1173 2551 τάτην
1189 2526 1197 2534 ”
1213 2518 1259 2545 ἵνα
1286 2518 1308 2545 εἱ
1332 2517 1380 2555 μὲν
1409 2517 1480 2556 παρὰ
1507 2519 1553 2545 τοῦ
1578 2519 1624 2545 σοῦ
1654 2516 1680 2544 ἐν
1703 2517 1788 2556 Κυρίῳ
1802 2518 1914 2556 παυρὸς,

1093 2565 1247 2602 προτραπῇς
1273 2568 1422 2602 μετασχεῖν
1451 2560 1657 2600 παρακλὴσεως,
1687 2560 1793 2601 εὒρεθῆς
1823 2561 1915 2597 ἐκείνῳ

1089 2609 1137 2646 μὲν
1151 2609 1280 2648 ὑπήκοος,
1297 2609 1327 2637 τὸ
1351 2607 1378 2636 δὲ
1405 2607 1472 2636 ἴδιόν
1501 2618 1547 2636 σου
1572 2606 1675 2644 θέλημα
1700 2606 1767 2644 μηδέ
1789 2607 1816 2635 ἐν
1830 2608 1915 2644 τούτῳ

1089 2657 1196 2682 ποιῶν·
1216 2653 1277 2681 εἰδὲ
1306 2654 1356 2691 μὴ,
1386 2653 1454 2690 μετά
1482 2655 1567 2692 χαρᾶς
1596 2652 1732 2690 ὑπομένῃς
1759 2651 1826 2691 ἅπερ
1840 2652 1915 2680 ἑκου-

1091 2698 1152 2730 σίως
1171 2701 1281 2732 ποιῆσαι
1304 2697 1448 2737 ἠθέλησας,
1479 2697 1602 2736 ψυχικῶς
1631 2696 1827 2736 ὠφελούμενος.
1845 2697 1913 2725 T073-

1091 2754 1121 2771 το
1147 2744 1196 2782 γὰρ
1225 2743 1373 2783 φυλάττων,
1404 2741 1452 2775 ἕση
1480 2740 1621 2772 διαπαντὸς
1634 2740 1676 2768 ἐπὶ
1704 2744 1784 2769 πᾶσιν
1811 2741 1847 2772 ὡς
1868 2752 1914 2774 νη-

1092 2789 1201 2826 στεύων,
1231 2789 1275 2816 καὶ
1301 2787 1535 2827 ἐγκρατευόμενος,
1564 2787 1607 2813 καὶ
1635 2789 1673 2822 τῷ
1700 2785 1757 2822 ἰδίῳ
1783 2784 1912 2823 θελήματι

1093 2833 1159 2861 κατα
1189 2833 1272 2862 πάντα
1301 2831 1508 2870 ὑποταξάμενος.
1540 2832 1575 2860 0-3
1598 2830 1677 2867 μόνον
1706 2828 1746 2868 δὲ,
1775 2829 1842 2858 ἀλλὰ
1871 2830 1913 2871 καὶ
