1982 3075
203 147 261 180 615

852 146 1005 182 SYMEON
1009 146 1043 176 IS
1063 142 1237 181 JUNIOBIS

1828 139 1887 171 616

203 225 236 253 σῃ
267 214 310 242 καὶ
332 213 415 252 μάθῃ,
446 213 504 250 περὶ
533 215 569 241 ὧν
606 212 698 240 οὔποτε
737 212 872 252 ἐθεάσατο,
909 213 952 240 καὶ
982 211 1022 239 δι-

1089 210 1175 240 ινοτὶῑ
1198 210 1335 250 ipsemet,
1363 212 1393 241 et
1424 209 1495 250 ipsis
1524 210 1609 239 etiam
1641 207 1825 241 auditoribus
1842 209 1898 237 ne‘

202 259 337 297 ηγήσηται
351 256 441 289 ἄλλοις
462 256 642 292 ἄπεράκήκοεν
661 265 667 272 ’
686 257 764 285 αὐτοῦ
779 257 823 285 καὶ
837 261 890 285 τῶν
910 257 1023 285 ἀκουόν-

202 313 265 339 των,
283 302 340 341 περὶ
354 301 435 330 ποίων
451 301 613 341 πραγμάτων
633 300 761 336 ἀλλήλοις
778 300 1022 341 προσδιαλέγονται,

201 348 240 384 μὴ
256 345 372 377 εἰδότων,

239 385 306 428 κζ’.
320 390 458 420 Ἀδύνατον
473 391 517 419 καὶ
531 391 580 424 τὴν
610 391 692 430 σάρκα
720 395 758 428 τῷ
787 391 856 429 κόρῳ
871 394 923 418 τὼν
945 391 1019 430 βρωο

200 436 291 473 μάτων
319 434 516 475 κατεμπιπλᾷν,
557 436 601 463 καὶ
637 438 820 475 πνευματικᾶεις
849 436 899 468 τῆς
931 439 1022 475 νοερᾶς

199 481 242 508 καὶ
263 481 332 512 θείας
361 479 537 508 ἐπαπολαύειν
565 480 761 519 χρηστότητος.
797 472 865 517 ’ὸςῳ
900 480 949 518 γὰρ
974 480 1023 513 τὴν

200 525 314 564 γαστέρα
349 536 389 556 τις
437 524 598 564 θεραπεύσει,
650 525 717 552 κατά
765 529 888 553 τυσοῦτον
924 524 1025 557 ἐκείνης

200 571 291 599 ἑαυτὸν
313 569 499 609 ἀποστερήσει.
518 568 581 598 Καθ’
612 568 672 597 ὅσον
690 568 716 596 δὲ
747 570 776 597 το
802 570 880 606 σῶμα
903 569 1025 597 ὑπωπια-

201 625 252 654 σει,
283 614 419 654 ἀναλόγως
449 614 562 647 καὶτῆς
589 616 770 651 πνευματικῆς
802 614 900 653 τροφῆς
922 625 950 641 τε
984 611 1027 641 καὶ

202 658 397 699 παρακλήσεως
412 658 641 696 ἐμπλησθήσεται,

240 699 308 741 κζ’.
340 703 547 741 Καταλείψωμεν
580 703 665 732 πάντα
690 704 722 731 τὰ
750 703 792 731 ἐπί
828 703 876 737 τῆς
903 707 953 742 γῆς
987 703 1022 741 μὶν

199 748 313 777 πλοῦτον
335 748 426 786 μόνον,
454 748 497 776 καὶ
528 749 639 787 χρυσόν,
665 749 709 776 καὶ
730 748 776 780 τὰς
793 747 874 779 ἄλλας
896 747 959 779 ὕλας
981 753 1025 777 τοῦ

197 792 264 830 ϐίου,
295 792 362 821 ἀλλὰ
390 793 433 821 καὶ
460 793 510 826 τὴν
539 793 676 829 ἐπιθυμίαν
706 793 754 826 τὴν
776 794 840 831 πρὸς
878 793 955 832 αὔτα,
984 792 1026 820 τέ-

301 837 308 853 ῖ
338 839 353 865 ‘,
396 840 453 866 ν.ῖν
495 840 590 877 ψυχῶν
633 838 708 874 ἡμῶν
749 837 935 874 ἀπελάσωμεν.
980 840 1027 864 .\lt-

201 883 327 920 σήσωμεν
357 882 396 920 μὴ
425 882 505 919 μόνον
527 883 574 914 τὰς
600 881 696 916 ἡδονάς
721 886 766 910 τοῦ
795 883 929 919 σώματος,
959 881 1026 909 ἀλλὰ

200 927 242 955 καὶ
258 927 304 957 τὰς
325 926 438 965 ἀλόγους
468 927 584 961 κινήσεις
611 926 698 962 αὐτοῦ,
723 928 766 954 καὶ
794 927 922 966 νεκρῶσαι
951 931 1025 955 τοῦτο

199 970 240 999 διὰ
269 971 357 999 πόνων
386 970 577 1008 σπουδάσωμεν
596 981 603 988 ·
621 970 662 998 διὰ
689 971 782 999 τούτου
810 971 860 1010 γὰρ
886 970 1023 1010 ἐνεργοῦν-

199 1027 242 1044 ται
257 1016 290 1044 τὰ
314 1018 363 1049 τῆς
390 1016 540 1053 ἐπιθυμίας,
570 1017 613 1044 καὶ
641 1016 677 1047 εἷς
708 1015 782 1055 ἔργον
805 1015 951 1054 ἐξάγονται.
978 1016 1025 1044 Καὶ

201 1063 298 1096 ζῶντος
315 1060 402 1100 αὐτοῦ,
424 1060 529 1099 ἀνάγκη
554 1063 626 1088 πᾶσα
647 1061 697 1094 τὴν
722 1061 814 1100 ψυχὴν
842 1062 919 1098 ἡμῶν
934 1060 1026 1099 νεκρὰν

200 1106 282 1145 εἶναι,
308 1106 352 1133 καὶ
382 1104 534 1138 δυσκίνητον
563 1105 627 1144 πρὸς
657 1108 743 1133 πᾶσαν
769 1106 840 1133 θείαν
862 1104 982 1144 ἐντολὴν,
1008 1104 1025 1138 ἢ

200 1150 243 1177 καὶ
254 1149 391 1180 παντελῶς
407 1149 542 1182 ἀκίνητον,

282 1188 286 1197 .
1003 1193 1007 1198 ,

239 1205 274 1227 κη
288 1216 295 1221 .
311 1193 432 1233 Καθάπερ
451 1194 468 1227 ἡ
491 1192 555 1233 φλὸξ
570 1196 616 1220 τοῦ
651 1194 731 1233 πυρὸς
761 1194 797 1225 εἰς
820 1194 885 1231 ὕψος
908 1194 947 1221 ἀεὶ
978 1193 1026 1221 αἳ-

201 1249 284 1278 ρεται,
307 1239 350 1266 καὶ
367 1237 468 1275 μᾶλλον
484 1237 528 1266 ἐὰν
544 1237 660 1277 στρὲψῃς
690 1238 738 1271 τὴν
767 1237 833 1271 ὕλην
849 1237 893 1277 ἀφ’
909 1239 942 1271 ἧς
958 1237 1024 1265 ἀνά-

203 1293 295 1311 πτεται
314 1291 319 1297 ·
336 1282 404 1310 οὕτω
426 1283 469 1310 καὶ
493 1283 509 1316 ἡ
536 1285 583 1309 τοῦ
612 1281 746 1314 κενοδόξον
775 1281 866 1322 καρδία
893 1293 1026 1310 ταπεινω-

202 1330 278 1361 θῆναι
294 1328 324 1355 οὗ
348 1326 453 1355 δύναται
471 1336 479 1345 ·
502 1325 561 1354 ἀλλ’
589 1327 626 1358 ὡς
657 1327 686 1353 ἂν
717 1326 797 1364 εἴπῃς
825 1328 895 1363 αὖτῷ
924 1327 956 1354 τα
978 1328 1026 1359 τῆς

204 1371 331 1412 ὠφελείας
373 1372 464 1407 αὐτοῦ,
515 1370 617 1408 μᾶλλον
666 1372 708 1399 καὶ
751 1371 853 1408 μᾶλλον
881 1371 1026 1410 ἐπαίρεται,

203 1415 401 1454 Ἐλεγχόμενος
431 1415 493 1454 γὰρ,
523 1415 541 1448 ἢ
569 1415 613 1442 καὶ
656 1415 868 1452 νουθετούμενος,
898 1414 1029 1453 ἀντιλέγει

202 1458 318 1499 σφοδρῶς
335 1467 342 1474 ·
375 1459 562 1496 ἐπαινούμενος
591 1458 630 1498 δὲ,
717 1460 760 1487 καὶ
799 1458 1030 1498 παρακαλούμενος

203 1503 346 1541 ἀνυψοῦται
361 1506 463 1535 κακῶς,

243 1543 295 1579 κθ’,
331 1538 489 1587 ἸΑνόρωπως
533 1547 724 1586 μεμελετηκὼς
767 1547 925 1587 ἀντιλέγειν,
968 1549 1026 1576 ἑαυ-

203 1597 242 1630 τῷ
271 1592 392 1630 δίστομός
416 1592 470 1620 ἐστι
492 1593 624 1633 μάχαιρα,
662 1593 774 1632 ἀναιρῶν
802 1593 943 1632 ἀγνώστως
976 1593 1026 1627 τὴν

202 1637 266 1666 ἰδίαν
282 1637 386 1678 ψυχὴν,
414 1638 458 1665 καὶ
485 1639 533 1670 τῆς
562 1637 666 1666 αἰωνίου
696 1640 767 1673 ζωῆς
783 1637 922 1678 ἀλλότριον
944 1638 1026 1671 αὐτὴν

199 838 208 847 ε
301 838 308 842 -
338 839 345 846 ι

199 852 263 867 ιλιι
296 850 305 861 η’
348 859 353 865 ι

203 1684 383 1723 ἐργαζόκενος.

242 1723 278 1757 λ’.
304 1723 332 1756 ιΟ
347 1727 504 1765 ἀντιλέγων,
521 1727 612 1766 ὅμοιός
628 1727 682 1756 ἐστι
711 1732 750 1765 τῷ
775 1729 900 1760 ἑκουσίως
920 1727 1025 1756 ἔκδοτον

202 1773 293 1802 ἑαυτὸν
322 1777 439 1802 ποιοῦντι
467 1778 525 1803 τοῖς
554 1773 716 1804 ὑπεναντίοις
743 1776 789 1801 τοῦ
822 1772 950 1811 βασιλέως
978 1773 1026 1813 ἐχ-

201 1819 274 1856 θροῖς
292 1827 299 1834 ⁸
316 1817 333 1850 ἡ
356 1817 405 1856 γὰρ
434 1815 570 1855 ἀντιλογία
601 1817 727 1856 ἁρπάγιόν
764 1816 831 1854 ἐστι,
856 1816 947 1855 δέλεαρ
963 1816 1027 1857 ἕχον

201 1863 250 1896 τὴν
278 1861 469 1900 δικαιολογίαν.
500 1860 539 1889 Δι’
562 1862 595 1894 ἧς
617 1862 801 1900 ἀπατώμενοι,
831 1861 859 1890 τὸ
889 1861 1027 1902 ἄγκιστρον

201 1907 378 1943 καταπίνομεν
407 1905 455 1939 τῆς
478 1906 606 1946 ἁμαρτίας
624 1916 631 1923 ⁸
661 1905 702 1946 ὑφ’
736 1907 765 1934 οὗ
792 1907 835 1934 καὶ
869 1906 1026 1945 ἁρπάζεσθαι

202 1951 295 1979 ε’ἷωθεν
317 1952 334 1984 ἠ
350 1950 425 1978 ἀθλία
440 1950 529 1990 ψυχὴ,
553 1950 605 1978 ἀπὸ
629 1953 678 1984 τῆς
704 1949 826 1989 γλώττης
847 1951 890 1978 καὶ
905 1954 951 1978 τοῦ
964 1950 1026 1978 λαι-

201 2000 252 2033 μοῦ
277 1996 328 2023 ὑπὸ
355 1997 407 2023 τῶν
433 1995 589 2032 πνευμάτων
617 1997 667 2028 τῆς
704 1995 831 2034 πονηρίας
850 2002 856 2010 ·
887 1995 931 2023 καὶ
960 1995 1025 2023 ποτε

201 2040 249 2077 μὲν
278 2040 313 2072 εἰς
340 2038 406 2077 ὕψος
428 2040 606 2079 ὑπερηφανίας
635 2039 775 2078 ἀνάγεσθαι
792 2048 800 2054 ⁸
832 2039 896 2068 ποτὲ
924 2039 951 2067 δὲ
988 2040 1024 2071 εἷς

200 2085 267 2124 χάος
303 2082 414 2112 ἀϐύσσου
442 2084 570 2123 ἁμαρτίας
613 2082 836 2121 κατκὸνθίζεσθαι,
878 2084 921 2112 καὶ
957 2085 1024 2121 μετὰ

199 2132 252 2157 τῶν
267 2128 293 2161 ἐξ
306 2129 414 2168 οὖρανοῦ
428 2128 638 2156 ἐκπεπτωκότων
652 2127 879 2163 καταδικάζεσθαι.

239 2168 294 2203 λα’.
328 2168 356 2202 ’0
379 2173 571 2210 ἀτιμαζόμενος
599 2172 617 2206 ἣ
642 2171 820 2210 ὑϐριζόμενος,
857 2173 901 2200 καὶ
926 2171 1023 2212 σφόδρα

200 2217 289 2257 ἀλγῶν
317 2218 367 2251 τὴν
397 2216 514 2256 καρδίαν,
549 2216 701 2256 γινωσκέτω
728 2217 758 2245 ἐκ
785 2217 877 2245 τούτου
906 2217 946 2245 ὅτι
974 2228 1024 2245 πα-

200 2264 274 2292 λαιὸν
300 2263 358 2304 ὅφιν
381 2263 514 2303 περιφέρει
542 2262 696 2301 ἐγκόλπιον.
736 2263 765 2291 Εἷ
800 2263 848 2300 μὲν
878 2263 922 2291 οὖν
957 2264 1024 2300 μετά

199 2310 304 2341 σιωπῆς
330 2309 471 2347 ὑπομείνῃ,
498 2307 517 2341 ἢ
549 2307 616 2344 μετὰ
637 2306 739 2341 πολλῆς
754 2308 940 2339 ταπεινώσεως
953 2307 1023 2336 ἀπο-

199 2354 362 2392 κριθήσεται,
400 2352 496 2385 ἀσθενῆ
524 2355 617 2380 τοῦτον
648 2352 691 2379 καὶ
732 2351 905 2389 ἐκλελυμένον
933 2353 1024 2391 etp-{i-

199 2408 263 2426 σατο
283 2407 291 2415 ·
321 2398 342 2425 εἰ
364 2396 391 2425 δὲ
420 2397 487 2434 μετὰ
513 2397 616 2436 πικρίας
639 2396 759 2434 ἀντείπῃ,
796 2397 813 2429 ἢ
841 2398 884 2425 καί
912 2396 1023 2432 λαλήσει

199 2443 267 2480 μετά
293 2442 465 2481 θρασύτητος,
499 2439 609 2469 δέδωκεν
650 2441 728 2480 ἰσχὺν
756 2444 794 2478 τῷ
821 2441 890 2481 ὄφει,
913 2442 958 2469 τὸν
985 2443 1023 2469 ἱὸν

198 2486 293 2527 ἐκχέαι
308 2486 334 2514 ἒν
354 2490 389 2524 τῇ
403 2485 494 2525 καρδίᾳ
524 2485 612 2518 αὑτοῦ,
643 2486 687 2512 καὶ
714 2485 852 2525 ἀνημέρως
882 2485 1024 2513 κατεσθίειν

199 2532 232 2560 τὰ
253 2531 326 2563 ἐντὸς
354 2531 433 2559 αὖτοῦ
448 2540 455 2548 ⁸
485 2531 521 2562 ὡς
550 2530 664 2559 ἐντεῦθεν
693 2529 751 2558 καθ’
780 2530 893 2564 ἑκάστην
921 2529 1024 2559 ἐνδυνα-

198 2577 330 2615 μούμενον
347 2576 437 2615 αὐτὸν,
466 2573 629 2613 καταϐρι-ιμα
659 2576 792 2602 ποιεῖσθαι
820 2574 867 2608 τὴν
897 2573 937 2602 ἐπ’
953 2575 1022 2613 ἁγα-

198 2625 256 2654 θοῒς
271 2620 410 2659 διόρθωσεν
430 2621 473 2648 καὶ
501 2620 579 2659 ισχὺν
607 2622 656 2652 τῆς
677 2618 766 2650 ἀθλίας
796 2619 885 2648 αὗτοῦ.
903 2621 993 2659 ψυχῆς
1013 2629 1018 2635 ·

197 2667 241 2695 καὶ
270 2669 318 2705 ζῇν
347 2665 395 2703 μὲν
416 2665 493 2693 nam
523 2663 612 2692 ἔκτοτε
642 2665 676 2700 τῇ
713 2663 837 2702 ἁμαρτίᾳ,
869 2665 959 2703 νεκρὸν
994 2663 1021 2692 δὲ

197 2710 328 2743 ταντελῶς
345 2711 416 2739 εἶναι
432 2713 466 2748 τῇ
487 2708 650 2746 δικαιοσύνῃ.

238 2751 292 2794 λβ’.
307 2755 371 2783 Ἐὰν
397 2753 574 2787 ἀποτάξασθαι
602 2752 748 2793 βουληθῆς,
771 2754 815 2781 καὶ
843 2753 891 2787 τήν
914 2752 1021 2792 εὒαγγε-

197 2799 275 2834 λικὴν
291 2799 427 2829 πολιτειαν
443 2797 641 2839 ἐκδιδαχθῆναι,
658 2798 696 2835 μὴ
714 2797 823 2837 ἁπείρῷ,
854 2795 921 2835 μηδὲ
937 2797 1022 2837 ἐμπα-

1066 254 1239 292 scientibus,
1256 254 1363 296 quibus
1378 254 1415 284 de
1431 253 1520 284 rebus
1535 263 1633 284 sermo
1650 254 1697 283 sil.

1106 389 1156 420 ‘26.
1171 388 1252 419 Fieri
1266 389 1379 428 nequit,
1397 393 1429 420 ut
1454 397 1573 419 carnem
1589 397 1658 418 esca
1671 387 1841 423 farciamus,
1860 389 1890 416 et

1065 433 1154 463 simul
1170 433 1363 473 spiritualiter
1375 433 1625 464 intellectualibus
1633 442 1667 463 ac
1682 431 1791 462 divinis
1805 440 1891 462 com—

1068 478 1258 508 moditatibus
1294 478 1489 518 perfruamur.
1534 478 1679 514 Quantum
1717 476 1796 507 enim
1825 475 1894 516 quis

1068 523 1162 553 ventri
1181 523 1327 560 servierit,
1346 528 1459 554 tantum
1476 523 1534 553 illis
1550 532 1615 553 sese
1630 520 1896 557 fraudabit,Quan-

1069 571 1130 597 tum
1146 571 1243 597 autem
1260 576 1367 607 corpus
1383 568 1540 598 domuerit.
1556 573 1643 607 atque
1667 564 1891 606 compresserit,

1070 616 1183 642 tantum
1198 612 1326 642 vicissim
1357 612 1507 650 alimonia,
1531 611 1790 648 cmtsolalioneque
1805 609 1892 649 spiri-

1069 659 1138 689 tuali
1155 659 1337 699 implebitur.

1106 703 1155 734 27.
1172 703 1280 735 Omnia
1295 713 1360 744 quae
1376 704 1405 734 in
1422 704 1509 734 terris
1524 708 1603 740 sunt,
1621 703 1747 739 divitias,
1765 710 1891 737 aurum,

1068 752 1096 778 et
1111 748 1182 778 alias
1213 749 1277 778 vitae
1305 758 1364 788 res,
1397 758 1454 778 non
1478 748 1681 787 relinquamus
1710 747 1817 783 solum,
1835 746 1890 776 sed

1066 792 1155 823 etiam
1173 793 1289 822 illorum
1307 793 1500 832 cupiditatem
1518 794 1555 823 ah
1571 792 1678 823 animis
1694 792 1802 822 nostris
1818 800 1891 831 per-

1038 839 1056 864 B
1069 837 1340 876 fecterepellumus.
1354 836 1514 868 Oderimus
1527 837 1690 877 voluptates
1702 836 1847 876 corporis,
1860 840 1891 866 et

1069 891 1173 912 omnes
1191 881 1334 912 motiones
1351 881 1413 921 ejus
1428 891 1444 912 a
1459 882 1573 912 ratione
1588 881 1709 914 alienas,
1733 880 1893 921 ipsumque

1067 925 1220 956 laboribus
1242 927 1421 956 mortificare
1445 925 1627 957 studeamus.
1650 925 1707 957 Per
1730 926 1785 956 hoc
1809 925 1891 955 enim

1067 971 1318 1011 concupiscentia;
1347 971 1455 1011 vigent,
1487 971 1560 1001 etin
1585 981 1660 1011 opus
1688 975 1816 1001 exeunt:
1833 979 1894 1010 quo

1068 1015 1176 1052 vivido,
1194 1020 1223 1046 et
1236 1016 1365 1055 vigente,
1384 1015 1512 1046 animam
1535 1019 1664 1046 nostram
1685 1019 1774 1045 totam
1792 1014 1896 1045 exani-

1069 1070 1158 1097 mem,
1176 1061 1210 1090 ad
1227 1070 1316 1090 omne
1333 1060 1385 1091 Dei
1402 1061 1571 1091 mandatum
1589 1059 1811 1100 exsequendum
1829 1063 1892 1089 tar-

1068 1105 1146 1140 dam,
1163 1114 1197 1135 ac
1213 1105 1378 1141 difficilem,
1396 1109 1444 1136 aut
1457 1105 1545 1136 etiam
1567 1104 1686 1135 omnino
1704 1103 1891 1134 immobilem

1068 1158 1133 1180 esse
1149 1159 1272 1180 necesse
1288 1154 1343 1180 est.

1109 1194 1156 1225 '28.
1174 1193 1327 1230 Quomodo
1345 1195 1464 1224 ﬂamma
1492 1194 1568 1233 ignis
1593 1193 1749 1233 superiora
1773 1202 1894 1232 semper

1067 1238 1188 1279 appetit,
1208 1239 1477 1278 quomodocumque
1491 1238 1598 1268 veteris
1620 1238 1777 1281 materiam
1794 1239 1893 1267 unde-

1068 1283 1242 1313 accenditur
1258 1293 1264 1313 :
1280 1283 1322 1313 sic
1331 1292 1382 1313 cor
1397 1292 1478 1313 vana:
1494 1283 1594 1322 gloriae
1606 1282 1730 1312 studiosi
1740 1282 1893 1312 humiliari

1070 1327 1189 1368 nequit;
1207 1328 1256 1357 sed
1275 1332 1425 1366 utcunque
1441 1328 1523 1358 utilia
1534 1327 1561 1357 ei
1575 1327 1696 1363 dixeris,
1716 1327 1810 1366 magis
1827 1336 1893 1357 ma-

1070 1373 1172 1412 gisque
1188 1372 1333 1402 elexatur.
1350 1372 1561 1411 Beprehensus
1576 1371 1667 1409 enim,
1694 1376 1742 1401 aut
1756 1371 1894 1402 admoni-

1070 1420 1129 1453 tus,
1147 1416 1340 1445 vehementer
1354 1417 1539 1447 contradicit.
1553 1416 1698 1447 Laudatus
1713 1420 1823 1455 autem,
1841 1420 1894 1447 aut

1073 1465 1202 1500 rogatus,
1219 1460 1340 1500 spiritus
1353 1461 1430 1491 male
1447 1461 1531 1492 tollit.

1035 1505 1055 1529 C

1106 1549 1155 1580 29.
1175 1549 1268 1580 Homo
1279 1549 1307 1579 in
1321 1550 1551 1580 contradicendo
1566 1550 1755 1587 exercitatus,
1772 1549 1893 1580 sibimet

1067 1603 1177 1634 anceps
1191 1594 1305 1632 gladius
1332 1599 1386 1632 est,
1404 1595 1567 1626 inscienter
1594 1596 1722 1626 animam
1749 1604 1831 1625 suam
1847 1594 1878 1624 in

1067 1638 1229 1676 terﬁciens,
1245 1643 1274 1669 et
1288 1648 1303 1669 a
1318 1639 1374 1670 vita
1391 1644 1501 1670 mterna
1515 1640 1641 1671 alienam
1653 1639 1797 1671 efﬁciens.

1107 1728 1156 1759 30.
1174 1727 1228 1763 Qui
1242 1729 1426 1766 contradicit,
1443 1729 1549 1760 similis
1565 1729 1607 1760 illi
1624 1735 1681 1765 est,
1699 1729 1748 1769 qui
1764 1738 1796 1759 se
1812 1728 1892 1771 regis

1068 1771 1207 1812 inimicis,
1225 1776 1254 1803 et
1269 1772 1447 1804 adversariis
1461 1778 1567 1814 sp0nte
1591 1774 1621 1804 in
1646 1778 1817 1804 serv.tutem
1833 1774 1891 1804 ad-

1070 1816 1152 1847 dicit.
1168 1817 1369 1848 Conlradictio
1399 1818 1478 1849 enim
1496 1827 1564 1849 esca
1587 1822 1629 1849 est
1651 1828 1752 1858 rapax,
1777 1817 1893 1848 habens

1069 1861 1217 1901 quandam
1234 1870 1332 1893 causa),
1357 1872 1418 1893 suae
1441 1862 1657 1900 defensienem,
1686 1873 1742 1903 qua
1758 1863 1891 1903 decepti,

1070 1908 1188 1938 hamum
1206 1912 1395 1947 peccatorum
1411 1908 1596 1946 devoramus,
1621 1918 1637 1940 a
1662 1919 1720 1949 quo
1737 1913 1766 1939 et
1781 1908 1892 1940 misera

1068 1952 1176 1989 anima,
1194 1953 1277 1992 quasi
1293 1962 1347 1993 per
1375 1953 1505 1993 linguam
1530 1957 1559 1984 et
1579 1954 1675 1994 gulam
1701 1963 1719 1983 a
1735 1954 1892 1994 spiritibus

1068 1996 1209 2037 nequitia;
1224 1997 1287 2036 rapi
1302 1998 1475 2030 consuevit:
1494 2002 1522 2028 et
1537 1998 1695 2038 aliquando
1711 1998 1742 2028 in
1756 1998 1890 2028 altitudi-

1066 2050 1133 2072 nem
1145 2042 1291 2081 superbiae
1307 2042 1406 2073 extolli
1421 2052 1428 2074 ί
1445 2043 1603 2083 aliquando
1633 2042 1663 2073 in
1679 2043 1770 2073 chaos
1786 2042 1886 2084 abyssi

1065 2090 1251 2126 peccatorum
1265 2086 1408 2126 demergi,
1427 2091 1455 2118 et
1469 2097 1536 2118 cum
1548 2087 1594 2117 his
1609 2088 1659 2128 qui
1676 2087 1712 2118 de
1727 2087 1797 2118 caelo
1810 2088 1890 2118 ceci-

1034 2130 1183 2172 Dderunt,
1206 2130 1282 2171 apud
1299 2131 1410 2162 inferos
1427 2131 1629 2162 condemnari.

1105 2175 1154 2206 31.
1172 2174 1227 2211 Qui
1243 2175 1415 2215 ignominia,
1429 2181 1458 2207 et
1468 2176 1587 2216 injuriis
1598 2176 1735 2214 afﬁcitur,
1749 2185 1784 2207 ex
1792 2186 1889 2217 eoque

1067 2229 1204 2258 magnum
1221 2220 1312 2250 animi
1335 2220 1469 2251 dolorem
1498 2221 1586 2261 capit,
1611 2221 1681 2252 inde
1708 2221 1836 2261 colligat,
1857 2231 1890 2255 se

1065 2263 1217 2304 antiquum
1235 2269 1403 2304 serpentem
1419 2265 1450 2296 in
1466 2265 1532 2296 sinu
1548 2266 1751 2297 circumferre.
1768 2266 1802 2297 Et
1817 2276 1890 2298 vero

1066 2308 1090 2338 si
1106 2317 1172 2338 cum
1199 2308 1318 2339 silentio
1329 2309 1514 2350 sustinuerit,
1526 2315 1575 2340 aut
1588 2319 1694 2349 magna
1708 2319 1776 2341 cum
1792 2311 1888 2342 humi-

1066 2352 1147 2383 litate
1161 2353 1360 2392 responderit,
1377 2354 1460 2385 illum
1491 2355 1663 2392 inﬁrmabit,
1681 2359 1710 2385 et
1725 2355 1888 2386 invalidum

1065 2397 1181 2428 reddet.
1199 2396 1251 2428 Sin
1267 2407 1334 2428 cum
1360 2399 1521 2431 acerbitate
1543 2399 1737 2437 contradicat,
1754 2403 1804 2431 aut
1818 2410 1887 2434 cum

1066 2441 1198 2479 audacia,
1216 2445 1246 2472 et
1271 2443 1434 2474 temeritate
1457 2444 1604 2484 loquatur,
1627 2445 1687 2483 jam
1702 2445 1834 2484 serpenti
1849 2446 1886 2475 ait

1066 2495 1212 2516 venenum
1226 2486 1256 2517 in
1272 2487 1362 2518 corde
1377 2497 1430 2518 suo
1446 2489 1685 2526 diﬂundendum,
1703 2493 1732 2519 et
1746 2489 1781 2519 ad
1805 2489 1886 2520 inte-

1065 2530 1143 2560 riora
1155 2531 1319 2563 crudeliter
1333 2532 1522 2572 depascenda
1537 2533 1614 2563 vires
1643 2532 1724 2563 addit
1737 2542 1743 2564 :
1769 2537 1802 2563 ut
1816 2533 1888 2563 hinc

1065 2575 1197 2615 quotidie
1212 2576 1366 2614 valentior,
1376 2577 1453 2617 quod
1465 2577 1541 2608 bene
1555 2577 1682 2608 correxit
1694 2577 1724 2607 in
1741 2577 1884 2613 moribus,

1064 2623 1092 2650 et
1107 2619 1199 2650 robur
1215 2621 1336 2651 misellae
1351 2622 1416 2661 ejus
1439 2622 1544 2654 animae
1569 2622 1710 2653 devoret:
1728 2625 1758 2652 et
1772 2621 1837 2662 ipse
1849 2622 1886 2653 de

1063 2668 1168 2695 caetero
1180 2665 1303 2704 justitiae
1318 2666 1406 2706 plane
1421 2671 1566 2698 mortuus.
1584 2670 1706 2707 peccato
1717 2666 1802 2698 vivat.

1103 2752 1153 2786 32.
1171 2753 1202 2785 Si
1218 2755 1328 2786 mundo
1344 2756 1479 2787 nuntium
1505 2756 1670 2794 remittere,
1688 2760 1718 2787 et
1733 2756 1884 2795 evangeli-

1063 2807 1130 2830 oam
1145 2798 1261 2831 vivendi
1276 2809 1410 2832 normam
1422 2801 1523 2833 doceri
1536 2801 1591 2841 vis,
1604 2811 1674 2833 cave
1692 2806 1722 2834 te
1735 2800 1885 2842 imperito,
