1982 3075
69 196 130 229 617

712 201 901 233 CAPITULA
924 200 1110 233 PRACTIGA

1690 205 1750 238 618

58 273 100 299 θεῖ
114 270 263 308 διδασκάλῳ
276 272 368 301 ἑαυτὸν
383 271 463 309 ἐκδῷς
481 280 488 287 ·
518 272 565 301 ἵνα
586 273 623 310 μὲι
652 272 709 301 ἀντὶ
737 271 877 312 εὐαγγελι-

927 275 949 302 ξι
960 273 1231 312 perturbationibus
1241 274 1348 313 agitato
1360 273 1499 313 magistro
1510 274 1541 305 in
1554 274 1747 317 disciplinam

60 318 110 349 κῆς
148 315 300 350 διαϐολικὴν
335 316 468 345 πολιτείαν
496 316 666 357 ἐκδιδαχθῇς.
696 316 805 351 Ἐπειδὴ
834 329 881 347 κα-

60 359 114 387 λῶν
153 360 327 399 διδασκάλων,
357 362 424 390 κατᾶ
448 363 480 390 τὰ
516 363 659 400 μαθήματα
677 372 685 380 ·
715 366 804 391 κακῶν
840 361 879 403 δὲ,

60 406 130 434 κακά
154 416 160 423 ·
205 407 248 434 καὶ
288 407 446 447 σπερμάτων
474 408 608 448 πονηρῶν,
637 408 744 440 πάντως
778 408 881 446 πονηρὰ

60 450 93 478 τὰ
107 450 234 490 γεώργια.

99 535 157 580 λγ’.
188 540 290 580 Ε’ἶνχαῖς
318 541 361 568 καὶ
389 539 495 580 δάκρυσι
516 542 561 569 τὸν
591 542 656 570 Θεὸν
683 541 879 580 καθικέτευσον,

60 584 165 623 πέμψαι
201 596 242 613 σοι
271 584 368 624 ὁδηγὸν
390 585 478 619 ἀπαθῆ
500 596 528 614 τε
545 586 588 614 καὶ
617 586 703 625 ἅγιον.
728 586 834 626 Ἐρεύνα
855 585 882 613 δὲ

58 631 102 657 καὶ
131 629 208 661 αὐτὸς
237 631 284 662 τὰς
311 631 380 661 θείας
407 631 522 670 Γραφας,
546 631 589 658 καὶ
619 630 733 668 μάλιστα
762 632 808 663 τὰς
830 634 881 658 τῶν

58 674 140 713 ἁγίων
163 675 285 714 Πατέρων
316 675 461 714 πρακτικὰς
488 676 639 716 συγγραφάς
658 685 665 692 '
700 675 746 704 ’ίνα
775 677 881 707 ταύταις

57 719 267 759 ἀντιπαρατιθεὶς
281 721 314 748 τὰ
329 720 399 759 παρὰ
420 723 465 748 τοῦ
494 719 650 750 διδασκάλου
673 721 716 748 καὶ
742 723 881 760 προεστῶ-

56 763 103 794 τός
138 775 179 792 σοι
214 763 387 801 διδασκόμενα
418 765 461 792 καὶ
488 765 667 805 πραττόμενα,
697 766 733 797 ὡς
758 765 784 793 ἐν
812 776 880 793 κατ-

57 808 149 848 όπτρῳ
164 808 270 837 δύνασαι
293 808 401 847 βλέπειν
421 814 501 838 ταῦτα
524 810 566 837 καὶ
581 810 788 847 καταμανθάνειν
806 817 813 824 ·
837 810 880 837 καὶ

55 853 88 881 τὰ
118 854 168 891 μὲν
198 852 338 889 συνᾴδοντα
375 861 435 885 ταῖς
465 857 594 894 Γραφατς,
625 854 815 893 ἐξίκολποῦσθαι
836 855 880 882 καὶ

55 897 184 938 κατέχειν
204 902 239 937 τῇ
251 897 352 934 διανοίᾳ
369 908 375 915 ·
403 899 435 926 τὰ
450 897 476 926 δὲ
501 899 561 927 νόθα
591 900 634 927 καὶ
663 899 799 938 ἀλλότρια,
825 898 879 928 δια-

55 943 152 982 κρίνειν
182 944 225 971 καὶ
253 943 467 980 ἀποπέμπεσθαι,
499 943 545 971 ἵνα
569 944 608 982 μὴ
629 943 776 981 πλανηθῇς.
807 943 877 972 [Ιολ-

55 987 97 1016 λοὶ
109 992 172 1027 γὰρ,
186 987 250 1025 ἴσθι,
275 987 370 1016 πλάνοι
385 989 429 1016 καὶ
444 987 673 1026 ψευδοδιδάσκαλοι
689 988 716 1016 ἐν
731 995 791 1020 ταῖς
806 989 877 1026 ἡμέ-

55 1043 114 1071 ραις
129 1032 238 1064 ταύταις
253 1033 404 1072 γεγόνασιν.

95 1072 149 1108 λδ’,
181 1080 234 1109 Πᾶς
262 1079 276 1105 ὁ
305 1077 344 1115 μὴ
371 1077 488 1116 βλέπων,
516 1076 610 1110 ἄλλους
639 1078 666 1106 δὲ
695 1078 804 1118 ὁδηγεῖν
825 1079 877 1106 ὐπ-

55 1122 243 1162 ιρι-χωόμενος²
261 1121 359 1154 πλάνος
386 1122 450 1162 ἐστὶ,
482 1124 525 1151 καὶ
546 1124 605 1155 τοὺς
637 1123 780 1161 ἑπομένους
808 1125 877 1161 αὒτῷ

53 1167 90 1198 εἷς
120 1167 198 1204 βυθὸν
229 1166 363 1198 ἀπωλείας
385 1166 528 1203 ἐντίθησιν,
556 1168 624 1196 κατὰ
651 1168 700 1202 τὴν
722 1173 768 1197 τοῦ
785 1169 877 1208 Κυρίου

51 1212 144 1251 φωνήν
163 1220 169 1227 ·
205 1221 219 1241 (
247 1211 349 1251 Τυῳλὸς
377 1211 474 1252 τυφλὸν
495 1211 539 1241 ἐὰν
568 1212 665 1252 ὁδηγῇ,
683 1213 824 1253 ἀμφότεροι
841 1214 877 1245 εἰς

51 1256 160 1294 βόθυνον
176 1256 362 1294 ἐμπεσοῦνται.
382 1269 394 1286 ι

92 1296 145 1329 λε’.
164 1296 193 1330 Ὀ
208 1300 304 1343 τυφλὸς
316 1302 382 1341 πρὸς
410 1303 440 1330 τὺ
462 1302 501 1342 ἓν,
533 1301 629 1343 τυφλὸς
644 1301 706 1334 ὅλος
721 1303 785 1342 πρὸς
807 1303 877 1330 πάν-

52 1357 84 1373 τα
100 1345 182 1376 ἐστίν.
214 1341 242 1374 10
269 1345 296 1374 δὲ
332 1346 437 1384 βλέπων
467 1341 498 1374 ἐν
520 1341 634 1388 τῷἺὲνὶ,
664 1347 691 1374 ἐν
717 1341 810 1387 θεωρίᾳ
825 1351 878 1374 τῶν

51 1391 159 1419 πάντων
181 1390 255 1419 ἐστί’
280 1393 330 1424 τῆς
353 1392 461 1431 θεωρίας
485 1403 513 1420 τε
539 1395 591 1420 τῶν
606 1392 712 1420 πάντων
734 1392 877 1431 ἀπέχεται,

51 1436 95 1464 καὶ
113 1435 140 1464 ἐν
155 1439 189 1474 τῇ
204 1437 297 1476 θεωρίᾳ
311 1439 364 1464 τῶν
393 1437 499 1465 πάντων
526 1438 635 1476 γίνεται,
665 1438 708 1465 καὶ
736 1440 788 1465 τῶν
809 1439 878 1465 θεω-

51 1481 185 1520 ρουμένων
198 1480 247 1514 ἔξω
261 1481 342 1512 ἐστίν,
366 1480 412 1510 Ἐν
440 1485 478 1519 τῷ
503 1482 540 1509 ἐνὶ
568 1482 649 1513 οὕτως
675 1481 722 1519 ὢν,
746 1482 778 1509 τὰ
793 1481 878 1509 πάντα

51 1527 98 1564 ὁρᾷ
116 1535 124 1542 ⁸
161 1527 205 1554 καὶ
234 1525 260 1554 ἐν
283 1529 364 1554 πᾶσιν
392 1526 440 1563 ὢν,
469 1526 542 1555 οὒδὲν
563 1531 616 1555 τῶν
631 1527 736 1555 πάντων
759 1527 817 1565 ὁρᾷ.
847 1522 874 1554 Ὀ

50 1570 155 1608 βλέπων
171 1570 197 1598 ἐν
219 1575 256 1608 τῷ
277 1571 324 1606 ἑνὶ,
341 1570 383 1599 διὰ
403 1576 449 1601 τοῦ
464 1572 519 1604 ἑνος
541 1573 585 1600 καὶ
601 1573 703 1609 ἑαυτὸν,
727 1572 771 1599 καὶ
786 1565 904 1598 ἅπαν-ο

48 1626 93 1653 τα,
130 1617 175 1644 καὶ
210 1616 311 1648 πάντας
344 1617 441 1655 καθορᾷ
458 1626 463 1631 ·
496 1618 539 1645 καὶ
573 1616 752 1656 κεκρυμμένος
781 1615 817 1644 ὢν
847 1615 874 1643 ἐν

49 1662 132 1698 αὖτῷ,
155 1659 227 1688 οὐδὲν
243 1664 295 1689 τῶν
310 1661 433 1689 ἁπάντων
449 1663 507 1701 ὁρᾷ.

88 1700 158 1742 λζ’.
176 1701 205 1734 (0
234 1706 272 1743 μὴ
293 1706 344 1740 τὴν
366 1706 453 1734 εἰκόνα
480 1710 527 1734 τοῦ
557 1707 650 1746 Κυρίου
678 1707 755 1743 ἡμῶν
786 1705 874 1739 Ἰησοῦ

49 1754 171 1789 Χριστοῦ,
195 1754 241 1779 τοῦ
270 1751 424 1792 ἐπουρανίου
452 1752 587 1791 ἀνθρώπου
613 1762 641 1779 τε
668 1752 711 1779 καὶ
740 1754 817 1787 θεοῦ⁹
847 1750 874 1778 ἐν

48 1800 88 1833 τῷ
118 1795 220 1834 λογικῴ
253 1798 297 1825 καὶ
339 1800 420 1836 νοερῷ
460 1796 588 1836 ἀνθρώπῳ
630 1797 790 1830 εὖαισθήτως
831 1797 874 1823 καὶ

47 1843 175 1879 γνωστῶς
205 1839 386 1878 ἐνδυσάμενος,
422 1843 491 1878 αἷμα
527 1841 606 1878 μόνον
639 1840 692 1868 ἐστὶ
720 1841 764 1868 καὶ
798 1839 871 1879 σὰρξ,

48 1887 231 1922 πνευματικῆς
260 1884 336 1919 δόξης
367 1885 492 1919 αἴσθησιν
521 1886 559 1922 μὴ
587 1884 728 1922 δυνάμενος
758 1884 800 1912 διὰ
827 1888 873 1912 τοῦ

48 1929 130 1968 λόγου
157 1929 249 1958 λαϐεῖν
266 1938 273 1946 ⁸
304 1930 420 1969 καθάπερ
448 1931 491 1958 καὶ
521 1931 543 1958 οἱ
572 1930 602 1957 ἐκ
629 1932 738 1969 γενετῆς
768 1929 870 1968 τυνρλοὶ,

47 1974 90 2002 διὰ
118 1979 165 2003 τοῦ
193 1974 271 2015 λόγου
299 1976 380 2014 μόνου
406 1976 437 2003 τὸ
463 1979 508 2004 τοῦ
535 1974 611 2008 ἡλίου
639 1978 696 2014 φῶς
716 1977 813 2013 γνῶναι
843 1973 872 2002 οὔ

47 2019 168 2048 δύνανται
173 2041 180 2048 .

85 2064 116 2100 λζ
123 2059 138 2094 ’.
156 2060 185 2093 Ὀ
201 2064 303 2094 ἀκούων
324 2066 367 2094 καὶ
382 2065 466 2096 οὕτως
480 2063 585 2103 βλέπων
609 2064 653 2092 καὶ
671 2063 871 2104 αἰσθανόμενος,

44 2107 103 2138 οἶδε
117 2112 171 2137 τῶν
187 2109 338 2148 λεγομένων
366 2110 414 2143 τὴν
441 2108 560 2147 δύναμιν,
585 2109 621 2140 ὡς
650 2107 701 2142 ἤδη
717 2108 766 2142 τὴν
784 2108 872 2136 εἰκόνα

922 317 1022 348 tradas
1047 329 1053 348 :
1085 328 1122 349 ne
1149 328 1201 358 pro
1229 319 1399 358 evangelica
1425 319 1540 350 ratione
1566 320 1746 354 diabolicam

923 361 1029 394 discas.
1067 364 1147 394 Bona
1175 364 1321 404 siquidem
1351 364 1495 396 bomrum
1537 365 1745 405 magistrorum

921 413 1077 449 praecepta,
1105 410 1248 440 malorum
1278 410 1376 440 mala:
1393 414 1422 440 et
1447 411 1618 442 vitiosorum
1649 415 1743 445 semi-

922 462 992 483 num
1016 453 1079 493 ipsa
1094 464 1212 495 quoque
1232 455 1349 486 cultura
1371 464 1490 495 prorsus
1517 456 1621 486 vitiosa
1639 462 1668 488 et
1683 458 1742 489 im-

924 497 1016 537 proba
1033 502 1087 530 est.

964 543 1012 573 33.
1037 543 1177 574 Precibus
1192 543 1371 584 etlacrymis
1391 543 1485 575 Deum
1510 544 1608 584 fatiga,
1637 551 1669 577 ut
1694 547 1747 579 tibi

925 587 1027 618 durem
1057 593 1201 625 sanctum,
1220 593 1248 619 et
1263 598 1280 618 a
1296 589 1427 619 moribus
1451 589 1559 620 rationi
1584 590 1746 623 adversan-

925 631 1002 662 tibus
1016 632 1178 677 sincerum,
1197 633 1404 674 integrumque
1430 634 1533 665 mittat.
1560 633 1604 665 Tu
1629 645 1746 677 quoque

923 680 1038 707 sanctas
1054 676 1230 718 Scripturas,
1249 682 1279 708 et
1294 678 1441 718 prmcipue
1457 678 1602 718 practicos
1623 676 1744 712 sancto-

923 729 987 750 rum
1014 721 1131 752 Patrum
1158 721 1392 752 Commentarios
1416 726 1563 760 scrutare,
1581 727 1692 755 etcum
1708 726 1746 757 iis

923 775 1097 806 comparans
1122 776 1187 806 qua:
1201 776 1218 797 a
1235 767 1372 806 magistro
1395 772 1426 798 et
1447 767 1587 807 praefecto
1614 769 1743 809 deceris,

924 810 999 840 velut
1014 810 1044 840 in
1060 811 1180 851 speculo
1195 811 1293 851 qualia
1310 811 1368 842 sint
1383 811 1483 842 videre
1507 815 1537 843 et
1564 821 1744 852 pernoscere

922 864 1031 894 queas:
1045 859 1156 886 ct-cum
1185 855 1345 896 Scripturis
1360 856 1479 896 quidem
1491 856 1599 887 divinis
1614 867 1743 890 consen-

922 899 1024 930 tientia
1047 899 1077 930 in
1103 900 1201 931 sinum
1227 900 1399 937 immittere,
1416 904 1446 931 et
1469 901 1569 932 animo
1594 902 1740 941 inﬁgere:

889 944 1020 983 Bspuria
1044 949 1153 980 autem,
1180 948 1208 975 et
1231 945 1329 975 aliena
1343 945 1526 982 discernere,
1543 949 1573 976 et
1587 946 1740 986 detestari,

921 998 958 1018 ne
973 998 1074 1020 errore
1089 989 1244 1020 auferaris.
1257 988 1328 1019 Nam
1346 989 1392 1019 his
1407 989 1591 1029 temporibus
1606 991 1741 1023 seducto-

919 1042 978 1070 res,
986 1034 1180 1066 etmendaces
1187 1044 1244 1065 non
1253 1043 1380 1074 paucaus
1391 1035 1529 1073 reperiri,
1540 1035 1627 1073 scias,
1640 1036 1741 1068 velim.

961 1078 1009 1109 34.
1027 1078 1201 1119 Quicunque
1227 1079 1292 1118 ipse
1322 1088 1381 1109 non
1409 1079 1496 1116 videt,
1523 1084 1552 1110 et
1575 1080 1641 1111 aliis
1664 1081 1739 1112 viam

920 1122 1090 1162 przeiturum
1107 1123 1274 1163 pollicetur,
1291 1123 1432 1154 seductor
1457 1128 1512 1160 est,
1535 1129 1564 1154 et
1581 1131 1742 1165 sequentes

920 1175 952 1196 se
977 1167 1007 1197 in
1031 1167 1142 1198 foveam
1159 1167 1334 1207 perditionis
1358 1167 1483 1205 inducit,
1509 1169 1592 1208 juxta
1617 1170 1738 1201 verbum

920 1210 1038 1241 Domini
1055 1221 1061 1243 :
1084 1224 1096 1239 α
1111 1211 1211 1243 Cacus
1221 1212 1246 1243 si
1255 1221 1332 1242 caco
1348 1212 1487 1243 ducatum
1501 1217 1631 1254 praastvt,
1642 1225 1741 1247 nonne

919 1255 1006 1286 ambo
1022 1257 1051 1286 in
1068 1257 1179 1287 foveam
1197 1257 1305 1288 cadent
1319 1256 1356 1286 3?
1373 1269 1384 1286 ιι

960 1300 1009 1332 35.
1026 1301 1081 1337 Qui
1097 1301 1127 1332 in
1149 1311 1207 1332 uno
1228 1311 1324 1332 caecus
1346 1305 1403 1337 est,
1425 1305 1504 1332 totus
1526 1311 1623 1334 caecus
1649 1308 1694 1335 est
1709 1304 1740 1336 in

921 1345 1058 1376 omnibus
1075 1356 1081 1376 :
1099 1350 1210 1378 contra.
1239 1346 1289 1386 qui
1305 1346 1382 1376 videt
1397 1346 1427 1376 in
1443 1356 1514 1384 uno,
1532 1347 1610 1378 videt
1625 1347 1656 1378 in
1672 1358 1738 1380 om-

921 1390 1015 1420 nibus.
1036 1390 1206 1421 Cumavisn
1220 1391 1354 1421 omnium
1370 1390 1527 1428 abstineat,
1546 1391 1741 1424 nihilominus

920 1434 1020 1465 omnia
1032 1435 1119 1472 videt,
1133 1439 1161 1465 et
1173 1439 1255 1466 extra
1266 1435 1327 1465 visa
1337 1440 1392 1466 est.
1404 1435 1452 1467 Sic
1465 1445 1531 1466 cum
1545 1437 1574 1467 in
1587 1446 1645 1467 uno
1654 1439 1740 1476 (Deo)

920 1479 967 1516 sit,
995 1480 1090 1510 cernit
1113 1479 1273 1510 universa:
1292 1484 1320 1510 et
1342 1479 1419 1510 inter
1446 1480 1583 1511 universa
1605 1491 1671 1512 cum
1688 1482 1737 1520 sit,

920 1523 1041 1554 nihilex
1064 1525 1201 1555 omnibus
1227 1523 1334 1555 cernit.
1361 1523 1416 1560 Qui
1441 1526 1470 1554 in
1497 1534 1555 1554 uno
1580 1535 1634 1565 per
1649 1536 1738 1556 unum

917 1568 1004 1607 videt;
1020 1573 1048 1600 et
1062 1569 1204 1609 seipsum,
1219 1572 1248 1599 et
1258 1568 1358 1599 omnia
1369 1569 1459 1606 videt,
1473 1572 1502 1600 et
1517 1569 1547 1599 in
1563 1579 1598 1601 eo
1614 1569 1741 1602 abscon-

916 1613 1005 1652 ditus,
1024 1614 1096 1644 nihil
1112 1613 1244 1644 omnium
1261 1613 1349 1645 videt.

955 1703 1004 1735 36.
1022 1703 1078 1739 Qui
1093 1703 1252 1742 imaginem
1269 1703 1387 1734 Domini
1410 1702 1503 1733 nostri
1523 1703 1594 1734 Jesu
1613 1703 1734 1743 Christi,

916 1748 1044 1779 caelestis
1069 1749 1198 1779 hominis
1221 1757 1255 1779 ac
1281 1748 1336 1779 Dei
1362 1747 1391 1778 in
1407 1747 1527 1778 homine
1543 1747 1686 1780 interiore
1701 1758 1736 1780 ac

914 1794 1052 1824 rationali
1077 1803 1268 1832 cognoscens,
1286 1798 1315 1824 et
1336 1792 1469 1824 sentiens
1484 1793 1610 1824 necdum
1627 1793 1734 1833 induit,

916 1838 1079 1869 etiamnum
1095 1847 1160 1868 caro
1178 1842 1304 1875 tantum,
1318 1842 1346 1868 et
1361 1837 1479 1877 sanguis
1489 1841 1534 1868 est
1551 1849 1557 1869 :
1575 1847 1630 1868 nec
1639 1842 1736 1878 potest

916 1883 1076 1923 spiritualis
1099 1883 1198 1922 gloriae
1224 1882 1357 1913 notitiam
1378 1891 1432 1922 per
1447 1882 1501 1913 Dei
1517 1881 1637 1913 verbum
1654 1883 1736 1914 acci-

916 1937 996 1967 pere,
1013 1927 1264 1967 quemadmodum
1285 1928 1379 1958 oculis
1406 1926 1442 1957 ab
1467 1926 1531 1967 ipsa
1551 1927 1666 1966 origine
1683 1937 1737 1959 sua

915 1971 1022 2009 orbati,
1053 1972 1122 2002 Solis
1146 1972 1245 2002 lumen
1272 1982 1324 2012 per
1344 1971 1465 2003 alterius
1493 1981 1662 2004 sermonem
1684 1982 1738 2004 ne-

915 2020 1028 2057 queunt
1044 2025 1236 2056 cognoscere.

953 2063 1003 2092 37.
1022 2060 1076 2097 Qui
1094 2061 1135 2092 sic
1150 2061 1243 2101 audit,
1260 2061 1356 2092 cernit
1371 2064 1401 2091 et
1415 2060 1564 2099 intelligit,
1580 2061 1657 2091 haud
1681 2070 1736 2092 ne-

914 2106 969 2136 scit
984 2105 1055 2146 quid
1071 2105 1126 2136 sibi
1141 2106 1231 2136 verba
1242 2109 1344 2136 nostra
1361 2106 1472 2137 velint:
1487 2105 1576 2146 utqui
1587 2106 1649 2146 jam
1665 2106 1739 2136 ima-

913 2151 1011 2190 ginem
1028 2150 1157 2181 ccelestis
1165 2154 1281 2190 portare
1297 2151 1420 2190 coeperit
1431 2151 1457 2187 4,
1471 2154 1499 2180 et
1516 2150 1545 2180 in
1560 2150 1654 2180 virum
1671 2159 1735 2190 per-

43 2154 159 2194 φορέσας
187 2157 233 2182 τοῦ
264 2154 427 2194 ἐπουρανίου,
457 2154 501 2182 καὶ
529 2154 565 2185 εἰς
595 2152 673 2193 ἄνδρα
702 2152 802 2181 τέλειον
831 2152 873 2181 ἐλ-

42 2199 96 2226 θὼν
117 2204 164 2228 τοῦ
177 2199 358 2240 πληρώματος
384 2203 430 2227 τοῦ
453 2201 566 2238 Χριστοῦ
584 2207 591 2215 ⁸
617 2198 660 2226 καὶ
688 2197 769 2230 οὕτως
786 2197 869 2238 ἔχων,

927 2199 1021 2226 ectum
1046 2195 1241 2235 plenitudinis
1255 2195 1363 2227 Christi
1379 2195 1504 2225 evaserit
1517 2195 1543 2240 5.
1561 2194 1615 2230 Qui
1631 2195 1661 2224 in
1677 2194 1734 2240 hoc

43 2242 151 2272 δύναται
172 2245 215 2272 καὶ
236 2244 325 2276 καλῶς
347 2244 456 2284 ὁδηγεῖν
478 2243 504 2272 ἐν
530 2247 568 2280 τῷ
590 2242 642 2280 ὁδῷ
662 2245 716 2271 τῶν
737 2246 782 2271 τοῦ
806 2246 871 2271 Θεοῦ

931 2245 989 2272 tatu
1005 2245 1059 2278 est,
1073 2240 1098 2271 is
1113 2241 1194 2280 gregi
1211 2240 1314 2271 christi
1340 2240 1369 2270 in
1393 2240 1438 2270 via
1455 2239 1661 2270 mandatorum
1681 2239 1736 2270 Dei

43 2288 160 2316 ἐντολῶν
176 2290 205 2317 τὸ
229 2289 349 2327 ποίμνιον
375 2293 420 2318 τοῦ
449 2292 526 2318 Θεοῦ,
551 2285 580 2316 ιΟ
608 2287 635 2315 δὲ
663 2288 702 2325 μὴ
728 2286 816 2325 εἰδὼς,
830 2291 875 2318 mli.

927 2295 982 2315 :um
998 2285 1084 2315 laude
1100 2294 1192 2325 praere
1209 2285 1326 2325 poterit.
1347 2285 1401 2321 Qui
1417 2284 1543 2324 ignorat,
1562 2287 1591 2314 et
1604 2284 1690 2314 aliter
1704 2293 1736 2314 se

44 2333 133 2365 ἄλλως
148 2333 232 2374 ἔχων,
256 2334 387 2374 πρόδηλός
415 2334 498 2371 ἐστιν,
525 2333 565 2361 ὅτι
596 2331 653 2361 οὔδε
667 2333 700 2360 τὰ
714 2333 873 2374 αἰσθητήρια

927 2330 1014 2366 labet,
1032 2339 1099 2361 eum
1116 2339 1171 2360 nec
1183 2339 1289 2360 sensus
1304 2329 1411 2360 anima:
1428 2329 1590 2359 illustratos
1605 2332 1634 2359 et
1647 2337 1736 2359 sanos

42 2381 92 2411 τῆς
225 2369 415 2418 γτετρανωμένα
442 2369 495 2406 καὶἾ
514 2379 576 2418 ὑγιῆ
597 2376 758 2417 ἐπιφέρεται,
781 2370 809 2417 ᾯ
826 2369 872 2406 καὶ

927 2375 1026 2406 labere
1042 2381 1167 2406 constat.
1193 2374 1392 2411 Quamobrem
1408 2373 1451 2404 illi
1469 2373 1561 2412 magis
1577 2372 1734 2410 conducet,

41 2422 146 2460 μᾶλλον
174 2422 262 2456 καλῶς
285 2423 335 2456 ἕξει
363 2424 394 2452 τὺ
415 2422 536 2463 ἄγεσθαι,
564 2423 582 2457 ἢ
610 2423 640 2450 τὸ
662 2421 735 2462 ἄγειν
764 2421 868 2450 ἐπικιν-

931 2420 941 2450 i
955 2423 1085 2460 regatur,
1102 2429 1189 2459 quam
1206 2419 1231 2450 si
1245 2419 1412 2459 periculose
1428 2422 1520 2458 regat.

44 2467 141 2500 δύνως.

80 2507 139 2546 λη’.
159 2508 188 2542 ξΟ
212 2517 250 2551 τῷ
268 2512 416 2550 διδασκάλῳ
442 2513 485 2540 καὶ
513 2511 603 2552 ὁδηγῷ
629 2513 719 2550 αὺτοῦ,
751 2513 788 2544 ὡς
812 2516 870 2549 Θεῷ

952 2509 1002 2541 38.
1020 2507 1075 2544 Qui
1091 2508 1266 2547 magistrum
1282 2517 1316 2539 ac
1332 2507 1439 2539 ducem
1463 2516 1548 2538 suum
1566 2515 1626 2537 non
1647 2516 1736 2538 secus

39 2557 175 2594 ἀτενίζων,
207 2558 355 2598 ἀντιλέγειν
384 2559 414 2587 οὗ
442 2556 558 2587 δύναται.
596 2558 624 2585 Εἰ
655 2555 682 2585 δὲ
714 2557 798 2585 οἴεται
823 2557 867 2585 καὶ

927 2563 998 2595 piam
1021 2552 1114 2584 Deum
1131 2553 1286 2590 auscultat,
1305 2557 1334 2584 et
1357 2553 1385 2583 in
1403 2562 1438 2583 eo
1453 2552 1565 2583 deﬁxus
1591 2555 1645 2588 est,
1662 2561 1735 2582 con-

38 2601 110 2641 λὲγει
147 2602 284 2643 ἀμφότερα
308 2596 399 2643 ἔχειν,
430 2601 510 2638 ἴστω,
540 2601 720 2635 πεπλάνηται.
759 2597 865 2630 Ὀποίαν

927 2598 1060 2630 τοάίεειθ
1090 2607 1148 2628 non
1181 2603 1287 2637 potest.
1319 2597 1371 2629 Sin
1399 2601 1496 2628 autem
1522 2596 1691 2643 arbitraturA
1705 2596 1735 2626 in

112 2649 135 2676 οἱ
151 2639 199 2677 τοιέ
212 2639 277 2676 Θεοῦ
305 2639 370 2687 πρὶς
391 2639 445 2675 ντὸν
468 2647 531 2675 Θεὸν
559 2646 651 2686 ἔχουσι
680 2647 729 2680 τὴν
751 2645 864 2675 διάθεσιν

931 2648 1067 2683 tramque
1083 2646 1197 2682 partem
1219 2642 1279 2673 dici
1304 2651 1391 2682 posse
1406 2651 1438 2673 se
1454 2649 1557 2672 errare
1569 2640 1654 2687 sciat.
1673 2639 1736 2676 Quo

41 2684 55 2719 ἀ
73 2690 109 2729 [ἐν
126 2690 188 2721 ἀλλ.
207 2701 220 2721 ὶ
246 2684 372 2732 διάνοιαν]
388 2691 493 2731 ἀγνοεῖ.
574 2684 593 2686 ’-

927 2688 1000 2719 modo
1015 2687 1096 2718 enim
1112 2686 1162 2727 qui
1178 2686 1230 2716 Dei
1246 2691 1314 2717 sunt
1338 2695 1407 2726 erga
1433 2687 1528 2718 Deum
1553 2684 1733 2722 afﬁciantur,

905 2734 1095 2774 compertum
1114 2741 1173 2762 non
1191 2730 1291 2763 habet.

75 2825 92 2850 3
110 2826 214 2858 Matth.
232 2835 280 2866 xv,
296 2827 345 2860 14.
388 2826 431 2857 41
446 2823 512 2856 Cor.
531 2831 582 2863 xv,
599 2825 648 2857 49.
690 2825 707 2851 5
719 2824 830 2866 Ephes.
848 2831 888 2863 iv,
906 2823 956 2855 43.

202 2919 334 2952 Parnm“
352 2917 443 2951 CXX,
