1982 3075
62 196 128 229 617
710 200 899 232 CAPITULA

51 272 95 298 Θεϊ
110 270 261 308 διδασκάλῳ
275 272 366 301 ἑαυτὸν
380 271 461 309 ἐκδῷς
479 280 485 287 ·
516 272 563 300 ’ἵνα
583 272 621 310 μσλ
650 272 707 301 ἀντὶ
735 271 907 312 εὒαγγελι-,Α

53 318 106 349 κῆς
145 314 298 350 διαϐολικὴν
333 316 465 345 πολιτείαν
494 316 664 357 ἐκδιδαχθῇς,
694 316 802 351 Ἐπειδὴ
832 328 879 347 κα-

53 359 110 387 λῶν
151 360 325 399 διδασκάλων,
355 362 422 390 κατὰ
445 362 478 390 τὰ
513 363 657 400 μαθήματα
675 371 683 380 ι
713 366 802 390 κακῶν
838 361 877 403 δὲ,

54 406 127 433 κακά
151 415 158 423 ⁸
203 407 246 434 καὶ
286 407 445 447 σπερμάτων
472 408 606 448 πονηρῶν⁷
636 407 742 440 πάντως
776 408 879 446 πονηρὲ

54 450 88 477 τὰ
103 450 232 490 γεώργια.

96 535 155 579 λγ’.
185 539 288 580 Εὗχαϊς
317 541 359 568 καὶ
387 539 493 580 δάκρυσι
513 541 559 569 τὸν
589 541 654 569 Θεὸν
681 540 877 580 καθικέτεοοιον⁷

55 584 163 623 πέμψαι
199 596 240 612 σοι
269 584 366 624 ὁδηγὸν
388 585 476 619 ἀπαθῆ
498 596 526 613 τε
542 586 586 614 καὶ
615 586 701 624 ἅγιον,
726 585 832 625 Ἐρεύνα
853 585 880 613 δὲ

54 631 99 657 καὶ
129 629 207 661 αὐτὸς
235 630 282 661 τὰς
309 631 378 661 θείας
405 631 520 670 Γραφὰς,
543 631 588 658 καὶ
616 630 731 668 μάλιστα
760 632 806 662 τὰς
828 633 879 658 τῶν

53 674 139 712 ἁγίων
161 675 283 714 Πατέρων
314 675 459 714 πρακτικὰς
486 676 637 716 συγγραφάς
656 685 662 692 ·
698 675 744 704 ἵνα
774 676 880 707 ταύταις

52 718 264 759 ἀντιπαρατιθεὶς
280 721 312 748 τὰ
326 719 397 759 παρᾶ
418 723 464 748 τοῦ
491 719 648 750 διδασκάλου
671 721 714 748 καὶ
741 723 879 760 προεστῶ-

53 763 100 794 τός
134 775 177 793 σοι
212 763 385 801 διδασκόμενα
416 765 459 792 καὶ
485 764 665 805 πραττόμενα,
695 766 731 796 ὡς
756 765 782 793 ἐν
810 776 878 792 κατ-

53 808 147 847 όπτρῳ
162 808 268 837 δύνασαι
291 808 399 846 βλέπειν
419 814 500 838 ταῦτα
522 810 564 837 καὶ
579 810 786 847 καταμανθάνειν
804 817 811 824 ⁶
835 810 878 837 καὶ

51 853 85 882 ’τὰ
116 853 166 891 μὲν
196 852 336 889 συνᾴδοντα
372 860 433 885 ταῖς
463 857 592 893 Γραφατς⁷
623 853 813 893 ἐγκολποῦσθαι
834 855 878 882 καὶ

51 897 183 937 κατέχειν
203 901 237 936 τῇ
249 897 349 934 διανοίᾳ
367 908 374 915 ·
400 899 433 926 τὰ
447 897 474 926 δὲ
499 898 560 926 νόθα
590 900 633 926 καὶ
661 898 796 938 ἀλλότρια,
823 898 877 927 ’δια-ν

922 200 1108 232 ΡΒΑΟΤΙΟΑ
1689 205 1748 238 618

918 275 947 302 et
958 272 1229 312 perturbationibus
1239 273 1346 313 agitato
1358 273 1497 313 magistro
1509 274 1540 305 in
1552 274 1745 316 disciplinam

921 317 1020 348 tradas
1045 329 1051 347 :
1083 327 1120 349 ne
1147 327 1199 358 pro
1227 318 1397 358 evangelica
1423 319 1538 350 ratione
1564 320 1744 354 dinbolicam

920 361 1028 394 discas.
1065 363 1145 394 Bona
1173 363 1319 404 siquidem
1350 364 1493 395 bonarum
1535 366 1743 404 magistrorum

919 413 1075 448 praecepta,
1103 409 1245 440 malorum
1276 409 1373 440 mala:
1392 414 1420 440 et
1444 411 1615 441 vitiosorutn
1647 415 1741 444 semi-

921 462 990 482 num
1013 453 1077 493 ipsa
1092 463 1210 494 quoque
1230 455 1346 486 cultura
1369 464 1488 495 prorsus
1515 455 1619 486 vitiosa
1637 461 1666 488 et
1681 458 1740 489 im-

922 496 1014 537 proba
1031 502 1086 529 est.

961 543 1010 572 33.
1035 542 1175 574 Precibus
1189 547 1219 574 et
1234 543 1369 584 lacrymis
1388 543 1482 574 Deum
1508 544 1606 583 fatiga,
1635 550 1667 576 ut
1691 547 1744 578 tibi

922 587 1026 618 durem
1055 593 1199 625 sanctum,
1217 593 1246 618 et
1261 598 1278 618 a
1294 588 1425 619 moribus
1449 589 1557 619 rationi
1582 589 1743 623 adversan-

923 631 1000 662 tibus
1014 632 1176 667 sincerum,
1195 633 1401 673 integrumque
1428 633 1531 664 mittat.
1558 633 1602 664 Tu
1627 645 1743 676 quoque

921 680 1035 706 sanctas
1052 676 1228 717 Scripturas,
1248 681 1277 708 et
1292 677 1439 717 praecipue
1455 678 1599 717 practicos
1621 685 1743 712 sancto-

921 729 985 750 rum
1012 720 1129 751 Patrum
1156 721 1390 752 Commentarios
1414 725 1561 759 scrutare,
1579 727 1690 754 etcum
1707 725 1744 756 iis

921 774 1095 805 comparans
1120 775 1185 806 qua
1199 776 1215 797 a
1233 766 1370 806 magistro
1393 772 1424 797 et
1445 767 1585 806 prml'ecto
1612 768 1741 809 duceris,

921 810 997 840 velut
1012 809 1042 840 in
1058 811 1178 850 speculo
1193 811 1292 851 qualia
1308 811 1366 841 sint
1381 811 1481 842 videre
1505 815 1535 842 et
1562 821 1742 851 pernoscere

920 863 1029 894 queas:
1043 859 1155 885 etcum
1183 855 1343 895 Scripturis
1358 855 1477 896 quidem
1489 855 1597 886 divinis
1611 867 1741 889 consen-

920 899 1022 930 tientia
1045 899 1075 929 in
1101 899 1199 930 sinum
1225 899 1396 937 immittere,
1414 904 1444 930 et
1467 900 1567 931 animo
1591 902 1714 941 infigere
1733 914 1739 934 :

51 943 150 981 κρίνειν
181 944 223 971 καὶ
252 943 465 980 ἀποπέμπεσθαι,
497 943 543 971 ἵνα
567 944 605 981 μὴ
627 942 774 981 πλανηθῇς.
805 943 873 971 Πολ-

924 943 1019 983 spuria
1042 949 1151 979 autem,
1178 948 1206 975 et
1229 944 1326 975 aliena
1341 944 1524 982 discernere,
1542 949 1571 976 et
1585 945 1738 986 detestari,

52 986 94 1015 λοὶ
107 991 170 1027 γαρ,
185 986 248 1025 ἴσθι,
274 987 368 1016 πλάνοι
382 989 427 1016 καὶ
442 987 671 1026 ψευδοδιδάσκαλοι
687 987 714 1016 ἐν
729 996 790 1020 ταῖς
804 988 875 1026 ἡμέ-

52 1043 112 1071 ραις
127 1032 236 1064 ταύταις
251 1032 402 1071 γεγόνασιν.

93 1071 148 1107 λδ’.
179 1079 232 1108 [Ιᾶς
261 1079 274 1104 ὁ
304 1077 342 1115 μὴ
369 1076 486 1115 βλέπων,
514 1076 608 1110 ἄλλους
637 1077 664 1106 δὲ
693 1077 802 1118 ὁδηγεῖν
823 1079 875 1106 ὑπ-

52 1121 240 1161 ισχνούμενος,
259 1121 357 1153 πλάνος
384 1121 448 1162 ἐστὶ,
479 1123 523 1150 καὶ
544 1124 603 1154 τοὺς
635 1123 778 1160 ἑπομένους
805 1125 876 1160 αὖτῷ

50 1167 87 1197 εἷς
118 1166 196 1204 βυθὸν
227 1166 361 1198 ἀπωλείας
383 1166 526 1202 ἐντίθησιν,
553 1168 622 1196 κατὰ
649 1167 698 1201 τὴν
720 1173 766 1197 τοῦ
783 1168 875 1207 Κυρίου

49 1212 142 1250 φωνήν
161 1219 168 1226 ‘
203 1220 217 1240 (
246 1210 347 1251 Τυφλὸς
375 1211 472 1251 τυφλὸν
493 1211 537 1240 ἐὰν
565 1211 663 1252 ὁδηγῇ⁷
680 1212 823 1252 ἀμφότεροι
839 1214 875 1245 εἷς

49 1256 158 1294 gmw
174 1255 360 1293 ἐμπεσοῦνται,
380 1268 392 1285 ι

89 1295 143 1329 λε’.
163 1296 191 1329 “0
206 1300 302 1342 τυφλὸς
314 1301 380 1340 πρὸς
407 1301 438 1329 τὸ
460 1301 499 1342 ἓν,
530 1301 626 1342 τυφλὸς
642 1301 704 1333 ὅλος
719 1303 783 1342 πρὸς
805 1302 875 1330 πάν-

49 1357 82 1373 τα
98 1345 181 1376 ἐστίν.
213 1341 240 1374 ιΟ
267 1344 294 1373 δὲ
329 1346 435 1384 βλέπων
465 1341 495 1374 ἐν
519 1341 632 1387 ’τῴνένὶ⁷
662 1347 688 1374 ἐν
715 1347 809 1386 θεωρίᾳ
823 1350 876 1374 τῶν

49 1391 157 1418 πάντων
179 1390 254 1418 ἐστί’
278 1393 327 1424 τῆς
351 1391 458 1431 θεωρίας
483 1402 512 1419 τε
537 1395 588 1419 τῶν
604 1391 710 1419 πάντων
732 1391 875 1431 ἀπέχεται,

49 1436 93 1464 καὶ
111 1435 139 1463 ἐν
153 1439 187 1474 τῇ
202 1436 295 1475 θεωρίᾳ
309 1439 362 1464 τῶν
390 1436 497 1464 πάντων
524 1437 633 1476 γίνεται,
662 1437 706 1464 καὶ
734 1440 786 1464 τῶν
807 1438 876 1464 θεω-

50 1480 183 1520 ρουμένων
196 1479 245 1513 ἔξω
260 1480 340 1512 ἐστίν,
364 1480 410 1509 Ἐν
437 1485 476 1519 τῷ
501 1481 537 1509 ἐνὶ
565 1481 647 1513 οὕτως
673 1481 720 1519 ὢν,
744 1482 777 1509 τὰ
791 1481 876 1508 πάντα

49 1527 96 1564 ὁρᾷ
114 1534 121 1541 ⁸
159 1527 203 1554 καὶ
231 1525 258 1553 ἐν
281 1529 362 1553 πᾶσιν
389 1526 438 1563 ὣν,
468 1525 540 1554 οὒδὲν
561 1530 614 1555 τῶν
629 1526 734 1554 πάντων
757 1527 816 1565 ὁρᾷ.
845 1521 873 1553 Ὀ

87 1570 115 1587 ’-
236 1574 249 1579 ~
367 1571 373 1580 ε
401 1582 416 1588 ..
433 1576 444 1581 ν
462 1572 470 1587 ι
574 1572 581 1581 ε
599 1572 608 1587 ι
663 1572 668 1581 π
760 1571 767 1582 κ
790 1571 800 1579 ἰ
881 1564 902 1590 C

48 1569 153 1608 βλε..ων
169 1570 195 1598 ἐν
217 1582 254 1608 τῳ
275 1570 322 1606 ἐνὶ,
339 1569 381 1598 δια
407 1582 447 1600 ..ου
463 1583 517 1603 ινος
539 1583 583 1599 και
599 1582 701 1609 ποῖον,
725 1582 769 1599 και
783 1581 871 1598 απαν-

493 1617 537 1644 καὶ
571 1616 750 1656 κεκρυμμένος
779 1615 815 1644 ὢν
845 1615 872 1642 ἐν

47 1662 130 1697 αὖτῷ,
153 1659 225 1688 οὕδὲν
241 1664 292 1688 τῶν
309 1660 431 1688 ἁπάντων
446 1663 505 1700 ὁρᾷ.

86 1700 156 1742 λς’.
175 1701 202 1734 ιΟ
232 1706 269 1743 μὴ
291 1706 342 1739 τὴν
364 1706 451 1734 εἰκόνα
478 1710 525 1734 τοῦ
554 1706 648 1745 Κυρίου
675 1707 753 1743 ἡμῶν
784 1705 872 1738 ἰησοῦ

46 1754 169 1789 Χριατοῦ,
193 1754 239 1778 τοῦ
268 1751 421 1791 ἐπουρανίου
449 1751 585 1791 ἀνθρώπου
611 1761 639 1779 τε
667 1751 710 1778 καὶ
738 1754 815 1787 Θεοῦ,
845 1750 872 1778 ἐν

46 1799 85 1833 τῷ
116 1795 218 1834 λογικῷ
251 1798 295 1824 καὶ
337 1800 418 1836 νοερῷ
457 1796 586 1836 ἀνθρώπῳ
627 1796 788 1830 εὐαισθήτως
829 1796 872 1823 καὶ

46 1843 173 1879 γνωστῶς
203 1839 384 1878 ἐνδυσάμενος,
420 1843 489 1879 αἷμα
525 1841 604 1878 μόνον
637 1840 691 1868 ἐστὶ
718 1841 762 1868 καὶ
797 1839 869 1879 σὰρξ,

47 1887 228 1922 πνευματικῆς
258 1884 334 1919 δόξης
365 1885 489 1919 αἴσθησιν
519 1886 557 1922 μὴ
585 1884 726 1922 δυνάμενος
756 1883 797 1912 διὰ
826 1888 871 1912 τοῦ

47 1929 128 1968 λόγου
155 1929 247 1958 λαϐεῖν
264 1938 271 1946 '
302 1931 418 1969 καθάπερ
446 1931 489 1958 καὶ
518 1931 540 1958 οἳ
570 1929 599 1957 ἐκ
627 1932 736 1969 γενετῆς
766 1929 868 1969 τυφλοὶ,

47 1974 89 2002 διὰ
116 1979 163 2003 τοῦ
190 1974 268 2015 λόγου
297 1975 378 2014 μόνου
404 1976 434 2003 τὸ
460 1979 506 2004 τοῦ
533 1974 609 2008 ἡλίου
638 1978 694 2014 φῶς
715 1977 811 2013 γνῶναι
841 1973 870 2002 οὗ

46 2019 177 2048 δύνανται.

84 2059 135 2100 λζ’.
154 2060 182 2093 ε0
199 2065 301 2094 ἀκούων
322 2066 366 2093 καὶ
380 2064 463 2096 οὕτως
478 2063 583 2103 βλέπων
607 2064 651 2092 καὶ
669 2063 868 2103 αἰσθανόμενος²

44 2108 101 2137 οἶδε
116 2112 169 2137 τῶν
185 2109 336 2148 λεγομένων
364 2110 412 2143 τὴν
439 2108 557 2146 δύναμιν⁷
583 2109 619 2140 ὡς
648 2107 699 2142 ἤδη
715 2109 764 2141 τὴν
781 2108 870 2136 εἰκόνα

43 2153 157 2194 φορέσας
185 2157 231 2182 τοῦ
262 2154 425 2194 ἐπουρανίου,
455 2154 499 2181 καὶ
527 2154 563 2185 εἷς
593 2152 671 2192 ἄνδρα
699 2152 800 2181 τέλειον
829 2151 870 2181 ἐλ-

582 2207 589 2215 '
614 2198 658 2226 καὶ
686 2197 768 2230 οὕτως
784 2196 868 2237 ἔχων,

47 1625 90 1653 τα,
128 1617 173 1643 καὶ
209 1616 309 1647 πάντας
341 1617 438 1654 καθορᾷ
456 1625 462 1631 ”

42 2199 94 2226 θὼν
115 2204 161 2228 τοῦ
175 2199 356 2239 πληρώματος
382 2203 428 2227 τοῦ
451 2201 564 2238 Χριστοῦ

919 997 956 1018 ne
971 997 1072 1019 errore
1087 989 1242 1019 auferaris.
1255 988 1326 1019 Nam
1345 989 1389 1019 his
1405 989 1589 1029 temporibus
1603 991 1739 1023 seducto-

917 1042 976 1070 res,
984 1034 1178 1065 etmendaces
1186 1044 1242 1064 non
1251 1042 1378 1074 paucaus
1389 1034 1527 1072 reperiri,
1539 1035 1625 1072 scias,
1637 1036 1738 1067 velim.

958 1077 1007 1108 34.
1025 1077 1199 1119 Quicunque
1225 1079 1290 1118 ipse
1320 1088 1379 1108 non
1407 1079 1494 1116 videt,
1522 1083 1550 1110 et
1573 1079 1639 1111 aliis
1662 1081 1736 1112 viam

919 1121 1088 1161 praeiturum
1105 1123 1272 1162 pollicetur,
1289 1122 1430 1153 seductor
1455 1128 1509 1160 est,
1533 1128 1562 1154 et
1579 1131 1740 1165 sequentes

917 1175 950 1196 se
975 1166 1004 1196 in
1029 1167 1140 1197 foveam
1157 1167 1332 1207 perditionis
1356 1167 1481 1204 inducit,
1506 1169 1590 1208 juxta
1615 1170 1736 1201 verbum

917 1209 1036 1241 Domini
1053 1220 1059 1242 :
1081 1224 1094 1239 (ι
1109 1211 1209 1242 Cmcus
1219 1212 1330 1242 sicwco
1346 1211 1485 1243 ducatum
1499 1217 1628 1253 praestet,
1640 1224 1739 1246 nonne

917 1255 1004 1286 ambo
1019 1256 1049 1286 in
1066 1256 1178 1287 foveam
1195 1256 1303 1287 cadent
1317 1256 1353 1286 3?
1371 1268 1382 1285 υ

958 1299 1007 1332 35.
1024 1301 1078 1336 Qui
1095 1301 1124 1331 in
1146 1310 1205 1331 uno
1226 1310 1321 1332 caecus
1344 1305 1402 1336 est,
1423 1304 1502 1332 totus
1523 1311 1621 1334 caicus
1647 1308 1691 1334 est
1706 1303 1738 1335 in

918 1344 1055 1375 omnibus
1072 1356 1078 1375 :
1097 1350 1208 1377 contra.
1237 1345 1287 1386 qui
1303 1345 1380 1376 videt
1394 1345 1424 1376 in
1442 1355 1512 1383 uno,
1530 1346 1608 1377 videt
1623 1347 1654 1378 in
1669 1358 1736 1379 om-

919 1390 1005 1420 nibus
1034 1390 1204 1420 Cumavisu
1218 1390 1351 1420 omnium
1367 1389 1525 1428 abstineat,
1544 1391 1738 1424 nihilominus

918 1434 1018 1465 omnia
1029 1434 1117 1472 videt,
1131 1438 1158 1465 et
1171 1439 1253 1465 extra
1264 1434 1325 1465 visa
1335 1439 1390 1465 est.
1402 1434 1450 1465 Sic
1463 1444 1529 1465 cum
1543 1436 1572 1466 in
1585 1445 1642 1466 uno
1652 1438 1737 1475 (Deo)

917 1478 965 1516 sit,
993 1480 1088 1510 cernit
1111 1479 1271 1510 universa:
1290 1484 1319 1510 et
1340 1479 1417 1509 inter
1444 1479 1581 1510 universa
1603 1490 1668 1511 cum
1685 1481 1735 1520 sit,

918 1523 989 1554 nihil
1006 1533 1039 1554 ex
1061 1524 1199 1554 omnibus
1225 1524 1331 1554 cernit.
1359 1523 1413 1559 Qui
1439 1525 1468 1554 in
1495 1533 1552 1554 uno
1578 1534 1632 1565 per
1647 1535 1736 1556 unum

915 1568 1002 1607 videt;
1018 1573 1046 1599 et
1060 1569 1202 1609 seipsum,
1217 1572 1246 1599 et
1256 1568 1356 1599 omnia
1367 1569 1457 1606 videt,
1471 1572 1500 1599 et
1514 1568 1545 1599 in
1561 1578 1596 1600 eo
1612 1569 1739 1602 abscon-

914 1613 1004 1652 ditus,
1021 1613 1094 1644 nihil
1110 1613 1242 1644 omnium
1259 1613 1347 1644 videt.

953 1703 1002 1735 36.
1020 1703 1075 1739 Qui
1090 1703 1250 1742 imaginem
1267 1702 1385 1734 Domini
1408 1702 1502 1733 nostri
1521 1703 1591 1734 Jesu
1610 1703 1732 1743 Christi,

914 1748 1041 1779 cmlestis
1067 1748 1196 1779 hominis
1219 1757 1252 1778 ac
1279 1748 1333 1778 Dei
1359 1747 1389 1777 in
1405 1747 1525 1778 homine
1541 1747 1683 1779 interiore
1699 1758 1734 1779 ac

912 1793 1049 1824 rationali
1075 1803 1266 1831 cognoscens,
1284 1797 1313 1824 et
1333 1793 1467 1824 sentiens
1482 1792 1608 1823 necdum
1626 1793 1733 1833 induit,

914 1838 1077 1869 etiamnum
1092 1847 1159 1868 caro
1175 1842 1301 1875 tantum,
1316 1842 1344 1868 et
1359 1837 1476 1877 sanguis
1488 1841 1533 1868 est
1549 1848 1555 1869 :
1573 1847 1628 1869 nec
1637 1842 1734 1878 potest

913 1882 1074 1923 spiritualis
1096 1883 1197 1921 gloriae
1222 1882 1355 1913 notitiam
1377 1891 1430 1922 per
1445 1881 1499 1913 Dei
1514 1881 1635 1913 verbum
1652 1883 1733 1913 acci—

913 1937 994 1967 pere,
1011 1926 1262 1967 quemadmodum
1282 1927 1376 1958 oculis
1403 1926 1440 1957 ab
1465 1926 1529 1966 ipsa
1549 1927 1664 1966 origine
1681 1937 1735 1959 sua

913 1971 1019 2008 orbati,
1051 1971 1120 2002 solis
1144 1971 1243 2002 lumen
1270 1981 1322 2012 per
1342 1971 1463 2003 alterius
1491 1981 1660 2004 sermonem
1682 1982 1736 2004 ne-

913 2020 1026 2057 queunt
1041 2025 1233 2056 cognoscere.

951 2062 1001 2092 3'7.
1019 2060 1074 2097 Qui
1091 2061 1133 2092 sic
1148 2061 1241 2101 audit,
1258 2060 1355 2091 cernit
1369 2064 1399 2091 et
1414 2060 1562 2099 intelligit,
1578 2061 1654 2091 haud
1679 2070 1734 2092 ne-

912 2106 967 2136 scit
982 2105 1053 2146 quid
1069 2105 1124 2136 sibi
1139 2105 1228 2136 verba
1240 2108 1341 2136 nostra
1359 2105 1470 2137 velint:
1484 2105 1574 2145 utqui
1586 2105 1647 2145 jam
1663 2105 1736 2136 ima-

912 2151 1009 2190 ginem
1026 2150 1154 2181 caelestis
1163 2154 1279 2190 portare
1295 2150 1417 2190 coeperit
1429 2151 1455 2186 4,
1469 2154 1498 2180 et
1513 2149 1543 2180 in
1558 2150 1652 2180 virum
1670 2159 1733 2190 per-

912 2196 1018 2226 fectum
1044 2195 1239 2235 plenitudinis
1253 2195 1361 2226 Christi
1377 2195 1502 2225 evaserit
1515 2195 1541 2225 5.
1559 2194 1613 2230 Qui
1629 2194 1659 2224 in
1675 2194 1732 2225 hoc

43 2243 148 2272 δύναται
170 2245 213 2272 καὶ
234 2238 322 2276 καλῶς
345 2243 453 2284 ὁδηγεῖν
476 2243 502 2272 ἐν
528 2246 567 2280 τῷ
588 2242 640 2280 ὁδῷ
660 2245 713 2271 τῶν
735 2245 780 2270 τοῦ
804 2246 869 2270 Θεοῦ

924 2244 986 2271 tatu
1003 2244 1057 2278 est,
1071 2240 1095 2270 is
1111 2240 1191 2280 gregi
1208 2240 1312 2271 christi
1337 2240 1367 2270 in
1391 2240 1437 2270 via
1454 2239 1659 2270 mandatorum
1680 2238 1734 2270 Dei

43 2287 158 2317 ἐντολῶν
173 2290 202 2317 τὸ
227 2289 348 2327 ποίμνιον
373 2292 418 2317 τοῦ
447 2292 524 2317 Θεοῦ.
549 2284 578 2316 (Ο
606 2287 633 2315 δὲ
661 2287 700 2325 μὴ
726 2286 873 2325 εἰδὼς,καὶ

45 2333 132 2365 ἄλλως
146 2333 230 2374 ἔχων,
254 2333 385 2374 πρόδηλός
413 2334 496 2371 ἔστιν,
523 2332 563 2362 ὅτι
594 2331 698 2361 oms-:31
712 2333 871 2374 αἰσθητήρια

43 2380 92 2411 τῆς
114 2370 413 2418 41071;}:71E‘rio1thléva
441 2370 492 2406 καὶν
511 2379 574 2418 ὑγιῆ
595 2376 756 2417 ἐπιφέρεται,
779 2370 807 2417 ᾮ
824 2370 870 2405 καὶ

42 2422 144 2460 μᾶλλον
171 2422 260 2455 καλῶς
283 2423 333 2456 ἕξει
361 2424 391 2452 τὸ
413 2422 533 2463 ἄγεσθαι,
562 2422 580 2456 ἣ
608 2423 638 2450 τὸ
660 2421 733 2462 ἄγειν
761 2421 866 2450 ἐπικιν-

45 2466 139 2500 δύνως.

80 2507 136 2546 λη’.
157 2508 186 2542 t0
209 2517 248 2551 τῷ
266 2512 414 2550 διδασκάλῳ
439 2513 483 2540 καὶ
511 2511 601 2552 ὁδηγῷ
627 2513 716 2550 αὐτοῦ,
749 2513 785 2543 ὡς
810 2515 867 2549 Θεῷ

40 2557 173 2594 ἀτενζων,
205 2558 353 2598 ἀντιλέγειν
382 2560 411 2587 οὒ
439 2556 556 2587 δύναται.
595 2557 622 2585 Εἰ
653 2555 680 2585 δὲ
711 2557 796 2585 οἴεται
821 2557 865 2585 καὶ

39 2601 109 2641 λέγει
145 2602 282 2643 ἀμφότερα
311 2602 397 2643 ἔχειν,
428 2601 507 2638 ἵστω,
538 2601 718 2635 πεπλάνηται.
756 2597 863 2630 Ὀποίαν

40 2658 90 2686 γηρ
111 2648 134 2675 οἱ
149 2652 195 2676 τοῦ
210 2651 274 2676 Θεοῦ
303 2649 368 2688 πρὸς
397 2647 442 2676 τὸν
465 2647 529 2674 Θεὸν
557 2645 649 2686 ἔχουσι
678 2647 727 2680 τὴν
749 2645 862 2675 διάθεσιν

42 2699 56 2719 ε
73 2690 108 2729 [ἐν
124 2690 186 2721 ἀλλ.
205 2701 218 2721 l
244 2690 370 2732 διάνοιαν]
386 2691 490 2731 ἀγνοεῖ.

75 2825 91 2850 5
109 2826 212 2858 Matth.
230 2835 278 2866 xv,
294 2827 343 2860 14.
386 2826 403 2852 4
416 2826 428 2857 I
443 2823 509 2856 Cor.
529 2831 579 2863 xv,
596 2825 646 2857 49.
688 2825 704 2850 5
717 2823 828 2866 Ephes.
845 2831 886 2863 1v,

200 2919 332 2952 ΡΑτιιοι..
349 2916 441 2951 CXX.

914 2295 980 2316 cum
996 2284 1082 2315 laude
1098 2294 1190 2325 prwre
1207 2285 1324 2325 poterit.
1345 2284 1399 2321 Qui
1414 2285 1541 2324 ignorat,
1559 2288 1589 2314 et
1602 2283 1688 2314 aliter
1702 2293 1734 2314 se

913 2330 1012 2366 habet,
1030 2339 1097 2360 eum
1114 2339 1169 2360 nec
1181 2339 1287 2360 sensus
1302 2329 1410 2360 animae
1426 2329 1587 2359 illustratos
1603 2332 1632 2358 et
1646 2337 1734 2359 sanos

912 2375 1024 2406 habere
1039 2380 1164 2406 constat.
1191 2373 1390 2410 Quamobrem
1406 2373 1449 2404 illi
1468 2373 1560 2411 magis
1574 2371 1732 2410 conducet,

912 2420 938 2451 si
952 2423 1083 2460 regatur,
1100 2428 1187 2459 quam
1203 2419 1229 2449 si
1243 2419 1410 2459 periculose
1426 2422 1518 2458 regat.

950 2508 1000 2541 38.
1018 2507 1073 2544 Qui
1089 2507 1263 2547 magistrum
1280 2518 1314 2539 ac
1330 2508 1436 2539 ducem
1460 2516 1546 2538 suum
1564 2516 1624 2537 non
1645 2516 1734 2538 secus

909 2562 996 2594 quam
1019 2552 1112 2583 Deum
1129 2553 1284 2590 auscultat,
1303 2557 1332 2584 et
1355 2553 1383 2583 in
1400 2562 1435 2584 eo
1451 2552 1564 2583 deﬁxus
1589 2555 1643 2588 est,
1660 2561 1733 2582 con-

905 2598 1059 2630 tradicere
1088 2607 1146 2628 non
1179 2603 1285 2638 potest.
1317 2597 1368 2629 Sin
1397 2601 1493 2628 autem
1520 2595 1681 2627 arbitratur
1703 2595 1733 2626 in

904 2647 1065 2683 utramque
1081 2646 1194 2682 partem
1217 2642 1276 2673 dici
1302 2651 1388 2682 posse
1404 2651 1436 2673 se
1452 2650 1555 2672 errare
1567 2640 1652 2670 sciat.
1671 2639 1734 2676 Quo

907 2688 998 2719 modo
1014 2687 1094 2718 enim
1110 2686 1160 2726 qui
1176 2686 1227 2717 Dei
1244 2691 1311 2718 sunt
1335 2696 1406 2726 erga
1431 2687 1525 2718 Deum
1551 2684 1731 2722 afﬁciantur,

903 2734 1093 2774 compertum
1112 2741 1171 2762 non
1188 2731 1289 2763 habet.

904 2823 953 2855 t3.
