1982 3075
255 183 289 215 61
295 183 314 214 9
900 180 1091 215 SYMEONIS

286 250 336 282 39.
354 250 409 287 Qui
424 250 512 282 vitam
516 251 600 291 juxta
614 259 648 282 ac
662 250 815 282 interitum
830 259 916 282 suum
932 250 962 280 in
977 258 1066 280 manu
1076 253 1096 276 A

247 295 372 336 pastoris
380 295 426 326 sui
439 296 568 336 positum
580 305 646 327 esse
663 296 768 333 credit,
787 305 936 336 nunquam
952 301 1067 326 contra-

245 339 335 371 dicet.
360 340 458 380 Atque
473 340 561 380 hujus
585 341 630 371 rei
652 340 771 371 inscitia
799 340 1064 371 contradictionem

245 389 391 424 generat:
409 383 604 416 contradictio
631 385 735 417 mortis
760 385 814 416 sub
840 385 1065 424 intelligentiam

245 429 391 467 cadentis,
406 439 441 460 ac
456 430 648 470 sempiterna:
662 430 793 461 effectrix
810 434 866 461 est.

285 473 336 506 40.
347 473 520 515 Priusquam
533 475 641 515 aliquis
657 475 856 506 damnationis
870 474 1018 506 sententia
1028 474 1068 504 fe-

245 519 349 556 riatur,
367 519 454 550 datur
469 519 552 550 locus
567 520 641 550 facta
657 529 710 551 sua
729 519 911 551 defendendi
925 519 1002 559 apud
1016 518 1067 558 ju-

246 563 356 594 dicem.
374 565 472 596 Factis
486 569 584 596 autem
609 565 696 605 plane
716 565 777 605 jam
803 564 1015 601 constantibus,
1040 566 1069 593 et

247 608 423 649 manifestis,
439 613 470 640 et
485 610 633 641 sententia
645 608 756 650 judicis
772 609 894 650 prolatu,
908 608 1067 640 tortoribus

247 662 302 685 nec
317 653 453 692 multum,
478 664 534 686 nec
562 664 666 696 parum
693 654 898 686 contradicere
919 663 953 686 ac
975 663 1066 694 repu—

246 707 337 738 gnare
349 699 392 730 fas
406 703 462 730 est.

288 743 338 774 41.
361 744 505 784 Atequam
530 744 567 774 ad
591 743 667 775 istud
683 743 810 775 tribunal
825 744 945 775 accedat
960 753 1065 774 mona-

248 787 332 825 chus,
351 792 379 819 et
394 794 496 829 aperta
520 789 591 820 ﬁant
618 799 683 830 quae
709 789 805 820 latent
830 789 861 820 in
881 789 972 820 corde
988 789 1064 828 ejus,

247 831 381 863 fortassis
393 833 421 864 ei
431 833 636 864 contradicere
647 833 728 870 licet,
740 833 845 873 partim
860 833 1068 873 propterigno-

247 877 395 915 rantiam;
412 877 519 917 partim
538 878 607 918 quia
623 887 676 908 sua
693 887 724 908 se
741 878 888 908 occultare
904 887 990 918 posse
1005 878 1068 917 opi-

249 925 345 953 natur.
365 921 423 953 Sed
440 925 505 962 post
528 922 742 961 cogitationum
761 923 984 960 revelationem,
1004 922 1066 952 sin-

248 974 408 1006 ceramque
423 966 645 997 confessionem
662 977 720 998 non
737 966 807 998 licet
822 977 963 1008 unquam,
975 977 1068 1008 usque

247 1010 284 1040 ad
301 1011 529 1051 mortemjudici
545 1012 708 1042 secundum
724 1011 830 1048 Deum,
843 1016 871 1042 et
881 1012 990 1042 vicario
1005 1011 1070 1051 ejus

248 1063 315 1086 sese
331 1055 419 1086 dictis
434 1066 600 1097 opponere.
617 1057 781 1088 Monachus
796 1057 906 1097 quippe
927 1056 963 1087 ab
986 1056 1069 1087 initio

248 1099 284 1130 ad
296 1100 352 1131 hoc
363 1100 490 1132 tribunal
507 1102 670 1140 ingressus,
684 1101 782 1132 cordis
797 1101 843 1132 sui
856 1102 976 1132 retectis
990 1111 1072 1132 arca-

248 1145 366 1185 nisjam
381 1145 452 1177 inde
466 1146 522 1177 sibi
538 1146 695 1186 persuasit,
709 1146 734 1176 si
744 1147 786 1176 vel
808 1146 954 1177 modicam
970 1146 1069 1185 cogni-

248 1188 359 1220 tionem
374 1190 555 1231 acquisierit,
575 1190 656 1221 mille
669 1194 779 1221 mortes
794 1200 826 1222 se
837 1191 1065 1222 commeruisse:

248 1237 277 1265 et
292 1243 346 1274 per
359 1234 572 1273 obedientiam,
585 1235 840 1276 humilitatemque
855 1245 936 1266 suam
952 1235 988 1275 (si
1000 1245 1068 1267 vere

247 1279 349 1319 utique
364 1280 495 1320 mysterii
511 1280 629 1311 modum
646 1279 712 1320 scit)
730 1281 810 1311 omni
827 1280 940 1311 ultione
955 1281 1068 1321 suppli-

248 1323 355 1364 cioque
368 1324 525 1356 liberatum
542 1325 646 1356 credit.

286 1413 337 1445 42.
355 1413 410 1450 Qui
425 1415 488 1446 haec
502 1414 677 1446 indelebilia
691 1415 722 1445 in
738 1415 836 1446 animo
852 1424 904 1445 suo
925 1415 1066 1455 custodit,
1105 1424 1107 1427 '

247 1458 364 1496 doctus,
380 1458 558 1497 admonitus,
570 1460 728 1498 castigatus
738 1469 887 1500 nunquam
902 1460 989 1490 corde
1002 1468 1067 1489 mo-

247 1502 376 1534 vebitur.
394 1503 537 1540 Quoniam
554 1504 604 1544 qui
619 1505 649 1535 in
662 1505 724 1535 haec
738 1505 812 1535 mala
829 1504 943 1540 incidit,
958 1504 987 1534 in
999 1513 1069 1535 con-

248 1548 467 1587 tradictionem,
475 1549 608 1590 inquam,
618 1553 647 1580 et
656 1549 862 1580 infidelitatem
871 1559 940 1589 erga
952 1550 1068 1580 Patrem

246 1593 432 1633 spiritualem
449 1597 478 1624 et
492 1595 663 1634 magistrum
676 1603 773 1634 suum,
789 1594 820 1624 in
834 1603 932 1625 casses
948 1598 977 1625 et
996 1603 1065 1634 pro—
1077 1608 1097 1633 ο

246 1638 339 1670 funda
366 1638 529 1669 inferorum
558 1639 654 1670 adhuc
676 1639 778 1670 vivens
808 1638 1008 1670 miserandum
1036 1638 1067 1669 in

247 1683 369 1714 modum
385 1683 557 1714 deturbatur
573 1692 579 1714 :
598 1687 628 1714 et
639 1687 671 1715 ut
686 1683 895 1714 inobedientiae
914 1693 948 1714 ac
964 1683 1066 1723 perdi—

247 1727 336 1759 tionis
346 1728 436 1765 filius,
453 1727 638 1759 domicilium
662 1727 776 1759 Satanae
791 1728 833 1765 ﬁt,
848 1733 877 1759 et
891 1728 988 1759 omnis
1009 1728 1065 1759 im-

247 1773 365 1804 mundae
380 1772 531 1813 potestatis
547 1773 624 1813 ejus.

286 1816 336 1849 43.
352 1816 503 1848 Adhortor
518 1820 557 1854 te,
576 1817 618 1847 ﬁli
631 1817 819 1854 obedientiaa,
838 1820 870 1847 ut
885 1817 948 1848 haec
958 1817 989 1847 in
1001 1827 1068 1857 pec-

247 1866 311 1893 tore
326 1867 377 1892 tuo
392 1862 504 1892 volutes
517 1861 692 1898 identidem,
705 1871 885 1901 omnemque
898 1862 1067 1892 contentio-

247 1915 315 1937 nem
329 1905 481 1943 adhibeas,
490 1915 526 1937 ne
534 1906 564 1937 in
575 1907 651 1937 mala
661 1906 782 1943 inferni,
790 1907 827 1937 de
838 1906 945 1946 quibus
956 1907 1067 1937 dictum

248 1955 292 1982 est
307 1960 324 1981 a
338 1950 437 1988 nobis,
452 1951 630 1991 praecipites,
646 1952 695 1982 sed
706 1950 736 1980 in
752 1950 815 1981 dies
828 1950 959 1990 singulos
974 1952 1067 1982 Deum

247 1996 288 2026 ita
303 2004 392 2036 roges
405 1999 433 2026 et
447 1995 547 2026 dicas:
568 1996 656 2034 Deus,
674 2000 703 2026 et
713 1995 839 2026 Domine
849 1995 1065 2034 universorum,

247 2050 334 2081 quem
351 2049 444 2080 penes
459 2041 607 2071 estomnis
622 2040 755 2081 spiritus,
767 2045 795 2071 et
805 2040 911 2071 animae
927 2044 1065 2080 potestas,

248 2085 299 2126 qui
314 2086 395 2115 solus
410 2094 516 2116 sanare
528 2094 575 2116 me
591 2089 683 2125 potes,
702 2085 807 2116 exaudi
833 2094 880 2115 me
903 2084 1066 2123 infelicem,

248 2134 277 2162 et
289 2130 321 2161 in
337 2139 385 2161 me
395 2130 619 2161 delitescentem
631 2130 789 2161 draconem
806 2129 986 2161 sanctissimi
997 2129 1066 2171 Spi-

245 2175 320 2206 ritus
337 2175 378 2206 tui
398 2175 523 2206 adventu
539 2175 748 2215 interemptum
766 2174 852 2211 dele;
867 2184 971 2215 meque
980 2184 1067 2205 men-

248 2220 361 2261 dicum,
379 2224 408 2251 et
422 2221 458 2251 ab
474 2221 554 2251 omni
578 2221 683 2251 virtute
710 2220 833 2256 nudum,
860 2220 953 2250 sancti
973 2219 1069 2251 Patris

1080 946 1099 970 B

1110 181 1286 214 IUNIORIS
1869 184 1925 216 620

1147 244 1200 279 λθ’.
1219 245 1247 279 ι0
1264 250 1394 278 πιστεύων
1418 250 1446 278 ἐν
1467 253 1501 289 τῇ
1530 251 1600 290 χειρὶ
1630 255 1676 279 τοῦ
1699 250 1824 288 ποιμένος
1838 253 1922 289 αὐτοῦ,

1108 294 1157 328 τὴν
1173 295 1264 324 ἑαυτοῦ
1286 295 1415 335 ὑπάρχειν
1443 295 1513 330 ζωὴν
1537 297 1581 324 καὶ
1605 297 1650 324 τὸν
1665 296 1787 334 θάνατον,
1805 296 1851 324 οὒκ
1864 296 1923 324 ἀντ-

1109 339 1177 367 είποι
1198 339 1274 370 ποτέ,
1294 335 1325 367 ’Β
1340 339 1367 367 δὲ
1388 340 1486 368 τούτων
1502 338 1595 380 ἄγνοια
1610 340 1759 380 ἀντιλογίαν
1774 343 1860 380 γεννᾷ,
1877 341 1922 374 τὴν

1108 383 1231 423 πρόξενον
1245 388 1291 412 τοῦ
1304 389 1400 418 νοητοῦ
1419 385 1461 412 καὶ
1478 385 1582 413 αἰωνίου
1596 386 1718 417 θανάτου.

1150 468 1189 511 μ’.
1207 474 1260 513 Πρὸ
1284 477 1329 502 τοῦ
1350 472 1442 502 λαϐεῖν
1467 474 1516 508 τὴν
1544 475 1675 515 ἀπόφασιν
1703 475 1748 503 τὸν
1777 474 1921 514 κατάδικον,

1108 518 1188 550 τόπος
1219 517 1314 546 δίδοται
1341 518 1484 558 ἀπολογίας
1518 520 1600 557 αὒτῴ,
1633 523 1670 557 τῷ
1699 519 1809 558 δικαστῇ
1836 519 1923 547 λαλεῖν

1109 563 1167 602 περὶ
1181 563 1217 591 ὧν
1234 562 1327 602 ἔπραξε
1341 571 1347 577 “
1366 564 1432 600 μετὰ
1448 563 1475 591 δὲ
1489 564 1537 598 τὴν
1552 567 1604 592 τῶν
1620 564 1758 604 πρακτέων
1774 564 1923 604 φανέρωσιν,

1109 608 1153 635 καὶ
1168 608 1215 641 τὴν
1230 612 1276 635 τοῦ
1291 606 1414 637 δικαστοῦ
1429 608 1573 648 ἀπόφασιν,
1591 608 1662 637 οωὲν
1676 609 1694 643 ἢ
1709 610 1814 649 μικρὸν,
1830 609 1847 642 ἢ
1861 608 1925 648 μέγα

1108 658 1166 683 τοῖς
1181 652 1364 690 βασανίζουσιν
1386 652 1529 692 ἀντιλέγει,

1149 735 1206 778 μα’.
1236 742 1289 780 Πρὸ
1317 745 1362 770 τοὺ
1391 741 1518 771 εἰσελθεῖν
1546 743 1582 775 εἰς
1604 746 1682 772 τοῦτο
1708 744 1739 771 τὸ
1760 742 1922 781 δικαστήριον

1107 786 1152 813 τὸν
1181 787 1314 825 μοναχὸν,
1346 787 1389 814 καὶ
1431 790 1579 827 φανερῶσαι
1616 789 1696 816 αὑτοῦ
1728 788 1761 816 τὰ
1797 785 1924 827 ἐγκάρδια,

1111 830 1177 861 ἴσως
1199 830 1345 870 ἀντιλέγειν
1361 831 1458 864 ἔξεστιν
1479 832 1550 869 αὖτῷ
1567 841 1574 848 ·
1597 833 1630 860 τά
1655 833 1700 860 τὲν
1726 833 1795 861 κατὰ
1810 831 1924 871 ἄγνοιαν,

1109 875 1142 902 τὰ
1157 874 1241 903 δὲκαὶ
1263 876 1298 907 ὡς
1321 876 1432 913 οἰομένῴ
1457 877 1580 916 κρύπτειν
1608 877 1641 905 τὰ
1668 878 1774 909 ἑαυτοῦ.
1805 876 1874 904 Μετὰ
1900 874 1924 902 δὲ

1110 921 1158 953 τὴν
1173 923 1224 948 τῶν
1240 919 1375 959 λογισμῶν
1405 922 1586 960 ἀποκάλυψιν,
1615 923 1659 951 καὶ
1685 922 1814 962 εἰλικρινῆ
1837 920 1926 959 ἐξαγό-

1111 975 1208 1004 ρευσιν,
1238 966 1285 993 οὐκ
1307 965 1405 998 ἔξεστιν
1433 966 1578 1006 ἀντιλέγειν
1601 968 1639 1004 τῷ
1668 968 1734 1006 μετά
1763 968 1826 995 Θεὸν
1855 965 1926 993 δικα-

1111 1013 1172 1048 στῇ,
1199 1011 1242 1038 καὶ
1264 1009 1419 1048 ἐξουσιαστῇ
1441 1011 1531 1049 αὐτοῦ,
1562 1011 1643 1052 μέχρι
1663 1013 1775 1042 θανάτου
1803 1010 1875 1040 ποτέ.
1900 1005 1926 1036 (Ο

1111 1055 1160 1093 γὰρ
1176 1055 1295 1094 μοναχὶς
1322 1055 1348 1082 ἐν
1371 1055 1456 1093 τούτῳ
1478 1055 1536 1084 κατ’
1566 1056 1652 1096 ἀρχὰς
1676 1056 1799 1085 εἰσελθὼν
1824 1057 1861 1092 τῷ
1887 1053 1926 1081 δι·

1110 1099 1255 1139 καστηρίῳ,
1273 1100 1317 1127 καὶ
1341 1099 1535 1139 ἀπογυμνώσας
1565 1102 1598 1129 τὰ
1625 1102 1726 1141 κρυπτὰ
1747 1104 1798 1135 τῆς
1826 1098 1926 1139 καρδίας

1109 1143 1199 1181 αὐτοῦ,
1230 1144 1369 1172 πέπεισται
1398 1145 1428 1173 ὲκ
1459 1147 1616 1186 προοιμίων,
1653 1146 1711 1185 εἴγε
1739 1148 1785 1174 καὶ
1813 1144 1927 1174 ὁπωσοῦν

1109 1190 1205 1226 γνῶσιν
1248 1188 1385 1226 κέκτηται,

1435 1189 1475 1217 ὅτι
1516 1190 1614 1229 μυρίων
1655 1191 1768 1231 ὑπάρχει
1815 1189 1926 1218 θανάτων

1113 1231 1138 1241 νυ

1110 1243 1180 1264 αςιος
1198 1241 1204 1248 ·

1232 1233 1274 1261 καὶ
1299 1233 1341 1260 δια
1363 1236 1411 1267 τῆς
1427 1235 1547 1268 ὑπακοῆς
1577 1236 1655 1264 αὐτοῦ
1675 1236 1718 1263 καὶ
1733 1235 1924 1269 ταπεινώσεως,

1109 1277 1196 1310 πάσης
1223 1278 1349 1317 τιμωρίας
1379 1279 1422 1306 καὶ
1459 1278 1593 1311 κολάσεως
1615 1279 1779 1320 λυτρωθῆναι
1802 1278 1923 1315 πιστεύει,

1109 1322 1131 1348 εἱ
1152 1323 1188 1353 ὡς
1211 1321 1315 1355 ἀληθῶς
1344 1322 1391 1361 ἄρα
1421 1323 1465 1351 τὸν
1493 1324 1590 1364 τρόπον
1619 1328 1664 1353 τοῦ
1693 1325 1838 1364 μυστηρίου
1869 1322 1925 1351 ἐπί-

1109 1377 1214 1395 σταται.

1150 1406 1207 1448 μβ’.
1228 1407 1256 1440 Ὀ
1278 1411 1451 1444 ἀνεξάλειπτα
1465 1417 1547 1441 ταῦτα
1566 1413 1703 1453 φυλάττων
1725 1414 1752 1442 ἐν
1781 1417 1815 1452 τῇ
1841 1413 1927 1441 ἑαυτοῦ

1110 1453 1218 1495 διανοίᾳ,
1261 1457 1311 1489 τὴν
1347 1455 1454 1496 καρδίαν
1494 1456 1617 1486 οὐδέποτε
1653 1459 1836 1498 κινηθήσεται,
1871 1468 1927 1485 παι-

1110 1498 1261 1538 δευόμενος,
1279 1500 1297 1534 ἣ
1320 1503 1531 1541 νουθετούμενος,
1557 1503 1575 1537 ἢ
1599 1502 1791 1543 ἐλεγχόμενος.
1823 1501 1925 1534 Ἐπειδὴ

1111 1545 1124 1572 ὁ
1140 1544 1277 1581 ἐμπίπτων
1308 1552 1366 1577 τοῖς
1388 1547 1516 1578 τοιούτοις
1545 1554 1652 1586 κακοῖς,
1669 1548 1740 1587 λέγω
1754 1547 1788 1582 δὴ
1810 1551 1843 1586 τῇ
1857 1547 1924 1574 ἀντι-

1110 1588 1187 1628 λογίᾳ
1214 1592 1258 1618 καὶ
1279 1590 1397 1628 ἀπιστίᾳ,
1419 1594 1452 1630 τῇ
1472 1593 1537 1631 πρὸς
1563 1594 1608 1621 τὸν
1630 1594 1809 1630 πνευματικὸν
1832 1592 1927 1631 πατέρα

1109 1633 1186 1661 αὐτοῦ
1201 1635 1245 1662 καὶ
1260 1634 1426 1675 διδάσκαλον,
1443 1637 1479 1667 εἷς
1492 1637 1620 1676 πέταυρον
1645 1638 1688 1665 καὶ
1713 1638 1793 1675 βυθὸν
1811 1637 1871 1675 ᾅδου
1891 1636 1926 1664 ἔτι

1108 1681 1159 1714 ζῶν
1174 1678 1293 1712 ἐλεεινῶς
1310 1680 1496 1721 καταφέρεται,
1522 1683 1566 1710 καὶ
1587 1682 1664 1713 οἶκος
1687 1685 1733 1710 τοῦ
1762 1685 1867 1711 Σατανᾶ
1887 1682 1927 1709 καὶ

1107 1723 1195 1757 πάσης
1230 1724 1308 1753 αὐτοῦ
1335 1727 1383 1758 τῆς
1413 1725 1559 1766 ἀκαθάρτου
1588 1725 1722 1765 δυνάμεως
1755 1728 1864 1767 γίνεται,
1892 1727 1925 1757 ὡς

1109 1768 1218 1802 ἀπειθὴς
1232 1770 1277 1796 καὶ
1291 1769 1424 1801 ἀπωλείας
1446 1770 1513 1803 υἱός.

1149 1809 1207 1853 μγ’.
1225 1814 1374 1854 Παρακαλῶ
1388 1826 1417 1843 σε
1433 1816 1477 1843 τὸν
1493 1819 1542 1850 τῆς
1558 1817 1690 1854 ὑπακοῆς,
1702 1817 1749 1846 ’ίνα
1763 1821 1846 1846 ταῦτα
1858 1816 1930 1856 στρέ-

1109 1870 1161 1898 φῃς
1184 1863 1303 1899 συνεχῶς
1331 1859 1358 1888 ἐν
1384 1863 1417 1898 τῇ
1439 1859 1538 1898 διανοίᾳ
1568 1873 1614 1890 σου
1631 1871 1639 1878 ·
1669 1863 1713 1890 καὶ
1741 1863 1817 1901 πάσῃ
1832 1860 1927 1899 σπουδῇ

1110 1903 1295 1942 ἀγωνίσασθαι,
1326 1909 1372 1933 τοῦ
1398 1904 1437 1942 μὴ
1466 1905 1603 1934 κατελθεῖν
1633 1906 1659 1934 ἐν
1694 1913 1753 1939 τοῖς
1785 1907 1927 1947 εἰρημένοις

1108 1951 1154 1975 τοῦ
1168 1946 1229 1983 ᾅδου
1243 1955 1339 1980 κακοῖς
1356 1957 1363 1964 ”
1391 1948 1450 1976 ἀλλ’
1467 1950 1536 1978 οὕτω
1550 1949 1651 1978 δέεσθαι
1680 1953 1784 1990 θερμῶς
1799 1955 1844 1979 τοῦ
1867 1953 1928 1979 Θεοῦ

1108 1991 1167 2020 καθ’
1181 1992 1307 2033 ἑκάστην,
1323 1994 1366 2022 καὶ
1388 1993 1475 2033 λέγειν
1492 2004 1499 2011 ·
1532 1996 1580 2023 Θεὲ
1601 1996 1645 2023 καὶ
1670 1996 1746 2035 Κύριε
1768 2000 1822 2025 τῶν
1843 1995 1927 2024 ἀπάν-

1109 2048 1173 2075 των,
1191 2038 1204 2064 ὁ
1221 2037 1309 2070 πάσης
1332 2041 1415 2072 πνοῆς
1431 2040 1474 2067 καὶ
1490 2042 1581 2079 ψυχῆς
1606 2039 1678 2080 ἔχων
1700 2041 1749 2074 τὴν
1765 2041 1891 2078 ἐξουσίαν,
1915 2040 1928 2066 ὃ

1110 2081 1189 2119 μόνος
1222 2082 1342 2111 ἰάσασθαι
1377 2094 1411 2121 με
1445 2083 1598 2125 δυνάμενος,
1631 2084 1780 2114 ἑπάκουσόν
1806 2097 1857 2124 μου
1882 2087 1928 2117 τῆς

1109 2125 1224 2161 δεήσεως
1238 2130 1284 2155 τοῦ
1298 2126 1476 2168 ταλαιπώρου,
1494 2131 1537 2157 καὶ
1550 2131 1594 2157 τὸν
1610 2129 1636 2158 ἐν
1659 2130 1718 2168 ἐμοὶ
1746 2129 1929 2170 ἐμφωλεύοντι

1109 2170 1246 2210 δράκοντα,
1277 2175 1310 2210 τῇ
1337 2178 1384 2202 τοῦ
1418 2175 1546 2213 παναγίου
1573 2185 1619 2202 σου
1647 2175 1799 2213 Πνεύματος
1828 2175 1930 2214 ἐπιφοι-

1109 2216 1183 2250 τήσει
1213 2217 1366 2250 θανατώσας
1396 2219 1522 2258 ἀφάνισον
1540 2227 1547 2234 '
1578 2220 1646 2258 κάμὲ
1668 2221 1779 2260 πτωχὸν
1808 2221 1852 2248 καὶ
1880 2230 1928 2259 γυ-

247 2266 307 2296 mei
319 2265 445 2306 pedibus
461 2265 617 2306 procidere
633 2265 719 2302 velis,
734 2268 763 2296 et
774 2268 905 2295 sanctam
921 2265 986 2305 ejus
1001 2265 1068 2295 ani-

1114 2261 1174 2297 μνὸν
1190 2261 1278 2295 πάσης
1305 2262 1401 2302 ἀρετῆς
1430 2264 1594 2304 ὑπάρχοντα,
1624 2271 1684 2296 τοῖς
1712 2270 1759 2294 τοῦ
1786 2265 1860 2304 ἁγίου
1883 2274 1930 2301 μου

246 2319 326 2341 mam
341 2311 378 2341 ad
393 2310 552 2341 dolendam
567 2309 662 2340 vicem
676 2319 785 2350 meam,
802 2313 831 2339 et
842 2309 878 2340 ad
895 2309 1067 2340 misericor-

245 2355 324 2386 diam
339 2355 413 2386 mihi
423 2355 493 2386 inde
505 2354 693 2386 tribuendam
709 2354 846 2385 adducito
862 2364 869 2392 ;
886 2358 914 2384 et
925 2354 962 2385 da
970 2354 1067 2384 humi-

247 2399 362 2431 litatem
380 2399 462 2430 cordi
479 2409 556 2437 meo,
574 2404 603 2430 et
618 2399 824 2440 cogitationes,
837 2398 979 2429 decentes
995 2407 1067 2439 pec-

245 2445 349 2482 catori,
368 2445 418 2484 qui
436 2444 547 2485 pepigit
558 2448 667 2481 tecum,
682 2447 713 2475 ut
728 2443 930 2485 paenitentiam
945 2447 1044 2483 ageret
1058 2453 1064 2473 :

247 2492 276 2520 et
302 2499 340 2520 ne
367 2489 397 2520 in
412 2489 501 2520 ﬁnem
520 2489 709 2529 derelinquas
724 2488 869 2525 animam,
896 2497 961 2528 quae
976 2488 1068 2519 semel

247 2533 301 2565 tibi
315 2543 346 2565 se
357 2535 533 2574 aggravevit,
549 2539 577 2565 et
591 2539 619 2565 te
628 2534 762 2565 confessa
773 2537 828 2570 est,
839 2533 949 2573 totique
958 2533 1068 2564 mundo

246 2581 428 2620 praeoptavit,
441 2588 475 2611 ac
486 2579 614 2620 praetulit
627 2583 664 2611 te.
682 2579 725 2609 Tu
741 2578 820 2610 enim
834 2577 921 2616 nosti,
932 2577 1067 2616 Domine,

246 2624 322 2656 velle
334 2633 382 2656 me
397 2625 512 2662 salvari,
521 2624 637 2656 tametsi
652 2624 730 2655 mala
744 2622 961 2655 consuetudine
972 2626 1069 2653 retar-

246 2669 304 2700 dor
319 2673 347 2700 et
362 2669 521 2710 impedior.
537 2670 752 2700 Verumtamen
767 2668 866 2699 omnia
882 2667 934 2698 tibi
947 2667 1072 2708 possibi-

246 2712 287 2744 lia
301 2718 381 2752 sunt,
396 2723 461 2755 quae
471 2713 549 2755 apud
565 2713 702 2745 homines
717 2712 925 2754 impossibilia.

285 2803 338 2836 44.
354 2803 410 2840 Qui
426 2805 600 2845 praeclarum
621 2803 690 2835 fidei
705 2813 739 2834 ac
754 2803 817 2844 Spei
842 2801 1068 2833 fundamentum

247 2849 322 2881 aulae
336 2859 370 2881 ac
386 2850 484 2890 palatii
498 2850 617 2891 pietatis
628 2852 801 2891 posuerunt,
814 2851 844 2879 et
853 2856 942 2887 supra
957 2850 1068 2887 petram

248 2893 426 2927 obedientiae
438 2895 571 2928 Patribus
581 2893 786 2937 spiritualibus
796 2891 971 2924 exhibendae
978 2891 1069 2932 pedes

1111 2306 1211 2345 Ιῐατρὸς
1249 2307 1311 2335 ποσὶ
1352 2308 1419 2345 μετὰ
1460 2308 1573 2348 ὃοκρύων
1611 2316 1773 2350 προσπεσεῖν
1809 2309 1929 2345 ἀξίωσον,

1109 2351 1152 2378 καὶ
1173 2351 1222 2384 τὴν
1253 2351 1328 2390 ἁγίαν
1345 2353 1423 2381 αὐτοῦ
1444 2354 1536 2393 ψυχὴν
1552 2355 1588 2385 εἷς
1604 2354 1765 2392 συμπάθειαν
1787 2357 1836 2382 ταῦ
1851 2354 1929 2386 ἐλεῆ-

1110 2395 1153 2422 σαί
1169 2406 1200 2432 με
1215 2395 1323 2424 ἕλκυσον
1342 2405 1348 2412 '
1375 2399 1418 2426 καὶ
1447 2397 1500 2436 δὸς,
1532 2399 1619 2438 Κύριε,
1643 2400 1800 2427 ταπείνωσιν
1816 2402 1849 2438 τῇ
1864 2410 1929 2437 καρ-

1110 2438 1150 2475 δίᾳ
1183 2451 1243 2478 μου,
1280 2442 1324 2470 καὶ
1352 2441 1495 2482 λογισμοὺς
1520 2443 1668 2483 πρέποντας
1695 2443 1848 2483 ἅμαρτωλῷ
1875 2455 1932 2473 συν-

1109 2484 1210 2522 θεμένῳ
1238 2497 1278 2514 σοι
1308 2495 1448 2524 μετανοεῖν
1463 2498 1471 2506 '
1506 2490 1549 2516 καὶ
1578 2489 1616 2526 μὴ
1651 2489 1687 2520 εἰς
1716 2489 1792 2521 τέλος
1821 2489 1931 2528 ἐγκατα-

1109 2528 1204 2568 λείψῃς
1246 2531 1338 2570 ψυχὴν
1380 2533 1450 2566 ἅπαξ
1486 2533 1691 2572 συνταξαμένην,
1721 2535 1765 2562 καὶ
1800 2534 1931 2573 ὁμολογῆ-

1111 2585 1205 2611 σασαν,
1229 2576 1272 2603 καὶ
1287 2576 1344 2604 ἀντὶ
1365 2579 1462 2609 παντὸς
1488 2582 1533 2606 τοῦ
1560 2578 1661 2615 κόσμου
1690 2577 1867 2616 ἐκλεξαμένην
1888 2578 1930 2606 καὶ

1110 2620 1349 2658 προτιμησαμένην
1366 2633 1407 2652 σε.
1424 2621 1507 2655 Οἶδας
1523 2624 1583 2662 γὰρ,
1608 2623 1696 2661 Κύριε,
1712 2622 1752 2650 ὅτι
1766 2622 1835 2651 θέλω
1846 2624 1930 2656 σωθῆ-

1111 2674 1165 2700 ναι,
1183 2665 1204 2691 εί
1219 2665 1262 2692 καὶ
1278 2666 1294 2699 ἡ
1313 2667 1416 2707 πονηρά
1438 2679 1487 2706 μου
1503 2669 1626 2703 συνήθεια
1641 2667 1765 2705 ἐμπόδιόν
1782 2679 1835 2705 μου
1856 2668 1930 2696 καθί-

1111 2719 1203 2736 σταται
1223 2718 1229 2725 ’
1248 2709 1315 2738 ἀλλὰ
1330 2710 1424 2741 δυνατά
1453 2725 1505 2742 σοι.
1538 2713 1668 2753 Δέσποτα,
1697 2713 1782 2741 πάντα
1798 2711 1847 2740 ὅσα
1862 2713 1931 2752 παρά

1111 2752 1257 2793 ἀνθρώποις
1280 2754 1403 2787 ἀδύνατα,

1151 2794 1205 2836 μδ’.
1223 2801 1253 2828 Οἱ
1268 2799 1349 2828 καλὸν
1364 2803 1408 2830 τὸν
1437 2801 1558 2840 θεμέλιον
1582 2804 1631 2836 τῆς
1654 2802 1766 2834 πίστεως
1787 2803 1833 2830 καὶ
1854 2802 1929 2830 ἐλπί-

1110 2842 1165 2881 δος,
1190 2843 1216 2872 ἐν
1242 2847 1276 2882 τῇ
1306 2845 1374 2884 αὐλῇ
1399 2846 1591 2879 καταϐαλόντες
1617 2850 1668 2881 τῆς
1696 2845 1839 2885 εὗσεϐείας,
1867 2848 1932 2885 μετά

1110 2888 1192 2928 φόϐου
1217 2889 1259 2917 καὶ
1287 2891 1398 2931 τρόμου,
1421 2893 1465 2921 καὶ
1487 2892 1529 2920 ἐπὶ
1554 2892 1603 2927 τὴν
1625 2893 1723 2932 πέτραν
1743 2895 1792 2925 τῆς
1813 2893 1932 2926 ὑπακοῆς
