1982 3075
56 204 59 205 ν
83 181 148 214 621
735 182 896 216 CAPITUL

947 182 1132 220 PRAGTICA
1719 190 1777 223 622

83 257 146 282 τῶν
174 258 359 293 πνευματικῶν
394 254 517 295 Πατέρων
556 255 617 287 τοὺς
644 255 726 289 πόδας
754 256 896 285 ἀσαλεύτου

955 255 1148 286 inconcussas
1163 256 1362 292 firmaverunt,
1374 256 1628 297 eorumquejussa
1636 261 1775 298 tanquam

84 299 250 338 ἐρείσαντες,
267 300 310 328 καὶ
324 300 360 331 ὡς
382 299 412 328 ἐκ
433 304 498 330 Θεοῦ
521 300 652 338 στόματος
676 301 709 328 τὰ
730 300 791 340 παρ’
808 301 896 329 ἐκείνω

956 309 972 331 e
988 300 1086 330 divino
1103 309 1154 331 ore
1168 301 1298 340 profecta
1313 300 1479 339 audientes,
1497 305 1526 332 et
1543 301 1612 333 huic
1627 302 1776 334 obedien-

82 344 268 382 ἐντελλόμενα
296 345 446 384 ἀκούοντες,
475 346 519 373 καὶ
546 349 585 382 τῷ
612 345 724 383 Θεμελίῳ
754 346 838 382 τούτῳ
865 348 896 378 τῆ

956 345 1002 375 tiae
1015 345 1205 376 fundamento
1217 347 1290 376 citra
1305 345 1521 377 dubitationem
1537 347 1777 386 superaedifican-

84 390 213 423 ὑπακοῆς
236 388 397 421 ἇδιστάκτως
421 389 654 427 ἐποικοδομοῦντες
675 391 740 419 αὒτὰ
765 390 791 418 ἐν
820 401 896 418 ταπει

956 393 1011 426 tes,
1026 390 1101 420 eain
1118 389 1282 420 humilitate
1297 390 1405 420 animm
1417 391 1639 430 protinusreete
1652 392 1773 430 obeunt,

83 434 169 462 νώσει
205 437 308 474 ψυχῆς,
339 435 412 466 εὐθὺς
440 436 592 474 κατορθοῦσι
609 444 618 453 '
660 435 703 464 καὶ
742 437 912 474 κατορθοῦται

82 479 183 510 αὐτοῖς
210 480 241 507 τὸ
271 479 339 518 μέγα
367 484 443 509 τοῦτο
471 480 515 507 καὶ
545 482 648 519 πρῶτον
677 479 846 518 κατόρθωμα,
881 479 911 508 to

83 523 198 555 ἑαυτοὺς
234 524 456 563 ἀπαρνήσασθαι·
486 525 517 552 τὸ
544 525 594 564 γὰρ
628 523 746 564 πληροῦν
775 524 911 564 ἀλλότριον

82 567 206 606 Θέλημα,
223 569 265 596 καὶ
281 569 319 604 μὴ
333 569 364 597 τὸ
392 569 496 598 ἑαυτοῦ.
520 570 550 598 οὒ
578 569 659 606 μόνον
687 569 834 606 ἀπάρνησιν
860 571 910 602 τῆς

83 611 154 644 ἰδίας
171 615 274 652 ψυχῆς,
290 612 358 641 ἀλλὰ
373 614 416 641 καὶ
439 613 564 653 νέκρωσιν
593 613 642 647 τὴν
671 614 736 652 πρὸς
752 614 796 641 τὸν
810 613 911 651 κόσμον

83 657 194 686 ἅπαντα
209 658 327 695 ἐμποιεῖ.

128 697 186 740 με’.
205 706 248 740 Τῷ
261 704 299 739 τῷ
325 703 419 731 ἑαυτοῦ
443 704 523 743 Πατρὶ
550 702 713 742 ἆντιλὲγοντι
739 703 896 743 συγχαίρουο

993 702 1041 733 45.
1060 702 1286 734 Contradicente
1302 703 1439 744 quopiam
1458 703 1535 734 Patri
1551 713 1615 744 suo,
1633 703 1772 735 laetantur

82 746 222 785 δαίμονες,
248 748 293 775 τὸν
317 746 343 775 δὲ
372 747 455 788 μέχκι
484 748 595 776 θανάτου
621 748 825 786 ταπεινούμενον
846 750 893 776 θαυ

952 745 1102 777 daemones
1117 758 1124 779 :
1139 747 1345 778 humiliantem
1370 758 1438 778 vero
1461 757 1503 784 se,
1522 757 1615 788 usque
1633 749 1668 779 ad
1686 758 1771 779 mor-

82 792 198 830 μάζουσι
227 790 334 831 ἄγγελοι
351 800 358 807 '
389 792 464 832 ἔργον
495 793 545 832 γὰρ
573 797 638 822 Θεοῦ
660 794 673 821 ὁ
695 793 812 825 τοιούτος
835 792 896 832 ἐργά

951 794 1022 828 tem,
1039 791 1222 822 admirantur
1236 792 1344 832 angeli.
1362 791 1441 822 Talis
1456 792 1535 822 enim
1550 802 1624 832 opus
1637 793 1691 824 Dei
1703 803 1772 833 ope-

82 840 173 876 ζενιταιι⁷
189 835 388 874 ἐξομοιούμενος
409 840 447 874 τῷ
473 839 525 874 ι’ἱῷ
546 841 592 866 τοῦ
619 841 696 875 Θεοῦ,
719 841 757 874 τῷ
785 838 834 871 τὴν
862 839 896 867 in:

950 839 1051 872 ratur;
1074 836 1182 866 similis
1205 836 1278 867 Filio
1303 836 1366 871 Dei.
1388 836 1439 876 qui
1454 836 1549 867 factus
1564 840 1608 867 est
1623 837 1701 867 Patri
1717 847 1771 868 suo

956 443 1121 474 magnoque
1144 435 1193 465 illo
1209 444 1242 465 ac
1256 434 1349 474 primo
1366 435 1473 472 officio,
1488 435 1566 475 quod
1583 440 1627 466 est
1642 435 1774 476 seipsum

953 478 1111 518 abnegare,
1129 479 1205 510 bene
1220 479 1467 518 funguntur.Nam
1485 489 1518 510 ex
1534 480 1642 518 aliena,
1666 490 1724 511 non
1740 491 1775 515 ex

952 531 1005 554 sua
1016 525 1163 555 voluntate
1179 524 1322 564 pendere,
1350 533 1408 554 non
1432 524 1528 554 solum
1544 524 1773 564 abnegationem

953 567 1058 599 animas
1073 578 1133 599 sua)
1148 568 1279 599 continet
1296 578 1302 599 :
1320 569 1373 599 sed
1389 569 1475 599 etiam
1493 569 1548 599 toti
1561 569 1671 600 mundo
1692 579 1776 600 mor-

953 615 1035 643 tuum
1051 622 1116 645 esse
1131 613 1208 644 facit.

81 881 172 914 ακοὴν
208 880 395 921 πεπληρωκότι
426 885 464 919 τῷ
483 881 540 918 ἰδίῳ
564 883 645 922 Πατρὶ
675 882 755 922 μέχρι
784 882 894 910 θανάτου

950 879 1130 911 cumulate'«
1147 881 1292 912 obediens
1317 890 1409 921 usque
1423 881 1458 911 ad
1475 885 1600 912 mortem
1619 890 1625 912 :
1645 886 1768 913 mortem

80 926 199 954 θανάτου
214 924 241 953 δὲ
255 928 377 965 σταυροῦ.

948 928 1046 955 autem
1064 926 1160 957 crucis
1179 927 1192 947 ⁸
1204 927 1237 956 10.
1254 939 1267 954 η

126 965 200 1007 μς”,
219 966 246 998 ’0
262 969 344 1001 πολὺς
370 971 414 998 καὶ
435 969 540 1009 ἄκαιρος
556 972 715 1011 συντριμμδς
737 974 786 1005 τῆς
801 970 896 1011 καρδία

987 970 1037 1000 46.
1055 971 1153 1009 Multa,
1165 975 1193 1001 et
1204 971 1412 1011 intempestiva
1427 971 1525 1002 cordis
1535 971 1672 1002 contritio
1685 982 1767 1002 men-

83 1014 200 1050 σκοτιζει
216 1015 260 1042 καὶ
273 1014 350 1042 Θολοτ
363 1015 413 1048 τὴν
441 1013 570 1053 διάνοιαν,
599 1017 642 1044 καὶ
670 1016 718 1049 τὴν
747 1016 796 1053 μὲν
823 1017 896 1043 καθα·

948 1019 1007 1044 tein
1027 1014 1173 1046 turbidam
1189 1015 1297 1054 reddit,
1321 1015 1410 1056 eique
1435 1016 1573 1047 tenebras
1587 1016 1723 1052 offundit,
1741 1022 1771 1048 et

82 1058 133 1097 ρὰν
169 1058 252 1098 εὐχὴν
283 1059 327 1086 καὶ
361 1057 496 1090 κατάνοξιν
523 1059 576 1087 ἀπὸ
597 1060 646 1092 τῆς
668 1062 760 1099 ψυχῆς
783 1058 896 1099 ἐξαφανί-

947 1068 1050 1099 puram
1074 1060 1238 1091 orationem
1263 1065 1351 1101 atque
1378 1060 1573 1091 humilitatem
1603 1060 1639 1091 ab
1667 1063 1768 1092 anima

80 1106 120 1138 ζει
140 1111 146 1117 ·
175 1103 256 1131 πόνον
277 1102 304 1130 δὲ
319 1102 458 1142 καρδιακὸν
480 1103 598 1140 ἐμποιεῖ,
615 1103 747 1132 Ἐντεύθεν
769 1103 796 1131 δὲ
819 1103 896 1137 σκλη-

947 1103 1025 1134 tollit
1040 1113 1046 1133 τ
1066 1104 1198 1135 dolorem
1211 1109 1308 1136 autem
1325 1105 1422 1135 cordis
1433 1105 1587 1144 ingenerat
1605 1117 1611 1136 :
1631 1105 1700 1136 inde
1716 1106 1769 1136 du-

81 1147 184 1186 ρότητα
212 1147 257 1175 καὶ
285 1146 407 1186 πώρωσιν
437 1146 543 1187 ἄπειρον
560 1157 569 1166 ·
598 1147 639 1176 διὰ
673 1147 700 1175 δὲ
728 1148 826 1176 τούτων
848 1154 896 1176 τοι

947 1147 1044 1178 ritiem
1061 1153 1089 1178 et
1105 1149 1266 1180 cmcitatem
1283 1150 1470 1187 immensam,
1497 1159 1550 1190 per
1574 1160 1638 1190 qum
1654 1151 1766 1181 damo—

81 1199 275 1230 πνευματικοῖς
304 1194 327 1221 οἱ
355 1191 475 1230 δαίμονες
510 1194 557 1227 τὴν
598 1193 748 1232 ἀπόγνωσιν
784 1204 893 1232 πραγμα

947 1201 1000 1223 nes
1015 1193 1079 1224 vita:
1090 1194 1250 1234 spiritualis
1266 1194 1503 1235 desperationem
1520 1195 1693 1226 moliuntur.

80 1238 212 1267 τεόονται.

123 1277 181 1320 μζ’.
218 1277 348 1315 (Οπηνίκα
383 1293 424 1311 σοι
452 1286 533 1311 ταῦτα
565 1282 770 1324 unanimum,-
786 1283 902 1323 μοναχὲ,

81 1326 159 1366 εὕρῃς
185 1325 213 1354 δὲ
234 1326 314 1362 ζῆλον
343 1327 386 1354 καὶ
414 1327 494 1356 πόθον
519 1327 686 1361 τελειότητος
715 1327 742 1355 ἐν
770 1331 804 1366 τῇ
826 1331 903 1368 ψυχῇ

79 1382 128 1400 σου
144 1371 237 1408 πολὺν,
261 1372 297 1403 ὡς
320 1371 477 1410 ἐπιθυμῆσαι
504 1375 589 1401 πᾶσαν
617 1372 665 1410 μὲν
695 1372 806 1406 ἐντολὴν
835 1372 904 1406 πλη-

79 1419 163 1456 ρῶσαι
192 1419 269 1453 Θεοῦ,
298 1416 341 1444 καὶ
360 1415 428 1454 μηδὲ
456 1416 552 1456 μέχρις
574 1417 654 1456 ἀργοῦ
681 1417 761 1456 λόγου
785 1418 903 1457 παραπί-

79 1471 156 1489 πτειν
178 1462 222 1489 καὶ
251 1461 410 1498 ἁμαρτάνειν
426 1471 433 1477 '
460 1460 573 1499 μηδενὸς
596 1461 622 1490 δὲ
644 1465 697 1490 τῶν
725 1463 807 1492 πάλαι
837 1463 903 1490 ἀπο-

79 1505 219 1546 λειφθῆναι
236 1506 316 1544 ἁγίων
339 1506 407 1534 κατὰ
430 1505 534 1545 πρᾶξιν,
565 1507 609 1534 καὶ
638 1510 746 1546 γνῶσιν,
776 1508 820 1534 καὶ
834 1508 903 1535 θεω-

79 1551 136 1590 ρίαν
154 1558 160 1566 '
192 1551 253 1589 ὁρᾷς
288 1549 316 1577 δὲ
344 1550 512 1588 κωλυόμενον
540 1553 634 1580 σαυτὸν
662 1553 732 1591 παρὰ
760 1556 807 1580 τοῦ
833 1553 901 1580 imo-

80 1595 231 1635 κείροντος
255 1595 288 1622 τὰ
314 1596 363 1628 τῆς
390 1596 500 1633 ἀθομίας
527 1597 638 1632 ζιζάνια,
669 1597 713 1624 καὶ
741 1597 780 1633 μὴ
805 1596 902 1628 ἐῶντός

80 1650 110 1668 σε
132 1641 168 1671 εἰς
184 1644 306 1669 τοσοῦτον
331 1639 397 1677 ὕψος
421 1641 569 1679 ἁγιωσύνης
598 1640 700 1677 ἐλάσαι,
732 1641 759 1669 ἐν
780 1642 819 1679 τῷ
832 1643 901 1670 ὑπο-

78 1683 186 1713 ϐάλλειν
202 1685 280 1712 αὐτὸν
302 1684 446 1723 λογισμοὺς
475 1685 583 1723 ἆθδμίας
611 1686 654 1714 καὶ
681 1685 767 1724 λέγειν
785 1695 791 1701 ·
822 1685 900 1714 Ἀδύ-

79 1729 157 1757 νατόν
185 1740 225 1756 σοι
248 1729 330 1766 μέσον
356 1732 403 1757 τοῦ
430 1729 531 1767 κόσμου
557 1731 672 1763 σωθῆναι
690 1739 697 1746 ⁸
727 1732 771 1758 καὶ
792 1730 900 1771 φυλάξαι

78 1773 166 1805 πάσας
181 1773 227 1804 τὰς
243 1772 350 1805 ἐντολὰς
374 1772 522 1805 ἆνελλιπῶς
551 1777 597 1802 τοῦ
617 1778 682 1803 Θεοῦ
698 1783 704 1788 ·
733 1775 793 1803 τότε
823 1776 853 1802 σὺ
874 1775 901 1802 ἐν

79 1821 127 1856 μιᾷ
152 1818 259 1850 καθίσας
297 1818 448 1856 καταμόνας
488 1819 581 1858 γωνίᾳ,
618 1819 751 1847 σύστειλον
780 1821 898 1859 σεαυτὸν,

79 1863 123 1891 καὶ
151 1861 303 1895 ἐπισύναξόν
332 1874 378 1890 σου
415 1864 459 1891 τὸν
496 1863 624 1903 λογισμόν
655 1865 698 1892 καὶ
726 1863 769 1896 δὸς
798 1865 900 1903 ἀγαθὴν

79 1906 178 1945 βουλὴν
193 1909 226 1944 τῇ
239 1909 273 1944 σῇ
295 1909 382 1946 ψυχῇ,
406 1909 451 1949 καὶ
464 1907 520 1935 εἱπέ
535 1899 541 1925 ί
563 1899 578 1936 ad
597 1899 646 1937 τἱνα
661 1909 685 1936 τί
702 1899 843 1948 περίλυπός
859 1909 899 1949 εἶ’⁷

77 1953 95 1986 ὴ
110 1953 187 1991 ψυχή
205 1962 255 1989 μου
272 1961 279 1992 ς
299 1963 312 1979 ο
330 1953 386 1992 καὶ,
405 1964 416 1979 ι
438 1944 488 1981 "fw:
503 1953 528 1980 τί
542 1953 731 1992 συνταράσσεις
747 1964 780 1991 με
795 1963 802 1970 ⁵
822 1965 833 1982 ιν
853 1953 898 1981 ἕλ-

79 2008 156 2025 πισον
170 1996 212 2024 ἐπὶ
236 1998 281 2024 τὸν
310 1998 387 2034 Θεὸν,
417 1997 457 2025 ὅτι
485 1997 714 2037 ἐξομολογήσομαι
744 1998 824 2035 αὒτῷ,
842 2010 898 2026 σω-

79 2042 169 2080 τήριον
185 2046 231 2070 τοῦ
245 2042 388 2080 προσώπου
412 2053 474 2082 μοι»¹
504 2043 565 2082 οὒχὶ
595 2043 627 2070 τὰ
649 2042 711 2082 ἔργα
727 2054 788 2080 μου¹
806 2042 864 2071 ἀλλ’
886 2045 900 2071 ὁ

81 2085 144 2117 Θεός
167 2086 218 2123 μού
232 2086 287 2114 ἐστι
305 2096 312 2102 ·
342 2086 381 2118 τίς
408 2087 457 2125 γὰρ
481 2088 523 2114 καὶ
548 2086 573 2119 ἐξ
596 2087 678 2127 ἔργων
694 2087 774 2125 νόμου
788 2087 899 2116 δικαιω-

78 2131 210 2170 θήσεται;
247 2131 282 2160 Οὔ
319 2130 519 2166 ἕικαιωθήσεται
555 2133 604 2172 γὰρ
642 2132 753 2160 ἐνώπιόν
781 2144 827 2161 σου
849 2136 900 2165 πᾶς

79 2178 129 2210 ζῶν
145 2183 152 2189 ⁸
187 2174 246 2203 ἀλλ’
281 2175 312 2202 ἐκ
338 2176 452 2208 πίστεως
477 2179 526 2209 τῆς
551 2177 586 2208 εἷς
604 2178 681 2206 αὐτὸν
696 2178 741 2205 τὸν
757 2177 822 2205 Θεόν
837 2189 898 2215 μου,

80 2218 174 2254 ἐλπίζω
203 2221 319 2261 σωθῆναι
353 2219 395 2250 διὰ
422 2221 472 2253 τῆς
499 2220 600 2260 ἀφάτου
632 2221 828 2261 εὐσπλαγχνίας
856 2223 900 2251 αὖ·

80 2263 124 2292 τοῦ
138 2262 246 2302 δωρεάν.
276 2256 374 2303 Ὕπαγε
400 2264 485 2293 ὀπίσω
514 2256 576 2305 μου⁷
607 2269 713 2294 Σατανᾶ
730 2256 848 2305 ’Πίίυρίῳ
862 2270 900 2304 τῷ

81 2312 135 2346 Θεῷ
149 2320 199 2347 μου
222 2313 373 2348 προσκυνῶ,
400 2310 444 2338 καὶ
466 2313 536 2348 αὐτῷ
565 2311 594 2339 ἐκ
621 2312 746 2345 νεότητός
776 2323 826 2349 μου
848 2311 898 2340 λα-

80 2354 171 2394 τρεύῳ,
194 2357 233 2392 τῷ
247 2353 383 2392 δυναμένῳ
399 2366 431 2392 με
461 2358 544 2383 σῶσαι
572 2356 599 2383 ἐν
628 2356 701 2393 μόνῳ
714 2360 752 2394 τῷ
767 2356 833 2385 ὲλέει
849 2357 897 2385 αὒ-

79 2402 133 2430 τοῦ,
149 2397 294 2432 Ἀπόστηθι
310 2399 353 2427 οὖν
369 2399 415 2427 ἀπ’
440 2399 515 2437 ἐμοῦ,
546 2395 575 2428 ιΟ
604 2401 668 2432 Θεὸς
698 2402 712 2429 ὁ
737 2402 852 2436 ποιήσας
866 2413 898 2440 με

79 2442 135 2471 κατ’
157 2443 244 2471 εἰκόνα
259 2445 302 2472 καὶ
317 2443 376 2472 καθ’
393 2444 517 2482 ὁμοίωσιν
534 2445 613 2473 αὐτοῦ
627 2447 788 2485 καταργήσει
804 2457 845 2477 σε.

117 2482 177 2525 μη’.
196 2483 224 2517 Q0
247 2489 312 2520 Θεὸς
327 2488 352 2521 ἐξ
379 2490 458 2526 ἡμῶν
487 2488 559 2518 οῦδὲν
588 2489 675 2529 ἕτερον
697 2482 827 2526 ’ἐπιζητεῖ
847 2495 900 2519 τῶν

79 2533 229 2573 ἀνθρώπων⁷
254 2532 313 2562 ἀλλ’
341 2533 359 2567 ἢ
381 2534 411 2562 τὸ
428 2534 467 2572 μὴ
483 2534 643 2573 ἁμαρτάνειν
660 2535 703 2562 καὶ
721 2535 813 2573 μόνον.
830 2539 899 2564 Τοῦ-

119 2612 135 2638 θ
148 2613 177 2639 ¹⁰
192 2613 323 2654 Philipp.
340 2621 373 2652 ιι,
390 2614 420 2646 8.
463 2613 487 2639 ιι
505 2613 607 2645 Matth.
625 2622 688 2654 xm,
705 2615 756 2648 25.

809 2616 836 2638 η
850 2615 927 2650 Psal.
944 2626 1007 2655 xu,
1026 2616 1074 2656 15,
1093 2615 1143 2647 46.

985 1283 1036 1313 47.
1047 1282 1170 1319 Quando
1182 1284 1244 1314 haec
1259 1283 1312 1315 tibi
1323 1283 1519 1320 occurrerint,
1529 1284 1686 1322 monache,
1699 1285 1767 1316 etin

945 1327 1044 1358 anima
1059 1332 1107 1358 tua
1122 1328 1311 1368 perfectionis
1326 1328 1433 1364 zelum,
1447 1328 1690 1369 desideriumque
1706 1339 1765 1361 non

945 1372 1064 1411 vulgare
1080 1373 1276 1412 perspexeris,
1288 1376 1320 1403 ut
1331 1372 1469 1402 omnibus
1486 1373 1536 1402 Dei
1555 1373 1699 1404 mandatis
1709 1374 1765 1405 ob-

946 1420 1164 1456 temperare,ac
1174 1427 1210 1448 ne
1226 1417 1314 1448 verbo
1331 1417 1450 1457 quidem
1466 1417 1560 1448 otioso
1575 1418 1764 1458 delinquere,

943 1461 1130 1502 actioneque,
1142 1461 1320 1501 cognitione,
1334 1461 1584 1502 contemplatione
1605 1462 1676 1492 nulli
1688 1467 1766 1494 vete-

943 1515 1008 1536 rum
1021 1511 1193 1537 sanctorum
1207 1506 1314 1537 cedere
1330 1506 1532 1546 concupiscas,
1550 1507 1648 1537 cernis
1665 1511 1763 1538 autem

911 1559 932 1585 α
945 1549 1083 1591 impediri
1101 1556 1128 1582 te
1143 1551 1178 1582 ab
1193 1561 1227 1582 eo
1243 1551 1293 1592 qui
1309 1551 1420 1582 zizania
1434 1551 1653 1591 desperationis
1668 1551 1763 1582 inter-

943 1596 1111 1634 seminat“,
1124 1605 1161 1626 ne
1171 1596 1207 1626 ad
1217 1600 1326 1626 tantam
1336 1595 1539 1626 sanctimonia
1556 1595 1762 1627 celsitudinem

943 1641 1109 1681 pervenias,
1120 1641 1189 1671 dum
1205 1641 1255 1671 tibi
1269 1640 1462 1678 cogitationes
1471 1641 1613 1680 suggerit,
1624 1650 1657 1672 ac
1670 1641 1742 1672 dicit
1755 1653 1761 1673 :

942 1685 1005 1716 Non
1023 1689 1106 1726 potes
1121 1685 1181 1716 ullo
1198 1685 1285 1715 modo
1305 1685 1335 1715 in
1352 1685 1409 1715 hoc
1426 1685 1535 1715 mundo
1551 1686 1667 1722 salvari,
1682 1691 1712 1717 et
1727 1687 1763 1717 ad

943 1739 1069 1768 unguem
1095 1730 1194 1760 omnia
1220 1730 1356 1760 mandata
1375 1729 1429 1760 Dei
1444 1738 1566 1760 servare
1584 1738 1590 1760 :
1611 1734 1669 1760 tum
1687 1735 1716 1761 tu
1733 1731 1764 1762 in

942 1774 1040 1814 aliquo
1055 1774 1165 1814 angulo
1180 1774 1328 1804 solitarius
1353 1774 1511 1804 considens
1533 1778 1623 1805 temet
1645 1775 1761 1815 collige,

943 1818 1037 1858 daque
1053 1818 1174 1855 bonum,
1189 1822 1218 1848 et
1229 1818 1384 1859 probatum
1401 1819 1508 1848 animm
1524 1822 1580 1849 ture
1591 1819 1760 1860 consilium,

942 1863 972 1893 in
988 1863 1050 1893 haec
1066 1863 1154 1893 verba
1171 1872 1177 1894 :
1198 1876 1211 1890 ‹‹
1230 1862 1326 1899 Quare
1342 1863 1434 1893 tristis
1455 1872 1497 1901 es,
1525 1863 1625 1894 anima
1641 1873 1716 1901 mea,
1733 1870 1763 1896 et

941 1917 1031 1948 quare
1047 1907 1205 1938 conturbas
1222 1907 1285 1938 me‘?
1297 1909 1389 1947 Spera
1401 1908 1430 1938 in
1443 1907 1503 1938 Deo
1515 1908 1654 1948 quoniam
1665 1908 1763 1940 adhuc

941 1953 1105 1984 confitebor
1119 1952 1189 1982 ei”.
1211 1965 1222 1981 ν
1243 1951 1377 1983 Salutare
1394 1952 1471 1982 enim
1496 1953 1592 1983 vultus
1619 1953 1677 1983 mei
1703 1963 1762 1984 non

941 1997 1094 2028 benefacta
1109 2006 1186 2037 mea,
1206 1997 1257 2027 sed
1273 1996 1353 2027 Deus
1364 2000 1418 2027 est.
1436 1995 1507 2026 Nam
1524 1996 1591 2036 quis
1608 2006 1642 2028 ex
1658 1998 1762 2037 operi-

940 2041 996 2072 bus
1012 2041 1085 2080 legis
1101 2041 1187 2071 etiam
1200 2039 1427 2080 justiﬁcabitur‘!
1449 2052 1462 2068 α
1475 2041 1538 2071 Νοη
1550 2040 1764 2080 justificabitur

941 2087 1019 2117 enim
1036 2086 1067 2116 in
1082 2090 1243 2125 conspectu
1257 2089 1286 2115 tu
1301 2089 1349 2115 tuo
1361 2085 1456 2115 omnis
1472 2084 1570 2115 vivens
1582 2085 1617 2122 13,
1633 2096 1645 2114 ι
1663 2086 1713 2116 sed
1727 2096 1763 2117 ex

943 2131 1001 2162 ﬁde
1011 2131 1146 2171 inipsum
1162 2131 1254 2161 Deum
1267 2139 1364 2159 meum
1375 2129 1516 2159 salvatum
1530 2139 1578 2160 me
1591 2130 1628 2160 iri
1643 2131 1760 2160 confido

941 2175 1044 2215 gratis,
1071 2178 1192 2216 propter
1216 2173 1449 2204 misericordiam
1466 2174 1531 2213 ejus
1551 2174 1734 2205 ineffabilem
1753 2184 1759 2206 ;

946 2233 956 2249 ιι
974 2220 1055 2251 Vade
1069 2225 1149 2250 retro
1166 2218 1351 2257 me,Satana,
1367 2218 1524 2248 Dominum
1542 2227 1641 2250 meum
1657 2220 1759 2256 adoro,

911 2260 971 2297 l)et
986 2265 1013 2296 ei
1029 2264 1124 2296 servio
1141 2264 1165 2284 14
1183 2277 1194 2292 ι)
1212 2273 1228 2294 a
1241 2264 1395 2304 juventute
1413 2272 1488 2301 mea,
1510 2263 1560 2303 qui
1577 2273 1624 2295 me
1647 2264 1677 2294 in
1701 2264 1764 2295 sola

943 2309 1148 2340 misericordia
1172 2319 1224 2339 sua
1247 2309 1359 2340 salvare
1387 2312 1482 2348 potest
1516 2308 1616 2348 Apage
1642 2309 1759 2348 igitur:

942 2356 1021 2386 Deus
1037 2354 1087 2394 qui
1100 2363 1147 2384 me
1158 2354 1195 2384 ad
1211 2353 1436 2384 similitudinem
1462 2356 1491 2383 et
1506 2352 1667 2393 imaginem
1680 2363 1762 2384 suam

941 2400 1023 2438 fecit,
1040 2399 1105 2440 ipse
1122 2403 1149 2429 te
1161 2398 1306 2429 destruet.

981 2490 1031 2522 48.
1048 2489 1111 2520 Hoc
1127 2488 1223 2519 solum
1233 2489 1311 2518 Deus
1325 2487 1361 2518 ab
1377 2486 1548 2518 hominibus
1564 2487 1650 2518 nobis
1665 2489 1764 2529 requi-

940 2536 989 2574 rit,
1007 2544 1045 2566 ne
1060 2542 1218 2575 peccemus
1235 2532 1276 2573 (a)
1293 2536 1436 2573 praeterea
1459 2531 1546 2562 nihil.
1573 2531 1654 2564 Istud
1677 2542 1764 2573 porro

1185 2615 1212 2635 ‘3
1228 2613 1302 2645 l’sal.
1319 2621 1393 2652 cxu,
1410 2613 1439 2644 2.
1494 2613 1524 2637 Η
1539 2612 1638 2644 Matth.
1657 2621 1696 2651 IV,
1714 2613 1762 2646 10.

118 2701 155 2735 (a)
173 2699 315 2743 Requirit
331 2708 348 2730 a
364 2698 451 2743 nobis
466 2699 557 2743 Deus,
573 2704 606 2731 ut
620 2709 778 2743 servemus
789 2702 929 2734 mandata
943 2703 1020 2743 ejus.
1040 2701 1159 2741 (Matth.
1176 2709 1236 2736 x1x,
1254 2700 1300 2736 Π)
1317 2708 1324 2730 ;
1341 2712 1352 2726 «
1372 2698 1402 2730 Si
1418 2698 1462 2729 vis
1476 2697 1512 2743 ad
1528 2697 1618 2728 vitam
1634 2697 1763 2737 ingredi,

83 2747 165 2784 serva
179 2737 317 2770 mandata
332 2750 339 2770 :
359 2752 373 2768 ι»
392 2740 490 2784 at_hoc
506 2737 605 2784 reipsa
620 2751 679 2771 non
696 2746 740 2772 est
754 2741 845 2779 aliud,
862 2753 949 2784 quam
959 2737 1000 2774 'ut
1016 2737 1074 2784 non
1090 2750 1248 2781 peccemus
1263 2748 1272 2770 .'
1289 2749 1356 2784 nam
1373 2737 1522 2779 peccando
1539 2747 1598 2767 non
1613 2746 1766 2784 servamus

83 2778 217 2824 mandata
234 2789 241 2811 :
260 2784 289 2810 et
306 2780 449 2824 servando
465 2778 615 2824 mandata,
634 2791 694 2812 non
709 2778 879 2824 peccamus:
893 2783 995 2824 Itaque
1013 2782 1063 2823 qui
1080 2778 1200 2824 tantum
1218 2780 1364 2824 praecipit,
1374 2778 1416 2809 fut
1437 2787 1588 2809 servemus
1606 2779 1764 2824 mandata;

83 2819 107 2850 is
117 2819 207 2866 etiam
221 2824 335 2866 tantum
351 2820 496 2861 praecipit,
513 2825 544 2866 ut
561 2831 620 2852 non
645 2819 814 2863 peccemus.
835 2823 872 2855 Ut
897 2819 956 2864 qui.
975 2819 1087 2866 tantum
1114 2819 1259 2863 praecipit,
1275 2819 1390 2851 ut’non
1413 2827 1590 2860 peccemus;
1606 2819 1632 2849 is
1649 2822 1764 2850 tantum

83 2859 222 2900 praecipit,
239 2865 272 2892 ut
286 2859 602 2894 servemus'mandata.
