1982 3075
208 167 267 200 627

208 235 310 267 multis
322 238 438 276 praeest,
451 234 552 274 etipse
564 233 711 269 minister,
725 241 796 263 cura
805 241 907 263 vacare
921 232 1028 264 debet:
1041 237 1062 260 Α

207 280 264 311 hoc
281 283 334 318 est,
351 279 390 310 ab
404 278 542 310 omnibus
555 277 620 309 vitm
635 276 763 316 negotiis
777 277 852 308 citra
866 276 1027 308 dubitatio—

208 334 276 356 nem
292 324 379 362 liber,
397 327 426 354 et
441 322 596 363 expeditus
608 331 685 353 esse.
697 321 769 352 Nam
783 321 808 352 si
822 321 1028 353 sollicitudini-

207 369 262 400 bus
270 369 424 409 agitamur,
434 367 673 408 praevaricatores
684 366 938 397 invenimurillius
949 375 1028 397 man-

207 413 276 445 dati:
285 412 538 444 «Nesollicitisitis
553 411 660 442 animae
668 411 851 451 vestraequid
863 411 1026 442 manduce-

206 458 255 499 tis,
267 461 317 488 aut
332 457 401 498 quid
412 457 532 493 bibatis;
544 465 642 496 neque
660 456 777 496 corpori
788 459 885 486 vestro
896 455 965 495 quid
979 455 1026 485 in-

207 502 338 534 duamini
348 513 353 533 :
363 503 426 532 haec
433 501 511 532 enim
519 501 619 531 omnia
629 505 732 540 gentes
741 500 1027 540 inquiruntw.Etite~

205 556 284 578 rum:
291 547 425 584 «Cavete,
434 545 590 586 nequando
601 549 758 584 graventur
764 545 854 575 corda
863 549 956 575 vestra
966 554 1028 575 cra-

206 591 517 632 pula,etebrietale,ac
523 589 1005 629 sollicitudinihushujussmculi”.
1013 602 1024 617 η

247 636 296 667 54.
313 635 406 672 Quem
423 644 472 666 res
487 635 551 665 vitae
573 635 659 674 hujus
683 634 840 665 sollicitum
862 634 982 671 habent,
999 637 1029 665 et

206 684 327 720 angunt,
345 689 404 711 non
420 683 464 710 est
479 679 564 710 liber.
579 678 702 719 Propter
717 679 822 709 barum
840 679 949 719 quippe
964 679 1026 710 sol-

206 725 406 762 licitudinem,
434 728 463 755 et
483 733 585 754 curam
616 723 731 754 anxiam
753 732 819 754 sese
844 723 982 761 demittit,
999 727 1028 754 et

208 769 357 801 servitutis
378 769 450 809 jugo
476 768 632 804 submittit,
658 768 719 798 sive
747 777 809 804 sua,
827 768 888 798 sive
902 767 1025 798 aliorum

208 823 296 845 causa
312 813 456 844 sollicitus
471 813 519 844 sit.
532 813 557 843 A
571 812 678 853 quibus
693 812 779 852 liber,
797 821 851 842 nec
867 812 903 843 de
918 822 1028 845 se,nec

856 167 932 198 SYM
935 165 1009 198 EON
1012 163 1047 196 IS
1067 165 1083 196 J
1087 166 1243 198 UNIORIS

1846 167 1903 200 628

1072 243 1128 270 νος,
1145 233 1189 261 καὶ
1204 232 1282 265 αὒτὺς
1311 234 1325 261 ὁ
1353 232 1492 271 διακονῶν,
1522 233 1667 274 ἀμέριμνος
1691 235 1790 275 ὀφείδει
1820 236 1903 273 εἶναι,

1071 277 1152 317 ἤγουν
1169 277 1301 318 ἐλεύθερος
1333 278 1386 306 ἀπὸ
1406 278 1512 307 πάντων
1539 282 1592 308 τῶν
1620 281 1758 308 Βιωτικῶν
1774 281 1902 320 πραγμά-

1069 333 1123 350 των
1160 321 1359 362 ἀναμφιϐόλως,
1400 323 1429 351 Εἰ
1457 324 1507 363 γὰρ
1536 327 1722 363 μεριμνῶμεν,
1753 324 1903 364 παραϐάται

1068 369 1117 400 τῆς
1145 371 1192 396 τοῦ
1221 371 1287 395 Θεοῦ
1315 367 1424 401 ἐντολῆς
1453 369 1637 408 εὑρισκόμεθα,
1669 372 1720 401 τῆς
1758 369 1901 408 λεγούσης,

1071 423 1084 438 α
1114 412 1158 445 Μὴ
1183 412 1363 452 μεριμνήσητε
1391 415 1425 450 τῇ
1447 415 1524 452 ψυχῇ
1546 414 1619 450 ὑμῶν
1645 413 1672 442 τί
1702 414 1820 454 φάγητε,
1845 414 1862 448 ἢ
1877 415 1902 442 τί

1068 456 1157 493 πίητε,
1187 457 1204 490 ἢ
1235 457 1259 484 τί
1288 455 1426 490 ἐνδύσησθε
1446 465 1452 473 ·
1485 461 1566 485 ταῦτα
1588 458 1637 497 γὰρ
1660 458 1751 487 πάντα
1780 459 1813 486 τὰ
1841 458 1900 492 ἔθνη

1068 499 1190 536 ἐπιζητεῖ
1207 509 1214 516 ⁸
1233 512 1248 529 ι
1265 501 1309 529 καὶ
1331 500 1410 529 πάλιν
1426 510 1432 517 ·
1454 513 1467 528 α
1483 501 1598 530 Βλέπετε
1615 503 1724 539 μήποτε
1741 503 1901 542 βαρυνθῶσιν

1070 547 1094 573 αἱ
1106 544 1208 585 καρδίαι
1229 546 1306 583 ἡμῶν
1322 546 1352 574 ἐκ
1373 545 1521 585 κραιπάλῃ,
1536 547 1581 575 καὶ
1596 547 1677 587 μέθῃ,
1695 548 1741 576 καὶ
1764 552 1902 587 μερίμναις

1068 590 1221 628 βιωτικαῗς,
1240 602 1254 618 ι

1109 629 1157 663 val.
1177 630 1205 664 ιΟ
1227 635 1254 663 ἐν
1276 642 1334 668 τοῖς
1359 636 1497 674 βιωτικοῖς
1526 635 1664 675 πράγμασι
1694 637 1740 664 τὸν
1771 636 1900 676 λογισμὸν

1069 678 1141 719 ἔχων
1157 683 1337 718 μεριμνῶντα,
1354 680 1400 708 οὒκ
1416 679 1485 708 ἔστιν
1507 679 1640 720 ἐλεύθερος
1660 690 1667 697 ·
1699 681 1753 709 ὑπὸ
1781 681 1832 720 γὰρ
1853 684 1900 715 τῆς

1069 725 1167 752 τούτων
1197 725 1326 764 μερίμνης
1348 724 1493 764 κατέχεται
1522 725 1567 753 καὶ
1595 724 1749 762 δουλοῦται,
1775 725 1824 754 κᾶν
1839 727 1902 765 ὑπὲρ

1069 769 1161 796 ἑαυτοῦ
1191 772 1304 808 μεριμνᾷ
1325 772 1418 807 ταῦτα,
1451 768 1499 797 κᾶν
1528 768 1561 796 δι’
1591 769 1710 810 ἑτέρους.
1743 767 1773 799 Ὀ
1804 770 1832 798 δὲ
1853 772 1902 798 ὑπὸ

1068 813 1168 841 τούτων
1190 813 1334 854 ἐλεύθερος⁷
1365 814 1422 842 οὔτε
1444 812 1476 841 δι’
1503 814 1606 852 ἑαυτὸν,
1641 814 1702 843 οὒτε
1733 814 1768 843 δι’
1799 815 1900 855 ἑτέρους

209 859 246 890 de
261 858 326 889 aliis
338 857 445 898 (quoad
460 857 550 889 vitam
566 858 643 888 hanc
659 856 774 897 attinet)
800 857 944 887 sollicitus
960 857 1025 895 erit,

1072 858 1225 896 μεριμνήσει
1246 859 1391 898 βιωτικῶς⁷
1421 857 1469 886 κᾶν
1500 857 1654 896 ἐπίσκοπος,
1686 859 1737 888 κᾶν
1764 859 1899 895 διάκονος,

208 912 261 934 seu
277 903 444 942 episcopus,
463 911 516 933 seu
532 901 716 941 praepositus,
734 911 787 933 seu
804 901 946 932 diaconus
961 902 1027 932 fue-

1072 901 1119 930 κὶὶν
1134 903 1278 941 ἡγούμενος
1295 903 1365 931 εἶναι
1390 903 1462 943 τύχῃ
1479 912 1486 920 ”
1509 901 1569 931 ἀλλ’
1598 902 1656 932 οὑδὲ
1686 904 1800 944 ἀργήσει
1824 905 1897 942 ποτὲ,

207 947 257 978 rit.
283 947 342 979 Sed
366 956 464 987 neque
492 946 646 977 feriabitur
669 946 846 986 aliquando;
868 950 918 976 aut
939 946 1028 986 quid-

1072 947 1087 981 ἤ
1110 959 1133 975 τι
1142 959 1180 980 θος
1208 950 1401 988 καταφρονήσει
1429 951 1482 977 τῶν
1512 948 1708 978 εὐτελεστάτων
1736 951 1781 978 καὶ
1810 960 1899 987 μικρο-

207 1001 307 1032 quam,
332 991 419 1022 etiam
443 991 646 1028 minimorum,
663 990 933 1030 vilissimorumque
957 1000 1028 1021 con-

1072 993 1155 1020 τάτων
1172 1000 1178 1007 ⁸
1213 993 1358 1033 θεαρέστως
1385 992 1411 1021 δὲ
1447 992 1551 1021 ἅπαντα
1581 997 1666 1022 ποιῶν
1695 995 1741 1023 καὶ
1763 994 1894 1034 πράττων⁷

207 1040 330 1068 temnet.
344 1035 398 1066 Dei
414 1039 511 1066 autem
527 1035 712 1075 beneplacito
727 1044 832 1066 omnes
846 1035 989 1071 actiones,
1001 1039 1028 1066 et

1072 1037 1214 1076 ἆμέριμνος
1229 1038 1256 1066 ἐν
1269 1041 1332 1066 πᾶσι
1348 1037 1503 1076 διατελέσει,
1520 1038 1564 1066 καὶ
1578 1037 1605 1065 ἐν
1627 1042 1666 1076 τῷ
1681 1039 1732 1077 βίῳ
1746 1049 1837 1070 παντι,

206 1090 296 1121 opera
317 1090 370 1112 sua
396 1080 532 1117 metiens,
559 1080 589 1110 in
616 1080 698 1110 omni
721 1089 764 1118 re,
783 1084 813 1110 et
829 1081 858 1110 in
876 1080 958 1111 omni
974 1081 1031 1111 vita

207 1125 409 1156 sollicitudine
424 1124 535 1156 carebit
548 1125 603 1164 (4).

249 1171 298 1202 55.
323 1171 399 1200 Dum
425 1169 551 1210 proximi
582 1169 691 1200 bonum
723 1168 871 1200 aediﬁcare
901 1170 1026 1209 cogitas,

1112 1166 1160 1200 νε’.
1178 1171 1221 1204 Μὴ
1235 1170 1385 1209 καταλύσῃς
1400 1182 1446 1200 σου
1460 1173 1508 1206 τὴν
1538 1172 1634 1210 οἰκίαν,
1662 1173 1690 1200 ἐν
1705 1176 1744 1210 τῷ
1759 1171 1895 1211 βούλεσθαί

209 1224 278 1246 cave
304 1224 342 1246 ne
371 1218 450 1245 tuam
479 1213 604 1246 diruas.
641 1214 791 1254 Perpinde
828 1215 908 1245 enim
939 1224 1028 1255 quam

1072 1225 1099 1242 σε
1114 1215 1163 1248 τὴν
1184 1220 1231 1244 τοῦ
1251 1215 1362 1248 πλησίον
1378 1215 1549 1254 οἰκοδομῆσαι
1567 1224 1574 1231 ’
1591 1216 1638 1256 ὅρα
1654 1217 1705 1256 γὰρ
1720 1217 1757 1248 ὡς
1774 1215 1892 1256 χαλεπὸν

204 1260 388 1291 laboriosum
405 1269 439 1290 ac
453 1258 575 1289 difﬁcile
591 1268 664 1299 opus
679 1258 727 1296 sit,
745 1260 901 1299 nequando
930 1259 986 1290 hoc
1002 1264 1028 1290 te

1072 1259 1100 1286 τὸ
1123 1258 1196 1298 ἔργον
1211 1260 1254 1287 καὶ
1281 1259 1430 1288 δύσκολον·
1459 1261 1564 1298 μήποτε
1590 1263 1802 1301 προαιρούμενος
1831 1263 1892 1288 τοῦ-

207 1305 359 1344 moliente,
377 1313 411 1334 ac
426 1303 620 1334 deliberatum
639 1303 777 1340 habente,
796 1308 824 1334 et
848 1308 926 1334 tuam
945 1304 1027 1344 deji-

1072 1314 1112 1338 το,
1134 1304 1178 1331 καὶ
1192 1304 1241 1337 τ’λν
1269 1304 1319 1337 σὴν
1346 1306 1521 1344 καθαιρήσῃς,
1553 1306 1596 1333 καὶ
1621 1305 1830 1343 ἀνοικοδομῆσαι
1845 1305 1891 1337 τὴν

207 1349 278 1389 cias,
298 1353 327 1380 et
343 1348 423 1380 illius
438 1348 611 1388 neutiquam
630 1347 796 1379 instaurare
812 1358 915 1388 queas.

1072 1348 1168 1376 ἐκείνου
1183 1348 1296 1388 ἱσχύσῃς
1313 1347 1439 1381 οηῖιδόλως.

248 1388 297 1425 56.
313 1393 375 1424 Nisi
390 1393 430 1423 ita
446 1397 632 1432 comparatus
658 1392 709 1429 sis,
736 1397 767 1423 ut
787 1393 924 1432 negotiis,
943 1397 971 1424 et
986 1393 1028 1424 fa-

1077 1431 1082 1434 _
1111 1388 1176 1430 Vg".
1194 1393 1256 1422 Ἐὰν
1272 1394 1309 1431 μὴ
1335 1393 1436 1422 τελείαν
1464 1394 1659 1434 ἆπροσπάθειαν
1689 1396 1742 1424 τῶν
1764 1394 1889 1434 πραγμά-

208 1437 365 1469 cultatibus
388 1446 488 1468 rerum
511 1437 585 1467 nihil
611 1446 758 1477 moveare,
776 1447 813 1468 ne
830 1437 882 1468 tibi
897 1437 1027 1469 admini-

1072 1449 1122 1466 των
1136 1439 1246 1466 καὶτῶν
1262 1438 1410 1478 χρημάτων
1432 1440 1520 1478 κτήσῃ
1548 1445 1594 1469 τοῦ
1617 1440 1686 1478 βίοι)²
1711 1441 1751 1477 μὴ
1780 1439 1890 1476 θελήσῃς

208 1482 383 1513 strationem
399 1481 544 1512 committi
559 1481 650 1519 velis;
666 1491 703 1512 ne
715 1481 744 1511 in
761 1482 806 1512 his
822 1486 934 1521 captus,
954 1492 1024 1522 pro-

1072 1483 1220 1521 οἰκονομίαν
1236 1483 1434 1523 ἐγχειρισθῆναι
1450 1486 1624 1524 πραγμάτων,
1641 1486 1688 1514 ἵνα
1712 1486 1751 1523 μὴ
1773 1485 1850 1516 ἁλοὺς
1866 1484 1890 1511 ὲν

209 1526 348 1558 mercede
365 1526 534 1564 ministerii,
551 1525 632 1563 furis,
652 1530 681 1556 et
694 1526 840 1565 sacrilegii
857 1526 1028 1558 damnatio-

1072 1528 1184 1563 τούτοις,
1209 1528 1264 1556 ἀντὶ
1279 1532 1325 1556 τοῦ
1339 1527 1469 1566 λήψεσθαι
1497 1530 1588 1567 μισθὸν
1612 1529 1760 1566 διακονίας,
1782 1529 1892 1558 κλέπτον)

208 1581 277 1603 nem
293 1572 412 1603 subeas.
431 1571 482 1603 Sin
499 1562 594 1602 autem
608 1562 630 1602 ad
641 1562 841 1611 prmpositoad
853 1572 909 1602 hoc
922 1581 1028 1603 munus

1072 1573 1114 1600 καὶ
1149 1571 1282 1611 ἱεροσύλου
1312 1572 1456 1607 καταδίκην
1492 1574 1597 1614 ὐφέξῃς.
1635 1575 1663 1603 Εἰ
1703 1574 1730 1602 δὲ
1765 1575 1814 1602 ὑπὸ
1849 1575 1892 1600 τοῦ

207 1626 344 1658 urgeare,
369 1616 494 1656 perinde
510 1620 538 1647 te
554 1616 671 1653 habeto,
690 1620 719 1646 ut
736 1617 759 1646 si
779 1615 914 1646 manibus
930 1616 1028 1656 ignem

1072 1617 1235 1655 προεστνῦτος
1261 1617 1325 1656 πρὸς
1347 1621 1423 1646 τοῦτο
1443 1616 1593 1656 ἐκϐιασθῇς,
1623 1619 1659 1650 ὡς
1684 1622 1735 1658 πῦρ
1763 1628 1890 1657 μεταχει-

206 1666 342 1693 urentem
370 1666 524 1692 tractares.
547 1662 583 1692 Et
608 1660 837 1700 applicationem
864 1661 956 1691 animi
977 1670 1028 1701 per

1072 1661 1206 1700 ριζόμενος
1222 1660 1325 1700 φλέγων
1349 1659 1464 1690 διάκεισο
1482 1671 1489 1677 '
1519 1663 1562 1690 καὶ
1590 1663 1639 1696 τὴν
1668 1663 1820 1703 προσϐολὴν
1847 1664 1890 1689 τοῦ

205 1707 436 1743 confessionem,
456 1710 485 1737 et
508 1705 708 1746 paenitentiam
736 1705 893 1742 cohibens,
915 1715 949 1736 ex
975 1706 1028 1737 ista

1072 1705 1211 1744 λογισμοῦ,
1237 1705 1270 1733 δι’
1301 1705 1491 1746 ἐξαγορεύσεως
1521 1708 1565 1735 καὶ
1593 1709 1735 1745 μετανοίας
1750 1707 1888 1746 ἀπείργων,

206 1751 335 1793 prmfecti
350 1751 499 1782 voluntate
517 1750 589 1780 nihil
604 1749 775 1780 detrimenti
790 1749 931 1790 accipies.

245 1797 294 1828 57.
313 1796 368 1832 Qui
392 1795 524 1826 nondum
541 1799 585 1826 est
599 1795 712 1832 ἀπιθὴς,
737 1803 833 1834 neque
863 1804 933 1825 num
955 1796 1027 1824 ἀπά-

204 1843 260 1870 Θεια
275 1841 323 1877 sit,
342 1840 438 1871 novit:
456 1849 554 1880 neque
571 1839 657 1870 talem
674 1839 825 1870 hominem
843 1849 908 1870 esse
924 1841 953 1871 in
971 1846 1029 1872 ter-

203 1886 246 1917 ris
259 1885 323 1926 (qui
339 1885 452 1915 scilicet
469 1884 550 1915 omni
567 1883 682 1914 turbido
700 1888 779 1914 motu
794 1889 886 1925 vacet)
905 1885 1028 1917 credere

206 1934 313 1972 potest.
338 1929 470 1966 Quonam
495 1929 575 1960 enim
605 1928 705 1966 modo,
733 1927 782 1969 qui
808 1937 839 1960 se
855 1929 952 1968 ipsum
969 1940 1028 1962 non

244 2024 273 2050 16
287 2024 390 2056 Matth.
406 2032 447 2063 vr,
463 2024 517 2056 25.
560 2023 588 2048 47
604 2023 675 2055 Luc.
692 2031 755 2060 χιι,
771 2023 822 2054 34.

203 2117 295 2174 suprp.
325 2109 550 2146 charitatemque
588 2115 669 2137 mens
697 2107 822 2136 humana
852 2113 1026 2138 transmeare

203 2154 235 2174 SO
248 2154 262 2174 e
280 2168 284 2173 .

203 2150 284 2176 solet.

240 2193 252 2209 ι
269 2182 411 2210 Transitio
428 2181 530 2210 mentis
559 2181 594 2208 ab
617 2180 662 2208 his
681 2186 745 2215 quae
760 2184 927 2213 cernuntur,
943 2181 978 2209 ad
994 2188 1024 2209 ea
1037 2176 1058 2200 D

203 2225 267 2254 quze
282 2225 339 2246 non
356 2222 523 2249 cernuntur,
540 2215 726 2254 ejusdemque
741 2223 765 2254 aq
781 2216 976 2254 sensibilibus,
991 2217 1025 2254 ad

201 2251 233 2282 e'a
250 2261 313 2289 quae
328 2260 414 2288 supra
430 2251 631 2281 sensum’sunt
655 2251 796 2286 migratio,
813 2251 978 2286 etjucunda
995 2253 1023 2280 in

202 2288 266 2318 illis
277 2289 520 2321 commemoratio,
538 2288 667 2316 omnium
690 2294 754 2322 qua}
769 2291 844 2315 retro
860 2292 936 2318 sunt,
953 2289 1025 2316 obli-

201 2325 316 2354 vionem
333 2325 434 2361 gignit.
451 2325 530 2353 Hanc
542 2324 642 2361 igitur
667 2330 719 2358 ego
735 2329 835 2361 veram
847 2324 982 2358 quietem,
998 2328 1025 2352 et

202 2362 307 2398 quietis
321 2358 469 2397 regionem
485 2367 516 2388 ac
541 2358 632 2398 locum
662 2358 774 2393 appello
785 2368 797 2398 _:
828 2359 860 2398 in_
874 2366 958 2398 quem
975 2360 1022 2395 qui

201 2394 487 2431 ascenderevmeruit,
504 2403 563 2425 non
579 2395 656 2425 inde.
672 2394 911 2430 quemadmodum
925 2394 1023 2428 Moses,

201 2433 389 2468 quadraginta
405 2433 506 2460 diebus
521 2438 547 2460 et
563 2431 660 2460 noctib
673 2439 695 2458 .s
710 2431 754 2468 Vin
769 2434 879 2468 _monte
907 2431 1024 2468 exactis.

200 2466 376 2497 descendet:
403 2468 453 2496 sed
482 2469 529 2496 ubi
558 2467 740 2502 compererit,
769 2466 876 2494 bonum
893 2473 954 2494 esse
970 2467 1026 2494 illic

201 2512 275 2539 esse,
291 2505 326 2532 de
341 2509 444 2533 caetero
470 2504 505 2532 ad
534 2503 667 2532 interiora
697 2502 776 2539 haud
797 2509 940 2537 quaquam
956 2509 1025 2530 con-

201 2537 336 2569 vertétur.
356 2541 464 2569 Domus
479 2544 573 2569 autem
589 2539 734 2567 Trinitatis
751 2537 795 2567 hic
811 2538 909 2569 factus,
922 2541 950 2566 et
966 2538 1025 2572 ipse

201 2576 231 2605 in
247 2576 386 2605 Trinitate
401 2576 477 2604 velut
492 2576 522 2604 in
547 2583 636 2611 regno
663 2574 802 2603 malorum
831 2573 1025 2611 inhabitabit:

200 2613 338 2641 chariiate
353 2611 492 2640 nimirum
517 2610 591 2640 eum
611 2614 798 2642 sustentante,
823 2616 877 2637 nec
899 2613 930 2637 ut
945 2610 1026 2639 cadat

199 2650 392 2684 permittente.
410 2658 421 2673 ι

236 2685 273 2718 (ιι)
301 2684 446 2713 Pontanus
474 2682 552 2711 addit
580 2682 735 2718 capitulum
774 2687 888 2718 unum;
934 2691 945 2705 ι
976 2681 1025 2710 Est

201 2717 364 2756 sollicitudo
378 2718 511 2756 quaedam
526 2726 629 2747 vacans
654 2718 775 2756 actione,
792 2721 819 2745 et
834 2717 911 2756 actio
923 2724 1024 2756 expers

201 2752 427 2785 sollicitudinis:
467 2759 498 2783 ut
525 2759 635 2787 contra,
667 2754 793 2783 vacuitas
821 2752 1024 2782 sollicitudinis

200 2795 327 2825 actuosa,
355 2796 382 2820 et
421 2790 549 2820 otiositas
587 2790 720 2824 sollicita,
760 2795 831 2825 quas
873 2793 900 2817 et
928 2789 1025 2817 Domi-

1072 1749 1190 1792 ἆϐλαᾷἠς
1205 1753 1238 1789 τῇ
1254 1755 1300 1779 τοῦ
1313 1755 1479 1790 προεστῶτος
1495 1752 1564 1792 εὖχῇ
1580 1751 1777 1790 διατηρηθῆσῃ.

1125 1790 1149 1812 γ’
1178 1791 1184 1800 '
1255 1795 1260 1802 ι
1381 1797 1387 1806 ς
1441 1797 1447 1806 γ
1511 1790 1544 1804 «⁷⁷
1593 1795 1630 1805 sm
1665 1796 1678 1805 υ
1729 1797 1740 1807 ,ι
1823 1796 1830 1805 ο

1109 1808 1137 1830 νς
1152 1815 1159 1823 .
1187 1800 1206 1823 0
1231 1807 1269 1832 μη
1294 1807 1411 1835 γεγονως
1436 1799 1553 1833 απαθης,
1577 1806 1633 1825 oue:
1664 1807 1706 1825 οτι
1730 1808 1798 1824 εστιν
1819 1807 1887 1824 απα-

1069 1841 1124 1868 οεια
1147 1838 1231 1876 οἶδεν,
1249 1838 1308 1867 ἀλλ’
1323 1839 1381 1868 οὔδε
1400 1842 1516 1869 πιστεύει
1540 1841 1610 1869 εἶναί
1637 1852 1697 1869 τινα
1719 1845 1835 1870 τοιοῦτον
1849 1840 1888 1867 ἐπὶ

1068 1887 1118 1918 τῆς
1134 1886 1195 1923 γῆς.
1214 1887 1273 1916 Πῶς
1296 1885 1346 1925 γὰρ
1366 1887 1379 1913 ὁ
1399 1886 1437 1924 μὴ
1460 1887 1551 1914 ἑαυτὸν
1577 1886 1760 1925 ἀρνησάμενος
1776 1890 1886 1925 πρῶτον,

1069 1930 1112 1958 καὶ
1129 1931 1158 1957 το
1180 1931 1249 1968 αἷμα
1272 1930 1388 1961 κενώσας
1418 1932 1558 1970 προθύμως
1588 1933 1664 1961 αὒτοῦ
1693 1933 1757 1972 ὑπὲρ
1772 1934 1819 1965 τῆς
1833 1941 1886 1968 μα-

1066 2109 1289 2174 ἓμξιοιρῖοεείι
1317 2109 1362 2138 bis
1399 2109 1515 2144 verbis;
1561 2110 1639 2140 illam
1677 2111 1793 2148 quidem
1822 2116 1883 2138 cum

1089 2154 1094 2174 l
1121 2155 1127 2174 l
1158 2154 1164 2174 ἰ

1089 2146 1141 2174 ixit
1158 2154 1164 2174 :

1107 2193 1117 2207 ι
1137 2182 1219 2218 Pater
1233 2187 1314 2209 meus
1329 2188 1426 2218 usque
1436 2182 1520 2210 modo
1549 2186 1694 2217 operatur.
1710 2187 1738 2212 ot
1753 2190 1804 2218 ego
1820 2187 1887 2218 ope-

1067 2224 1116 2254 ror
1134 2228 1143 2242 ι
1172 2217 1305 2254 (Ιοαηην,
1324 2217 1376 2254 17).
1409 2216 1443 2254 Et
1465 2216 1599 2247 rursum:
1632 2229 1642 2243 ι
1673 2216 1886 2254 Operaminici-

1067 2253 1134 2281 bum
1150 2260 1208 2281 non
1224 2252 1272 2288 qui
1289 2252 1369 2287 petit.
1396 2252 1445 2280 sed
1473 2254 1522 2288 qui
1543 2259 1638 2283 manet
1666 2252 1795 2283 in'vitam
1810 2257 1886 2288 aeter-

1067 2295 1132 2316 nam
1153 2299 1162 2313 ι
1181 2289 1274 2323 (Ιοαη.
1298 2293 1337 2325 γι,
1352 2288 1407 2323 27),
1442 2287 1499 2325 non
1530 2290 1685 2325 prohibens
1701 2290 1822 2325 operari,
1839 2287 1885 2316 sed

1066 2325 1182 2361 docens,
1201 2331 1253 2352 nos
1280 2323 1412 2361 absque‘
1428 2323 1621 2361 sollicitudine
1650 2323 1761 2361 operari
1779 2334 1786 2355 ;
1815 2325 1885 2352 hanc

1066 2367 1142 2397 vero,
1169 2360 1321 2397 dum_ait:
1353 2369 1364 2385 ι
1397 2359 1465 2393 Quis
1493 2365 1616 2390 vestrum
1644 2359 1772 2397 cogitans
1797 2363 1884 2397 potest

1066 2396 1189 2430 adjicere
1219 2395 1254 2423 ad
1283 2398 1418 2423 staturam
1448 2403 1530 2424 suam
1566 2395 1695 2425 cubitum
1724 2395 1841 2425 unum?
1869 2404 1881 2420 ι

1067 2431 1188 2467 (ΜαιιΙι.,
1205 2437 1244 2463 VI,
1260 2430 1306 2464 27)
1323 2430 1426 2467 tollens
1456 2432 1585 2460 videlicet
1614 2434 1733 2461 otiosam
1748 2432 1884 2460 sollicitu-

1067 2467 1174 2500 tlinem,
1191 2467 1237 2507 ciui
1252 2466 1426 2507 actio_deest.
1439 2467 1514 2507 Qum
1540 2473 1634 2507 autem
1665 2468 1748 2507 habet
1762 2467 1881 2507 conjun-

1068 2508 1142 2530 ctam
1158 2503 1308 2534 actionem,
1326 2501 1360 2529 de
1376 2510 1406 2530 ea
1422 2503 1463 2530 sic
1493 2504 1618 2537 loquitur
1635 2513 1642 2532 ε
1675 2515 1685 2529 ι
1716 2504 1746 2532 Et
1762 2504 1795 2532 de
1807 2501 1882 2530 vesti-

1068 2546 1164 2566 meno
1179 2543 1228 2566 aut
1242 2539 1377 2566 alimento
1391 2538 1460 2574 quid
1485 2539 1599 2568 solliciti
1630 2540 1722 2568 estis?
1749 2538 1881 2574 Conside-

1067 2579 1127 2603 rate
1157 2574 1215 2602 lilia
1248 2581 1321 2609 agn,
1350 2578 1377 2602 et
1401 2572 1534 2603 'volatilia
1563 2575 1639 2607 cceli,
1668 2575 1808 2611 quomodo
1835 2572 1881 2601 illa

1067 2615 1209 2641 crescunt,
1225 2614 1252 2638 et
1266 2610 1325 2637 haec
1340 2614 1493 2644 pascuntur
1523 2620 1534 2637 ι
1562 2611 1642 2644 (Ibid.
1659 2610 1714 2642 28).
1736 2611 1781 2640 Sic
1797 2615 1880 2638 unam

1067 2646 1180 2682 quidem
1207 2652 1365 2676 rem0vens.
1386 2646 1511 2682 alteram
1540 2648 1714 2676 conﬁrmans
1740 2646 1878 2675 Dominus.

1067 2681 1160 2711 erudit
1184 2689 1246 2714 nos,
1271 2681 1412 2717 quomodo
1443 2688 1499 2710 non
1525 2683 1663 2712 sollicitos
1691 2683 1806 2711 sollicite
1820 2686 1880 2717 ορθ-

1067 2719 1133 2750 rari,
1152 2722 1179 2746 et
1193 2716 1336 2752 quomodo
1362 2717 1555 2747 sollicitudine
1581 2722 1722 2750 vacantes,
1740 2716 1878 2753 operibus,

1066 2760 1093 2783 et
1121 2753 1267 2782 laboribus
1292 2753 1364 2782 nihil
1404 2753 1590 2784 attinentibus
1631 2755 1773 2784 abstinere
1801 2757 1879 2787 opor-

1066 2794 1134 2819 teat.
