1982 3075
84 140 152 172 629
735 138 918 171 CAPITULA

983 137 1134 168 {ACTICA
1723 135 1782 169 630

84 209 186 248 καιρίας
211 209 309 242 τιύτης
331 212 369 245 τῷ
384 208 438 237 ὄντι
460 211 543 245 ζωῆς,
570 208 650 236 ἄλλον
673 208 810 244 ὑπονοήσῃ
831 210 913 235 116:1

983 206 1110 246 )negavit
1125 206 1266 246 primum,
1283 209 1314 237 et
1328 206 1440 237 deinde
1463 216 1517 246 pro
1540 207 1595 238 hac
1612 214 1683 238 vero
1698 205 1785 238 beata

88 253 270 287 πεποιηκέναι
293 254 328 285 εἷς
343 254 374 281 τὸ
396 254 542 287 κτήσασθειι
567 253 616 286 τὴν
633 253 760 281 ἀπάθειαν
777 261 784 291 ;
803 250 878 279 Οὕτω
893 249 918 278 δὲ

983 250 1017 280 ita
1038 250 1211 290 sanguinem
1234 259 1321 281 suum
1344 260 1403 281 non
1419 251 1494 282 fudit
1513 251 1662 288 alacriter,
1688 251 1782 282 alium

88 299 138 326 καὶ
155 299 170 326 ὁ
185 297 268 326 δοκῶν
284 301 389 336 Ilva-351.1
403 297 476 338 ἔχειν
498 297 585 336 ἅγιον,
617 296 698 335 μηδὲν
713 296 796 337 ἔχων,
824 297 854 324 οὔ
871 307 918 324 πι-

90 343 183 371 στεύει
211 342 319 371 πώποτε
354 343 401 373 τὰς
441 342 571 381 ἐνεργείαις
610 342 688 370 αὐτοῦ
723 340 918 380 γινωτιομένατ

91 387 213 425 ἀκούων,
247 387 273 415 ὲν
301 395 359 420 τοῗς
387 388 418 415 τὸ
447 390 551 424 Πνεῦμα
579 387 610 415 τὸ
638 387 712 425 ἅγιον
742 385 842 425 ἔχουσι.
870 385 920 414 Καὶ

92 431 135 460 ὅτι
154 432 210 460 ἔστι
225 443 265 463 τις
278 433 345 460 κατὰ
366 432 414 465 τὴν
437 432 528 470 γενεὰν
544 431 641 464 ταύτην
657 430 749 463 ἐπίσης
771 437 831 462 τοῖς
847 430 918 457 ἀπο-

94 476 205 508 στόλοις
231 481 351 517 Χριστοῦ,
382 477 425 504 καὶ
453 482 510 508 τοῖς
541 475 587 504 ἀπ’
618 476 711 507 αἰῶνος
739 474 920 519 ἁγίοιςηθείῳ

92 521 297 561 ἐνεργούμενος,
346 522 389 549 καὶ
445 521 596 558 κινούμενος
647 521 787 558 Πνεύμειτι,
848 523 871 548 Η
893 518 919 546 ἐν

90 566 210 602 ὁπτχτῖᾳ
224 566 324 599 τούτοὴ
347 568 471 605 γνωστῶς
498 566 541 593 καὶ
567 565 594 593 ἐν
616 566 732 600 αἶσθήσει
755 565 894 604 γινόμενος
910 574 917 582 ·

91 610 209 642 ἕκαστος
223 611 273 650 γὰρ
289 611 319 639 ἐκ
332 613 381 643 τῆς
396 610 492 642 οἷκείις
516 610 713 645 καταστάσεως,
745 611 788 638 καὶ
813 610 845 637 τὰ
867 613 918 638 τῶν

92 654 219 688 πλησίων
247 655 338 694 κρίνει,
370 656 406 686 ὡς
435 654 506 695 ἔχει,
536 654 591 682 εἴτε
613 654 709 694 ἀρετῆς
740 655 839 690 εἰπεῖν,
862 654 918 682 εἴτε

93 699 193 731 κακίας
198 721 206 730 .

136 784 193 823 ‘m'.
211 777 291 819 Ἄλλο
318 790 428 818 ἀπάθεια
453 792 555 830 ψυχῆς,
582 790 626 817 καὶ
647 788 711 817 ἄλλο
730 788 841 816 ἀπάθεια
862 788 919 816 σώ-

959 295 1022 326 baec
1035 296 1072 326 ad
1089 296 1216 324 ὰπᾶθειαν
1237 295 1478 336 consequendam
1495 295 1666 336 praestitisse
1681 295 1784 336 suspi-

959 339 1098 371 cabitur?
1114 340 1158 371 sic
1173 339 1274 380 etiam,
1300 340 1352 380 qui
1373 340 1514 380 Spiritum
1531 343 1664 372 sanctum
1681 349 1714 371 se
1728 341 1783 371 ha-

960 384 1031 415 bere
1056 389 1146 425 putat,
1172 393 1227 416 nec
1255 383 1354 422 habet,
1387 393 1538 425 nunquam
1565 385 1671 422 credit,
1698 385 1782 423 dum,

961 429 1030 469 quid
1054 429 1105 460 ille
1129 429 1159 460 in
1181 429 1303 465 sanctis,
1329 428 1426 468 ipsum
1442 429 1620 460 habentibus
1636 429 1784 467 ell‘ecerit,

960 473 1052 504 audit.
1078 473 1192 514 Nempe
1212 477 1326 504 exstare
1349 474 1517 514 quempiam
1535 474 1590 505 hac
1619 477 1715 512 mtate,
1734 472 1786 515 qui

960 518 1084 558 perinde
1109 522 1198 558 atque
1218 517 1344 558 apostoli
1359 517 1480 554 Christi,
1498 522 1528 550 et
1544 518 1637 549 sancti
1652 518 1703 559 qui
1719 522 1786 559 post

959 562 1096 594 homines
1112 568 1196 594 natos
1212 562 1397 598 exstiterunt,
1413 562 1511 593 divino
1528 562 1638 603 Spiritu
1655 563 1786 594 concite-

959 610 1008 637 tur
1018 612 1047 638 et
1061 607 1257 647 gubernetur,
1268 611 1318 638 aut
1333 616 1400 638 eum
1414 608 1632 646 cognoscendo.
1651 607 1783 639 efﬁcaci-

959 655 1063 692 terque
1087 652 1243 683 sentiendo
1263 652 1457 692 perspexerit.
1475 651 1685 693 Unusquisque
1705 653 1785 684 enim

962 705 998 726 ex
1026 705 1080 727 sua
1103 696 1313 727 constitutione
1337 696 1375 727 de
1400 696 1524 728 alterius
1539 706 1592 728 seu
1607 697 1723 735 virtute,
1734 706 1787 728 seu

962 739 1030 770 vitio
1046 749 1166 781 semper
1177 741 1301 781 judicat.

1001 785 1050 815 58.
1069 785 1155 816 Aliud
1171 790 1214 816 est
1229 785 1346 826 apathia
1361 785 1478 823 animae,
1494 785 1574 816 aliud
1591 786 1708 826 apathia
1719 795 1787 818 cor-

92 846 192 871 ματος.
217 830 247 863 Ἠ
270 835 318 872 μὲν
334 835 383 874 γὰρ
397 836 440 862 καὶ
468 835 499 862 τὸ
521 837 598 872 σῶμα
625 834 788 872 χιΟαιγιάζει,
878 834 918 861 oi-

983 830 1055 860 oris.
1073 830 1125 861 Illa
1142 832 1220 861 enim
1247 830 1390 861 charitate
1412 839 1477 866 sua,
1495 833 1524 860 et
1549 829 1655 862 diﬂ‘uso
1672 831 1786 862 lumine

92 878 155 914 χείᾳ
180 878 348 917 λαμπρότητι
375 879 419 906 καὶ
505 878 659 919 φωτοχυσίᾳ
678 881 723 905 τοῦ
747 878 896 915 Πνεὺμαιτος
911 886 918 894 ·

985 873 1090 914 piritus
1111 883 1221 915 corpus
1240 884 1359 916 quoque
1374 874 1538 906 sanctificat
1554 883 1561 906 :
1578 875 1640 906 haec
1655 875 1718 907 sola
1732 885 1787 917 per

92 924 110 957 ἡ
127 922 157 951 δὲ
180 923 246 956 κύτὴ
272 924 342 961 μόνη
366 922 423 951 καθ’
449 923 556 960 ἑαυτὴν,
582 924 618 955 εἰς
634 922 705 952 οὺδὶν
722 923 766 951 τὸν
781 922 920 960 κτησάμε-

94 978 140 995 νον
157 967 271 1007 ὠφελεῒν
287 967 392 996 δύναται
398 991 404 998 .

134 1056 172 1091 (5)
188 1055 339 1092 Sequentia
355 1056 478 1091 capitula
504 1057 649 1086 interserit
673 1055 759 1085 editio
773 1055 830 1084 Jac.
848 1055 920 1084 Pon-

95 1092 158 1120 tani
169 1100 179 1120 :
212 1102 223 1117 ι
235 1091 241 1092 “
252 1092 331 1120 Aliud
345 1097 387 1120 est
403 1092 596 1125 immobilitas,
614 1100 664 1121 seu
679 1092 760 1127 quies
775 1091 921 1120 membro-

93 1134 162 1163 rum
179 1128 281 1156 anima;
295 1132 323 1156 et
335 1129 472 1162 corporis,
502 1128 580 1157 aliud
603 1128 742 1156 virtutum
758 1127 917 1163 acquisitio.

95 1162 149 1191 Illa
166 1164 306 1198 siquidem
321 1168 422 1192 natura
452 1165 526 1193 i-nest
541 1172 548 1192 :
578 1165 638 1192 haec
655 1171 720 1193 vero
736 1162 820 1192 etiam
836 1168 920 1191 natu-

95 1199 173 1227 rales
189 1199 328 1227 motiones
342 1200 496 1235 componit.

136 1246 147 1262 ι
164 1235 225 1263 Non
255 1233 458 1270 concupiscere
486 1235 611 1271 aliquem
638 1234 774 1271 jucunda,
805 1238 832 1263 et
845 1233 920 1262 dele-

97 1271 213 1298 rtabilia
229 1271 316 1306 hujus
341 1271 448 1299 mundi.
483 1279 540 1300 non
569 1275 611 1300 est
626 1271 719 1299 simile
733 1275 917 1298 aeternorum.

97 1310 125 1334 et
141 1306 195 1334 sub
211 1305 301 1334 visum
326 1314 383 1335 non
413 1307 575 1335 cadentium
594 1307 737 1335 bonorum
752 1305 893 1334 desiderio
910 1313 916 1333 :

96 1341 176 1370 aliud
191 1343 266 1370 enim
282 1343 337 1370 hoc
352 1342 387 1370 ab
403 1342 460 1371 illo.
479 1343 549 1371 Nam
570 1343 662 1377 priora
683 1342 730 1370 illa
751 1341 834 1370 multi
852 1341 918 1370 des-

96 1382 258 1413 pexerunt:
275 1379 335 1406 haec
350 1379 448 1412 paucis
464 1379 629 1407 mortalibus
644 1378 723 1406 cordi
740 1377 862 1406 fuerunt.

138 1424 150 1438 σ
166 1413 226 1454 Non
242 1414 264 1454 si
279 1413 348 1450 quid
364 1418 406 1454 est
419 1414 553 1446 aversari,
573 1418 612 1454 _et
641 1421 698 1442 non
709 1412 918 1454 .qult'erereglo-

97 1448 171 1477 riam
187 1448 347 1483 hominum,
372 1449 447 1478 idem
474 1454 516 1479 est
543 1450 627 1478 etiam
656 1458 671 1478 a
701 1449 796 1477 divina
825 1448 915 1484 gloria

97 1491 166 1512 suas
194 1486 318 1513 rationes
346 1489 426 1520 aptas
455 1489 483 1514 et
509 1493 663 1521 suspensas
693 1485 820 1521 habere:
861 1491 916 1512 ma-

98 1527 188 1555 gnum
203 1521 309 1556 quippe
322 1521 397 1549 inter
426 1521 487 1549 haec
513 1521 666 1550 discrimen

98 1557 145 1592 alii
161 1563 275 1592 quoque
303 1557 400 1585 multis
427 1561 560 1592 prmterea
590 1557 665 1585 vitiis

99 1591 194 1633 lerunt
210 1603 215 1619 :
230 1591 316 1620 hanc
336 1591 470 1627 perpauci
500 1593 607 1625 labore,
639 1598 666 1622 et

98 1635 228 1662 acetpere
243 1633 418 1656 meruerunt.

136 1674 148 1689 α
168 1663 245 1692 Veste
261 1663 308 1691 vili
324 1668 489 1693 contentum
515 1671 588 1697 esse,
611 1671 665 1692 nec
693 1663 855 1692 desiderare
874 1667 919 1692 tu-

98 1699 194 1727 nicam
211 1699 398 1734 splendidam.
425 1707 482 1728 non
511 1705 552 1728 est
581 1701 666 1729 etiam
695 1700 745 1728 Dei
764 1699 856 1728 lumen
872 1699 919 1727 in-

99 1734 205 1763 duisse.
222 1735 307 1764 Aliud
322 1735 386 1769 hoc,
402 1735 480 1764 aliud
495 1735 576 1764 illud.
607 1735 673 1764 Nam
689 1736 810 1764 vustium
825 1735 919 1769 splen-

100 1770 203 1806 dorem
216 1771 291 1799 mille
318 1771 447 1806 impliciti
476 1771 679 1806 cupiditatibus
707 1771 790 1799 facile
807 1777 917 1805 spreve-

100 1811 185 1835 runt:
198 1805 252 1834 hoc
261 1806 314 1835 soli
327 1805 574 1842 amiciuntur,’qui
592 1815 640 1842 per
654 1814 739 1834 omne
750 1813 840 1842 genus
849 1813 921 1834 mor-

99 1842 259 1871 tiﬁcationis
274 1849 331 1870 non
344 1843 463 1870 remisse
476 1850 509 1870 ac
539 1843 672 1878 languide
688 1843 922 1878 ipsumrconsec-

101 1882 206 1941 tanttlur,
218 1882 251 1941 ﬁt
266 1885 315 1941 pler
331 1878 528 1907 mandatorum
542 1877 770 1907 observationem
783 1877 832 1906 lilii
851 1877 922 1906 lucis

101 1921 133 1941 ac
168 1921 202 1941 iet
241 1921 276 1941 un
294 1936 300 1941 .

100 1921 133 1942 ac
147 1915 202 1942 diei
218 1915 300 1942 ﬁunt.

139 1964 150 1979 α
168 1953 308 1990 Aliudest
320 1953 466 1983 humiliter
483 1954 572 1990 loqui,
602 1953 679 1982 aliud
695 1953 842 1982 humiliter
857 1960 924 1982 sen-

102 1989 155 2018 tire
171 1999 178 2021 ς
194 1994 221 2017 et
235 1989 311 2017 aliud
329 1990 484 2022 humilitas,
499 1989 578 2019 aliud
594 1990 647 2018 ﬂos
674 1989 841 2018 humilitatis
858 1999 864 2022 ;
894 1990 922 2018 el

102 2025 177 2062 aliud
194 2025 302 2062 fructus
319 2025 391 2062 ejus,
415 2030 442 2054 et
471 2026 580 2055 fructus
608 2026 694 2062 hujus
723 2025 916 2062 pulchritudo,

102 2065 129 2089 et
142 2061 203 2097 ejus
219 2061 439 2095 pulchritudinis
462 2061 651 2097 iucunditas.
666 2066 694 2090 et
709 2062 793 2096 insup
806 2068 826 2089 tr
841 2061 918 2089 aliud

102 2103 137 2125 ex
152 2097 205 2124 hoc
221 2097 312 2124 fructu
343 2097 534 2130 operationes.
563 2098 668 2126 Horum
700 2097 753 2125 alia
777 2097 805 2124 in
822 2102 917 2124 nostra

102 2136 237 2167 potestate
250 2137 327 2166 sunt,
343 2132 396 2160 alia
412 2140 470 2161 non
485 2137 561 2162 sunt.
587 2133 619 2161 In
635 2133 719 2162 nobis
731 2137 807 2165 sunt,
823 2132 919 2160 omnia

102 2168 234 2203 cogitare,
250 2169 344 2196 omnia
374 2169 490 2200 sentire.
521 2176 615 2198 omna
642 2173 782 2203 reputare,
812 2167 917 2201 dicere,

693 1557 813 1592 subjecti
838 1563 921 1590 repu-

694 1591 799 1621 sudore
830 1591 919 1620 multo

962 928 996 950 se
1011 919 1084 950 nihil
1101 919 1128 951 ei
1142 919 1172 950 in
1185 929 1244 960 quo
1259 922 1303 951 est
1321 919 1463 960 prodesse
1479 923 1577 959 potest
1593 920 1649 961 (5).

961 1054 1035 1088 Quin
1052 1054 1136 1083 etiam
1152 1061 1219 1088 erga
1235 1060 1284 1082 eos
1298 1054 1346 1089 qui
1371 1061 1402 1082 se
1429 1054 1498 1083 foris
1514 1055 1622 1084 amicos
1636 1054 1784 1087 simulant,

961 1090 1034 1118 clam
1050 1091 1148 1118 eadem
1163 1091 1279 1121 faciunt,
1310 1096 1363 1118 nec
1392 1089 1489 1119 latent.
1519 1090 1786 1120 Caeterumincom-

960 1125 1080 1163 parabili
1110 1126 1194 1163 modo
1223 1124 1412 1154 excellentius
1441 1131 1494 1159 est,
1518 1133 1585 1163 meo
1610 1126 1732 1163 judicio,
1761 1126 1784 1154 si

960 1162 1024 1224 guis
1039 1162 1135 1190 omnia
1150 1169 1214 1197 quae
1230 1167 1331 1196 passus
1359 1162 1404 1191 sit.
1435 1162 1615 1197 sempiterna
1639 1162 1784 1191 oblivione

981 1197 1105 1224 eleverit.
1123 1202 1150 1224 et
1164 1204 1258 1224 neque
1284 1196 1461 1224 absentibus.
1486 1205 1578 1224 neque
1606 1198 1784 1224 praesidenti-

981 1197 1106 1230 eleverit,
1123 1202 1150 1226 et
1162 1196 1258 1232 neque
1284 1196 1461 1230 absentibus,
1486 1196 1578 1234 neque
1606 1198 1785 1234 praesidenti-

960 1232 1014 1260 bus
1031 1233 1085 1266 his,
1102 1233 1237 1268 aquibus
1261 1237 1378 1261 vexatus
1408 1233 1501 1265 fuerit.
1531 1232 1621 1262 ullius
1649 1233 1783 1262 maleﬁcii

960 1268 1116 1297 neminisse
1130 1277 1136 1296 ε
1153 1275 1259 1305 eosque
1274 1269 1343 1305 citra
1373 1276 1486 1297 omnem
1516 1269 1719 1305 cogitationem
1734 1276 1784 1298 eo-

960 1310 1023 1341 rum
1039 1311 1102 1340 quae
1126 1304 1302 1341 acciderunt,
1331 1304 1360 1332 in
1384 1305 1604 1341 congressibus,
1629 1309 1657 1334 et
1684 1306 1784 1334 convi-

960 1339 1069 1368 viorum
1086 1340 1301 1369 invitationibus
1315 1339 1458 1374 amplecti?

999 1385 1010 1400 α
1024 1376 1085 1404 Non
1101 1376 1186 1411 quale
1201 1380 1244 1405 est
1271 1376 1436 1404 meminisse
1463 1376 1526 1410 Dei,
1555 1376 1610 1405 tale
1638 1376 1724 1405 etiam
1740 1381 1784 1406 est

958 1412 1174 1452 amare'Deum:
1192 1419 1244 1452 nec
1271 1411 1356 1452 quale
1371 1412 1484 1452 “timere
1502 1412 1613 1452 ipsum,
1636 1412 1692 1441 tale
1717 1413 1784 1441 item

958 1447 1102 1476 custodire
1118 1448 1247 1476 mandata
1265 1447 1338 1484 ejus.
1368 1447 1511 1476 Differunt
1529 1448 1604 1477 inter
1633 1455 1673 1480 se,
1691 1455 1785 1484 quan-

957 1489 1043 1520 quam
1069 1488 1189 1519 utraque
1213 1482 1403 1518 perfectorum
1427 1487 1455 1512 et
1482 1491 1497 1512 a
1520 1482 1784 1520 perturbationibus

696 1525 747 1549 est.
777 1520 827 1548 Illa
840 1520 915 1548 enim
926 1520 946 1545 C
960 1518 1168 1548 vindicatorum
1183 1523 1259 1548 sunt.

1001 1566 1011 1580 ι
1027 1555 1113 1583 Aliud
1128 1559 1171 1584 est
1185 1562 1242 1583 non
1259 1561 1388 1590 peccare,
1404 1555 1481 1583 aliud
1497 1555 1544 1584 Dei
1560 1555 1693 1584 mandata
1706 1563 1786 1584 exse-

960 1591 1019 1627 qui.
1030 1591 1087 1619 Hoc
1095 1591 1274 1623 certantium,
1284 1595 1311 1619 et
1320 1598 1353 1619 ex
1364 1591 1517 1627 Evangelio
1525 1591 1694 1620 viventium:
1712 1591 1785 1621 illud

961 1633 1159 1668 tantummodo
1170 1631 1342 1668 principium
1356 1627 1482 1668 ἀπιθείᾳς
1496 1631 1665 1668 adeptorum
1680 1636 1733 1660 est.

1001 1677 1011 1692 ι
1027 1667 1086 1696 Non
1102 1667 1126 1695 si
1141 1667 1208 1703 quid
1224 1667 1343 1703 vacatio,
1370 1671 1398 1695 et
1425 1667 1524 1699 otium,
1555 1668 1631 1695 idem
1647 1669 1784 1697 continuo

961 1703 1043 1737 quies
1057 1707 1123 1731 est:
1150 1702 1204 1731 nec
1228 1703 1251 1730 si
1276 1702 1346 1738 quid
1371 1702 1462 1738 quies,
1493 1703 1556 1731 ideo
1583 1707 1610 1731 et
1625 1703 1784 1733 silentium.

960 1738 1080 1774 Interest
1108 1739 1182 1767 inter
1211 1738 1279 1771 haec,
1312 1743 1339 1766 et
1365 1738 1455 1770 aliud.
1482 1743 1568 1774 atque
1596 1739 1674 1767 aliud
1703 1744 1780 1768 sunt.

961 1773 1057 1802 Otium
1085 1778 1112 1803 et
1140 1774 1370 1810 inertiaieorum
1398 1778 1476 1806 sunt,
1505 1773 1553 1810 qui
1582 1775 1656 1803 scire
1683 1775 1785 1804 volunt

961 1817 1025 1847 qua:
1041 1810 1077 1838 sit
1091 1811 1233 1847 bonorum
1250 1809 1298 1838 Dei
1327 1809 1548 1847 sommunicatio
1566 1818 1573 1839 :
1592 1817 1656 1847 Anec
1673 1811 1785 1847 aliquid

963 1845 1031 1873 boni
1046 1847 1141 1880 operis
1171 1846 1263 1874 facere
1288 1850 1440 1874 sustinent.
1469 1846 1535 1874 Hzec
1567 1845 1603 1874 ad
1626 1845 1784 1881 parandam

964 1881 1014 1909 Dei
1026 1883 1216 1917 cognitionem
1232 1889 1344 1916 semper
1359 1882 1531 1918 vacantium,
1544 1883 1727 1918 sermonique
1739 1885 1784 1912 in-

965 1918 1026 1953 sitae
1041 1918 1188 1952 sapientize
1199 1918 1372 1946 ausculando
1383 1917 1588 1953 assidentimm,
1600 1923 1627 1946 et
1643 1917 1783 1953 prdfunda

965 1952 1096 1987 Spiritus,
1114 1960 1244 1989 novaque
1260 1953 1403 1989 mysteria,
1418 1953 1485 1981 dum
1499 1961 1514 1982 a
1526 1953 1581 1982 Deo
1592 1953 1783 1987 initiarentur,

965 1993 1071 2023 patrata
1088 1989 1286 2018 scrutantium.
1302 1989 1440 2023 Tertium,
1453 1994 1519 2024 puta
1536 1989 1691 2020 silentium.
1705 1991 1784 2018 intel‘

961 2024 1050 2052 lectus
1063 2024 1248 2057 iunctionem,
1265 2031 1329 2052 cum
1343 2024 1463 2052 sollicita
1479 2025 1684 2060 cogitationum
1694 2033 1728 2054 ac
1741 2033 1786 2054 ra-

960 2060 1176 2088 tiocinationum
1192 2060 1356 2092 attentione,
1373 2060 1540 2088 obeuntium
1556 2065 1607 2089 est.

998 2104 1010 2122 ‹
1026 2095 1086 2124 Non
1111 2096 1186 2124 idem
1214 2100 1256 2124 est
1280 2096 1413 2125 secessio.
1431 2096 1458 2123 id
1483 2100 1535 2128 est,
1566 2095 1680 2125 deloco
1697 2096 1788 2126 inlo-

960 2138 1026 2159 cum
1042 2131 1181 2166 transitio,
1198 2136 1224 2160 et
1248 2131 1308 2167 ipsa
1337 2131 1484 2168 verissima
1512 2132 1719 2168 peregrinatio,
1736 2139 1788 2161 seu

961 2168 1160 2203 peregrinitas.
1192 2167 1242 2196 Illa
1271 2173 1374 2202 nempe
1402 2167 1496 2204 adhuc
1537 2167 1673 2203 pugillatu
1703 2169 1787 2204 quasi

103 2202 201 2235 facere.
217 2211 360 2251 qumqnos
390 2204 423 2231 ad
452 2205 640 2251 humilitatem
667 2202 784 2251 ducunt.
800 2204 915 2246 HSancta
928 2203 1141 2251 Dcertantium,
1159 2207 1250 2251 et_aut
1276 2209 1326 2251 per
1350 2202 1554 2251 negligentiam
1571 2202 1606 2231 ab
1621 2202 1786 2251 inconstan-

101 2244 192 2276 autem
217 2239 373 2268 humilitas.
401 2244 428 2268 et
456 2240 572 2276 reliquie
602 2238 1003 2276 proprietatvs'ipsius,"tia,
1034 2240 1137 2276 mentis
1158 2238 1214 2267 alio
1243 2247 1274 2267 se
1302 2239 1558 2276 transferentium;
1589 2244 1638 2267 aut
1667 2243 1785 2274 propter

101 2275 268 2312 charismata
294 2279 322 2303 et
349 2275 615 2312 Sanctiones’ejus',
645 2283 701 2304 non
730 2279 837 2307 nostra,
867 2275 916 2303 sed

102 2311 149 2339 Dei
166 2311 239 2338 dona
256 2315 332 2345 sunt,
349 2311 453 2346 quibus
469 2319 551 2340 nemo
580 2311 683 2346 dignus
700 2318 825 2346 unquam
840 2311 916 2338 aasti~

102 2347 232 2384 mabltur,
253 2347 310 2375 nisi
327 2349 413 2384 ,rius,
439 2353 577 2382 quantum
605 2348 633 2376 in
662 2348 724 2382 ipso
739 2352 792 2380 est,
808 2346 917 2375 semina

103 2383 172 2411 bene
179 2381 289 2417 jecerit.

141 2422 253 2450 «Aliud
281 2426 322 2451 est
350 2430 407 2451 non
437 2423 609 2452 stomachari
639 2423 666 2451 in
698 2421 918 2458 contemptibus,

104 2458 226 2494 injuriis,
257 2459 472 2490 tentationibus,
503 2464 530 2487 et
558 2458 790 2487 tribulationibus
805 2457 820 2492 ;⁷
843 2457 921 2486 aliud

104 2494 132 2522 in
149 2494 217 2528 ipsis
229 2494 418 2530 acquiescere,
448 2494 527 2523 aliud
551 2502 633 2523 orare
660 2501 711 2530 pro
741 2495 784 2521 his
798 2494 845 2528 qui
862 2494 922 2522 haec

104 2530 185 2558 nobis
202 2529 327 2558 inferunt
343 2538 350 2560 ι
379 2529 456 2558 aliud
485 2538 520 2558 ex
549 2530 645 2559 animo
660 2529 774 2558 eosdem
791 2530 919 2565 diligere,

104 2571 129 2593 et
143 2564 220 2594 aliud
238 2569 339 2599 prater
369 2565 440 2600 haec,
470 2567 565 2595 animo
595 2566 766 2600 insculptam
784 2564 856 2594 ferre
871 2573 922 2593 cu-

101 2601 217 2637 juslibet
233 2601 336 2629 horum
364 2602 471 2633 faciem,
489 2606 516 2630 et
532 2606 562 2630 ut
577 2609 710 2636 germane
726 2603 842 2633 amicos,
859 2601 924 2629 sine

105 2643 233 2668 rant'ore,
264 2636 293 2664 in
321 2637 455 2672 lacrymis
479 2637 598 2666 sincera:
626 2637 770 2665 charitatis
799 2644 847 2665 eos
863 2644 924 2664 am-

105 2672 235 2708 plexari;
266 2676 298 2700 ut
319 2673 456 2701 nimirum
484 2674 596 2702 nuilum
620 2677 689 2702 tunc
717 2673 926 2701 sctsusinsua-

105 2707 155 2741 vis,
171 2711 221 2736 aut
235 2707 371 2744 molestiae
398 2708 520 2744 alicujus
549 2708 698 2744 vestigium
728 2709 756 2736 in
774 2708 869 2737 anima
884 2715 925 2736 re-

106 2744 239 2784 periatur.
256 2743 343 2784 Maius
372 2752 456 2779 porro
475 2743 711 2784 omnibus-qua:
738 2744 876 2784 diximus,
898 2743 923 2784 si

104 2780 166 2816 quis
194 2780 278 2808 etiam
298 2780 368 2816 ipso
394 2785 520 2816 tempore
549 2780 736 2809 tentationum
764 2787 845 2815 aeque
869 2781 924 2816 isto

106 2815 201 2850 modo,
225 2815 422 2852 etjsimiliter,
452 2815 522 2845 citra
551 2816 781 2844 immutationem
811 2815 925 2852 ergarln

105 2851 202 2880 faciem
215 2850 270 2879 sibi
285 2851 497 2885 maledicentes,
527 2857 555 2881 et
578 2851 796 2884 calumniantes,
825 2850 858 2880 et'
880 2851 924 2879 in-

102 2887 205 2924 iuriam
233 2886 396 2921 inferentes,
434 2891 461 2917 et
498 2892 689 2924 conspuentes
727 2886 845 2917 aﬁcctus
872 2891 923 2916 est.

958 2274 1074 2302 fervoris
1091 2275 1316 2310 magnitudinem
1342 2274 1500 2309 insigniora
1516 2275 1609 2303 adhuc
1625 2276 1782 2303 certamina

958 2310 1135 2345 cupientium
1152 2315 1212 2339 est:
1242 2311 1302 2338 hmc
1318 2317 1385 2338 vero
1399 2310 1606 2338 crucifixorum
1622 2310 1741 2345 mundo,
1759 2316 1787 2340 et

959 2353 976 2381 q
992 2353 1023 2373 ea
1038 2346 1066 2374 in
1084 2346 1189 2374 mundo
1205 2351 1281 2379 sunt,
1311 2350 1339 2374 et
1366 2353 1431 2374 cum
1458 2346 1519 2382 solo
1546 2346 1605 2375 Deo
1634 2351 1662 2375 et
1675 2346 1789 2382 angelis

959 2388 1072 2416 semper
1098 2390 1160 2418 esse
1197 2382 1431 2415 desiderantium,
1471 2381 1609 2418 nulloque
1635 2381 1729 2411 modo
1748 2382 1785 2411 ad

961 2418 1086 2445 humana
1107 2417 1207 2452 pedem
1221 2417 1417 2447 referentium.

1003 2463 1013 2478 ι
1032 2453 1128 2489 Aliud
1156 2459 1210 2483 est.
1236 2454 1369 2482 resistere
1401 2457 1429 2482 et
1470 2460 1636 2489 oppugnare
1666 2453 1786 2483 hostes:

962 2488 1041 2525 aliud
1055 2496 1104 2517 eos
1120 2489 1240 2524 perfecte
1269 2489 1412 2518 debellare
1439 2493 1467 2517 et
1494 2489 1628 2525 subigere
1658 2495 1686 2519 et
1713 2490 1788 2519 occi-

963 2524 1040 2562 dere.
1056 2524 1183 2553 Alterum
1199 2526 1275 2554 enim
1295 2525 1479 2562 athletarum,
1503 2529 1545 2562 et,
1557 2524 1690 2562 religiosa
1706 2533 1790 2554 exer-

963 2561 1096 2589 citatione
1112 2568 1317 2596 generosorum
1335 2572 1340 2588 :
1370 2560 1491 2589 alterum
1521 2561 1557 2589 ab
1585 2560 1730 2590 illaudatis
1745 2561 1790 2592 af-

965 2596 1083 2625 fectibus
1099 2596 1266 2629 liberorum,
1283 2596 1531 2633 perfectorumque
1545 2599 1596 2625 est.

1004 2647 1015 2662 ι
1033 2636 1096 2664 Hzec
1120 2637 1216 2666 omnia
1232 2637 1262 2665 in
1287 2637 1396 2665 lumine
1424 2633 1549 2664 ἀπαθείαις
1577 2636 1789 2666 ambulantium

965 2677 1128 2701 sanctorum
1143 2673 1270 2701 actiones
1284 2677 1360 2701 sunt.
1385 2672 1440 2706 Qui
1454 2677 1549 2701 autem
1564 2679 1594 2701 se
1608 2674 1644 2702 ab
1659 2673 1704 2702 his
1719 2673 1790 2702 alie—

965 2715 1018 2737 nos
1033 2715 1096 2737 esse
1123 2708 1396 2742 animadverterunt,
1425 2715 1462 2737 ne
1490 2708 1662 2738 seducantur
1687 2709 1723 2738 ab
1737 2709 1791 2737 ali-

965 2751 1030 2780 quo,
1047 2751 1084 2773 ne
1102 2744 1155 2780 ipsi
1171 2752 1238 2773 suas
1264 2745 1374 2774 animas
1399 2743 1554 2780 decipiant.
1583 2743 1633 2774 sed
1648 2751 1679 2773 se
1693 2745 1791 2774 incas-

965 2787 1029 2808 sum
1047 2781 1075 2808 in
1090 2780 1216 2809 tenebris
1232 2780 1379 2809 ambulare
1391 2780 1493 2809 sciant.

1006 2826 1016 2840 ·
1032 2815 1110 2845 Multi
1126 2823 1205 2850 sane,
1222 2816 1295 2845 alius
1310 2816 1347 2845 ob
1363 2816 1451 2850 aliud,
1481 2819 1510 2845 et
1534 2815 1607 2845 alter
1622 2823 1739 2846 rursum
1753 2817 1790 2846 ob

966 2851 1044 2880 aliud
1058 2851 1106 2889 _ad
1120 2852 1180 2880 haec
1195 2852 1309 2881 adducti
1326 2857 1393 2881 sunt
1409 2862 1416 2879 :
1446 2851 1600 2889 admodum
1622 2853 1707 2889 pauci
1715 2860 1789 2889 vero

966 2894 1032 2916 cum
1057 2887 1170 2917 interno
1184 2888 1287 2918 timore
1301 2892 1329 2919 et
1342 2895 1442 2919 amore
1470 2887 1520 2918 Dei
1533 2887 1570 2918 ad
1584 2887 1743 2926 ea'agenda
1758 2896 1788 2918 se
