1982 3075
68 150 127 184 633

716 152 907 187 CAPITULA
929 151 1117 184 PRAGTIGA

1708 149 1768 182 634

107 213 144 252 ξ’,
160 218 257 248 Πολλοὶ
283 219 332 257 μὲν
359 219 568 258 ἀναγινώσκοπι
598 222 644 254 τὰς
666 223 736 254 θείας
764 221 868 261 Γραφάς
887 228 893 235 ”

979 219 1028 251 60.
1045 218 1221 259 Complures
1244 218 1362 250 divinas
1382 218 1551 260 Scripturas
1576 217 1691 258 legunt,
1716 217 1767 249 alii

69 265 92 292 οἱ
122 263 150 292 δὲ
172 265 216 292 καὶ
240 264 487 303 ἀναγινωσκομένας
520 265 657 294 ἀκούουσιν
674 275 681 282 ·
712 266 796 306 ὀλίγοι
825 265 852 294 δὲ
874 267 897 294 οἱ

68 312 121 336 τῶν
152 308 407 348 ἀνςιγινωσκομένων
438 310 487 344 τὴν
517 309 624 348 δύναμιν
654 312 697 339 καὶ
726 311 775 345 τὴν
796 310 897 338 ἔννοιαν

69 354 153 393 ὀρθῶς
167 352 261 382 εἰδέναι
278 353 415 392 δυνάμενοι
431 356 440 370 ⁴
472 356 498 382 οἳ
530 356 594 384 ποτὲ
623 356 672 394 μὲν
695 355 806 385 ἀδύνατα
827 356 897 384 εἶναι

68 399 102 426 τὰ
132 399 183 426 ὑπὸ
213 400 265 427 τῶν
293 399 368 427 Θείων
400 403 511 440 Γραφῶν
543 400 733 441 ἀποφαίνονται
748 409 754 416 ’
785 400 849 429 ποτὲ
871 399 897 428 δὲ

68 444 112 471 καὶ
137 441 235 471 ἄπιστοι
259 443 396 476 παντελῶς
425 445 552 483 ἡγοῦνται
571 453 577 459 ·
603 445 620 480 ἣ
650 446 694 473 καὶ
722 445 897 485 ἀλληγοροῦσι

66 492 150 517 ταῦτα
163 490 253 519 κακῶς
271 497 277 504 ·
294 489 337 516 καὶ
352 488 385 516 τὰ
410 489 459 526 μὲν
485 490 553 518 κατὰ
579 490 623 518 τὸν
646 490 775 519 ἐνεστῶτα
801 490 896 530 χρόνον

65 531 211 571 λεγόμεναι,
243 533 280 564 ὡς
310 533 375 572 πρὸς
406 533 537 570 μέλλοντα
569 533 678 568 ἐκϐῆναι
706 535 832 575 κρίνουσι,
864 534 896 564 τὰ

62 575 90 604 δὲ
105 578 166 616 περὶ
194 580 247 605 τῶν
276 577 428 614 μελλόντων
452 579 589 618 εἰρημένα,
620 581 656 612 ὼς
685 579 736 614 ἤδη
752 580 893 619 γεγονότα,

60 622 106 649 χαὶ
121 620 181 650 καθ’
197 622 312 655 ἑκάστην
334 623 461 662 γινόμενα
484 623 694 662 ἒκλκμϐάνονται
714 634 721 642 '
751 626 795 653 καὶ
810 624 894 656 οὕτως

64 668 113 695 οὒκ
127 665 184 694 ἔστι
199 667 283 706 κρίσις
310 668 373 707 ὀρθη
401 667 428 696 ἒν
458 669 561 703 αὐτοῖς,
591 668 648 698 οωὲ
674 668 813 709 διάγνωσις
828 668 894 702 ἀλη-

64 711 113 744 Θὴς
130 711 158 738 ἐν
172 712 250 743 Θείοις
265 712 309 740 καὶ
332 712 503 752 ἀνθρωπίνοις
519 713 682 753 πράγμασιν.

109 801 121 816 ι
147 790 201 825 Qui
228 798 316 826 prope
345 791 433 820 maris
474 792 552 821 littus
579 796 643 826 stat,
672 793 895 823 immensitatem

68 833 211 862 aquarum
227 827 319 862 pelagi
348 828 487 863 conspicit
515 829 562 856 ille
591 829 707 864 quidem
731 837 826 858 earum
843 837 898 858 au-

68 858 126 900 tein
143 858 307 900 extremum
318 863 381 891 visu
394 858 451 900 non
469 868 560 898 potest
574 858 704 899 dt'ﬁnire,
717 865 767 892 sed
786 870 895 900 partem
909 858 927 882 Β

68 898 207 935 aliquam
223 897 364 935 duntaxat
389 897 485 928 videtr:
518 901 559 927 sic
584 901 632 935 qui
648 901 676 928 in
694 897 835 930 infinitum
852 902 894 930 di-

66 933 144 972 vinae
181 932 440 972 glor_iae__pelagus
472 932 699 972 contemplando
741 938 894 972 respicere,

67 968 224 1004 ipsumque
240 968 427 1006 intelligentia
453 970 559 1003 videre,
583 968 615 999 ac
643 972 764 1000 lustrare
779 968 893 1004 meruit.

67 1011 127 1045 non
143 1011 230 1045 quam
247 1005 338 1045 latum
356 1010 384 1034 et
399 1010 509 1034 vastum
526 1010 568 1045 est
584 1017 590 1033 :
622 1007 671 1035 sed
695 1015 784 1045 quam
798 1008 893 1045 longe.

69 1040 177 1068 animae
189 1040 250 1075 ejus
264 1041 340 1069 oculi
355 1046 538 1076 conspectum
555 1042 658 1075 ferunt.
676 1040 759 1071 videt.

109 1076 388 1112 gQuemadmodum
418 1084 508 1112 prope
534 1085 612 1106 mare
641 1080 810 1111 consistens.
837 1086 895 1108 non

69 1111 166 1140 solum
182 1112 276 1146 ipsum
291 1111 429 1151 aspicere,
444 1111 494 1141 sed
521 1114 607 1142 etiam
631 1114 660 1151 in
675 1122 763 1150 aquas
777 1115 838 1151 ejus
852 1116 898 1143 in-

69 1151 149 1187 trare
173 1152 311 1187 quantum
328 1148 461 1187 libuerit,_
471 1153 564 1187 potest
581 1158 586 1177 :
618 1150 660 1187 sic
676 1148 710 1178 in'
724 1148 831 1179 lumine
847 1151 897 1179 Dei

69 1183 385 1221 hominesspiriiuales
414 1185 463 1219 qui
493 1185 601 1216 volunt.
628 1185 690 1221 ejus
720 1186 833 1215 videndi
849 1194 898 1215 co-

72 1217 291 1254 gnoscendique
305 1217 483 1255 copiam—pro
512 1221 596 1249 modo
625 1217 757 1250 desiderii
773 1222 818 1250 sui
833 1230 899 1251 con-

70 1258 244 1289 sequuntur.

107 1299 120 1315 α
140 1289 289 1323 Quomodo
304 1289 335 1327 in
351 1290 442 1320 littore
468 1292 555 1320 maris
571 1296 660 1324 stans,
677 1293 802 1327 quandiu
817 1298 896 1322 extra

71 1332 177 1365 aquam
190 1330 268 1365 _est,__
282 1325 360 1365 vidtt
379 1327 483 1365 omnia,
516 1325 791 1365 profunditatemque
806 1330 897 1365 pelagi

71 1360 288 1399 intelligit.»Ubi
304 1366 398 1390 autem
411 1363 440 1391 in
466 1360 541 1398 ipsas
569 1363 659 1391 undas
688 1360 814 1399 ingredi:
826 1371 853 1394 et
869 1360 898 1394 i'n

71 1397 108 1424 iis
138 1397 229 1434 mergi
260 1398 387 1432 coeperit.
416 1397 483 1433 quo'
513 1399 636 1434 amplius
665 1397 822 1434 descendit,
845 1401 900 1429 hoc

73 1433 170 1469 magis
181 1432 217 1469 ab
232 1438 348 1469 aspectu
365 1432 463 1462 eorum
479 1441 543 1469 quae
559 1432 626 1463 foris
641 1439 708 1463 sunt
733 1432 831 1464 abest»:
862 1438 898 1465 ita

75 1468 125 1503 qui
155 1468 244 1507 divini
271 1468 388 1497 luminis
416 1468 577 1507 facti’sunt
606 1471 778 1507 participes;
809 1479 900 1507 quan-

72 1508 134 1532 tum
165 1504 204 1544 in_
224 1506 400 1544 cognitione
417 1505 573 1544 divinitatis
593 1504 765 1544 proficiunt,
790 1504 899 1536 tantum

73 1541 262 1576 proportione
275 1544 378 1576 caetera
394 1541 528 1576 ignorare
544 1542 691 1576 incipiunt.

940 273 990 295 eas
1004 263 1062 303 legi
1073 273 1107 294 ac
1122 263 1242 295 recitari
1254 263 1396 295 audiunt:
1411 263 1497 304 pauci
1512 267 1613 294 autem
1631 262 1767 303 sunt,qui

939 308 999 339 vim
1014 313 1042 339 et
1059 308 1225 345 notionem,
1251 317 1304 338 seu
1330 308 1558 348 intelligentiam
1574 307 1766 338 recitaturum

941 352 1034 394 probe
1050 357 1258 393 assequuntur.
1275 353 1333 384 Alii
1350 353 1470 393 quidem
1480 353 1517 383 de
1530 352 1589 383 illis
1601 352 1694 383 multa
1703 352 1767 382 ﬁeri

940 407 999 428 non
1010 406 1096 438 posse
1109 397 1312 437 pronuntiant,
1326 407 1390 437 qua:
1402 397 1461 428 illis
1476 397 1580 428 litteris
1597 397 1766 434 traduntur,

939 442 991 473 alii
1001 452 1054 483 pro
1066 442 1389 482 planeincredibilibus
1398 442 1579 482 (lucuntaut,
1588 451 1622 472 ea
1635 441 1767 481 allegorii

939 489 1158 527 pervertunt.EI
1169 497 1234 528 qua:
1246 487 1323 518 dicta
1337 490 1406 517 sunt
1417 487 1453 517 de
1468 486 1606 527 praesenti
1619 490 1764 526 tempore,

938 531 968 562 in
983 531 1082 562 futuro
1096 537 1238 563 eventura
1250 532 1418 572 accipiunt:
1432 531 1469 562 de
1484 531 1591 562 futuris
1611 539 1700 571 porro
1716 530 1765 561 di-

937 580 994 613 cta,
1013 576 1056 606 sic
1072 576 1319 617 interpretantur,
1337 575 1421 616 quasi
1436 585 1470 607 ea
1482 576 1544 615 jam
1564 576 1639 606 facta
1651 575 1721 610 sint.
1738 579 1767 606 et

936 620 1070 661 quotidie
1087 621 1169 652 fiant.
1183 620 1226 652 Ita
1236 624 1339 651 carent
1351 629 1432 656 vero,
1450 620 1628 660 sinceroque
1637 619 1763 660 judicio;

937 674 990 696 nec
1006 665 1086 696 inter
1104 666 1219 696 divinas
1243 666 1448 706 humanasque
1473 674 1522 696 res
1546 666 1764 701 internoscere,

935 719 970 741 ac
984 709 1168 751 distinguere
1182 711 1335 752 sapienter
1351 715 1478 751 possunt
1490 711 1543 751 (7).

939 792 1069 820 mittitur.
1087 791 1122 820 Et
1137 792 1190 820 hoc
1206 795 1258 824 est,
1275 790 1351 827 quod
1376 791 1490 823 dicitur.
1516 791 1589 819 Dcus
1604 790 1654 819 lux
1671 794 1722 824 est,
1739 795 1767 820 et

939 827 986 855 lux
1001 835 1134 863 suprema
1152 837 1160 854 :
1176 833 1202 855 et
1217 828 1262 855 his
1277 826 1326 862 qui
1343 826 1428 862 hujus
1444 831 1590 862 compotes
1607 827 1669 855 facti
1687 831 1763 859 sunt,

940 864 975 892 ab
991 864 1069 892 omni
1087 864 1196 892 visione
1212 864 1294 898 quies
1309 867 1337 890 et
1353 863 1484 890 cessatio.

976 909 986 924 ι
1016 899 1088 927 Tum
1113 906 1205 932 mens,
1221 897 1371 927 ’continuo
1400 902 1478 926 motu
1499 898 1567 926 cieri
1602 897 1699 931 solita,
1729 898 1766 927 sit

936 934 1103 967 immobilis,
1135 938 1161 963 et
1189 935 1267 963 omni
1297 934 1463 970 cogitationi
1490 941 1607 970 pausam
1624 933 1681 965 dat,
1699 940 1765 962 cum

936 970 1074 999 nimirum
1090 974 1145 999 tota
1173 978 1188 998 a
1216 970 1310 998 divina
1339 969 1475 1005 caligine,
1504 970 1671 1005 lumineque
1695 977 1767 998 con-

937 1010 1009 1034 tecta
1027 1006 1120 1035 fuerit.
1137 1005 1327 1034 Nihilominus
1351 1005 1466 1040 special,
1497 1006 1593 1037 sentit,
1619 1009 1646 1033 et
1663 1005 1766 1034 fruitur

937 1041 1032 1074 bonis,
1050 1042 1196 1075 inquibus
1211 1046 1349 1070 Versatur.
1376 1041 1434 1069 Nec
1463 1042 1541 1069 enim
1569 1045 1600 1069 ut
1615 1041 1765 1075 profundi-

936 1081 979 1105 tas
994 1077 1136 1106 undarum
1152 1077 1252 1108 maris,
1278 1077 1318 1104 sic
1346 1081 1373 1106 et
1401 1077 1582 1112 profunditas
1597 1077 1688 1104 sancti
1704 1076 1765 1111 Spi-

937 1112 1031 1140 ritus:
1050 1113 1100 1141 sed
1129 1117 1172 1141 est
1201 1120 1274 1148 aqua
1304 1112 1365 1140 viva
1394 1114 1458 1140 vita“:
1490 1116 1603 1140 zetvrnae
1620 1112 1763 1144 lJOthV.

939 1149 993 1181 10).
1010 1148 1108 1177 Omnia
1126 1155 1211 1183 porro
1241 1148 1299 1176 illic
1328 1155 1382 1176 nec
1410 1148 1540 1182 intelligi.
1564 1155 1618 1176 nec
1633 1155 1764 1182 compre-

939 1184 1034 1216 hendi,
1051 1191 1105 1212 nec
1120 1183 1256 1219 explicari
1273 1188 1392 1219 queunt,
1409 1184 1437 1212 in
1454 1184 1558 1219 quibus
1571 1190 1650 1211 mens
1667 1183 1762 1212 omnia

939 1220 1133 1254 aspectabilia,
1152 1225 1178 1248 et
1193 1220 1246 1248 sub
1272 1219 1448 1248 intellectum
1464 1219 1592 1247 cadentia
1610 1221 1761 1252 transiens,

939 1259 1077 1288 moratur,
1094 1260 1121 1284 et
1136 1255 1164 1284 in
1180 1255 1249 1284 solis
1279 1255 1336 1283 illis
1364 1255 1549 1283 immobiliter
1577 1260 1707 1283 movetur
1730 1261 1764 1283 ac

940 1292 1069 1323 vertitur,
1086 1294 1184 1319 vivens
1214 1292 1241 1319 in
1273 1292 1327 1319 vita
1359 1298 1442 1325 supra
1472 1292 1569 1322 vitam,
1592 1290 1650 1325 ipsa
1667 1291 1764 1319 lumen

941 1326 970 1354 in
988 1326 1107 1361 lumine,
1124 1327 1220 1355 lumen
1237 1334 1294 1355 non
1311 1334 1361 1362 per
1376 1334 1406 1355 se
1423 1337 1428 1352 :
1455 1333 1512 1355 non
1529 1327 1605 1354 enim
1622 1332 1689 1354 tunc
1719 1334 1765 1354 se-

942 1362 1041 1397 ipsam.
1059 1363 1108 1391 sed
1124 1363 1168 1398 qui
1185 1370 1271 1397 super
1286 1364 1377 1398 ipsam
1406 1366 1448 1390 est
1477 1363 1561 1395 videt.
1591 1366 1619 1390 et
1651 1369 1686 1390 ex
1715 1362 1764 1390 illa

942 1398 1032 1434 gloiia
1049 1399 1270 1434 cogitationibus
1301 1398 1466 1429 immutatis,
1496 1398 1618 1432 seipsam
1642 1403 1762 1433 ignorat.

946 1443 957 1458 α
975 1433 1110 1466 Mortuus,
1141 1441 1196 1462 nec
1224 1438 1354 1462 mortuus
1382 1438 1434 1468 est,
1461 1435 1511 1469 qui
1540 1441 1604 1461 cum
1633 1435 1668 1462 ad
1684 1440 1766 1461 men-

942 1476 1038 1497 suram
1054 1470 1236 1505 perfectionis
1253 1470 1411 1505 periigerit,
1439 1469 1507 1497 vivtt
1534 1470 1563 1505 in
1580 1469 1646 1501 Deo.
1662 1469 1689 1496 in
1706 1476 1763 1504 quo

941 1504 1088 1540 est,quasi
1115 1506 1141 1533 in
1170 1504 1402 1540 semetipso'non
1431 1506 1516 1533 vivat.
1544 1504 1651 1537 Caecus.
1681 1506 1762 1540 quasi

941 1545 1054 1576 natura,
1070 1549 1135 1570 curn
1152 1541 1230 1569 omni
1259 1545 1374 1576 aspectu
1404 1540 1526 1569 natura'i
1557 1540 1647 1568 fac'us
1669 1541 1706 1568 sit
1720 1548 1765 1569 su-

113 1585 125 1600 ι
155 1575 476 1614 Ουεωεᾳπιοᾳυωηυί
505 1577 534 1604 in
564 1575 635 1612 aqua
655 1578 753 1614 maris
781 1582 823 1607 est
853 1586 887 1614 ge
909 1577 1058 1614 Cperior:
1085 1582 1181 1612 utpote
1202 1578 1251 1613 qui
1276 1575 1365 1605 novos
1394 1577 1504 1614 oculos,
1533 1580 1560 1604 et
1588 1575 1766 1614 naturalibus

74 1617 175 1650 nuum,
192 1615 241 1638 aut
262 1611 442 1650 lumborum
463 1617 556 1650 tenus,
583 1611 677 1642 Omnia
703 1618 782 1643 extra
811 1611 899 1650 aquas

73 1647 227 1684 perspicue
242 1646 326 1684 videt.
355 1647 383 1675 Si
399 1652 504 1684 autem
531 1648 561 1676 in
591 1650 763 1684 profundum
780 1646 899 1679 descen-

73 1681 132 1713 dat,
149 1686 177 1710 et
191 1686 267 1710 totus
282 1682 335 1710 sub
351 1683 429 1721 unda
441 1684 496 1721 gsit,
524 1681 599 1712 nihil
619 1685 678 1720 jam
707 1693 806 1714 eorum
834 1693 898 1721 quae

73 1722 153 1758 extra
171 1725 273 1758 aquam
299 1723 372 1746 sunt.
405 1719 500 1748 videre
532 1719 642 1755 potest:
673 1722 782 1758 etrlioe
804 1719 896 1758 solum

73 1757 161 1785 novit,
189 1762 219 1781 se
247 1757 336 1791 totum
365 1758 487 1791 quantus
513 1761 636 1790 quantus
652 1757 738 1784 estin
755 1757 896 1791 pi'ufi'ndo

73 1791 161 1827 maris
179 1796 240 1827 esse
258 1797 264 1816 :
291 1790 334 1817 sic
348 1790 381 1818 iis
394 1791 561 1826 contingere
577 1793 658 1825 solet,
679 1792 727 1827 qui
741 1790 896 1827 progressu

73 1825 217 1865 spirituali
233 1831 377 1865 crescunt,
402 1831 486 1865 atque
500 1825 549 1854 'ad
579 1825 781 1863 perfectionem
797 1825 896 1864 Z-ogni-

74 1863 161 1888 tionis
177 1864 203 1888 et
220 1863 334 1889 visionis
349 1863 516 1890 ascendunt.

111 1905 122 1920 ι
141 1896 271 1934 Quando,
287 1897 348 1934 gqui
377 1898 408 1934 in
436 1897 579 1932 spirituali
609 1899 780 1933 perfectione
795 1906 895 1934 proce-

72 1931 155 1963 dunt,
173 1931 363 1966 particulatim
380 1931 590 1963 illuminantur.
609 1931 678 1962 sive
695 1931 818 1963 mrntetn
836 1940 892 1963 tan-

71 1967 221 2004 tummodo
252 1968 443 1998 illustrantur.
472 1973 541 1998 tunc
570 1969 689 2004 gloriam
721 1970 778 2002 Dei,
808 1975 839 1998 ut
866 1972 894 1999 in

71 2003 189 2042 speculo
205 2010 255 2038 per
271 2005 318 2042 int-
332 2004 488 2040 lligentiam
506 2003 663 2042 intuentur,
675 2007 896 2042 eognitioneque

70 2040 162 2074 magis
178 2047 211 2066 ac
225 2039 324 2074 magis,
341 2039 373 2068 et
398 2041 597 2076 mysteriorum
627 2039 799 2070 revelatione
818 2051 831 2069 a
850 2039 896 2070 su-

70 2082 159 2110 perna
190 2075 279 2110 gratia
308 2075 629 2110 mystice'imbuuntur.
660 2085 674 2105 a
704 2077 895 2112 speculatione

71 2117 171 2138 eorum
199 2117 263 2149 quae
289 2116 364 2142 sunt,
394 2112 429 2139 ad
457 2113 646 2149 cognitionem
677 2113 764 2148 illius,
787 2114 894 2149 quiest

71 2153 158 2180 super
173 2146 267 2173 omnia
284 2154 347 2181 quae
363 2153 429 2175 sunt
456 2148 558 2176 sublati
576 2148 712 2177 videlicet.

112 2192 122 2206 ι
141 2181 193 2215 Qui
211 2182 375 2219 perfectioni
392 2185 632 2219 appropinquant,
650 2189 676 2212 et
700 2184 793 2211 adhuc
819 2183 892 2212 velut

940 1612 1049 1647 absque
1076 1612 1286 1648 comparatione
1330 1613 1540 1647 praestantiores
1571 1612 1711 1646 acceperit
1739 1616 1766 1641 et

940 1655 1025 1682 supra
1042 1653 1151 1677 naturae
1167 1649 1222 1676 vim
1238 1653 1345 1676 cernat.
1361 1648 1460 1682 Operis
1474 1655 1602 1682 exspers,
1619 1652 1647 1676 et
1661 1648 1765 1676 immo-

940 1683 1016 1717 bilis,
1033 1688 1064 1711 ut
1077 1685 1125 1719 qui
1155 1691 1268 1712 omnem
1296 1684 1471 1712 iunctionem
1498 1691 1578 1711 suam
1594 1683 1764 1718 expleverit,

939 1722 966 1747 et
981 1719 1145 1748 absolverit.
1175 1720 1242 1749 Sine
1270 1720 1451 1755 cogitatione,
1474 1723 1504 1748 ut
1534 1719 1669 1747 unionem
1685 1720 1764 1748 omni

939 1755 1111 1789 cogitatione
1137 1756 1315 1790 superiorem
1346 1755 1474 1790 adeptus,
1513 1759 1540 1782 ct
1568 1756 1762 1790 requiescens,

938 1790 986 1826 ubi
1003 1790 1081 1818 nulla
1097 1796 1139 1819 est
1165 1792 1267 1820 mentis
1294 1791 1378 1825 actio,
1406 1792 1466 1819 sive
1493 1790 1568 1818 ullus
1584 1790 1618 1818 ad
1633 1791 1764 1826 cogitat:-

938 1825 1015 1858 dum,
1042 1830 1091 1855 aut
1119 1827 1359 1858 ratiocinandum,
1388 1831 1438 1854 aut
1466 1825 1685 1860 concipiendum
1703 1833 1765 1855 mo-

938 1865 993 1889 tus.
1025 1862 1093 1896 Quae
1125 1863 1202 1890 enim
1232 1863 1376 1890 inteliectu
1406 1862 1591 1897 impossbilizi
1625 1866 1702 1890 sunt.
1732 1870 1764 1890 ea

939 1897 1109 1934 intelligere.
1141 1903 1190 1927 aut
1219 1905 1389 1934 pernoscere
1413 1905 1470 1926 non
1501 1901 1615 1934 potest:
1641 1902 1764 1934 etquo-

938 1932 1089 1969 dammodo
1105 1934 1134 1962 in
1152 1934 1206 1968 his,
1220 1932 1335 1969 "requie
1363 1933 1421 1965 illa,
1453 1933 1659 1962 immobilitatis
1676 1932 1763 1962 beatae

938 1967 1167 2005 insensibilitatis
1191 1967 1355 2005 requiescit.
1400 1976 1486 1998 sensu
1515 1970 1651 1997 constact'z
1682 1970 1763 1997 inex-

938 2004 1116 2067 pgcabilium
1133 2004 1274 2034 bonorum
1305 2004 1424 2039 deliciis,
1451 2005 1540 2040 posita
1555 2005 1719 2033 curios'tate
1735 2012 1765 2033 se

938 2047 954 2067 ο
978 2047 1020 2067 ioc
1033 2047 1096 2067 ans.

938 2044 1096 2068 Oblt‘CtaDS.

996 2048 1002 2058 ι

973 2047 1107 2109 radiati
1124 2076 1200 2103 hunc
1217 2076 1332 2105 modum
1364 2075 1545 2111 perfectionis
1559 2075 1718 2110 pervenire.
1734 2079 1762 2104 et

936 2110 1102 2146 huiusmodi
1131 2111 1203 2139 bona
1234 2110 1370 2140 obtinere
1403 2119 1459 2139 non
1491 2112 1604 2144 meruit,
1635 2111 1761 2146 seipsum

936 2148 1028 2174 soluin
1046 2147 1227 2181 condemnet,
1257 2153 1283 2176 et
1314 2155 1349 2176 ne
1382 2149 1595 2175 exctisationeiti
1614 2151 1762 2181 praetexat,

935 2190 997 2209 esse
1026 2190 1085 2210 rem
1114 2184 1345 2218 impossibilrm:
1371 2189 1419 2211 aut
1449 2184 1616 2217 c-intingore
1645 2183 1762 2217 quidem

73 2224 109 2245 ex
124 2222 203 2251 parte
220 2217 324 2249 Vident,
354 2217 585 2253 imperitiamfet
599 2220 893 2253 comprehensibiliia-
906 2217 1215 2251 Dparfectionemgsel
1233 2221 1284 2252 ira,
1301 2223 1332 2248 ut
1358 2226 1414 2247 non
1444 2225 1612 2252 cwgniisms,
1629 2219 1678 2245 si-d
1691 2225 1706 2245 e
1722 2218 1762 2245 di-

72 2257 131 2281 tem
169 2259 269 2290 eorum
306 2261 370 2288 quae
412 2254 509 2283 vident
544 2255 736 2290 inlelligentes
764 2256 894 2290 obstupe.

73 2293 166 2316 scunt.
182 2289 244 2322 Quo
258 2290 334 2326 enim
351 2289 413 2324 plus
438 2290 464 2317 in
492 2290 586 2318 li-mi‘n
604 2289 707 2318 divinae
722 2289 894 2326 cognitionis

73 2325 192 2361 intrant,
209 2332 242 2352 eo
259 2323 445 2357 ignorantiam
460 2333 540 2354 suam
560 2326 683 2361 amplius
701 2323 889 2361 cognoscunt.

72 2359 194 2398 Quando
209 2364 302 2398 autem
319 2360 344 2388 id
360 2361 436 2396 quod
453 2359 640 2396 intelligentia
661 2359 749 2396 capit,
762 2363 895 2398 quodque

71 2397 225 2433 obscurius
251 2397 320 2429 ipsis
348 2403 474 2431 apparet,
503 2403 527 2426 et
555 2403 688 2433 tanquam
719 2399 747 2425 in
772 2397 896 2433 speculo

70 2432 232 2468 ostenditur
247 2435 274 2460 et
289 2438 323 2468 ex
340 2437 419 2466 parte
443 2433 597 2466 illuminat,
613 2432 800 2468 expressius,
816 2439 843 2462 et
858 2435 897 2462 in-

71 2467 237 2504 dulgentius
253 2467 340 2495 videri
357 2468 485 2500 voluerit,
502 2473 529 2497 et
544 2467 716 2497 illuminaiio
744 2476 793 2504 per
817 2477 895 2497 coni-

72 2503 298 2531 municationem
322 2504 409 2536 utiiri,
439 2508 587 2538 totumque
612 2505 639 2532 in
670 2512 701 2532 se
730 2503 791 2539 ipso
818 2513 897 2534 com-

73 2539 170 2574 plecti.
187 2544 213 2566 et
228 2539 273 2566 ille
291 2540 350 2573 ipse
375 2547 402 2567 ’Π
432 2540 573 2574 profundo
603 2539 730 2574 spiritus.
749 2546 778 2569 ut
794 2541 820 2568 in
838 2549 895 2569 uiii-

74 2575 122 2602 dio
137 2575 241 2610 abysso
265 2574 432 2610 fulg«nlium
463 2583 602 2611 aquarum
633 2576 837 2605 imminsarum
853 2577 897 2605 in—

73 2611 183 2642 clusus,
217 2613 243 2638 et
270 2610 451 2647 intem-pius
473 2610 566 2642 fuerit,
600 2617 658 2639 tuin
687 2619 715 2639 in
746 2614 897 2647 perfectam

74 2646 278 2682 ignorantiam,
295 2649 391 2679 utpote
406 2646 453 2681 qui
470 2654 583 2675 omnem
612 2646 804 2682 cognitionem
819 2653 896 2676 tran-

72 2682 227 2715 scenderit,
244 2682 328 2710 modo
344 2682 481 2710 ineffabili
496 2683 625 2718 emergit.

111 2729 122 2743 ι
140 2718 218 2745 ﬂens
233 2718 365 2753 simplex,
392 2718 434 2746 vel
465 2720 560 2754 potius
587 2718 664 2746 omni
689 2720 814 2746 motione
842 2726 897 2747 nu-

72 2754 148 2785 data,
175 2759 202 2782 et
226 2753 254 2782 in
283 2754 463 2789 simplicitate
491 2754 619 2782 divinum
648 2755 743 2782 lumen
773 2759 828 2783 tota
855 2756 895 2782 in-

72 2797 181 2826 gressa.
214 2793 243 2826 et
269 2790 303 2817 ab
343 2790 403 2825 ipso
439 2796 582 2825 cooperta.
616 2797 671 2818 non
708 2790 791 2818 habet
819 2790 897 2818 aliud

72 2825 222 2888 quidpiam
237 2825 376 2858 invento,
392 2827 420 2853 in
451 2833 508 2861 quo
536 2827 580 2858 sit,
611 2831 642 2853 ut
672 2826 756 2853 etiam
772 2825 805 2853 ad
820 2826 897 2854 illius

73 2862 141 2888 intel
157 2861 291 2888 iirentiam
309 2866 454 2888 moveatur
470 2870 477 2888 ι
503 2861 552 2888 sed
578 2863 606 2888 in
624 2861 764 2888 profundo
782 2861 897 2888 luminis

72 2861 291 2896 intelligentiam
309 2866 454 2890 meveatur
470 2870 477 2893 ;
503 2861 552 2889 sed
578 2863 606 2889 in
624 2861 764 2896 profundo
782 2861 897 2890 luminis

73 2897 164 2926 divini
187 2903 316 2930 manens,
344 2897 419 2926 foras
447 2897 590 2933 respicere
618 2897 736 2926 omnino
759 2904 817 2926 non
832 2904 898 2933 per-

936 2254 1009 2281 vinis
1024 2254 1177 2288 Scripturis
1192 2256 1353 2282 certissime
1381 2259 1467 2283 noiit.
1498 2261 1556 2282 [ειη
1583 2260 1646 2280 esse
1672 2254 1763 2287 possi-

935 2289 1021 2317 bilem
1038 2297 1071 2317 ac
1085 2297 1190 2322 veram,
1208 2295 1235 2318 et
1252 2298 1336 2325 opere
1354 2291 1415 2324 ip~o
1432 2290 1450 2317 ii
1462 2291 1502 2321 ~ri,
1522 2295 1551 2317 et
1580 2289 1616 2316 ita
1633 2289 1760 2324 quidem,

936 2329 965 2353 ut
981 2330 1172 2360 cognoscatur
1188 2326 1259 2353 ﬁeri.
1277 2326 1439 2354 Dinis-sione
1467 2330 1573 2356 autem,
1603 2330 1630 2353 et
1662 2326 1762 2353 inertia

936 2360 964 2388 in
984 2361 1124 2389 mandatis
1141 2362 1293 2395 obeundis,
1311 2362 1510 2397 unusquisque
1538 2363 1640 2389 tiorum
1657 2368 1687 2388 se
1702 2361 1763 2396 ipse

937 2397 1123 2433 proportione
1139 2397 1223 2426 bonis
1239 2399 1300 2426 istis
1316 2398 1416 2433 privat.

973 2433 1012 2467 (7)
1028 2432 1172 2461 Pontanus
1187 2433 1263 2461 addit
1279 2445 1285 2461 :
1306 2432 1323 2458 «⁷
1345 2434 1419 2461 Deus
1440 2433 1475 2460 ab
1492 2432 1573 2460 initio
1591 2432 1662 2460 duos
1680 2439 1764 2460 mun-

938 2467 988 2496 dos
1004 2468 1159 2501 fabricavit,
1177 2470 1318 2497 viSIbilem
1335 2474 1360 2497 ei
1378 2468 1550 2496 invisibilem
1569 2475 1575 2495 τ
1607 2475 1696 2496 unum
1713 2476 1765 2496 au-

938 2508 993 2531 tem
1012 2510 1110 2539 regem
1139 2512 1238 2533 eorum
1268 2513 1330 2540 quae
1360 2505 1506 2533 oculorum
1533 2511 1619 2532 sensu
1636 2504 1763 2538 percipe-

938 2544 1038 2567 rentur
1054 2549 1060 2571 ;
1079 2540 1259 2575 duorumque
1289 2541 1462 2569 mundorum
1491 2541 1696 2569 characterem,
1713 2547 1764 2567 seu

939 2579 1035 2603 notam
1053 2576 1081 2603 in
1097 2583 1127 2603 se
1155 2583 1216 2610 ipso
1247 2577 1392 2609 fere-num,
1422 2575 1599 2610 aspcctabilis
1613 2575 1762 2607 nimirum,

940 2616 967 2639 et
981 2611 1016 2638 ad
1040 2611 1258 2646 intelligentiam
1286 2612 1463 2647 pertinentis.
1495 2611 1541 2638 llis
1569 2615 1764 2647 congruenter

939 2654 1054 2682 quoque
1070 2648 1126 2675 duo
1142 2647 1218 2675 soles
1234 2646 1341 2681 lucént,
1357 2655 1431 2676 unus
1460 2647 1617 2678 FBDSlblilr,
1633 2646 1704 2674 alter
1720 2648 1766 2674 in-

940 2683 1119 2719 telligibilis:
1138 2684 1271 2719 quodque
1287 2689 1330 2712 est
1350 2685 1377 2711 in
1403 2682 1575 2713 Visib‘libus.
1593 2687 1619 2709 et
1633 2683 1687 2719 sub
1703 2689 1766 2719 sen-

939 2725 1002 2746 sum
1019 2718 1196 2751 cadentibus,
1212 2718 1267 2753 εἰμι,
1286 2720 1339 2747 hoc
1355 2721 1383 2747 in
1400 2719 1435 2746 iis
1460 2725 1524 2753 qua:
1553 2722 1662 2746 tantum
1681 2718 1764 2744 intel-

939 2753 1077 2790 liguntur,
1096 2755 1180 2782 υνυς.
1197 2755 1316 2784 δυςιὶιιω
1331 2755 1406 2782 enim
1436 2754 1482 2782 Sol
1513 2757 1565 2784 est.
1582 2760 1614 2780 ac
1630 2754 1763 2790 nomina-

939 2795 985 2818 tur
1001 2791 1130 2824 (Malach.
1162 2796 1201 2822 tv,
1229 2792 1265 2824 2).
1297 2791 1390 2819 Habes
1420 2790 1505 2825 igiiir
1533 2789 1687 2817 secundum
1704 2789 1764 2817 hac

938 2826 1014 2854 soles
1028 2827 1111 2859 duos)
1126 2833 1216 2855 unum
1234 2826 1394 2862 subjectum
1418 2825 1518 2862 Oculis,
1535 2825 1764 2862 alteriim‘menti

938 2866 968 2890 et
981 2862 1084 2890 rationi
1101 2872 1107 2894 ;
1124 2860 1365 2897 quemadmodum
1394 2862 1460 2890 item
1488 2861 1544 2889 duo
1569 2860 1668 2889 mundi
1685 2865 1762 2891 sunt,

939 2900 970 2926 ut
981 2897 1115 2927 diximus.
1133 2896 1181 2926 ’Et
1209 2898 1281 2927 alter
1306 2898 1421 2934 quidem
1448 2897 1561 2930 horum,
1592 2897 1621 2925 id
1644 2901 1697 2929 est,
1714 2896 1764 2933 qui
