1982 3075
212 146 274 181 635
856 151 1048 184 SYMEONIS

245 215 295 247 61.
312 215 373 247 Nos
388 215 439 256 qui
453 215 557 247 ﬁdeles
572 224 685 255 sumus,
696 217 852 249 universos
866 218 1026 250 ﬁdelesve-
1036 220 1058 246 Α

205 260 249 291 lut
263 269 354 291 unum
364 260 474 291 intueri
489 259 644 299 debemus,
658 265 688 292 et
700 262 870 294 existimare
884 263 915 294 in
930 263 1029 294 omni-

203 304 259 336 bus
282 304 431 336 Christum
459 314 525 336 esse
543 315 550 337 :
569 315 696 347 eamque
715 316 785 347 ergo
808 307 907 348 ipsum
924 317 1029 347 gerere

203 349 388 386 charitatem,
406 355 439 379 ut
454 359 506 390 pro
523 359 558 381 eo
576 350 690 382 animas
706 356 823 383 nostras
847 362 958 393 ponere
975 362 1028 393 pa-

202 393 258 425 rati
273 393 376 424 simus.
394 394 512 425 Etenim
536 395 674 427 universe
690 397 839 428 neminem
859 397 1027 437 improbum

203 438 303 469 dicere
319 443 369 469 aut
381 439 518 479 judicare
534 439 691 477 debemus,
707 442 759 472 sed
777 451 880 472 omnes
902 451 954 481 pro
972 442 1027 472 bo-

202 482 250 513 nis
264 483 385 520 ducere,
403 487 434 514 ut
447 483 631 516 dicebamus.
648 486 773 516 Etiamsi
797 486 965 527 quempiam
983 486 1029 517 vi-

203 527 287 559 tiosis
303 528 430 559 motibus
447 529 672 560 tumultuantem
688 530 808 571 videris,
822 541 880 561 non
893 531 1027 568 fratrem,

203 571 256 602 sed
275 582 379 612 pravas
403 573 616 605 concitationes
641 574 752 611 oderis,
770 585 786 606 a
801 575 908 616 quibus
930 585 1026 615 oppu-

203 618 377 656 gnatur.Sin
393 627 409 648 a
421 618 642 658 cupiditatibus,
662 623 691 649 et
703 619 780 650 curis
792 620 959 660 anticipatis
974 619 1028 650 mi-

206 670 272 692 sere
288 662 475 702 exagitatum,
494 663 607 703 majore
629 663 712 694 illum
736 664 939 696 misericordia
955 674 1026 704 pro-

206 715 342 746 sequere,
360 717 398 738 ne
414 711 443 738 et
457 711 487 738 tu
505 707 629 738 tenteris
643 718 650 748 ;
665 712 697 738 ut
713 713 781 747 pote
804 712 908 739 natura
930 713 1027 739 muta-

169 769 172 773 ›
204 749 257 781 bili
272 751 423 791 praditus,
440 761 587 793 quamque
611 752 737 784 adversa
766 753 919 784 incursare
943 753 1030 784 facile

205 799 330 836 possunt
348 796 402 836 (8).

246 840 295 870 62.
313 839 342 871 Si
358 840 424 881 quis
441 845 471 872 ut
486 841 638 882 hypocrita
670 842 801 880 fucatus,
824 846 874 873 aut
888 842 925 873 ob
954 842 1028 874 facta

206 894 258 915 sua
273 885 508 925 reprehensione
532 886 649 927 dignus,
672 892 721 918 aut
742 888 778 918 ad
803 887 891 918 breve
913 891 1029 927 tempus

207 929 328 970 fractus,
347 933 376 960 et
390 930 524 970 abjectus
547 936 602 969 est,
620 936 670 963 aut
685 932 868 973 aliquantum
883 941 916 962 ex
932 932 1028 972 negli-

205 974 306 1014 gentia
321 975 351 1004 in
367 975 465 1016 aliqua
478 979 559 1016 parte
572 976 661 1007 officii
673 977 718 1008 sui
728 975 885 1014 claudicat,
900 977 1029 1017 perfecte

205 1020 284 1050 sanis
300 1029 359 1050 non
371 1019 587 1053 adnumeratur
604 1032 611 1052 :
628 1022 681 1053 sed
700 1027 837 1062 tanquam
861 1022 986 1062 inutilis,
1002 1025 1031 1052 et

206 1063 352 1104 reprobus
373 1064 524 1104 abjicitur,
553 1075 601 1104 ne,
627 1066 696 1097 dum
725 1070 830 1097 catena
853 1065 1028 1103 intenditur,

206 1108 269 1148 ipse
286 1108 371 1139 faciat
387 1114 418 1139 ut
433 1110 497 1149 ejus
519 1111 692 1151 conjunctio
718 1111 904 1151 dirumpalur
929 1114 956 1141 et
980 1110 1030 1141 in-

207 1152 361 1184 tervalluni
377 1153 464 1185 detur
478 1154 508 1185 in
520 1155 575 1191 his,
595 1165 661 1195 quae
675 1155 825 1196 proxime,
846 1155 1030 1186 arctissime-

206 1207 264 1238 que
278 1198 343 1230 sine
366 1199 521 1230 intervallo
544 1201 734 1232 cohaerebant
751 1210 757 1232 :
773 1204 802 1232 et
817 1200 950 1241 utrisque
963 1209 1030 1230 mo—

206 1242 334 1279 lestiatn,
350 1243 545 1285 doloremque
562 1245 665 1286 pariat,
683 1245 754 1276 dum
775 1246 889 1286 priores
911 1248 1031 1286 propter

205 1288 406 1328 sequentium,
424 1293 452 1320 et
468 1290 498 1320 hi
515 1294 637 1331 propter
650 1290 884 1331 praecedentium
906 1299 1030 1330 separa-

207 1332 318 1364 tionem
334 1334 505 1365 cruciantur
523 1335 578 1376 (9).

1039 868 1059 892 B

207 1429 322 1451 sensum
339 1427 441 1456 movet,
473 1431 538 1452 cum
569 1423 711 1457 omnibus,
742 1431 806 1459 qua
820 1423 1030 1458 complectitur,

207 1459 242 1487 ab
258 1459 312 1487 hoc
327 1459 457 1487 sensibili
473 1464 500 1488 et
517 1460 683 1493 aspectabili
708 1460 767 1488 sole
783 1459 972 1488 illuminatur.
989 1460 1032 1488 Al-

206 1497 250 1531 ter
266 1502 343 1531 vero,
360 1495 420 1523 sive
434 1495 634 1531 intelligibilis,
653 1495 723 1530 ipse,
742 1500 768 1523 et
782 1502 846 1528 qua
862 1495 890 1523 in
905 1503 939 1522 eo
954 1500 1030 1529 sunt,

205 1530 242 1558 ab
258 1530 444 1567 intelleciruali
469 1530 539 1559 Sole
556 1531 674 1567 justitite
700 1531 804 1563 lucem,
821 1531 1033 1567 claritatemque

1067 151 1243 184 JUNIORIS
1837 149 1898 184 636

1110 213 1162 251 ξα”.
1179 218 1282 250 Πάντας
1295 218 1355 250 τοὺς
1384 219 1492 251 πιστοὺς
1522 220 1558 251 ὡς
1584 220 1629 248 ἕνα
1656 219 1763 258 βλέπειν
1791 218 1896 259 ὀφείλο-

1070 274 1118 301 μεν
1140 264 1163 291 οἱ
1190 265 1290 300 πιστοὶ,
1313 265 1355 292 καὶ
1381 264 1423 292 ἐπὶ
1451 265 1488 292 ἑνὶ
1516 264 1620 302 ἑκάστῳ
1642 266 1727 293 αὖτῶν
1749 264 1819 292 εἶναι
1844 263 1895 291 λο-

1070 308 1183 347 γίζεσθαι
1199 309 1243 336 τὸν
1259 309 1370 348 Χριστόν
1390 317 1397 324 ·
1420 310 1463 336 καὶ
1484 308 1554 337 οὕτω
1567 312 1601 348 τῇ
1623 310 1687 349 πρὸς
1714 309 1792 337 αὺτὸν
1821 308 1894 347 ἁγά-

1069 365 1108 391 πῃ
1129 352 1287 389 διακεῖσθαι,
1305 354 1341 385 ὡς
1366 353 1486 391 ἑτοίμους
1510 354 1582 382 εἶναι
1610 354 1673 394 ὑπὲρ
1703 355 1782 383 αὖτοῦ
1793 353 1893 382 τιθέναι

1069 398 1116 429 τὰς
1131 397 1195 430 ἰδίας
1211 398 1302 438 ψυχάς
1324 406 1331 413 ⁶
1364 397 1422 427 οὐδὲ
1435 399 1484 438 γὰρ
1513 399 1543 426 τὸ
1568 398 1679 427 καθόλου
1701 398 1800 438 λέγειν⁷
1817 398 1835 432 ἢ
1851 409 1894 425 νο-

1070 442 1151 480 μίζειν
1187 442 1326 482 ὀφείλομέν
1361 454 1420 471 τινα
1460 444 1588 483 πονηρὸν,
1626 442 1694 472 ἀλλὰ
1725 443 1826 474 πάντας
1856 443 1893 473 ὡς

1070 487 1182 526 ἀγαθοὺς
1210 489 1283 526 aget,
1326 487 1414 527 ὥσπερ
1449 487 1562 525 εἴπομεν
1580 497 1587 505 ·
1622 487 1669 515 κᾶν
1710 488 1760 515 ὑπὸ
1802 488 1893 515 παθῶν

1070 531 1232 571 ὀχλούμενον
1259 531 1305 569 ἴδῃ
1334 532 1402 569 τινὰ,
1431 532 1469 569 μὴ
1481 533 1526 560 τὸν
1549 531 1670 572 ἀδελφὸν,
1688 531 1756 560 ἀλλὰ
1772 531 1805 559 τὰ
1819 531 1893 564 πάθη

1069 577 1182 613 μίσησον
1210 576 1242 604 τὰ
1277 575 1443 614 πολεμοῦντα
1469 577 1558 614 αὒτὸν,
1589 577 1638 604 κᾶν
1667 577 1717 604 ὑπὸ
1747 576 1892 613 ἐπιθυμιῶν

1069 621 1111 648 καὶ
1130 620 1289 660 προλήψεων
1311 621 1527 662 τυραννούμενον,
1556 622 1598 650 ἐπὶ
1621 621 1716 650 πλεῖον
1745 620 1895 660 σπλαγχνί-

1069 667 1144 698 σθητι
1161 673 1167 680 ⁸
1193 666 1230 703 μή
1246 676 1310 694 ποτε
1332 666 1375 693 καὶ
1391 666 1468 697 αὐτὸς
1484 668 1636 706 πειρασθῇς,
1661 667 1698 698 ὡς
1721 666 1772 694 ὑπὸ
1789 665 1893 704 τροπὴν

1069 709 1105 738 ὢν
1121 709 1186 743 ὕλης
1202 710 1402 750 εὗπεριστάτου.

1109 837 1159 880 ξβ’.
1185 842 1219 870 Εἴ
1243 854 1284 875 τις
1311 842 1433 877 κίϐδηλος
1461 843 1486 876 ἐξ
1512 844 1683 884 ὑποκρίσεως,
1712 844 1729 878 ἢ
1760 843 1785 876 ἐξ
1807 843 1893 883 ἔργων

1069 887 1219 925 ἐπίμωμος,
1242 887 1260 921 ἢ
1286 889 1349 927 πρὸς
1378 889 1464 928 βραχὺ
1485 888 1673 928 τεθραυσμένος
1701 889 1726 921 ἐξ
1755 889 1813 920 ἑνὸς
1835 889 1892 916 πά-

1070 934 1140 969 θους,
1157 932 1174 966 ἢ
1191 933 1283 970 μικρὸν
1305 932 1416 966 ἐλλιπὴς
1438 932 1462 965 ἐξ
1491 932 1615 970 ἀμελεὶας
1644 933 1678 971 ἐμ
1701 933 1773 973 μέρει
1789 933 1893 973 τυγχά-

1070 987 1118 1013 νει,
1143 978 1172 1005 οὔ
1206 980 1458 1017 συγκαταριθμεϊται
1493 984 1552 1010 τοῖς
1574 977 1744 1018 ὁλόχλήροις,
1774 977 1833 1006 ἀλλ’
1855 979 1893 1009 ὡς

1071 1022 1207 1062 ἄχρηστος
1228 1023 1272 1050 καὶ
1294 1022 1419 1060 ἀδόκιμος
1441 1022 1632 1059 ἀποϐάλλεται,
1656 1023 1703 1051 ἵνα
1725 1024 1763 1060 μὴ
1786 1023 1814 1051 ἐν
1835 1034 1894 1051 χιι-

1072 1070 1109 1106 ρῷ
1140 1066 1252 1103 τάσεως,
1289 1065 1458 1106 διαρῥαγῆναι
1487 1068 1589 1106 ποιήσῃ
1611 1069 1656 1096 τὸν
1678 1067 1821 1105 σύνδεσμον
1842 1070 1894 1100 τῆς

1071 1110 1200 1148 ἁλύσεως,
1229 1112 1273 1139 καὶ
1309 1110 1442 1140 διάστασιν
1471 1111 1498 1139 ὲν
1532 1111 1709 1152 ἆδιαστάτοις,
1739 1112 1783 1140 καὶ
1808 1111 1894 1143 λύπας

1072 1155 1098 1184 ἐν
1115 1155 1272 1196 ἀμφοτέροις
1295 1156 1438 1195 ἐργάσηται
1456 1165 1466 1174 ο
1491 1159 1544 1184 τῶν
1573 1157 1620 1194 μὲν
1649 1156 1806 1196 ἔμπροσθεν,
1829 1157 1895 1196 ὑπὲρ

1071 1203 1124 1229 τῶν
1137 1200 1262 1240 ὑστέρων,
1280 1202 1332 1229 τῶν
1347 1200 1385 1239 δὲ,
1401 1201 1466 1240 ὑπὲρ
1480 1205 1526 1230 τοῦ
1541 1205 1679 1242 χωρισμοῦ
1690 1204 1742 1229 τῶν
1756 1201 1893 1241 προαγόν-

1071 1257 1124 1273 των
1147 1245 1350 1285 ἆλγεινομένων.

1073 1423 1150 1460 velth
1173 1423 1297 1460 irrigatae
1325 1423 1428 1460 plantae
1456 1425 1592 1454 virtutum
1619 1422 1726 1452 sensim
1753 1422 1782 1451 in
1806 1429 1892 1451 auras

1072 1458 1333 1496 prodeunt,‘atque'
1343 1458 1517 1496 adolescunt.

1111 1505 1123 1521 ι
1140 1495 1187 1524 Sol
1202 1493 1346 1524 sensibilis
1361 1495 1498 1528 exoritur,
1516 1495 1713 1530 mundumque
1728 1493 1814 1522 istum
1829 1493 1895 1523 luce

1074 1538 1124 1559 sua
1140 1531 1232 1564 vestit,
1249 1536 1276 1560 et
1290 1532 1384 1560 omnia
1400 1538 1463 1566 quae
1476 1531 1525 1560 illo
1540 1532 1731 1562 continentur,
1749 1530 1893 1566 homines,

207 1566 363 1603 accipiunt.
379 1566 530 1603 sensibilis
557 1565 648 1603 igitur
672 1575 688 1595 a
718 1566 856 1598 sensibili,
885 1571 911 1594 et
926 1565 1061 1603 intelli-F
1075 1567 1158 1603 teras,
1171 1567 1306 1602 jumenta,
1323 1571 1350 1596 et
1364 1565 1418 1595 alia
1446 1574 1533 1602 super
1559 1574 1622 1603 quae
1638 1567 1687 1594 lux
1702 1573 1731 1593 se
1746 1565 1896 1603 mqualiter

207 1591 362 1638 illiilla—aii
380 1591 659 1638 ibtelliéibiliu-Sola
672 1591 1029 1631 ’diiis—tini'iilus't'réhiur';
1042 1591 1061 1615 C
1074 1591 1308 1638 ὸῖἓιῐίιᾶᾗῗῖιῦἐ
1324 1591 1896 1638 Ears‘irmapertissimisassariis;

206 1637 318 1666 nullam
334 1638 449 1673 penitus
474 1637 547 1666 inter
574 1646 605 1666 se
633 1638 876 1673 coniunctionem,
894 1643 942 1666 aut
956 1639 1032 1667 noti-

207 1673 286 1706 tiam,
300 1678 348 1702 aut
363 1674 595 1702 communionem
613 1674 793 1706 habentibus,
815 1681 908 1708 neque
923 1673 1032 1703 intelli-

207 1709 343 1745 gibilibus
359 1716 423 1737 cum
440 1710 636 1745 sensibilibus,
657 1717 749 1745 neque
765 1709 951 1738 sensibilibus
966 1717 1032 1739 cum

207 1743 448 1780 intelligibilibus.

247 1790 257 1805 ι
283 1781 367 1810 Solus
397 1782 482 1810 homo
513 1788 547 1809 ex
575 1781 711 1809 omnibus
740 1788 862 1817 quzeque
888 1780 1031 1817 videntur,

206 1822 327 1852 qumque
343 1821 452 1845 tantum
469 1817 564 1845 animo
587 1816 755 1845 cernuntur;
784 1816 899 1851 duplex,
917 1824 966 1845 seu
983 1816 1033 1852 ge-

205 1852 302 1880 minus
317 1860 331 1881 a
348 1853 406 1880 Deo
421 1857 534 1881 creatus
549 1857 601 1885 est,
623 1860 727 1887 corpus
736 1852 852 1888 quidem
864 1859 898 1880 ex
910 1856 1033 1887 quatuor

207 1888 309 1950 primis
337 1888 518 1923 corporibus,
548 1896 598 1917 seu
626 1888 774 1916 elementis
803 1893 1032 1923 coagmentatum

226 1924 325 1950 aberis.
343 1931 517 1950 sensumque
533 1931 566 1950 ac
590 1924 733 1950 sniritum.
764 1931 814 1950 ner
829 1931 913 1950 auem
931 1924 1032 1950 horum

226 1924 325 1960 abens,
343 1931 517 1960 sensumque
533 1931 566 1953 ac
590 1924 734 1959 spiritum,
750 1931 819 1960 per
829 1931 913 1959 quem
931 1924 1032 1952 horum

205 1959 415 1994 principiorum
431 1959 478 1988 est
489 1961 628 1995 particeps
643 1964 670 1988 et
685 1961 712 1987 in
726 1959 783 1987 illis
796 1959 865 1987 vivit
881 1980 886 1986 .
903 1959 1030 1988 animam

206 1999 301 2023 autem
318 1995 521 2031 intelligentia},
545 1999 572 2024 et
601 1995 713 2024 consilii
739 1999 908 2030 compotem,
938 2003 953 2023 a
968 2003 1028 2024 ma-

206 2031 287 2064 teria,
305 2036 332 2059 et
345 2039 465 2066 corpore
482 2032 610 2064 liberam,
628 2039 678 2059 seu
704 2031 821 2059 minime
850 2035 1028 2065 corporatam

207 2066 285 2094 hisce
301 2067 539 2102 imperscrutabili
571 2071 597 2096 et
621 2067 817 2102 inexplicabili
845 2066 954 2094 ratione
980 2073 1029 2095 co-

205 2101 350 2139 pulatam,
362 2103 490 2139 citraque
504 2103 667 2131 mistionem
682 2101 709 2131 et
730 2101 932 2139 confusionem
949 2109 1028 2130 com-

206 2138 330 2166 mistam.
348 2139 410 2167 Haec
426 2137 510 2173 porro
525 2145 602 2167 unus
618 2139 703 2166 homo
732 2142 809 2170 sunt,
829 2137 934 2166 animal
951 2145 1028 2166 mor-

206 2173 259 2201 tale
274 2177 301 2202 et
315 2174 486 2205 immortale.
516 2175 591 2210 quod
621 2174 710 2202 videri
739 2181 792 2201 nec
817 2174 904 2210 videri
922 2177 1026 2209 potest,

204 2210 316 2243 santiri,
333 2215 359 2239 et
377 2210 496 2246 intelligi
516 2209 532 2238 ζ
552 2210 581 2237 in
611 2217 667 2245 quo
692 2209 846 2246 spectandi
868 2214 1027 2246 creaturam

1073 1638 1189 1670 strabat,
1220 1637 1345 1667 tenebris
1374 1637 1518 1672 oppletum
1547 1638 1692 1673 relinquit.
1713 1637 1896 1673 Solrintelli-

1073 1673 1139 1702 bilis
1152 1674 1250 1709 fulget,
1267 1679 1294 1702 et
1314 1674 1448 1709 fulgebat,
1479 1679 1554 1702 totus
1582 1681 1597 1702 a
1622 1672 1680 1701 toto
1695 1672 1772 1701 omni
1789 1673 1830 1700 sic
1844 1680 1895 1701 ca-

1073 1713 1149 1744 ptus,
1167 1714 1198 1737 ut
1211 1710 1274 1745 capi
1293 1713 1416 1745 nequeat
1431 1717 1438 1737 :
1465 1717 1480 1737 a
1508 1709 1646 1738 creaturis
1661 1713 1757 1745 autem
1770 1709 1832 1736 suis
1845 1715 1894 1736 se-

1073 1743 1211 1777 cernitur,
1226 1743 1255 1774 et
1267 1743 1393 1774 totus‘ab
1408 1745 1443 1773 iis
1457 1745 1564 1781 absque
1574 1745 1707 1773 distantia
1720 1743 1896 1781 sejungitur,

1073 1785 1171 1816 estque
1186 1781 1215 1809 in
1231 1785 1289 1809 toto
1306 1781 1383 1809 omni
1401 1785 1486 1815 totus,
1502 1779 1530 1810 et
1552 1787 1694 1815 nusquam
1710 1784 1761 1808 est.
1780 1779 1811 1807 ln
1827 1781 1895 1808 totis

1073 1817 1212 1855 creaturis
1240 1816 1514 1855 vis_ibiltb_l_ls__totus,
1544 1821 1571 1845 et
1594 1823 1709 1855 rursum
1732 1816 1894 1855 extrahas

1073 1856 1158 1880 totus.
1177 1852 1264 1881 Totus
1279 1853 1307 1880 in
1319 1852 1490 1885 visibilibus,
1507 1857 1534 1881 et
1553 1856 1628 1880 tctus
1644 1851 1673 1880 in
1689 1850 1894 1884 invisibilibus,

1073 1892 1101 1916 et
1116 1888 1219 1923 ubique
1234 1892 1309 1916 totus
1328 1887 1418 1921 adest,
1433 1893 1460 1916 et
1484 1892 1557 1917 totus
1572 1887 1749 1923 neutiquam,
1766 1889 1893 1922 uspiam.

1112 1934 1123 1948 ι
1149 1922 1277 1952 Christus
1301 1923 1485 1959 principium,
1516 1922 1716 1959 medium,’et
1732 1922 1820 1959 ﬁnis,
1840 1930 1895 1952 seu

1073 1960 1280 1987 consummatio
1296 1958 1339 1987 est
1355 1959 1384 1987 in
1399 1959 1543 1992 omnibus,
1555 1959 1660 1995 quippe
1670 1958 1718 1994 qui
1734 1958 1762 1995 in
1779 1958 1894 1995 primis,

1070 1995 1154 2023 etiam
1171 1996 1200 2022 in
1217 1995 1327 2029 mediis,
1358 1999 1384 2022 et
1413 1994 1572 2025 extremis.’
1590 1998 1621 2023 ut
1649 1995 1678 2022 in
1707 1994 1808 2029 primis
1823 1998 1867 2022 est
1885 2006 1891 2023 :

1069 2037 1123 2058 nec
1137 2031 1214 2058 enim
1229 2031 1306 2066 quod
1327 2029 1362 2058 ad
1391 2030 1453 2058 haec
1480 2031 1589 2063 attinet.
1618 2030 1719 2066 ullum,
1739 2030 1767 2057 in
1784 2037 1818 2058 eo
1832 2029 1895 2057 dis~

1069 2066 1178 2094 crimen
1193 2065 1259 2094 est:
1276 2066 1349 2094 sicut
1377 2073 1430 2093 nec
1458 2066 1610 2098 Barbarus,
1641 2072 1695 2094 nec
1709 2065 1823 2101 Scytha,
1841 2072 1895 2094 nec

1070 2101 1184 2130 Graecus
1205 2102 1234 2129 in
1264 2102 1326 2136 ipso
1350 2105 1402 2132 est.
1430 2102 1479 2130 sed
1508 2102 1615 2134 omnia,
1645 2105 1672 2130 et
1697 2101 1727 2129 in
1755 2101 1893 2131 omnibus

1069 2137 1197 2165 Christus
1211 2138 1310 2171 (Galat.
1328 2143 1368 2169 Ill,
1383 2137 1437 2170 28).

1110 2183 1120 2198 ιι
1136 2173 1237 2201 Sancta
1251 2173 1375 2202 Trinitas
1399 2172 1531 2201 habitans
1559 2180 1610 2207 per
1634 2179 1743 2204 omnes,
1760 2179 1774 2200 a
1791 2172 1896 2208 primis

1070 2209 1105 2237 ad
1120 2209 1245 2241 ultimos,
1262 2213 1293 2237 ut
1321 2209 1356 2237 ab
1385 2208 1481 2244 aliquo
1510 2209 1601 2243 capite
1631 2215 1723 2243 usque
1737 2207 1772 2236 ad
1790 2207 1891 2242 pedes,

204 2246 418 2280 aspectabilem,
433 2250 461 2274 et
474 2244 666 2281 'intelligendi
695 2245 928 2280 inaspectabilem
944 2245 1254 2281 {ataui-Dcoagmentat,
1269 2245 1424 2281 componit,
1441 2244 1628 2280 conglutinat,
1654 2245 1771 2275 adunat,
1786 2249 1814 2281 et
1829 2245 1896 2273 col-

206 2284 248 2317 tas
264 2281 346 2310 inest.
376 2281 413 2310 Ut
439 2282 525 2317 igitur
553 2282 581 2309 in
612 2281 724 2309 duobus
750 2281 863 2309 mundis
878 2281 1027 2309 eﬂicientia

205 2316 262 2353 duo
291 2317 366 2346 soles
393 2316 529 2346 diﬁc’runt
566 2325 598 2345 ac
636 2322 815 2353 srparantur,
853 2317 914 2351 pari
944 2316 1028 2345 modo

205 2351 291 2381 etiam
309 2353 338 2381 in
355 2360 412 2381 uno
442 2354 566 2385 homine,
593 2351 677 2381 unus"
695 2353 809 2388 quidem
827 2359 941 2387 corpus.
957 2352 1029 2381 alter

205 2389 329 2416 animam
345 2389 407 2424 ejus
422 2389 570 2418 collustrat
588 2396 594 2416 :
619 2393 647 2417 et
671 2393 789 2423 uterque
804 2388 838 2416 de
854 2395 905 2416 suo
921 2388 1027 2417 lumine

205 2424 376 2457 illuminato,
405 2432 457 2460 pro
471 2425 533 2461 ejus
549 2427 632 2460 captu
643 2424 845 2456 abundantius,
856 2428 903 2452 aut
914 2430 965 2459 par
984 2424 1027 2452 ius

206 2461 409 2489 communicat.
672 2479 679 2483 -

243 2507 253 2522 α
270 2496 420 2524 Sensibilis
449 2495 491 2524 sol
508 2495 629 2529 videtur,
641 2503 696 2524 nen
710 2495 784 2524 videt
800 2506 806 2522 :
823 2495 1027 2524 intellectualis

206 2532 316 2560 videtur
331 2532 366 2560 ab
383 2533 427 2560 his
441 2532 490 2568 qui
512 2532 590 2566 digni
606 2537 682 2563 sunt,
699 2537 726 2560 et
741 2538 840 2559 omnes
855 2531 930 2568 videt
947 2541 953 2564 ;
971 2539 1027 2559 ma-

206 2569 249 2604 gis
264 2571 358 2596 autem
375 2575 422 2596 eos
451 2566 499 2603 qui
530 2568 623 2602 ipsum
654 2568 758 2595 vident.
789 2566 939 2604 Sensibilis
968 2574 1027 2604 non

206 2603 343 2640 loquitur,
359 2611 412 2632 nec
432 2611 564 2639 cniquam
590 2603 666 2638 loqui
694 2604 807 2640 donat;
828 2603 1027 2640 intellectualis

206 2645 234 2669 et
245 2639 374 2675 loquitur
389 2647 453 2668 cum
471 2639 571 2668 amicis
600 2640 671 2674 suis,
697 2645 724 2668 ct
750 2643 781 2668 ut
803 2639 964 2674 loquantur,
982 2639 1029 2667 dat

206 2677 350 2705 omnibus.
366 2675 514 2704 Sensibilis
531 2676 558 2703 in
589 2675 670 2703 horto
700 2675 828 2703 sensibili
845 2676 964 2706 micans,
981 2682 1027 2703 ra-

205 2712 319 2741 diorum
334 2719 452 2740 suorum
477 2711 587 2739 fervore
616 2710 766 2740 humorem
795 2711 931 2738 duntaxat
946 2714 1029 2739 tetras

205 2749 339 2780 exstet-at,
356 2755 413 2776 non
438 2747 522 2775 etiam
552 2746 673 2782 plantas.
703 2751 730 2775 ct
758 2747 865 2775 semina
886 2746 1030 2781 pinguefa-

206 2784 263 2812 cit:
281 2783 471 2820 intelligibiliﬁs
496 2784 523 2810 in
553 2783 649 2820 anima
668 2782 858 2820 illucescens,
876 2786 1030 2820 utrumque

207 2820 319 2848 conﬁcit
334 2818 436 2854 nempe
452 2819 601 2847 humorem
626 2819 760 2848 vitiorum
788 2818 914 2852 arefacit,
930 2823 965 2854 et
979 2818 1029 2846 fm-

204 2855 319 2895 ditatem
335 2863 370 2884 ex
384 2853 553 2895 illis_nata_m
568 2858 717 2890 expurgat,
733 2854 893 2895 animaeque
907 2853 1028 2895 pingue-

205 2891 311 2925 dinem,
332 2898 419 2928 quam
450 2889 613 2927 intelligere
639 2889 802 2927 pessumus,
832 2889 944 2922 inserit,
972 2897 1028 2926 qua

1070 2280 1139 2315 ligat
1152 2281 1260 2320 sibi,_et
1276 2282 1311 2308 ita
1335 2279 1562 2320 collligatos,’_et
1589 2283 1777 2320 congregatos
1791 2279 1896 2310 ﬁrmos

1069 2323 1128 2352 eos,
1145 2321 1172 2344 et
1186 2316 1322 2344 infractos
1343 2316 1447 2352 reddit,
1472 2319 1498 2344 et
1520 2315 1549 2343 in
1567 2315 1706 2352 iquolibet
1720 2322 1819 2343 eorum
1834 2323 1894 2346 una

1069 2351 1227 2393 eademque
1238 2352 1350 2393 cognita
1363 2355 1451 2393 patet,
1476 2359 1540 2393 quae
1566 2351 1640 2379 Deus
1652 2351 1755 2393 esp-in
1772 2352 1895 2393 queui-

1068 2386 1228 2451 txilrtniigtiimi
1245 2386 1326 2420 ﬁunt,
1343 2386 1375 2416 et
1400 2386 1492 2423 primi
1513 2392 1647 2422 tanquam
1664 2386 1757 2415 ultimi
1773 2387 1889 2421 (Matth.

1111 2444 1116 2451 .
1183 2445 1187 2449 .
1206 2433 1217 2449 I

1067 2425 1187 2455 ΧΧ,16).
1206 2433 1217 2449 1

1105 2423 1301 2494 (Sisigodtanus
1316 2458 1392 2488 addit
1407 2457 1562 2494 capitulum
1573 2465 1663 2487 unum
1679 2466 1685 2486 :
1706 2467 1716 2484 ι
1734 2458 1797 2492 Quo
1807 2462 1893 2493 pacto

1069 2496 1179 2523 ratione
1196 2495 1322 2523 valentes
1348 2494 1389 2522 illi
1412 2494 1527 2523 ordines
1551 2501 1741 2530 supernarum
1754 2494 1894 2523 virtutum

1069 2538 1084 2559 a
1102 2530 1158 2558 Deo
1173 2530 1325 2559 ordinatim
1352 2530 1541 2562 illustrantur,
1572 2529 1733 2565 aprincipo
1749 2537 1781 2557 ac
1797 2529 1892 2564 primo

1069 2567 1196 2594 omnium
1213 2566 1313 2602 ordine
1329 2573 1419 2602 usque
1447 2565 1482 2594 ad
1504 2567 1672 2602 secundum,
1688 2570 1716 2593 et
1729 2565 1835 2602 abqhoc
1855 2566 1892 2594 ad

1069 2603 1196 2636 tertium,
1210 2607 1238 2630 et
1252 2600 1387 2637 deinceps
1403 2602 1439 2629 ab
1454 2601 1509 2630 hoc
1532 2602 1567 2630 ad
1581 2601 1681 2636 alium,
1696 2606 1724 2637 et
1739 2600 1775 2629 ad
1790 2608 1892 2630 omnes

1068 2639 1191 2673 denique
1206 2637 1314 2666 lumine
1329 2637 1424 2665 divino
1453 2641 1618 2673 penetrante
1637 2645 1643 2665 :
1669 2636 1768 2665 eodem
1781 2641 1811 2673 et
1822 2644 1892 2665 san-

1068 2675 1105 2703 cti
1120 2682 1135 2702 a
1147 2672 1254 2702 divinis
1273 2673 1382 2708 angelis
1397 2672 1561 2704 illuminati,
1587 2673 1757 2708 vincu‘oque
1771 2672 1892 2707 spiritus

1069 2709 1206 2746 colligati,
1231 2713 1258 2738 et
1280 2709 1364 2744 uniti,
1390 2709 1499 2737 honore
1521 2708 1578 2737 illis
1599 2715 1690 2745 pares.
1717 2712 1744 2737 et
1765 2708 1893 2772 2quthqu

1829 2748 1890 2773 unt.

1106 2853 1144 2888 (9)
1172 2853 1337 2889 Sequuntur
1365 2852 1442 2890 apud
1469 2852 1628 2882 Pontanum
1655 2850 1890 2890 octocapitula:

1653 2898 1667 2916 ‹
1683 2887 1737 2923 Qui
1752 2887 1892 2917 unionem
