1982 3075
233 139 294 174 639

883 140 1074 174 SYMEONIS
1093 141 1269 174 JUNIORIS

1868 143 1940 176 640

233 209 290 247 rie,
307 210 352 241 vel
367 218 433 240 cum
448 209 574 250 imperio
595 209 806 241 inducentibus
826 208 1053 250 obtemperabit,

1106 213 1194 242 ιτικῶς
1216 210 1352 250 ἐνάγουσιν
1380 211 1570 249 ὑπακούσεται,
1599 211 1667 241 ἀλλὰ
1695 211 1800 250 μᾶλλον
1829 212 1867 242 τὰ
1884 214 1940 242 αὒ-

234 254 285 285 sed
301 263 367 294 quae
382 254 478 294 ipsum
491 254 572 285 hunc
588 254 723 285 timorem
740 258 877 294 augeant,
894 263 929 285 ea
944 254 1058 294 potiora

234 298 379 337 censebit;
395 302 424 329 et
434 307 499 339 quae
508 298 584 329 istud
595 299 746 330 vinculum
756 299 867 330 arctius
877 298 1055 338 astringunt,

234 352 269 374 ea
290 342 386 381 volet;
410 347 439 373 et
462 352 529 383 quae
554 344 634 374 hunc
657 343 829 374 carnificem
845 344 1054 381 corroborent,

233 387 357 418 amabit.
383 387 479 428 Atque
499 388 529 418 in
552 388 600 420 his
614 388 654 419 ita
670 387 853 428 perdurabit,
877 392 906 418 at
921 387 972 428 qui
987 388 1056 418 nul-

233 431 291 463 lam
317 432 439 463 omnino
462 432 668 463 liberationem
695 432 752 463 sibi
774 432 957 473 polliceatur.
983 432 1057 472 Spes

233 476 313 507 enim
336 476 494 513 libertatis,
519 476 632 508 doloris
654 477 854 509 lavamentum
879 482 942 515 est;
962 486 1058 518 eaque

233 519 346 551 fervide
360 520 514 560 poenitenti
530 531 590 551 non
606 521 756 552 conducit.

279 565 328 598 66.
345 565 511 606 Unicuique
521 565 609 596 vitam
622 575 704 597 suam
713 566 822 597 divinae
834 565 977 597 voluntati
988 575 1057 596 con-

233 611 387 642 venienter
401 610 577 651 auspicanti,
594 611 682 641 timor
698 611 848 651 supplicii,
864 615 893 641 et
909 620 942 641 ex
956 619 990 641 eo
1001 619 1056 641 ua-

233 660 281 687 tus
292 656 378 686 dolor
387 655 478 686 utilis.
491 660 544 687 est.
556 655 611 692 Qui
621 660 719 686 autem
732 656 804 686 citra
817 657 897 686 hunc
909 655 1054 692 dolorem,

234 702 309 732 citra
324 700 487 741 vinculum,
511 705 540 731 et
555 704 699 731 tortorem
718 701 797 731 hunc
815 700 1001 740 incepturum
1024 709 1057 730 se

233 745 424 785 imaginatur,
450 754 510 775 non
539 744 627 775 modo
658 745 881 776 fundamentum
906 744 1055 776 actionum

234 799 355 821 suarum
373 799 463 830 super
478 799 596 821 arenam
613 789 756 820 collocat:
771 790 823 820 sed
835 790 922 820 etiam
936 789 1055 820 domum

1099 255 1210 288 ξάνοντα
1231 257 1308 286 αὐτὸν
1335 257 1506 297 προτιμήσει,
1535 258 1579 286 καὶ
1611 259 1643 286 τὰ
1671 259 1717 286 τὸν
1745 257 1844 296 δεσμὸν
1870 258 1939 286 ἐπι-

1099 301 1242 340 σφίγγοντα
1257 301 1374 338 θελήσει,
1390 301 1434 329 καὶ
1448 302 1481 330 τὰ
1505 302 1549 329 τὸν
1565 300 1658 340 δήμιον
1682 302 1842 342 ἐνισχύοντα
1859 303 1938 342 ἀγα-

1098 346 1190 386 πήσει,
1214 347 1258 374 καὶ
1291 346 1318 374 ἐν
1345 346 1447 378 τούτοις
1476 346 1605 385 ἐμμείνει,
1639 348 1676 379 ὡς
1705 348 1744 385 μὴ
1770 346 1937 387 προσδοκῶν

1097 401 1162 418 ποτε
1192 390 1337 430 ἐλευθερίαν
1372 390 1504 429 λήψεσθαι
1531 390 1601 423 ὅλως
1632 391 1658 425 ἐξ
1687 393 1784 422 αὐτῶν.
1817 387 1850 420 Ἠ
1880 393 1935 432 γὰρ

1099 433 1173 466 ἐλπὶς
1200 437 1250 469 τῆς
1272 434 1431 474 ἀπαλλαγῆς
1455 435 1612 475 κουφότερον
1634 436 1681 464 τὸν
1710 436 1790 464 πόνον
1816 435 1933 475 ἐργάζε-

1098 490 1153 516 ται,
1190 479 1254 519 ὅπερ
1283 479 1351 507 ἐστὶν
1392 479 1544 511 ἀλυσιτελὲς
1584 483 1623 518 τῷ
1662 484 1833 518 μετανοοῦντι
1863 483 1932 520 θερ-

1099 529 1170 562 μῶς.

1139 565 1202 607 Eg“.
1220 571 1300 599 Παντὶ
1315 572 1353 608 τῷ
1366 571 1434 600 κατὰ
1463 572 1528 600 Θεὸν
1557 573 1630 610 βιοῦν
1645 571 1800 611 ἀρχομένῳ,
1817 571 1932 612 ἐπωφε-

1098 614 1148 648 λὴς
1163 616 1177 643 ὁ
1191 618 1240 648 τῆς
1255 615 1390 647 κολάσεως
1418 615 1510 656 φόϐος,
1539 617 1583 644 καὶ
1614 618 1627 645 ὁ
1642 616 1722 647 πόνος
1738 617 1752 644 ὁ
1767 616 1933 653 τικτόμενος

1098 659 1123 692 ἐξ
1139 659 1216 688 αὖτοῦ
1231 669 1238 676 ·
1265 661 1278 688 ὁ
1294 659 1321 688 δὲ
1343 663 1388 688 τοῦ
1417 661 1537 690 τοιούτου
1560 661 1640 690 πόνου
1668 661 1712 688 καὶ
1737 659 1836 698 δεσμοῦ
1863 672 1933 700 χω-

1098 705 1148 744 ρὶς,
1186 704 1273 744 ἀρχὴν
1302 704 1396 743 βαλεῖν
1432 706 1640 744 φανταζόμενος,
1673 705 1721 733 οὒκ
1748 705 1791 733 ἐπὶ
1812 705 1932 743 ψάμμο)

1099 748 1190 786 μόνον,
1219 752 1271 777 τῶν
1296 750 1389 778 ἑαυτοῦ
1416 749 1535 789 πράξεων
1561 751 1606 778 τὸν
1634 749 1756 787 θεμέλιον
1785 748 1931 778 καταϐάλ-

1099 793 1182 829 λεται,
1207 793 1276 822 ἀλλὰ
1300 795 1344 822 καὶ
1368 795 1404 825 εἰς
1427 794 1490 834 ἀέρα
1518 794 1604 823 οἴεται
1627 794 1690 834 δίχα
1710 793 1838 832 θεμελίων
1861 806 1931 824 συν-

233 844 317 866 suam
332 834 363 865 in
379 843 448 865 aere
462 834 573 875 absque
596 835 789 866 fundamento
814 844 846 865 se
869 838 1056 865 constructu—

1106 838 1214 866 ,στάνειν
1236 839 1318 867 οἰκίαν
1335 849 1342 856 ⁸
1367 838 1431 878 ὅπερ
1458 839 1547 873 πάντη
1569 838 1694 867 ἀδύνατον
1712 848 1718 855 ·
1736 840 1750 866 ὁ
1778 839 1829 878 γὰρ
1844 839 1931 870 πόνος

233 889 299 910 rum
316 880 464 920 opinatur.
484 889 548 920 quae
570 880 633 910 fieri
651 879 821 919 neutiquam
844 883 950 919 potest.
967 878 1059 910 Dolor

234 924 314 955 enim
329 924 386 955 iste
401 924 499 955 statim
513 934 601 955 omne
616 924 756 964 gaudium
776 924 851 965 parit
868 934 875 954 :
891 928 921 954 et
931 924 987 954 hoc
998 924 1059 954 vin-

233 969 345 1006 culum,
373 969 505 999 omnium
529 973 729 1008 peccatorum,
747 969 951 1009 malorumque
966 969 1058 999 affec-

232 1013 346 1045 tionum
359 1013 476 1044 vincula
489 1013 648 1054 dirumpit:
662 1017 692 1044 et
701 1013 832 1045 carnifex
858 1014 912 1044 iste
929 1023 988 1044 non
1001 1022 1057 1044 ne-

232 1067 297 1089 cem
310 1058 406 1095 all'ert,
422 1058 474 1089 sed
490 1062 578 1089 vitam
595 1059 808 1098 sempilernam
822 1058 974 1089 conciliat.

270 1103 321 1134 67.
338 1102 424 1139 Quia
439 1102 554 1140 dolore,
564 1112 652 1142 quem
660 1103 763 1134 aeterni
774 1102 912 1143 supplicii
928 1102 1056 1133 formido

228 1148 394 1188 ingenerat,
420 1147 553 1186 resilire;
583 1157 711 1188 eumque
735 1147 869 1186 effugere
896 1147 1026 1178 noluerit
1047 1158 1054 1178 :

230 1193 283 1224 sed
297 1193 429 1224 animum
451 1192 488 1224 ad
504 1202 571 1223 eum
596 1192 770 1233 applicabit,
787 1197 816 1222 et
838 1192 902 1232 ejus
917 1192 974 1222 sibi
989 1194 1054 1223 vin-

230 1237 296 1268 cula
321 1235 413 1275 magis
436 1237 590 1276 astringat,
619 1237 698 1268 hunc
714 1236 765 1267 ille
783 1236 920 1267 breviore
935 1237 982 1267 νίιι
997 1237 1055 1267 du-

231 1286 322 1320 ctum,
339 1280 417 1322 quod
431 1281 577 1321 sequitur,
595 1285 664 1312 ante
688 1285 879 1321 conspectum
901 1281 990 1321 Regis
1005 1291 1056 1312 re-

231 1337 299 1367 gum
317 1331 440 1358 statuet.
455 1326 538 1362 Quod
555 1336 621 1357 cum
636 1326 746 1357 factum
762 1326 860 1362 fuerit,
877 1325 966 1357 simul
992 1326 1057 1365 ejus

232 1371 360 1411 gloriam
378 1371 459 1402 clare
484 1370 684 1411 conspexerit,
701 1369 800 1400 subito
815 1370 932 1401 vincula
947 1370 1057 1401 dissol-

231 1420 346 1456 ventur,
362 1420 391 1446 et
402 1416 491 1446 timor
506 1415 638 1446 carnifex
653 1414 757 1455 procul
773 1415 913 1454 aufugiet,
931 1418 959 1445 et.
975 1415 1060 1445 dolor

232 1460 332 1492 cordis
347 1462 413 1500 ejus
427 1460 458 1490 in
472 1459 612 1500 gaudium
639 1463 839 1496 convertetur,
864 1464 1058 1500 erumpetque

230 1505 308 1542 fons,
323 1513 446 1535 manans
461 1506 496 1535 ad
513 1513 634 1535 sensum
650 1504 771 1544 quidem
792 1503 941 1544 lacrymis,
965 1505 1087 1544 instare
1100 1510 1179 1537 αὑτοῦ
1196 1518 1204 1527 ο

232 1549 386 1581 ﬂuminis:
405 1549 441 1580 ad
456 1549 640 1580 intellectum
657 1558 724 1579 vero
742 1548 964 1589 tranquillitate,
977 1559 1063 1579 man.

235 1594 403 1634 suetudine,
417 1598 448 1625 et
461 1593 621 1624 dulcedine
637 1593 792 1625 ineffabili.
808 1593 935 1633 Insuper
949 1594 1062 1626 fortitu-

232 1640 314 1680 dine,
325 1644 353 1670 et
363 1639 399 1670 ad
412 1648 532 1670 omnem
539 1638 740 1669 obedientiam
750 1638 888 1678 expedita
900 1638 1058 1679 voluntate,

233 1689 262 1716 et
276 1694 365 1715 cursu
372 1685 402 1715 in
409 1685 454 1714 via
461 1684 664 1714 mandatorum
676 1683 782 1719 libero;
793 1682 870 1723 quod
879 1682 975 1714 adhuc
984 1683 1058 1714 tiro-

233 1729 331 1767 nibus,
342 1729 425 1769 etqui
433 1728 560 1769 primum
568 1727 602 1758 ad
611 1727 781 1767 religiosum
792 1727 908 1758 vivendi
916 1728 1058 1767 genusin-

233 1773 442 1810 troducuntur,
452 1783 511 1804 non
522 1773 702 1803 conciditur:
714 1782 817 1803 eorum
831 1777 942 1812 autem,
954 1773 1004 1813 qui
1021 1773 1057 1804 ad

233 1818 363 1849 medium
380 1818 468 1858 hujus
477 1817 564 1858 spatii
577 1817 759 1857 proficiendo
769 1817 830 1856 jam
842 1817 1057 1856 ascenderunt,

232 1862 385 1903 proprium
393 1866 450 1894 est:
459 1862 671 1892 consummatis
682 1871 750 1892 vero
763 1869 852 1901 atque
861 1861 1001 1902 perfectis
1010 1862 1058 1893 hic

232 1907 407 1947 fons,corde
426 1906 524 1938 subito
537 1906 660 1942 variato,
674 1910 704 1937 et
721 1905 877 1936 immutato
894 1906 996 1937 lumen
1013 1907 1056 1937 tit.

273 1952 321 1983 68.
340 1951 394 1987 Qui
411 1952 488 1982 intra
511 1960 542 1982 se
563 1950 690 1991 Spiritus
713 1951 808 1981 sancti
835 1951 934 1981 lumen
958 1951 1058 1989 habet,

233 1997 299 2036 ejus
313 1996 412 2027 radios
428 2005 488 2027 non
504 1996 615 2034 ferens,
634 2005 747 2036 pronus
762 1995 852 2031 cadit,
871 1995 1059 2032 vociferatur,

233 2046 261 2073 et
277 2041 384 2072 clamat
399 2049 465 2072 cum
479 2045 601 2080 stupore
615 2050 649 2076 ac
663 2041 767 2071 timore
785 2040 889 2078 multo,
901 2044 933 2070 ut
945 2040 995 2080 qui
1013 2050 1062 2071 su-

234 2095 286 2126 pra
303 2089 416 2116 naturaa
429 2089 548 2125 captum
564 2085 728 2126 quidpiam,
756 2094 812 2115 nec
828 2085 858 2115 in
874 2094 1058 2122 sermonem,

233 2130 509 2170 cogitationemque
521 2131 633 2161 cadens
644 2129 762 2168 viderit,
773 2131 934 2160 assenserit
947 2138 954 2160 :
967 2129 1063 2160 imita-

236 2179 344 2215 turque
357 2174 522 2210 hominem,
543 2174 594 2215 qui
617 2174 756 2205 alicunde
777 2173 910 2205 accensis
934 2174 970 2204 ab
996 2174 1064 2213 igne

234 2219 398 2251 visceribus
413 2219 536 2256 ardens,
550 2228 606 2250 nec
622 2219 771 2251 ustionem
788 2219 915 2249 flammm
929 2218 1063 2258 perferre

233 2264 321 2306 potis,
339 2268 439 2294 mente
455 2264 534 2294 velut
550 2263 695 2294 alienatus
715 2268 771 2300 est,
795 2272 850 2294 nec
865 2263 895 2294 in
917 2267 1062 2304 potestate

231 2309 293 2340 ullo
310 2308 404 2351 modo_
414 2317 480 2339 esse
496 2312 604 2348 potest.
625 2308 773 2348 Lacrymis
795 2312 894 2338 autem
916 2309 1060 2348 perenni-

233 2354 288 2385 bus
300 2354 473 2391 exhaustus,
493 2358 522 2384 et
535 2353 571 2384 ab
587 2353 634 2384 his
649 2352 854 2392 refrigeratus,
867 2352 966 2392 ignem
981 2353 1062 2383 desi-

233 2399 310 2430 derii
324 2398 531 2429 vehementius
553 2398 701 2429 accendit.
718 2397 795 2428 Hinc
812 2406 899 2438 porro
915 2397 1060 2438 lacrymas

235 2443 386 2484 profundit
410 2442 544 2483 uberius,
563 2447 591 2473 et
606 2452 641 2474 ea
657 2443 828 2483 profusione
853 2441 981 2482 ablutus,
1007 2452 1058 2473 co-

234 2492 335 2519 ruscat
347 2488 544 2528 splendidius.
562 2487 619 2519 Ubi
635 2488 755 2519 demum
769 2491 845 2518 totus
861 2487 982 2527 ignitus,
1008 2487 1057 2518 in-

234 2537 294 2564 star
318 2532 441 2563 luminis
467 2533 533 2570 erit,
564 2538 633 2564 tunc
660 2532 801 2572 impletur
829 2532 906 2572 quod
935 2531 1057 2572 dicitur,

236 2591 249 2606 «
268 2577 347 2609 Deus
363 2577 420 2609 diis
438 2578 538 2608 unitus
563 2582 591 2608 et
613 2577 769 2617 cognitus;
787 2592 801 2605 ι
819 2581 848 2608 et
863 2580 975 2607 tantum
997 2576 1058 2607 for-

235 2628 323 2660 tasse,
341 2626 485 2663 quantum
504 2622 567 2663 jam
591 2622 648 2653 sibi
671 2621 816 2662 copulatis
840 2621 952 2660 unitus,
969 2626 998 2652 et
1013 2622 1060 2652 his

233 2668 283 2710 qui
299 2671 501 2708 cognoverunt
516 2667 664 2698 revelatus
677 2672 721 2698 est
737 2668 805 2706 (ti).

271 2754 327 2787 (tt)
348 2754 496 2782 Pontanus
516 2752 618 2781 addit:
653 2764 663 2778 ι
692 2752 836 2786 Quantum
864 2759 880 2780 a
908 2751 992 2780 nobis
1011 2759 1059 2781 co-

235 2791 334 2826 gnosci
368 2789 492 2818 voluerit
520 2789 607 2822 Deus,
641 2792 751 2817 tantum
786 2793 872 2817 etiam
908 2787 1058 2817 revelatur.

1100 884 1187 920 οὗτος,
1205 882 1268 911 ὅσον
1283 883 1355 912 οὔπω
1369 886 1456 911 πᾶσαν
1472 884 1559 923 χαρὰν
1574 884 1723 923 ἀποτίκτει,
1739 884 1784 911 καὶ
1799 884 1813 911 ὁ
1829 882 1932 921 δεσμὸς

1100 929 1187 962 οὗτος,
1225 928 1331 956 πάντων
1362 928 1562 967 ἁμαρτημάτων
1591 929 1634 957 καὶ
1668 930 1758 957 παθῶν
1787 928 1820 956 τὰ
1841 927 1931 965 δεσμᾶ

1100 970 1249 1010 διαῤῥήσσει
1268 980 1274 986 “
1297 973 1341 1000 καὶ
1363 973 1377 1000 ὁ
1401 972 1496 1009 δήμιος
1518 974 1593 1004 οὗτος
1622 972 1683 1013 οὖχὶ
1707 972 1832 1009 θάνατον,
1858 971 1930 1000 ἀλλὰ

1141 1016 1149 1026 \
1211 1017 1217 1026 3
1231 1017 1237 1027 I
1371 1017 1381 1027 Γ

1099 1019 1171 1052 ζωην
1194 1028 1298 1045 αιωνιον
1319 1024 1451 1057 προςενετ.

1139 1100 1187 1141 ἒξ..
1203 1098 1249 1138 "0:,
1265 1105 1297 1134 ἂν
1312 1106 1351 1145 μὴ
1377 1106 1477 1145 θελήσῃ
1508 1106 1702 1146 ἆποσκιρτῆσαι
1732 1106 1777 1134 καὶ
1799 1105 1928 1146 ἐκφυγεῖν

1097 1149 1142 1178 τὸν
1171 1151 1326 1189 τικτόμενον
1354 1151 1447 1188 πόνον,
1476 1151 1530 1179 ἀπὸ
1563 1155 1609 1180 του
1637 1149 1720 1191 φόϐου
1741 1153 1791 1184 τῆς
1820 1151 1928 1181 αἰωνίου

1096 1193 1244 1232 κολάσεως,
1274 1195 1342 1224 ἀλλὰ
1361 1196 1481 1236 προθέσει
1510 1195 1615 1235 καρδίας
1644 1195 1810 1233 ἀκολουθήσῃ
1837 1197 1923 1233 αὐτῷ,

1097 1239 1142 1268 καὶ
1158 1239 1299 1280 ἐπισφίγξῃ
1325 1240 1406 1269 πλέον
1439 1241 1471 1270 τὰ
1498 1241 1591 1269 τούτου
1618 1239 1701 1278 δεσμὰ
1722 1240 1808 1277 ἑαυτῴ
1822 1239 1924 1268 ἀναλό-

1097 1288 1152 1323 γῶς
1180 1285 1383 1325 συντομωτέρως
1420 1285 1530 1322 ὁδεύσει,
1561 1286 1606 1313 καὶ
1634 1285 1685 1324 πρὸ
1706 1285 1849 1324 προσώπου
1878 1288 1924 1312 τοῦ

1098 1328 1231 1361 Βασιλέως
1254 1333 1300 1358 τοῦ
1321 1329 1513 1368 βασιλευόντων
1538 1330 1703 1369 παραστήσει
1730 1329 1807 1357 αὑτόν
1824 1337 1831 1343 '
1857 1330 1924 1358 τού-

1099 1384 1145 1402 του
1160 1372 1188 1401 δὲ
1209 1374 1361 1412 γεγονότος,
1385 1374 1441 1412 ἅμα
1461 1378 1500 1412 τῷ
1527 1375 1667 1402 θεάσασθαι
1693 1374 1772 1401 αὖτὸν
1800 1373 1922 1412 ἀμυδρῶς

1101 1420 1166 1458 πρὸς
1193 1419 1242 1452 τὴν
1271 1418 1346 1452 δόξαν
1378 1420 1466 1458 αὺτοῦ,
1498 1419 1776 1454 εὖθέως¹λυθήσονται
1813 1419 1861 1457 μὲν
1891 1421 1923 1448 τὰ

1100 1462 1195 1501 δεσμά.
1229 1460 1258 1492 Ὀ
1294 1463 1321 1491 δὲ
1350 1463 1445 1503 δήμιος
1481 1463 1561 1505 φόϐος
1588 1463 1708 1504 φεύξεται
1740 1464 1842 1503 μακρὰν
1877 1464 1923 1492 ἀπ’

1233 1509 1276 1536 καὶ
1299 1510 1312 1536 ὸ
1340 1509 1368 1536 ἐν
1391 1507 1425 1547 τῇ
1453 1508 1544 1548 καρδίᾳ
1560 1509 1639 1537 αὺτοῦ
1654 1508 1734 1539 πόνος
1761 1509 1924 1547 τραπήσεται

1103 1554 1139 1585 εἰς
1165 1554 1262 1593 χαρὰν,
1291 1554 1335 1581 καὶ
1365 1554 1441 1592 πηγὴ
1473 1555 1613 1593 γενήσεται
1640 1553 1764 1592 βρύουσα,
1796 1554 1924 1586 αἰσθητῶς

1102 1597 1152 1635 μὲν
1172 1597 1268 1637 δάκρυα
1293 1597 1448 1635 ποταμηδὸν
1470 1598 1598 1636 ἆεννάως,
1621 1600 1724 1630 νοητῶς
1750 1596 1776 1624 δὲ
1791 1596 1921 1635 γαλήνην,

1101 1641 1249 1681 πραότητα,
1267 1643 1310 1670 καὶ
1335 1642 1466 1682 ἄφραστον
1487 1642 1638 1682 γλυκασμόν
1655 1650 1663 1658 ⁸
1693 1641 1730 1669 ἔτι
1746 1640 1774 1669 δὲ
1795 1641 1922 1681 ἀνδρείαν,

1101 1687 1144 1714 καὶ
1175 1687 1205 1714 τὸ
1235 1688 1301 1726 πρὸς
1330 1690 1418 1715 πᾶσαν
1448 1687 1567 1721 ὑπακοὴν
1590 1687 1739 1726 ἐλευθερίως
1766 1697 1810 1714 και
1839 1687 1922 1724 ἀνεμ-

1099 1729 1228 1763 ποδίστως
1248 1731 1354 1771 τρέχειν
1376 1735 1427 1760 τῶν
1450 1731 1563 1760 ἐντολῶν
1585 1735 1631 1760 τοὺ
1647 1735 1714 1760 Θεοῦ
1730 1740 1736 1746 “
1755 1731 1770 1758 ὃ
1784 1730 1849 1763 τέως
1864 1738 1921 1762 τοῖς

1099 1776 1285 1815 εἷσαγωγικοτς
1300 1775 1436 1816 ἀδύνατον,
1465 1779 1517 1804 τῶν
1545 1775 1571 1804 δὲ
1599 1777 1664 1816 πρὸς
1693 1776 1724 1803 τὸ
1749 1774 1830 1812 μέσον
1857 1776 1922 1804 κατᾶ

1100 1821 1238 1859 προκοπὴν
1254 1820 1415 1849 ἀνελθόντων
1430 1822 1473 1849 καὶ
1495 1820 1574 1850 ἴδιον.
1601 1826 1664 1852 Τοῖς
1693 1819 1719 1848 δέ
1749 1830 1779 1858 γε
1804 1821 1922 1849 τελειου-

1101 1864 1202 1902 μένοις,
1220 1868 1274 1905 φῶς
1289 1866 1307 1899 ἡ
1323 1865 1400 1904 πηγὴ
1417 1866 1495 1902 αὕτη,
1518 1868 1567 1899 τῆς
1586 1863 1701 1904 ,καρδίας
1716 1864 1815 1904 αἴφνης
1830 1864 1922 1893 ἀλλοι-

1101 1909 1215 1946 ουμένης
1231 1910 1274 1937 καὶ
1289 1909 1526 1948 μεταϐαλλομένης
1541 1911 1652 1949 γίνεται,

1142 1949 1196 1987 ἔνι’.
1215 1949 1243 1982 ι0
1259 1954 1329 1983 ἔνδον
1358 1956 1437 1984 αὗτοῦ
1463 1956 1493 1983 τὸ
1522 1958 1578 1995 φῶς
1593 1958 1639 1982 τοῦ
1652 1956 1782 1994 παναγίου
1809 1955 1923 1992 Ilva-Spu-

1103 2009 1147 2031 τος
1169 1998 1252 2038 ἔχων,
1277 1999 1316 2036 μὴ
1331 2000 1416 2039 φέρων
1438 2005 1515 2029 τοῦτο
1541 2001 1615 2039 ὁρᾷν,
1639 2001 1675 2031 εἷς
1698 2003 1749 2039 γῆν
1764 2000 1868 2040 πρηνὴς
1884 2000 1920 2028 πίε

1102 2054 1173 2080 πτει,
1210 2043 1298 2083 κράξει
1319 2055 1348 2072 τε
1377 2045 1421 2072 καὶ
1449 2045 1498 2082 βοᾷ
1520 2044 1547 2072 ἐν
1568 2043 1693 2079 ἐκπλήξει
1722 2055 1750 2072 τε
1783 2045 1825 2072 καὶ
1853 2045 1920 2084 φόβῳ

1102 2087 1208 2128 πολλῷ,
1244 2089 1280 2120 ὡς
1315 2088 1379 2128 ὺπέρ
1406 2090 1493 2129 φύσιν,
1524 2089 1588 2128 ὑπὲρ
1616 2088 1708 2128 λόγον,
1739 2089 1804 2128 ὑπὲρ
1825 2088 1919 2117 ἔννοιαν

1105 2136 1215 2172 πρᾶγμα
1236 2132 1296 2161 ἰδὼν
1316 2135 1359 2162 καὶ
1383 2134 1484 2164 παθών.
1517 2135 1566 2163 Καὶ
1596 2133 1695 2173 γίνεται
1724 2133 1816 2172 ὅμοιος
1830 2134 1920 2174 ἀνθρώ-

1106 2189 1149 2214 πῳ
1169 2179 1247 2206 ποθὲν
1262 2178 1400 2218 ἀναφθέντι
1428 2179 1461 2206 τὰ
1487 2178 1631 2218 σπλάγχνα
1645 2179 1695 2207 ὑπὸ
1716 2180 1809 2219 πυρὸς,
1825 2179 1868 2219 ὑφ’
1895 2179 1920 2206 οὗ

1104 2222 1280 2262 φλεγόμενος,
1296 2224 1340 2251 καὶ
1353 2226 1401 2256 τῆς
1430 2222 1529 2263 φλογὸς
1557 2224 1603 2251 τὸν
1631 2223 1791 2263 ἐμπρησμὸν
1813 2223 1850 2260 μὴ
1878 2223 1918 2252 δυ-

1104 2267 1214 2304 νάμενος
1233 2267 1331 2308 φέρειν,
1355 2268 1468 2308 ὑπάρχει
1491 2268 1580 2307 ὥσπερ
1595 2267 1743 2301 ἐξεστηκώς
1764 2277 1772 2285 ’
1793 2268 1835 2295 καὶ
1857 2266 1917 2305 μηδὲ

1102 2312 1195 2340 ἑαυτοῦ
1210 2311 1329 2351 γενέσθαι
1345 2312 1413 2344 ὅλως
1441 2313 1556 2352 ἰσχύων.
1579 2317 1642 2344 Τοῖς
1672 2312 1778 2352 δάκρυσι
1808 2311 1833 2340 δὲ
1859 2323 1919 2340 κατ-

1103 2355 1276 2394 αντλούμενος
1314 2357 1443 2395 ἆεννάως,
1478 2358 1522 2385 καὶ
1556 2357 1606 2385 ὑπὸ
1637 2357 1737 2384 τούτων
1772 2356 1917 2395 καταψυχό-

1102 2412 1193 2438 μενος,
1216 2403 1247 2429 τὸ
1268 2406 1318 2441 πῦρ
1346 2401 1450 2434 ἐξάπτει
1472 2405 1519 2430 τοῦ
1544 2402 1624 2430 πόθου
1649 2399 1831 2441 σφοδρότερον,
1861 2401 1916 2430 Ἐν-

1101 2447 1188 2473 τεῦθεν
1203 2444 1230 2473 δὲ
1251 2446 1284 2474 τὰ
1313 2445 1410 2486 δάκρυα
1437 2446 1548 2486 προχέει
1577 2446 1719 2484 πλειόνως,
1743 2446 1786 2474 καὶ
1813 2448 1845 2483 τῇ
1861 2444 1916 2472 τού-

1100 2502 1154 2518 των
1170 2490 1277 2530 ἐκχύσει
1305 2491 1480 2529 πλυνόμενος,
1510 2490 1691 2531 λαμπρότερον
1721 2490 1890 2529 ἆναστράπτει
1905 2497 1912 2505 ·

1100 2534 1143 2563 ὅτε
1165 2534 1192 2563 δὲ
1207 2534 1276 2568 ὅλως
1298 2536 1465 2575 ἐκπυρωθεὶς,
1494 2537 1530 2567 ὡς
1553 2539 1609 2576 φῶς
1636 2535 1759 2575 γένηται,
1776 2535 1834 2562 τότε
1848 2534 1912 2566 πλη-

1100 2583 1188 2619 ροῦται
1219 2581 1249 2608 τὸ
1271 2581 1381 2620 φάσκον,
1403 2581 1468 2612 Θεὸς
1483 2582 1554 2612 θεοῖς
1576 2580 1715 2617 ἐνούμενός
1745 2590 1773 2608 τε
1795 2580 1837 2608 καὶ
1850 2589 1910 2618 γνω-

1102 2625 1251 2664 ριζόμενος,
1275 2626 1320 2653 καὶ
1343 2629 1468 2654 τοσοῦτον
1498 2625 1577 2665 ἴσως,
1605 2624 1666 2653 ὅσον
1695 2624 1746 2659 ἤδη
1761 2631 1819 2656 τοῖς
1839 2633 1909 2654 συνα-

1101 2671 1190 2708 φθϊσιν
1205 2669 1309 2708 ἡνώθη,
1332 2671 1376 2698 καὶ
1389 2677 1449 2702 τοῖς
1465 2669 1627 2710 ἐγνωσκόσιν
1644 2669 1831 2710 ἀπεκαλύφθη.

1075 2166 1096 2190 D

1102 2753 1245 2787 Quantum
1266 2753 1350 2782 fuerit
1369 2753 1520 2785 revelatus.
1544 2758 1655 2784 tantum
1675 2761 1691 2783 a
1715 2753 1809 2790 dignis
1831 2750 1911 2790 cerni-

1102 2793 1159 2822 tur,
1175 2794 1203 2819 et
1219 2790 1411 2827 cognoscitur.
1433 2790 1498 2820 Tale
1517 2791 1586 2827 quid
1607 2787 1812 2826 experirifaut
1830 2787 1912 2818 videre
