1982 3075
77 146 135 178 641

716 147 907 180 CAPITULA
929 145 1130 179 PRACTICA.

1701 149 1761 182 642

107 209 159 246 ἔθ’.
189 215 242 253 Πρὸ
269 214 316 242 τοῦ
343 215 451 246 πένθους
487 226 532 243 και
560 226 613 243 των
640 213 770 254 δακρύων,
799 213 881 252 μηδεὶι

973 215 1023 246 69.
1040 215 1117 246 Ante
1131 215 1243 246 luctum
1261 218 1290 246 et
1304 215 1449 256 lacrymas
1471 215 1574 255 (nemo
1589 225 1642 248 vos
1657 216 1756 249 inani-

66 260 140 296 ἡμᾰς
169 266 258 291 κενοῖς
288 260 415 288 ἀπατάτω
449 259 551 299 λόγοις,
576 259 642 297 μηδὲ
664 259 807 296 πλανῶμεν
828 260 892 287 ἐαυ-

66 305 141 336 τούς.
159 306 213 334 Οὖκ
240 305 310 333 ἔστιν
337 305 364 333 ἐν
391 307 459 344 ἡμῖν
481 306 620 346 μετάνοια,
645 305 702 334 οὐδὲ
732 304 834 338 ἀληθὴς
847 315 893 342 με-

68 349 210 390 ταμέλεια,
233 349 292 378 οὒδὲ
314 349 394 390 φόϐος
423 354 489 388 Θεοῦ
517 351 544 378 ὲν
571 351 634 382 ταῖς
663 349 778 389 καρδίαις
802 351 890 387 ἡμῶν,

68 393 126 422 οὔδε
142 394 313 433 κατέγνωμεν
327 395 520 432 ὲαυτῶνδ-ηούδέ
550 395 577 423 ἐν
604 396 721 430 αἰσθήσει
750 397 799 428 τῆς
822 394 890 431 μελ-

67 437 167 472 λούσης
182 439 292 478 κρίσεως
314 439 358 467 καὶ
378 443 430 468 τῶν
457 440 567 468 αἰωνίων
596 440 734 478 βσασάνων
748 439 852 478 ἐγένετο
873 440 890 472 ἡ

67 484 146 523 ψυχὴ
159 484 237 522 ἡμῶν
255 494 262 502 ·
291 485 312 512 εἱ
339 485 389 524 γὰρ
413 484 581 523 κατέγνωμεν
596 485 707 521 ἑαυτῶν,
736 485 780 512 καὶ
806 484 889 517 ἐκτη-

67 529 170 566 σάμεθα
200 533 294 569 ταῦτα,
323 530 367 557 καὶ
395 529 422 557 ἐν
448 530 548 562 τούτοις
579 530 731 568 ἐγενόμεθα,
760 529 831 560 εὐθὺς
847 529 890 556 καὶ

67 571 166 611 δάκρυα
179 574 375 612 κατηγάγῶμεν
404 574 433 602 ἅν
451 583 459 591 ο
482 575 581 603 τούτων
603 575 652 613 γὰρ
680 575 775 614 χωρὶς,
793 574 850 602 οὔτε
873 574 889 607 ἡ

66 616 260 657 σκληροκαρδία
289 619 366 655 ἡμῶν
394 618 573 652 ἆπαλυνθῆναί
599 629 663 647 ποτε
691 618 823 655 δύναται,ἷ
832 618 889 646 οὒτε

65 663 83 695 ἡ
118 663 196 702 ψυχὴ
232 664 310 700 ἡμῶν
344 665 524 701 πνευματικὴν
559 665 715 692 ταπείνωσιν
750 665 887 700 κτήσεται,

67 707 126 735 οὔτε
156 708 273 736 ταπεινοὶ
309 708 427 747 γενέσθαι
454 709 616 749 ἰσχύσωμεν,
648 704 676 737 Ὁ
704 707 730 736 δὲ
760 708 798 746 μὴ
823 707 890 736 οὕτω

66 752 224 790 γενόμενος,
255 754 382 786 ἑνωθῆναι
405 757 443 790 τῷ
474 754 603 792 [Ινεύματι
631 757 669 790 τῷ
695 753 762 792 ἁγίῳ
784 755 812 782 οὗ
848 752 891 780 δύ-

65 807 156 828 ναται,
177 792 205 825 Q0
220 797 246 825 δὲ
264 797 302 834 μὴ
328 799 411 834 τούτῳ
432 798 462 826 ἐκ
489 798 639 837 καθάρσεως
662 799 776 834 ἐνωθεὶς,
793 797 850 826 ὤτε
863 798 889 825 ὲν

64 842 160 880 θεωρίᾳ
176 843 218 870 καὶ
232 842 327 881 γνώσει
352 845 417 871 Θεοῦ
445 843 564 882 γενέσθαι
585 842 702 882 δύναται,
734 842 792 870 οὔτε
820 841 889 874 ἄξιός

64 884 121 913 ἐστι
143 886 191 918 τὰς
217 889 265 920 τῆς
291 888 475 919 ταπεινώσεως
504 888 596 927 ἀρετὰς
626 890 758 925 μυστικῶς
786 881 920 915 ἐνδιδά-Β

66 932 188 962 σκεσθαι,

105 970 143 1006 α’.
170 977 234 1008 Τοὺς
259 977 479 1017 ὑποκρινομένους
499 978 549 1011 τὴν
570 977 678 1016 ἀρετὴν,
702 978 746 1006 καὶ
774 981 812 1014 τῷ
840 977 889 1015 μὲν

62 1018 152 1056 κωδίῳ
166 1026 212 1050 τοῦ
226 1023 381 1062 σχήματος,
402 1022 466 1050 ἄλλο
495 1022 680 1062 φαινομένους,
708 1021 773 1052 ἄλλο
794 1021 822 1049 δὲ
843 1020 888 1049 ὅν-

63 1074 112 1096 τας
130 1065 199 1093 κατὰ
213 1066 258 1093 τὸν
274 1065 326 1094 ἔσω
347 1066 481 1106 ἄνθρωπον
499 1075 506 1082 ⁸
536 1067 624 1100 πάσης
639 1067 712 1106 τάχα
741 1066 887 1106 πεπληρω-

65 1110 160 1147 μένους
196 1111 308 1150 ἆόικίας,
345 1113 457 1151 μεστοὺς
494 1112 586 1150 ζήλου,
615 1113 669 1148 ικαὶ
696 1113 817 1152 ἐριθείας,
845 1113 888 1140 καὶ

62 1153 166 1188 ἡδονῶν
201 1155 337 1195 δυσωδίας,
379 1159 414 1190 ὡς
457 1158 568 1189 ἀπαθεῖς
598 1158 621 1186 οἱ
647 1157 751 1189 πλειους
779 1158 822 1185 καὶ
851 1158 888 1188 ὡς

65 1200 156 1239 ἁγίους
183 1204 292 1240 τιμῶσι,
328 1203 367 1240 μὴ
409 1202 601 1242 κεκαθαρμένον
631 1202 740 1242 ἔχοντες
767 1203 813 1230 τὸν
838 1205 887 1235 τῆς

64 1247 158 1284 ψυχῆς
187 1246 333 1286 ὀφθαλμὸν,
363 1246 431 1285 μηδὲ
460 1247 601 1286 ἐπιγνῶναι
628 1247 720 1279 αὐτοὺς
751 1246 887 1285 δυνάμενοι

64 1289 96 1317 ἐκ
130 1293 184 1317 τῶν
212 1294 319 1331 καρπῶν
350 1292 445 1322 αὐτῶν.
477 1292 542 1324 Τοὺς
571 1291 598 1319 δὲ
630 1291 656 1318 ἐν
685 1290 815 1329 εὗλαϐείᾳ,
845 1292 888 1319 καὶ

67 1334 160 1373 ἀρετῇ,
191 1336 234 1363 καὶ
255 1335 399 1376 ἀφελότητι
421 1335 527 1376 καρδίας
555 1335 703 1375 διάγοντας,
728 1337 771 1364 καὶ
799 1337 887 1375 ἁγίους

63 1377 143 1411 ὄντας
158 1383 196 1417 τῷ
211 1379 278 1418 ὄντι,
294 1381 331 1413 ὡς
359 1382 419 1419 τοὺς
440 1381 549 1413 λοιποὺς
578 1381 630 1409 τῶν
658 1381 801 1420 ἀνθρώπων
830 1392 887 1408 πα-

61 1422 255 1462 ραλογίζονται,
295 1426 339 1453 καὶ
374 1429 596 1464 καταφρονοῦντες
635 1425 719 1454 αὐτῶν
757 1425 872 1465 παρατρέ

63 1478 155 1509 χοοσι,
171 1469 215 1496 καὶ
230 1470 266 1501 ὡς
284 1469 358 1499 οὐδὲν
372 1470 532 1509 λογίζονται.

934 259 989 290 bus
1005 259 1102 291 verbis
1121 259 1252 299 seducet,
1266 269 1341 290 neve
1354 259 1410 300 ipsi
1426 269 1480 290 nos
1495 260 1681 300 seducamus)
1698 272 1758 294 non

934 308 979 334 est
992 304 1022 334 in
1038 304 1124 335 nobis
1139 304 1281 344 potentia,
1304 314 1359 334 nec
1380 314 1449 335 vera
1470 306 1634 346 pmnitudo,
1649 316 1704 338 nec
1718 308 1757 338 ti-

935 357 1000 379 mor
1021 349 1075 380 Dei
1103 349 1133 379 in
1162 349 1302 379 cordibus
1331 349 1450 386 nostris,
1481 358 1536 380 nec
1564 351 1758 390 cognovimus

934 393 1043 434 ipsum,
1057 403 1113 425 nec
1139 393 1230 425 sentit
1257 393 1387 424 futurum
1408 394 1568 433 judicium,
1595 400 1624 426 et
1649 400 1758 429 aeterna

935 442 1080 469 tormenta
1094 438 1192 469 anima
1206 442 1317 470 nostra.
1334 437 1451 469 Etenim
1463 439 1488 469 si
1505 439 1567 470 haec
1582 439 1636 471 sibi
1655 450 1757 481 paras-

933 486 987 519 set,
1011 486 1040 513 et
1055 483 1085 513 in
1098 483 1146 513 bis
1160 483 1276 520 fuisset,
1295 492 1361 513 mox
1377 484 1464 514 etiam
1480 483 1624 524 lacrymas
1639 486 1756 518 emisis-

931 530 986 558 set.
1001 527 1070 558 Sine
1082 527 1127 558 liis
1137 527 1246 568 quippe
1257 537 1312 558 nec
1323 528 1429 558 durum
1437 537 1488 559 cor
1499 534 1634 560 nostrum
1648 531 1756 563 molliri

933 580 1060 611 unquam
1078 576 1183 612 potest,
1202 581 1256 602 nec
1271 572 1370 602 anima
1398 577 1498 604 nostra
1520 573 1640 613 spiritus
1657 576 1755 606 humi-

931 615 1043 647 litatem
1060 616 1220 656 consequi:
1247 626 1302 648 nec
1327 627 1381 648 nos
1406 618 1534 648 humiles
1558 618 1693 652 evadere.
1716 621 1756 651 At

932 660 1011 691 enim
1036 661 1087 702 qui
1111 661 1177 691 talis
1200 662 1261 692 noti
1285 662 1382 699 fuerit,
1405 661 1529 702 Spiritui
1550 668 1652 694 sancto
1679 665 1756 695 uniri

932 705 1054 746 nequit:
1074 706 1121 736 cui
1147 706 1197 746 qui
1224 710 1363 746 purgatus
1384 711 1463 744 ante,
1481 712 1511 738 et
1524 707 1567 738 sic
1583 708 1682 738 unitus
1697 719 1754 740 non

932 749 1030 786 fuerit,
1049 760 1104 781 nec
1119 755 1255 790 spectare
1270 758 1298 782 et
1314 761 1493 790 cognoscere
1515 751 1607 783 Deum
1624 753 1730 784 valebit
1744 764 1751 785 :

932 805 988 826 nec
1002 796 1109 835 dignus
1124 801 1179 834 cst,
1199 797 1250 836 qui
1280 797 1420 837 mysticas
1442 797 1617 828 humilitatis
1632 799 1754 831 virtutes

931 840 1074 872 doceatur
1086 843 1158 879 (1'2).

975 974 1022 1006 '70.
1044 974 1175 1006 Virtutes
1192 975 1377 1014 simulantes,
1395 979 1423 1007 et
1439 975 1547 1007 vellere
1561 977 1682 1017 quidem
1697 979 1752 1010 ha-

930 1019 1008 1051 bitus
1019 1019 1097 1050 aliud
1109 1020 1180 1051 foris
1197 1025 1384 1061 apparentes,
1398 1030 1464 1051 cum
1477 1021 1556 1052 aliud
1569 1022 1629 1052 sint
1643 1032 1752 1055 secun-

929 1065 999 1096 dum
1016 1064 1186 1096 interiorem
1199 1066 1361 1103 hominem,
1378 1065 1459 1106 pleni
1473 1066 1594 1097 forsitan
1605 1069 1685 1098 omni
1695 1068 1751 1099 ini-

929 1110 1051 1150 quitate,
1084 1110 1165 1150 pleni
1192 1110 1266 1146 zelo,
1305 1114 1334 1141 et
1361 1110 1563 1148 contentione,
1592 1116 1621 1142 et
1649 1112 1751 1144 faetore

929 1154 1125 1186 obscenarum
1138 1155 1334 1195 voluptatum:
1348 1155 1442 1193 multi,
1452 1156 1502 1196 qui
1518 1156 1636 1187 oculum
1649 1167 1755 1198 purga-

931 1203 992 1230 tum
1005 1209 1062 1230 non
1071 1199 1253 1235 habent.nec
1260 1209 1295 1230 ex
1307 1200 1451 1230 fructibus
1461 1209 1563 1230 eorum
1576 1201 1642 1232 illos
1649 1211 1756 1242 cogno-

929 1253 1012 1274 scere
1029 1248 1161 1284 possunt,
1178 1247 1315 1284 tanquam
1339 1244 1413 1274 nulli
1437 1244 1507 1275 vitio
1534 1246 1709 1284 servientes,
1728 1252 1756 1278 et

928 1293 1045 1319 sanctos
1060 1289 1160 1319 colunt
1176 1290 1393 1329 honorantque.
1406 1289 1492 1320 Viros
1514 1294 1617 1321 contra
1632 1291 1754 1332 pietate,

927 1333 1045 1374 virtute,
1069 1333 1257 1374 simplicitate
1282 1334 1381 1364 cordis
1409 1339 1593 1374 praestantes,
1622 1345 1657 1367 ac
1686 1345 1756 1368 vere

929 1382 1058 1416 sanctos,
1075 1382 1106 1408 ut
1122 1378 1463 1418 vulgaresludiﬁcanlur,
1473 1379 1591 1420 illisque
1605 1380 1755 1421 despectis

930 1427 1122 1464 praetereunt.

101 1507 155 1542 01'.
172 1514 222 1542 Τὸν
245 1513 328 1543 λάλον
356 1516 399 1543 καὶ
424 1514 610 1551 ἐπιδεικτικὸν,
639 1513 785 1544 διδακτικὸν
813 1514 881 1552 μᾶλ-

969 1514 1019 1544 7l.
1037 1512 1130 1553 Hujus
1150 1511 1252 1543 mundi
1276 1512 1412 1543 homines
1426 1512 1590 1554 garrulum,
1607 1517 1635 1544 et
1650 1518 1752 1546 osten-

61 1555 118 1593 λον⁷
137 1559 180 1586 καὶ
194 1560 370 1596 πνευματικὸν
399 1561 422 1588 οἱ
450 1565 565 1589 τοιοῦτοι
580 1560 650 1588 εῖναι
666 1559 823 1599 λογίζονται,
841 1561 881 1588 τὸν

953 1560 1052 1588 iterem
1069 1558 1165 1598 potius
1179 1561 1278 1597 aptum
1285 1557 1320 1587 ad
1334 1557 1514 1595 docendum,
1527 1562 1556 1588 et
1568 1558 1752 1598 spiritualem

61 1600 89 1628 δὲ
103 1603 241 1637 σιωπηλὸν
255 1605 298 1633 καὶ
312 1605 369 1644 περὶ
384 1604 542 1645 ἆργολογίαν
561 1604 778 1645 ἀκριϐαζόμενον,
795 1605 881 1644 ἀγροῖ-

953 1612 994 1633 sse
1009 1603 1197 1634 decernunt:
1218 1601 1330 1633 silentii
1357 1607 1454 1633 autem
1482 1607 1641 1641 amantem,
1673 1609 1703 1634 et
1716 1603 1753 1635 ab

60 1656 107 1675 κον
123 1648 168 1675 καὶ
183 1647 285 1688 ἄφωνον
301 1649 500 1689 ἀποφαίνονται.

953 1647 1022 1678 Lioso
1029 1657 1166 1678 sermone
1178 1647 1234 1677 sibi
1246 1646 1406 1686 diligenter
1416 1651 1580 1688 caventem,
1592 1653 1751 1690 agrestem,

932 1695 960 1723 et
973 1696 1089 1723 mutum
1104 1692 1266 1733 appellant.

100 1731 153 1774 οβ’.
180 1738 230 1766 Τὸν
256 1739 283 1766 ἐν
313 1740 443 1777 Πνεύματι
472 1740 539 1778 ἁγίῳ
567 1739 756 1780 φθεγγόμενον,
782 1740 804 1766 οἷ
820 1739 881 1776 ὕψη.

974 1738 1022 1768 72.
1040 1731 1218 1778 Loquentem
1235 1737 1265 1767 in
1293 1736 1403 1776 Spiritu
1432 1740 1544 1775 sancto,
1561 1737 1619 1768 alta
1631 1737 1752 1777 sapien-

60 1779 202 1820 λόφρονες,
231 1785 274 1811 καὶ
302 1785 350 1818 τὴν
379 1785 558 1824 ὑπερηφανίαν
597 1789 733 1815 νοσοῦντες
761 1787 808 1812 τοῦ
837 1783 881 1812 διαη

953 1791 987 1820 as,
1006 1786 1034 1813 et
1048 1782 1194 1813 diabolica
1208 1781 1347 1822 superbia
1371 1781 1548 1822 laborantes,
1575 1786 1606 1812 ut
1632 1782 1690 1812 alia
1702 1791 1751 1812 sa-

58 1823 150 1863 ϐόλου,
180 1828 216 1858 ὡς
245 1828 415 1869 ὑψηλόφρονα
443 1830 487 1857 καὶ
510 1830 678 1868 ὑπερηφανον
705 1828 881 1868 ἀποστρέψον-

953 1827 1072 1865 ientem,
1086 1832 1114 1858 et
1125 1826 1286 1867 superbum
1298 1831 1480 1863 aversantur,
1494 1826 1591 1857 verbis
1601 1826 1664 1866 ejus
1679 1829 1752 1858 atto-

58 1881 102 1898 ται
118 1877 179 1903 τοῖς
195 1871 284 1911 λόγοις
309 1875 386 1902 αὑτοῦ
414 1873 595 1912 πληττόμενοι
625 1873 726 1910 μᾶλλον
755 1873 772 1906 ἢ
799 1884 885 1900 κατα-

56 1916 213 1953 νυσσόμενοι
230 1928 238 1935 ·
275 1919 322 1946 τὸν
363 1918 391 1947 δὲ
431 1919 483 1947 ἀπὸ
525 1917 638 1958 κοιλίας,
673 1918 691 1952 ἢ
720 1918 885 1955 μαθημάτων

56 1959 284 2000 πορνολογοῦντα,
317 1965 360 1991 καὶ
387 1966 436 1997 τῆς
465 1965 544 1993 αὑτοῦ
579 1963 710 2002 σωτηρίας
746 1964 883 1999 καταψευ-

57 2003 182 2042 δόμενον,
214 2007 413 2048 ὑπερεπαινοῦσι
443 2009 487 2037 καὶ
522 2007 712 2048 ἀποδέχονται,
735 2008 780 2035 καὶ
801 2007 883 2039 οὕτως

58 2048 141 2081 obesi:
157 2050 184 2078 ἐν
199 2058 257 2083 τοῖς
272 2053 399 2085 τοιούτοις
415 2053 483 2081 ἐστὶν
515 2054 529 2081 ὁ
552 2052 640 2083 καλῶς
662 2053 706 2080 καὶ
720 2053 756 2084 ὡς
773 2051 830 2092 ἔχει
853 2053 883 2080 τὸ

58 2097 170 2134 πρᾶγμα
184 2095 316 2137 διακρῖναι
339 2099 383 2126 καὶ
398 2098 463 2126 ἰδεῖν
478 2097 631 2135 δυνάμενος.

98 2136 153 2179 ογ’.
174 2153 186 2168 α
204 2143 346 2182 Μακάριοι,
368 2144 446 2183 φησὶν
465 2144 478 2171 ὁ
505 2144 580 2180 Θεὸς,
605 2144 628 2170 οἱ
642 2142 750 2181 καθαροὶ
764 2144 798 2179 τῇ
814 2152 881 2180 καρ-

56 2183 108 2225 δίᾳ,
133 2185 173 2214 ὅτι
189 2187 261 2215 αὖτοὶ
275 2189 320 2216 τὸν
351 2189 415 2216 Θεὸν
446 2187 556 2225 ὄψονται
571 2196 578 2203 ⁶
610 2199 624 2215 ι)
648 2187 762 2226 καθαρὰν
777 2185 804 2214 δὲ
819 2197 880 2226 καρ-

96 2252 126 2278 ¹8
140 2253 245 2286 Matth.
262 2262 292 2292 v,
309 2255 338 2286 8.

927 1871 980 1902 niti
1002 1872 1104 1911 magis,
1135 1881 1222 1912 quam
1249 1871 1430 1911 compuncti.
1460 1871 1504 1901 Ab
1535 1876 1618 1902 utero
1647 1871 1751 1902 matris

926 1921 1035 1954 autem,
1053 1921 1104 1947 aut
1120 1926 1154 1948 ex
1169 1915 1337 1956 disciplina,
1353 1920 1382 1946 et
1410 1915 1594 1946 institutione
1625 1917 1751 1947 rotunde

925 1971 959 1992 ac
972 1962 1084 1992 diserte
1113 1962 1296 2002 loquentem,
1327 1965 1357 1991 et
1384 1961 1414 1991 in
1431 1960 1594 2000 perniciem
1618 1960 1750 2000 ipsorum

926 2007 1131 2046 mentientem,
1149 2006 1273 2036 miriﬁce
1290 2005 1426 2046 probant,
1443 2004 1619 2036 etlahdibus
1631 2009 1749 2035 ornant.

924 2051 1022 2091 Atque
1038 2052 1076 2082 ita
1091 2051 1195 2081 horum
1222 2050 1320 2080 nullus
1346 2054 1402 2090 est,
1428 2050 1478 2090 qui
1504 2053 1595 2086 recte,
1614 2054 1643 2080 et
1658 2053 1690 2080 ut
1705 2050 1751 2080 rei

924 2101 1029 2127 natura
1044 2095 1180 2136 requirit,
1197 2095 1300 2125 videre
1315 2104 1348 2125 ac
1366 2094 1540 2125 discernere
1555 2094 1658 2135 possit.

962 2140 1013 2172 73.
1028 2153 1041 2168 α
1054 2140 1136 2171 Beati
1147 2139 1256 2170 mundo
1267 2139 1369 2176 corde,
1392 2139 1487 2180 inquit
1508 2139 1660 2176 Dominus,
1673 2148 1747 2179 quo-

922 2185 1065 2226 niamipsi
1075 2184 1170 2216 Deum
1180 2184 1322 2215 videbunt
1334 2184 1370 2213 ‘8.
1387 2197 1401 2212 ι)
1415 2183 1620 2215 Astmundum
1632 2191 1749 2215 cornon

53 2317 78 2357 is
89 2318 168 2357 solus
178 2323 278 2355 potest.
293 2322 340 2357 qui
361 2321 440 2356 prius
461 2320 579 2356 Spiritui
599 2322 700 2357 sancto
717 2318 814 2357 unitos
829 2327 879 2348 cor
890 2326 911 2350 D
921 2324 1058 2353 tcmnent,
1073 2324 1101 2349 et
1119 2320 1148 2357 in
1165 2319 1363 2357 desperatione
1378 2319 1620 2357 absorbehuntur.

53 2354 311 2394 hum_ile,’purum,‘
322 2354 445 2394 simplex
463 2354 617 2394 contritum
641 2355 800 2390 laboribus,
829 2363 878 2384 su-

53 2389 229 2428 doribusque
239 2389 302 2420 suis
315 2393 369 2421 sibi
379 2389 604 2428 'comparaverit.
623 2401 633 2416 ι

89 2425 255 2464 (12)7E’diiio
271 2428 394 2457 Honiani
414 2425 536 2464 capitula
553 2427 609 2456 duo
634 2426 797 2464 interserit:
818 2426 880 2456 Sic—

53 2466 85 2489 ut
113 2463 172 2500 qui»
191 2462 458 2500 diceniirsyllabas'
478 2465 624 2499 colligere,
653 2462 689 2490 de
717 2463 879 2496 rhetoricis,

54 2501 103 2526 aut
125 2497 509 2536 phiosophicis'dogmatis,
534 2497 619 2536 atque
637 2502 786 2536 praeceptis
811 2505 881 2536 nar-

55 2539 109 2565 rat,
126 2535 293 2572 nonAsolum
318 2534 544 2572 nihil‘prodest:
571 2534 621 2563 sed
647 2534 741 2572 potius
761 2534 880 2572 inchoa-

54 2573 116 2607 tam»
128 2569 302 2599 auditionem
323 2569 476 2607 perparum
490 2569 698 2607 curareyet'ea
722 2569 880 2607 desciscere

53 2604 137 2634 facit:
167 2604 410 2644 propterea'quod
425 2608 572 2644 ingenium
593 2606 663 2644 ejus.
689 2612 754 2641 quae
778 2605 879 2634 dicun-

53 2642 255 2679 t_ur,_minime
277 2648 368 2678 capit:
394 2643 431 2672 ita
460 2642 508 2679 qui
537 2643 690 2675 tironibus,
716 2646 742 2669 et
758 2648 879 2676 praeser-

52 2677 103 2715 tim
124 2677 320 2715 ignavioribus
341 2679 376 2707 de
399 2677 572 2715 perfectione
589 2681 798 2715 700110003111],
821 2684 878 2706 non

51 2712 146 2741 solum
159 2720 217 2742 non
234 2714 292 2743 illis
313 2712 523 2744 commodabit:
549 2714 599 2743 sed
618 2714 703 2742 etiam
728 2712 830 2741 emciet
851 2718 880 2743 ut

52 2754 129 2776 retro
158 2752 270 2778 abeant.
300 2750 370 2779 Nam
399 2758 464 2780 cum
490 2751 524 2780 ad
555 2750 668 2778 virtutis
701 2747 880 2778 altitudinem

52 2786 242 2822 respexerim,
259 2790 286 2814 et
301 2791 439 2822 quantum
456 2787 491 2815 ab
506 2786 568 2822 ejus
584 2784 693 2821 fastigio
701 2784 794 2812 absint
805 2786 881 2820 cogi-

52 2821 186 2858 taverint,
203 2825 231 2850 et
250 2829 281 2850 se
295 2821 330 2851 ad
345 2823 408 2858 ejus
423 2821 539 2852 culmen
555 2824 709 2851 ascendere
724 2827 782 2849 non
797 2826 880 2855 posse

50 2856 204 2886 statuerint
220 2865 227 2885 :
249 2862 277 2886 et
301 2856 368 2894 quae
388 2858 582 2895 particulatim
598 2860 752 2892 coeperant,
767 2863 799 2884 ea
813 2863 879 2885 con-

955 2357 1026 2385 Cum
1041 2356 1072 2391 ii,
1089 2356 1192 2392 quibus
1213 2355 1307 2392 adhuc
1331 2361 1424 2385 motus
1448 2355 1540 2384 vitiosi
1559 2356 1699 2392 i_mpera_nt
1714 2362 1748 2383 ac

921 2390 1115 2424 dominantur.
1145 2392 1267 2420 audiunt
1295 2391 1439 2420 hominem
1465 2390 1623 2420 secundum
1654 2390 1747 2420 Deum

942 2428 1079 2456 ertectum
1111 2428 1213 2462 quovis
1252 2427 1377 2460 homine,
1410 2428 1510 2463 quavis
1537 2427 1682 2463 animante
1714 2434 1747 2455 ac

942 2435 1079 2456 enectum
1111 2435 1213 2462 quovts
1252 2435 1377 2460 nomine,
1410 2435 1510 2463 quam
1537 2435 1682 2455 animante
1714 2435 1747 2455 ac

922 2435 1016 2492 Eellua
1033 2472 1063 2492 se
1078 2463 1298 2492 immundiorem
1311 2463 1453 2499 judicare,
1462 2463 1602 2491 dedecore
1610 2461 1748 2499 allectum

923 2499 1059 2534 gaudere,
1077 2499 1209 2528 maledici
1221 2498 1400 2534 sappetitum
1421 2500 1494 2527 bene
1507 2498 1628 2534 precari,
1649 2505 1748 2533 perse-

922 2533 1066 2564 cutionem
1092 2537 1213 2570 perpeti,
1228 2533 1422 2570 pro'inimicis
1437 2535 1498 2563 suis
1508 2533 1581 2563 cum
1600 2533 1745 2570 laetymis.

921 2575 948 2607 et
967 2571 1065 2600 dolore
1079 2572 1174 2599 cordis
1193 2571 1283 2607 Deum
1298 2578 1400 2607 rogare
1421 2570 1600 2607 suppliciter,
1622 2572 1746 2607 primum

921 2606 1005 2635 ﬁdem
1030 2614 1087 2635 non
1112 2605 1406 2636 accommodant'sibi
1429 2605 1494 2635 illos
1519 2605 1628 2634 similes
1653 2605 1746 2634 facere

921 2647 1066 2672 conantes.
1086 2643 1195 2671 Deinde
1222 2651 1236 2670 a
1267 2642 1371 2670 divinis
1394 2643 1548 2677 Scripturis
1576 2641 1700 2674 refutati,
1719 2647 1747 2670 et

920 2686 935 2706 a
956 2679 1072 2711 sanctis,
1089 2678 1137 2714 qui
1158 2679 1218 2706 haec
1234 2685 1330 2714 opere,
1347 2679 1427 2707 factis
1441 2679 1500 2706 suis
1515 2677 1748 2714 demonstrarunt

921 2715 1012 2742 eversi
1039 2721 1072 2742 ac
1099 2713 1242 2749 prostrati.
1268 2721 1325 2743 non
1346 2721 1430 2749 posse
1449 2721 1479 2742 se
1498 2713 1534 2742 ad
1557 2714 1609 2741 ista
1639 2713 1747 2748 pertin-

923 2756 989 2785 gere
1015 2749 1196 2778 conﬁtentur.
1216 2750 1272 2778 Sed
1295 2758 1360 2778 cum
1386 2749 1515 2782 audiunt.
1536 2750 1581 2777 his
1599 2755 1658 2785 non
1674 2756 1747 2784 piae-

922 2786 1006 2821 stitis,
1023 2793 1053 2814 se
1076 2793 1260 2821 nequaquam
1284 2786 1424 2814 salvatum
1447 2785 1492 2818 iri,
1514 2789 1574 2814 tum
1600 2784 1684 2820 plane
1698 2791 1748 2813 no-

921 2820 1012 2850 lentes
1026 2820 1205 2850 vitiosiiatcm
1223 2829 1305 2850 suam
1327 2821 1505 2852 exscindere.
1531 2825 1558 2849 et
1582 2821 1618 2849 ob
1633 2824 1746 2856 peccatu

920 2857 1072 2886 commissa
1099 2857 1299 2893 paenitentiam
1317 2864 1413 2894 agere,
1434 2864 1465 2886 se
1484 2857 1562 2892 ipsos
1585 2856 1744 2892 desperant.
