1982 3075
249 172 309 206 643

890 172 1082 207 SYMEONIS
1101 174 1215 207 IUNIO
1221 174 1284 206 RIS

1879 173 1948 205 644

231 248 290 270 una
303 239 404 276 virtus,
433 248 493 269 non
521 238 597 276 duae,
628 247 686 269 non
716 238 822 270 decem
838 249 1044 272 consueverun

1103 241 1164 279 εἰςιν,
1181 242 1242 282 οὸχὶ
1264 241 1311 278 μία
1338 241 1430 282 ἀρετὴ,
1461 241 1518 271 οἷοδέ
1545 241 1608 279 δύω,
1634 241 1694 270 οὐδὲ
1722 241 1785 270 δέκα
1811 242 1941 282 πεφύκα-

195 291 199 294 ·
231 283 394 323 absolvere,
411 283 462 314 sed
478 292 592 320 omnes,
624 287 656 313 ut
678 282 807 314 breviter
835 283 946 321 dicam,
974 286 1052 316 velut

231 338 299 365 una,
330 337 422 368 eaque
451 328 488 358 ad
516 337 662 358 summam
686 328 899 368 perfectionem
924 331 1049 362 exculta.

231 374 437 403 Verumtamen
453 382 490 403 ne
504 373 547 402 sic
561 372 680 412 quidem
708 382 760 412 per
775 382 819 410 se,
837 383 870 403 ac
887 374 960 410 sola.
978 375 1052 405 citra

229 417 428 457 praesentiam,
446 421 474 447 et
489 417 636 447 actionem
666 416 794 457 Spiritus
826 419 920 449 sancti
934 418 962 449 id
980 428 1052 459 pos-

228 466 305 492 sunt.
318 461 573 498 Quemadmodum
583 471 709 502 namque
723 462 805 493 faber
815 463 944 501 lterarius
959 467 1051 495 artem

228 515 311 537 suam
328 515 381 546 per
396 508 590 537 instrumenta
614 506 753 541 ostendit.
781 507 854 537 citra
878 508 936 538 vim
953 512 1049 539 autem

230 555 259 582 et
274 551 422 582 actionem
439 550 513 590 ignis
529 560 603 591 opus
620 551 733 582 nullum
760 551 870 582 efﬁcit:
898 553 937 583 ita
963 553 1049 583 etiam

228 596 317 627 homo
343 595 411 626 facit
434 595 544 634 omnia,
562 599 592 626 et
605 595 762 626 virtutibus
782 600 920 636 tanquam
937 597 1049 628 instru-

230 640 336 671 mentis
343 639 444 671 utitur.
456 639 655 670 Nihilominus
666 641 723 670 nisi
736 640 811 680 ignis
822 640 982 680 spiritualis
994 642 1050 672 ad—

228 685 277 724 sit,
293 685 488 716 instrumenta
503 684 543 715 illi
562 685 636 715 nihil
665 685 846 716 efﬁcacitatis
861 690 889 716 et
919 686 1049 717 utilitatis

230 729 357 760 habent:
375 729 615 770 quandoquidem
630 729 737 760 animae
761 731 877 768 sordes,
895 735 924 761 et
938 731 1052 762 saniem

233 783 292 805 non
308 773 482 814 abstergunt
499 773 575 814 (i3).

1093 298 1132 315 σιν
1150 286 1278 326 ἐκτελεῖν,
1296 285 1363 314 ἀλλὶ
1390 290 1472 314 irim
1491 288 1556 324 ὀμοῖ
1579 288 1617 319 ὡς
1647 288 1748 327 εἰπεῖν,
1778 287 1857 315 οἱονεὶ
1882 287 1935 323 μία

1092 342 1132 362 τις
1167 331 1243 369 0571,
1280 331 1323 359 xz?
1352 331 1388 363 εἷς
1418 329 1496 370 ἄκρον
1526 333 1721 371 κιτορϐωθετσχ
1741 341 1748 348 ·
1789 332 1834 360 καὶ
1870 329 1935 358 οὒδὲ

1093 375 1160 402 οἹεω
1189 375 1304 414 κκθιρὶν
1330 375 1379 408 τὴν
1406 374 1513 415 κιρδίαν
1543 376 1622 413 privati.
1656 379 1767 410 ποιῆσαι
1790 375 1932 414 advntu,

1093 419 1156 460 3411.1
1184 423 1233 453 τῆς
1263 419 1394 459 ἐνεργείας
1416 421 1459 448 κκὶ
1488 421 1634 460 πιρουσίις
1664 425 1711 449 τοῦ
1739 421 1814 460 ἁγίου
1837 420 1931 448 Πνεύ-

1094 475 1188 501 ματος.
1208 465 1328 504 Καθάπερ
1350 465 1400 504 γὰρ
1415 466 1428 492 ὁ
1444 464 1572 505 χαλκεὺς,
1600 466 1649 498 τὴν
1683 466 1732 503 μὲν
1755 465 1856 505 τέχνην
1888 463 1934 491 διὰ

1093 512 1145 536 τῶν
1171 509 1312 548 ἐργιλεῖων
1341 510 1419 537 αὐτοῦ
1446 508 1632 550 ἐπιδείκνυται,
1660 509 1724 549 δίχα
1753 508 1781 537 δὲ
1807 511 1859 542 τῆς
1883 511 1933 536 τοῦ

1095 553 1173 591 ωρδς
1208 553 1338 591 ἐνεργείαις
1368 552 1442 581 οὐδὲν
1469 553 1539 585 ὅλως
1568 554 1770 582 κατασκευάσαι
1806 554 1843 585 εἰς
1883 552 1933 592 ’έρ-

1091 607 1138 634 γον
1159 595 1276 633 δύναιτιι,
1314 597 1383 625 οἸτω
1411 597 1443 631 δὴ
1476 599 1520 626 ut
1547 599 1561 626 ὁ
1592 598 1731 638 ἄνθρωπος
1759 598 1845 626 πάνυ
1879 597 1931 635 μὲν

1091 647 1177 677 ποιεῖ,
1198 642 1242 669 καὶ
1270 643 1306 673 ὡς
1337 641 1463 681 ἐργιλεται
1493 645 1593 682 χρῆ-αι
1626 649 1688 674 ταῖς
1719 643 1839 682 ἀρεταῖς,
1864 641 1930 671 ἄνευ

1091 683 1118 712 δξ
1139 690 1186 718 τῆς
1208 689 1254 714 τοῦ
1279 690 1456 724 πνευματικοῦ
1485 689 1566 726 πυρὸς
1595 687 1737 726 παρουσίας
1760 687 1928 726 ἆνενέργητα

1095 729 1166 766 μένει
1182 731 1224 758 καὶ
1241 731 1375 771 ivno-pali},
1391 732 1437 759 τὸν
1458 732 1539 770 ῥύπον
1560 733 1604 760 xta}
1620 733 1665 760 τὸν
1680 733 1766 772 ἰχῶρι
1779 732 1819 769 μὴ
1834 731 1930 760 καθιέ-

1096 785 1178 813 ρωται
1193 777 1242 808 τῆς
1259 778 1366 815 ψυχῆς.

269 862 324 897 (13)
342 862 495 899 Sequentia
515 863 632 898 insuper
647 863 781 927 lepunlur
797 864 824 892 in
841 863 964 893 editione
984 864 1182 894 Pcn-Brebus
1214 864 1306 893 afﬁci:
1335 864 1519 901 quantumvis
1553 865 1680 900 corporis
1705 863 1928 894 necessitatibus

269 900 305 926 Ii:
324 908 336 925 ‹
358 898 412 926 Ubi
427 898 567 927 profunda
593 899 671 927 humi
686 901 748 927 it-is.
772 900 810 927 ibi
826 905 853 927 et
867 900 1055 927 lacrvmarum
1099 900 1168 927 satis
1183 905 1300 927 conatur
1314 901 1416 927 facere.

234 900 305 927 iani:
324 908 336 925 ‹
358 898 412 926 Ubi
427 898 567 934 profunda
593 899 671 927 humi

233 934 424 962 abundantia:
443 935 488 962 ubi
501 935 571 966 haec,
589 934 626 962 ibi
639 940 666 962 et
685 936 833 970 przesentia
855 934 944 964 sancti
965 940 992 964 et
1011 937 1057 964 ad-

233 970 331 998 orandi
347 970 478 1004 Spiritus,
496 970 572 998 unde
588 971 694 1004 paritas
705 971 807 1002 omnis.
825 975 852 999 et
868 973 1056 1001 sanctimonia

232 1005 400 1043 conciliatur
423 1006 449 1033 ei
477 1006 592 1043 indun
616 1006 640 1034 is
663 1011 807 1040 operatur,
836 1006 1003 1043 videturque
1022 1008 1057 1036 ab

232 1041 330 1078 eodem
346 1041 431 1073 Deus,
448 1045 475 1069 et
487 1041 559 1070 videt
575 1042 668 1077 ipsum
685 1043 780 1071 Deus:
796 1043 884 1078 Super
897 1041 976 1078 quem
984 1044 1057 1071 enim

230 1077 386 1112 respiciam,
405 1077 507 1112 inquit.
523 1077 579 1106 nisi
592 1085 675 1114 super
691 1077 872 1112 humilem,’et
889 1077 1012 1114 quietum
1032 1081 1057 1107 et

233 1115 390 1141 trementem
402 1120 539 1141 sermones
553 1121 625 1143 meos
640 1114 654 1141 ‘P
669 1114 738 1145 (Isa.
758 1119 836 1147 LXVI,
851 1114 890 1148 2.)

271 1159 282 1173 ε
303 1148 535 1186 Perturbationes
564 1149 733 1186 etraﬁeclus
761 1157 827 1178 cum
851 1150 918 1178 vitio
938 1150 1056 1186 conjun~

231 1187 292 1221 ctos
307 1184 579 1221 debellareqquidem
601 1185 686 1213 homo
710 1189 811 1221 potest.
839 1184 1007 1220 exstirpare,
1023 1191 1050 1214 et

230 1220 363 1248 radicitus
391 1219 512 1248 evellere
540 1227 595 1248 non
620 1219 720 1255 potest:
752 1221 786 1249 Et
810 1227 874 1249 cum
901 1219 965 1249 mali
991 1229 1047 1250 non

232 1256 424 1284 committendi
450 1261 612 1293 iotestatem
637 1257 784 1293 acceperit.
808 1261 902 1293 tamen
926 1257 1048 1293 ejusdem

232 1292 315 1320 etiam
344 1291 566 1328 nourcogitandi
591 1292 666 1320 haud
684 1291 801 1327 accepit.
827 1291 947 1321 Pietatis
964 1300 1048 1328 porro

231 1331 274 1355 est
296 1334 354 1355 non
376 1327 469 1355 solum
490 1327 562 1356 bona
587 1328 687 1357 facere.
718 1329 768 1356 sed
787 1327 870 1356 etiam
895 1327 971 1356 mala
991 1335 1048 1357 non

230 1363 364 1397 cogitare.
389 1362 441 1395 Qui
460 1362 546 1398 igitur
571 1363 643 1391 mala
668 1365 782 1398 cogitat,
802 1371 851 1392 cor
871 1371 973 1398 purum
989 1371 1051 1399 pos-

230 1398 322 1439 sidere
345 1399 454 1439 nequit,
475 1405 540 1426 cum
567 1399 595 1426 id
620 1399 686 1427 inde
708 1407 760 1428 ceu
788 1399 935 1434 speculum
962 1408 978 1428 ii
993 1400 1051 1429 luto

229 1438 406 1469 inquinetur.

270 1468 282 1494 ἆ
301 1468 399 1497 Cordis
413 1470 563 1503 puritatem
580 1470 653 1498 hanc
675 1477 738 1498 esse
763 1469 905 1500 existimo,
934 1477 990 1499 non
1007 1478 1054 1499 so-

231 1503 289 1532 lum
318 1513 332 1533 a
361 1505 442 1534 nullo
471 1505 572 1534 atfeciu
601 1506 759 1534 concitari:
788 1505 838 1534 sed
872 1507 954 1534 etiam
982 1506 1054 1534 nihil

697 905 748 931 t-is.
772 900 810 927 ibi
826 905 853 928 et
867 900 1055 935 lacrymarum

232 1540 404 1576 improbum,
428 1545 477 1570 aut
503 1541 538 1570 ad
566 1541 653 1569 vitam
683 1542 756 1570 hanc
785 1541 930 1576 pertinens
957 1543 1082 1576 animoc

231 1575 353 1611 volvere,
387 1576 495 1612 quoties
520 1577 680 1612 placuerit:
718 1575 865 1612 solamque
898 1578 949 1606 Dei
985 1584 1051 1606 cum

230 1619 326 1640 amore
356 1613 496 1641 immenso
525 1620 694 1641 conversare
720 1613 886 1641 memoriam
923 1613 993 1641 Nam
1022 1614 1050 1642 in

231 1655 301 1682 puro
329 1647 437 1676 lumine
461 1655 531 1683 pure
560 1649 649 1677 Deum
676 1648 777 1677 oculus
806 1648 889 1681 videt,
913 1656 978 1677 cum
1007 1649 1051 1677 in-

229 1688 271 1712 ter
285 1688 432 1718 aspectum
454 1685 546 1719 illum,
563 1689 590 1713 et
605 1684 692 1713 Deum
707 1684 779 1712 nihil
794 1684 872 1712 aliud
886 1691 947 1714 sese
962 1685 1051 1714 inter-

228 1723 327 1754 ponat.

266 1769 278 1785 ι
294 1759 353 1788 Hoc
369 1766 421 1796 ego
435 1756 561 1784 ἀπάθειαν
585 1768 647 1789 esse
672 1760 793 1796 afﬁrmo,
819 1767 873 1789 non
900 1760 984 1788 modo
999 1761 1048 1789 ab-

228 1795 345 1832 horrere
373 1795 509 1832 a'rfactis.
540 1795 575 1824 ad
603 1804 666 1832 quae
695 1795 841 1824 atlectibus
861 1796 1044 1831 impellimur,

228 1831 278 1859 sed
293 1832 375 1859 etiam
391 1831 426 1859 ab
443 1839 541 1860 eorum
557 1831 785 1868 concupiscentia
808 1832 937 1868 alienari.
958 1836 985 1860 et
1004 1833 1046 1860 in-

229 1873 314 1901 super
329 1867 364 1895 ab
380 1868 544 1896 eorumdem
559 1868 728 1903 cogitatione
739 1874 852 1902 quoque
867 1867 968 1895 nudari
984 1869 1047 1896 ani-

230 1909 307 1930 mum
325 1910 331 1930 :
359 1907 386 1930 ut
403 1911 467 1931 cum
488 1903 630 1938 volumus,
646 1910 731 1939 supra
747 1903 834 1931 caelos
851 1904 950 1933 simus.
967 1908 1045 1932 extra

229 1939 323 1974 omnia
362 1946 425 1974 quae
461 1939 653 1974 aspiciuntur,
692 1939 922 1974 sentienturque,
961 1939 1047 1968 veluti

230 1973 334 2002 clausis
362 1975 466 2002 nostris
494 1973 636 2009 Sensibus,
665 1979 691 2003 et
727 1975 823 2002 animo
859 1973 898 2002 ad
926 1982 957 2002 ea
985 1982 1049 2010 quae

228 2016 345 2038 sensum
360 2013 504 2047 superant,
521 2011 708 2047 ingrediente,
730 2011 862 2047 virtutem
885 2017 936 2047 seu
962 2010 1047 2039 tacul-

226 2048 316 2108 ttaten:
333 2046 473 2074 sentiendi
488 2045 729 2082 quemadmodum
754 2045 813 2074 alas
840 2045 933 2082 aquila
952 2053 1049 2075 secum

237 2087 302 2108 eren
318 2089 343 2108 Ε.

237 2087 302 2109 eren
308 2086 343 2109 te.

268 2127 280 2142 (ι
298 2117 376 2146 Mens
400 2117 508 2153 absque
532 2118 663 2146 sensibus
693 2117 818 2146 actiones
841 2121 869 2146 et
890 2117 1049 2146 functiones

228 2159 295 2189 suas
310 2160 366 2181 non
382 2154 472 2182 exerit
485 2163 490 2179 :
517 2161 570 2182 nec
585 2154 643 2183 ullo
659 2153 742 2182 modo
758 2153 866 2189 absque
880 2158 975 2182 mente
989 2154 1049 2182 suis

228 2188 329 2217 oﬂ‘iciis
344 2189 501 2224 funguntur
515 2197 627 2218 sensus.

267 2235 278 2250 ι
295 2224 368 2253 Illud
384 2223 435 2256 est.
452 2233 483 2254 ac
506 2225 609 2254 dicitur
634 2233 684 2254 cor
702 2224 852 2256 mundum.
877 2223 953 2260 quod
972 2224 1002 2252 in
1019 2232 1049 2254 se

227 2260 337 2288 nullam
352 2268 448 2289 rerum
473 2261 671 2296 temporalium
698 2257 908 2296 cogitationem,
929 2265 977 2288 aut
1000 2257 1081 2288 ra-D

228 2296 442 2325 tiocinationem
472 2297 578 2325 cernit:
608 2297 741 2332 quodque
764 2297 822 2325 Deo
847 2297 886 2324 sic
913 2297 1048 2331 adhaeret,

228 2336 255 2360 et
270 2332 311 2359 sic
326 2339 391 2360 cum
406 2340 439 2360 eo
459 2333 570 2361 unitum
583 2331 635 2365 est,
652 2337 682 2361 ut
695 2331 788 2368 neque
806 2331 1050 2368 molostorum,rac

229 2367 359 2405 tristium.
385 2375 482 2405 neque
515 2368 657 2403 laetorum,
683 2367 936 2405 jucundorumque
964 2367 1050 2405 hujus

227 2404 292 2432 vitae
307 2403 467 2432 meminerit
484 2412 491 2432 :
518 2411 616 2433 verum
638 2405 674 2433 ita
685 2403 768 2436 'vivit,
785 2409 814 2432 ut
829 2403 1049 2438 contemplaudo

227 2439 257 2475 in
273 2439 387 2468 tertium
410 2440 524 2474 caelum,
549 2448 580 2468 ac
602 2440 766 2475 paradisum
789 2439 926 2474 rapiatur.
953 2444 980 2467 et
1003 2447 1050 2467 ar-

227 2474 372 2516 rhabonas
387 2476 527 2517 bonorum
544 2474 648 2517 sanctis
670 2475 1048 2517 promissorum‘intueatur,

228 2511 347 2548 ipsaque
374 2512 544 2548 sempiterna
571 2512 644 2540 bona
669 2511 735 2540 inde
759 2515 920 2548 prorcaptu
942 2515 1050 2539 naturae

228 2546 514 2583 humanaeconjiciat.
530 2548 621 2583 Atque
637 2548 713 2576 istud
728 2546 828 2576 mundi
844 2546 938 2575 cordis
953 2553 1050 2574 verum

229 2583 352 2619 signum.
371 2590 404 2612 ac
420 2582 623 2624 documentum
638 2589 748 2624 certum
762 2587 814 2616 est,
829 2583 865 2624 in_
873 2589 930 2624 quo
945 2582 1009 2618 quis
1024 2587 1052 2624 et

228 2617 393 2656 mensuram
409 2620 728 2656 munditieicognoscit,
745 2625 772 2648 et
786 2619 867 2656 quasi
883 2617 911 2647 in
935 2617 1051 2654 speculo

229 2655 414 2695 semetipsum
429 2655 646 2695 contemplatur.
680 2692 686 2695 ι
784 2655 802 2695 _'
831 2691 838 2695 _
1026 2690 1032 2695 _

265 2702 278 2718 ι
295 2691 349 2725 Qui
370 2696 448 2720 extra
464 2691 580 2720 domum
603 2696 654 2723 est,
679 2692 756 2721 intus
783 2691 909 2720 inclusos
933 2696 992 2719 non
1008 2691 1050 2717 vi-

192 2751 195 2753 .
227 2727 295 2756 det:
323 2729 364 2756 sic
387 2728 494 2756 mundo
516 2727 680 2761 cruciﬁxus.
705 2732 754 2757 aut
781 2731 923 2762 mortuus,
953 2733 1050 2755 rerum

227 2763 326 2792 mundi
341 2763 412 2792 nihil
429 2763 524 2792 sentit.

267 2810 278 2824 ι
305 2799 338 2828 Ut
362 2806 466 2834 corpus
495 2799 623 2828 exanime
644 2807 698 2828 nec
718 2799 755 2828 ad
777 2799 909 2830 viventia.
933 2806 988 2828 nec
1015 2798 1050 2828 ad

227 2835 359 2871 exanima
381 2842 479 2864 secum
499 2835 622 2871 iacentia
647 2835 706 2864 ullo
731 2842 817 2864 sensu
837 2835 984 2871 Iungitur:
1007 2835 1050 2863 sic

228 2871 277 2906 qui
292 2870 395 2906 spiritu
409 2878 424 2900 e
439 2870 547 2901 mundo
562 2871 693 2903 excessit.
710 2875 738 2900 et
759 2878 825 2900 cum
840 2871 898 2900 Deo
918 2874 970 2904 est,
990 2877 1049 2899 non

227 2909 319 2942 potest
345 2912 463 2936 sensum
489 2906 613 2943 aliquem
640 2907 740 2937 mundi
767 2907 884 2939 habere.
913 2910 965 2936 aut
987 2906 1050 2942 ejus

1099 900 1168 928 satis
1183 905 1300 936 cogatur
1314 901 1416 929 facere.

1136 945 1149 962 ι
1179 937 1281 964 Anima
1309 941 1374 965 ante
1397 940 1516 964 mortem
1543 936 1674 970 moritur,
1694 940 1722 964 et
1740 939 1805 964 ante
1823 942 1926 963 resur—

1099 971 1253 1012 rectionem
1268 979 1420 1012 corporum
1434 972 1568 1012 resurgit,
1594 978 1690 1007 opere,
1705 972 1818 1012 virtute,
1834 978 1926 1006 expe-

1098 1007 1212 1043 rientia,
1232 1008 1358 1036 veritate.
1383 1007 1491 1036 Mortali
1517 1007 1622 1043 quippe
1645 1015 1732 1036 sensu
1754 1007 1790 1035 ab
1806 1007 1925 1043 immor-

1099 1042 1146 1070 tali
1163 1047 1257 1079 mente
1271 1043 1430 1079 proﬂigato,
1446 1047 1473 1072 et
1488 1042 1657 1072 mortalitate
1675 1051 1691 1072 a
1712 1043 1766 1071 vita
1789 1042 1922 1077 expulsa.

1097 1078 1193 1107 anima
1217 1078 1294 1107 velut
1316 1086 1331 1107 e
1354 1078 1472 1107 mortuis
1495 1080 1645 1111 exsistens,
1669 1079 1792 1114 seipsam
1816 1085 1924 1106 conve-

1097 1114 1209 1142 nienter
1224 1114 1298 1143 videt
1312 1116 1353 1149 (ut
1367 1116 1414 1150 qui
1438 1122 1452 1142 e
1473 1121 1574 1142 somno
1598 1118 1795 1148 surrexerunt,
1811 1120 1924 1150 seipsos

1097 1150 1203 1184 vident)
1218 1151 1324 1186 quique
1344 1149 1406 1178 eam
1433 1152 1615 1186 exsuscitavit
1639 1150 1730 1178 Deum
1753 1149 1920 1185 cognoscit:

1096 1192 1180 1219 quem
1197 1185 1378 1221 perspiciens,
1399 1190 1426 1214 et
1440 1185 1517 1221 velut
1539 1186 1642 1221 gratias
1661 1192 1760 1221 agens,
1785 1193 1801 1213 a
1825 1186 1922 1221 sensi-

1091 1220 1156 1256 bus,
1186 1220 1301 1256 totoque
1331 1222 1437 1250 mundo
1463 1220 1613 1254 alienatur,
1648 1220 1790 1256 voluptate
1810 1220 1921 1256 repleta

1089 1255 1235 1292 ineﬂabili,
1255 1255 1282 1285 et
1301 1257 1329 1285 in
1344 1257 1406 1292 ipso
1429 1264 1544 1286 omnem
1567 1255 1815 1286 motionem’suim
1829 1256 1889 1285 inte
1899 1255 1922 1283 l-

1092 1290 1246 1321 lectualem
1267 1290 1422 1328 componit.

1132 1356 1143 1372 ι
1162 1346 1298 1380 Quadam
1321 1354 1336 1375 a
1361 1347 1442 1375 nobis
1461 1346 1657 1381 conferuntur,
1682 1345 1812 1381 quadam
1835 1345 1921 1374 nobis

1093 1381 1205 1410 caelitus
1233 1391 1248 1410 a
1268 1382 1327 1411 Deo
1350 1381 1576 1417 suppeditantur.
1601 1381 1746 1415 Quantum
1770 1381 1847 1409 enim
1867 1388 1920 1416 per

1094 1424 1190 1446 sacros
1210 1417 1322 1446 labores
1341 1425 1374 1446 ac
1398 1418 1516 1446 sudores
1544 1424 1708 1452 purgamur,
1733 1421 1841 1445 tantum
1867 1423 1921 1452 per

1095 1452 1192 1481 lumen
1211 1454 1439 1488 compunctionis
1453 1452 1701 1488 splendescimus;
1728 1457 1755 1481 et
1777 1456 1918 1488 quantum

1096 1488 1205 1517 lumine
1219 1489 1457 1524 splendesctmus,
1477 1493 1587 1518 tantum
1602 1488 1735 1524 lacrymis
1750 1495 1918 1524 purgamur,

1095 1531 1218 1559 quorum
1234 1525 1305 1553 illud
1320 1529 1430 1560 sponte,
1446 1532 1479 1553 ac
1501 1532 1552 1560 per
1571 1531 1623 1552 nos
1643 1524 1846 1559 impendimus,
1861 1524 1918 1552 hoc

1096 1560 1220 1589 vicissim
1236 1560 1358 1596 desuper
1372 1560 1468 1589 datum
1483 1561 1646 1596 recipimus.

1131 1605 1142 1620 ι
1165 1596 1243 1625 Multi
1272 1604 1323 1625 sua
1346 1596 1656 1632 conferentesLdivina
1677 1602 1760 1632 more
1780 1599 1916 1624 consueto

1092 1638 1150 1660 non
1166 1631 1317 1667 recipiunt,
1341 1632 1417 1667 quod
1440 1630 1578 1667 exemplis
1599 1632 1665 1660 Cain
1690 1635 1717 1659 et
1739 1630 1816 1659 Esau
1831 1635 1916 1666 patet.

1091 1666 1151 1696 Nisi
1168 1666 1244 1696 enim
1272 1670 1336 1704 quis
1351 1666 1533 1704 cogitatione
1547 1672 1635 1704 recta,
1650 1674 1701 1696 seu
1720 1667 1840 1696 consilto
1855 1668 1918 1695 sin-

1092 1710 1167 1735 cero,
1189 1708 1216 1732 et
1230 1704 1276 1738 pio
1292 1703 1404 1736 affectu,
1421 1708 1448 1732 et
1468 1704 1577 1732 ardenti
1600 1703 1666 1738 ﬁde,
1690 1707 1718 1731 et
1732 1709 1835 1737 magna
1849 1709 1917 1731 cum

1091 1738 1252 1768 humilitate
1266 1747 1316 1768 sua
1332 1739 1476 1773 obtulerit,
1493 1739 1565 1768 Deus
1579 1746 1666 1774 super
1680 1739 1775 1774 ipsum
1789 1745 1850 1774 non
1858 1745 1919 1767 res-

1091 1774 1184 1809 piciet,
1201 1782 1255 1804 nec
1269 1775 1361 1803 oblata
1377 1775 1522 1810 suscipiet.
1545 1774 1604 1803 Hoc
1615 1773 1674 1803 nisi
1693 1773 1753 1809 ﬁat,
1769 1781 1823 1802 nec
1837 1773 1915 1803 Deus

1090 1811 1217 1839 vicissim
1232 1818 1284 1839 sua
1300 1811 1342 1839 sic
1356 1810 1484 1839 oti'erenti
1500 1811 1670 1839 contribuet.

1125 1855 1137 1872 ‹
1153 1846 1276 1875 Mortuus
1291 1850 1334 1876 est
1349 1846 1483 1882 mundus,
1507 1851 1534 1874 et
1557 1846 1606 1882 qui
1631 1845 1730 1874 mundi
1754 1849 1830 1880 sunt,
1846 1852 1915 1873 san-

1088 1882 1142 1917 ctis
1169 1882 1366 1911 adversantur.
1401 1881 1474 1910 Hinc
1501 1881 1628 1917 ipsorum
1652 1882 1722 1910 bona
1755 1889 1840 1917 opera
1872 1882 1916 1909 vi—

1089 1916 1188 1946 dentes
1210 1925 1268 1946 non
1295 1917 1409 1950 vident;
1435 1922 1463 1946 et
1486 1918 1516 1946 in
1542 1918 1650 1953 Spiritu
1674 1922 1773 1946 sancto
1790 1917 1916 1952 prolatos

1089 1960 1188 1981 eorum
1212 1960 1359 1982 sermones
1387 1953 1499 1982 divinos
1527 1953 1685 1985 audientes,
1715 1959 1834 1988 prorsus
1861 1959 1916 1981 ne-

1091 1993 1199 2023 queunt
1214 1990 1380 2024 intelligere.
1405 1988 1517 2020 Contra.
1542 1996 1595 2017 nec
1615 1989 1663 2024 qui
1686 1992 1755 2017 sunt
1777 1989 1915 2023 spiritua-

1092 2023 1144 2057 les,
1172 2024 1280 2053 mundo
1300 2023 1470 2060 deditorum,
1495 2023 1750 2060 improborumque
1779 2031 1914 2059 perversa

1092 2067 1178 2095 opera
1195 2060 1291 2089 videre
1305 2062 1456 2092 sustinent,
1476 2067 1530 2089 nec
1553 2067 1652 2089 eorum
1677 2060 1760 2088 verba
1776 2067 1812 2087 ex
1826 2060 1915 2088 animi

1092 2096 1274 2132 passionibus
1289 2096 1458 2131 proﬂuentia
1487 2097 1624 2132 capiunt:
1650 2096 1701 2132 sed
1719 2096 1773 2131 ipsi
1802 2102 1917 2131 quoque

1091 2131 1218 2168 videntes
1233 2139 1296 2168 quae
1311 2133 1340 2160 in
1355 2132 1462 2160 mundo
1488 2131 1566 2164 sunt,
1585 2139 1647 2168 non
1659 2131 1766 2166 vident,
1786 2135 1813 2159 et
1827 2138 1913 2160 mun-

1090 2166 1340 2197 danorum‘voces
1369 2168 1517 2196 audientes
1545 2169 1586 2196 sic
1610 2167 1702 2196 aﬂ'ecti
1725 2172 1793 2195 sunt
1817 2173 1914 2202 sensu,

1090 2204 1172 2238 quasi
1210 2211 1258 2232 eas
1293 2210 1353 2232 non
1390 2203 1533 2232 audirent.
1571 2206 1659 2239 Atque
1691 2203 1729 2231 ita
1764 2202 1843 2230 nulla
1869 2203 1916 2231 his

1091 2246 1156 2266 cum
1179 2238 1306 2279 illorum,
1330 2239 1388 2268 illis
1411 2247 1477 2279 cum
1505 2238 1620 2273 horum,
1635 2239 1850 2279 spiritualium,
1872 2239 1915 2279 in-

1090 2275 1361 2339 quamhhominum
1385 2275 1472 2304 rebus
1495 2275 1660 2304 communio
1680 2279 1708 2303 et
1730 2275 1848 2303 societas
1872 2275 1916 2303 in-

1103 2317 1167 2339 erce
1190 2318 1197 2338 l
1215 2332 1220 2338 .

1090 2314 1220 2339 tercedit.

1129 2378 1139 2393 ι
1156 2368 1403 2402 Quemadmodum
1417 2368 1490 2398 lucis
1509 2373 1537 2398 et
1561 2369 1746 2397 tenebrarum
1767 2367 1916 2398 manifesta

1090 2408 1133 2440 est
1165 2404 1317 2435 distinctio.
1348 2409 1376 2433 et
1404 2412 1504 2433 eorum
1533 2405 1640 2440 nequit
1663 2404 1722 2440 ﬁeri
1752 2403 1914 2439 conjunctio

1091 2438 1165 2475 (Quae
1178 2440 1252 2468 enim
1271 2441 1412 2468 conventio
1436 2441 1503 2469 lucis
1518 2441 1554 2469 ad
1570 2438 1717 2468 tenebras?
1744 2438 1846 2474 inquit,
1865 2443 1916 2468 aut

1090 2483 1150 2511 qum
1160 2483 1230 2511 pars
1242 2476 1401 2513 ﬁdeliicum
1428 2477 1534 2513 inﬁdeli
1553 2476 1585 2511 (ll
1614 2475 1676 2513 Cor.
1706 2481 1746 2507 vr,
1776 2475 1848 2513 15)?
1873 2478 1914 2504 sic

1092 2514 1166 2539 inter
1181 2519 1228 2539 eos
1243 2513 1291 2547 qui
1309 2512 1449 2548 Spiritum
1460 2511 1589 2548 habent,
1605 2512 1711 2548 quique
1726 2518 1784 2539 non
1795 2511 1911 2548 habent,

1091 2553 1202 2575 summa
1231 2546 1273 2575 εει
1301 2546 1444 2579 diStantia.
1484 2546 1584 2584 atqne'
1604 2546 1766 2583 disjunctio.
1795 2546 1911 2584 Illorum

1091 2590 1215 2618 namque
1241 2584 1419 2612 conversatio
1438 2584 1467 2612 in
1491 2582 1570 2612 cdelis
1592 2582 1652 2617 est,’
1669 2590 1734 2610 cum
1749 2582 1841 2618 angeli
1854 2583 1913 2618 jam

1092 2626 1128 2647 ex
1148 2619 1312 2647 hominibus
1331 2619 1395 2648 facti
1420 2620 1496 2648 sint:
1523 2620 1569 2648 isti
1588 2620 1618 2647 in
1642 2618 1724 2647 avitis
1737 2618 1871 2653 tenebris,
1886 2624 1912 2648 et

1092 2654 1121 2682 in
1147 2654 1246 2683 umbra
1272 2656 1372 2683 mortis
1396 2655 1490 2684 adhuc
1513 2655 1621 2688 sedent,
1645 2659 1739 2686 terrae,
1768 2661 1801 2682 ac
1829 2655 1912 2683 rebus

1091 2691 1213 2719 terrenis
1236 2690 1323 2719 aﬁixi.
1349 2690 1392 2718 Illi
1417 2691 1525 2720 lumine
1550 2691 1604 2720 sub
1629 2689 1844 2726 intelligentiam
1869 2698 1912 2718 ca-

1091 2726 1185 2759 dente,
1202 2730 1229 2754 et
1244 2733 1377 2754 occasum
1400 2728 1567 2756 nesciente:
1591 2727 1621 2754 hi
1648 2731 1758 2754 lentim
1782 2726 1834 2753 hac
1847 2733 1911 2754 sen-

1091 2761 1166 2790 sibili
1196 2761 1260 2790 luce
1288 2762 1477 2792 illustrantur.
1503 2763 1548 2791 llli
1576 2763 1685 2797 seipsos
1718 2766 1745 2790 et
1774 2762 1911 2797 proximos

1091 2798 1188 2826 vident
1214 2798 1323 2834 emori:
1353 2798 1383 2826 hi
1411 2798 1538 2828 videntes
1566 2798 1686 2834 seipsos,
1717 2801 1745 2825 et
1772 2799 1911 2834 proximos

1090 2834 1202 2873 animas
1217 2833 1344 2873 efﬂantes
1359 2834 1388 2862 in
1400 2834 1466 2873 dies
1481 2833 1621 2873 singulos,
1651 2841 1683 2862 se
1697 2833 1908 2873 essehomiles.

1090 2875 1118 2899 et
1132 2874 1163 2898 ut
1177 2870 1307 2907 homines
1322 2870 1407 2899 morti
1423 2870 1519 2907 deberi
1531 2868 1687 2907 'ignorant,
1711 2873 1739 2898 et
1762 2868 1815 2907 hoc
1830 2868 1908 2905 igno-

1089 2909 1196 2941 rantes,
1211 2912 1265 2935 nee
1279 2904 1405 2935 futurum
1425 2904 1569 2942 judicium
1591 2912 1646 2935 nec
1659 2904 1904 2938 resurrectionem,
