1982 3075
211 179 274 215 647

216 294 426 325 salvandorum
443 294 606 334 perfectum
622 293 821 325 arrhabonem
838 294 961 325 obtinet.

255 383 304 414 78.
324 383 455 414 Primum
472 384 736 423 permandatorum
749 383 1043 423 obedientiamquasi

214 433 360 459 conventa
376 428 573 459 scribuntur:
603 428 712 458 deinde
736 437 790 468 per
816 428 938 459 virtutes
968 427 1041 459 sub-

213 472 364 513 scribitur,
383 477 410 503 et
428 473 544 512 signum
559 473 687 504 additur.
718 472 803 503 Tunc
818 482 946 513 sponsus
960 472 1043 503 Chri-

212 521 275 548 stus
291 518 397 548 animae
420 526 537 558 sponsa
565 518 719 555 annulum,
753 518 815 548 sive
841 517 1040 549 arrhabonem

212 561 340 602 Spiritus
356 562 491 601 largitur.

253 607 301 638 79.
320 606 576 642 Quemadmodum
593 616 704 647 sponsa
725 610 792 637 ante
809 606 926 646 nuptias
942 606 1041 637 arrha-

212 651 319 683 bonem
349 651 489 682 duntaxat
514 660 531 681 a
560 660 671 691 sponso
687 651 805 691 accipit,
838 656 952 691 pactam
970 660 1038 681 vero

211 696 325 732 dotem,
356 699 385 726 et
411 695 561 735 promissa
590 696 676 726 simul
713 696 791 726 dona
826 700 890 735 post
921 695 1038 735 nuptias

211 740 446 781 exspectat:sic
476 744 505 770 et
536 749 644 780 sponsa
671 741 802 771 ﬁdelium
832 740 976 777 Ecclesia,
1009 744 1038 771 et

879 179 1071 216 SYMEONIS
1090 180 1268 216 JUNIORIS

219 250 380 290 exsecutio,
397 253 426 280 et
440 249 572 280 virtutes.
591 249 664 280 Nam
690 258 744 289 per
758 249 821 280 haec
835 249 1015 290 unusquisqi

1071 267 1075 275 λ
1086 247 1174 288 ἀρεταὶ
1189 251 1366 286 καθεστήκασι
1384 259 1391 267 ⁸

1856 182 1916 217 648

1420 251 1522 280 τελείαν
1537 252 1587 291 γὰρ
1601 251 1645 281 διὰ
1656 251 1758 280 τούτων
1779 249 1913 289 λαμϐάνει

1086 293 1135 326 τὴν
1150 299 1196 323 τοῦ
1216 294 1364 334 ἂῤῥαϐὦνος
1379 296 1541 336 κατάσχεσιν
1557 296 1667 328 ἕκαστος
1689 296 1742 324 τῶν
1758 295 1915 334 μελλόντων

1086 339 1250 373 σωθήσεσθαι
1256 364 1263 370 ,

1126 378 1181 416 οη’.
1197 387 1304 422 Πρῶτον
1320 385 1397 413 οἱονεὶ
1419 386 1452 414 τὰ
1480 386 1606 425 σύμφωνα
1627 386 1773 425 γράφονται
1796 384 1840 413 διὰ
1864 387 1912 418 τῆς

1085 426 1206 466 ἐργασίας
1235 432 1287 457 τῶν
1316 428 1441 469 ἐντολῶν²
1473 429 1534 458 εἶτα
1563 431 1613 458 ὑπὸ
1644 433 1696 458 τῶν
1718 430 1821 470 ἀρετῶν
1850 430 1912 458 ἐπι-

1085 472 1268 511 σφραγίζονται
1284 475 1327 501 καὶ
1353 475 1559 515 ὑπογράφονται.
1585 476 1633 504 Καὶ
1654 478 1801 509 τηνικαῦτα
1826 473 1911 503 ἐπιδί-

1083 514 1146 543 δωσι
1162 517 1207 544 τὸν
1222 516 1358 545 δακτύλιον
1374 519 1388 546 ὁ
1403 514 1513 559 νυμφίος
1532 521 1643 559 Χριστὸς
1664 522 1698 558 τῇ
1713 520 1804 559 νύμφῃ
1820 521 1910 559 ψυχῇ,

1083 560 1163 603 ἤγουν
1185 563 1229 603 ἱὸν
1252 562 1389 603 ἀρραϐῶνα
1404 565 1450 592 τοῦ
1466 565 1628 603 Πνεύματος.

1123 601 1173 637 οϐ’.
1191 598 1318 647 (Decepi)
1342 609 1430 649 νύμφη
1458 611 1508 646 πρὸ
1529 598 1576 639 τοῦ
1602 611 1688 649 γάμου
1709 610 1755 638 τὸν
1771 609 1909 649 ἆῤῥαϐὦνα

1082 651 1162 688 μόνον
1188 652 1258 691 παρὰ
1285 657 1331 682 τοῦ
1359 654 1470 693 νυμφίου
1497 653 1638 694 λαμϐάνει⁷
1666 655 1716 687 τὴν
1737 653 1766 682 δὲ
1796 665 1909 694 συμφω-

1079 697 1204 729 νηθεῖσαν
1232 703 1344 737 προῖκα,
1367 699 1411 726 καὶ
1431 699 1478 731 τὰς
1508 699 1534 727 ἐν
1565 699 1631 737 αὒτῇ
1644 699 1840 739 ὑποσχεθείσας
1862 697 1910 726 δω-

1079 740 1149 778 ρεὰς,
1166 741 1232 777 μετά
1255 742 1299 769 τὸν
1327 741 1413 780 γάμον
1442 741 1534 771 λαϐεῖν
1563 743 1739 783 ἀπεκδέχεται
1757 750 1765 758 ·
1791 743 1862 771 οὕτω
1877 742 1908 776 δὴ

211 784 446 824 uniuscujusque
461 788 593 814 nostrum
610 784 719 822 anima,
738 785 865 824 primum
882 785 1003 824 quidem

1079 785 1123 812 καὶ
1144 785 1160 818 ἡ
1177 785 1264 825 νύμφη
1280 788 1331 814 τῶν
1362 787 1461 815 πιστῶν
1485 785 1642 824 ’Ἑκκλησια⁷
1666 789 1709 816 καὶ
1755 787 1835 826 ψυχὴ
1851 787 1907 818 ἐνὸς

211 829 327 861 Christo
343 838 452 869 sponso
467 828 563 859 solum
589 829 787 860 arrhabonem
812 828 941 869 Spiritus
957 830 1036 860 acci-

210 874 264 914 pit,
282 878 393 904 aaterna
409 877 507 904 autem
522 873 599 904 bona
615 878 644 904 et
674 883 798 914 regnum
814 874 955 905 caelorum
973 878 1038 914 post

210 918 418 958 migrationem
437 928 472 950 ex
487 919 542 948 hac
558 918 623 948 lucc
653 921 825 958 exspectat:
851 928 904 958 per
929 919 1034 949 arrha-

208 963 317 994 bonem
335 963 423 1003 plene
440 972 595 1004 persuasa,
611 963 762 1004 sibipacta
777 963 841 994 sine
858 963 918 995 ulla
930 963 1036 995 fraude

207 1012 363 1039 eventura.

248 1143 297 1175 80.
308 1141 567 1179 Quemadmodum
575 1152 685 1183 sponso
695 1143 1028 1183 diutiusperegrinante,

205 1192 256 1219 aut
268 1187 334 1218 aliis
351 1188 380 1217 in
397 1186 524 1226 negotiis
553 1192 706 1227 occupato,
734 1192 763 1218 et
777 1188 896 1219 interim
914 1188 1032 1229 nuptia-

203 1242 270 1263 rum
297 1236 413 1271 tempus
441 1232 644 1263 extrahentcm
676 1233 700 1262 si
728 1241 837 1272 sponsa
866 1233 940 1264 irata
969 1233 1034 1273 ejus

204 1287 338 1309 amorem
355 1277 579 1316 contempserit,
596 1277 789 1317 libellumque
804 1277 1031 1308 arrliahonicum

204 1327 255 1353 aut
277 1321 431 1356 deleverit,
458 1325 507 1351 aut
531 1321 724 1358 consciderit,
748 1322 904 1352 confestim
930 1331 1032 1353 eorum

204 1376 269 1406 spe,
286 1376 354 1407 quae
370 1375 386 1396 a
402 1375 510 1405 sponso
523 1366 711 1406 exspectabat
721 1366 890 1398 frustratur.
907 1367 1033 1397 Perinde

203 1411 233 1442 in
249 1412 350 1442 anima
365 1410 429 1441 ﬁeri
455 1410 542 1440 solet.
569 1411 644 1442 Nam
674 1420 741 1440 cum
770 1411 836 1451 quis
853 1412 1030 1441 certantium

1080 829 1190 856 ἑκάσῑου
1218 831 1308 870 ἡμῶν,
1338 832 1444 869 πρῶτον
1481 832 1531 859 ὑπὸ
1567 836 1612 860 τοῦ
1647 833 1758 872 νυμφίου
1795 832 1907 871 Χριστοῦ

1078 875 1123 901 τὸν
1146 873 1283 913 ἀρραϐῶνα
1307 876 1385 912 μόνον
1408 874 1536 913 λαμϐάνει
1551 880 1597 904 τοῦ
1620 877 1774 914 Πνεύματος
1792 884 1799 890 '
1826 877 1859 904 τὰ
1880 875 1906 903 δὲ

1079 918 1170 946 αἰώνια
1185 919 1280 958 (Ξιγπιθτὶι⁷
1307 920 1351 947 καὶ
1379 920 1428 953 τὴν
1457 921 1575 960 οὐράνιον
1603 921 1750 959 βασιλείαν,
1775 922 1843 958 μετὰ
1858 921 1905 954 τὴν

1078 961 1176 991 ἐνθένδε
1191 962 1341 1000 ἀποδημίαν
1357 963 1450 992 λαϐεΐν
1460 965 1648 1005 ἀπεκδέλεται,
1663 965 1904 1006 πληροφορουμένη

1077 1006 1119 1034 διὰ
1139 1011 1184 1035 τοῦ
1209 1007 1369 1047 ἆρῤαϐὠνος,
1396 1008 1624 1046 ὁποδεικνύοντος,
1648 1012 1685 1042 ὡς
1713 1011 1741 1038 ἐν
1771 1010 1902 1050 ἐσόπτρῳ,

1076 1055 1157 1079 ταῦτα
1173 1053 1250 1092 αὒτῇ,
1266 1053 1310 1080 καὶ
1335 1052 1504 1091 βεϐαιοῦντος
1527 1055 1559 1082 τὰ
1587 1053 1823 1094 συμπεφωνημένα
1839 1054 1903 1091 μετὰ

1077 1099 1123 1123 τοῦ
1147 1097 1280 1125 Δεσπότου
1294 1097 1376 1131 αὐτῆς
1392 1098 1436 1126 καὶ
1451 1102 1526 1129 Θεοῦ.

1117 1136 1158 1171 π’.
1177 1142 1297 1181 Καθάπερ
1327 1141 1496 1182 βραδύνοντος
1523 1146 1568 1171 τοῦ
1597 1143 1707 1183 νυμφίου
1736 1142 1770 1170 ὲκ
1797 1142 1901 1177 ἀποδη-

1078 1186 1135 1222 μίᾳ,
1159 1186 1177 1220 ἣ
1207 1186 1444 1226 ἆπασ-χολουμένου
1478 1187 1505 1214 ἐν
1534 1187 1636 1227 ἑτέραις
1663 1189 1729 1216 τισὶν
1753 1188 1899 1225 haesuram,

1075 1231 1118 1259 καὶ
1139 1231 1184 1258 τὸν
1199 1231 1285 1270 γάμον
1308 1232 1374 1263 τέως
1399 1232 1599 1271 ὑπερτιθεμένου
1627 1235 1754 1272 ποιῆωιι⁷
1784 1233 1828 1260 ἐὰν
1854 1233 1899 1272 ὁρ-

1075 1277 1196 1314 γισθεϊσα
1216 1277 1234 1309 ἡ
1262 1277 1362 1315 νύμφη³
1392 1278 1441 1309 τῆς
1466 1275 1564 1303 ἐκείνου
1592 1276 1700 1315 ἀγάπης
1725 1277 1898 1317 καταφρονή-

1075 1332 1118 1358 σῃ,
1143 1321 1186 1348 καὶ
1213 1321 1258 1348 τὸν
1287 1319 1464 1359 ἆῤῥαῧωνικὸν
1494 1321 1611 1360 χάρτην,
1643 1321 1660 1354 ἢ
1692 1320 1849 1359 ἀπαλείφει,
1881 1320 1898 1354 ἢ

1073 1364 1214 1405 διαῤῥήξει²
1237 1365 1356 1393 ἐκπίπτει
1380 1368 1432 1393 τῶν
1464 1367 1529 1404 πρὸς
1565 1366 1610 1393 τὸν
1638 1366 1749 1405 νυμφίον
1787 1364 1895 1394 ἐλπίδων

1073 1411 1144 1442 εὖθύς
1163 1420 1171 1428 ’
1196 1409 1264 1437 οὕτω
1299 1411 1341 1437 καὶ
1369 1410 1412 1438 ἐπὶ
1438 1412 1486 1443 τῆς
1516 1412 1608 1449 ψυχῆς
1637 1410 1746 1458 πεφύκει
1768 1411 1892 1449 γίνεσθαι.

203 1455 312 1486 dixerit
323 1464 478 1495 quousque
490 1454 562 1485 mihi
580 1455 754 1486 atllicliones
765 1449 927 1486 tolerandae
940 1459 1007 1486 sunt

1074 1453 1157 1483 Ἐπὰν
1184 1455 1233 1493 γὰρ
1255 1454 1321 1492 εἴπῃ
1349 1466 1389 1486 τις
1417 1458 1468 1483 τῶν
1494 1454 1705 1493 ἀγωνιζομένων,
1733 1449 1802 1486 Ἕως
1832 1454 1893 1482 πότε

204 1500 380 1540 laboresque
393 1499 538 1529 asceticos
555 1500 788 1539 parvipenderit,
816 1509 850 1530 ac
867 1509 919 1540 per
934 1500 1013 1540 negli

1073 1500 1236 1527 κακοπαθεῖν
1264 1499 1383 1538 ὀφείλω;
1417 1500 1460 1527 καὶ
1488 1502 1541 1526 τῶν
1570 1499 1721 1532 ἀσκητικῶν
1753 1500 1840 1527 πόνων
1867 1509 1893 1526 τε

201 1546 333 1584 gentiam
350 1543 567 1579 mandatorum,
586 1544 926 1585 praetermissionemque
937 1545 1032 1586 poeni-

203 1589 303 1621 tentiae
318 1588 498 1629 quotidianae
511 1592 595 1628 pacta
605 1589 824 1628 quodammodo
837 1589 991 1626 deleverit,
1002 1594 1030 1621 et

201 1634 393 1674 consciderit,
410 1632 507 1663 statim
525 1636 554 1663 et
581 1633 789 1672 arrhabonem,
817 1638 844 1665 et
861 1643 944 1675 spem
960 1644 1028 1675 erga

201 1679 294 1710 Deum
312 1678 410 1719 perdit
425 1677 553 1718 penitus.

239 1768 290 1800 8t.
305 1768 387 1798 Sicut
402 1776 523 1807 sponsa,
554 1767 578 1797 si
606 1776 739 1798 amorem
769 1776 854 1798 suum
870 1767 906 1798 ad
922 1768 1024 1809 alium,

199 1822 285 1853 quam
300 1813 336 1843 ad
365 1811 497 1842 debitum
527 1811 584 1842 sibi
611 1821 754 1851 sponsum
785 1813 979 1848 transtulerit,
998 1817 1026 1844 et

197 1867 265 1889 cum
281 1867 315 1888 eo
330 1856 375 1886 vel
391 1857 477 1892 clam,
490 1856 535 1886 Vel
547 1856 641 1895 palam
659 1856 809 1887 cubilibus
825 1858 1023 1895 consueverit,

197 1912 257 1933 non
272 1902 366 1932 solum
384 1901 458 1931 nihil
475 1901 686 1940 promissorum
703 1910 720 1931 a
743 1910 851 1941 sponso
867 1911 1024 1933 munerum

197 1946 348 1986 sperabit:
368 1945 419 1976 sed
437 1945 544 1986 potius,
559 1945 786 1983 necimmerito,
803 1947 1023 1978 accusationem

197 1995 225 2022 et
240 2000 356 2032 poenam
374 2000 408 2021 ex
434 1989 549 2029 legibus
579 1990 781 2030 exspectabit:
812 1991 852 2022 ita
868 1991 1023 2024 nobiscum

195 2036 260 2067 fieri
276 2036 362 2066 solet.
380 2035 410 2066 Si
426 2035 492 2074 quis
517 2044 650 2066 amorem
677 2044 746 2075 erga
774 2045 917 2075 sponsum
934 2037 1022 2068 Chri-

195 2085 271 2111 stum
287 2080 325 2111 ad
353 2080 429 2110 alius
451 2079 617 2120 cujuspiam
647 2080 692 2111 rei
720 2080 905 2111 desiderium
921 2086 1023 2122 aperte

193 2126 386 2162 converterit,
414 2128 464 2155 aut
492 2124 608 2156 occulte
635 2134 686 2155 cor
714 2125 779 2164 ejus
808 2135 842 2156 eo
866 2126 1020 2157 obsessum

1071 1544 1114 1572 καὶ
1129 1543 1238 1582 ἀγώνων
1254 1543 1470 1583 κατολιγωρήσῃ,
1497 1544 1540 1571 καὶ
1569 1542 1610 1571 διὰ
1636 1546 1685 1577 τῆς
1700 1543 1828 1581 ἀμελείας
1843 1543 1892 1571 τῶν

1070 1588 1194 1625 ἐντολῶν,
1218 1589 1261 1616 καὶ
1282 1588 1463 1626 καταλείψεως
1494 1591 1543 1621 τῆς
1573 1587 1709 1622 διηνεκοῦς
1743 1588 1891 1627 μετανοίας,

1070 1634 1146 1661 οἱονεὶ
1179 1633 1314 1671 ἀπαλείψῃ
1349 1634 1393 1661 καὶ
1430 1632 1554 1671 διαῤῥήξῃ
1593 1633 1625 1661 τὰ
1653 1633 1792 1673 σύμφωνα,
1823 1633 1892 1664 etot;

1069 1677 1188 1706 ἐκπίπτει
1202 1679 1245 1707 καὶ
1259 1682 1305 1706 τοῦ
1320 1676 1479 1717 ὰῤῥαϐὦνος,
1496 1679 1540 1706 καὶ
1556 1680 1606 1711 τῆς
1621 1679 1687 1717 πρὸς
1709 1679 1777 1706 Θεὸν
1792 1676 1891 1708 ἐλπίδος

1067 1722 1174 1754 τελείως
1180 1748 1187 1754 ,

1108 1762 1166 1797 παλ
1191 1763 1282 1807 Ὠσπερ
1303 1768 1321 1801 ὴ
1344 1767 1432 1808 νύμφη
1449 1767 1494 1795 ἐὰν
1522 1768 1587 1806 πρὸς
1612 1767 1698 1806 ἕτερον
1713 1768 1765 1801 τὴν
1787 1767 1889 1807 ἀγάπην

1066 1816 1113 1841 τοῦ
1127 1813 1301 1852 ἀρμοσθέντος
1324 1814 1389 1851 αὐτῇ
1419 1812 1527 1852 νυμφίου
1552 1813 1696 1850 μετάθηται
1721 1813 1767 1840 καὶ
1782 1823 1889 1851 συγκοι-

1066 1859 1150 1895 τασθῇ
1179 1859 1248 1894 αὐτῷ
1277 1858 1396 1897 φανερῶς
1425 1857 1442 1891 ἢ
1480 1856 1621 1896 λαθραίως,
1652 1858 1681 1886 οὔ
1709 1857 1791 1894 μόνον
1819 1855 1888 1886 οὐδὲν

1066 1901 1095 1928 ἐκ
1123 1901 1175 1929 τῶν
1197 1901 1395 1941 ὕποσχεθέντων
1418 1902 1485 1939 αὑτῇ
1514 1902 1585 1940 παρὰ
1605 1905 1651 1930 τοῦ
1679 1901 1790 1941 νυμφίου
1817 1900 1887 1938 λαμ-

1066 1945 1150 1986 ϐάνει,
1167 1945 1235 1974 ἆλλᾶ
1255 1947 1299 1974 καὶ
1313 1946 1440 1985 τιμωρίας
1464 1947 1508 1974 καὶ
1537 1946 1637 1984 μέμψιν
1668 1946 1717 1980 τὴν
1744 1946 1775 1974 ἐκ
1789 1950 1834 1975 τοῦ
1847 1946 1887 1973 νό-

1066 2002 1116 2028 μου
1138 1990 1312 2030 προσδοκήσει
1334 1991 1411 2023 ἀξίως
1429 2001 1435 2007 ·
1464 1991 1533 2019 οὕτω
1554 1989 1586 2024 δὴ
1611 1991 1655 2018 καὶ
1677 1990 1719 2018 ἐπὶ
1747 1992 1825 2028 ἡμῶν
1845 1990 1885 2029 γί-

1069 2037 1134 2064 νεθαι
1164 2035 1288 2075 πέφυκεν,
1326 2036 1388 2065 Ἐὰν
1423 2036 1472 2075 γὰρ
1501 2035 1647 2073 μετάθηταί
1673 2047 1714 2067 τις
1741 2036 1790 2069 τὴν
1817 2035 1883 2074 ἀγά-

1064 2092 1117 2114 πην
1163 2085 1209 2109 τοῦ
1250 2081 1361 2121 νυμφίου
1414 2083 1524 2120 Χριστοῦ
1570 2080 1636 2119 πρὸς
1687 2079 1768 2110 ἄλλου
1815 2079 1883 2110 τινὸς

1062 2125 1217 2164 πράγματος
1257 2125 1405 2163 ἐπιθυμίαν,
1450 2125 1567 2165 φανερῶς
1611 2124 1629 2158 ἢ
1664 2123 1805 2163 λαθραίως,
1842 2124 1883 2151 καὶ

193 2170 293 2209 fuerit,
309 2170 374 2210 ejus
389 2169 487 2200 anima
502 2179 611 2209 sponso
641 2169 754 2207 odiosa,
782 2173 811 2200 et
827 2171 1015 2203 exsecrabilis

1071 2171 1180 2209 ιρατηθῇ
1208 2170 1224 2204 ἡ
1255 2168 1347 2209 καρδίᾳ
1368 2172 1446 2199 αὐτοῦ
1477 2169 1503 2197 ἐν
1533 2170 1615 2206 αὐτῷ,
1646 2170 1748 2206 μισητή
1771 2169 1824 2196 ἐστι
1846 2171 1882 2204 τῷ

192 2214 344 2254 ipsiusque
359 2212 581 2253 conjunctione,
610 2222 644 2244 ac
670 2213 798 2244 thalamo
814 2214 935 2254 indigna
950 2215 1006 2246 erit

191 2258 270 2289 Dixit
284 2258 384 2289 enim:
407 2269 417 2285 ι
435 2257 495 2296 Ego
511 2257 669 2297 diligentes
685 2267 742 2296 me.
758 2258 849 2298 diligo
864 2259 890 2284 21
907 2260 981 2298 (14),
999 2271 1014 2290 »

229 2388 254 2410 ²¹
271 2387 355 2419 Prov.
371 2396 435 2420 vni.
454 2388 502 2420 17.

225 2474 281 2510 (l4)
295 2473 374 2502 Adde
388 2473 534 2509 sequentia
563 2480 599 2501 ex
621 2472 763 2502 Pontano:
792 2482 804 2500 ‹
828 2474 958 2504 Arrhabo
983 2474 1013 2503 in

189 2509 233 2538 his
248 2510 296 2546 qui
312 2510 406 2544 ipsum
422 2509 514 2546 adepti
533 2513 608 2542 sunt.
625 2517 683 2538 non
698 2514 741 2538 est
749 2510 1011 2543 enuntiabilis,non

187 2545 356 2581 intelligitur
370 2550 397 2573 et
419 2545 598 2581 intelligitur,
623 2552 680 2574 non
706 2549 818 2574 tenetur
842 2550 869 2574 et
889 2550 1011 2581 tenetur,

187 2588 245 2610 non
262 2580 371 2609 videtur
386 2585 412 2609 et
435 2580 554 2616 videtur,
580 2581 657 2616 vivit,
680 2580 816 2616 loquitur,
831 2586 970 2614 movetur.
985 2580 1013 2611 et

186 2617 380 2652 possidentem
396 2624 426 2653 se
441 2621 543 2646 movet.
559 2617 659 2646 Avolat
683 2624 719 2645 ex
731 2617 829 2646 arcula
844 2617 873 2645 in
888 2625 943 2653 qua
958 2619 1011 2647 sub

186 2654 269 2689 signo
284 2652 464 2682 concluditur
480 2661 486 2680 :
504 2657 532 2681 et
544 2653 647 2681 iterum
663 2657 765 2688 praeter
779 2659 859 2688 spem
873 2652 905 2681 in
919 2661 951 2682 ea
965 2661 1011 2683 re-

186 2691 296 2724 peritur
306 2698 316 2718 .'
331 2693 362 2718 ιιι
377 2695 525 2724 DOSSGSSOI‘
540 2695 605 2717 eum
628 2696 682 2717 nec
705 2693 868 2718 constanter
883 2696 1009 2723 manere.

184 2732 239 2754 nec
253 2726 316 2754 sine
330 2725 495 2754 reversione
509 2725 642 2753 recedere
656 2724 826 2753 arbitretur:
843 2728 870 2753 et
885 2732 943 2754 non
958 2725 1010 2754 ha-

185 2760 255 2790 bens
269 2768 336 2790 eum
353 2764 488 2796 tanquam
502 2760 621 2796 habens,
637 2765 664 2789 et
677 2760 787 2789 habens
802 2766 938 2796 tanquam
951 2769 1010 2790 non

184 2796 293 2825 habens
308 2797 352 2829 sit,
371 2797 466 2832 itaque
482 2796 594 2825 sentiat.

223 2842 234 2857 ε
252 2832 498 2874 Quemadmodum
512 2832 552 2874 “si
575 2831 639 2868 quis
657 2835 750 2874 “noctu
773 2831 802 2874 in
827 2831 937 2862 aedibus
962 2833 1010 2874 sit,

183 2873 340 2904 earumque
350 2867 448 2904 januis
463 2867 591 2903 undique
605 2867 738 2902 occlusis,
764 2868 789 2898 si
809 2875 900 2897 unum
923 2867 1010 2900 ostio:

1060 2215 1172 2255 νυμφίῳ,
1201 2215 1244 2242 καὶ
1285 2213 1423 2254 βδελυκτὴ,
1459 2214 1502 2241 καὶ
1530 2213 1620 2246 ἀναξία
1656 2216 1706 2247 τῆς
1743 2213 1881 2252 σηναφείας

1060 2260 1138 2287 αὐτοῦ
1155 2268 1162 2274 ·
1193 2260 1286 2299 εἷ’ρηκε
1310 2259 1360 2298 γάρ
1378 2267 1384 2274 '
1417 2258 1489 2298 Ἐγὼ
1514 2259 1573 2290 τοὺς
1596 2258 1643 2287 ἐιιὲ
1658 2258 1799 2298 φιλοῦντας
1815 2258 1880 2296 ἀγα-

1059 2306 1113 2336 πῶ,

1054 2473 1126 2508 lum,
1155 2478 1203 2503 aut
1235 2473 1388 2502 fenestram
1424 2473 1578 2509 aperuerit,
1604 2477 1638 2509 et
1674 2480 1737 2502 eum
1764 2474 1877 2508 repente

1055 2510 1153 2548 fulgur
1167 2516 1319 2538 coruscum
1333 2509 1564 2548 circumtulserit,
1591 2508 1640 2537 ille
1663 2509 1754 2538 oculis
1769 2513 1875 2548 tantum

1054 2544 1234 2582 splendorem
1265 2552 1323 2574 non
1352 2545 1456 2580 ferens,
1484 2552 1550 2574 mox
1576 2552 1607 2573 se
1636 2549 1739 2582 tuetur,
1770 2544 1874 2582 lumina

1054 2581 1171 2616 claudit,
1187 2586 1214 2610 et
1238 2582 1406 2610 extimescit.
1431 2582 1478 2610 Sic
1496 2581 1580 2609 etiam
1606 2581 1717 2609 inclusa
1739 2580 1873 2616 animajn

1053 2613 1248 2649 sensibilibus,
1276 2618 1300 2645 si
1328 2622 1407 2645 extra
1435 2617 1493 2645 hmo
1519 2617 1683 2654 aliquando,
1708 2621 1811 2654 utiper
1834 2613 1875 2654 (e-

1051 2657 1186 2685 nestram,
1204 2659 1299 2681 mente
1315 2654 1502 2688 prospexerit,
1520 2660 1536 2681 a
1558 2651 1670 2686 tulgore
1696 2651 1869 2680 arrhabonis.

1050 2688 1099 2724 qui
1116 2689 1144 2716 in
1162 2689 1222 2724 ipsa
1238 2694 1291 2717 est.
1305 2687 1323 2717 a
1330 2687 1436 2724 Spiritu
1455 2693 1564 2723 saneto,
1582 2688 1711 2724 inquam,
1726 2687 1871 2724 illustrata.

1050 2723 1207 2753 claritatem
1233 2723 1505 2753 luminis’sustinere
1519 2731 1576 2752 non
1600 2723 1708 2757 valens,
1735 2723 1826 2752 subito
1846 2723 1872 2748 et

1051 2764 1148 2789 mente
1163 2761 1336 2796 percellitur,
1355 2764 1382 2789 et
1396 2765 1452 2789 tota
1466 2761 1495 2789 in
1512 2767 1542 2788 se
1556 2760 1647 2796 ipsum
1663 2760 1871 2796 pavitans_co_n-

1052 2791 1185 2825 trahitur.
1202 2796 1279 2825 velut
1293 2791 1462 2825 in'domum
1483 2791 1635 2832 quamdam
1659 2791 1713 2824 sub
1729 2791 1868 2824 sensibilia

1052 2835 1080 2860 et
1093 2833 1218 2861 humana
1233 2832 1389 2868 refugiens.
1407 2841 1419 2859 ι
