1982 3075
71 194 134 232 689

748 193 883 232 CAPI’i‘A
903 193 1075 230 MORALIA
1081 223 1088 230 .

1701 192 1762 232 650

112 261 171 304 πβ’.
191 266 256 295 Δέον
273 266 382 296 ἕκαστον
409 265 439 295 ἐκ
466 267 519 295 τῶν
534 267 658 296 ταιούτων
671 266 788 304 σημείων
809 277 885 294 κατα·

980 263 1030 296 8‘2.
1047 263 1215 301 Quemlibet
1230 274 1264 296 ex
1275 264 1482 306 hujuscemodi
1497 266 1615 298 indiciis
1630 267 1763 298 animad‘

72 317 157 350 νοεῖν,
174 311 195 338 εί
224 311 268 339 τὸν
297 310 433 351 ἀῤῥαϐὦνα
462 315 508 339 τοῦ
536 311 687 349 Πνεύματος
717 311 747 339 ἐκ
767 314 812 339 τοῦ
836 321 900 347 νυμ-

73 354 132 394 φίου
147 356 191 383 καὶ
208 356 342 384 Δεσπότου
357 356 469 396 Χριστοῦ
484 355 594 396 εἴληφεν
612 364 619 372 ·
648 356 692 384 καὶ
721 356 742 383 εἰ
771 355 819 393 μὲν
834 353 898 382 ἕλα-

73 397 114 436 ϐε,
132 399 299 435 σπο·›ὂαζέτω
324 405 415 430 τοῦτον
437 400 574 440 κατέχειν,
604 401 625 428 εἰ
653 399 680 427 δὲ
704 401 787 438 μήπω
807 405 898 429 τοῦτον

71 442 166 472 λαϐεῖν
182 444 292 481 ἠξιώθη,
307 444 475 480 σπουδαζέτω
498 444 540 473 διὰ
568 455 620 472 των
648 444 730 484 ἔργων
759 447 812 472 τῶν
827 444 897 483 ἀγα-

71 490 135 528 θῶν,
165 490 210 517 καὶ
230 489 360 530 πράξεων,
389 492 432 519 καὶ
466 490 630 530 θερμοτάτης
660 489 798 527 μετανοίας
826 489 897 521 αὖθις

69 532 176 573 λαϐεῖν,
194 534 237 562 καὶ
253 534 361 574 φυλάξαι
388 535 465 563 αὖτὺν
494 534 536 562 διὰ
564 537 612 568 τῆς
634 534 754 574 ἐργασίας
782 534 835 562 τῶν
851 533 897 562 ἐν-

69 578 169 615 τολῶν,
184 580 228 607 καὶ
243 582 291 613 τῆς
306 581 358 608 τῶν
373 580 472 620 ἀρετῶν
487 580 663 614 ἐπικτήσεως,

110 619 171 663 πγ’,
199 625 321 663 Καθάπερ
348 625 365 658 ἡ
388 625 470 664 στέγη
492 625 580 658 πάσης
608 624 702 661 οἰκίας,
726 623 768 652 διά
786 626 839 652 τῶν
853 625 896 652 θε-

69 667 170 704 μελίων
194 669 238 696 καὶ
266 671 316 702 τῆς
342 667 440 702 λοιπῆς
469 669 577 700 κτίσεως
608 668 716 697 ’ίσταται
733 678 740 686 ·
771 668 896 699 ὡσαύτως

69 710 97 739 δὲ
125 714 170 741 καὶ
204 713 236 741 τὰ
263 712 383 754 θεμέλια,
419 713 460 741 διὰ
495 715 526 742 τὸ
551 714 600 747 τὴν
628 713 725 752 στέγην
759 713 896 751 βαστάζειν

69 756 293 796 καταϐάλλονται,
310 759 347 789 ὡς
362 759 497 798 ἀναγκαῖα
520 759 564 786 καὶ
594 758 718 798 χρήσιμα
741 765 748 772 ’
779 758 822 785 καὶ
837 756 896 785 οὔτε

69 801 153 840 στέγη
177 801 240 842 δίχα
264 802 390 840 θεμελίων
419 803 583 831 συνίστασθαι
612 802 734 843 φὲφυκεν,
765 801 825 831 οὔτε
848 803 894 829 θε-

69 846 158 883 μέλιοι
173 846 233 875 ἄνευ
248 847 345 886 στέγης
372 851 411 884 τῷ
434 846 482 884 ϐίῳ
512 846 662 888 χρειώδεις,
693 847 711 881 ἣ
737 845 806 878 ὅλως
821 845 893 886 ὠφέ-

67 890 141 929 λιμοί
170 892 235 920 εἰσιν
253 900 259 907 “
291 892 358 920 οὕτω
384 893 426 921 καὶ
448 893 465 927 ἡ
493 892 538 921 τοῦ
564 892 713 929 Πνεύματος
735 891 815 931 χάρις
836 901 894 920 σον-

67 943 190 976 τηρετται
207 935 248 965 διὰ
262 939 311 971 τῆς
327 937 450 977 ἐργασίας
478 940 530 965 τῶν
553 936 677 974 ἐντολῶν,
700 937 745 965 καὶ
770 937 795 964 αἱ
822 936 892 975 πρά-

67 979 119 1013 ξεις
148 983 202 1009 τῶν
233 980 357 1021 ἐντολῶν,
393 981 435 1011 διὰ
462 981 511 1016 τὴν
539 986 585 1011 τοῦ
620 985 686 1010 Θεοῦ
712 980 822 1021 δωρεὰν,
852 981 889 1011 ὡς

65 1023 183 1061 θεμέλιοι
199 1024 421 1057 κασαϐάλλονται.
438 1027 486 1055 Καὶ
515 1025 573 1054 οὔτε
600 1026 617 1059 ἡ
640 1026 718 1066 χάρις
745 1025 791 1053 τοῦ
807 1024 888 1053 Πνεύ-

67 1081 152 1107 ματος
167 1070 326 1110 παραμένειν
355 1072 423 1108 ἡμῖν
449 1070 573 1110 πέφυκεν,
604 1069 664 1098 ἄνευ
688 1073 738 1103 τῆς
767 1073 820 1098 τῶν
845 1069 890 1098 ἐν·

66 1113 153 1142 τολῶν
176 1115 311 1156 ἐργασίας,
332 1114 391 1143 οὕτε
418 1116 436 1150 ἦ
463 1119 516 1144 τῶν
545 1114 658 1143 ἐντολῶν
683 1114 801 1154 ἐργασία,
831 1113 891 1142 ἄνευ

68 1161 117 1193 ιῆς
129 1160 241 1199 χάριτος
256 1165 303 1190 τοῦ
319 1161 394 1197 Θεοῦ,
413 1161 546 1201 χρήσιμος
559 1161 603 1188 καὶ
617 1159 750 1200 ὠφέλιμός
766 1159 848 1188 ἐστιν.

107 1201 163 1234 τπδ’.
190 1209 226 1233 ον
240 1205 367 1244 τρόπονή
398 1205 509 1244 ἄστεγος
538 1206 616 1241 οὶκία,
640 1206 658 1239 ἡ
685 1204 737 1232 ἀπό
766 1203 890 1241 ἀμελείας

67 1250 113 1278 τοῦ
145 1251 282 1282 κτίσαντος
314 1249 396 1282 οὕτως
429 1250 547 1290 ἐπιθεῖσα,
580 1250 610 1277 οὗ
647 1249 726 1286 μόνον
755 1247 890 1288 ἄχρηστός

67 1293 152 1334 ἐστιν,
181 1294 248 1323 ἀλλὰ
285 1296 329 1323 καὶ
357 1294 550 1334 καταγελᾶσθαι
578 1297 616 1331 τῷ
651 1294 767 1322 κτίσαντι
793 1291 890 1332 προξε-

68 1346 122 1376 νεῖ,
153 1339 223 1368 οὕτω
250 1340 294 1368 καὶ
321 1341 335 1367 ὁ
369 1340 430 1371 τοὺς
457 1339 591 1377 θεμελίους
616 1341 665 1372 τῆς
689 1338 809 1377 ἐργασίας
838 1340 891 1364 τῶν

69 1383 183 1412 ἐντολῶν
208 1382 452 1421 καταϐαλλόμενος,
481 1384 525 1412 καὶ
555 1383 662 1423 τοίχους
689 1381 799 1420 ὑψηλῶν
826 1381 890 1421 ἀρε-

66 1431 120 1456 τῶν
148 1428 312 1468 ἀναστήσας,
343 1428 387 1458 ἐὰν
415 1428 454 1466 μὴ
481 1428 526 1455 καὶ
551 1427 601 1460 τήν
629 1427 708 1467 χάριν
745 1426 791 1454 τοῦ
817 1426 891 1464 ἁγίου

66 1473 230 1510 Πνεύματος,
268 1472 294 1500 ἐν
323 1472 416 1512 θεωρίᾳ
450 1473 494 1500 καὶ
521 1473 617 1511 γνώσει
645 1473 736 1511 ψυχῆς
761 1469 888 1507 λήψεται,

65 1517 162 1552 ἀτελής
177 1517 245 1554 ἐστι,
264 1518 308 1545 καὶ
333 1517 404 1556 παρὰ
431 1519 483 1544 τῶν
513 1516 620 1545 τελείων
648 1515 856 1552 κατελεούμενος
880 1522 887 1529 ”

65 1563 94 1591 ἐκ
121 1563 173 1602 γὰρ
201 1565 254 1591 τῶν
294 1561 346 1590 δύω
387 1561 486 1590 τούτων
518 1561 618 1597 αἰτιῶν,
657 1560 755 1593 ταύτης
783 1559 890 1590 πάντως

65 1607 204 1647 ἐπέρηται
223 1617 228 1623 ·
247 1607 265 1641 ἢ
287 1607 337 1646 γὰρ
364 1609 413 1639 τῆς
443 1606 581 1644 μετανοίας
609 1603 745 1643 ἠμέλησεν
762 1613 770 1622 ·
793 1603 889 1643 ἢπρὸς

65 1653 113 1685 τὴν
140 1655 194 1680 τῶν
222 1651 320 1690 ἀρετῶν
350 1650 494 1690 συλλογὴν,
533 1651 569 1682 ὡς
599 1651 663 1689 πρὸς
691 1648 796 1685 ἄπειρον
824 1647 890 1682 ὕλην

65 1697 218 1737 ἀπειρηκὼς
247 1695 365 1733 ἐνέλειψέ
393 1707 451 1724 τινα
489 1698 543 1723 τῶν
583 1694 798 1733 δοκούντωνξμὲν
822 1695 889 1731 ἡμῖν

64 1741 224 1781 ἐλαχίστων,
256 1740 405 1779 ἀναγκαίων
447 1739 475 1768 δὲ
504 1739 587 1768 ὄντων
615 1740 680 1779 πρὸς
709 1739 752 1767 τὸν
782 1739 890 1778 ἀπαρτι-

63 1788 130 1825 σμὸν
155 1786 202 1815 τοῦ
225 1785 301 1813 οἴκου
329 1787 382 1813 τῶν
410 1785 521 1824 ἀρετῶν,
551 1786 587 1817 ὡς
618 1789 656 1823 μή
678 1783 799 1812 δύνασθαι
830 1783 890 1812 ἄνευ

63 1831 182 1869 ἐκείνων,
199 1829 240 1858 διὰ
251 1832 302 1863 τῆς
325 1829 371 1858 τοῦ
395 1829 546 1867 Πνεύματος
575 1829 697 1869 χάριτος,
715 1829 889 1867 πεγασθῆναι

63 1876 143 1904 αὐτόν
148 1899 154 1905 .

104 1910 161 1945 πί,
178 1917 207 1944 Et
222 1913 264 1943 διὰ
287 1918 364 1943 τοῦτο
379 1913 421 1942 ἐπὶ
435 1916 484 1948 τῆς
506 1916 556 1954 γῆς
583 1915 597 1942 ὃ
625 1914 683 1945 Υἱὸς
705 1915 751 1941 τοῦ
768 1911 833 1940 Θεοῦ
846 1911 891 1939 καὶ

65 1962 130 1992 Θεὸς
163 1958 304 1996 κατῆλθεν,
334 1958 380 1986 ’ίνα
421 1957 454 1986 δι’
497 1959 590 1986 ἑαυτοῦ
625 1956 776 1995 καταλλάξῃ
803 1957 887 1995 ἡμᾶς,

64 2005 177 2045 ἐχθροὺς
193 2004 269 2035 ὄντας
297 2006 335 2040 τῷ
360 2001 417 2039 ἰδίῳ
445 2003 537 2043 Πατρῖ,
559 2003 604 2031 καὶ
630 2002 735 2040 συνάψῃ
763 2004 889 2040 γνωστῶς

62 2051 136 2088 ἡμᾶς
149 2049 245 2086 ἑαυτῷ,
261 2047 303 2076 διὰ
329 2047 376 2076 τοῦ
397 2047 472 2087 ἁγίου
499 2048 542 2075 καὶ
571 2047 709 2085 ὁμοουσίου
739 2046 889 2083 ῐΙνεύματος

63 2097 153 2129 αὐτοῦ,
182 2095 196 2121 ὁ
211 2093 307 2126 ταύτης
334 2091 467 2120 ἐκπίπτων
495 2094 545 2125 τῆς
574 2091 697 2132 χάριτος,
714 2089 796 2124 ἄλλης
811 2090 888 2121 ποίας

63 2138 206 2178 tetigerat;
237 2138 345 2169 Πάντως
373 2135 431 2166 οὖδὲ
459 2135 618 2175 κατηλλάγη
647 2137 729 2174 αὒτῷ,
760 2133 817 2162 οὖδέ
839 2134 888 2167 τὴν

64 2183 123 2222 μετ’
147 2183 225 2212 αὒτοῦ
239 2181 343 2220 ἕνωσιν,
374 2180 416 2209 διὰ
443 2183 492 2215 τῆς
523 2181 661 2219 μετουσίας
676 2182 723 2208 τοὺ
737 2179 889 2216 Πνεύματος

63 2229 181 2269 ἔσχηκεν
187 2251 193 2258 .

103 2312 176 2355 σις’.
193 2320 251 2346 Τῶν
275 2315 322 2354 μὲν
354 2315 477 2354 ἐμπαθῶν
507 2314 650 2353 ἐπιθυμιῶν
672 2312 717 2341 καὶ
744 2311 856 2348 ἡδονῶν,
874 2312 888 2339 ὁ

65 2362 207 2402 pstor/div
222 2364 269 2390 τοῦ
296 2361 364 2389 θείου
392 2360 555 2400 Πνεύματος,
585 2357 780 2386 ἀπαλλάττεται
798 2364 804 2371 ·
835 2356 888 2384 τῶν

63 2397 91 2436 δὲ
198 2406 299 2446 φύσεως
332 2407 491 2442 σωματικῶν
520 2404 653 2442 ἀναγκῶν,
683 2403 713 2431 οὒ
732 2401 884 2441 χωρίζεται,

65 2453 115 2482 Καὶ
129 2453 166 2483 ὡς
266 2449 444 2489 ἐλευθερωθεὶς
472 2451 525 2477 τῶν
554 2447 657 2485 δεσμῶν
679 2449 727 2480 τῆς
754 2445 886 2483 ἐμπαθοῡς

66 2495 189 2536 ὀρέξεως,
204 2495 248 2522 καὶ
263 2494 397 2534 συναφθεὶς
419 2495 454 2531 τῇ
480 2492 601 2528 ἀθανάτῳ
628 2490 698 2536 δόξῃ,
712 2501 741 2518 τε
762 2490 806 2518 καὶ
821 2488 887 2536 γλο-

64 2534 170 2578 κῦτητι,
188 2539 362 2570 ἀδιαλείπτως
385 2537 437 2566 ἅνω
467 2548 496 2565 τε
526 2537 642 2576 βιάζεται
671 2535 754 2571 εἶναι,
784 2535 828 2562 καὶ
842 2534 887 2562 σὺν

67 2589 124 2624 Θεῷ
139 2585 251 2625 διάγειν,
267 2585 310 2612 καὶ
325 2582 392 2622 μηδὲ
417 2583 482 2622 πρὸς
504 2582 590 2622 βραχὺ
624 2583 673 2614 τῆς
700 2579 888 2625 ἐκείνου-,θεω-

66 2622 121 2670 ρίας
144 2622 300 2670 ἀφίστασθαι
331 2629 375 2657 καὶ
401 2627 542 2668 ἀκορέστου
574 2627 672 2666 τρυφῆς
689 2632 697 2640 '
732 2625 769 2656 ὡς
796 2622 823 2651 δέ
850 2627 889 2660 τῷ

104 2748 132 2789 (ι
141 2747 170 2785 5)
182 2745 244 2789 Hoc
253 2744 413 2789 capitulum
424 2743 624 2789 interseritur:
637 2741 794 2789 Numquid
800 2744 895 2789 potest

64 2786 153 2819 hoino
164 2786 345 2818 abscondere
358 2786 457 2825 ignem
466 2786 499 2816 in
509 2787 580 2816 sinu
588 2793 652 2819 suo,
665 2787 698 2814 ut
713 2786 894 2825 vestimenta

65 2828 220 2871 it_liusr_tor_t
226 2822 416 2871 qrdeqnt,_'ai_t
425 2825 549 2871 Sapiens
559 2824 718 2871 (Premit,
733 2823 787 2861 27)
795 2822 812 2867 _?
832 2823 893 2861 Ego

65 2869 126 2900 aio:
138 2881 150 2897 ι
159 2866 456 2904 Quisintolerabilem
467 2865 562 2903 illum,
575 2865 787 2904 ccelestemque
793 2865 892 2904 ignem

62 2908 155 2941 corde
169 2903 323 2948 suscipiet,
354 2909 384 2937 et
411 2915 470 2937 non
496 2903 747 2943 inﬂammabitur,’
759 2912 795 2934 ac
808 2903 891 2935 reln-

164 2987 291 3023 Ρλτιοι..
307 2987 363 3022 Gn.
379 2987 464 3022 CXX.

940 312 1056 340 vertere
1084 313 1211 350 oportet,
1241 309 1345 350 ecquid
1376 310 1572 342 arrhabonem
1603 310 1762 351 Spiritusa

940 352 1054 393 Sponso
1069 357 1098 384 et
1114 353 1239 385 Domino
1266 354 1383 386 Christo
1411 355 1570 395 acceperit.
1587 355 1617 386 Si
1634 356 1759 396 accepit,

939 406 1008 428 eum
1024 398 1155 429 retinere
1166 398 1294 430 studeat.
1305 399 1335 429 Si
1346 408 1489 440 accepere
1503 400 1632 430 nondum
1640 401 1759 439 meruit,

938 441 970 472 in
985 441 1015 472 id
1032 442 1193 483 incumbat,
1212 447 1242 473 ut
1258 453 1310 483 per
1324 443 1400 474 bona
1428 453 1529 484 opera,
1546 448 1574 474 et
1590 444 1652 485 pias
1667 445 1760 477 actio-

939 495 1002 525 nes,
1032 486 1344 528 ferventissimamque
1388 488 1592 528 pmnitentiam
1623 490 1758 530 accipiat,

938 535 1154 572 acceptumque
1176 532 1323 562 mandatis
1352 533 1518 571 servandis,
1550 537 1578 564 et
1604 534 1760 566 virtutibus

937 575 1061 615 insuper
1075 576 1282 616 comparandis
1296 577 1453 608 custodiat.

978 620 1026 650 83.
1045 619 1301 656 Quemadmodum
1330 624 1438 652 tectum
1466 622 1636 662 quarumvis
1651 624 1758 657 aedium

937 673 992 705 per
1018 664 1254 703 fundamentum,
1293 670 1322 696 et
1349 666 1494 707 reliquam
1533 667 1758 702 aedificationem

938 713 1016 740 stat:
1034 709 1074 740 ita
1101 709 1231 740 vicissim
1260 710 1453 742 fundamenta
1481 715 1513 742 ut
1543 716 1619 744 lecto
1635 718 1757 746 susten-

936 753 1026 784 tando
1041 753 1126 785 utilia
1153 758 1182 785 et
1204 755 1372 786 necessaria
1397 756 1571 796 jaciuntur:
1604 761 1632 788 et
1662 768 1760 800 neque

937 802 1048 830 tectum
1064 798 1128 829 sine
1145 799 1335 830 fundamento
1351 800 1483 831 construi
1512 801 1598 839 solet,
1617 811 1672 834 nec
1688 798 1758 834 fun-

935 841 1072 874 damenta
1087 845 1161 874 citra
1175 847 1282 874 tectum
1313 853 1398 875 usum
1425 845 1529 882 ullum,
1556 849 1607 878 aut
1622 856 1758 880 commo-

935 886 1006 918 dum
1021 887 1050 918 in
1069 888 1125 918 vita
1140 888 1259 919 habent.
1277 889 1325 920 Sic
1339 889 1427 920 etiam
1444 889 1543 922 divina
1558 891 1651 930 gratia
1667 902 1754 924 man-

935 930 1010 962 datis
1025 931 1172 964 obeundis
1187 937 1391 974 conservatur,
1408 937 1436 965 et
1450 935 1584 966 actiones
1600 937 1755 970 mandato-

932 985 1009 1011 rum.
1019 981 1139 1018 propter
1147 977 1257 1009 donum
1267 978 1320 1009 Dei
1330 978 1584 1010 fundamentiloco
1592 987 1757 1020 ponuntur:

931 1024 960 1050 et
970 1030 1067 1061 neque
1078 1022 1171 1061 gratia
1181 1022 1309 1062 Spiritus
1320 1024 1349 1054 in
1363 1023 1450 1054 nobis
1462 1033 1582 1055 manere
1589 1028 1753 1067 consuevit,

931 1064 989 1096 nisi
1019 1067 1155 1097 mandata
1197 1076 1382 1106 operemur:
1423 1077 1518 1109 neque
1548 1064 1752 1103 mandatorum

931 1109 1063 1154 operatio
1078 1110 1189 1152 absque
1212 1111 1305 1151 gratia
1332 1112 1387 1144 Dei
1415 1113 1572 1144 commoda
1601 1115 1696 1154 nobis,
1721 1122 1751 1149 et

929 1153 1080 1185 ftuctuosa
1095 1159 1149 1187 est.

971 1199 1022 1244 84,
1039 1198 1121 1230 Sicut
1136 1200 1241 1232 domus
1257 1205 1334 1232 tecto
1356 1211 1471 1238 carens.
1497 1207 1547 1234 aut
1563 1203 1755 1244 incogitantia

933 1243 1095 1275 conditoris
1106 1244 1149 1276 sic
1160 1251 1306 1277 exstructa
1318 1255 1384 1277 cum
1396 1247 1509 1278 inutilis
1523 1252 1577 1285 est,
1595 1243 1656 1279 tum
1675 1259 1753 1290 pras-

933 1291 1014 1334 terea
1026 1289 1234 1321 aaditicatorem
1252 1291 1410 1321 ridiculum
1437 1291 1504 1324 facit
1525 1303 1531 1322 :
1559 1293 1602 1324 sic
1618 1294 1667 1334 qui
1676 1289 1754 1326 fun-

932 1332 1116 1371 damentum,
1133 1343 1241 1375 nempe
1252 1335 1489 1367 observationem
1497 1332 1664 1368 divinorum
1674 1347 1753 1370 man-

932 1376 1078 1413 datorum,
1095 1379 1256 1416 constituit,
1287 1389 1387 1410 muros
1413 1381 1596 1412 excelsarum
1613 1384 1752 1414 virtutum

932 1421 1078 1460 excitavit,
1095 1422 1150 1453 nisi
1167 1423 1254 1454 etiam
1271 1424 1398 1464 Spiritus
1412 1426 1535 1466 gratiam
1553 1435 1585 1457 se
1601 1428 1753 1468 accepisse

931 1475 998 1497 cum
1013 1467 1111 1498 anima
1127 1477 1179 1498 sua
1193 1467 1298 1499 viderit
1325 1474 1412 1510 atque
1441 1470 1621 1509 cognoverit,
1639 1467 1751 1513 imper-

931 1510 1037 1552 fectus,
1067 1516 1096 1542 et
1119 1513 1257 1552 perfectis
1286 1514 1470 1544 miserationi
1499 1519 1552 1546 est.
1584 1510 1699 1547 Etenim
1716 1527 1750 1549 ea

901 1553 1015 1587 Chisce
1036 1556 1150 1587 duabus
1177 1557 1214 1587 de
1242 1558 1342 1589 causis
1371 1559 1493 1589 omnino
1521 1560 1666 1600 spoliatus
1695 1567 1750 1594 est.

931 1600 988 1630 Aut
1003 1600 1082 1631 enim
1099 1601 1304 1641 paenitentiam
1323 1603 1477 1644 vilipendit
1495 1614 1500 1634 :
1531 1608 1580 1634 aut
1596 1604 1752 1638 virtutibus

931 1644 1116 1684 colligendis,
1143 1651 1174 1677 ut
1203 1646 1231 1677 in
1263 1647 1379 1686 negotio
1409 1647 1555 1678 immenso
1585 1649 1705 1689 defecit,
1723 1655 1753 1682 et

932 1689 1073 1720 nonnulla
1091 1691 1297 1730 praetermisit;
1328 1701 1393 1732 qute
1407 1702 1574 1733 quanquam
1591 1694 1676 1725 nobis
1693 1696 1751 1726 mi-

932 1734 1013 1764 nima
1025 1735 1172 1772 videntur,
1204 1740 1301 1766 tamen
1330 1736 1365 1766 ad
1395 1737 1513 1767 domum
1541 1738 1750 1770 absolvendam

931 1778 1100 1810 necessario
1131 1779 1333 1820 requiruntur,
1364 1781 1437 1812 citra
1466 1791 1534 1821 quae
1559 1787 1668 1813 tectum
1700 1793 1753 1824 per

929 1823 1054 1863 gratiam
1069 1823 1198 1864 Spiritus
1212 1824 1325 1865 imponi
1341 1825 1511 1866 neutiquam
1528 1829 1636 1867 potest.

971 1912 1020 1942 85.
1035 1911 1135 1951 8ἰ;Ι)θί
1150 1911 1242 1944 Filius
1258 1913 1369 1944 idcirco
1384 1913 1414 1944 in
1429 1919 1524 1946 terras
1539 1914 1678 1956 delapsus
1695 1921 1751 1955 est,

931 1960 962 1987 ut
977 1965 1032 1987 nos
1047 1966 1113 1987 cum
1131 1956 1191 1987 Deo
1222 1957 1318 1998 Patre,
1348 1958 1395 1989 cui
1424 1967 1541 1989 eramus
1557 1959 1683 1998 inimici,
1701 1972 1755 2002 per

930 2001 1122 2041 semetipsum
1137 2001 1167 2031 in
1182 2001 1304 2040 gratiam
1321 2003 1479 2033 reduceret
1491 2013 1498 2040 ;
1510 2003 1628 2043 sibique
1639 2015 1691 2036 nos
1702 2001 1756 2046 per

931 2049 1063 2076 sanctum
1081 2050 1110 2076 et
1124 2045 1406 2077 consubstantialem
1432 2046 1573 2087 Spiritum
1599 2045 1755 2087 suum,rita

931 2094 964 2121 ut
976 2089 1051 2120 scire
1067 2094 1096 2120 et
1121 2100 1300 2129 cognoscere
1332 2101 1495 2132 possemus,
1526 2093 1685 2132 copularet.
1705 2095 1755 2135 qui

930 2135 984 2165 hac
997 2134 1091 2174 gratia
1115 2135 1235 2176 excidit,
1263 2145 1350 2176 quam
1380 2135 1480 2173 aliam,
1511 2136 1627 2174 amabo,
1645 2134 1753 2169 conse-

931 2179 1063 2219 quetur‘?
1087 2180 1222 2217 Prorsus,
1256 2189 1311 2211 nec
1340 2180 1418 2211 Patri
1447 2181 1668 2219 reconciliatus,
1700 2192 1756 2214 nec

895 2223 1005 2264 DFilio
1020 2233 1073 2264 per
1089 2222 1218 2268 Spiritus
1234 2224 1328 2255 sancti
1353 2224 1610 2266 participationem
1627 2227 1755 2268 conjun—

930 2271 1004 2304 ctus,
1023 2272 1110 2308 atque
1126 2267 1225 2298 unitus
1242 2273 1287 2299 est
1303 2268 1379 2308 (15).

969 2314 1018 2343 86.
1036 2312 1090 2348 Qui
1107 2311 1218 2352 Spiritu
1247 2318 1349 2344 sancto
1374 2318 1418 2344 est
1448 2314 1630 2356 impertitus,
1648 2315 1753 2347 turbu-

929 2356 1018 2387 lentis
1047 2356 1258 2397 cupiditatibus
1287 2358 1543 2398 voluptatibusque
1580 2359 1753 2399 absolvitur,

929 2405 1041 2432 naturaa
1053 2405 1154 2431 autem
1172 2406 1201 2432 et
1216 2402 1333 2442 corpori
1348 2411 1420 2442 quin
1443 2403 1561 2439 serviat,
1581 2404 1679 2436 facere
1696 2415 1756 2436 non

929 2449 1031 2486 potest.
1051 2445 1086 2476 Et
1102 2445 1189 2476 simul
1206 2446 1331 2477 vinculis
1349 2447 1457 2478 turbidi
1488 2450 1636 2488 appetitus
1652 2459 1755 2480 exem-

929 2495 1007 2531 ptus,
1025 2489 1244 2530 immortalique
1257 2491 1368 2530 gloriae,
1386 2495 1414 2521 et
1432 2491 1584 2523 dulcedini
1599 2493 1756 2525 devinctus

930 2540 984 2569 est.
1003 2543 1122 2574 semper
1134 2533 1164 2564 in
1181 2535 1252 2565 caelo
1268 2544 1345 2572 esse,
1370 2539 1400 2565 et
1428 2545 1494 2566 cum
1513 2537 1573 2568 Deo
1587 2538 1710 2576 versari,
1727 2542 1757 2570 et

930 2580 968 2609 ab
983 2579 1047 2619 ejus
1073 2582 1245 2619 conspectu,
1271 2579 1447 2620 deliciisque
1475 2589 1626 2622 nunquam
1643 2582 1754 2613 satian-

930 2624 1007 2656 tibus
1023 2633 1060 2654 ne
1074 2623 1110 2654 ad
1120 2628 1303 2655 momentum
1311 2624 1431 2665 quidem
1438 2624 1581 2657 absistere
1590 2627 1754 2658 contendit.

936 2740 1253 2783 cebit,»etDivinitat_is
1277 2741 1341 2782 ipse
1368 2751 1486 2783 quoque
1515 2741 1614 2772 radios
1629 2741 1757 2783 emittet,

935 2780 1278 2822 secundumanaiogiam
1290 2780 1493 2822 purgationis,
1509 2787 1537 2813 et
1548 2782 1759 2814 communicati

935 2821 1012 2861 ignis
1025 2820 1188 2851 videlicet?
1204 2820 1365 2861 puritatem
1378 2822 1457 2853 enim
1475 2823 1657 2861 communio,
1673 2832 1758 2854 com-

934 2861 1108 2905 munionem
1123 2861 1463 2905 illuminatio_seqttitur.
1492 2862 1543 2894 Sic
1566 2863 1654 2894 homo
1670 2863 1760 2905 plane

933 2901 1012 2933 Deus
1028 2910 1082 2943 per
1093 2901 1218 2942 gratiam
1233 2901 1342 2934 evadit.
1361 2901 1375 2932 ἱ

1597 2984 1635 3017 ﬁt
