1982 3075
224 166 279 201 651
876 169 1064 203 SYMEONIS
1085 168 1252 205 JUNIORIS
1857 175 1923 209 652

225 240 317 270 Porro
335 238 449 269 mortali
461 246 596 278 corpore,
614 246 668 268 ceu
685 237 799 277 pedicis
816 237 996 278 implicatus,
1013 238 1040 269 al

1097 240 1193 277 γώματι
1215 239 1258 267 καὶ
1340 241 1421 279 φθορᾷ
1449 238 1654 278 ἔμπεδούμενος,
1685 240 1728 269 ὑπ’
1758 244 1838 272 αὑτοῦ
1867 254 1922 270 κατ

226 284 331 317 eodem
348 284 485 323 traqitur,
502 286 531 313 et
545 282 581 312 ad
598 286 717 312 terrena
743 282 916 313 distrahitur
934 293 941 323 ;
958 283 1040 314 inde-

1097 288 1216 312 τασπᾶτατ
1232 284 1275 311 καὶ
1297 284 1413 323 σύρεται,
1438 286 1481 312 καὶ
1510 285 1574 324 πρὸς
1606 286 1637 313 τὰ
1658 287 1741 324 γήϊνα
1756 286 1922 327 ἐπιστρέφε-

224 340 282 371 que
295 333 409 360 tantum
424 336 580 358 maerorem
597 327 730 366 suscipit,
748 332 900 368 quantum,
919 332 950 358 ut
963 328 1040 358 arbi-

1097 340 1129 357 ται
1147 340 1153 347 ·
1170 329 1215 356 καὶ
1236 329 1366 361 τοσαύτην
1381 333 1526 362 τηνικαῦτα
1540 330 1604 369 ὑπὲρ
1635 331 1734 358 τούτων
1764 332 1813 364 τὴν
1828 331 1923 365 λύπην

225 380 301 415 tror,
318 373 417 404 anima
441 372 606 414 peccatoris
619 381 637 403 a
652 381 777 413 corpore
806 376 939 412 separata
955 382 1027 413 evpe

1097 373 1156 413 Ῐχει,
1188 373 1265 407 ὅσην,
1299 373 1388 411 οἶμαι,
1418 373 1575 413 ἀμαρτωλοῦ
1609 375 1701 414 ψυχὴν
1727 377 1921 415 χωριζομένην

224 420 310 451 ritur.

263 465 313 495 8'7.
331 462 585 499 Quemadmodum
602 461 652 502 qui
667 470 788 501 corpus,
815 461 866 502 qui
881 462 981 499 vitam,
998 463 1048 502 qui

224 508 399 548 voluptates,
416 506 465 546 qui
482 505 623 536 mundum
654 509 756 535 amant
785 509 814 536 et
829 510 1045 543 consectantur,

223 552 260 583 iis
275 552 368 583 instar
383 550 487 581 mortis
500 554 544 581 est
559 550 603 584 ab.
619 549 665 580 his
680 549 795 590 sejungi
821 559 854 580 ac
875 550 992 581 divelli:
1009 551 1049 581 ita

223 598 275 639 qui
291 596 467 632 castitatem,
495 595 546 635 qui
574 595 678 632 Deum,
711 595 760 634 qui
787 604 835 625 res
864 595 999 626 ccelestes
1014 605 1048 625 ac

223 642 433 682 sempiternas,
450 639 500 680 qui
515 640 651 670 virtutem
682 639 821 677 diligunt,
837 640 881 670 vel
898 640 1048 680 paulisper

223 687 260 718 ab
277 687 322 717 his
338 685 439 716 animo
455 689 484 715 et
499 684 676 723 cogitatione
691 684 822 724 separari
839 684 952 724 plagam
970 694 1047 716 mor-

223 732 339 763 tiferam
356 733 523 760 numerant.
540 728 571 759 Si
589 729 669 759 enim
685 728 736 768 qui
748 729 848 759 lumen
865 733 937 759 istuc
953 729 1047 759 sensi—

221 776 283 807 bile
299 775 425 814 intuetu,
456 783 523 804 cum
549 773 668 813 paulum
698 770 800 803 oculos
829 773 979 810 clauserit,
997 778 1047 804 aut

223 820 369 862 quispiam
384 819 427 849 illi
444 818 565 850 eesdem
582 818 743 858 opereruit,
760 818 852 855 dolet,
878 823 905 849 et
921 819 950 849 id
965 828 1046 850 aegre

222 866 330 906 patitur
347 864 507 904 (praecipue
534 873 599 893 cum
625 863 827 894 necessarium
854 863 978 903 aliquid,
997 867 1046 894 aut

1089 417 1146 458 ἕχει
1160 418 1217 458 ἀπὸ.
1228 418 1273 445 τοῧ
1287 418 1421 454 σώματος.

1129 457 1184 498 πζ’.
1205 454 1300 502 Ὥσπερ
1315 465 1353 498 τῴ
1379 462 1558 502 φιλοσωμάτῳ
1589 465 1633 492 καὶ
1659 464 1791 504 φιλοζώῳ,
1813 466 1853 503 τῷ
1869 477 1920 503 φι-

1090 507 1193 543 ληδόνῳ
1223 507 1266 534 καὶ
1293 506 1458 546 φιλοκόσμῳ,
1488 508 1501 534 ὁ
1531 510 1670 547 χωρισμὸς
1698 513 1751 537 τῶν
1786 511 1921 538 τοιούτων

1090 552 1199 582 Θάνατός
1228 551 1309 588 ἐστιν⁷
1340 550 1408 579 οὕτω
1434 555 1472 588 τῷ
1506 551 1623 591 φιλάγνῳ
1649 555 1692 582 καὶ
1721 554 1847 594 φιλοθέιρ⁷
1879 556 1923 592 τῲ

1089 595 1208 636 φιλαύλῳ
1221 596 1264 623 καὶ
1279 595 1410 635 φιλαρέτιρ
1437 597 1547 628 Θάνατος
1577 601 1614 634 τῷ
1641 597 1695 626 ὄντι
1724 599 1793 627 ἐστὶν
1818 600 1849 628 ἐκ
1863 603 1921 627 τῶν

1088 641 1211 668 τοιούτων
1227 641 1244 674 ἡ
1267 641 1347 679 μικρὰ
1361 643 1410 673 τῆς
1432 639 1546 672 διαπηίας
1574 640 1719 674 διάστασις.
1747 645 1775 672 Εἰ
1791 645 1841 683 γὰρ
1859 646 1874 672 ὁ
1887 645 1922 672 τὸ

1088 688 1143 724 φῶς
1168 686 1234 724 ὁρῶν
1263 686 1293 712 τὸ
1322 685 1456 720 αἱσθήτὸν,
1489 684 1533 712 ἐὰν
1560 687 1653 725 μικρὸν
1681 688 1752 726 μύσῃ
1777 689 1838 720 τοὺς
1865 689 1921 728 ὀφ-

1087 729 1213 768 θαλμοὺς⁷
1229 729 1246 762 ἢ
1276 728 1463 767 κατακαλυφθῇ
1488 730 1594 761 τούτους
1624 730 1666 771 ὑᾷ
1695 732 1795 771 ἑτέρου,
1827 733 1920 773 ἄχθε-

1087 785 1129 802 ται
1143 775 1187 802 καὶ
1201 773 1337 812 λυπεῖται)
1365 774 1409 800 καὶ
1430 773 1516 812 φέρειν
1538 773 1607 806 ὅλως
1636 779 1713 804 τοῦτο
1737 777 1766 805 οὔ
1780 776 1888 806 δύναται
1910 788 1917 795 ·

1086 819 1130 846 καὶ
1165 817 1278 856 μάλιστα
1306 818 1350 845 ἐὰν
1377 817 1510 856 ἀναγκαῖά
1546 830 1603 847 τινα
1632 821 1675 848 καὶ
1709 820 1844 861 παράδοξα
1881 823 1919 856 ἦν

1087 865 1164 902 ὁρτῖλν1
1181 863 1257 899 πότι-’ρ
1281 861 1380 899 μᾶλλον
1404 863 1417 890 ὁ
1446 862 1472 889 ἐν
1499 863 1565 902 ἁγίῳ
1594 866 1770 904 φωτιζόμενος
1795 867 1919 904 Πνεύμα-

223 904 399 941 admirabile
414 908 804 948 aspicitetcontemplatur),
818 912 926 948 quanto
940 908 1040 948 magis,

1097 919 1121 943 ει1
1138 908 1180 935 καὶ
1196 908 1228 934 τὰ
1242 907 1326 945 ἀγαθᾶ
1340 906 1429 934 ἐκεῖνα
1457 908 1524 950 ὸρὲἶιν
1552 907 1620 948 ὕπαρ
1641 910 1685 937 καὶ
1700 914 1808 949 νοερῶς,
1826 910 1916 950 ἐγρη-

221 955 272 995 qui
302 953 412 994 Spiritu
442 956 544 983 sancto
572 952 747 990 illustratus,
778 952 856 983 bona
879 953 960 983 illius
977 963 1046 984 vere

222 999 315 1035 videt,
327 997 513 1036 etintelligit,
526 1001 556 1028 et
568 997 691 1036 vigilans
707 1001 737 1028 et
751 997 921 1028 dormiens:
944 1008 959 1028 c
974 997 1045 1033 Quae

220 1044 323 1074 oculus
340 1052 398 1073 non
414 1043 496 1079 vidit,
511 1046 541 1072 et
556 1042 636 1072 auris
665 1051 723 1072 non
753 1042 873 1079 audivit,
901 1047 931 1074 et
947 1042 976 1073 in
993 1052 1045 1073 cor

219 1087 349 1120 hominis
365 1097 422 1117 non
439 1087 641 1117 ascenderunt
655 1086 692 1117 η.
705 1086 735 1116 in
748 1096 813 1126 quae
823 1091 851 1117 et
862 1087 959 1126 angeli
972 1096 1044 1127 pro-

217 1141 334 1173 spicere
350 1131 521 1163 desiderant
535 1131 572 1168 ‘3,
603 1145 613 1158 ιι
640 1130 665 1161 si
680 1130 716 1161 ab
733 1132 838 1162 horum
855 1132 1041 1172 contempla-

219 1177 300 1208 tione
314 1176 351 1207 ab
367 1176 465 1216 aliquo
481 1175 758 1215 abstractusfuerit,
776 1176 999 1207 contristabitur
1014 1180 1042 1207 et

216 1222 363 1261 amigetur
375 1219 461 1261 (t6)?

260 1267 310 1298 88.
328 1265 412 1297 Multi
426 1264 603 1302 solitarium,
632 1264 682 1295 alii
712 1265 843 1303 mistum,
864 1265 891 1296 id
909 1269 962 1303 est,
981 1275 1043 1296 cce-

221 1311 384 1342 nobiticum
402 1310 468 1340 vitae
483 1319 577 1349 genus
591 1310 710 1340 beatum
726 1316 957 1342 numeraverunt
972 1322 979 1349 ;
995 1312 1045 1345 alii

221 1365 350 1397 praeesse
367 1356 485 1395 populo,
503 1355 676 1392 admonere,
690 1355 808 1391 docere,
823 1355 1045 1386 Ecclesiascon-

221 1400 346 1431 stituere
362 1403 391 1430 et
405 1398 556 1435 ordinare,
583 1398 663 1428 unde
688 1398 890 1438 compluribus
903 1399 1043 1430 alimonia

221 1453 279 1484 qua
294 1443 411 1483 animae,
428 1452 485 1482 qua
501 1442 634 1482 corporis
650 1441 738 1472 tribui
755 1442 840 1472 solet.
857 1442 916 1482 Ego
931 1443 1040 1473 nullum

220 1489 326 1519 horum
343 1487 428 1517 alteri
444 1487 634 1527 praztulerim,
667 1495 763 1526 neque
793 1487 847 1517 hoc
863 1487 1042 1518 laudandum

219 1531 547 1578 illud_vitupe.iandum
575 1530 725 1578 dixerim:
752 1532 926 1578 generatim.
960 1536 989 1562 et
1015 1533 1073 1578 inc

221 1575 361 1607 omnibus
404 1575 544 1615 operious
577 1574 802 1615 actionibusque
841 1576 899 1606 vita
925 1580 1044 1616 propter

218 1620 312 1652 Deum
326 1619 526 1650 etsecundum
540 1619 632 1650 Deum
646 1623 709 1649 acta
717 1619 804 1658 longe
812 1619 1042 1652 bealissimaest.

260 1666 310 1697 89.
328 1664 410 1696 Sicut
425 1663 549 1694 diversis
564 1662 674 1693 artibus
703 1672 736 1693 ac
767 1664 899 1694 scientiis
914 1664 971 1694 vita
985 1665 1043 1695 ltu-

220 1719 308 1740 mana
321 1708 503 1745 continetur,
536 1707 607 1738 dum
637 1708 712 1738 alius
740 1708 933 1746 hanc,,alius
962 1709 1040 1739 illam

220 1756 336 1793 tractat,
352 1753 500 1789 videlicet,
517 1756 606 1792 atque
623 1751 738 1782 confert
756 1756 786 1782 et
815 1752 951 1782 homines
977 1763 1042 1784 mu-

221 1802 302 1828 tuum
319 1797 584 1832 communicantes,
615 1796 782 1836 quibusque
810 1806 916 1837 corpus
931 1797 1043 1837 indiget

220 1842 347 1873 vicissim
363 1845 511 1878 navantes,
531 1841 570 1871 ita
584 1845 698 1871 mtatem
720 1841 876 1872 traducunt
893 1852 899 1871 :
916 1841 994 1872 idem
1010 1842 1042 1872 in

221 1886 425 1926 spiritualibus
439 1886 540 1916 videre
553 1886 632 1916 licet.
645 1884 782 1920 Quamvis
798 1886 877 1916 enim
893 1886 943 1917 alii
957 1886 1043 1917 aliam

221 1931 360 1962 virtutem
374 1930 521 1968 excolunt,
536 1930 625 1961 etalii
635 1929 691 1960 alia
702 1929 875 1961 vivendivia
889 1931 1041 1969 incedam,

262 2019 314 2051 12Ι
329 2022 396 2052 Cor.
413 2028 445 2061 Il,
462 2020 492 2052 9.
537 2019 562 2041 1³
576 2028 586 2051 I
601 2019 680 2052 Petr.
703 2028 723 2058 ι,
742 2020 791 2051 12.

260 2106 322 2144 (16)
338 2107 486 2136 Pontanus
502 2104 583 2135 addit
606 2104 733 2144 capitula
759 2105 813 2136 tria
830 2113 837 2135 :
871 2117 884 2132 α
900 2104 1041 2141 Quando-

1086 956 1172 992 γορῶν
1187 953 1231 979 καὶ
1260 950 1389 979 meadan
1407 959 1414 966 '
1449 963 1462 978 ‹‹
1485 944 1517 980 Ἃ
1546 953 1679 992 ὀφθαλμὸς
1710 956 1757 982 οὔχ
1781 954 1852 991 οἶδε,
1871 967 1908 983 κα

1086 997 1130 1028 οὖς
1145 999 1192 1026 οὒκ
1219 996 1325 1036 ἤκουσε,
1349 997 1393 1023 καὶ
1422 995 1463 1023 ἐπὶ
1493 995 1598 1036 καρδίαν
1627 998 1761 1037 ἀνθρώπου
1793 1001 1840 1028 οὒκ
1866 1000 1918 1028 ἆν-

1086 1041 1146 1082 ἐϐη,
1179 1051 1191 1070 i)
1222 1042 1259 1073 εἷς
1287 1041 1303 1068 ἃ
1331 1041 1483 1080 παρακύψαι
1526 1043 1569 1069 καὶ
1602 1042 1711 1081 ἄγγελοι
1743 1044 1917 1082 ἐπιθυμοῦσιν

1085 1086 1128 1114 ἐὰν
1158 1086 1316 1124 ἀποσπασθῂ
1345 1085 1374 1112 ἐκ
1402 1090 1449 1120 τῆς
1478 1089 1530 1114 τῶν
1563 1088 1687 1116 τοιούτων
1716 1090 1825 1128 Θεωρίας
1861 1090 1916 1118 ὑπό

1084 1141 1166 1165 τινος,
1197 1129 1376 1164 λυπηθήσεται
1411 1130 1455 1157 καὶ
1497 1129 1680 1172 ﬁliabus—tau;
1721 1134 1831 1165 θάνατος
1863 1135 1915 1174 γὰρ

1082 1176 1152 1211 αὗτῴ
1168 1174 1241 1203 δοκεῖ
1264 1179 1351 1210 τοῦτο,
1383 1174 1425 1202 καὶ
1446 1173 1617 1214 ἀλλοτρίως-ις
1646 1177 1753 1209 εἰκότως
1781 1181 1830 1211 τῆς
1846 1179 1912 1206 αἰω-

1084 1220 1140 1248 νίου
1155 1222 1236 1254 ζωῆς.

1126 1260 1186 1297 πη’,
1203 1263 1299 1292 Πολλοὶ
1313 1263 1359 1300 μὲν
1375 1264 1419 1291 τὸν
1443 1263 1580 1302 ἐρημικὸν,
1609 1264 1683 1292 ἄλλοι
1699 1265 1725 1293 δὲ
1738 1267 1784 1294 τὸν
1799 1266 1911 1306 μιγάδα,

1086 1309 1167 1348 ἤγουν
1180 1310 1225 1336 τὸν
1248 1307 1415 1336 κοινυϐιακὸν
1441 1308 1601 1348 ἐμακάρισαν
1629 1310 1696 1347 βίον,
1726 1310 1809 1350 ἕτεροι
1839 1311 1866 1339 δὲ
1882 1313 1913 1340 τὸ

1086 1355 1263 1393 προίστασθαι
1293 1352 1369 1388 λαοῇ
1399 1354 1529 1381 νουΘεῖεῗν
1559 1365 1586 1381 νε
1621 1355 1663 1382 καὶ
1697 1353 1836 1395 διδάσκειν⁷
1867 1358 1912 1384 καὶ

1086 1401 1206 1433 συνιστᾷν
1223 1396 1381 1430 Ἐκκλησίας
1437 1396 1461 1429 ἐξ
1492 1398 1528 1423 ὤν
1561 1397 1677 1437 διάφοροι
1707 1403 1866 1437 σωματικῶς
1882 1412 1911 1428 τε

1083 1443 1127 1470 καὶ
1157 1445 1279 1481 diu-Ludit;
1309 1441 1438 1480 πεφύκασι
1470 1440 1660 1481 διατρέφεσθαι,
1706 1442 1776 1483 Ἐγὼ
1811 1443 1838 1472 δὲ
1868 1447 1912 1474 οὒ-

1084 1485 1186 1526 δέτερον
1212 1486 1310 1514 τούτων
1338 1489 1383 1512 τοῦ
1419 1485 1506 1524 ἑτέρου
1547 1488 1714 1526 προκρίναιμι
1731 1497 1738 1506 ·
1777 1488 1834 1517 οὒδὲ
1863 1490 1910 1517 τὸν

1084 1531 1131 1568 μὲν
1148 1530 1264 1566 ἐπαίνου,
1280 1530 1324 1557 τὸν
1354 1528 1380 1556 δὲ
1410 1530 1493 1568 ψόγου
1522 1530 1591 1563 ἄξιον
1614 1532 1718 1569 εἴποιμι
1747 1532 1790 1573 ἂν,
1807 1532 1866 1560 ἀλλ’
1884 1533 1912 1561 ἐν

1085 1576 1161 1602 παντὶ
1183 1575 1226 1602 καὶ
1252 1574 1279 1602 ἐν
1306 1577 1385 1602 πᾶσιν
1407 1573 1493 1613 ἔργοις
1516 1576 1558 1602 καὶ
1584 1575 1717 1615 πράξεσιν,
1748 1579 1762 1606 ὁ
1788 1577 1829 1605 διὰ
1845 1579 1911 1606 Θεὸν

1085 1619 1128 1647 καὶ
1150 1619 1217 1647 κατὰ
1233 1619 1296 1647 Θεόν
1313 1619 1367 1656 βίος
1390 1619 1620 1658 παμμακάριστος,

1126 1658 1181 1694 πθ’,
1211 1663 1332 1702 Καθάπερ
1361 1662 1391 1690 ἐκ
1419 1661 1548 1702 διαφόρων
1590 1669 1636 1693 τοῦ
1670 1665 1726 1703 βίου
1755 1665 1911 1702 ἐπιστημῶν

1084 1708 1128 1735 καὶ
1142 1709 1246 1747 τεχνῶν
1271 1708 1285 1735 ὁ
1306 1710 1359 1734 τῶν
1391 1706 1533 1746 ἀνθρώπων
1562 1708 1618 1746 βίος
1647 1709 1809 1746 συνίσταται,
1827 1709 1910 1737 ἄλλοι)

1084 1752 1169 1785 ἄλλην
1213 1751 1388 1791 ἐργαζομένου
1436 1751 1557 1784 δηλονότι
1603 1764 1646 1791 καὶ
1681 1754 1907 1794 συνεισφέροντος,

1083 1798 1126 1825 καὶ
1156 1796 1281 1832 ἀ7λήλοις
1309 1796 1376 1824 οὕτω
1414 1795 1606 1834 μεταδιδόντες,
1646 1799 1688 1826 καὶ
1722 1798 1748 1831 ἐξ
1783 1798 1910 1834 ἀλλήλων

1084 1840 1330 1880 μεταλαμϐάνοντες
1353 1844 1430 1876 ζῶσιν
1458 1842 1480 1868 οἱ
1505 1840 1645 1882 ἅνθρωποι,
1677 1843 1723 1874 τὰς
1753 1845 1909 1881 σωματικὰς

1085 1887 1176 1926 χρείας
1199 1889 1232 1924 τῇ
1259 1886 1332 1926 φύσει
1359 1885 1521 1925 παρέχοντες
1539 1895 1546 1902 ’
1578 1887 1660 1918 οὕτως
1690 1887 1759 1916 ἔστιν
1774 1887 1839 1917 ἰδεῖν
1865 1891 1910 1918 καὶ

1085 1931 1127 1959 ἐπὶ
1150 1933 1203 1959 τῶν
1230 1933 1413 1967 πνευματικῶν
1430 1937 1437 1945 ⁸
1469 1930 1548 1959 ἄλλου
1577 1931 1660 1966 ἄλλην
1688 1932 1784 1973 ἀρετὴν
1804 1933 1909 1971 μετιόν-

1083 2104 1234 2148 incursus,
1250 2103 1329 2134 bella
1344 2108 1372 2148 et
1388 2113 1501 2144 pugnas
1516 2105 1664 2148 somniat:
1679 2110 1787 2148 etcum
1801 2107 1908 2148 quibus

219 2145 339 2187 quidem
356 2145 512 2187 bipartitus
526 2150 570 2175 est
584 2145 685 2187 homo,
702 2154 738 2175 ex
760 2154 885 2187 corpore
900 2145 1040 2187 nimirum
1084 2144 1172 2187 habet
1185 2145 1429 2187 controversiam,
1448 2145 1575 2187 cum_iis
1604 2146 1687 2187 quasi
1714 2147 1791 2187 apud
1808 2144 1907 2179 fribu-

219 2184 248 2217 ἐι
262 2186 361 2217 anima
377 2184 675 2230 compositushetiam
690 2184 819 2230 mundus
828 2185 854 2215 ei
867 2185 1076 2217 convenien-D
1087 2185 1163 2215 nalia
1176 2184 1362 2230 digladiatur.
1377 2185 1429 2230 Sin
1440 2194 1508 2225 pars
1519 2185 1580 2225 illa,
1651 2195 1708 2225 qua
1723 2184 1801 2230 viget
1816 2189 1904 2230 ratio,

218 2235 264 2257 ter
279 2231 396 2257 creatus
412 2225 465 2263 est,
483 2225 666 2266 visibilis,ret
681 2225 797 2266 utrique
807 2226 924 2266 horum.
937 2235 1039 2265 opera,

219 2271 248 2297 et
262 2275 340 2297 cura;
355 2275 478 2306 operum
492 2271 566 2306 aptae
582 2269 610 2306 et
625 2265 740 2295 idoneae
767 2265 943 2296 distributae.
961 2266 1043 2301 Quod

219 2307 307 2337 etiam
325 2307 362 2336 de
374 2305 444 2337 visis
459 2310 488 2336 et
503 2305 628 2336 somniis
654 2314 754 2335 verum
769 2315 835 2336 esse
850 2310 1042 2337 censuerunt.

1086 2225 1252 2264 arrogantia
1268 2229 1296 2255 et
1312 2225 1450 2263 superbia
1473 2235 1539 2256 sese
1562 2225 1653 2265 tollat,
1671 2231 1732 2257 tum
1749 2225 1860 2258 volatus
1877 2225 1906 2260 in

1086 2265 1319 2307 aera,sub|imes
1336 2266 1467 2303 thronos,
1482 2266 1656 2307 populorum
1671 2267 1863 2307 principatus,
1876 2268 1907 2300 in

1086 2305 1223 2336 cuiribus
1237 2305 1544 2350 aliospraecedentes,
1574 2306 1649 2337 alios
1671 2305 1837 2348 sequentes
1852 2319 1906 2349 per

217 2347 251 2378 1n
269 2346 377 2387 quibus
392 2346 471 2377 enim
489 2355 572 2387 mens
599 2345 722 2385 vigilans
751 2350 796 2376 est
824 2353 978 2387 occupata,
995 2351 1044 2387 aut
1085 2355 1222 2387 somnum
1235 2345 1422 2383 imaginatur.

216 2386 372 2424 volutatur,
389 2387 420 2417 in
436 2387 482 2417 his
495 2386 565 2416 item
583 2395 635 2425 per
654 2395 791 2416 somnum
811 2390 859 2416 aut
870 2395 943 2416 vane
957 2386 1040 2425 ludit,

217 2432 266 2457 aut
284 2427 520 2467 philosophatur.
550 2426 621 2467 Sive,
640 2425 784 2467 enimdde
800 2426 937 2467 humanis
952 2426 1041 2457 rebus

220 2471 264 2497 est
280 2465 416 2504 sollicita,
435 2467 510 2497 l'utili
525 2466 643 2505 negotio
672 2465 772 2496 dedita
800 2466 928 2496 somniat
945 2475 951 2497 :
980 2467 1040 2497 sive

217 2507 318 2538 divina
333 2513 361 2538 et
376 2507 505 2538 coelestia
513 2507 683 2543 meditetur,
696 2506 756 2536 visa
767 2506 996 2546 comtemplatur
1011 2511 1039 2537 et

216 2548 248 2578 in
264 2547 427 2578 visionibus
444 2547 606 2578 secundum
637 2547 788 2587 prophetas
815 2546 937 2577 verbum
954 2557 1039 2577 com-

217 2592 378 2619 mentatur:
392 2589 431 2619 Et
436 2589 564 2626 juvenes
574 2587 666 2618 vestri
678 2589 804 2617 visiones
815 2587 957 2618 videbunt
969 2587 1040 2622 (Ιοθί

215 2636 247 2666 ll,
265 2629 329 2669 28),
346 2638 404 2658 non
420 2629 545 2667 decepta
558 2628 645 2669 :_sed
675 2627 846 2669 veritatibus
870 2627 993 2666 intenta,
1011 2632 1040 2658 et

215 2667 448 2700 revelationibus
465 2668 500 2698 ad
514 2667 697 2698 credendum
712 2667 895 2698 conﬁrmaia.

259 2722 272 2736 ει
287 2709 411 2745 Quando
429 2718 496 2749 pars
511 2708 628 2743 animze,
644 2708 676 2749 in
706 2717 765 2747 qua
779 2711 848 2749 sunt
864 2707 1039 2747 cupiditates

216 2753 247 2780 et
261 2749 403 2780 libidines
419 2748 545 2786 conﬁxa,
563 2752 592 2778 et
615 2748 650 2778 ad
677 2748 914 2778 commistionem
930 2757 1037 2788 corpo-

213 2798 290 2830 rum.
309 2790 446 2830 delicias,
462 2790 684 2830 voluptatesque
714 2788 813 2830 hujus
832 2788 1038 2830 vitaaﬁirritata

211 2829 313 2866 fuerit,
330 2829 399 2860 talia
413 2828 552 2861 similiter
577 2828 608 2859 in
639 2828 753 2860 somnis
767 2828 866 2859 anima
879 2828 967 2859 videt.
985 2828 1036 2860 Sin

214 2878 282 2909 pars
295 2869 428 2901 irascens
442 2870 600 2901 adversum
629 2869 720 2907 cives,
751 2872 781 2899 et
809 2868 990 2900 contribules
1004 2869 1035 2900 in

213 2909 334 2941 modum
351 2909 456 2942 bellua:
471 2909 622 2946 etferatur,
649 2909 777 2940 ferarum
807 2913 836 2940 et
849 2909 1031 2950 serpentium

1125 2396 1139 2416 ›
1158 2385 1278 2416 Illorum
1295 2386 1497 2417 tantummodo
1509 2395 1578 2416 vera
1593 2390 1661 2417 sunt
1675 2386 1736 2418 visa
1754 2387 1831 2425 (quae
1846 2398 1904 2420 non

1082 2426 1209 2456 somnia.
1220 2426 1271 2456 sed
1282 2426 1409 2456 visiones
1422 2426 1656 2466 etapparitiones
1663 2426 1902 2466 vocaridebent),

1081 2475 1206 2509 quorum
1223 2475 1307 2509 mens
1322 2476 1357 2497 ex
1372 2466 1498 2509 adventu
1523 2469 1616 2498 sancti
1643 2466 1770 2507 Spiritus
1786 2469 1903 2509 stmpli-

1080 2508 1211 2548 citatem,
1229 2506 1309 2548 etab
1325 2506 1405 2548 omni
1420 2507 1506 2538 turba
1529 2517 1562 2537 ac
1578 2506 1718 2538 servitute
1735 2506 1902 2548 passionum

1082 2546 1247 2587 libertatem
1264 2547 1399 2583 invenit;
1415 2556 1540 2587 qnorum
1557 2548 1587 2578 in
1603 2548 1693 2578 rebus
1706 2546 1812 2579 divinis
1827 2553 1856 2579 ct
1873 2550 1903 2580 in

1081 2586 1186 2633 futuris
1203 2587 1403 2633 praemiorum,
1425 2586 1698 2633 suppliciorumque
1706 2589 1903 2633 _mercedibus

1081 2626 1261 2658 meditandis
1283 2626 1545 2670 expendendisque
1562 2626 1658 2670 omne
1673 2629 1764 2670 otium
1775 2633 1903 2670 tempus-

1081 2676 1138 2707 que
1167 2667 1377 2708 consumitur;
1420 2667 1545 2708 quorum
1587 2669 1647 2699 vita
1684 2669 1809 2699 aliorum
1838 2667 1902 2701 vita

1080 2711 1209 2748 praestat,
1240 2707 1438 2738 distractione
1474 2713 1503 2739 et
1545 2708 1745 2740 sollicitudine
1783 2719 1900 2748 vacans,

1080 2747 1191 2787 quieta,
1206 2757 1290 2786 pura,
1306 2748 1393 2787 plena
1417 2748 1639 2785 misericordiae,
1653 2749 1828 2788 cognitionis
1838 2747 1901 2781 c034

1079 2787 1194 2829 lcstium
1212 2792 1240 2817 et
1252 2787 1396 2829 bonorum
1410 2789 1568 2825 fructuum,
1581 2799 1656 2829 quos
1667 2787 1795 2829 Spiritus
1807 2791 1901 2822 sancti

1078 2827 1193 2858 cultura
1203 2828 1350 2869 produxit.
1364 2828 1419 2865 Qui
1427 2829 1484 2860 alia
1493 2829 1538 2860 via
1549 2827 1767 2869 ingrediuntur,
1779 2838 1900 2862 eorum-

1077 2877 1136 2908 que
1151 2867 1256 2908 omnia
1266 2867 1350 2908 falsa,
1367 2869 1502 2907 confusa,
1531 2876 1561 2901 et.
1576 2867 1716 2901 universe
1731 2867 1805 2902 nihil
1820 2871 1900 2903 aliud

1075 2907 1163 2949 quam
1179 2907 1500 2950 manifesta'deceptio.
1521 2922 1534 2940 »
