1982 3075
65 209 126 246 653

749 211 886 246 CAPITA
910 211 1093 247 MORALIA.

1697 213 1755 248 654

64 291 120 318 τος,
137 281 183 309 καὶ
208 280 296 320 ἑτέρου
319 279 408 320 ἑτέραν
436 280 492 319 βίου
523 279 583 308 ὁδὸν
611 279 771 318 διανύοντος,
795 281 830 312 εἷς
845 280 891 309 ἕνα

945 291 1038 313 imnes
1052 285 1152 314 tamen
1168 283 1306 325 utrinque
1333 283 1370 314 ad
1387 283 1525 315 eumdem
1541 293 1664 325 scopum
1682 293 1756 316 con-

64 326 165 354 σκοπὸλ
194 325 219 358 ἐξ
254 325 408 366 ἀμφοτέρων
446 325 552 354 πάντων
595 326 694 354 τούτων
734 327 757 354 οἱ
796 325 893 358 πάντες

63 370 265 411 συντρέχουσιν.

101 412 144 454 ζ’,
162 417 267 447 Σκοπὸς
283 415 388 444 πάντων
416 418 468 444 τῶν
498 415 566 443 κατᾶ
598 416 662 444 Θεὸν
678 414 890 453 πολιτευομένων

60 461 130 489 ἐστὶν
159 462 190 489 τὸ
219 463 389 500 εὖαρεστῆσαι
425 463 530 499 Χριστῷ
558 463 596 497 τῷ
626 464 684 498 Θεῷ
710 461 790 498 ἡμῶν
808 468 815 475 ⁸
846 460 891 488 καὶ

62 506 110 539 τὴν
139 504 311 544 καταλλαγὴν
335 503 378 534 διὰ
405 507 454 537 τῆς
484 508 530 532 τοῦ
568 507 721 542 Πνευματος
752 504 890 542 μετουσίας

61 552 128 590 πρὸς
152 551 198 578 τὸν
221 549 323 589 Πατέρα
350 547 442 577 λαϐεῖν
461 559 468 565 ·
492 550 537 577 καὶ
567 549 615 582 τὴν
645 550 745 577 ἑαυτῶν
761 549 892 588 σωτηρίαν

62 594 105 624 διὰ
119 600 197 624 τοῦτο
212 594 366 634 πορίσασθαι
383 603 389 609 ·
415 597 493 621 τοῦτο
524 594 574 633 γὰρ
602 594 691 627 πάσης
721 596 813 634 ψυχῆς
841 604 893 620 σω-

62 641 140 679 τηρία
155 640 224 667 ἐστίν
242 633 253 655 ’ν
279 640 309 667 οὗ
338 638 377 676 μὴ
406 638 557 677 γινομένου,
588 639 663 670 κενὸς
692 640 706 666 ὁ
737 638 832 674 κόπος,
848 633 893 665 καἶ

63 685 164 722 ματαία
177 685 195 718 ἡ
211 684 318 723 ἐργασία
337 684 413 721 ἡμῶν
431 691 438 698 ·
463 683 590 716 ἀνόνητός
606 693 633 711 τε
650 687 721 712 πᾶσα
737 683 792 722 βίου
817 682 888 721 ὁδὸς,

63 730 81 762 ἡ
97 729 136 766 μὴ
153 729 217 768 πρὸς
231 733 308 757 τοῦτο
322 729 368 756 τὸν
384 727 410 755 ἐν
424 729 491 766 αὒτῇ
506 727 637 768 τρέχοντα
652 727 775 767 φέρουσα,

107 811 167 856 ζαί
191 807 291 846 νΕοικεν
319 818 333 845 6
361 817 406 844 τὸν
434 816 534 854 κόσμον
568 816 671 844 ἅπαντα
714 815 887 854 καταλείψας,

64 863 131 902 πρὸς
153 863 184 890 τὸ
199 861 258 901 ὄρος
277 861 305 889 δὲ
334 862 370 893 ὡς
395 862 460 901 πρὸς
483 860 597 901 ἡσυχίαν
625 860 816 901 ἀναχωρήσας,
838 861 890 889 κά-

64 908 154 935 κεῖθεν
189 905 370 938 ἐπιδεικτικῶς
401 906 508 946 γράφων
537 906 603 945 πρὸς
643 906 703 937 τοὺς
732 905 759 933 ἐν
785 906 889 944 κόσμῳ,

935 331 1067 359 currunt.

973 413 1022 445 90.
1047 412 1160 454 Scopus
1184 417 1213 445 et
1241 413 1398 445 consilium
1429 414 1561 445 omnium
1590 414 1755 446 secundum

931 457 1026 489 Deum
1039 458 1216 489 certantium
1236 462 1291 495 est,
1309 458 1424 489 Christo
1438 459 1499 491 Deo
1514 459 1711 500 complacare,
1728 463 1757 491 et

933 512 988 542 per
999 503 1298 534 communicationem
1317 502 1445 544 Spiritus
1471 504 1564 535 sancti
1577 503 1671 535 Patris
1686 513 1755 544 gra-

933 547 1003 578 tiam
1018 557 1210 588 recuperare,
1228 557 1282 588 per
1307 547 1505 588 eumdemque
1531 550 1655 580 salutem
1673 559 1755 580 suam

936 601 1112 633 comparare
1140 596 1170 623 et
1195 591 1376 632 acquirere:
1406 592 1436 623 in
1467 593 1523 625 hoc
1551 596 1630 624 enim
1660 593 1756 624 omnis

934 636 1052 671 animae,
1070 641 1098 667 et
1113 636 1242 676 cujusvis
1270 637 1400 667 hominis
1426 639 1505 668 sa'us
1531 638 1586 668 sita
1600 643 1654 669 est.
1672 637 1755 674 Quod

934 681 990 712 nisi
1002 681 1061 722 ﬁat,
1075 682 1171 713 inanis
1183 687 1228 713 est
1239 681 1334 720 labor,
1348 686 1377 712 et
1395 691 1499 713 vanum
1514 692 1588 723 opus
1600 688 1732 714 nostrum
1746 693 1753 714 :

932 725 1148 757 infructuosum
1165 736 1255 758 omne
1271 726 1327 758 iter
1341 727 1417 765 vitae,
1444 727 1522 768 quod
1540 727 1570 759 in
1586 737 1621 758 ea
1633 736 1756 760 curren-

933 774 992 802 tem
1009 771 1066 802 huc
1082 780 1141 801 non
1157 771 1289 804 deducit.

971 815 1021 847 9t.
1039 814 1105 853 Qui,
1124 819 1184 846 toto
1201 816 1310 846 mundo
1327 816 1441 854 relicto,
1459 816 1567 857 quietis
1582 816 1704 856 agenda
1718 817 1754 848 ad

933 864 1063 890 montem
1079 860 1214 898 secessit,
1244 860 1372 901 indeque
1400 861 1638 892 Ostentabundus
1653 861 1688 892 ad
1706 870 1758 893 eos

932 905 982 945 qui
997 904 1027 936 in
1044 905 1153 936 mundo
1167 913 1238 936 sunt
1262 905 1375 943 scribit,
1406 906 1540 946 aliosque
1556 906 1659 937 beatos
1677 916 1753 947 pra:-

63 952 123 982 τοὺς
146 951 195 989 μὲν
224 951 384 990 μακαρίζων,
413 950 473 982 τοὺς
503 949 530 978 δὲ
565 949 715 978 κολακεύων
744 951 789 978 καὶ
817 950 887 978 ἐπαι-

945 949 1021 991 licet,
1037 950 1111 981 alios
1125 950 1234 983 laudat.
1265 955 1293 981 et
1322 950 1380 981 illis
1407 951 1555 989 adulatur,
1583 951 1673 983 alicui
1689 961 1755 982 cum

66 999 130 1034 νῶν,
147 999 186 1032 τῷ
205 996 328 1034 γυναικὸς
353 996 465 1035 πόρνης,
488 993 636 1032 δυσείμονος
666 1006 695 1023 τε
725 995 769 1023 καὶ
790 995 896 1035 παγκά-

66 1052 114 1069 κου
142 1039 331 1080 διαζευχθέντι,
361 1040 405 1067 καὶ
435 1040 470 1071 εἰς
500 1039 591 1079 χώραν
620 1040 723 1079 μακρὰν
753 1038 894 1078 ἀποδημή-

67 1096 155 1122 σαντι,
171 1085 236 1124 πρὸς
251 1085 281 1112 τὸ
296 1083 482 1123 ἀπαλλαγῆναι
506 1084 550 1111 καὶ
578 1086 627 1117 τῆς
656 1085 766 1122 μνήμης
783 1086 864 1119 αὐτῆς
883 1092 890 1099 ⁸

67 1130 130 1158 εἶτα
145 1128 327 1167 ἒπιλαθομέψρ
355 1129 400 1156 τὸν
429 1128 540 1167 σκοπὸν,
563 1127 597 1155 δι’
625 1128 655 1156 ὃν
683 1129 714 1157 τὸ
728 1129 787 1168 ὅρος
799 1140 892 1157 κατει-

66 1174 148 1214 ληφε,
178 1174 222 1202 καὶ
245 1174 311 1209 πρὸς
337 1173 396 1204 τοὺς
426 1175 460 1211 τῇ
487 1172 572 1212 πόρνῃ
603 1172 689 1211 ἐκείνῃ
716 1184 892 1213 συναναστρε-

67 1218 209 1259 φομένους,
238 1216 276 1245 ἵν’
306 1218 387 1254 εἴπω⁷
427 1217 472 1245 καὶ
513 1217 750 1255 συμμιαινομένους
786 1219 894 1258 γράφειν

68 1262 230 1303 ὀρεγομένῳ,
253 1263 296 1290 καὶ
310 1262 402 1293 αὖτοὺς
424 1261 604 1301 μακαρίζοντι,
635 1262 663 1294 ὃς
692 1263 714 1290 εί
742 1263 837 1300 καὶμὴ
858 1267 896 1300 τῷ

69 1308 186 1348 σώματι³
213 1306 281 1335 ἄλλα
305 1309 339 1344 τῇ
363 1305 453 1346 καρδίᾳ
480 1307 585 1338 πάντως
615 1307 658 1335 καὶ
687 1310 724 1344 τῷ
752 1309 795 1335 vo‘t
825 1319 895 1345 συμ-

71 1352 184 1392 πᾶσχει,
208 1351 238 1379 ἐκ
266 1351 412 1390 προθέσεως
437 1351 498 1383 τοὺς
520 1351 655 1382 τοιούυους
684 1349 894 1392 ἀποδεχόμενος,

72 1397 149 1425 οἱονεὶ
164 1398 213 1428 τῆς
229 1394 286 1434 μετ’
302 1395 403 1429 ἐκείνης
419 1395 505 1423 αὐτῶν
520 1398 690 1434 συμπλοκῆς.

113 1436 174 1480 (β’.
194 1433 261 1478 1δσῳ
276 1442 300 1469 οἱ
315 1440 342 1469 έν
357 1441 430 1478 μέσῳ
452 1445 499 1470 τοῦ
526 1441 626 1479 κόσμου
652 1442 835 1483 στρεφόμενοι,
852 1446 896 1474 καὶ

71 1486 257 1526 καθαρεύοντες
286 1486 333 1517 τὰς
362 1486 502 1524 εἰσθήσεις,
542 1487 585 1514 καὶ
625 1487 672 1518 τὰς
708 1485 813 1526 καρδίας
842 1487 895 1514 ἀπὸ

71 1531 161 1565 πάσης
190 1534 308 1570 πονηρᾶς
337 1530 484 1568 ἐπιθυμίας,
525 1531 657 1560 ἐπαινεταὶ
685 1532 728 1559 καὶ
757 1531 892 1570 μακάριοι,

937 994 1047 1026 femina
1058 995 1227 1032 fornicaria,
1240 1005 1381 1036 pannosa,
1390 997 1560 1036 etpessima,
1572 997 1720 1038 copulato,
1728 1001 1759 1028 et

937 1039 966 1071 in
983 1040 1136 1080 regionem
1147 1040 1348 1080 longinquam,
1360 1041 1396 1071 ad
1407 1041 1601 1080 etl‘ugiondam
1614 1042 1679 1082 ejus
1689 1050 1760 1072 con-

932 1084 1128 1124 iunctionem,
1145 1088 1232 1125 atque
1257 1084 1331 1115 adeo
1357 1085 1529 1115 memoriam
1560 1095 1685 1126 peregre
1700 1088 1756 1118 ab-

934 1128 1027 1159 eunti:
1040 1128 1148 1160 deinde
1158 1128 1249 1160 oblito
1256 1137 1358 1169 scopo,
1368 1133 1580 1169 propterquem
1588 1130 1617 1160 in
1625 1134 1754 1162 montem

934 1173 1058 1210 venerit,
1075 1173 1110 1204 ad
1129 1183 1180 1204 eos
1195 1174 1245 1214 qui
1270 1183 1337 1204 cum
1366 1178 1464 1205 scorto
1495 1174 1545 1205 illo
1559 1180 1715 1206 versantur
1729 1179 1759 1206 et

937 1221 969 1248 ut
985 1217 1024 1248 ita
1039 1217 1146 1255 dicam,
1163 1227 1230 1249 cum
1246 1227 1281 1249 eo
1296 1226 1353 1249 una
1367 1218 1548 1258 polluuntur,
1563 1219 1671 1260 cupide
1682 1219 1759 1251 scri-

937 1263 1037 1300 bente,
1063 1267 1092 1294 et
1116 1272 1167 1294 eos
1182 1267 1212 1293 ut
1229 1262 1333 1294 beatos
1347 1263 1496 1294 exlollenti
1512 1263 1617 1294 similis
1629 1264 1757 1296 videtur.

937 1306 992 1343 Qui
1008 1311 1037 1338 et
1062 1307 1087 1338 si
1103 1317 1161 1338 non
1189 1317 1324 1348 corpore,
1354 1307 1454 1338 animo
1484 1308 1602 1348 quidem
1621 1314 1710 1345 certe,
1729 1313 1760 1339 et

937 1351 1027 1381 corde
1041 1350 1106 1392 ipso
1122 1351 1256 1382 similiter
1274 1351 1332 1382 illis
1342 1352 1478 1386 afficitur,
1495 1361 1658 1393 eorumque
1673 1362 1758 1384 com-

937 1395 1040 1436 plexus
1056 1395 1241 1426 meretricios
1257 1396 1399 1436 approbat
1414 1396 1643 1437 quodammodo.

976 1440 1026 1472 92.
1043 1440 1135 1476 Quam
1153 1441 1239 1471 valde
1256 1443 1283 1471 in
1301 1441 1399 1471 medio
1415 1441 1525 1472 mundo
1541 1441 1681 1478 viventes,
1691 1451 1760 1473 sen-

937 1493 1057 1525 Susque,
1074 1490 1104 1516 et
1119 1486 1207 1516 corda
1223 1495 1276 1516 sua
1300 1485 1336 1516 ab
1365 1485 1446 1516 omni
1474 1486 1575 1517 νὶῑίοείι
1600 1486 1759 1526 cupiditate

937 1533 1094 1569 purgantes
1109 1529 1260 1566 laudandi,
1278 1534 1306 1560 et
1322 1540 1374 1570 pro
1385 1529 1478 1561 beatis
1490 1530 1686 1571 praedicandi:
1700 1535 1758 1562 tam

70 1576 189 1613 τοσούτῳ
203 1577 226 1603 οἱ
241 1575 268 1603 ἐν
297 1576 367 1615 δρεσι
395 1576 439 1604 καὶ
460 1575 600 1609 σπηλαίοις
630 1575 836 1613 ἐνδιαιτώμενοι,
867 1571 891 1603 όῖ

945 1573 1032 1611 valde,
1049 1574 1099 1614 qui
1114 1574 1143 1604 in
1161 1575 1312 1605 montibus
1341 1578 1371 1605 et
1400 1575 1553 1615 speluncis
1569 1575 1713 1610 habitant,
1733 1576 1759 1606 si

71 1625 122 1649 τῶν
151 1621 264 1649 ἐπαίνων
298 1621 342 1648 καὶ
372 1623 544 1658 μακαρισμῶν
574 1620 686 1660 ἐφίενται
713 1623 765 1648 τῶν
794 1620 891 1659 ἀνθρώ-

948 1618 1050 1655 audes,
1068 1618 1293 1658 praedicationes
1320 1622 1348 1649 et
1372 1618 1496 1658 gloriam
1516 1619 1668 1649 hominum
1684 1629 1758 1649 con-

70 1678 140 1706 πων,
171 1666 264 1703 ψεκτοὶ
291 1666 335 1693 καὶ
366 1663 514 1698 ἀπόϐλητοι
531 1672 538 1680 ⁸
569 1666 606 1697 ὡς
645 1665 695 1705 γὰρ
723 1666 891 1705 μοιχεύοντες

945 1663 1099 1703 :upiscant,
1118 1663 1314 1703 vituperandi,
1347 1667 1375 1695 et
1403 1663 1564 1703 abjiciendi
1579 1668 1670 1695 sunt:
1691 1673 1758 1694 nam

72 1711 142 1750 παρᾶ
168 1714 206 1748 τῷ
233 1711 280 1742 τὰς
315 1708 420 1749 καρδίας
450 1711 526 1747 ἡμῶν
551 1710 686 1749 ἐρευνῶντι
714 1712 772 1747 Θεῴ
792 1708 891 1737 ἔσονται

945 1707 1013 1747 Ipud
1027 1707 1120 1738 Deum
1137 1708 1187 1748 qui
1203 1712 1351 1739 scrutatur
1375 1708 1465 1739 corda
1481 1713 1589 1744 nostra,
1606 1708 1759 1739 adultero-

73 1757 86 1784 ὁ
115 1756 166 1795 γὰρ
193 1754 326 1793 ἐπιθυμῶν
355 1754 513 1787 ἀκουσθῆναι
538 1755 582 1782 τὸν
597 1755 652 1792 βίον
683 1755 771 1794 αὒτοῦ,
801 1755 845 1782 καὶ
866 1754 891 1782 τὲ

945 1761 1002 1782 rum
1018 1753 1082 1783 loco
1095 1757 1192 1784 erunt.
1206 1752 1260 1789 Qui
1272 1752 1350 1783 enim
1371 1753 1458 1783 vitam
1481 1762 1575 1790 suam,
1594 1757 1622 1784 et
1637 1763 1758 1790 nomen,

76 1799 171 1838 ὄνομα,
186 1800 230 1828 καὶ
245 1799 294 1832 τὴν
321 1798 455 1827 πολιτείαν
486 1798 512 1827 ἐν
538 1799 576 1836 τῷ
603 1799 707 1838 κόσμῳ,
732 1798 891 1838 ἔῑκπορνεύει1

945 1802 967 1828 3t
991 1797 1124 1828 instituta
1135 1799 1164 1828 in
1189 1807 1240 1828 ora
1255 1797 1407 1828 hominum
1424 1797 1528 1829 venire
1556 1797 1705 1828 desiderat
1719 1798 1758 1835 η,

73 1845 141 1873 κατὰ
155 1845 201 1872 τὸν
222 1843 304 1874 πάλαι
318 1846 370 1871 τῶν
385 1842 517 1872 Ἰουδαίων
530 1842 594 1871 λαὸν
609 1843 753 1884 ἀπὸιθεου,
766 1842 802 1874 ὥς
817 1854 891 1883 φησιν

945 1842 1164 1882 velutantiquus
1174 1842 1225 1873 ille
1237 1841 1405 1874 Iudaeorum
1426 1842 1552 1883 populus
1562 1851 1578 1872 a
1591 1841 1649 1873 Deo
1665 1842 1759 1873 forni-

74 1891 88 1918 6
105 1888 196 1921 Δαϐίδ.

945 1890 1030 1924 ratur,
1047 1890 1079 1917 ut
1093 1886 1188 1927 inquit
1199 1886 1290 1917 David
1304 1887 1344 1918 i5.

115 1928 176 1973 ζ’γ’.
208 1929 237 1963 Ὀ
260 1934 343 1962 πίστει
370 1937 405 1972 τῇ
433 1934 497 1973 πρὸς
526 1933 572 1961 τὸν
601 1932 665 1960 Θεὸν
691 1931 838 1969 ἆδιστάκτῳ
858 1935 891 1969 τᾷ

979 1931 1029 1962 93.
1047 1930 1102 1967 Qui
1118 1931 1176 1962 ﬁde
1191 1936 1284 1969 certa,
1314 1941 1348 1962 ac
1377 1930 1462 1961 ﬁrma
1493 1931 1522 1961 in
1539 1929 1645 1969 Deum,
1663 1930 1761 1962 valere

72 1979 167 2017 κόσμῳ
200 1980 244 2007 καὶ
271 1985 330 2010 τοῖς
359 1978 390 2006 ἐκ
419 1978 511 2016 κόσμῳ
539 1977 749 2014 ἀποταξάμενος,
780 1977 891 2004 πιστεύει

945 1976 1092 2012 mundum,
1111 1980 1139 2006 et
1153 1985 1220 2006 suas
1235 1975 1291 2006 sibi
1307 1985 1355 2007 res
1370 1975 1586 2015 haberejussit,
1604 1975 1762 2006 Dominum

71 2023 112 2051 ὅτι
128 2023 252 2060 ἐλεήμων
271 2023 325 2051 ἐστὶ
348 2023 393 2051 καὶ
419 2023 558 2061 εἱκτίρμων
586 2023 600 2050 6
630 2021 735 2061 Κύριος,
758 2021 802 2048 καὶ
817 2032 891 2061 προσ-

945 2030 1005 2052 esse
1022 2020 1258 2058 misericordem,
1276 2024 1304 2051 et
1326 2020 1419 2060 pium,
1445 2024 1476 2051 et
1490 2019 1520 2050 in
1537 2020 1709 2059 paenitentia
1725 2020 1761 2051 ad

72 2067 181 2107 δέχεται
224 2068 284 2099 τοὺς
324 2067 350 2095 ὲν
393 2067 517 2105 μετανοίᾳ
557 2066 786 2106 προσερχομένους
814 2067 891 2103 αὐτῷ1

945 2066 1036 2106 ipsum
1055 2064 1232 2096 accedentes
1247 2064 1401 2105 suscipere
1417 2064 1521 2094 credit.
1540 2064 1674 2104 Cumque
1690 2065 1763 2095 sciat

75 2111 150 2144 εἰδὼς
167 2110 200 2140 δι’
217 2112 323 2150 ἀτιμίας
350 2115 429 2149 τιμᾷν
455 2112 515 2143 τοὺς
544 2109 650 2142 δούλους
672 2111 760 2148 αὺτοῦ,
791 2111 834 2138 καὶ
856 2109 891 2138 διδ

945 2110 1077 2141 eumdem
1094 2109 1191 2140 solere
1203 2118 1302 2139 servos
1327 2118 1396 2139 suos
1422 2117 1475 2148 per
1503 2109 1692 2148 ignominiam
1705 2109 1760 2139 ho-

72 2157 212 2197 πτωχείας
248 2156 329 2196 ἄκρας
357 2155 502 2191 πλουτιζειν
532 2155 638 2192 αὐτοὺς,
666 2156 709 2183 καὶ
737 2153 771 2182 δι’
800 2153 891 2194 ὖϐρεωι

945 2163 1058 2191 norare,
1086 2163 1139 2194 per
1167 2162 1311 2184 summam
1342 2157 1545 2194 paupertatem
1573 2153 1678 2192 ditare,
1710 2163 1764 2194 per

72 2202 117 2230 καὶ
145 2199 338 2234 ἐξουδενώσεων
365 2199 479 2236 δοξάζειν
506 2199 609 2236 αὖτοὺς,
647 2199 690 2227 καὶ
718 2198 760 2227 διὰ
787 2199 891 2227 θανά-τοι

945 2199 1080 2239 injuriam
1094 2203 1122 2229 et
1132 2202 1332 2238 contemptum
1346 2198 1522 2239 gloriﬁcare,
1533 2202 1562 2230 et
1575 2207 1628 2239 per
1639 2202 1763 2229 mortem

72 2249 122 2278 τῆς
139 2245 244 2273 αἰωνίου
271 2247 341 2280 ζωῆς
366 2245 499 2284 μετόχους
527 2245 619 2275 αὐτοὺς
647 2244 691 2271 καὶ
718 2242 891 2283 κληρονόμους

945 2248 1058 2275 aeternae
1075 2245 1137 2275 vitae
1153 2242 1249 2274 socios
1264 2243 1458 2283 haaredesque
1479 2242 1645 2280 instituere,
1663 2251 1715 2283 per
1731 2251 1766 2274 ea

74 2291 252 2326 ἆποκαθιστᾷν
267 2298 274 2306 ”
310 2290 495 2329 κατεπείγεται
535 2289 571 2321 ὡς
602 2287 697 2327 ἔλαφος
726 2287 830 2326 διψῶσα
858 2287 891 2316 ἒπ

945 2288 1019 2319 haud
1037 2296 1133 2325 secus,
1153 2296 1239 2327 quam
1257 2296 1362 2318 cervus
1385 2287 1490 2317 sitiens
1514 2287 1551 2317 ad
1568 2287 1677 2317 fontem
1694 2295 1765 2317 cur-

73 2335 123 2369 τὴν
139 2335 268 2363 ἀθάνατον
283 2334 374 2374 πηγὴν
402 2332 435 2362 δι’
464 2335 559 2370 αὖτῶν,
583 2334 626 2361 καὶ
655 2334 720 2372 πρὸς
742 2334 772 2361 τὸ
787 2332 891 2360 ἅπαντε‹

945 2342 1009 2364 rere
1025 2337 1165 2373 properat
1180 2341 1243 2372 quaa
1258 2331 1287 2362 in
1312 2331 1384 2372 ipsis
1413 2336 1481 2362 sunt
1505 2331 1607 2369 ardua,
1626 2337 1764 2373 tanquam

74 2379 103 2407 έν
119 2380 211 2410 αὐτοῖς
226 2380 262 2411 ὡς
278 2379 305 2407 ὲν
333 2379 443 2416 κλίμακι
470 2378 578 2416 βαίνειν,
610 2376 642 2405 δι’
671 2378 704 2410 ἦς
726 2376 834 2416 ἄγγελοι
852 2378 891 2415 μὲι

945 2386 996 2418 per
1011 2377 1104 2408 scalas
1120 2376 1303 2412 censcrndit,
1321 2385 1375 2416 per
1402 2385 1475 2416 quas
1490 2376 1586 2416 angeli
1601 2377 1767 2407 ascendunt

73 2423 242 2453 ἀναϐαίνουσι
274 2424 318 2452 καὶ
352 2423 539 2463 κατέρχονται,
582 2422 647 2462 πρὸς
688 2422 811 2460 βοήθειαν
847 2425 891 2450 τῶι

945 2426 971 2452 et
986 2421 1183 2459 descendunt,
1201 2421 1287 2452 laturi
1303 2430 1389 2462 opem
1415 2421 1656 2453 ascendentibus.
1671 2422 1766 2461 Supra

74 2467 263 2508 ἆνερχομένων
285 2477 293 2484 ·
335 2467 399 2498 Θεὸς
433 2466 460 2494 δὲ
498 2465 595 2495 ἄνωθεν
623 2466 671 2499 τὴν
700 2466 767 2494 κατὰ
792 2464 891 2503 δύναμι·

945 2475 1011 2497 vero
1027 2466 1106 2497 Deus
1122 2467 1216 2501 sedet,
1234 2470 1423 2506 nostramque
1439 2466 1617 2499 voluntatem
1633 2466 1765 2506 diligen-

74 2514 153 2550 ἡμῶν
168 2512 290 2552 πρόθεσιν
314 2511 358 2540 καὶ
380 2509 495 2545 σπουδὴν
524 2510 660 2548 ἀναμένων
689 2511 800 2544 κάθηται
819 2519 825 2527 ·
849 2511 891 2550 οὐ)

945 2515 987 2542 ter
1002 2520 1036 2542 ac
1052 2520 1103 2551 pro
1118 2510 1230 2541 viribus
1245 2510 1281 2541 ad
1297 2520 1370 2551 opus
1384 2511 1505 2550 perduci
1521 2514 1689 2551 exspectat:
1708 2520 1766 2542 non

77 2557 117 2586 ὅτι
139 2562 284 2589 πονοῦντας
312 2558 383 2594 ἡμᾶς
412 2555 534 2596 τέρπεται
557 2557 629 2596 ὁρᾷν,
662 2554 720 2583 ἀλλ’
742 2556 777 2586 ὡς
792 2554 891 2595 ὅφλημι

945 2556 1040 2586 solum
1065 2559 1096 2586 ut
1125 2565 1178 2585 nos
1207 2555 1375 2586 laborantes
1399 2555 1547 2596 aspiciens
1573 2555 1698 2592 laetetur,
1715 2555 1768 2586 sed

75 2602 159 2631 θέλων
201 2603 260 2633 τοὺς
301 2601 408 2640 μισθοὺς
453 2599 550 2629 διδόναι
588 2601 656 2638 ἡμῖν
698 2601 712 2628 6
752 2599 891 2640 φιλάνθρω-

945 2601 1034 2632 etiam
1051 2604 1084 2631 ut
1100 2600 1281 2637 mercedem,
1306 2604 1444 2640 tanquam
1473 2600 1620 2638 debitum,
1649 2609 1701 2640 pro
1716 2609 1769 2631 sua

78 2659 139 2679 πος.
946 2643 1127 2683 benignitate
1144 2643 1230 2674 nobis
1245 2643 1402 2684 persolvat.

119 2687 177 2731 43'.
215 2692 280 2724 Τοὺς
309 2690 472 2722 ἆδιστάκτως
500 2691 571 2727 αὖτῷ
598 2690 827 2730 προσερχομένους
857 2692 891 2720 οἰκ

986 2689 1037 2720 94.
1054 2688 1197 2719 Dominus
1218 2692 1299 2718 certa
1313 2692 1342 2719 et
1358 2697 1463 2728 magna
1477 2698 1544 2719 cum
1562 2688 1671 2720 ﬁducia
1685 2687 1721 2719 ad
1737 2697 1770 2718 se

77 2738 106 2774 ἑᾷ
121 2737 191 2769 ὅλως
205 2743 367 2765 καταπεσεῖν
382 2737 396 2764 6
422 2736 498 2775 Θεὸς,
528 2734 595 2762 ἀλλὰ
624 2733 811 2767 ἀδυνατοῦντας
840 2735 891 2774 βλέ.

947 2733 1100 2765 venientes
1117 2732 1224 2764 cadere
1239 2742 1425 2774 nequaquam
1441 2733 1530 2765 sinit:
1548 2734 1599 2764 sed
1612 2742 1714 2765 eorum
1726 2732 1770 2763 in-

76 2793 133 2811 πων
164 2782 270 2822 αὐτοὺς,
307 2787 430 2820 συνεργεῖ
467 2780 509 2808 καὶ
545 2780 652 2820 βοηθεῖ,
681 2780 781 2819 ὀρέγων
813 2783 891 2810 αὒτοῒ

949 2778 1117 2810 ﬁrmitatem
1133 2787 1272 2817 cernens,
1288 2777 1419 2819 adjuvat,
1433 2782 1461 2810 et
1471 2778 1610 2809 auxilium
1627 2778 1693 2816 fert,
1712 2786 1773 2808 ma-

116 2873 148 2900 “
162 2873 276 2906 Jerem.
298 2879 370 2911 xvn,
386 2871 416 2903 5.
461 2872 490 2897 45
504 2870 584 2906 Psal.
599 2879 646 2912 cv,
663 2869 713 2903 39.
