1982 3075
223 148 283 182 659

882 148 1073 180 SYMEONIS
1092 149 1268 182 JUNIORIS

1852 151 1933 186 660

223 215 253 249 in
270 217 377 249 animis
400 215 509 248 nostris
533 215 620 261 plane
648 219 793 253 mortuus,
824 213 1040 254 tribulationes,

1126 218 1279 258 πειρασμοὶ,
1295 219 1338 246 καὶ
1366 217 1393 246 εἴ
1418 229 1442 247 τι
1472 219 1559 259 ἕτερον
1587 222 1638 248 τῶν
1664 221 1828 258 παθημάτων
1843 225 1927 261 Χρι-

225 263 415 299 Ienlationes,
424 265 453 292 et
464 260 488 291 si
499 260 568 301 quid
580 259 658 291 aliud
672 260 841 300 passionum
854 259 961 290 Christi
976 265 1022 291 est
1033 270 1040 290 :

224 317 290 349 quae
305 308 334 338 in
351 307 442 338 multa
458 304 598 346 patientia
607 306 793 341 sufferentes,
805 303 917 335 Christi
929 305 1043 344 passio-

223 348 276 384 nes
292 351 451 388 imitamur,
469 354 499 381 et
513 350 550 380 iis
559 350 758 390 gloriﬁcamus
771 350 884 380 Patrem
900 357 934 379 ac
948 348 1042 380 Deum

225 402 371 433 nostrum,
385 401 417 427 ut
429 395 522 435 gratia
533 394 584 425 ﬁlii
595 394 688 435 ipsius
699 399 728 425 et
743 393 914 424 cohaeredes
924 393 1043 424 Christi.

264 441 332 474 102.
349 441 467 478 Anima,
484 449 548 480 quae
563 438 755 470 inclinatione
779 438 944 477 aﬂ'ectuque
959 438 996 468 ad
1012 448 1046 469 ea

225 496 291 528 quae
306 486 441 526 subjecta
455 488 524 516 sunt
538 484 633 515 oculis
657 483 789 528 nondum
815 492 847 528 se
863 482 990 522 perfecte
1005 483 1045 514 li-

222 527 354 563 beratam
368 530 468 566 sentit,
490 528 691 568 contingentia
706 527 762 558 sibi
779 527 915 566 molesta,
932 531 960 558 et
977 537 1043 567 per-

222 575 391 607 secutiones
407 575 511 606 allatas
539 583 555 605 a
583 572 780 613 daemonibus,
809 576 837 602 et
860 571 1043 610 hominibus,

221 622 335 663 absque
358 619 560 652 mmstitudine
590 619 716 650 tolerare
739 619 859 658 nequit;
888 617 941 647 sed
969 618 1044 649 aﬂ'e-

220 666 312 698 ctioni
327 675 398 706 erga
414 674 462 696 res
477 666 620 695 humanas
644 663 777 700 astricta,
795 668 824 694 et
839 664 956 702 alligata
971 672 1047 703 quo-

219 711 389 751 dammodo,
402 710 657 751 pecunieejactura
677 708 841 745 mordetur,
859 707 1045 738 facultatum-

221 766 279 798 que
290 755 466 796 spoliatione
475 754 565 791 dolet,
577 758 605 784 et
617 752 708 793 plagis
718 753 836 794 corpori
849 762 901 783 suo
910 752 1041 791 inﬂictis,

220 801 364 842 majorem
381 800 412 830 in
429 799 549 830 modum
565 798 726 829 cruciatur.

265 846 330 878 103.
349 845 459 886 Siquis
488 853 504 874 a
532 843 731 884 propensione
761 846 789 873 et
803 841 1044 883 concupiscentia

217 900 318 922 rerum
335 899 440 921 sensus
466 888 646 919 moventium
676 887 803 918 animam
828 896 909 918 suam
925 886 1042 918 abstra-

218 936 306 973 xerit,
322 935 441 975 Deoque
470 932 597 964 univerit
625 935 654 964 ct
682 932 857 972 devinxerit,
875 942 932 962 non
947 931 1042 962 solum

219 980 361 1021 pecunias
375 989 409 1010 ac
426 979 631 1019 possessiones
657 987 726 1008 suas
751 977 907 1017 despiciet,
924 975 1043 1016 illisque

214 1024 345 1065 amissis,
362 1024 440 1054 velut
454 1024 479 1053 si
494 1023 591 1053 aliena
607 1026 636 1052 vt
657 1021 694 1053 ad
722 1031 754 1052 se
771 1021 845 1052 nihil
862 1021 1043 1061 pertinentia

215 1069 375 1106 amisisset,
404 1067 563 1108 tranquillo
593 1066 648 1098 erit
678 1066 789 1106 animo,
819 1074 924 1096 verum
954 1065 1042 1096 etiam

213 1114 320 1145 acerba
334 1112 452 1153 corpori
465 1122 518 1143 suo
531 1112 611 1142 illata
627 1121 694 1142 cum
711 1110 830 1150 gaudio,
859 1115 890 1140 et
905 1119 963 1150 qua
987 1110 1041 1141 de-

216 1163 264 1190 cet
278 1158 437 1198 gratiarum
462 1156 579 1188 actione
605 1155 775 1196 sustinebit,
806 1164 925 1195 semper
940 1154 1044 1186 videns

214 1204 395 1235 exteriorem
412 1201 531 1242 quidem
548 1201 700 1232 hominem
724 1201 807 1240 juxta
829 1199 1002 1240 Apostolum
1015 1199 1043 1225 ‘8

213 1247 375 1288 corrumpi,
392 1246 563 1278 interiorem
580 1249 679 1276 autem
705 1245 742 1276 de
771 1244 820 1275 die
848 1245 878 1275 in
896 1244 975 1275 diem
989 1253 1041 1275 re-

215 1292 327 1324 novari.
345 1290 462 1332 Alioqui
479 1290 684 1321 tribulam-nes
699 1289 862 1320 secundum
880 1289 972 1320 Deum
989 1288 1038 1319 hi-

211 1337 325 1377 lariter,
342 1340 368 1367 et
385 1336 451 1367 laeto
480 1335 579 1366 animo
610 1333 735 1374 perferri
762 1337 923 1374 nequeunt.
941 1332 972 1363 In
991 1333 1038 1363 his

212 1382 292 1413 enim
310 1381 443 1421 perfecta
468 1378 609 1420 cognitio,
640 1383 668 1409 et
701 1378 844 1418 sapientia
875 1377 1038 1417 spiritualis

210 1430 366 1458 exercetur
381 1436 388 1455 :
408 1424 518 1466 quibus
529 1424 579 1464 qui
597 1427 686 1464 catet,
702 1423 732 1453 in
749 1422 880 1454 tenebris
897 1423 1037 1462 ignoran-

211 1470 259 1502 tiae
273 1479 307 1501 ac
332 1469 505 1501 difﬁdentiae
533 1472 674 1509 perpetuo
704 1467 827 1504 incedit,
858 1475 914 1498 nec
936 1467 1038 1498 videre

212 1514 362 1556 patientiae
377 1518 406 1545 et
434 1513 644 1544 consolationis
667 1513 768 1544 lumen
798 1512 858 1542 ullo
876 1511 964 1542 modo
981 1521 1036 1552 po-

214 1563 283 1592 test.

254 1603 324 1635 104.
341 1602 445 1634 Omnis
461 1612 513 1633 suo
535 1601 649 1643 judicio
677 1602 808 1643 sapiens,
827 1605 856 1632 et
871 1600 1037 1641 disciplinis

210 1648 407 1681 interioribus
431 1647 578 1684 eruditus,
608 1647 709 1679 divina
730 1656 855 1679 cernere
869 1650 898 1678 et
923 1655 1035 1686 cogno-

210 1703 298 1725 scere
311 1693 451 1733 mysteria
462 1692 570 1732 dignus
581 1701 730 1733 nunquam
744 1692 810 1728 erit,
827 1692 923 1722 donec
935 1690 1017 1722 humi
1030 1709 1036 1714 -

211 1738 288 1775 liari,
301 1742 330 1769 et
339 1737 495 1777 magniﬁca
505 1737 723 1768 existimatione
734 1736 780 1767 sui
799 1735 945 1776 deposita,
959 1735 1034 1766 stul-

212 1786 258 1814 tus
273 1782 338 1814 ﬁeri
362 1782 498 1813 voluerit.
525 1781 598 1812 Nam
623 1783 671 1822 qui
698 1781 774 1812 istuc
788 1780 867 1818 facit,
884 1784 914 1812 et
928 1779 1036 1811 divinis

210 1828 241 1858 in
255 1827 346 1858 rebus
359 1826 509 1867 sapientes
518 1826 577 1857 fide
589 1825 759 1857 firmissima
773 1825 917 1866 sequitur,
931 1833 1034 1856 eorum

211 1871 301 1902 ductu
317 1871 406 1901 simul
421 1870 452 1901 in
468 1870 615 1902 civitatem
640 1870 693 1902 Dei
716 1870 841 1900 viventis
856 1869 1032 1908 ingreditur,

210 1915 398 1956 ducenteque
414 1920 443 1946 et
456 1915 646 1946 illuminante
661 1924 694 1946 se
707 1914 805 1945 divino
822 1913 944 1954 Spiritu,
957 1913 1037 1944 videt

209 1970 243 1992 ac
258 1960 347 1992 discit
362 1970 428 2001 quae
442 1959 569 1991 aliorum
598 1959 753 1990 hominum
782 1968 870 1990 nemo
887 1958 969 1996 vidit,
986 1962 1037 1989 aut

207 2005 309 2036 videre
325 2009 354 2036 et
368 2005 535 2045 intelligere
553 2014 682 2045 unquam
712 2008 820 2045 potest,
850 2007 879 2034 et
895 2007 964 2035 tunc
978 2005 1036 2032 θεο.

207 2049 340 2090 δίδαχτος,
356 2059 374 2080 a
388 2049 450 2081 Deo
465 2049 570 2080 doctus
587 2049 630 2081 ﬁt.

249 2139 319 2171 105.
337 2139 360 2170 Δ
373 2138 434 2170 Deo
448 2138 546 2174 docto,
574 2138 663 2178 hujus
689 2137 792 2169 mundi
805 2136 970 2177 sapientum
986 2136 1034 2168 di-

1084 268 1156 303 στοῦ,
1180 263 1196 290 ἃ
1224 262 1397 303 ὑποφέροντες
1427 263 1454 292 ἐν
1475 265 1597 303 ὑπομονῇ
1625 265 1739 304 πολλλῇ,
1757 267 1927 304 μιμούμεθα

1083 311 1129 336 τοῦ
1144 311 1256 347 Χριστοῦ
1276 308 1309 335 τὰ
1330 308 1485 346 παθήματα,
1514 308 1652 347 δοξάζομεν
1674 309 1700 338 δὲ
1716 309 1749 338 δι’
1765 310 1849 339 αὐτῶν
1864 312 1929 339 τὸν

1085 352 1187 392 Πατέρα
1208 354 1285 390 ἡμῶν
1299 354 1343 380 καὶ
1359 353 1434 390 Θεὸν,
1459 354 1495 386 ὡς
1510 355 1558 382 υἱοὶ
1573 356 1651 384 αὒτου
1665 356 1767 395 χάριτι,
1784 356 1827 383 καὶ
1842 366 1927 395 συγ-

1087 396 1246 437 κληρονόμοι
1264 401 1385 437 Χριστοῦ.

1127 436 1178 481 ρβ’.
1195 442 1279 481 Ψυχὴ
1295 442 1312 475 ἡ
1335 441 1373 479 μὴ
1387 441 1493 474 τελείως
1518 446 1567 477 τῆς
1595 443 1715 483 σχέσεως
1730 445 1773 472 καὶ
1788 456 1925 484 προσχει-

1086 486 1155 517 θείας
1190 488 1242 513 τῶν
1277 485 1417 524 ὁρωμένων
1452 488 1611 522 εὐαισθήτως
1648 486 1845 527 ἀπαλλαγεῖσα,
1880 489 1926 516 τὰ

1087 529 1305 568 ἒπισυμϐαίνοντα
1333 530 1400 569 αὒτῇ
1427 530 1542 571 λυπηρὰ,
1575 533 1618 560 χαὶ
1647 533 1693 564 τὰς
1723 533 1924 573 ἐπερλομένας

1088 577 1153 614 αὐτῇ
1187 574 1311 614 ἐπηρείας
1333 576 1404 615 παρὰ
1426 574 1557 613 δαιμόνων
1583 577 1627 604 καὶ
1656 576 1809 616 ἀνθρώπων,
1841 577 1925 606 ἀλύ-

1086 631 1143 652 πως
1158 619 1245 660 φέρειν
1270 621 1300 649 οὔ
1320 618 1436 657 δύναται,
1454 619 1514 648 ἀλλ’
1536 621 1613 649 οἱονεὶ
1634 620 1770 659 συνδέσμῳ
1783 621 1926 660 δεδεμένη

1086 668 1120 703 τῇ
1143 664 1303 704 προσπαθείᾳ
1329 667 1381 692 τῶν
1406 664 1576 705 ἆνγρωπίνων
1602 666 1776 705 πραγμάτων,
1803 668 1927 705 ζημίαις

1087 709 1207 739 δάκνεται
1225 710 1384 750 χρημάτων,
1407 711 1451 738 χαὶ
1466 710 1673 750 ἆποστερήσεσιν
1690 711 1800 751 ἄχθεται
1820 724 1925 752 πραγ-

1088 755 1190 795 μάτων,
1207 756 1250 784 καὶ
1276 754 1397 793 πληγαῖς
1426 754 1625 796 ἐπιφερομέναις
1650 758 1732 791 αὐτῆς
1753 761 1791 795 τῷ
1805 757 1925 795 σώματι

1085 800 1201 840 σφοδρῶς
1224 799 1355 829 ὀδυνᾶται.

1125 839 1177 884 ργ’.
1195 845 1228 874 Εἴ
1254 856 1293 876 τις
1324 844 1444 884 σχέσεως
1472 846 1515 873 καὶ
1543 844 1679 883 ἐπιθυμίας
1708 849 1761 874 τῶν
1777 847 1922 880 αἰσθητῶν

1055 876 1212 929 Βάπὲξζρηεε
1240 889 1290 918 τθνν
1317 876 1408 930 tittith
1445 891 1534 927 αὐτοῦ,
1573 876 1623 918 καὶ.
1655 894 1693 928 τῷ
1722 895 1780 928 Θεῴ
1808 876 1918 925 ταύτην

1084 933 1234 974 σῦνὲδησεν,
1261 935 1291 963 οὗ
1312 934 1390 972 μόνον
1419 937 1471 962 τῶν
1499 935 1557 974 περὶ
1585 934 1662 963 αὒτὸν
1690 937 1837 976 λρημάτων
1866 938 1921 965 καὶ

1084 979 1226 1017 κτημάτων
1257 979 1462 1019 καταφρονήσει,
1493 980 1536 1007 καὶ
1565 981 1602 1011 ὡς
1624 979 1666 1008 ἐπὶ
1695 980 1842 1020 ἀλλοτρίοις
1866 983 1920 1010 καὶ

1084 1023 1166 1057 ξένοις
1194 1024 1382 1063 ὑστερούμενος
1413 1023 1519 1055 ἀλύπως
1559 1023 1676 1063 διατεθῇ,
1714 1024 1782 1053 ἀλλᾶ
1802 1026 1846 1054 καὶ
1879 1027 1919 1054 τὰ

1083 1069 1259 1109 ἐπιφερόμενα
1289 1072 1328 1105 τῷ
1357 1069 1462 1106 σώματι
1490 1069 1569 1096 αὐτοῦ
1597 1069 1701 1110 ἀνιαρὰ,
1725 1071 1792 1107 μετὰ
1819 1074 1919 1110 χαρᾶς

1082 1114 1126 1142 καὶ
1154 1116 1203 1146 τῆς
1225 1113 1411 1152 προσηκούσης
1434 1113 1603 1152 εὖχαριστίας
1631 1114 1771 1152 ὑπομενεῖ,
1801 1114 1915 1153 βλέπων

1082 1158 1133 1197 ἀεὶ,
1159 1158 1226 1186 κατὰ
1253 1159 1298 1186 τὸν
1322 1159 1394 1186 θεῖον
1421 1157 1593 1198 Ἀπόστολον,
1616 1159 1661 1186 τὸν
1687 1160 1734 1196 μὲν
1759 1159 1809 1192 ἔξω
1830 1161 1917 1199 φθει-

1082 1202 1191 1241 ρόμενον
1219 1202 1365 1242 ἄνθρωπον,
1390 1203 1436 1230 τὸν
1463 1201 1490 1229 δὲ
1520 1202 1605 1243 ἐντὸς,
1636 1204 1723 1243 ἡμέρᾳ
1751 1205 1794 1232 καὶ
1819 1205 1917 1244 ἡμέρᾳ

1082 1247 1301 1284 ἀνακαινούμενον
1319 1255 1326 1262 ⁸
1358 1246 1445 1278 ἄλλως
1479 1246 1507 1274 δὲ
1536 1250 1582 1276 οὒκ
1604 1247 1639 1276 ἔνι
1669 1249 1715 1279 τὰς
1744 1250 1811 1276 κατὰ
1841 1251 1915 1277 Θεὸν

1080 1291 1180 1329 θλίψεις
1204 1293 1359 1331 ὑπενεγκεῖν
1374 1292 1441 1329 μετᾶ
1456 1294 1541 1331 χαρᾶς
1559 1300 1566 1306 ’
1599 1293 1722 1331 γνώσεως
1737 1294 1787 1333 γὰρ
1801 1293 1912 1325 τελείας

1080 1336 1107 1364 ἐν
1122 1337 1209 1365 τούτοι
1231 1337 1319 1377 χρεία,
1335 1338 1379 1365 καὶ
1395 1337 1485 1377 σοφίας
1501 1337 1682 1374 manna-uxr}:
1700 1346 1707 1354 '
1735 1340 1748 1366 ὁ
1763 1337 1790 1366 δὲ
1805 1339 1913 1367 τούτων

1080 1380 1266 1421 ἐστερημένος,
1291 1381 1318 1409 ὲν
1334 1382 1421 1410 σκότει
1447 1380 1614 1414 ἀνελπιστίας
1636 1383 1680 1410 καὶ
1708 1382 1839 1422 ἀγνωσίας
1865 1383 1912 1411 ἀεὶ

1079 1426 1228 1466 πορεύεται,
1246 1427 1284 1463 μὴ
1299 1425 1441 1464 δυνάμενος
1456 1427 1486 1454 τὸ
1508 1429 1563 1465 φῶς
1582 1429 1632 1460 τῆς
1646 1427 1782 1465 ὑπομονῆς
1799 1428 1842 1455 καὶ
1856 1429 1912 1461 τῆς

1078 1470 1270 1509 παρακλήσεως
1290 1470 1358 1504 ὅλως
1380 1472 1532 1501 θεάσασθαι.

1117 1599 1168 1644 ρδ’.
1205 1607 1259 1637 Πᾶς
1297 1604 1403 1641 δοκήσει
1439 1609 1553 1646 φρονῶν,
1595 1605 1621 1635 ἐν
1648 1609 1837 1644 μαθηματικῆς
1867 1606 1910 1634 ὢν

1077 1647 1242 1689 ἐπιστήμης,
1278 1652 1314 1681 είς
1345 1651 1477 1690 μυστήρια
1499 1654 1564 1680 Θεοῦ
1591 1651 1743 1690 παρακύψαι
1771 1652 1815 1679 καὶ
1837 1649 1909 1678 ἰδεῖν

1078 1694 1125 1722 οὐχ
1145 1693 1318 1729 ἆΞιωθήσεταί
1341 1706 1418 1732 ποτε,
1441 1695 1490 1727 ἔως
1519 1695 1550 1724 ἂν
1579 1698 1772 1729 ταπεινωθῆναι
1799 1697 1908 1733 πρῶτον

1076 1737 1186 1777 θελήσῃ,
1211 1739 1254 1767 χαὶ
1272 1739 1360 1779 μωρὸς
1388 1739 1510 1779 γένηται,
1545 1741 1591 1768 σὺν
1617 1744 1650 1779 τῇ
1677 1741 1761 1776 οἰήσει
1797 1742 1841 1768 καὶ
1872 1741 1908 1773 ἣν

1076 1783 1203 1816 κέκτηται
1232 1786 1329 1822 γνῶσιν
1366 1783 1520 1815 ἀποϐαλών.
1562 1780 1590 1814 Ὀ
1617 1786 1666 1825 γὰρ
1700 1790 1777 1814 τοῦτο
1804 1788 1905 1822 ποιῶν,

1076 1827 1120 1856 καὶ
1135 1830 1223 1868 σοφῶς
1246 1829 1291 1856 τὰ⁷
1307 1830 1366 1857 θεῖα
1394 1828 1420 1856 ἐν
1448 1828 1595 1867 ὰδιστάχτῳ
1622 1831 1707 1858 πίστει
1736 1829 1904 1869 ἀκολουθῶν,

1075 1873 1119 1901 καὶ
1139 1873 1190 1900 ὑπὸ
1211 1873 1311 1901 τούτων
1335 1874 1594 1915 χειραγωγούμενος,
1617 1875 1812 1915 συνεισέρχεται
1843 1876 1906 1912 μετ’

1078 1918 1163 1946 αὒτῶν
1189 1917 1215 1945 ἐν
1243 1917 1318 1946 πόλει
1348 1921 1445 1953 ζῶντος
1475 1922 1551 1955 Θεοῦ,
1592 1920 1634 1947 καὶ
1674 1920 1725 1947 ὑπὸ
1761 1924 1807 1948 τοῦ
1834 1920 1908 1947 θείου

1077 1962 1229 1999 Πνεύμιιτος
1255 1961 1434 2001 ὁδηγούμενός
1458 1973 1487 1991 τε
1514 1964 1558 1991 καὶ
1580 1963 1770 2003 φωτιζόμενος,
1793 1965 1843 2002 ὁρᾷ
1858 1964 1905 1991 καὶ

1076 2005 1226 2034 διδάσκεται
1264 2007 1331 2046 ἅπερ
1360 2006 1442 2039 οὐδεὶς
1469 2010 1522 2035 τῶν
1555 2007 1642 2036 ἄλλων
1667 2008 1810 2047 ἀνθρώπων
1836 2007 1906 2036 ἰδεῖν

1074 2051 1119 2079 καὶ
1135 2052 1229 2088 μαθεῖν
1243 2061 1308 2078 ποτε
1335 2050 1451 2090 δύναται,
1476 2053 1519 2080 καὶ
1548 2055 1693 2086 τηνικαῦτα
1719 2053 1818 2092 γίνεται
1835 2056 1905 2082 Θεοῦ

1076 2094 1196 2128 διδάκτός
1202 2120 1210 2128 ,

1115 2135 1165 2180 pel.
1190 2141 1256 2172 Τοὺς
1278 2139 1412 2173 διδακτοὺς
1441 2141 1506 2170 Οεοῦ
1535 2143 1558 2171 οἱ
1584 2143 1698 2180 μαθηταὶ
1727 2145 1780 2171 τῶν
1808 2145 1900 2182 σοφῶν

207 2182 316 2224 sciputi
334 2192 387 2224 pro
399 2183 485 2214 fatuis
496 2182 620 2219 habent,
633 2192 704 2227 cum,
721 2182 763 2227 ipi
784 2191 853 2227 vere
871 2181 930 2227 sint
946 2181 1030 2227 fatui,

1118 2200 1120 2210 ι
1163 2186 1257 2218 αἰῶνος
1289 2186 1381 2214 τούτου
1421 2186 1565 2227 ἀνθρώπων
1585 2179 1729 2226 γὴγοῦνται
1765 2179 1872 2227 μωρούς
1891 2195 1899 2202 ·

208 2233 331 2260 terrena
347 2232 378 2259 et
392 2227 546 2268 insipienti
578 2226 726 2267 sapientia
753 2226 902 2267 ingeniosi
917 2225 1033 2257 scilicet

206 2276 236 2304 et
265 2272 355 2310 acuti,
387 2281 476 2313 quam
501 2271 618 2303 stultam
649 2271 718 2302 fecit
749 2272 837 2309 Deus,
867 2270 1031 2302 secundum

205 2318 384 2360 Apostolum
396 2318 435 2355 l9,
456 2322 485 2349 et
503 2327 592 2358 quam
610 2316 778 2357 theologica
792 2326 845 2347 vox
862 2316 1032 2357 pronuntiat

206 2368 368 2398 terrenam,
385 2362 557 2401 animalem,
575 2362 761 2398 diabolicam,
775 2361 891 2402 plenam
904 2365 1030 2392 conten-

204 2408 296 2439 tionis
309 2412 338 2439 et
350 2408 474 2439 invidiae.
489 2407 524 2439 Hi
536 2407 617 2439 enim
644 2407 782 2448 quoniam
801 2411 882 2438 extra
899 2406 1030 2438 divinum

204 2452 307 2484 lumen
317 2456 396 2490 sunt,
409 2456 438 2484 et
450 2451 637 2484 admirabilia
648 2451 751 2493 queein
764 2451 828 2492 ipso
840 2451 940 2482 videre
952 2451 1030 2482 haud

203 2502 326 2539 queunt,
344 2497 375 2527 in
391 2497 504 2528 lumine
530 2501 694 2534 manentes,
726 2505 851 2537 quaeque
866 2495 896 2526 in
913 2505 948 2526 eo
962 2499 1031 2526 sunt

202 2542 392 2583 aspicientes,
410 2547 440 2574 et
465 2543 541 2574 alios
569 2544 722 2579 docentes,
753 2550 855 2572 errore
871 2545 982 2581 captos,
1000 2545 1030 2572 et

202 2587 345 2619 seductos
359 2587 552 2625 arbitrantur,
569 2597 637 2618 cum
664 2586 786 2627 ipsimet
815 2585 930 2617 seducti
955 2586 1026 2627 sint,

204 2635 234 2664 et
247 2631 471 2673 inexplicabilia
486 2633 541 2665 Dei
556 2632 632 2664 bona
648 2641 707 2664 non
720 2631 912 2671 gustaverint.

245 2677 313 2710 106.
326 2677 420 2709 Etiam
433 2677 522 2718 hodie
533 2682 612 2715 sunt,
623 2678 672 2719 qui
688 2677 769 2707 omni
786 2679 866 2707 motu
880 2685 938 2706 non
947 2679 1029 2706 recto

200 2726 317 2760 vacent,
333 2721 388 2753 viri
406 2722 552 2764 sancti,et
564 2723 665 2755 divino
678 2721 790 2753 lumine
806 2720 897 2761 pleni,
916 2720 947 2751 in
962 2729 1028 2752 me-

243 2801 271 2827 ιθ
285 2801 311 2834 ll
326 2801 393 2834 Cor.
411 2810 452 2840 tv,
470 2803 518 2834 16.
562 2803 591 2829 19
605 2802 617 2834 Ι
631 2804 700 2835 Cor.
714 2810 735 2842 l,
752 2803 803 2834 20.

1073 2230 1147 2259 αὐτοὶ
1175 2230 1248 2263 ὄντες
1280 2231 1306 2259 ἐν
1336 2230 1445 2267 ἀληθείᾳ
1469 2233 1564 2272 μωροὶ,
1595 2231 1822 2272 ὲκμεμωραμένης
1852 2244 1902 2261 σο-

1072 2275 1132 2314 φίας
1147 2275 1326 2313 στομωθέντες
1341 2278 1389 2309 τῆς
1410 2277 1530 2316 θύραθεν,
1559 2277 1592 2310 ἣν
1621 2277 1754 2316 ἐμώρανεν
1777 2278 1792 2305 ὁ
1820 2278 1899 2317 Θεὸς,

1072 2320 1140 2347 κατὰ
1153 2320 1198 2348 τὸν
1211 2321 1283 2348 θεῖον
1309 2319 1480 2357 Ἀπόστολον,
1505 2322 1549 2349 καὶ
1576 2321 1609 2354 ἣν
1637 2322 1654 2355 ἡ
1684 2320 1806 2360 θεολόγος
1822 2323 1899 2361 φωνή

1073 2363 1186 2403 ἐγίγειον
1214 2363 1439 2404 οἶδεκψυχιχὴν,
1463 2364 1635 2402 δαιμονιώδη,
1659 2365 1759 2403 μεστὴν
1788 2365 1899 2404 ἐριθείας

1073 2409 1116 2437 καὶ
1151 2409 1256 2449 φθόνου.
1288 2399 1356 2442 Ἐξω
1384 2410 1434 2449 γὰρ
1468 2409 1540 2442 ὄντες
1570 2412 1593 2438 οἱ
1614 2414 1727 2439 τοιοῦτοι
1756 2399 1807 2440 ’τοῦ¹
1828 2412 1899 2439 θείου

1072 2454 1171 2493 φωτὸς,
1189 2454 1221 2481 τὰ
1237 2453 1263 2482 ἐν
1278 2453 1348 2491 αὒτῴ
1362 2452 1428 2481 ἰδεῖν
1456 2455 1495 2492 μὴ
1523 2453 1659 2493 δυνάμενοι
1687 2455 1818 2493 θαύματα,
1835 2455 1897 2486 τοὺς

1071 2497 1255 2535 αὖλιζομένους
1270 2498 1297 2526 ἐν
1315 2499 1352 2536 τῷ
1377 2499 1454 2539 φωτὶ,
1481 2500 1524 2527 καὶ
1550 2500 1582 2527 τὰ
1603 2499 1630 2527 ἒν
1658 2500 1728 2537 αὒτῷ
1749 2499 1895 2538 βλεποντας

1070 2543 1114 2570 καὶ
1129 2541 1307 2578 διδάσκοντας,
1323 2544 1359 2576 ὡς
1374 2543 1591 2581 πεπλανημένους
1605 2543 1752 2584 λογίζονται
1770 2553 1777 2559 '
1794 2543 1897 2572 πεπλα-

1071 2587 1179 2624 νημένοι
1194 2587 1267 2620 ὄντες
1289 2588 1372 2626 aurai,
1395 2588 1439 2617 καὶ
1452 2587 1574 2628 ἄγευστοι
1603 2592 1654 2617 τῶν
1679 2588 1833 2628 ἀπορρήτων
1848 2593 1895 2617 τοῦ

1071 2635 1136 2660 Θεοῦ
1157 2632 1273 2672 ᾇγαθῶν.

1110 2671 1176 2716 ρξ’.
1196 2668 1251 2706 «Oxi
1278 2679 1322 2706 καὶ
1351 2682 1395 2707 νῦν
1423 2679 1487 2706 εἰσιν
1515 2679 1638 2719 ἀπαθεῖς,
1669 2680 1712 2707 καὶ
1736 2679 1819 2718 ἅγιοι,
1848 2678 1892 2706 καὶ

1069 2721 1275 2761 πεπληρωμένοι
1303 2723 1349 2752 τοῦ
1376 2723 1444 2752 θείου
1473 2724 1572 2764 φωτὸς,
1609 2723 1830 2765 ἀναστρεφόμενοι
1866 2721 1894 2750 ἒν
