1982 3075
74 158 129 192 661

749 164 885 198 ΟΑΡΙΤΑ
908 167 1087 201 MORALIA.

1707 166 1768 200 662

74 224 150 263 μέσῳ
183 227 273 267 ἡμῶν,
301 232 424 257 τοσοῦτον
449 229 482 257 τὰ
513 228 581 266 μέλη
624 231 800 270 νεκρώσαντες
836 231 888 260 ἑαι)‹

944 231 993 263 dio
1010 238 1142 265 nostrum
1171 240 1344 273 versantes;
1370 236 1421 277 qui
1447 237 1521 268 adeo
1551 236 1769 267 mortiﬁcarunt

74 273 127 297 τῶν
158 272 190 299 τὰ
219 271 260 299 ἐπὶ
302 275 351 306 τῆς
387 275 451 312 γῆς,
486 273 516 301 ἐκ
546 274 634 308 πάσης
664 275 821 315 ἀκαθαρσίας
857 277 900 304 καὶ

74 315 276 351 ἐμπώεπάττ,ς
305 317 452 356 ἐπιθυμίας,
484 319 520 350 ὡς
549 319 587 356 μὴ
615 320 695 357 μόνον
728 319 772 360 ἀφ’
802 321 901 348 ἑαυτῶν

74 371 140 388 ποτε
156 360 314 401 λογίζεσθαι,
331 361 350 395 ἢ
365 363 474 396 ποιῆσαί
497 375 522 391 τι
553 367 605 391 τῶν
633 368 734 401 κακῶν,
751 363 818 392 ἀλλὰ
834 363 901 402 μηδὲ

72 404 116 444 ὑφ’
145 405 234 444 ἐτέρου
272 407 336 445 πρὸς
368 410 445 434 τοῦτο
478 407 650 446 ἑλκομένους,
680 408 819 437 ἀλλοίωσίν
844 420 901 437 τινα

72 452 124 482 τῆς
141 451 290 489 προσούσης
320 453 410 483 αὺτοῖς
442 451 565 483 ἀπαθείας
594 454 769 492 ὑφίστασθαιο
798 453 902 481 εἱίδεσαν

73 494 123 532 γὰρ
139 494 170 522 ἂν
185 495 292 526 τούτους
321 494 397 533 εἴπερ
428 495 522 528 εἰδότες
551 497 618 530 ἦσαν
646 498 679 526 τα
708 497 765 526 καθ’
788 498 902 531 ἑκάστην

72 538 309 577 ἀναγινωσκόμενα
352 541 412 568 θεῖα
447 539 535 580 λόγια,
571 542 615 569 καὶ
649 541 804 579 ψαλλόμενοι
839 541 901 582 παρ’

72 583 172 622 αιῖντών,
191 584 214 611 οἱ
236 590 294 615 τοῖς
320 584 448 616 τοιούτοις
478 585 527 618 τὴν
558 585 708 625 ἀδιαφορίαν
724 586 900 626 ἐπιφημίζον-

72 637 116 658 τες
151 628 195 654 καὶ
223 626 419 658 διαπιστοῦντες
448 636 506 660 τοῖς
536 630 593 669 περὶ
628 631 702 658 θείων
737 631 902 669 πραγμάτων

72 670 240 699 διδάσκουσιν
254 671 282 699 ἐν
297 673 374 712 σοφίᾳ
389 676 435 700 τοῦ
460 673 622 711 Πνεύματος.
654 675 682 702 Ei
710 675 759 714 γὰρ
781 674 807 703 ἐν
829 675 900 714 γνώ-

73 726 113 743 σει
128 715 215 752 τελείᾳ
239 716 360 755 ἐγένοντο
387 720 437 751 τῆς
459 718 528 750 θείας
557 721 674 758 Γραφῆς,
708 718 841 747 ἐπίστευον
871 720 901 747 ἂν

71 766 133 791 τοϊς
155 761 206 788 ὑπὸ
230 764 296 790 Θεοῦ
320 760 459 795 λαληθεῒσι
488 763 532 790 καὶ
560 761 716 802 δωρηθεῐσιν
739 764 804 800 ἡμῖν
831 763 901 802 ἀγα-

70 805 130 836 θοῖς
149 814 156 821 ·
173 804 228 832 ἐπεὶ
243 805 270 833 δὲ
286 805 416 845 ἀμέτοχοι
443 809 494 834 τῶν
523 807 660 844 τοιούτων,
690 807 716 840 ἐξ
731 808 842 842 οὶήσεως
859 809 901 835 καὶ

70 849 198 886 ἀμελείας
226 850 274 877 εἶσὶ
304 849 403 887 καλῶν,
434 851 478 878 καὶ
512 852 572 882 τοὺς
608 852 822 891 μετεσχηκότας,
858 853 901 880 καὶ

69 895 130 933 περὶ
153 893 205 922 τῶν
226 895 350 923 τοιούτων
372 893 553 932 διδάσκοντας,
576 895 746 928 ἀπιστοῦντες
760 895 899 927 ἐνδιαϐάλ-

69 937 174 968 λουσιν.

148 978 154 987 ’
189 987 194 993 ι
218 984 223 991 ι
276 986 287 991 ~
378 983 383 993 ι
532 982 591 993 nux
693 984 760 993 \nAr
869 985 874 991 ι

112 982 163 1023 ρξ’.
183 984 231 1010 Διὰ
244 986 320 1011 τοῦτο
349 983 429 1020 μόνον
459 982 636 1022 παραϐάλλειν
658 985 701 1013 καὶ
716 984 821 1023 βλέπειν
837 985 896 1016 τοὺς

70 1027 97 1054 ἐν
133 1031 171 1064 τῷ
206 1027 298 1065 κόσμῳ
333 1027 450 1056 θέλουσιν
493 1030 515 1056 οἱ
544 1029 654 1068 χάριτος
692 1029 896 1069 πεπληρωμένοι

70 1077 148 1109 Θεοῦ,
186 1073 229 1100 καὶ
264 1071 460 1110 τετελειωμένοι
495 1077 528 1111 τῇ
554 1074 649 1112 γνώσει
686 1075 728 1102 καὶ
757 1075 834 1114 σοφίᾳ
863 1077 896 1112 τῇ

70 1117 182 1156 ἄνωθεν,
210 1116 257 1144 ἵνα
287 1116 379 1154 μισθόν
406 1127 464 1145 τινα
491 1116 685 1156 προξενήσωσιν
715 1118 818 1154 αὐτοῖς,
855 1117 896 1146 διὰ

69 1162 246 1199 ὑπομνήσεως
264 1164 314 1188 τῶν
341 1161 453 1189 ἐντολῶν
481 1167 527 1190 του
551 1166 627 1202 Θεοῦ,
655 1163 698 1190 καὶ
724 1162 757 1190 δι’
773 1163 896 1202 ἀγαθοερ-

69 1207 141 1246 γίας,
159 1207 181 1234 εἰ
196 1206 245 1246 Ξίρα
265 1217 295 1246 γε
326 1207 490 1244 ἀκούσουσιν,
518 1208 539 1235 εἰ
568 1208 616 1247 ἄρα
646 1219 675 1246 γε
699 1209 838 1243 συνήσουσι
854 1209 896 1236 καὶ

69 1252 270 1291 πεισθήσονται,
301 1250 392 1284 ἐπειδὴ
421 1253 444 1278 οἱ
473 1252 511 1288 μη
541 1255 578 1288 τῷ
606 1257 651 1281 τοῦ
679 1256 745 1280 Θεοῦ
771 1253 896 1292 ἀγόμενοι

70 1296 214 1334 Πιιεύματι,
238 1295 265 1323 ἐν
286 1298 319 1333 τῇ
346 1296 437 1331 σκοτίᾳ
458 1301 642 1336 περιπατοῦσι,
671 1298 714 1324 καὶ
740 1299 787 1326 οὐκ
819 1296 896 1325 οἴδα-

69 1351 112 1368 σιν
142 1341 199 1368 οὔτε
221 1344 271 1368 ποῦ
297 1340 453 1378 ὑπάγωσιν,
484 1339 541 1368 οὔτε
569 1341 594 1368 ἐν
626 1341 676 1368 τίσι
703 1341 894 1380 προκόπτουσιν

69 1383 204 1415 ἐντολαῖς.
223 1384 300 1423 Τάχα
328 1385 377 1423 γὰρ
406 1395 470 1412 ποτε
500 1384 711 1424 ἀνασφήλαντες,
729 1385 758 1412 ἐκ
772 1388 820 1418 τῆς
843 1396 895 1413 πε-

69 1429 212 1469 ριεχούσης
240 1429 332 1460 αὐτοὺς
362 1430 485 1465 οἰήσεως,
518 1429 633 1462 δέξονται
663 1431 711 1464 τὴν
747 1434 793 1458 τοῦ
821 1431 895 1469 ἁγίου

70 1474 223 1511 Πνεύματος
245 1473 332 1506 ἀληθῆ
360 1471 537 1510 διδασκαλίαν,
561 1475 604 1502 καὶ
633 1475 662 1502 τὸ
689 1480 735 1504 τοῦ
756 1479 822 1504 Θεοῦ
849 1475 894 1503 θέ-

69 1517 144 1555 λημα
172 1518 328 1554 ἀνοθεύτως,
359 1519 401 1546 καὶ
429 1518 632 1555 ἀκαπηλεύτως,
660 1519 818 1551 ἀκούσαντες
843 1531 893 1558 με-

67 1563 239 1598 τανοήσουσι,
269 1563 312 1590 καὶ
343 1563 502 1597 ποιήσαντες
535 1564 597 1592 αὐτο
631 1563 798 1602 μεταλάϐωσί
825 1576 894 1596 τινος

68 1607 234 1647 χαρίσματος
267 1612 455 1644 πνευματικοῦ.
488 1609 516 1636 Εἰ
542 1607 570 1635 δὲ
599 1614 638 1646 μὴ
666 1610 791 1642 τοιαύτης
820 1610 894 1649 ὠφε-

67 1651 139 1683 λείας
167 1651 286 1690 γενέσθαι
315 1650 459 1685 δυνηθῶσιν
494 1653 584 1684 αὐτοῖς
611 1652 742 1693 πρόξενοι,
769 1655 892 1693 θρηνοῦν-

66 1707 109 1728 τες
140 1696 189 1729 τὴν
217 1696 341 1735 πώρωσιν
369 1699 417 1729 τῆς
454 1696 559 1736 καρδίας
588 1698 684 1732 αὐτῶν,
714 1699 891 1738 ὑποστρεφου-

65 1751 106 1768 σιν
131 1741 168 1771 et;
190 1741 235 1772 τὰς
260 1739 356 1771 κέλλας
372 1740 468 1780 αὐτῶν,
504 1742 595 1773 νυκτὸς
619 1743 662 1770 καὶ
688 1742 788 1781 ἡμέρας
807 1742 891 1782 εὐχό-

65 1797 140 1814 μενοι
154 1786 218 1825 ὑπὲρ
232 1788 281 1819 τῆς
297 1787 427 1824 σωτηρίας
450 1786 544 1816 mimi”.
564 1782 642 1827 ’Υπὲρ
656 1788 705 1827 γὶιρ
721 1786 802 1815 ἄλλου
820 1788 890 1819 τινὸς

64 1830 189 1859 obesitate
204 1830 400 1865 λυπηθήσονται
417 1832 440 1858 οἱ
461 1834 499 1868 τῷ
515 1833 573 1868 Θεῷ
586 1831 758 1864 ἀδιαλείπτως
769 1832 890 1864 συνόντες

65 1877 110 1904 καὶ
131 1875 394 1915 ὑπερεμπιπλάμενοι
407 1876 504 1907 παντὸς
519 1875 626 1914 ἀγαθοῦ.

104 1915 159 1960 ρη’.
192 1920 236 1951 Τίς
266 1920 279 1947 ὁ
308 1920 407 1950 σκοπὸς
435 1922 483 1953 τῆς
513 1919 639 1959 ἐνσάρκου
667 1921 815 1958 οἰκονομίας
842 1925 888 1950 τοῦ

65 1969 132 1994 Θεού
147 1965 244 2003 Λόγου,
276 1965 289 1992 ὸ
315 1964 342 1992 ἐν
371 1965 444 2002 πάσῃ
471 1968 505 2002 τῇ
533 1965 588 2001 θείᾳ
603 1968 693 2005 Γραφῇ
709 1966 888 2006 ἀνακηρυττό-

65 2020 159 2047 μενος,
195 2010 239 2037 καὶ
273 2008 335 2048 παρ’
364 2009 441 2055 inpii»;
474 2009 521 2047 μὲν
556 2010 812 2048 ἀναγινωσκόμενος,
850 2011 888 2048 μὴ

62 2054 304 2092 ἔπιγινωσκόμενος
321 2052 347 2081 δέ
363 2063 370 2093 ς
402 2052 430 2081 Ἠ
457 2054 562 2085 παντως
585 2054 629 2082 ἵνα
646 2056 822 2094 μετεσχηκὼς
835 2056 888 2083 τῶν

60 2099 208 2138 ἡμετέρων,
232 2099 372 2127 κοινωνοὺ)
402 2101 454 2126 τῶν
483 2097 581 2126 ἐκείνου
611 2100 712 2137 ποιήσῃ
746 2100 816 2137 ἡμᾶς
834 2109 842 2117 ”
873 2102 886 2128 ὁ

61 2144 112 2182 γὰρ
140 2144 200 2174 Υἱὸς
226 2146 272 2171 τοῦ
308 2146 372 2172 Θεοῦ
416 2142 458 2170 διὰ
492 2147 570 2171 τοῦτο
597 2145 652 2176 υἱὸς
677 2149 723 2174 τοῦ
751 2144 885 2180 ἀνθρώπου

943 278 1077 322 membra
1092 289 1155 316 sua,
1168 290 1234 320 quae
1245 285 1312 311 sunt
1327 291 1418 322 super
1435 286 1543 312 terram
1566 281 1605 317 ει),
1631 280 1667 311 ab
1683 279 1764 310 omni

942 321 1131 354 immundilia
1146 330 1174 354 et
1190 326 1305 356 furente
1327 321 1578 366 concupiscentia,
1596 330 1627 356 ut
1641 334 1699 355 non
1713 333 1764 354 so-

943 366 1002 398 lum
1015 377 1067 408 per
1077 378 1142 400 sese
1155 370 1224 400 mali
1236 370 1385 410 quippiam
1401 380 1459 400 non
1470 370 1611 410 cogitent,
1625 379 1681 400 nec
1691 368 1765 399 adid

943 413 1178 444 committentum
1196 414 1372 445 incitentur:
1402 415 1453 445 sed
1485 424 1580 455 neque
1596 414 1631 445 ab
1647 413 1714 445 aliis
1729 413 1764 443 ad

943 457 999 488 hoc
1010 457 1168 496 sollicitati,
1187 459 1317 499 quietum
1331 459 1422 493 animi
1433 460 1478 490 sui
1489 464 1595 490 statum
1616 459 1713 498 aliqua
1729 467 1765 488 ex

945 507 1026 541 parte
1042 507 1154 533 mutare
1171 508 1327 543 noverunt,
1357 505 1474 544 quando
1504 504 1646 535 memoria
1663 506 1764 534 tenent

943 557 1008 586 qua).
1024 548 1153 587 quotidie
1170 548 1270 587 legunt
1297 553 1326 579 et
1354 549 1482 589 psallunt
1508 549 1609 580 divina
1633 547 1761 579 oracula.

943 591 994 621 liis
1010 593 1051 622 illi
1068 593 1105 622 de
1120 593 1228 624 divinis
1242 594 1331 625 rebus
1357 594 1388 625 in
1413 594 1557 634 sapientia
1572 593 1692 634 spiritus
1708 593 1763 623 do-

943 636 1089 675 centibus,
1100 641 1131 667 ut
1141 638 1248 675 stultis,
1262 638 1350 669 ﬁdem
1363 649 1421 669 non
1436 638 1553 669 habent.
1567 638 1639 668 Nam
1652 637 1676 668 si
1693 647 1763 678 per-

944 682 1018 712 fecte
1035 681 1148 712 divinas
1157 681 1322 722 Scripturas
1343 688 1475 718 nossent,
1489 684 1646 714 crederent
1663 681 1762 713 verbis

944 725 1009 764 Dei,
1021 730 1049 757 et
1062 726 1148 757 bonis
1157 737 1222 767 quae
1238 727 1263 757 is
1278 728 1407 758 humano
1423 729 1524 768 generi
1540 727 1671 758 donavit.
1689 727 1764 763 Quia

942 779 1012 801 vero
1038 771 1244 810 hujuscemodi
1267 771 1413 802 bonorum
1443 772 1480 803 ob
1504 771 1704 810 arrogantiam
1733 775 1764 801 et

942 815 1108 846 socordiam
1140 816 1300 856 participes
1328 826 1386 847 non
1415 821 1494 857 sunt,
1524 816 1613 846 etiam
1642 815 1762 856 hosqui

911 861 1101 907 Bparticipes
1116 865 1196 898 sunt,
1213 865 1242 891 et
1255 870 1307 892 eos
1336 861 1455 899 docent,
1485 860 1632 892 increduli
1646 860 1760 891 calum-

942 905 1073 936 niantur.

983 995 1049 1026 107.
1066 993 1126 1024 Hac
1142 994 1203 1024 sola
1219 994 1255 1026 de
1270 1005 1369 1032 causa,
1395 995 1444 1036 qui
1466 995 1557 1034 gratia
1571 994 1623 1026 Dei
1639 994 1760 1034 replet.,

939 1038 1166 1078 cognitioneque
1181 1049 1214 1069 ac
1230 1040 1375 1080 sapientia
1385 1049 1514 1079 superna
1529 1038 1666 1074 instructi
1689 1038 1759 1076 sint,

939 1085 983 1115 his
999 1084 1050 1122 qui
1066 1083 1095 1113 in
1113 1084 1223 1114 mundo
1239 1089 1307 1114 sunt
1331 1095 1362 1115 se
1392 1084 1535 1123 objicerc,
1554 1088 1582 1114 et
1597 1093 1647 1114 eos
1661 1083 1761 1114 videre

937 1129 1048 1164 volunt.
1066 1133 1100 1159 ut
1116 1128 1175 1158 illis
1189 1129 1357 1160 mercedem
1382 1129 1509 1169 aliquam
1526 1137 1578 1168 per
1592 1128 1759 1168 suggestio-

939 1183 1006 1204 nem
1019 1174 1169 1204 charitatis
1182 1173 1244 1211 Dei,
1260 1173 1441 1203 etstudiosas
1451 1172 1758 1211 actionesconcilient,

939 1218 962 1248 si
980 1218 1067 1248 modo
1083 1219 1212 1255 audiant,
1226 1218 1250 1248 si
1263 1218 1350 1248 modo
1367 1218 1532 1257 intelligant
1545 1222 1572 1248 et
1590 1217 1733 1248 desistant
1748 1228 1755 1247 :

938 1263 1174 1303 quandoquidem
1188 1263 1239 1303 qui
1255 1262 1361 1302 spiritu
1373 1262 1426 1293 Dei
1443 1272 1500 1293 non
1512 1266 1651 1302 aguntur,
1669 1262 1699 1292 in
1710 1266 1756 1292 te-

939 1307 1038 1338 nebris
1053 1308 1218 1344 ambulant,
1236 1311 1264 1337 et
1280 1307 1417 1337 nesciunt
1443 1316 1540 1348 neque
1564 1317 1621 1347 quo
1639 1306 1754 1343 vadant,

939 1361 1034 1392 neque
1049 1352 1099 1382 ubi
1125 1351 1289 1382 oﬂendant.
1320 1351 1466 1382 Fortassis
1497 1352 1575 1381 enim
1599 1350 1756 1390 aliquando

938 1396 1086 1436 erigentes
1100 1405 1132 1426 se
1147 1406 1180 1426 ex
1197 1395 1362 1435 arrogantia
1378 1405 1436 1436 qua
1460 1395 1593 1435 oppressi
1609 1398 1686 1434 sunt,
1703 1403 1754 1424 ve-

937 1451 998 1472 rum
1009 1441 1101 1471 sancti
1112 1440 1242 1480 Spiritus
1252 1439 1416 1471 doctrinam
1428 1439 1673 1480 complectentur,
1692 1439 1757 1469 Dei-

937 1495 993 1526 que
1007 1485 1184 1516 voluntatem
1209 1484 1274 1515 sine
1302 1485 1368 1515 l‘uco
1398 1494 1432 1514 ac
1459 1485 1575 1514 sincere
1589 1484 1755 1520 audientes,

905 1530 1140 1574 Cpmnitentiam
1156 1533 1253 1569 agent,
1277 1532 1365 1574 atque
1393 1529 1432 1559 ita
1454 1528 1576 1574 aliquod
1602 1528 1756 1574 spirituale

935 1575 1084 1606 charisma
1098 1574 1257 1614 accipient.
1287 1573 1370 1609 Quod
1399 1574 1422 1603 si
1452 1573 1527 1603 hanc
1543 1573 1587 1603 eis
1601 1572 1756 1603 utilitatem

936 1629 1037 1660 parare
1054 1630 1111 1650 non
1129 1622 1278 1660 poterunt,
1297 1618 1434 1658 lacrymis
1463 1617 1562 1648 cordis
1577 1626 1679 1647 eorum
1696 1626 1754 1648 caa-

934 1665 1052 1696 citatem
1069 1668 1294 1705 prosequentes,
1311 1663 1341 1693 in
1369 1672 1437 1693 suos
1452 1663 1537 1693 nidos
1553 1666 1752 1702 revertentur,

934 1714 1036 1741 noctes
1051 1714 1079 1740 et
1094 1710 1158 1740 dies
1186 1718 1238 1749 pro
1269 1717 1371 1738 eorum
1400 1708 1495 1738 salute
1519 1711 1584 1737 vota
1598 1707 1753 1737 facientes.

933 1753 1086 1795 Nunquam
1101 1754 1179 1784 enim
1195 1753 1318 1784 alterius
1342 1752 1385 1782 rei
1415 1762 1502 1783 causa
1519 1751 1683 1782 molestiam
1701 1761 1753 1782 ca-

932 1799 1022 1838 pient,
1033 1800 1083 1838 qui
1094 1808 1161 1830 cum
1173 1798 1233 1829 Deo
1244 1802 1312 1828 sunt
1323 1797 1445 1838 assidui,
1459 1801 1487 1828 et
1510 1795 1648 1828 omnibus
1663 1795 1751 1826 bonis

930 1844 1107 1876 redundant.

972 1933 1039 1964 108.
1058 1933 1199 1969 Quisnam
1226 1933 1398 1963 uaconomize
1426 1932 1518 1963 Verbi
1546 1931 1600 1962 Dei
1616 1931 1646 1962 in
1661 1939 1750 1961 carne

930 1986 1038 2018 scopus
1047 1982 1100 2014 est,
1113 1978 1162 2018 qui
1172 1977 1200 2007 in
1213 1977 1293 2007 omni
1305 1977 1404 2007 divina
1423 1977 1575 2016 Scriptura
1591 1978 1750 2012 revetatur,

931 2028 958 2053 et
972 2032 988 2052 a
1000 2022 1086 2052 nobis
1100 2022 1213 2061 legitur,
1227 2031 1280 2052 nec
1295 2021 1471 2060 intelligitur
1481 2021 1497 2050 ‘I
1510 2022 1552 2051 An
1571 2020 1619 2051 hic
1634 2019 1747 2060 utique,

931 2067 1212 2097 utconsotsfuetum
1225 2070 1404 2102 nostrorum,
1417 2075 1481 2105 qua
1500 2065 1560 2095 illic
1580 2071 1661 2101 sunt,
1678 2073 1750 2094 suo-

928 2119 993 2140 rum
1010 2115 1163 2141 consortes
1178 2111 1288 2141 l‘aceret
1304 2119 1310 2140 :
1329 2115 1357 2140 et
1371 2111 1448 2150 quod
1465 2110 1527 2149 ipse
1544 2119 1596 2149 per
1612 2113 1747 2139 naturam

928 2158 981 2195 est,
1000 2155 1034 2185 ad
1046 2155 1120 2185 illud
1138 2165 1231 2194 genus
1247 2158 1378 2185 nostrum
1396 2163 1446 2194 per
1461 2154 1583 2193 gratiam
1596 2153 1746 2189 eveheret,

61 2187 178 2227 ἐγένετο,
220 2187 266 2215 ’ίνα
303 2189 372 2218 υἱοὺς
413 2192 478 2216 Θεοῦ
509 2188 610 2225 ποιήσῃ
644 2190 704 2221 τοὺς
733 2189 881 2229 ἀνθρώπους

64 2233 70 2243 Q
104 2235 115 2240 υ
149 2241 156 2243 .
186 2231 198 2243 σ
275 2231 282 2243 2
319 2233 325 2242 \
397 2232 402 2239 κ
462 2232 468 2242 Ι
542 2232 548 2243 Ἰ
585 2239 597 2243 ..
688 2234 695 2242 η
724 2234 730 2243 Ι
870 2235 875 2243 ι

938 2187 1027 2230 lenuo
1053 2209 1106 2230 nos
1122 2187 1153 2230 iii
1164 2199 1274 2240 Spiritu
1289 2187 1561 2238 sancto-geniarans,
1579 2202 1608 2229 et
1622 2198 1701 2228 illico
1717 2197 1747 2227 in

60 2233 132 2270 ἡμᾶς
149 2241 156 2248 “
185 2231 249 2271 ὅπερ
273 2231 327 2260 ἐστὶ
344 2232 410 2260 κατά
437 2232 512 2271 φύσιν
540 2232 653 2270 ἐκεῖνος,
684 2234 788 2273 ἀνάγων
816 2235 882 2262 κατὰ

61 2277 139 2316 χάριν
154 2277 184 2304 τὸ
198 2277 274 2316 γένος
288 2277 376 2314 ἡμῶν,
395 2279 492 2315 γεννῶν
507 2277 577 2314 ἡμᾶς
595 2276 692 2306 ἀνωθεν
711 2278 737 2306 ἐν
753 2279 883 2316 [Ινεύματι

60 2322 139 2361 ἁφίῳ,
156 2322 200 2349 καὶ
213 2321 284 2353 εὗῶς
313 2321 425 2358 εἰσάγων
456 2322 527 2358 ἡμᾶς
557 2323 592 2354 εἷς
621 2323 669 2356 τὴν
684 2323 816 2361 βασιλείαν
831 2327 883 2351 τῶν

59 2368 174 2406 οὐρανῶν
192 2375 200 2384 '
233 2365 335 2403 μᾶλλον
349 2364 377 2392 δὲ
405 2366 480 2402 ἡμῶν
507 2365 581 2397 ἐντὸς
609 2367 658 2400 τὴν
686 2371 739 2395 τῶν
767 2369 882 2406 οὖρανῶν

58 2409 192 2448 βασιλείαν
219 2410 292 2450 ἔχειν
316 2410 384 2447 ἡμῖν
413 2410 600 2449 χαριζόμενος,
622 2412 658 2442 ὼς
687 2412 726 2448 μὴ
742 2412 767 2440 ἒν
782 2411 882 2440 ἐλπίσιν

58 2456 130 2484 εἶναι
145 2458 191 2483 τοῦ
205 2454 332 2483 εἰσελθεῖν
345 2455 416 2491 ἡμᾶς
441 2454 468 2482 ἐν
494 2456 574 2492 αὒτῇ,
604 2455 663 2483 ἀλλ’
680 2456 706 2484 ἐν
722 2457 881 2496 κατασχέσει

57 2501 156 2533 ταύτης
170 2499 247 2532 ὄντας
263 2501 326 2538 βοᾷν
340 2507 347 2514 '
367 2496 456 2536 Ἠμῶν
481 2497 508 2526 δὲ
523 2500 540 2532 ἠ
556 2500 612 2534 ζωή
627 2500 769 2540 κέκρυπται
785 2502 830 2529 σὺν
845 2505 882 2538 τῷ

58 2548 164 2584 Χριστῷ
185 2544 211 2572 ἐν
227 2548 264 2581 τῷ
279 2548 348 2582 Θεῷ.

96 2583 147 2629 ρθ’,
171 2590 207 2618 Τὸ
237 2588 401 2621 αὐτεξούσιον
428 2590 471 2616 καὶ
502 2589 717 2628 αὖτοπροαίρετον
744 2591 880 2628 ἡμῶνοῦκ

55 2635 207 2674 ἀφαιρεῖται
222 2634 252 2661 τὸ
276 2634 426 2672 βάπτισμα,
456 2633 524 2661 ἀλλὰ
552 2633 696 2673 ἐλευθερίαν
722 2636 789 2672 ἡμῖν
806 2637 880 2675 χαρί-

55 2683 126 2715 ζεται
162 2681 208 2706 τοῦ
247 2678 342 2715 μηκέτι
381 2679 424 2705 καὶ
454 2676 566 2709 ἅκονςας
594 2680 666 2716 ἡμας
700 2681 880 2718 τυραννεῖσθαι

54 2725 103 2752 ὑπὸ
119 2728 166 2752 τοῦ
180 2721 303 2751 διαϐόλου
319 2731 326 2738 ⁸
351 2721 392 2762 ἐρ’
419 2723 487 2760 ἡμῖν
514 2721 541 2750 δε
564 2722 632 2750 ἐστιν
650 2724 716 2760 μετὰ
731 2725 761 2752 τὸ
782 2725 880 2762 βάπτι-

93 2812 123 2838 ὀ
137 2811 190 2849 Col
212 2821 238 2843 s.
254 2819 297 2849 tu,
314 2812 344 2843 5.
386 2811 410 2832 9'
429 2810 472 2842 Ibi
484 2811 503 2842 l.
520 2811 549 2842 3.

927 2253 1052 2282 regnum
1070 2245 1211 2275 caelorum
1227 2244 1385 2279 inducens,
1403 2245 1447 2274 vel
1463 2244 1558 2284 potius
1574 2244 1629 2274 hoc
1645 2243 1674 2272 in
1690 2252 1746 2272 no-

926 2289 971 2319 bis
989 2288 1097 2319 habere
1113 2290 1244 2319 donans:
1271 2293 1302 2319 ut
1319 2299 1374 2319 non
1391 2290 1488 2320 adhuc
1504 2297 1659 2329 speremus
1674 2287 1746 2318 illud

924 2333 1059 2373 ingredi:
1087 2333 1208 2374 sedjam
1220 2334 1249 2364 id
1261 2333 1356 2374 ipsum
1373 2334 1558 2374 possidentes
1571 2334 1744 2370 clamemus,

926 2388 940 2408 ‹
957 2379 1064 2409 Nostra
1079 2383 1176 2409 autem
1193 2378 1250 2409 vita
1264 2378 1438 2409 abscondita
1466 2382 1509 2409 est
1538 2389 1604 2409 cum
1629 2377 1745 2409 Christo

925 2422 955 2452 in
971 2423 1032 2453 Deo
1044 2422 1080 2454 21.
1100 2435 1113 2450 n

960 2591 1029 2622 109.
1047 2590 1215 2630 Baptismus
1245 2590 1409 2622 libertatem
1439 2591 1596 2621 voluntatis
1624 2594 1742 2625 nostra}.

923 2639 951 2666 et
966 2635 1044 2676 quod
1061 2635 1174 2676 spontis
1191 2640 1300 2666 nostra:
1315 2641 1368 2672 est,
1388 2635 1509 2666 minime
1527 2635 1603 2666 tollit
1620 2647 1626 2665 :
1645 2636 1695 2666 sed
1713 2636 1742 2666 id

923 2680 1007 2710 nobis
1021 2680 1156 2720 largitur,
1173 2685 1204 2711 ut
1219 2681 1354 2712 nolentes
1371 2681 1505 2712 diabolus
1521 2690 1573 2711 sua
1590 2680 1743 2720 tyrannide

922 2725 1049 2766 amplius
1065 2734 1201 2765 premere
1212 2735 1270 2756 non
1283 2725 1385 2766 possit.
1402 2727 1434 2756 ln
1446 2730 1545 2756 nostro
1556 2730 1654 2756 autem
1667 2724 1744 2756 arbi-
