1982 3075
215 148 275 181 653
868 147 1057 181 SYMEONIS
1079 149 1255 186 JUNIORIS
1849 147 1927 180 664

214 221 293 250 tratu
304 218 430 259 positum
441 221 497 258 est,
507 221 573 258 post
583 216 763 258 baptismum
769 220 819 247 aut
829 216 961 247 volentes
971 223 1035 245 ser-

1095 228 1148 254 ’μα,
1165 216 1182 250 ἢ
1204 222 1266 248 ταῖς
1293 215 1415 248 ἐντολαῖς
1441 216 1562 254 ἐμμέιειν
1588 215 1735 247 αὖτοθελῶς
1762 217 1809 244 τοῦ
1825 215 1861 246 εἷς
1879 214 1920 242 ὃν

213 273 281 294 vare
292 257 427 293 mandata
437 257 567 299 Domini,
582 262 610 292 in
623 271 680 301 quo
696 260 789 291 abluti
804 270 919 298 sumus,
935 259 1032 291 Christ

1098 261 1276 299 ϐαπτίσθημεν
1291 262 1403 301 Χριστοῦ
1417 261 1463 289 τοῦ
1492 261 1626 290 Δεσπότου
1654 261 1730 298 Θεοῦ,
1746 261 1790 288 καὶ
1805 263 1839 297 τῇ
1855 257 1921 295 ὁδῷ

217 317 337 347 nempe,
350 308 421 337 etin
434 306 479 337 via
490 307 589 346 legum
602 307 667 346 ejus
675 305 828 336 ambulare
841 316 848 337 :
859 309 908 336 aut
920 314 972 345 per
981 304 1035 334 im-

1095 308 1235 346 πορεύεσθαι
1256 306 1308 334 τῶν
1323 306 1534 345 προσταγμάτων
1547 307 1636 342 αὺτοῦ,
1667 305 1684 340 ἢ
1713 304 1842 333 εκκλίνειν
1855 306 1918 337 τῆς

214 351 323 392 probas
338 351 470 382 actiones
483 350 520 382 de
534 355 616 381 recto
644 351 699 381 isto
727 350 834 380 itinere
847 349 883 380 ad
899 349 1035 380 adversa-

1096 352 1179 383 ὺθείας
1195 350 1254 379 ὁδοῦ
1266 351 1378 387 ταύτης,
1394 353 1458 390 πρὸς
1481 352 1525 379 τὸν
1553 350 1694 379 ἀντίπαλον
1709 349 1736 377 δὲ
1752 350 1796 377 καὶ
1811 348 1918 388 ἐχθρον

212 396 289 427 rium
308 400 395 436 atque
407 395 560 426 inimicum
573 399 707 426 nostrum
719 393 1038 425 diabolumdeclinare.

254 440 323 472 ΗΟ.
341 440 396 476 Qui
427 444 493 480 post
523 439 668 480 baptisma
693 438 892 469 voluntatibus
919 436 1039 476 maligni

213 485 333 522 cedunt,
347 489 376 515 et
389 485 454 525 ejus
469 485 604 516 consulta
620 487 804 524 perpetrant,
821 493 888 514 sese
903 492 920 514 a
936 487 1039 513 sancta

213 529 398 571 baptismatis
413 530 496 570 quasi
521 529 643 560 matrice
671 528 854 568 abalienant,
872 527 1036 571 secundum

212 570 284 606 illud
301 574 422 606 Davidis
435 574 462 596 εἳ
477 584 485 614 ;
503 583 601 614 neque
617 573 695 603 enim
713 573 859 603 alienatur
873 570 1035 611 unusquis-

215 629 284 661 que,
301 623 351 650 aut
366 623 498 649 naturam
515 628 581 648 cum
599 627 656 658 qua
667 622 785 648 creatus
797 620 841 647 est
854 620 966 646 mutat:
984 615 1037 645 sed

213 659 309 696 bonus
320 668 436 695 creatus
451 673 468 694 a
482 663 543 694 Deo
555 662 673 699 (malum
689 661 767 692 enim
785 662 864 692 Deus
879 670 938 691 non
954 659 1036 700 facit)

213 708 407 740 immutabilis
423 712 526 738 natura
542 711 570 738 et
586 706 716 737 essentia
744 706 830 742 (sicut
844 709 963 736 creatus
979 704 1035 744 est)

213 763 281 785 cum
294 754 341 790 sit,
356 754 434 784 velut
445 753 540 784 libera
553 757 652 783 mente
661 752 723 782 haec
735 760 787 781 seu
800 751 887 786 bona,
901 759 953 780 seu
961 749 1038 780 mala

214 799 297 838 eligit
311 802 340 829 et
353 798 431 829 facit.
448 797 702 834 Quemadmodum
720 796 800 827 enim
817 795 933 835 gladius
949 798 1036 825 natu-

214 853 277 888 ram
288 852 374 888 rsuam
392 852 450 873 non
467 846 575 888 mutat,
597 850 650 872 seu
679 840 757 872 bene
781 849 834 871 seu
849 839 926 870 male
941 843 1068 888 utar-em

213 887 266 920 sed
282 887 391 918 ferrum
411 891 508 918 manet
521 896 528 917 :
553 886 595 917 sic
610 890 639 916 et
654 886 742 916 homo
757 889 898 926 operatur
913 888 942 914 et
957 882 1036 921 facit,

214 937 245 964 ut
259 932 369 963 dictum
388 935 443 969 est,
460 940 525 972 quae
538 931 610 967 vult,
627 939 644 960 a
672 939 726 961 sua
740 934 839 962 autem
858 932 962 960 natura
977 937 1035 958 non

213 976 363 1008 deiicitur.

234 985 363 1017 ejlcuur.

254 1105 323 1135 Ml.
339 1103 403 1134 Non
419 1103 444 1135 si
460 1103 547 1134 unius
577 1102 760 1142 miserearis,
776 1101 938 1132 salvaberis
955 1110 963 1133 :
980 1099 1033 1132 sed

213 1149 240 1181 si
252 1158 343 1180 unum
360 1147 587 1188 contempseris,
604 1147 633 1177 in
648 1147 746 1186 ignem
760 1145 896 1177 mitteris.
914 1145 987 1176 Nam
1002 1149 1035 1175 ut

213 1193 304 1225 illud:
324 1205 339 1221 α
355 1192 481 1229 Esurivi,
499 1196 528 1223 et
543 1191 631 1229 sitivi,
651 1203 664 1218 ι)
685 1201 742 1222 non
759 1190 864 1230 semel,
881 1194 1033 1220 autunum

212 1238 305 1278 diem,
319 1237 371 1268 sed
385 1241 501 1277 tempus
511 1236 577 1266 vita:
587 1235 735 1266 universa:
759 1234 906 1274 significat
922 1244 929 1264 :
947 1234 990 1264 sic
1005 1237 1034 1265 et

213 1283 292 1323 pasci
303 1282 466 1322 Christum,
483 1281 588 1322 potari,
605 1280 699 1317 indui,
718 1283 746 1311 et
761 1281 784 1310 si
801 1279 872 1319 quid
889 1285 1035 1319 prae'erea

211 1327 275 1359 haec
291 1326 459 1363 comitatur,
478 1335 536 1356 non
565 1325 668 1365 semel,
696 1324 747 1356 sed
776 1332 905 1363 semper,
923 1326 952 1353 et
966 1331 1035 1362 erga

214 1380 319 1403 omnes
330 1380 430 1402 servos
439 1370 534 1410 ipsius
544 1369 768 1409 suscipiendum
781 1370 870 1406 Deus,
887 1371 917 1397 et
932 1366 1034 1397 Domi-

215 1426 269 1447 nus
284 1420 386 1447 noster
401 1415 552 1456 professus
568 1418 611 1445 est
626 1414 698 1452 (t9).

254 1500 324 1532 H2.
337 1499 516 1536 Quicentum
526 1498 673 1529 mendicis
680 1496 1032 1536 dederiteleemosynam,
1046 1498 1066 1529 c

212 1547 310 1586 potest
324 1547 422 1574 autem
440 1547 468 1574 et
492 1543 556 1574 allis
585 1542 668 1580 dare,
694 1545 864 1582 potareque,
893 1544 922 1571 et
937 1539 1036 1586 cihare

214 1584 332 1626 inultos,
351 1597 424 1629 quos
440 1597 472 1618 se
489 1591 636 1627 rogantes,
653 1592 683 1618 et
712 1588 777 1625 ejus
792 1584 1034 1616 mesericordiam

212 1633 404 1674 implorantes
419 1632 551 1672 dimittit,
568 1636 601 1662 ut
615 1631 664 1672 qui
694 1631 844 1663 Christum
860 1631 958 1669 ipsum
974 1637 1034 1674 non

213 1672 335 1718 paverit,
352 1676 388 1708 ab
404 1686 439 1708 eo
464 1676 647 1716 judicabitur
665 1685 671 1708 :
703 1675 943 1715 quandoquidem
960 1677 989 1704 et
1002 1672 1033 1703 in

211 1723 271 1754 illis
286 1721 424 1753 omnibus
439 1721 502 1762 ipse
518 1725 573 1758 est,
591 1721 643 1761 qui
673 1720 762 1751 etiam
779 1719 810 1751 in
826 1729 884 1750 uno
899 1718 1034 1759 quolibet

212 1766 404 1798 minimarum
418 1775 437 1797 ι
451 1765 537 1797 nobis
551 1765 650 1796 alitur.

253 1811 321 1843 113.
338 1810 392 1847 Qui
418 1810 559 1841 omnibus
575 1809 729 1849 egentibus
744 1808 843 1839 omnia
857 1807 893 1839 ad
909 1808 1032 1848 explen-

210 1855 278 1886 dam
288 1855 462 1886 hodiernam
475 1854 684 1886 necessitatem
696 1852 835 1894 przebuis,
846 1856 875 1883 et
885 1862 951 1883 cras
963 1862 1032 1892 pos-

212 1899 250 1930 sit
263 1899 343 1930 idem
357 1903 497 1939 praestare
512 1898 686 1939 quibusdam
714 1897 864 1935 fratribus,
891 1901 920 1927 et
934 1900 1031 1927 tamen

211 1944 282 1975 sinit
290 1953 341 1974 eos
348 1943 437 1980 fame,
449 1943 509 1981 siti,
522 1947 550 1974 et
559 1943 666 1982 frigore
689 1941 826 1978 interire,
839 1942 937 1981 ipsum
950 1941 1034 1972 illum

212 1998 272 2019 non
283 1988 491 2024 cnravitmori,
505 1987 731 2027 etcontempsit,
744 1985 794 2025 qui
807 1986 898 2017 dicit:
919 1998 932 2011 ι
950 1985 1034 2022 Quod

212 2033 263 2064 uni
276 2042 311 2064 ex
321 2032 453 2063 minimis
466 2032 541 2063 meis
553 2031 674 2069 fecistis,
695 2030 768 2062 mihi
794 2030 905 2062 fecistis
927 2030 1001 2070 (20).
1017 2041 1032 2061 ›

257 2129 324 2162 114.
345 2129 461 2160 Idcirco
478 2127 618 2169 pauperis
645 2127 789 2167 cujusque
818 2126 924 2158 faciem
940 2127 1035 2157 susci-

1080 397 1157 434 ἡμῶν
1172 394 1291 424 διάϐολον
1307 394 1506 435 παλινδρομεῖν.

1121 436 1167 480 ρι’,
1183 442 1213 469 Οἱ
1228 441 1294 478 μετὰ
1319 441 1349 468 τὸ
1369 439 1445 479 ἅγιον
1474 441 1610 479 βάπτισμα
1638 446 1699 470 τοῖς
1727 442 1772 467 τοῦ
1786 440 1915 476 πονηροῦ

1078 485 1231 523 θελήμασαν
1246 485 1376 524 εἴκοντες,
1403 485 1493 513 καὶτὰ
1520 485 1611 521 ἐκείνῳ
1637 482 1828 522 βεϐουλευμένα
1843 481 1915 509 δια-

1078 530 1264 570 πραττόμενοι,
1294 530 1401 562 ἑαυτοὺς
1434 532 1482 563 τῆς
1522 529 1569 557 τοῦ
1609 528 1683 567 ἁγίου
1721 528 1914 566 βαπτίσματος

1077 577 1152 614 ἁγίας
1169 576 1270 615 μήτρας
1299 574 1514 614 ὰπαλλοτριοῦσι,
1535 575 1603 602 κατὰ
1630 574 1660 602 τὸ
1686 574 1736 601 ὑπὸ
1759 576 1804 600 τοῦ
1821 570 1915 599 Δαᾶϐ

1080 620 1217 660 εἰρημένον
1234 627 1242 635 ⁵
1274 622 1304 649 οὒ
1331 619 1358 647 δὲ
1386 620 1435 658 γὰρ
1463 619 1613 647 ἀλλοιοῦται
1641 619 1720 656 ἡμῶν
1747 617 1872 655 P{tua-50:,
1891 617 1914 649 ἢ

1079 668 1128 699 τῆς
1143 664 1231 693 καθ’ὂ
1259 663 1376 692 ἔκτισται
1405 663 1557 702 μεθίσταται
1586 664 1700 703 φύσεως³
1730 661 1788 690 ἀλλ’
1804 661 1913 700 ἀγαθὸς

1079 711 1190 741 κτισθεὶς
1206 710 1256 737 ὑπὸ
1270 713 1315 738 τοῦ
1331 712 1395 737 Θεοῦ
1424 708 1516 749 (γακὸν
1537 708 1589 748 γὴρ
1618 709 1632 736 ὁ
1660 708 1724 739 Θεὸς
1746 707 1793 735 οὒκ
1807 706 1911 738 ἐποίη-

1077 755 1147 794 σεν),
1163 754 1289 795 ἄτρεπτος
1303 757 1337 792 τῇ
1366 754 1453 794 φύσει,
1477 752 1536 782 καθ’
1565 755 1580 781 ὃ
1609 752 1738 788 ἔκτισται,
1755 751 1799 779 καί
1813 753 1847 788 τῇ
1862 750 1913 778 οὒ-

1077 800 1120 836 σίᾳ
1134 800 1182 836 ὢν,
1199 801 1244 828 οἶα
1267 798 1293 832 ἐξ
1320 799 1439 827 ἑκουσίου
1466 799 1576 838 γνώμης
1603 803 1771 837 προαιρεῖται
1798 796 1842 838 καὶ
1856 794 1911 822 Θέ-

1077 844 1128 884 λει,
1144 848 1226 873 ταῦτα
1240 845 1283 872 καὶ
1297 844 1417 883 πράττει,
1444 842 1500 872 εἴτε
1524 843 1619 883 ἀγαθὰ,
1635 842 1690 870 εἴτε
1705 841 1784 871 κακά,
1803 831 1910 878 Ὥσπερ

1079 883 1128 928 γὰρ
1142 889 1192 922 τὴν
1207 888 1354 928 μάχαιραν,
1381 887 1430 915 κᾶν
1461 887 1503 915 ἐπὶ
1523 891 1598 924 κακῷ
1618 897 1659 917 τις
1688 885 1780 920 αυτὴν,
1795 883 1844 911 κᾶν
1859 883 1910 911 ἐπὶ

1077 932 1151 970 καλῷ
1166 933 1311 973 χρήσηται,
1329 934 1378 965 τῆς
1393 931 1457 963 ἰδίας
1472 932 1558 962 ἐκεὶνη
1574 931 1604 959 οὗ
1619 930 1768 968 μεθίσταται
1783 929 1906 968 φύσεως,

1076 977 1145 1006 ἀλλὰ
1160 977 1231 1015 μένει
1243 976 1348 1015 σίδηρος
1362 976 1410 1013 ὢν,
1427 976 1495 1004 οὕτω
1509 977 1552 1004 καὶ
1577 977 1592 1004 ὃ
1619 975 1754 1014 ἅνθρωπος
1773 981 1779 988 ·
1796 973 1909 1012 ἐνεργεῖ

1076 1022 1123 1059 μὲν
1136 1022 1181 1050 καὶ
1207 1021 1326 1061 πράττει,
1357 1022 1394 1053 ὡς
1419 1020 1538 1060 εἴρηται,
1565 1020 1631 1060 ἅπερ
1659 1018 1790 1058 βούλεται⁷
1808 1019 1857 1050 τῆς
1876 1016 1907 1044 δὲ

1074 1067 1170 1098 οἰκείας
1187 1066 1234 1094 οὒκ
1250 1065 1380 1098 ἐξίσταται
1397 1066 1510 1106 φύσεως,

1115 1105 1178 1150 ρια.’.
1201 1110 1236 1139 05
1261 1111 1292 1138 τὸ
1306 1109 1351 1138 ἕνα
1365 1109 1472 1143 ἐλεῆσαι
1500 1109 1589 1145 σώζει,
1619 1107 1686 1135 ἀλλὰ
1714 1107 1744 1134 τὸ
1773 1106 1830 1138 ἐνὸς
1844 1117 1905 1133 κα-

1075 1149 1236 1195 ταφρονῆσαι
1264 1158 1303 1192 τῷ
1323 1155 1383 1194 πυρὶ
1411 1153 1593 1193 παραπέμπει.
1624 1153 1660 1181 Τὸ
1688 1152 1748 1191 γὰρ,
1781 1160 1796 1179 (
1811 1149 1908 1178 Ἐπεί-

1075 1211 1152 1236 νασα,
1170 1200 1214 1228 καὶ
1228 1198 1351 1237 ἐδίψησα,
1371 1210 1384 1226 »
1410 1201 1440 1228 οὐ
1467 1201 1532 1237 πρὸς
1561 1196 1629 1229 ἅπαξ
1657 1196 1762 1236 εἴρηται
1777 1195 1902 1230 πάντως,

1075 1244 1132 1273 οὑδὲ
1147 1244 1190 1281 τὸ,
1207 1244 1233 1272 ἐν
1249 1247 1297 1282 μιᾷ
1310 1243 1408 1283 ἡμέρᾳ,
1435 1242 1503 1270 ἀλλὰ
1530 1243 1572 1278 τὸ,
1603 1241 1644 1269 διὰ
1668 1241 1724 1279 βίου
1739 1240 1836 1271 παντὸς
1852 1238 1904 1272 δη-

1074 1289 1131 1327 λοτ,
1163 1289 1191 1317 οὖ
1220 1289 1250 1317 τὸ
1278 1291 1407 1329 τραφῆναι
1439 1288 1560 1327 Χριστὸν,
1599 1285 1754 1319 ποτισθῆναί
1790 1295 1820 1312 τε
1855 1285 1904 1312 καὶ

1075 1333 1216 1367 ἰνδυθῆναι,
1245 1334 1288 1361 καὶ
1315 1333 1340 1360 εἴ
1368 1344 1392 1361 τι
1427 1333 1514 1372 ἕτερον
1550 1332 1653 1363 τούτοις
1688 1329 1838 1368 συνέπεται,
1870 1328 1904 1357 οὗ

1074 1379 1140 1417 πρὸς
1155 1377 1235 1417 ἅπαξ,
1256 1377 1325 1406 ἀλλὰ
1338 1376 1380 1405 διὰ
1407 1379 1505 1409 παντὸς
1533 1377 1576 1404 καὶ
1603 1376 1630 1404 ἐν
1659 1378 1751 1414 πᾶσιν,
1779 1374 1830 1401 ὑπὸ
1846 1377 1902 1401 τῶν

1075 1424 1154 1451 αὑτοῦ
1169 1420 1266 1450 δούλων
1281 1421 1363 1450 ταῦτα
1377 1420 1499 1461 δέχεσθαι
1513 1422 1526 1449 ὁ
1542 1421 1635 1460 Κύριος
1657 1420 1734 1458 ἡμῶν
1762 1418 1806 1447 καὶ
1832 1419 1901 1450 Θεὸς

1077 1466 1261 1505 ὡμολόγησεν.

1116 1506 1178 1550 ριβ”.
1197 1507 1225 1540 ’0
1240 1517 1299 1543 τοῖς
1324 1511 1417 1539 ἑκατὸν
1442 1509 1500 1542 δοὺς
1529 1510 1723 1548 ἐλεημοσύνην,
1753 1508 1900 1546 δυνάμενος

1075 1554 1102 1584 δὲ
1131 1556 1175 1584 καὶ
1190 1556 1287 1595 ἑτέροις
1303 1555 1399 1596 δοῦναὶ,
1417 1560 1522 1584 ποτίσαι
1546 1566 1575 1583 τε
1595 1555 1640 1582 καὶ
1660 1554 1752 1594 θρέψαι
1767 1553 1897 1590 πολλοὺς,

1074 1600 1290 1641 παρακαλοῦντας
1317 1602 1394 1629 αὐτὸν
1421 1601 1465 1628 καὶ
1492 1601 1623 1638 βοῶντας,
1654 1599 1898 1637 ἀποπεμψάμενος,

1074 1646 1110 1678 ὡς
1139 1646 1178 1683 μὴ
1217 1645 1315 1685 θρέψας
1357 1646 1467 1685 Χριστὸν
1509 1645 1660 1684 κριθήσεται
1700 1643 1763 1683 παρ’
1803 1643 1899 1683 αὺτοῦ,

1074 1688 1166 1724 ἐπειδὴ
1181 1690 1225 1718 καὶ
1248 1689 1274 1718 ἐν
1304 1690 1412 1721 ἐκείνοις
1443 1692 1522 1717 πᾶσιν
1548 1689 1625 1720 αὒτός
1655 1688 1735 1724 ἐστιν,
1765 1689 1779 1716 ὁ
1806 1688 1851 1716 καὶ
1867 1687 1901 1727 Ec?

1073 1733 1110 1762 ἑνὶ
1126 1734 1229 1771 ἑκάστῳ
1243 1737 1294 1762 τῶν
1307 1733 1454 1774 ἐλαχίστων
1468 1733 1627 1773 τρεφόμενος
1639 1731 1701 1772 παρ’
1715 1733 1804 1770 ἡμῶν.

1113 1808 1177 1853 ριγ’.
1196 1809 1224 1843 l0
1245 1817 1310 1842 πᾶσι
1339 1814 1387 1851 μὲν
1414 1814 1500 1843 πάντα
1523 1814 1557 1841 τὰ
1583 1814 1648 1852 πρὸς
1679 1812 1770 1852 χρείαν
1788 1812 1833 1840 τοῦ
1847 1812 1902 1841 σώ-

1074 1869 1157 1896 ματος
1180 1859 1326 1899 παρασχὼν
1341 1859 1469 1898 σήμερον,
1493 1859 1582 1898 αὔριον
1610 1857 1637 1886 δὲ
1656 1857 1798 1895 δυνάμενος
1820 1869 1900 1887 τουτο

1073 1905 1195 1940 ποιῆσαι,
1226 1902 1349 1941 ὰμελήσῃ
1378 1905 1455 1931 τινῶν
1498 1902 1628 1942 ἀδελφῶν,
1669 1903 1713 1930 καὶ
1740 1901 1822 1940 λιμῷ,
1854 1901 1901 1931 καὶ

1074 1947 1155 1987 δίψει,
1181 1948 1226 1976 καὶ
1249 1948 1331 1988 ψύχει
1360 1947 1424 1986 ἐάσῃ
1447 1946 1630 1988 διαφθαρῆναι,
1657 1948 1734 1976 αὑτὸν
1762 1947 1900 1987 ὑπερεῖδεν

1076 1992 1230 2030 ἀποθανεῖν,
1258 1993 1302 2020 καὶ
1344 1995 1422 2022 αὐτοῦ
1458 1993 1636 2033 κατεφρόνησε
1675 1997 1721 2021 τοῦ
1750 1993 1872 2025 εἰπόντος
1891 2001 1898 2008 ·

1078 2050 1092 2065 ι
1109 2037 1169 2078 Ἀφ’
1184 2038 1245 2066 ὅσον
1260 2037 1403 2074 ἐποιήσατε
1426 2039 1462 2067 ἑνὶ
1479 2039 1578 2067 τούτων
1593 2041 1644 2068 τῶν
1659 2037 1822 2078 ἐλαχίστων,
1839 2039 1900 2077 ἐμοὶ

1075 2081 1218 2118 ἐποιήσατε
1225 2105 1231 2112 .
1249 2092 1264 2112 ι

1115 2122 1176 2167 ριδ’.
1206 2126 1252 2156 Ἐν
1279 2139 1364 2165 τουτῳ
1400 2129 1430 2157 τὸ
1466 2129 1577 2157 ἑκάστου
1611 2128 1725 2162 πένητος
1753 2128 1899 2168 πρόσωπον

214 2183 284 2215 pere
298 2174 401 2211 voluit,
417 2177 447 2204 et
474 2168 566 2204 cuivis
595 2171 716 2212 pauperi
743 2180 776 2202 se
803 2170 985 2208 assimilavit,
1001 2175 1033 2202 ut

1095 2171 1217 2201 ναλαϐετν
1246 2171 1399 2205 κατεδέξατο
1428 2174 1472 2201 καὶ
1498 2175 1577 2202 Law-ci
1603 2173 1696 2207 πένητπ
1725 2174 1816 2201 ἑαυτὸν
1831 2172 1899 2206 ἐξω-

213 2219 312 2250 nullus
326 2219 356 2249 in
373 2227 405 2249 se
419 2217 607 2249 credentium
635 2216 776 2247 adversus
801 2215 920 2246 fratrem
945 2224 1031 2246 suum

213 2262 430 2295 elevetur:sed
452 2261 655 2303 unusquisque
673 2260 792 2292 fratrem
816 2269 914 2298 suum,
929 2265 962 2290 ut
977 2269 1032 2301 po—

251 2354 278 2378 ”
292 2354 371 2387 Psal.
387 2355 419 2395 4,
436 2362 506 2386 Lvn.

253 2440 311 2477 (19)
327 2441 476 2471 Pontanus
490 2438 572 2469 addit
597 2437 757 2478 capitulum
786 2445 878 2468 unum
895 2444 902 2467 ε
923 2447 935 2464 ι
952 2435 1036 2467 Iudi-

212 2479 335 2512 viduum
354 2479 480 2511 divisum
508 2482 538 2511 et
567 2477 663 2518 ipsum
692 2481 786 2509 totum
811 2477 841 2518 in
853 2486 1035 2518 unoquoque

230 2529 386 2561 auperum,
413 2519 561 2560 quomodo
580 2516 704 2559 quidam
720 2527 753 2548 se
767 2517 836 2547 unis
851 2516 1007 2561 includunt
1023 2517 1036 2548 Υ

236 2556 294 2591 one
309 2556 431 2592 centum
454 2569 519 2590 esse
550 2556 696 2599 pauperes
723 2562 751 2589 et
778 2566 870 2599 unum
885 2556 1034 2599 Christum

210 2605 321 2641 (neque
332 2600 413 2632 enim
427 2600 485 2641 ulla
496 2597 617 2631 ratione
631 2598 748 2641 divisus
763 2601 808 2641 est
823 2597 967 2641 Christus)
985 2598 1034 2634 qui

210 2637 279 2681 ergo
296 2651 330 2672 ex
348 2640 506 2680 nonaginta
522 2648 626 2670 novem
642 2638 766 2681 singulis
778 2637 1034 2681 dederitobolum,

209 2677 301 2713 un'um
316 2685 414 2712 autem
428 2677 538 2721 injuria
553 2677 699 2721 effecerit,
712 2682 763 2721 aut
779 2677 970 2721 percusserit,
986 2683 1036 2721 aut

211 2731 335 2753 vacuum
351 2718 509 2762 dimiserit,
526 2720 574 2752 cui
589 2730 656 2751 nam
674 2719 735 2762 haec
751 2718 847 2762 fecit}
870 2719 977 2749 Annon
993 2718 1036 2749 illi

210 2762 324 2802 utique,
341 2763 390 2802 qui
407 2761 481 2793 dixit
495 2758 524 2792 et
538 2770 658 2801 semper
672 2760 754 2802 dicit,
772 2762 801 2802 et
816 2758 951 2802 dicturus
963 2763 1034 2802 est}

211 2797 358 2841 ρυᾶηᾶἰτὶ
372 2803 428 2833 uni
437 2811 477 2833 ea:
490 2797 631 2833 minimis
645 2801 719 2832 meis
733 2799 859 2840 fecistis,
874 2797 1036 2837 mihifeci-

209 2843 266 2875 uis
281 2841 402 2882 (Matth.
418 2851 485 2881 xxv,
502 2842 555 2882 40)
571 2841 584 2873 τ
599 2853 614 2870 τ.

1073 2218 1196 2254 μοίωσεν,
1213 2216 1259 2245 ’ίνα
1288 2216 1379 2255 μηδεὶς
1407 2219 1459 2246 τῶν
1488 2219 1524 2250 εἰς
1547 2219 1624 2247 αὒτὸν
1651 2218 1826 2246 πιστευόντων
1852 2221 1899 2246 τοῦ

1073 2259 1185 2301 ἀδελφοῦ
1199 2262 1402 2302 κατεπαίρηται,
1428 2261 1487 2290 ἀλλ’
1514 2262 1625 2295 ἕκαστος
1654 2262 1759 2301 βλέπων
1784 2263 1829 2291 τὸν
1849 2263 1898 2291 αὺ-

1119 2436 1343 2480 (2ολΑᾱᾶίίυῑε
1374 2451 1387 2467 α
1419 2439 1458 2471 Ex
1472 2440 1519 2471 his
1532 2440 1601 2471 licet
1615 2449 1807 2480 cognoscere,
1822 2448 1899 2480 quo-

1077 2478 1165 2508 modo
1180 2478 1322 2521 Dominus
1337 2479 1372 2521 ad
1387 2489 1419 2511 se
1431 2481 1532 2521 omnia
1547 2478 1721 2521 pauperum,
1735 2485 1764 2511 et
1775 2478 1897 2521 fratrum

1076 2520 1525 2565 nostrorum,fran_sferat,qet_sibi
1537 2519 1614 2565 facta
1622 2522 1842 2565 interpretetur.
1853 2519 1897 2550 Ad

1072 2559 1170 2605 justos
1180 2559 1262 2598 dicit,
1269 2560 1356 2605 _Mihz‘
1370 2561 1501 2605 fecistis;
1523 2561 1559 2605 ad
1575 2561 1651 2605 illos,
1663 2559 1753 2605 quiin
1767 2561 1895 2596 sinistra,

1076 2598 1152 2630 mihi
1174 2609 1236 2631 non
1252 2598 1385 2645 fecistis.
1402 2601 1465 2632 Non
1481 2598 1560 2632 enim
1577 2598 1819 2645 solum—intuetur
1834 2609 1894 2636 eos,

1076 2647 1204 2679 quorum
1221 2641 1334 2682 miserti
1347 2651 1460 2681 sumus,
1477 2645 1527 2672 aut
1541 2641 1592 2681 qui
1616 2642 1754 2682 injuriam
1770 2649 1894 2682 accepe-_

1076 2683 1156 2716 runt,
1172 2680 1373 2722 autrfraudati,
1406 2679 1458 2711 aut
1482 2679 1563 2712 mille
1593 2679 1655 2712 alia
1675 2683 1750 2712 mala
1764 2679 1896 2722 perpessi

1077 2723 1161 2764 sunt:
1180 2721 1232 2751 sed
1249 2721 1336 2751 etiam
1363 2722 1574 2764 despectoslut
1590 2722 1646 2752 hoc
1661 2723 1696 2764 ad
1713 2721 1894 2764 condemnat

1078 2759 1338 2804 tionem_nos_tram
1354 2759 1490 2804 sufﬁciat.
1515 2762 1615 2804 ifieque
1643 2762 1825 2804 enim_illos,
1843 2759 1894 2791 sed

1075 2800 1171 2846 ipsum
1187 2800 1367 2846 despicimus
1379 2801 1479 2846 Jesum
1497 2802 1671 2846 _Christum,
1688 2802 1739 2843 qui
1754 2800 1852 2834 omnia
1866 2804 1897 2831 ut

1075 2839 1132 2871 sibi
1146 2840 1221 2873 facta
1235 2839 1326 2881 ducit,
1342 2851 1408 2883 quae
1421 2842 1480 2874 illis
1494 2839 1668 2875 fecerimus,
1685 2855 1697 2869 ιι
