1982 3075
101 171 163 205 665
778 172 915 206 ΟΑΡῙΤΛ

973 171 1121 205 DRALIA.
1735 171 1796 206 666

101 242 150 268 τοῦ
187 238 298 280 ἀδελφὸν
320 240 364 268 καὶ
391 240 436 268 τὸν
464 239 589 277 πλησίον,
618 241 654 272 ὡς
671 241 717 269 τὸν
746 241 810 269 Θεὸν
839 239 920 270 αὐτοῦ

974 238 1099 277 ximum,
1114 242 1146 269 ut
1160 238 1254 270 Deum
1271 238 1401 277 intuens,
1419 238 1574 269 minimum
1586 247 1651 270 sese
1662 247 1720 269 non
1736 239 1795 270 fra-

104 283 250 324 ὲλάχιστον
279 285 371 312 ἑαυτὸν
398 284 499 322 μᾶλλον
528 289 573 313 τοῦ
594 284 718 326 ἀδελφοῦ,
750 287 787 317 ὡς
809 289 853 313 toﬁ
880 296 922 313 πει

973 283 1039 320 tris,
1066 284 1116 314 sed
1134 284 1198 323 ejus
1214 283 1263 324 qui
1279 283 1398 314 fratrem
1415 283 1496 320 fecit,
1514 287 1641 324 reputet,
1658 287 1688 314 et
1699 287 1732 313 ut
1746 283 1794 324 ip-

105 329 252 362 ποιηκότος
268 329 346 356 αὑτὸν
370 328 515 369 λογίζοιτο,
537 330 581 357 καὶ
602 331 639 362 ὡς
666 330 745 358 αὐτὸν
773 329 922 370 ἀποδέχοιτι

973 336 1037 358 sum
1050 332 1214 359 creatorem
1227 328 1291 367 ejus
1302 327 1439 367 excipiat,
1452 331 1481 357 et
1492 328 1627 364 honoret,
1638 328 1796 368 omniaque

104 376 149 402 καὶ
165 377 240 413 τιμᾷ,
257 374 301 401 καὶ
311 374 396 403 πάντα
410 380 485 402 κενοῖ
499 374 531 401 τὰ
545 374 700 414 ὑπαρχοντα
714 375 780 414 πρὸς
793 375 922 413 θεραπιια·

973 373 1009 403 ad
1026 373 1089 412 ejus
1104 372 1291 413 obsequium,
1321 377 1349 402 et
1375 372 1572 402 ministerium
1600 372 1754 412 impendat
1768 376 1798 404 et

103 420 194 455 αὑτοῦ,
212 420 248 451 ὡς
262 420 276 446 ὁ
293 419 402 457 Χριστὸς
429 419 473 447 καὶ
496 419 560 451 Θεὸς
587 419 664 457 ἡμῶν
694 418 804 447 ἐκένωσε
819 420 849 446 τὸ
865 418 922 446 ἴδιοι

973 417 1141 454 exhauriat,
1149 422 1178 447 et
1187 417 1438 457 quemadmodum
1447 415 1581 447 Christus
1588 420 1615 446 et
1626 416 1703 447 Deus
1710 427 1796 448 suum

102 465 187 503 αἷμα,
204 463 247 491 διὰ
260 463 309 496 τὴν
331 464 409 500 ἡμῶν
425 464 568 502 σωτηρίαν.

973 460 1065 502 ipsius
1081 461 1254 500 sanguinem
1270 461 1308 492 ob
1324 462 1448 491 salutem
1465 465 1593 492 nostram
1611 461 1760 492 exhausit.

145 503 208 547 ριε’·
226 503 254 536 ’0
275 508 320 535 τὸν
336 507 450 541 πλησίον
464 507 538 548 ἔχειν
553 509 589 540 ὡς
612 508 704 537 ἑαυτὸν
724 507 881 543 κελευσθεὶς,
902 510 922 536 οἱ

1016 506 1080 536 115.
1100 505 1154 542 Qui
1167 506 1269 546 jussus
1285 510 1329 536 est
1358 506 1523 545 proximum
1553 515 1587 536 eo
1604 505 1668 536 loco
1684 506 1795 537 habere

101 554 165 590 μίαν
194 553 300 584 πάντως
325 553 437 592 ἡμέραν,
467 553 536 581 ἀλλὰ
565 553 606 582 διὰ
628 554 685 591 βίου
711 554 810 585 παντὸς
837 556 922 582 τοῦτο’

973 559 1030 590 quo
1046 554 1139 580 semet
1153 550 1194 587 25,
1215 550 1300 590 plane
1317 559 1376 580 non
1393 559 1446 590 per
1461 559 1551 580 unum
1568 550 1659 588 diem,
1676 551 1728 581 sed
1742 560 1796 591 per

102 597 178 637 ἔχειν
194 597 278 629 οὕτως
291 597 401 638 ὀφείλει,
424 599 467 626 καὶ
489 599 503 626 ὁ
532 599 610 626 παντὶ
639 601 677 635 τῷ
704 598 816 627 αἰτοῦντι
833 596 919 626 διδόναι

973 603 1090 625 omnem
1108 594 1194 626 vitam
1213 595 1256 625 sic
1268 603 1335 625 eum
1358 594 1467 625 habere
1480 594 1579 626 debet.
1599 597 1633 626 Et
1647 604 1697 635 qut
1713 595 1794 627 omni

102 642 346 682 προσταττόμενος,
383 647 458 672 τοῦτο
487 649 574 671 ποιεῖν
598 643 788 681 προστάττεται
810 642 836 670 ἐν
857 642 922 681 πάσῃ

973 639 1082 679 petenti
1090 639 1194 679 jussus
1207 639 1327 670 estdare
1336 639 1375 676 94,
1383 639 1437 670 hoc
1444 639 1542 670 facere
1550 639 1684 679 jubetur,
1694 648 1794 679 quam-

102 689 138 724 τῇ
152 689 209 724 ζωῇ
237 688 315 715 αὑτοῦ
331 694 338 701 ·
363 687 406 714 καὶ
435 688 449 714 ὁ
469 686 552 715 θέλων
580 686 626 715 ἵνα
647 690 756 715 ποιῶσιν
786 688 822 719 εἰς
852 687 922 715 αὖτὸι

973 683 1020 714 diu
1037 683 1114 714 vivit.
1133 684 1169 715 Et
1184 684 1234 724 qui
1249 683 1330 724 cupit
1359 683 1396 713 ab
1426 684 1483 714 alio
1509 683 1564 715 sibi
1582 683 1711 723 praestari
1729 694 1794 725 qum

102 731 179 759 ἄλλοι
202 732 218 758 ἆ
232 730 353 769 βούλεται
375 731 472 771 ἀγαθὰ,
488 734 569 759 ταῦτα
584 732 628 759 καὶ
643 731 719 763 a616,-
735 738 823 760 ποιεῖν
838 731 922 763 ἄλλοις

973 728 1029 758 vult
1044 727 1132 765 bona,
1149 728 1185 759 ab
1201 738 1236 760 eo
1249 727 1457 768 postulahilur,
1479 732 1510 759 ut
1529 729 1632 758 cadem
1645 728 1710 768 ipse
1724 729 1792 760 aliis

101 775 140 804 ἀπ
144 776 313 812 αιτηθήσεται
318 797 325 804 .

973 776 1089 812 praestet
1100 772 1141 804 25.

170 815 210 830 ρ-ν
241 811 255 823 θ’
371 819 381 829 v
450 818 462 829 ι’
694 820 700 832 γ
764 821 770 831 α
825 821 831 831 ι
886 821 892 828 ι

143 831 188 858 ριἶ
212 841 220 849 .
249 826 337 859 ιὲσπερ
353 831 398 848 ουν
413 820 427 847 ὁ
451 830 522 859 εχων
550 820 596 847 τὸν
616 819 730 853 πλησιον
757 831 794 852 ως
823 832 922 860 εαυτον,

973 811 978 812 ⁷
1011 817 1022 847 1
1035 818 1080 849 16.
1094 816 1350 853 Quemadmodum
1363 817 1450 855 igitur
1461 817 1511 858 qui
1523 817 1613 849 habet
1625 818 1792 858 proximum

99 864 175 894 οὐδὲν
190 864 264 904 ἔχειν
277 863 358 892 πλέον
374 869 420 893 τοῦ
433 863 546 897 πλησίον
568 864 704 904 ἀνέχεται,
722 864 765 892 ἐὰν
781 863 808 892 δὲ
819 864 873 905 ἔχη
884 868 922 892 ml

973 861 1075 891 eodem
1093 861 1156 892 loco
1167 871 1226 902 quo
1240 870 1283 898 se,
1298 862 1370 892 nihil
1383 871 1441 901 prae
1454 861 1587 902 proximo
1599 862 1708 893 habere
1723 872 1792 893 sus-

101 910 141 947 μὴ
155 908 325 947 μεταδίδωσιν
341 908 474 948 ἀφθόνως,
491 908 540 940 ἕως
563 909 594 936 ἂν
609 910 653 937 καὶ
665 910 741 941 αὖτὸς
756 911 866 949 πτωχὸς
877 909 922 949 γέ-

973 905 1053 937 tinet.
1072 905 1124 937 Sin
1141 911 1239 936 autem
1257 906 1406 944 habuerit,
1423 915 1478 936 nec
1505 906 1670 937 liberaliter
1684 908 1793 947 imper-

101 966 192 992 νηται,
208 955 323 985 καὶτοῖς
351 953 464 987 πλησίον
494 954 572 983 αὑτοῦ
598 953 755 992 ἐξομοιωθῇ,
786 957 835 988 τῆς
850 954 922 982 ἕντο-

973 949 1077 988 tiverit,
1095 951 1190 981 donec
1205 955 1234 981 et
1249 951 1312 990 ipse
1338 951 1374 981 ad
1405 955 1610 991 paupertatem
1627 952 1789 992 redigatur,

100 999 153 1032 λῆς
175 1002 221 1027 τοῦ
258 999 392 1028 Δεσπότου
420 998 595 1038 ἐκπληρωτὴς
631 1000 682 1038 οὔχ
703 999 846 1038 εὒρίσκεται
869 999 922 1027 οὗδὲ

973 999 997 1026 et
1012 995 1155 1036 proximis
1171 996 1232 1026 suis
1247 1000 1426 1036 exaequetur,
1444 1005 1512 1026 eum
1541 995 1660 1027 Domini
1677 1006 1789 1036 praece-

101 1046 115 1071 ὁ
137 1050 196 1075 τοῖς
213 1044 312 1071 αἷτοὺσι
328 1046 392 1071 πᾶσι
414 1041 511 1071 διδόναι
537 1042 631 1082 θέλων,
648 1043 692 1070 ἐὰν
707 1043 802 1082 μέχρις
819 1042 922 1081 ὀϐολοῦ,

973 1046 1049 1079 ptum
1062 1049 1119 1070 non
1132 1040 1300 1080 implevisse
1316 1044 1439 1070 constat.
1458 1041 1520 1071 Nec
1534 1050 1613 1078 eum,
1630 1041 1790 1081 quiomni-

101 1089 119 1122 ἢ
134 1088 286 1125 κλάσματος
318 1085 395 1127 ἄρτου
424 1087 588 1125 κεκτημένος
617 1087 784 1127 ἀποστρέψῃ,
800 1089 859 1117 τινὰ
872 1092 922 1117 τῶν

973 1084 1022 1114 bus
1037 1084 1206 1124 petentibus
1221 1084 1292 1115 dare
1308 1084 1419 1119 volens.
1451 1084 1477 1115 si
1507 1094 1599 1125 usque
1615 1085 1651 1115 ad
1670 1084 1788 1116 obolum

101 1134 244 1161 αἰτούντων
260 1133 346 1169 αὑτὸν,
371 1131 430 1160 οὔδε
458 1133 471 1160 ὁ
495 1133 534 1170 μὴ
563 1135 648 1160 ποιῶν
668 1133 712 1160 τὸν
737 1132 849 1166 πλησίον
876 1133 922 1161 ὅσα

973 1128 1148 1158 iutl‘rustum
1163 1129 1248 1167 panis
1260 1129 1439 1169 pervenerit,
1455 1129 1624 1169 quempiam
1634 1134 1786 1169 rogantem

97 1177 169 1206 θέλει
193 1177 239 1205 ἵνα
268 1176 356 1216 ἓτερος
381 1177 482 1214 ποιήσῃ
511 1177 576 1215 πρὸς
609 1177 686 1206 αὐτόν
704 1185 713 1194 ·
743 1177 811 1206 οὕτω
838 1179 883 1206 καὶ
911 1179 922 1206 ὁ

973 1181 1084 1203 manem
1093 1172 1258 1203 dimiserit:
1273 1183 1326 1204 nec
1337 1173 1388 1213 qui
1402 1183 1459 1204 non
1473 1174 1541 1204 facit
1553 1174 1698 1214 proximo,
1711 1184 1789 1215 quae-

99 1223 186 1251 πάντα
216 1221 264 1260 μὲν
293 1221 395 1255 πένητα
429 1222 473 1249 καὶ
499 1220 643 1260 ἐλάχιστον
663 1221 773 1262 θρέψας,
802 1223 922 1263 ποτίσας,

973 1226 1083 1258 :unque
1099 1218 1155 1248 sibi
1170 1218 1206 1248 ab
1222 1218 1279 1248 alio
1296 1218 1361 1263 fieri
1384 1217 1554 1250 desiderat?
1580 1217 1627 1249 Sic
1642 1219 1692 1258 qui
1707 1219 1789 1250 omni

99 1266 220 1306 ἐνδύσας,
236 1267 325 1297 καὶτὰ
353 1265 421 1294 ἄλλα
450 1266 535 1294 πάντα
564 1267 600 1297 εἰς
628 1267 706 1295 αὐτὸν
734 1266 922 1306 ἐργασάμενος,

973 1262 1089 1302 pauperi
1103 1272 1137 1293 ac
1159 1263 1282 1293 minimo
1307 1262 1417 1299 cibum,
1436 1267 1549 1303 potum,
1566 1268 1677 1294 vestem
1693 1263 1787 1303 dedit,

100 1313 159 1344 ἐνὸς
180 1311 208 1340 δὲ
223 1311 304 1350 μόνον
332 1311 546 1351 καταφρονήσας,
576 1311 620 1339 καὶ
650 1311 730 1340 αὑτὸν
744 1311 872 1352 παριδὼν,
889 1315 922 1345 ὡς

973 1306 1082 1347 aliaque
1093 1307 1193 1338 omnia
1208 1307 1303 1338 ofﬁcia
1318 1307 1354 1338 iis
1370 1307 1517 1347 praestitit,
1534 1317 1624 1338 unum
1643 1313 1740 1339 autem
1759 1313 1788 1340 et

100 1357 213 1396 Χριστὸν
236 1356 281 1384 τὸν
309 1356 374 1383 Θεὸν
395 1354 510 1395 παριδὼν
532 1356 662 1384 πεῖνῶντα
690 1357 734 1384 καὶ
749 1351 869 1394 διψῶντα
881 1359 922 1386 καὶ

973 1351 1060 1396 solum
1076 1352 1203 1390 neglexit
1218 1356 1306 1392 atque
1318 1352 1506 1396 contempsit,
1523 1352 1552 1383 id
1569 1352 1695 1392 perinde
1708 1354 1788 1385 acci-

100 1394 178 1433 αὖτὸς
195 1399 391 1439 λογισθήσεται.
436 1394 439 1395 ν

973 1394 1073 1432 Jietur,
1090 1400 1120 1426 ut
1136 1395 1160 1426 si
1176 1396 1326 1426 Christum
1353 1395 1445 1426 Deum
1477 1399 1670 1435 esurientem,
1696 1407 1729 1428 ac
1745 1397 1789 1428 si-

965 1439 1089 1470 tientem
1107 1439 1302 1480 despexisset.

139 1475 200 1520 ριζ’.
223 1481 338 1517 Φορτικὰ
352 1486 433 1510 ταῦτα
448 1487 505 1514 τοῖς
522 1484 601 1509 πᾶσιν
625 1480 692 1513 ἴσως
708 1482 866 1522 φανήσεται,
883 1481 923 1510 διὸ

97 1527 142 1554 καὶ
162 1524 276 1558 δόξουσιν
291 1524 406 1563 εὐλόγως
421 1525 507 1565 λέγειν
522 1525 549 1554 ἐν
564 1526 669 1558 ἑαυτοῖς
685 1534 692 1542 ·

96 1571 185 1599 πάντα
221 1572 330 1602 ποιῆσαι
358 1568 476 1608 δύναται,
508 1570 575 1598 ὥστε
618 1571 718 1603 πάντας
753 1573 922 1611 θεραπεῦσαι,

98 1616 143 1643 καὶ
164 1613 269 1653 θρέψαι,
296 1613 341 1641 καὶ
363 1612 486 1651 μηδόλως
501 1615 600 1642 τούτων
621 1615 680 1643 τινὰ
701 1614 844 1655 παριδεῖν,
864 1615 923 1644 ἀλλ’

97 1659 231 1687 ἀκούσωσι
248 1656 352 1686 Παύλου
366 1656 506 1696 διαῤῥήδην
529 1659 644 1697 βοῶντος
663 1668 670 1674 ·
698 1671 712 1687 ιι
744 1656 774 1688 Ἠ
790 1660 839 1699 γαρ
861 1660 925 1699 ἀγά-

97 1715 138 1737 πη
164 1706 210 1731 τοῦ
237 1706 349 1742 Χριστοῦ
369 1702 475 1742 συνέχει
503 1704 587 1744 ἡμᾶς,
613 1704 749 1744 κρίναντας
779 1710 866 1741 τοῦτο,
884 1705 923 1733 ὅτι

98 1750 121 1777 εἰ
136 1750 177 1780 εἷς
193 1747 258 1787 ὑπὲρ
284 1747 389 1775 πάντων
411 1747 550 1786 ἀπέθανεν,
581 1747 630 1788 ἄρα
658 1750 681 1777 οἱ
708 1750 804 1782 πάντες
826 1749 922 1778 ἀπέθα-

97 1805 154 1824 νον.
174 1802 189 1822 ι

139 1831 205 1878 ριη’.
243 1836 365 1876 Καθάπερ
393 1838 419 1865 αἱ
447 1839 610 1877 περιεκτικαὶ
643 1837 746 1867 ἐντολαὶ
779 1839 922 1879 συμπεριέ-

96 1893 176 1923 χουσι
206 1881 292 1913 πάσας
321 1881 348 1908 ἐν
369 1882 478 1914 ἑαυταῖς
494 1883 540 1914 τὰς
571 1883 680 1922 μερικὰς
708 1882 826 1919 ἐντολὰς,
856 1883 924 1912 οὕτω

97 1928 141 1956 καὶ
174 1928 201 1955 αἱ
230 1927 391 1966 περιεκτικαὶ
424 1926 513 1966 ἀρεταὶ
547 1927 594 1959 τὰς
624 1928 733 1968 μερικὰς
761 1928 787 1956 ἐν
818 1929 925 1960 ἑαυταῖς

97 1970 389 2011 συμπεριλαμϐάνουσιν
433 1971 527 2011 ἀρετάς
545 1981 554 1990 ⁸
590 1972 604 2000 ὁ
643 1973 693 2012 γὰρ
728 1971 857 2007 πωλήσας
893 1973 925 2003 τὰ

97 2017 252 2056 ὑπάρχοντα
278 2017 368 2052 αὐτοῦ,
394 2017 438 2044 καὶ
459 2015 644 2056 διασκορπίσας
671 2017 737 2046 αὐτὰ
766 2024 823 2049 τοῖς
853 2028 924 2045 πτω-

97 2069 177 2102 χοῖς,
199 2061 243 2089 καὶ
272 2060 355 2094 πένης
382 2061 487 2101 ἀφάπαξ
509 2062 659 2100 θενόμενος,
690 2063 776 2091 πάντα
790 2061 832 2102 ὑφ’
849 2062 876 2090 ἓν
890 2063 922 2090 τὰ

95 2112 148 2137 τῶν
178 2110 292 2147 μερικῶν
327 2106 440 2135 ἐντολῶν
470 2106 651 2148 ἐξεπλήρωσεν
669 2116 676 2123 ⁶
721 2110 767 2138 οὐκ
805 2108 842 2136 ἔτι
872 2109 921 2149 γὰρ

96 2154 189 2194 χρείαν
204 2152 262 2192 ἔχει
276 2155 314 2189 τῷ
335 2152 448 2180 αἰτοῦντι
469 2151 579 2192 διδόναι,
609 2153 628 2187 ἢ
658 2154 696 2191 μὴ
719 2153 920 2193 ἆποστραοῆναι

1009 1484 1073 1515 H7.
1085 1484 1165 1515 Dura
1180 1485 1243 1516 hac
1258 1485 1316 1525 (a),
1333 1489 1361 1516 et
1376 1494 1502 1516 onerosa
1512 1485 1650 1516 omnibus
1664 1486 1789 1518 fortasse

723 1527 766 1558 Τίς
783 1526 832 1566 ἄρα
844 1531 925 1556 ταῦτα
936 1526 957 1558 C
966 1527 1151 1561 videbantur.
1163 1529 1259 1565 Quare
1272 1529 1482 1561 existimabunt
1493 1539 1525 1560 se
1537 1535 1733 1561 consentanea
1741 1541 1788 1562 co-

965 1573 1067 1612 gitare,
1079 1575 1102 1604 si
1113 1574 1152 1605 ita
1163 1584 1265 1606 secum
1274 1575 1413 1614 cogitent.
1429 1574 1568 1611 Quisnam
1578 1576 1638 1606 haec
1647 1580 1788 1615 prazstare

966 1623 1069 1657 potest.
1088 1623 1119 1650 ut
1134 1619 1274 1649 omnibus
1292 1619 1411 1656 serviat,
1444 1619 1614 1660 victumque
1628 1620 1786 1661 ministret,

966 1665 995 1692 et
1009 1663 1114 1693 horum
1128 1663 1240 1694 nullum
1259 1664 1387 1703 negligat
1402 1664 1462 1695 ullo
1473 1664 1559 1694 modo
1569 1664 1651 1695 ‘ISed
1664 1664 1787 1696 Paulum

965 1707 1097 1744 audiant,
1107 1708 1123 1738 d
1130 1708 1218 1739 iserte
1224 1709 1400 1739 clamantem
1409 1719 1416 1739 :
1432 1722 1445 1736 α
1454 1708 1588 1740 Charitas
1594 1709 1673 1739 enim
1681 1709 1789 1741 Christi

964 1757 1048 1790 urget
1073 1761 1138 1789 nos,
1155 1753 1338 1791 aestimantes
1355 1753 1411 1784 hoc
1435 1753 1574 1793 quoniam
1599 1753 1623 1783 si
1641 1763 1716 1784 unus
1733 1764 1785 1794 pro

965 1794 1104 1826 omnibus
1114 1801 1246 1827 mortuus
1258 1802 1315 1837 est,
1328 1807 1397 1836 ergo
1409 1807 1512 1827 omnes
1525 1797 1632 1828 mortui
1644 1798 1760 1828 sunt26.
1773 1811 1784 1827 υ

1006 1840 1074 1872 118.
1083 1840 1339 1877 Quemadmodum
1347 1842 1495 1881 generalia
1506 1842 1643 1872 mandata
1655 1843 1787 1882 particu-

966 1883 1038 1915 laria
1051 1886 1207 1925 complexu
1222 1891 1251 1916 et
1266 1887 1460 1927 amplitudine
1489 1896 1541 1916 sua
1563 1886 1728 1924 continent,
1744 1889 1788 1918 sic

967 1933 996 1959 et
1005 1931 1159 1969 generales
1169 1931 1291 1962 virtutes
1307 1932 1500 1972 particulares
1520 1931 1639 1962 virtutes
1650 1940 1703 1962 Suo
1718 1941 1784 1964 am-

966 1973 1028 2004 bitu
1044 1980 1194 2007 cocrcent.
1215 1975 1269 2012 Qui
1285 1976 1364 2006 enim
1382 1975 1481 2006 vendit
1497 1975 1648 2006 facultates
1662 1985 1740 2013 suas,
1758 1982 1787 2008 et

966 2027 1016 2048 eas
1030 2018 1059 2049 in
1076 2028 1222 2060 pauperes
1237 2020 1384 2060 dispertit,
1403 2020 1552 2058 simulque
1567 2029 1601 2050 ac
1617 2020 1709 2051 semel
1723 2021 1787 2061 ipse

964 2072 1077 2103 pauper
1092 2063 1135 2101 ﬁt,
1153 2064 1255 2094 omnia
1270 2065 1406 2095 mandata
1437 2064 1624 2104 particularia
1639 2064 1668 2095 in
1684 2075 1743 2095 uno
1760 2069 1789 2096 et

962 2107 1051 2138 simul
1064 2112 1220 2139 exsecutus
1232 2112 1286 2139 est.
1303 2109 1366 2140 Nec
1377 2109 1456 2139 enim
1470 2109 1507 2139 de
1517 2115 1624 2148 caetero
1641 2118 1714 2148 opus
1731 2110 1785 2140 ha-

964 2151 1013 2181 bet
1024 2152 1138 2192 petenii
1150 2152 1234 2189 dare,
1247 2157 1363 2184 autnon
1374 2153 1466 2184 averti
1483 2153 1520 2184 ab
1530 2153 1639 2188 eo,’aut
1656 2162 1713 2183 non
1729 2153 1785 2184 foe-

95 2189 141 2227 :cbv
155 2197 261 2226 Oélovéz
282 2196 445 2225 δανείσασθαι
474 2195 521 2225 ἀπ’
548 2197 638 2232 αὖτοῦ,
671 2197 740 2226 οὕτω
755 2198 798 2226 καὶ
813 2198 827 2225 ὁ
841 2196 919 2226 ἀδια-

973 2189 1063 2227 ierari
1074 2197 1128 2228 illi.
1146 2197 1195 2229 Sic
1206 2198 1256 2238 qui
1269 2198 1380 2229 nullum
1398 2197 1540 2238 precandi
1556 2197 1645 2227 finem
1660 2196 1740 2237 facit,
1755 2198 1786 2228 in

95 2243 209 2274 λείπτως
237 2241 394 2281 εὒχόμενος,
416 2240 444 2268 ἐν
470 2241 556 2278 τούτῳ
583 2242 670 2270 πάντα
699 2241 862 2279 συνέκλεισε,
877 2242 922 2270 καὶ

973 2250 1019 2272 ioc
1034 2241 1134 2272 omnia
1149 2241 1286 2274 inclusit:
1318 2252 1372 2274 nec
1399 2242 1529 2282 amplius
1553 2241 1663 2282 septies
1691 2241 1720 2272 in
1737 2242 1786 2273 die

98 2291 145 2319 οὒκ
159 2288 198 2316 ἔτι
220 2287 328 2318 ἑπτάκις
343 2287 426 2314 αἰνεῖν
441 2288 490 2320 τῆς
512 2286 613 2326 ἡμέρας
643 2288 689 2315 τὸν
720 2287 823 2327 Κύριον,
840 2287 858 2320 ἢ
873 2287 921 2315 έσ-

973 2287 1123 2317 )ominum
1141 2286 1273 2324 laudare,
1291 2292 1320 2318 et
1330 2296 1465 2328 vespere,
1476 2290 1504 2317 et
1516 2286 1787 2326 mane,etmeridie

96 2333 190 2374 πέρας,
213 2333 256 2361 καὶ
270 2332 342 2371 πρωϊ
365 2331 408 2359 καὶ
435 2331 600 2372 μεσημϐρίας
630 2332 674 2361 ὑπ’
703 2332 823 2371 ἀνάγκην
839 2331 920 2369 ἐστὶν,

973 2340 1086 2362 lacesse
1103 2331 1192 2363 habet
1208 2341 1215 2363 :
1234 2337 1266 2364 ut
1280 2333 1329 2373 qui
1342 2332 1405 2372 jam
1422 2331 1523 2362 omnia
1551 2330 1695 2370 implevit,
1722 2341 1787 2372 quae

134 2418 165 2444 εὖ
177 2418 264 2450 Deut.
280 2416 373 2455 xv,7.
417 2415 448 2441 ³4
461 2416 564 2448 Matth.
581 2425 611 2454 v,
627 2416 677 2448 42.
719 2415 749 2442 33
762 2416 866 2448 Matth.
882 2425 922 2447 vn

973 2440 981 2453 ,
998 2417 1028 2447 8.
1072 2415 1101 2440 εὖ
1116 2416 1141 2448 ΙΙ
1155 2416 1223 2448 Cor.
1240 2426 1269 2454 ν,
1287 2417 1335 2450 lli.

138 2508 181 2549 (α)
196 2508 290 2549 [tecte
298 2505 401 2549 timuit
416 2506 549 2549 Simegn,
565 2515 611 2549 ea,
627 2515 694 2546 quae
707 2504 802 2549 capite
816 2504 962 2549 superiori
979 2505 1150 2549 tradiderat,
1168 2507 1257 2549 nimis
1272 2507 1347 2538 dura
1360 2507 1452 2549 visum
1465 2506 1512 2536 iri.
1527 2506 1604 2549 Vere
1620 2506 1700 2549 enim
1713 2510 1786 2549 dura

95 2546 176 2581 sunt;
189 2547 264 2584 Quid
280 2547 366 2578 sinec
378 2556 447 2578 vera
458 2547 470 2578 ‘.’
480 2546 548 2578 Non
557 2548 638 2578 enim
648 2549 682 2577 ut
692 2546 765 2586 aliis
775 2547 816 2577 sit
825 2546 974 2582 remissio,
986 2546 1064 2577 vobis
1074 2550 1174 2578 autem
1185 2548 1348 2581 tribulatio.
1362 2548 1414 2578 sed
1427 2556 1466 2577 εχ
1476 2547 1663 2586 aequalitate,
1678 2546 1783 2586 inquit,

94 2589 253 2630 Apostolus
264 2587 289 2630 II
298 2587 334 2619 ad
345 2586 412 2619 Cor.
423 2596 485 2624 vm,
500 2585 785 2630 cohortansﬁdeles,
796 2586 939 2630 uthegenis
947 2595 1033 2625 opem
1050 2587 1154 2617 ferant.
1169 2587 1396 2630 Quaeizequalitas
1409 2596 1467 2630 non
1530 2587 1586 2630 hoc
1601 2585 1741 2630 constitit,
1757 2591 1787 2617 ut

97 2625 147 2670 qui
158 2629 339 2674 quidhabet,
351 2633 520 2674 exaequ_etur
531 2628 605 2674 nihil
617 2626 748 2674 habenti,
761 2625 853 2674 Sed'in
867 2627 932 2663 hoc,
945 2629 979 2657 ut
989 2629 1184 2674 quimultnm
1195 2625 1292 2667 habet;
1305 2637 1365 2660 non
1385 2627 1527 2672 u‘bundet,
1539 2627 1638 2674 dando
1653 2627 1787 2674 videlicet

95 2666 197 2709 e'genis
211 2669 241 2699 id
256 2666 336 2709 quod
349 2666 537 2709 superﬂuum
553 2672 597 2699 est
613 2677 621 2706 ;
640 2671 669 2698 et
687 2667 915 2709 qu£_m_odicum,
932 2675 994 2709 non
1011 2668 1153 2709 minoret,
1171 2669 1227 2699 hoc
1242 2666 1298 2707 est,
1317 2674 1347 2700 ut
1359 2668 1408 2708 qui
1419 2676 1530 2709 pauper
1541 2672 1595 2703 est,
1612 2666 1785 2709 liberalitate

96 2706 194 2740 aliena
219 2706 348 2749 adjutus,
374 2706 432 2739 non
456 2709 546 2747 magis
568 2711 655 2748 atque
671 2706 763 2749 magis
779 2706 809 2749 in
825 2706 962 2745 egestatis
977 2706 1165 2749 incommoda
1185 2708 1316 2742 incurrat
1331 2720 1338 2746 ;
1355 2706 1426 2739 nam,
1438 2712 1469 2749 ut
1480 2706 1548 2749 quis
1565 2706 1732 2749 necessaria
1746 2708 1784 2749 ad

97 2750 185 2781 vitam
201 2746 314 2788 eroget,
331 2758 424 2789 seque
439 2746 561 2789 pauperi
577 2746 857 2789 erogatisomnibus
872 2756 971 2789 parem
989 2747 1094 2789 etliciat
1112 2758 1119 2785 ;
1147 2748 1178 2779 id
1203 2755 1235 2780 ut
1250 2750 1399 2780 interdum
1415 2746 1529 2779 eximia:
1540 2746 1689 2789 charitatis
1704 2746 1784 2789 indi:

98 2786 463 2833 cium_esse'queat,'_nulli
479 2786 578 2820 tamen
594 2786 648 2829 per
663 2797 695 2818 se
710 2786 859 2830 loquendo
876 2787 1046 2830 praecipitur
1063 2798 1072 2826 ;
1097 2791 1208 2831 quique
1236 2790 1265 2824 id
1290 2799 1350 2825 non
1365 2789 1513 2833 observat,
1530 2787 1640 2818 nullius
1656 2787 1786 2823 mandati

95 2830 187 2865 divmi
201 2839 273 2863 reus
284 2829 390 2871 peragi
407 2833 512 2871 potest.
