1982 3075
89 175 156 209 673

780 177 921 211 CAPITA
941 177 1114 210 MORALIA

1727 179 1787 213 674

91 251 186 282 γονεῖς
202 256 231 273 τε
252 247 296 274 καὶ
321 245 422 286 φίλους,
451 246 496 274 καὶ
525 246 605 284 μόνον
626 247 749 285 ἡγεῖσθαι
777 245 877 286 πατέρα
892 257 912 274 τι

972 244 1085 283 tmicos,
1102 254 1159 276 nec
1172 242 1250 276 nllos
1265 253 1320 286 pro
1343 249 1427 287 patre
1454 249 1486 277 ‘et
1514 251 1609 278 matre
1625 246 1713 285 habe,
1730 247 1788 278 nisi

92 289 140 317 καὶ
159 290 261 330 μητέρα
288 291 333 318 τὸν
361 291 425 318 Θεὸν
453 291 496 319 καὶ
521 292 565 319 τὸν
593 294 748 330 προεστῶτα
766 300 774 309 ⁸
803 292 846 320 καὶ
863 291 920 328 μή-

93 345 163 362 ποτε
192 335 271 375 χάριν
294 338 448 373 σωματικῆς
479 337 570 376 χρείας
597 335 658 376 παρ’
688 338 772 365 αὐτῶν
795 347 820 364 τι
841 337 921 371 αἰτή-

64 408 67 411 ,
93 380 191 407 σασθαι
210 389 217 396 ·
249 381 270 408 εἰ
299 380 325 408 δὲ
353 381 396 408 καὶ
425 382 455 409 ἐκ
481 382 602 420 προνοίας
628 379 691 420 παρ’
719 383 803 410 αὒτῶν
828 392 853 409 τι
884 382 924 408 σοὶ

94 422 250 464 ἀποσταλῇ,
268 423 348 465 δέξαι,
379 426 422 453 καὶ
451 425 585 465 ὑπέρευξαι
614 428 664 459 τῆς
694 426 778 454 αὐτῶν
805 425 924 463 κηδεμο-

95 469 154 500 νίας
173 479 180 487 ·
206 470 346 510 παράσχου
370 469 396 497 δὲ
418 471 448 498 τὸ
472 470 565 498 σταλὲν
588 471 624 501 εἱς
652 471 683 498 τὸ
711 469 886 510 Ξενοδοχεῒον,
903 469 920 503 ἢ

94 513 134 544 εἰς
157 514 187 541 τὸ
209 522 381 551 νοσοκομεῗον
399 522 405 528 ·
431 516 475 543 καὶ
500 520 578 545 τοῦτο
605 515 716 548 ποίησον
745 515 772 543 ἐν
787 515 920 543 ταπεινώ-

94 568 138 585 σει
158 569 164 576 ·
203 561 232 588 οὗ
259 560 309 599 γὰρ
340 563 391 588 τῶν
419 559 527 588 τελείων
555 560 621 600 ἐστὶ,
649 559 718 588 ἀλλὰ
744 563 797 588 τῶν
825 559 921 600 ἐλαχί-

93 613 178 632 στων.

138 643 209 687 ρλαί.
238 651 329 677 Ποιεῖν
357 648 383 676 δὲ
411 653 462 677 πᾶν
504 653 625 689 πρᾶγμα,
655 649 719 689 ὅπερ
748 649 801 677 ἐστὶ
829 649 920 695 καλὸν,

95 693 165 730 μετὰ
181 693 375 733 ταπεινώσεως,
391 693 559 732 ἐννοούμενον
575 695 619 722 τὸν
644 694 749 722 εἰπόντα
765 701 772 709 '
800 705 812 721 σ
848 693 922 721 νΟταν

93 737 183 764 πάντα
198 738 338 774 ποιήσητε,
370 739 460 778 λέγετε
488 738 528 766 ὅτι
556 737 679 778 Ἀχρεϊοι
706 737 792 767 δοῦλοί
816 738 922 776 ἔσμενὸ

93 781 244 821 ὠφείλομεν
261 785 382 822 ποιῆσαι,
399 785 595 821 πεποιήκαμεν.
615 796 627 810 n

136 821 206 866 ρλβ’,
224 821 379 855 Φυλάττειν
395 827 421 856 δὲ
450 829 494 856 καὶ
518 833 565 858 τοῦ
593 829 696 866 μήποτε
723 829 860 857 κοινωνίαν
875 828 919 856 δέ-

93 870 200 911 ξασθαι,
216 871 325 912 ἔχοντός
348 884 395 900 σου
408 873 476 900 κατά
496 884 578 912 τινος,
609 874 688 913 μέχρι
711 874 753 901 καὶ
768 872 918 913 προσϐολῆς

92 915 227 953 λογισμοῦ
244 925 250 931 ’

93 961 206 1000 ἐργάσῃ.
225 961 297 1002 μλὴν
319 962 363 989 καὶ
376 965 452 990 τοῦτο
466 962 518 990 ἀπὺ
533 965 580 995 τῆς
600 965 682 1002 εὐχῆς
698 963 816 999 μαθήσῃ.

137 1005 187 1044 ρλγ
200 1027 208 1034 .
227 999 347 1044 νἘτοιμον
363 1005 390 1034 δὲ
415 1007 485 1034 εἶναι
513 1006 569 1035 καθ’
595 1007 710 1040 ἑκάστην
737 1006 838 1046 ἡμέραν
853 1008 918 1046 πρὸς

93 1049 232 1090 ὑποδοχὴν
261 1051 350 1084 πάσης
384 1050 497 1088 θλίψεως
515 1060 521 1066 ·
561 1051 728 1089 ἐννοούμενον
761 1051 918 1091 ἀπαλλαγὴν

94 1095 193 1126 ταύτας
220 1095 273 1124 τῶν
301 1094 406 1123 πολλῶν
436 1095 597 1135 ὀφλημάτων
639 1096 722 1135 εἶναι,
745 1097 788 1124 καὶ
817 1096 922 1136 εὔχαρι-

94 1147 171 1168 στετν
185 1143 223 1177 τῷ
238 1140 304 1178 ἁγίῳ
320 1143 377 1177 Θεῷ
394 1149 400 1156 ·
428 1140 457 1168 ἐκ
480 1141 529 1180 γὰρ
555 1141 653 1169 τούτων
681 1140 774 1168 κτᾶταί
789 1152 828 1172 τις
850 1140 920 1180 παῤ-

93 1185 189 1224 ῥησίαν
218 1185 437 1224 ἀκαταίσχυντον,
475 1186 542 1214 κατὰ
567 1186 612 1213 τὸν
639 1185 722 1224 μέγαν
744 1184 916 1214 Ἀπόάτολον.

104 1233 128 1258 Η
164 1230 212 1269 γὰρ
240 1229 326 1267 Θλίψις
355 1231 491 1268 ὑπομονὴν
518 1230 725 1269 κατεργάζεται·
754 1231 772 1264 ἡ
799 1229 826 1257 δὲ
848 1230 917 1258 ὑπο-

95 1275 177 1311 μονὴ,
201 1273 313 1312 δοκιμήν
332 1283 338 1289 ·
368 1276 386 1308 ἡ
417 1274 444 1302 δὲ
459 1273 567 1314 δοκιμὴ,
584 1273 675 1302 ἐλπίδα
692 1283 698 1290 '
715 1275 732 1308 ἡ
748 1273 774 1302 δὲ
790 1274 865 1306 ἐλπὶς
888 1276 917 1303 οὔ

93 1319 278 1359 καταισχύνει,
296 1320 344 1348 Καὶ
372 1320 421 1359 γὰρ
455 1330 466 1346 α
496 1320 511 1346 ἃ
540 1319 672 1358 ἁρθιλμῖις
704 1320 750 1347 οὒκ
777 1318 845 1358 εἶδε,
875 1321 917 1347 καὶ

93 1364 139 1395 οὖς
155 1363 202 1392 οὔκ
216 1364 325 1400 ἤκουσε,
340 1365 384 1392 καὶ
398 1364 440 1391 ἐπὶ
454 1363 560 1403 καρδίαν
576 1364 712 1402 ἀνθρώπου
728 1364 774 1392 οὒκ
789 1363 882 1403 ἀνέϐη,
903 1376 914 1392 υ

93 1409 176 1437 ταῦτα
202 1408 256 1435 ἔστι
285 1409 352 1436 κατᾶ
387 1409 436 1441 τὴν
467 1408 568 1446 ἀψευδῆ
597 1407 758 1447 ἀπαγγελίαν
787 1415 846 1439 τοῖς
876 1407 917 1436 διὰ

92 1452 208 1489 Θλίψεων
221 1453 269 1485 τὴν
285 1453 432 1489 ὑπομονὴν,
459 1453 633 1492 συνεργούσης
653 1456 702 1486 τῆς
718 1453 845 1492 χάριτος,
861 1453 917 1481 ἐπι-

93 1495 269 1534 δεικνδμὲνοις
286 1506 293 1513 ·
311 1495 370 1526 ἄνευ
384 1498 433 1536 γὰρ
449 1497 557 1537 χάριτος
578 1499 607 1527 οὗ
622 1496 725 1526 δύναταί
741 1509 765 1525 τι
780 1499 915 1537 κατορθω-

93 1543 183 1575 θῆναι.

135 1582 202 1626 ρλδ’,
220 1587 263 1621 Μὴ
281 1588 422 1620 κεκτῆσθαι
452 1585 479 1615 δέ
505 1598 530 1615 τι
559 1590 610 1615 τῶν
638 1586 735 1615 ὑλικῶν
763 1587 789 1615 ἐν
804 1591 842 1624 τῷ
857 1587 945 1623 κελοα

93 1632 152 1670 λίῳι
180 1632 260 1672 μέχρι
282 1633 326 1660 καὶ
351 1631 455 1671 ῥαφίδος
473 1639 480 1646 ⁸
504 1632 578 1663 ἐκτὸς
607 1632 711 1669 ψιάθου,
741 1631 845 1669 κωόίου,
874 1634 917 1662 καὶ

92 1676 216 1712 παλλίου,
233 1677 276 1705 καὶ
291 1678 326 1704 ὤν
342 1674 528 1716 περιϐέϐλησαι
547 1685 554 1692 ·
577 1677 599 1704 εἰ
623 1675 730 1704 δυνατὸν
747 1677 784 1714 μὴ
800 1675 826 1704 δὲ
848 1677 915 1705 ὑπο-

93 1721 185 1750 πόδιον
203 1731 210 1738 ⁶
228 1721 281 1750 ἔστι
297 1722 346 1761 γὰρ
360 1722 403 1749 καὶ
426 1723 483 1761 περὶ
511 1721 609 1750 τούτων
638 1732 676 1753 τις
693 1720 771 1760 λόγος
789 1729 795 1736 ⁸
814 1720 886 1759 ὅμως
902 1723 916 1750 ὁ

94 1769 163 1794 νοῶν
178 1768 278 1795 νοείτω.

136 1810 197 1850 ρλη.
213 1811 256 1844 Μὴ
271 1809 293 1838 δ’
309 1811 341 1839 αὗ
355 1811 434 1840 πάλιν
450 1811 574 1839 ἀπαιτεῖν
603 1821 631 1838 σε
659 1811 703 1838 τὸν
729 1811 876 1849 ἡγούμενον
891 1822 915 1838 τι

94 1859 146 1884 τῶν
172 1854 319 1895 χρειωόὦν,
348 1855 420 1888 ἐντὸς
450 1859 503 1884 τῶν
530 1855 733 1892 τετυπωμένων,
762 1857 805 1883 καὶ
835 1861 916 1885 ταῦτα

547 1899 614 1937 μηδὲ
641 1899 709 1930 ὅλως
738 1902 776 1936 τῷ
796 1899 915 1928 ὑποϐάλ-

557 1943 774 1976 ἀντικατιιλλάξαι
804 1955 829 1972 τι
864 1947 916 1972 τῶν

94 1901 138 1928 ὅτε
156 1901 232 1931 uino:
254 1900 368 1932 καλέσας
393 1900 490 1940 παρέξῃ
509 1907 516 1914 '

94 1945 167 1973 λοντι
195 1945 348 1982 πειθόμενος
384 1944 516 1984 λογισμῷ,

94 1990 296 2029 παρεχομένων,
321 1988 379 2017 ἀλλ’
395 1991 440 2017 οἶα
455 1989 476 2016 δ’
499 1988 530 2017 ἂν
554 1990 627 2025 εἰσὶν,
654 1989 690 2020 ὡς
719 1987 748 2016 ἐκ
777 1992 842 2017 Θεοῦ
857 1989 916 2026 μετ’

95 2034 262 2074 εὐχαριστίας
282 2033 434 2073 λαμϐάνειν,
463 2034 506 2061 καὶ
536 2032 594 2071 μετ’
620 2034 705 2061 αὐτῶν
734 2032 888 2061 διοικεῖσθαι
906 2043 914 2050 ⁸

95 2090 133 2116 μη
149 2078 244 2111 ἐξεῖναι
271 2077 298 2105 δὲ
326 2078 488 2117 ἐξαγοράζειν
518 2077 616 2118 ἕτερον,
646 2077 807 2116 ῥυπουμένου
822 2076 849 2104 δὲ
870 2083 916 2108 τοῦ

93 2123 208 2160 ἱματίου,
225 2121 261 2154 δὶς
277 2126 323 2150 τοῦ
348 2122 444 2162 χρόνου
473 2121 514 2150 δεῖ
543 2127 620 2152 τοῦτο
649 2121 754 2150 πλύνειν
771 2130 778 2136 ·
795 2122 916 2151 αἰτοῦντα

95 2168 215 2207 σχήματι
229 2170 341 2206 πτωχοῦ
356 2168 398 2194 καὶ
412 2166 494 2203 ξένου,
513 2167 579 2204 μετὰ
605 2167 692 2200 πάσης
717 2167 912 2203 ταπεινώσεως,

963 289 1056 320 Deum
1066 294 1095 320 et
1106 290 1308 330 superiorem;
1326 300 1382 322 nec
1394 300 1522 332 unquam
1533 291 1696 332 corporalis
1707 300 1788 324 com-

966 334 1044 365 modi
1056 335 1150 374 gratia
1159 335 1318 375 quidquam
1331 336 1367 366 ab
1380 336 1438 366 illis
1451 336 1566 376 postula
1579 346 1586 374 ;
1599 336 1624 367 si
1637 336 1706 376 quid
1715 346 1786 368 vero

965 388 1025 419 pra
1037 379 1245 412 benevolentia
1256 380 1309 411 tibi
1325 381 1472 417 miserint,
1491 382 1604 421 accipe,
1615 390 1650 412 ac
1665 391 1716 422 pro
1733 391 1786 412 eo-

964 432 1029 454 rum
1047 424 1244 464 prosperi'ate
1260 433 1396 465 pxecare,
1420 425 1542 456 missum
1559 430 1657 456 autem
1673 427 1785 457 donum

963 468 998 497 ad
1011 468 1160 508 hospitum
1173 473 1220 499 aut
1231 474 1408 508 tegrotorum
1430 479 1530 501 curam
1546 475 1678 511 accepta,
1694 471 1785 511 idque

963 512 1006 543 fac
1020 523 1085 543 cum
1099 513 1280 552 humilitate;
1294 515 1349 545 hoc
1365 516 1443 545 enim
1453 524 1511 545 non
1521 520 1564 546 est
1574 516 1784 556 perfectorum,

963 558 1016 588 sed
1033 558 1237 590 minimarum.

1009 642 1056 672 131
1067 667 1073 674 .
1085 642 1141 673 Fac
1154 652 1242 673 omne
1254 643 1446 682 opusbonum
1457 654 1524 675 cum
1537 644 1786 685 humilitate,me-

965 697 1030 717 mor
1044 687 1123 718 illius
1139 687 1190 726 qui
1205 688 1278 719 dixit
1295 713 1302 719 .
1335 699 1349 718 ‹
1379 689 1451 720 Cum
1476 689 1607 721 feceritis
1622 690 1721 720 omnia
1736 690 1785 720 di-

963 732 1021 763 cite
1039 743 1045 761 :
1064 731 1147 763 Servi
1163 732 1284 764 inutiles
1299 743 1402 764 sumus
1413 733 1455 763 52.
1477 745 1489 763 ι

1007 823 1061 853 132
1089 825 1163 856 Cave
1179 834 1215 855 ne
1233 834 1361 865 unquam
1375 825 1615 856 communionem
1627 826 1784 867 suscipias,

963 867 1075 898 habens
1089 869 1198 909 aliquid
1215 869 1356 900 adversus
1372 870 1549 910 proximum,
1568 870 1655 901 etiam
1675 880 1785 902 meram

281 916 330 948 ἕως
353 916 414 945 ὅτου
442 917 483 945 διὰ
512 919 650 955 μετανοίας
678 918 726 951 τὴν
748 917 912 957 καταλλαγὴε

972 908 1148 952 rogitationis
1164 914 1320 949 otl'emam,
1337 908 1433 945 donec
1449 924 1502 955 per
1517 914 1721 955 paenitentiam
1736 925 1783 947 re-

961 957 1198 988 conciliationem
1215 963 1352 999 operatus
1368 959 1469 990 fueris.

1004 1001 1059 1032 133
1087 1003 1208 1033 Paratus
1224 1007 1286 1034 esto
1301 1003 1435 1043 quotidie
1449 1003 1485 1034 ad
1497 1003 1702 1044 suscipiendas
1717 1014 1784 1035 om-

960 1055 1014 1076 nes
1027 1046 1242 1084 tribulationes,
1257 1052 1336 1078 ratus
1350 1047 1426 1078 illlas
1441 1057 1457 1078 a
1469 1048 1568 1078 multis
1578 1048 1707 1079 liberare
1719 1058 1785 1089 pec-

963 1089 1046 1127 catis,
1061 1095 1088 1122 et
1101 1092 1210 1129 gratias
1219 1101 1272 1131 age
1285 1091 1344 1122 Deo
1359 1103 1365 1121 :
1393 1092 1451 1122 illae
1464 1092 1542 1123 enim
1559 1093 1676 1133 pariunt
1690 1093 1784 1125 liber-

963 1138 1050 1165 tatem
1069 1136 1319 1173 inconl‘usibzlem,
1334 1137 1416 1176 juxta
1433 1146 1569 1175 magnum
1586 1138 1781 1177 Apostolum:

965 1191 977 1206 α
996 1179 1160 1211 Tribulatio
1177 1181 1347 1221 patientiam
1364 1186 1515 1222 operatur,
1530 1182 1671 1222 patientia
1685 1187 1782 1213 autem

963 1224 1177 1264 probationem,
1197 1225 1331 1266 probatio
1346 1235 1416 1257 vero
1432 1236 1527 1267 spem,
1541 1232 1710 1267 spesautem
1723 1237 1783 1258 non

957 1269 1111 1300 confundit
1121 1271 1163 1300 53.
1177 1283 1188 1300 »
1204 1270 1322 1302 Etenim
1337 1285 1348 1299 «ι
1364 1271 1434 1307 Quae
1444 1271 1546 1302 oculus
1560 1281 1618 1302 non
1630 1272 1713 1311 vidit,
1727 1282 1783 1303 nec

960 1315 1039 1346 auris
1051 1316 1172 1355 audivit,
1187 1326 1241 1346 nec
1252 1317 1281 1346 in
1293 1325 1345 1346 cor
1356 1316 1486 1346 hominis
1497 1317 1746 1355 ascenderunt“,
1765 1328 1779 1347 ι

959 1358 1009 1389 illa
1019 1365 1149 1396 manent,
1160 1361 1242 1400 juxta
1253 1361 1448 1391 certissimam
1474 1361 1714 1400 promissionem,
1732 1371 1783 1393 eos

959 1403 1007 1443 qui
1024 1414 1075 1443 per
1087 1405 1311 1436 tribulationum
1325 1405 1506 1445 patientiam,
1523 1407 1679 1445 adjuvante
1690 1407 1783 1445 gratia

960 1448 1032 1487 (sine
1049 1450 1142 1488 gratia
1159 1451 1238 1481 enitn
1258 1450 1329 1481 nihil
1347 1450 1416 1481 boni
1446 1451 1511 1481 ﬁeri
1526 1454 1647 1491 potest),
1665 1451 1783 1491 probati

958 1492 1089 1524 luerunt.

998 1588 1066 1618 134.
1081 1587 1160 1619 Nihil
1173 1587 1324 1619 materiale
1337 1588 1488 1628 possideas
1500 1589 1529 1620 in
1545 1592 1593 1619 tua
1607 1589 1725 1628 cellula,
1743 1600 1781 1622 ne

958 1641 1042 1662 acum
1059 1633 1179 1671 quidem
1198 1636 1337 1673 (cheptts
1352 1636 1461 1673 storea,
1489 1634 1630 1673 stragulo,
1649 1635 1737 1674 pallio
1753 1640 1782 1666 et

957 1677 1165 1717 vestimentis),
1179 1678 1340 1714 necetiam,
1358 1677 1382 1708 si
1398 1678 1592 1717 possibilesit,
1605 1679 1778 1711 scabellum:

958 1731 1026 1751 nam
1043 1726 1071 1752 et
1086 1722 1191 1752 horum
1207 1722 1324 1762 aliquod
1340 1727 1385 1752 est
1401 1723 1529 1763 pretium
1544 1733 1549 1754 :
1582 1727 1711 1755 attamen
1726 1725 1778 1765 qui

956 1765 1126 1804 intelligens
1142 1772 1187 1797 est
1201 1767 1356 1806 intelligat.

1001 1811 1065 1842 135.
1081 1810 1157 1841 Nihil
1170 1811 1308 1842 utiliuma
1323 1810 1477 1850 superiore
1493 1815 1623 1852 repetas,
1641 1813 1698 1844 nisi
1714 1823 1781 1854 quae

957 1859 1026 1884 sunt
1037 1859 1145 1895 notata,
1158 1855 1247 1895 idque
1259 1865 1325 1886 cum
1339 1855 1403 1895 ipse
1414 1856 1467 1886 tibi
1481 1857 1625 1887 accersito
1641 1867 1675 1888 ea
1690 1858 1779 1889 obtu-

959 1899 1026 1929 lerit
1038 1909 1046 1937 ;
1058 1909 1112 1930 nec
1124 1900 1280 1937 ullatenus,
1294 1900 1535 1941 suggestionibus
1545 1903 1651 1932 mentis
1662 1903 1779 1934 obtem—

959 1952 1075 1983 perans,
1093 1949 1256 1975 commutes
1268 1944 1395 1985 aliquam
1412 1954 1511 1975 rerum
1529 1945 1580 1976 tibi
1597 1946 1776 1987 oblatarum,

958 1987 1010 2018 sed
1027 1998 1210 2029 quaecunque
1234 1990 1302 2027 sint,
1320 1998 1387 2020 cum
1403 1993 1561 2027 gratiarum
1579 1991 1697 2022 actione
1714 1996 1774 2023 tan-

957 2041 1045 2073 quam
1061 2033 1097 2063 ab
1112 2034 1177 2073 ipso
1195 2034 1255 2064 Deo
1272 2043 1321 2064 eas
1349 2034 1462 2074 accipe,
1493 2034 1594 2075 eisque
1610 2035 1776 2076 acquiesco.

957 2077 1019 2108 Non
1032 2078 1218 2118 licetaliquid
1226 2079 1304 2109 aliud
1315 2087 1432 2116 emere;
1444 2079 1496 2109 sed
1507 2079 1656 2110 sordidam
1669 2085 1779 2112 vestem

957 2121 1002 2152 bis
1012 2122 1042 2153 in
1054 2127 1132 2153 anno
1144 2123 1217 2160 lava,
1231 2127 1334 2163 petens
1347 2123 1435 2153 veluti
1449 2123 1602 2154 mendicus
1623 2130 1651 2155 et
1671 2125 1782 2165 hospes

957 2177 1023 2197 cum
1034 2169 1114 2199 omni
1126 2167 1291 2199 humilitate
1301 2167 1422 2198 alterius
1443 2168 1540 2199 fratris
1557 2169 1780 2208 vestimentum,

95 2212 181 2251 ἑτέρου
209 2211 320 2252 ἀδελφοῦ
345 2210 522 2251 περιϐόλαιον,
553 2211 648 2252 μέχρις
684 2211 745 2240 ὅτου
779 2212 809 2239 τὸ
844 2210 912 2239 ἴδιον

972 2213 1053 2243 lonec
1063 2216 1144 2243 tuum
1155 2213 1247 2243 lotum
1257 2213 1320 2243 Sole
1331 2213 1460 2243 siccetur
1468 2223 1475 2250 ;
1483 2217 1511 2243 et
1522 2213 1592 2244 illud
1606 2218 1779 2254 posteacum

93 2256 186 2285 πλυθέν
221 2257 271 2284 ὑπὸ
306 2261 352 2285 τοῦ
379 2255 453 2290 ἡλίου
478 2256 604 2296 ξηρανῦᾔ,
636 2255 694 2284 Εἴθ’
724 2256 806 2287 οὕτως
834 2256 914 2286 πάλιν

93 2300 149 2340 μετ’
167 2303 334 2341 εὐχαριστίας
363 2299 512 2329 ἀποδιδόναι
530 2309 536 2315 ·
567 2301 692 2332 ὡσαύτως
718 2302 761 2329 καὶ
789 2300 911 2332 παλλίον,

92 2347 136 2374 καὶ
156 2346 182 2373 εἴ
197 2357 222 2373 τι
242 2346 342 2385 ἕτερον.

200 2385 204 2394 ¹
303 2394 313 2398 ν
362 2391 368 2399 κ
452 2391 457 2399 ι
495 2389 520 2399 -υ
704 2394 715 2399 ~
738 2389 749 2400 ἐ

132 2390 194 2430 ρλξ
209 2415 215 2422 ,
231 2396 330 2426 Κοπιᾳν
346 2389 373 2418 δε
397 2401 465 2418 κατα
493 2400 601 2428 ουναμιν
629 2390 656 2418 ἐν
685 2402 720 2429 τη
735 2391 864 2431 οιακονίᾳ,
887 2391 914 2419 ἐν

93 2435 119 2463 δὲ
134 2438 172 2472 τῷ
194 2435 289 2472 κελλίῳ
317 2442 452 2474 καρτερεῖν
484 2435 511 2463 ἐν
592 2435 673 2475 εὗγσῇ,
704 2436 770 2473 μετὰ
799 2437 913 2464 κατανύ-

92 2481 167 2516 ξεως,
196 2481 239 2507 καὶ
280 2483 431 2519 προσοχῆς,
475 2481 519 2508 καὶ
559 2483 678 2519 συνεχῶν
713 2479 838 2519 δακρύων,
871 2481 915 2508 καὶ

93 2526 130 2563 μὴ
145 2524 240 2552 τιθέναι
257 2524 283 2552 ἐν
311 2528 345 2562 τῇ
374 2523 484 2564 διανοίᾳ,
516 2524 555 2552 ὅτι
584 2525 699 2564 σήμερον
721 2525 912 2565 ὑπερεκπερισ-

92 2573 137 2597 σοῦ
165 2569 373 2608 ὲκκεκοπιακὼς,
404 2568 491 2609 ὑφείλω
519 2580 543 2596 τι
576 2571 625 2602 τῆς
653 2571 737 2609 εὶχῆς
764 2569 840 2597 ἕνεκα
868 2575 914 2599 τοῦ

92 2619 243 2652 σωματικοῦ
270 2613 364 2644 κόπου,
393 2614 469 2652 Λέγω
497 2624 538 2641 σοι
565 2614 626 2653 γὰρ,
649 2612 689 2641 ὅτι
715 2613 776 2642 ὅσον
805 2614 849 2643 ἐάν
873 2626 912 2646 τις

91 2660 180 2687 ἑαυτὸν
196 2658 320 2696 βιάσηται
336 2658 362 2685 ὲν
387 2661 421 2696 τῇ
448 2657 575 2697 διακονίᾳ,
604 2659 736 2698 στερηθεὶς
751 2661 799 2691 τῆς
815 2661 911 2699 εὐχῆς,

91 2706 158 2745 μέγα
175 2717 201 2733 τι
216 2704 413 2733 ἀπολωλεκέναι
427 2705 519 2732 οἰέσοω
537 2713 544 2721 ·
561 2705 604 2732 καὶ
619 2706 668 2744 γὰρ
681 2704 763 2736 οὕτως
779 2704 848 2745 ἔχει,

130 2745 197 2790 ρλξ,
219 2751 271 2789 Πρὸ
287 2750 392 2777 πάντων
421 2748 459 2786 δὲ,
491 2749 607 2785 ἁπαντᾷν
635 2750 671 2781 εἷς
700 2750 747 2781 τὰς
762 2749 909 2783 ἐκκλησια-

955 2257 1116 2296 gratiarum
1128 2257 1244 2288 actione
1259 2257 1363 2288 redde.
1379 2256 1451 2288 Item
1468 2257 1505 2289 de
1522 2258 1610 2299 pallio
1627 2263 1656 2290 et
1670 2259 1707 2290 de
1719 2268 1779 2290 cae-

957 2301 1040 2333 teris.

998 2387 1064 2418 I36.
1082 2386 1195 2418 Labora
1211 2396 1262 2427 pro
1278 2386 1389 2417 viribus
1417 2387 1475 2417 tuis
1503 2387 1533 2418 in
1551 2387 1731 2426 ministerio,
1746 2389 1777 2421 in

956 2432 1030 2462 cella
1044 2437 1141 2463 autem
1159 2441 1316 2472 persevera
1330 2432 1360 2462 in
1386 2432 1530 2470 oratione,
1548 2442 1614 2463 cum
1630 2443 1778 2473 compun-

957 2478 1054 2508 ctione
1070 2482 1098 2508 et
1110 2477 1284 2514 attentione,
1297 2482 1325 2507 et
1341 2477 1478 2517 lacrymis
1494 2477 1654 2515 continuis,
1673 2478 1779 2509 necita

955 2521 1154 2554 ratiocinare:
1175 2534 1188 2550 α
1206 2521 1299 2552 Hodie
1326 2521 1416 2552 nimis
1431 2521 1568 2561 fatigatus
1581 2522 1690 2563 aliquid
1707 2533 1778 2554 ora-

956 2566 1028 2596 tioni
1045 2566 1215 2597 subtraham
1237 2569 1357 2606 propter
1371 2567 1507 2606 corporis
1522 2566 1740 2598 lassitudinem.
1762 2580 1774 2597 ι

956 2610 1026 2641 Dico
1043 2611 1122 2642 enim
1145 2610 1197 2641 tibi
1225 2615 1484 2651 quantamcumque
1511 2611 1568 2642 sibi
1594 2611 1650 2642 vim
1668 2612 1778 2652 aliquis

955 2655 984 2685 io
996 2655 1157 2686 laborando
1168 2655 1313 2692 intulerit,
1327 2655 1461 2685 oratione
1474 2656 1603 2696 privatus
1618 2656 1779 2688 arbitretur

953 2710 985 2732 se
1002 2710 1120 2741 passum
1137 2710 1203 2731 esse
1219 2699 1442 2740 detrimentum,
1461 2700 1490 2730 id
1508 2700 1585 2740 quod
1602 2709 1703 2731 verum
1720 2706 1774 2734 est.

992 2746 1060 2777 13⁵1.
1073 2746 1151 2776 Ante
1162 2754 1266 2775 omnes
1281 2744 1317 2775 ad
1329 2744 1465 2775 ecclesia).
1473 2754 1596 2785 synaxes
1607 2746 1729 2784 accede,
1747 2751 1777 2778 et

128 2837 154 2858 ³³
168 2837 243 2868 Luc.
258 2843 331 2875 xm,
347 2836 398 2867 10.
439 2834 466 2857 ³³
480 2834 565 2866 Rom.
582 2844 612 2874 v,
630 2835 660 2867 5.
703 2835 729 2856 34
751 2835 805 2868 lsa.
821 2844 902 2875 LXtv,
918 2835 957 2878 4;
973 2834 986 2866 Ι
1000 2834 1066 2866 Cor.
1084 2841 1116 2871 ιι,
1132 2835 1163 2865 9.
