1982 3075
185 176 245 212 675
832 174 1022 210 SYMEONIS
1041 174 1218 213 JUNIORIS
1811 178 1874 214 6'76

186 247 306 279 ultimus
321 247 442 286 recede,
465 250 587 287 excepta
614 255 719 286 magna
747 246 934 284 necessitate,
951 257 965 277 s

1091 249 1138 281 κὰς
1161 247 1289 286 συνάξεις,
1304 248 1354 277 κωὶ
1368 247 1480 278 ὕστατον
1507 249 1673 290 ὑποχωρεῖν,
1701 249 1776 281 ἰκτὸς
1790 250 1873 289 ἀνάγ-

185 293 350 333 praesertim
364 302 395 323 in
419 291 523 324 Ofﬁcio
553 291 708 329 matutino,
740 295 769 322 et
797 291 828 322 in
857 292 967 322 sacraI

1088 305 1098 325 ς
1121 293 1242 333 μεγάλης
1259 301 1266 309 ”
1284 293 1384 332 μᾶλλον
1399 292 1425 322 δὲ
1440 293 1467 322 ἐν
1482 298 1519 332 τῷ
1533 294 1625 334 ὄρθρῳ,
1642 294 1687 323 καὶ
1701 297 1735 333 τῇ
1748 294 1870 336 λειτουρ-

185 338 293 377 turgia.

1048 338 1092 376 γίᾳ
1099 362 1103 367 .

227 384 294 414 l38.
307 381 432 414 Omnem
445 381 645 413 obedientiam
662 381 1004 422 praebetuosuperiori,a

1089 378 1159 422 ρλη’,
1185 379 1334 423 ιΥιτοταγὴν
1350 383 1377 412 δὲ
1392 387 1477 413 πᾶσαν
1506 386 1648 418 κεκτῆσθαι
1677 384 1713 416 εἰς
1736 385 1782 412 τὸν
1803 384 1871 412 κατὰ

182 436 240 467 quo
251 430 400 458 tonsuram
413 426 580 466 suscepisti,
593 430 621 457 et
638 426 808 457 indistincte
821 436 964 466 quacunq

1091 427 1250 468 ἡγούμενον,
1265 427 1309 468 ὑφ’
1338 429 1367 456 οὗ
1394 429 1438 456 καὶ
1464 428 1600 469 ἆπεκάρης
1617 437 1625 444 ⁸
1655 429 1699 456 καὶ
1714 427 1871 468 ἇδιακρίτως

181 471 325 513 przecipit.
337 472 466 512 adimple
474 481 566 512 usque
575 471 611 502 ad
619 475 756 509 mortem,
767 472 883 502 etiamsi
894 471 963 511 impt

1098 471 1159 511 παρ’
1176 472 1254 500 αὖτοῦ
1274 473 1489 512 προσταττόμενα
1517 473 1662 513 ἐκπληροῦν
1691 473 1771 513 μέχρι
1785 473 1869 500 θανά-

181 517 280 547 sibilia
295 516 349 547 tibi
363 517 519 548 videantur
535 525 542 548 :
567 516 597 547 in
614 517 670 547 hoc
685 517 765 547 enim
780 516 905 546 imitaris
919 517 963 546 “il

1086 529 1101 554 ι,
1118 518 1197 545 εἶκαὶ
1225 516 1337 545 ἀδύνατά
1361 529 1402 546 σοι
1429 517 1514 548 δοκεῖ.
1547 517 1590 547 Ἐν
1616 519 1701 556 τούτῳ
1724 520 1774 558 γὰρ
1797 522 1868 557 μιμῇ

181 562 232 602 qui
247 563 343 593 factus
358 565 403 592 est
419 560 562 592 obediens
577 571 671 601 usque
680 561 716 592 ad
727 565 863 598 mortem,
877 566 963 591 mortt

1083 561 1285 589 θὺπακούσανσα
1310 561 1390 602 μέχρι
1414 562 1535 600 θανάτου,
1566 563 1677 592 θανάτου
1705 561 1732 590 δὲ
1743 566 1865 602 σταυροῦ,

180 610 278 636 autem
295 606 393 637 crucis
406 606 448 635 35.
465 605 568 646 Neque
591 606 646 636 soli
669 605 825 646 superiori,
844 606 896 636 sed
913 605 962 636 eti:

1116 606 1196 642 μόνον
1224 605 1252 633 δὲ
1279 607 1324 634 τὸν
1351 607 1509 646 ἡγούμενον,
1539 606 1608 635 ἀλλὰ
1633 609 1677 636 καὶ
1698 611 1784 636 πᾶσαν
1818 608 1867 641 τήν

180 650 319 681 omnibus
335 650 486 686 lratribus,
513 655 543 681 et
558 651 789 681 ministeriorum
806 650 955 691 praefecto,

1085 649 1218 690 .lcpdmrz,
1235 651 1279 679 καὶ
1293 651 1337 679 τὸν
1352 652 1399 683 τὰς
1422 650 1551 684 διακονίας
1577 651 1820 692 ἐγκεχειρισμένον,
1838 654 1867 681 οὗ

179 695 317 726 omnibus
330 695 454 726 obedire
465 699 589 735 oportet.
607 695 690 732 Quod
707 695 732 726 si
747 697 825 726 vires
837 699 900 726 tuas
911 704 961 725 exc

1084 694 1098 727 ὴ
1111 700 1275 735 παρακοῦσαι
1291 694 1316 723 ἔν
1331 707 1380 724 τινι
1399 705 1405 712 ·
1423 695 1482 724 ἀλλ’
1499 698 1520 724 εί
1543 697 1587 724 καὶ
1602 697 1665 736 ὑπὲρ
1679 696 1787 734 δύναμιν
1803 697 1822 736 ᾗ
1836 699 1866 726 τὸ

179 739 230 770 dat
241 739 318 780 quod
332 740 385 771 tibi
397 745 575 780 praeceptum
588 745 642 777 est,
656 740 789 771 dolorem
801 744 882 771 tuum
898 749 961 780 exp]

1086 741 1255 780 ταττόμενον,
1277 740 1367 779 βαλὼν
1382 741 1533 779 μετάνοιαν,
1550 740 1660 775 αἵτησαι
1682 742 1865 781 συγχώρησιν,

179 793 276 822 mens,
294 794 385 825 posce
401 784 692 816 condemnationem.
722 783 814 821 Quam
830 784 855 815 si
870 785 961 824 deneg

1094 783 1121 812 δὲ
1135 786 1200 824 πρὸς
1225 789 1302 814 τοῦτο
1329 785 1460 823 ἀνανεύει,
1491 797 1505 813 ι
1533 791 1591 815 Των
1619 787 1735 824 βιαστῶν
1763 787 1832 816 ἐστιν
1849 788 1865 821 ἡ

178 831 263 866 verit,
276 830 380 860 dicens
394 839 401 860 :
425 842 438 858 α
455 831 588 870 Regnum
605 829 747 861 caelorum
764 829 819 860 vim
838 830 956 870 patitur,

1081 828 1160 857 τιλεία
1175 833 1227 857 τῶν
1241 832 1367 870 οὖρανων,
1383 831 1428 859 καὶ
1442 831 1547 869 βιασταὶ
1568 831 1725 870 ἁρπάζουσιν
1741 832 1833 870 αὒτὴν⁷
1850 844 1863 859 ιι

177 873 298 905 violenti
311 874 432 914 rapiunt
445 874 517 905 illud
532 874 575 911 36,
595 887 608 902 ››
627 874 683 904 vim
700 874 751 904 tibi
767 874 854 906 infer.

712 874 751 904 ibi
767 874 854 906 infer.
1042 873 1224 914 λογιζόμενον,
1243 876 1335 905 ἑαυτὸν
1349 877 1492 914 βιάζεσθαι,

222 919 288 950 139.
317 919 372 955 Qui
400 929 465 950 cum
496 920 586 950 corde
615 919 741 950 contrito
771 919 938 960 procumbit
963 919 999 950 ad

1084 916 1148 960 ρλϐ’,
1172 921 1208 949 Τὸ
1233 921 1299 958 μετὰ
1329 921 1550 961 συντετριμμένης
1578 920 1684 961 καρδίας
1710 922 1866 962 προσκυλιν-

179 963 269 1004 pedes
284 964 416 995 omnium
433 965 572 1005 fratrum,
588 965 734 996 obscurus
750 968 778 995 et
794 964 939 1004 inglorius
954 974 961 993 ι

1085 967 1142 994 σθαι
1157 973 1215 998 τοῖς
1238 967 1302 994 παισὶ
1327 966 1415 1000 πάσης
1443 968 1490 1004 τῇς
1519 965 1708 1006 ἆδελφότητος,
1739 969 1774 999 ὡς
1792 968 1865 1008 ἀφα-

177 1008 275 1047 detur,
287 1009 339 1039 sed
349 1009 472 1040 minime
483 1014 537 1041 est.
551 1009 599 1040 Sic
611 1009 691 1040 enim
703 1009 738 1040 ad
749 1009 838 1040 vitam
850 1018 959 1040 reversu

1083 1021 1088 1041 ;
1111 1011 1154 1038 καὶ
1169 1010 1316 1050 ἄγνωστος,
1332 1012 1376 1039 καὶ
1404 1009 1473 1042 ὅλως
1500 1011 1539 1048 μὴ
1567 1009 1614 1040 ὤν.
1640 1012 1688 1040 Καὶ
1719 1012 1769 1051 γὰρ
1781 1012 1865 1044 οὕτως

177 1057 207 1083 et
221 1053 331 1093 (audeo
347 1053 461 1092 dicere)
479 1054 631 1094 perspicax
647 1054 754 1092 factus,
769 1054 860 1085 multa
874 1055 959 1095 prop!

1103 1055 1152 1093 βίῳ
1183 1055 1422 1096 ἀναστρεφόμενος,
1469 1054 1554 1094 θαῤῥῶ
1599 1056 1685 1084 εἰπεῖν
1716 1055 1865 1096 διορατικὸς

176 1102 227 1138 tat,
245 1099 400 1138 adjuvante
415 1100 518 1139 gratia.
550 1099 725 1139 ilujusmodi
751 1099 796 1129 vir
820 1099 857 1129 de
873 1099 958 1129 aliort

1082 1099 1194 1141 ιόμενος,
1222 1099 1310 1128 πολλὰ
1338 1099 1473 1140 προλέγει,
1510 1102 1559 1133 τῆς
1582 1101 1691 1141 χάριτος
1721 1102 1864 1141 συνεργού-

177 1143 306 1182 peccatis
321 1143 426 1182 gemit,
445 1149 474 1174 et
494 1143 634 1174 immotus
649 1143 688 1174 ab
703 1143 784 1174 omni
801 1144 959 1174 materialiu

1082 1156 1101 1176 ς.
1140 1140 1168 1174 I0
1203 1145 1336 1176 τούιοῦτος
1370 1146 1414 1173 καὶ
1447 1144 1511 1184 ὑπὲρ
1540 1140 1634 1185 ἑτέρων
1670 1140 1864 1183 ἐλαττωμάτων

176 1187 282 1217 οίῐθοιιι
299 1192 464 1228 permanet,
480 1188 549 1228 quia
566 1188 729 1228 spiritualis
741 1192 770 1218 et
785 1188 901 1218 divinus
915 1197 958 1218 am

1082 1195 1149 1222 ,νεῖ-
1187 1189 1380 1229 ἀπερίσπαστος
1409 1189 1434 1222 ἐξ
1469 1189 1565 1218 ὑλικῶν
1600 1191 1776 1230 προσπαθείας
1811 1191 1864 1229 μέ-

176 1231 260 1262 illum
277 1232 307 1262 in
323 1231 369 1262 his
385 1233 537 1264 offendere
553 1242 611 1263 non
627 1233 708 1263 sinit.
725 1231 788 1263 Non
805 1233 911 1263 mirum
929 1242 958 1263 ve

1080 1245 1090 1261 ν
1107 1242 1114 1250 ·
1131 1238 1177 1263 τοῦ
1204 1240 1382 1273 πνευματικοῦ
1409 1235 1451 1263 καὶ
1478 1235 1546 1264 θείου
1572 1234 1668 1275 ἔρωτος
1698 1236 1737 1274 μὴ
1765 1235 1862 1268 ἐῶντος

175 1276 259 1306 illum
273 1277 460 1317 prophetare,
476 1287 542 1307 cum
554 1276 583 1307 id
597 1276 718 1317 saapeab
729 1276 801 1317 ipsis
813 1277 957 1307 daemonib

1078 1279 1117 1306 τὸν
1131 1278 1157 1307 ὲν
1172 1279 1275 1311 τούτοις
1298 1279 1445 1313 ὀλισθῆσαι.
1477 1281 1514 1309 Οὐ
1541 1281 1690 1318 θαυμαστὸν
1704 1279 1731 1308 δὲ
1746 1280 1776 1308 τὸ
1791 1291 1860 1319 προ-

175 1322 334 1361 provenire
350 1322 499 1361 contingat
516 1331 523 1353 :
549 1326 679 1352 attamen
704 1322 755 1362 qui
770 1321 957 1362 intelligen5¢

1079 1333 1136 1362 (ειν,
1153 1322 1281 1356 πολλάκις
1305 1323 1332 1352 δὲ
1353 1323 1486 1363 σῦμὸαίνει
1514 1325 1558 1353 καὶ
1586 1325 1615 1353 ἐκ
1629 1324 1760 1363 δαιμόνων
1773 1336 1861 1365 προσ-

174 1366 329 1406 intelligat.
341 1366 553 1407 Siquistamen
570 1366 766 1398 revelationes
781 1367 916 1407 accipere
933 1376 956 1397 ct

1081 1370 1177 1396 εσθαι·
1201 1368 1274 1407 ὅμως
1305 1370 1319 1397 ὁ
1348 1373 1413 1398 νοῶν
1442 1370 1531 1405 νοήσει
1548 1377 1555 1385 ⁸
1579 1369 1649 1403 πλὴν
1679 1371 1724 1399 ἐὰν
1751 1370 1860 1411 ἄρξηταί

175 1410 264 1450 perit,
282 1411 319 1441 iis
335 1411 435 1442 forsan
451 1411 626 1452 privabitur,
658 1415 759 1451 utpote
775 1416 957 1451 perscrulam

1106 1412 1227 1453 δέχεσθαι
1257 1413 1446 1454 ἐξαγορεύσεις,
1483 1415 1550 1447 ἴσως
1584 1416 1627 1444 καὶ
1661 1416 1759 1444 τούτων
1796 1426 1859 1443 στε-

175 1455 300 1500 aliorum
310 1455 661 1494 cogitationibusvacans.
672 1456 809 1486 Siautem
823 1464 882 1496 pra:
895 1465 957 1495 mag

1079 1464 1136 1494 ἷται,
1153 1458 1388 1498 ἇπασχολοῦμενος
1404 1459 1430 1488 ἐν
1455 1463 1493 1497 τῷ
1519 1461 1580 1492 τοὺς
1608 1459 1702 1500 ἑτέρων
1718 1460 1861 1499 λογισμοὺς

175 1499 344 1530 humilitate
358 1499 394 1530 ab
405 1500 459 1531 hac
471 1500 651 1537 curiositate,
664 1500 779 1531 scilicet
793 1509 809 1531 a
825 1500 953 1531 dicendo

1079 1502 1196 1542 ικρίνειν.
1224 1501 1285 1531 Ἐὰν
1308 1502 1335 1531 δὲ
1362 1503 1442 1532 πάλιν
1477 1504 1508 1532 ἐκ
1537 1499 1656 1538 πολλῆςν
1675 1505 1861 1537 ταπεινώσεως

174 1545 322 1575 audiendo
339 1544 495 1586 destiterit,
513 1545 637 1586 pristino
652 1544 817 1576 restituitur
825 1544 924 1576 statui.
941 1546 956 1576 ε

1076 1546 1139 1575 ὅτων
1173 1547 1316 1585 παύσηται,
1352 1548 1434 1588 ἤγουν
1469 1554 1515 1579 τοῦ
1549 1549 1634 1589 λέγειν
1669 1551 1712 1579 καὶ
1743 1550 1858 1588 ἀκούειν1

175 1589 346 1641 hujusmodi
360 1599 461 1640 rerum
477 1591 557 1621 solus
571 1590 651 1622 Deus
664 1589 797 1641 notitiam
806 1589 916 1641 habet:
930 1599 957 1630 eg

1077 1590 1118 1620 λιν
1132 1591 1337 1621 ἀποκαθίσταται
1353 1593 1390 1625 εἷς
1413 1593 1463 1627 τὴν
1491 1594 1618 1634 προτέραν
1633 1595 1859 1625 ἀποκατάστασιν.

174 1639 256 1665 metu
268 1633 426 1672 cohibitus,
444 1635 481 1666 de
495 1635 604 1666 talibus
619 1644 678 1666 non
693 1634 789 1666 audeo
806 1633 898 1675 loqui.

1077 1649 1089 1664 ν
1122 1636 1150 1665 δὲ
1184 1641 1236 1666 τῶν
1271 1638 1396 1666 τοιούτων
1424 1638 1527 1673 εἴδησιν
1561 1633 1640 1678 μόνος
1670 1641 1684 1668 ὁ
1713 1641 1776 1672 Θεὸς
1807 1640 1859 1668 ἒπ-

1036 1682 1149 1712 ίσταται.
1166 1680 1237 1722 Ἐγὼ
1252 1683 1302 1724 γὰρ
1316 1683 1390 1724 φόϐῳ
1403 1685 1595 1724 συνεχόμανος,
1612 1685 1670 1725 περὶ
1688 1685 1812 1714 τοιούτων
1828 1685 1859 1714 οὗ

1035 1726 1126 1765 τολμῶ
1141 1727 1307 1767 φθέγξασθαι.

216 1773 282 1804 140,
296 1772 409 1804 Habeto
424 1772 554 1803 animam
570 1771 699 1803 inDeum
708 1780 826 1811 semper
837 1770 992 1811 intentam,

1117 1768 1122 1777 ⁸
1149 1766 1152 1767 7
1166 1766 1199 1784 ’,νγ
1278 1773 1297 1783 ⁵λῖ
1334 1775 1340 1783 \
1409 1780 1418 1784 .-
1480 1775 1486 1785 Ι
1624 1775 1631 1785 \

1076 1784 1112 1812 ρμ
1125 1796 1132 1802 .
1172 1779 1254 1813 Ιιχειν
1275 1782 1302 1802 οε
1317 1785 1362 1802 τον
1377 1787 1435 1804 νουν
1451 1786 1563 1804 παντοτε
1588 1786 1653 1815 προς
1677 1776 1722 1804 τὸν
1738 1776 1813 1812 Θεὸν,
1831 1775 1858 1803 ἔν

171 1815 202 1848 in
218 1826 322 1847 somno
339 1821 369 1848 et
384 1817 414 1848 in
431 1817 539 1857 vigilia,
560 1817 590 1847 in
607 1816 730 1858 prandio
752 1816 826 1846 etin
842 1824 953 1846 sermor

1078 1817 1150 1854 ὕπνῳ
1178 1820 1221 1847 καὶ
1247 1819 1413 1860 ἐγρηγόρσει²
1437 1821 1550 1848 ἑστιάσει
1579 1821 1623 1849 καὶ
1651 1819 1750 1858 ὁμιλίᾳ,
1777 1820 1857 1860 ἐργο-

169 1861 201 1892 in
213 1871 353 1892 manuum
364 1862 467 1894 labore
477 1866 506 1893 et
519 1862 549 1892 in
562 1861 643 1892 omni
651 1861 709 1892 alia
719 1860 902 1901 operatione,
910 1860 951 1900 ju:

1074 1863 1118 1902 ίρω
1132 1874 1161 1891 τε
1173 1865 1217 1892 καὶ
1231 1864 1304 1902 πάσῃ
1331 1863 1399 1902 ἄλλῃ
1428 1864 1529 1906 πράξει,
1553 1867 1620 1895 κατὰ
1648 1867 1678 1894 τὸ
1692 1866 1856 1906 προφητικὸν

169 1905 324 1946 Propheta;
339 1907 490 1938 oraculum
507 1918 514 1938 ε
545 1918 558 1934 ‹
575 1905 772 1937 Providebam
790 1904 947 1935 Dominum

1075 1919 1125 1947 (ιον
1142 1918 1149 1925 ·
1182 1919 1193 1937 ι
1212 1910 1381 1949 Προωρώμην
1409 1911 1454 1938 τὸν
1477 1911 1568 1950 Κύριον
1596 1911 1708 1939 ἐνώπιόν
1737 1921 1787 1948 μου
1802 1909 1857 1938 δια-

171 1956 330 1992 conspectu
341 1961 406 1983 meo
417 1960 547 1992 semper.
561 1963 572 1980 ι
586 1951 709 1982 jEstima
722 1950 891 1994 teipsumiut
903 1959 953 1979 ma

1074 1953 1143 1985 ντός.
1176 1965 1189 1981 ι
1224 1949 1304 1992 Ἠγοῠ
1338 1953 1365 1981 δὲ
1393 1955 1484 1984 ἑαυτὸν
1512 1954 1728 1994 ἀμαρτωλότερον
1757 1956 1856 1986 παντὸς

171 2005 253 2026 mum
269 2000 454 2036 peccatorem
467 1996 546 2028 inter
556 2001 676 2027 cunctos
688 1995 835 2026 homines.
847 1993 953 2024 Persev

1072 1997 1178 2037 ἰρώπου,
1211 1999 1386 2037 Χρονιζούστις
1419 1999 1469 2038 γὰρ
1508 2000 1605 2032 ταύτης
1644 1993 1692 2033 τῆς
1730 2000 1854 2040 μνήμης,

170 2045 255 2072 ranle
270 2040 350 2071 enim
364 2042 418 2072 hac
430 2040 647 2077 recordatione,
661 2040 801 2079 all‘ulgere
813 2039 888 2070 solet
899 2048 952 2069 me]

1073 2053 1145 2082 puxev
1173 2042 1318 2081 ἐγγίνεσθαι
1344 2047 1378 2082 τῇ
1407 2042 1505 2080 διανοίᾳ
1534 2043 1677 2081 ἕλλαμψις,
1707 2043 1782 2077 δίκην
1803 2038 1855 2071 ἆκέ

170 2085 338 2123 illustratio,
356 2085 431 2116 radii
447 2086 562 2125 instar;
592 2090 620 2116 et
636 2090 778 2126 quantum
795 2085 870 2115 hanc
884 2093 949 2124 quze

1077 2099 1105 2120 ος
1123 2095 1130 2102 “
1147 2088 1190 2115 καὶ
1205 2088 1265 2116 ὅσον
1281 2089 1378 2122 ταύτην
1393 2088 1540 2128 ἐπιζητεῖς,
1556 2088 1644 2127 πολλῇ
1661 2092 1796 2129 προσοχῇ,
1812 2090 1856 2117 καὶ

170 2139 236 2160 cum
253 2139 360 2170 magna
374 2130 693 2170 diligentia,constanti
709 2130 819 2167 animo,
837 2129 952 2159 laboret

1071 2133 1220 2171 ερισπάστῳ
1244 2132 1354 2171 διανοίᾳ,
1378 2134 1451 2173 κόφῳ
1479 2145 1507 2162 τε
1535 2133 1638 2173 πολλῷ,
1667 2135 1711 2162 καὶ
1735 2133 1853 2173 δάκρυσι,

170 2174 237 2205 naci
249 2179 276 2205 et
289 2174 439 2215 lacrymis,
450 2178 529 2205 tanto
553 2175 738 2215 splendidior
747 2174 865 2213 aﬂ'ulget
882 2183 890 2211 ;
906 2173 952 2203 aﬂ‘t

1072 2177 1237 2218 λα’)γέστερον
1273 2179 1415 2218 φαίνεται·
1444 2179 1588 2219 φαινομένη
1624 2178 1662 2219 δὲ,
1693 2179 1828 2218 ἀγαπᾶται
1847 2181 1854 2193 ‘

168 2227 242 2258 gens
256 2227 325 2249 vero
340 2223 465 2256 amatur,
483 2224 579 2250 amata
594 2220 741 2260 puriticat,
754 2219 914 2259 puriﬁcans
931 2219 950 2249 Ι]

1073 2222 1197 2259 απωμένη
1232 2222 1270 2260 δὲ,
1307 2224 1447 2263 καθαίρει·
1478 2224 1634 2262 καθαίρουσα
1676 2223 1713 2259 δὲ,
1753 2222 1855 2257 θεοειδῆ

168 2255 295 2296 similem
312 2264 422 2304 reddit,
438 2255 634 2295 illuminando
649 2273 684 2295 ac
698 2255 832 2295 docendo
849 2263 950 2293 bonun

1073 2266 1220 2306 εργάζεται,
1256 2268 1402 2306 φωτίζοδσα
1449 2269 1492 2296 καὶ
1527 2267 1681 2298 διδάσκουσα
1716 2267 1855 2307 διακρίνειν

169 2309 246 2340 malo
262 2309 443 2339 discernere.
462 2308 621 2345 Praeterea,
651 2309 752 2346 frater,
769 2311 884 2348 oportet
899 2317 948 2337 mu

1090 2310 1172 2338 καλὸν
1193 2311 1245 2339 ἀπὸ
1270 2318 1316 2341 τοῦ
1344 2313 1476 2352 χείρονος,
1505 2312 1589 2353 Πλὴν,
1620 2312 1724 2352 ἀδελφὲ,
1754 2311 1855 2340 πολλοῦ

168 2353 270 2384 labore
284 2354 345 2385 Deo
360 2355 527 2393 cooperari,
540 2358 570 2384 ut
581 2354 631 2384 illa
652 2353 783 2394 perfecte
801 2352 947 2382 inhabitet

1071 2361 1074 2382 ἷ
1094 2355 1188 2396 κόπου,
1213 2357 1258 2384 σὺν
1280 2360 1348 2394 Θεῷ,
1377 2360 1423 2385 τοὺ
1449 2356 1555 2388 τελείως
1584 2357 1682 2390 ταύτην
1697 2357 1853 2389 εἰσοικισθῆ-

168 2401 217 2429 tua
230 2398 340 2438 anima,
358 2404 388 2428 et
407 2402 434 2428 te
449 2398 598 2429 illuminet
613 2398 690 2429 sicut
705 2398 774 2428 luna
783 2397 924 2428 tenebras
935 2406 950 2426 n

1071 2422 1074 2427 ν
1100 2403 1133 2438 τῇ
1159 2404 1192 2439 σῇ
1221 2403 1297 2441 ψυχῇ
1314 2411 1322 2419 ·
1350 2402 1393 2430 καὶ
1419 2402 1502 2440 ταύτῃ
1528 2401 1704 2440 καταυγάσαι,
1733 2400 1853 2439 ὥσπερὴ

168 2443 233 2474 ctis.
241 2443 367 2483 Oportet
375 2442 462 2473 etiam
473 2452 575 2473 cavere
586 2443 622 2474 ab
633 2443 754 2474 offensis
766 2442 950 2481 cogitutionu.

1072 2445 1131 2480 ιήνη
1153 2448 1198 2473 τὸν
1227 2449 1276 2479 τῆς
1298 2447 1389 2479 νυκτὸς
1417 2446 1508 2486 ζόφον.
1539 2446 1684 2486 Προσέχειν
1713 2444 1740 2472 δὲ
1755 2444 1854 2472 δεῖκαὶ

166 2497 249 2519 vanae
273 2488 374 2527 gloriae
397 2497 431 2519 ac
447 2488 697 2528 praesumptionis,
712 2492 740 2518 et
756 2497 793 2518 ne
808 2486 948 2518 condemr

1072 2501 1078 2521 :
1113 2489 1263 2529 προσϐολὰς
1295 2493 1347 2519 τῶν
1382 2491 1528 2532 λογισμῶν,
1564 2490 1710 2524 κενοδοξίας
1746 2501 1774 2518 τε
1809 2490 1854 2518 καὶ

166 2533 295 2574 aliquem
312 2542 400 2573 quem
413 2533 496 2564 vides
510 2533 623 2573 aliquid
640 2533 804 2573 incongrue
820 2531 945 2563 faciente

1070 2535 1155 2572 ζσεως,
1172 2537 1216 2563 καὶ
1231 2541 1276 2566 τοῦ
1301 2536 1339 2574 μὴ
1362 2537 1526 2576 κατακρίνειν
1553 2536 1612 2564 τινὰ
1640 2537 1740 2575 ὁρῶντα
1768 2534 1852 2573 ἀπρε-

166 2578 322 2610 Βωιηοηθε
339 2578 418 2609 enim
434 2578 569 2609 videntes
584 2579 713 2610 animam
728 2589 745 2610 a
757 2578 944 2619 passionibus

1071 2592 1079 2612 :
1108 2592 1132 2608 τι
1157 2581 1316 2620 πράττοντα.
1348 2582 1378 2610 Οἱ
1407 2581 1456 2620 γὰρ
1485 2580 1605 2618 δαίμονες
1633 2579 1774 2618 βλέποντες
1803 2579 1853 2612 τὴν

167 2622 393 2656 tentationibus,
410 2627 531 2663 propter
546 2623 760 2654 inhabitantem
791 2627 914 2662 gratam
927 2627 949 2653 sl

1070 2626 1124 2666 χὴν
1149 2626 1200 2654 ἀπὸ
1222 2630 1274 2655 τῶν
1297 2628 1387 2655 παθῶν
1415 2627 1459 2655 καὶ
1488 2629 1540 2654 τῶν
1568 2627 1722 2665 πειρασμῶν
1747 2623 1789 2652 διὰ
1803 2626 1851 2657 τῆς

167 2672 288 2709 tumque
304 2667 507 2708 tranquillum,
527 2667 694 2709 liberatam,
711 2669 738 2699 ei
750 2668 818 2699 talia
834 2667 949 2707 objiciui

1069 2671 1190 2705 ›ικήσεως
1206 2673 1255 2704 τῆς
1270 2672 1391 2711 λάριτος,
1421 2671 1465 2698 καὶ
1489 2673 1539 2703 τῆς
1567 2671 1700 2709 εἰρηνικῆς
1715 2669 1851 2696 καταστά-

165 2713 302 2744 Attamen
318 2713 459 2744 auxilium
487 2721 505 2742 a
533 2712 594 2744 Deo
625 2714 732 2745 veniet.
763 2712 808 2744 Sit
823 2713 876 2743 tibi
892 2712 947 2742 lucl

1068 2727 1099 2748 υς
1147 2715 1376 2756 ἐλευθερωθετσαν,
1427 2713 1602 2755 προϐάλλουσι
1650 2714 1683 2741 τὰ
1730 2716 1850 2744 τοιαῦτα,

164 2758 333 2797 continuus,
351 2762 382 2789 et.
396 2757 516 2789 satietas
544 2757 740 2799 lacrymarum
770 2767 922 2798 nunquam
939 2766 946 2788 ξ

1070 2772 1121 2793 ιως
1146 2762 1163 2795 ἡ
1192 2752 1301 2799 βοήθεια
1330 2752 1464 2790 ἔχ’Θεού.
1494 2759 1611 2787 Γενέσθω
1639 2757 1667 2787 δὲ
1694 2769 1735 2786 σοι
1764 2758 1852 2786 καὶτὸ

203 2848 229 2870 ³⁵
243 2849 372 2891 Philipp.
389 2856 423 2886 lt,
437 2847 469 2880 8.
511 2847 538 2870 ³6
551 2848 654 2881 Matth.
670 2857 713 2890 xx,
731 2848 779 2880 12.
