1982 3075
77 195 134 228 677

749 192 887 227 CAPITA
908 188 1091 227 MORALIA.

1704 188 1765 225 678

77 262 168 295 πένθος
205 261 336 299 διηνεκὲς,
372 262 416 290 καὶ
447 262 525 301 κόρος
561 264 614 289 τῶν
650 260 766 300 δακρύων
802 261 840 298 μὴ
867 261 913 299 ᾗ,Δ

959 260 1018 292 lave
1034 265 1131 292 autem
1149 271 1186 293 ne
1210 261 1329 303 aliquod
1356 260 1478 302 patiaris
1502 261 1712 293 detrimentum
1730 271 1765 292 ex

78 308 196 347 Πρόσεχε
224 306 251 334 δὲ
281 306 319 344 μὴ
356 306 481 335 ὲκπαθεῖν
511 318 536 334 τι
561 306 590 334 ἐκ
617 305 721 339 πολλῆς
746 309 832 346 χαρᾶς
860 302 903 333 καὶ

959 306 1039 337 nulla
1054 306 1153 337 laetitia
1169 311 1197 337 et
1212 302 1450 347 compunctione,
1478 316 1555 338 neve
1569 307 1632 337 haec
1646 305 1765 346 proprio

78 352 253 391 κατανύξεως,
271 350 337 389 μηδέ
353 350 379 384 ἐξ
402 351 465 379 ἰδίου
486 351 570 379 κόπου
594 351 637 379 καὶ
659 353 706 380 οὒκ
734 350 764 378 ἐκ
793 353 841 384 τῆς
857 354 902 378 τοῦ

959 349 1049 390 ebori,
1064 360 1122 381 non
1133 355 1230 381 autem
1243 351 1344 390 gratim
1357 351 1462 382 divina:
1475 351 1630 391 attribuas,
1645 354 1674 382 et
1687 351 1766 381 aufe-

80 400 144 426 Θεοῦ
180 397 289 436 χάριτος
325 399 406 424 ταῦτα
441 395 605 435 λογίσασθαι,

650 396 694 424 καὶ
729 395 902 436 ἀφαιρεθῶσιν

960 399 1047 425 antur
1062 405 1078 425 a
1093 399 1130 431 te,
1148 405 1182 426 ac
1200 395 1292 426 multa
1320 405 1454 435 quaerens
1482 396 1512 426 in
1529 396 1672 432 oratione,
1691 395 1765 426 nihil

80 441 110 469 ἐκ
124 445 180 472 σοῦ.
198 440 344 470 καὶπολλὰ
369 444 494 476 ζητησεις
524 441 552 469 ἐν
578 443 613 474 τῆ
643 440 712 480 εὖχῇ
740 441 783 468 καὶ
798 441 849 480 οὐχ
864 441 903 467 εὑ-

959 439 1078 470 nvenias
1090 444 1118 470 et
1129 441 1204 470 scias
1211 445 1351 480 quantum
1361 440 1470 471 donum
1480 441 1628 472 amiseris.
1638 441 1765 479 Utinam,

81 486 170 524 ρήσεις
189 493 195 500 ·
232 486 276 513 καὶ
312 486 403 524 γνώσῃ
442 487 499 514 οἷον
529 485 610 525 δῶρον
639 484 778 516 ἀπώλεσας
796 493 802 499 “
836 484 904 512 ἀλλὰ

84 529 229 568 μηδέποτε,
262 530 350 570 Κύριε,
393 531 582 570 στερηθείημεν
625 532 674 563 τῆς
702 532 751 563 σῆς
780 530 902 569 χάριτος.

85 574 169 612 Πλὴν,
194 574 301 615 ἆὲελφέ,
331 574 375 603 ἐὰν
402 576 446 602 καὶ
475 575 563 613 συμβῇ
591 579 676 611 τοῦτο,
708 574 840 613 ἐπίῤῥιψον
866 574 908 602 ἐπὶ

86 619 150 646 Θεὸν
179 621 227 649 τὴν
256 618 388 646 ἀσθένειάν
414 630 469 655 σου,
497 620 540 647 καὶ
567 619 691 656 ἀναστὰς,
720 619 834 650 ἐκτείνας
862 619 908 649 τὰς

87 670 196 703 χεῖρας,
231 663 299 695 εἶξαι
335 662 420 701 λέγων
455 662 522 691 οὕτω
539 673 546 680 ·
596 664 682 703 Κύριε,
728 662 837 696 ἐλέησόν
877 673 909 700 με

86 709 131 736 τὸν
158 707 324 747 ἁμαρτωλὸν,
355 708 398 735 καὶ
427 707 534 747 ἀσθενῆ,
573 709 616 736 καὶ
650 707 828 747 ταλαίπωρον,
866 708 909 735 καὶ

86 753 261 790 κατάπεμψον
277 752 317 780 ἐπ’
348 751 395 789 ἐμὲ
422 755 470 785 τὴν
498 753 577 792 χάριν
605 764 663 791 σου,
695 753 733 790 μὴ
748 752 798 780 ἐῶν
813 762 908 791 πειρα-

87 797 179 830 σθῆναί
207 807 239 834 με
265 796 329 835 ὑπὲρ
358 797 372 824 ὃ
400 795 522 834 δύναμαι.
557 797 606 837 ἰδε,
637 798 726 837 Κύριε,
756 799 780 824 αἱ
815 795 910 825 πολλαὶ

86 840 209 880 ἁμαρτίαι
238 851 288 877 μου
317 841 353 871 εἷς
383 841 442 868 θ”αν
479 842 588 879 ἀθυμίαν
627 843 669 869 καὶ
699 841 841 881 λογισμούς
878 851 911 878 με

87 885 199 924 ἤγαγον,
239 884 319 924 Ἐγὼ,
367 886 454 925 Κύριε,
498 886 519 913 εἰ
566 887 609 914 καὶ
643 886 756 923 θελήσω,
794 886 824 914 ἐκ
857 884 912 913 δαι-

89 930 176 967 μόνων
205 930 248 957 καὶ
279 931 390 964 οἰήσεως
419 931 468 964 τὴν
496 931 618 971 στέρησιν
655 934 704 964 τῆς
746 933 795 964 σῆς
826 941 911 970 παρα-

89 973 210 1009 κλήσεως
246 973 397 1014 λογίσασθαι
436 977 465 1004 οὗ
497 975 606 1013 δύναμαι
624 985 630 992 “

88 1019 194 1050 τούτους
236 1018 329 1051 αὖτοὺς
371 1020 644 1059 ἀντιπαρατάσσεσθαι
686 1021 745 1052 τοὺς
791 1021 821 1047 τὸ
867 1019 912 1046 σὸν

90 1062 194 1101 θέλημα
222 1064 324 1103 θερμῶς
353 1064 532 1096 ἐκτελοῦντας,
564 1064 636 1104 Ἐγὼ
662 1064 689 1092 δὲ
711 1066 741 1093 τὸ
768 1066 853 1094 αὐτῶν
874 1063 914 1091 θέ-

90 1107 165 1145 λημα
179 1107 236 1135 καθ’
263 1108 377 1142 ἑκάστην
405 1109 554 1148 ἐκπληρῶν,
584 1113 640 1142 πῶς
669 1109 712 1138 ὑπ’
740 1109 823 1137 ανῦτῶν
848 1119 911 1136 πει-

92 1154 282 1194 ρασθήσομαις
310 1155 465 1194 πειράζομαι
494 1154 521 1182 δὲ
550 1155 655 1187 πάντως
681 1155 731 1183 ὑπὸ
759 1158 810 1182 τῶν
842 1152 912 1182 ἰδίων

91 1198 237 1236 ἁμαρτιῶν.
272 1199 320 1227 Καὶ
355 1204 409 1237 νῦν,
441 1199 516 1239 Κύριέ
545 1211 606 1238 μου,
642 1201 729 1240 Κύριε,
761 1211 783 1228 ει
811 1198 914 1236 θέλημα

92 1243 138 1270 σὸν
172 1244 215 1271 καὶ
250 1242 309 1281 ἐμοὶ
342 1244 484 1284 συμφέρον,
519 1244 655 1273 εἰσελθέτω
684 1244 761 1273 πάλι-ι
789 1245 807 1278 ἦ
835 1243 914 1284 χάρις

93 1298 141 1315 σου
155 1288 190 1318 εἷς
214 1289 259 1315 τὸν
279 1288 370 1316 δοῦλόν
399 1300 446 1318 σου
474 1289 547 1322 ὅπως
572 1290 676 1328 βλέπων
705 1289 801 1323 ταύτην
829 1289 916 1328 χαίρω

95 1331 121 1359 ἐν
144 1332 280 1365 κατανύξει
295 1334 338 1361 καὶ
366 1333 501 1372 κλαυθμῷ,
533 1335 709 1374 φωτιζόμενος
739 1335 769 1362 ἐκ
793 1337 841 1367 τῆς
857 1334 915 1361 ταύ-

95 1388 145 1410 της
160 1377 289 1417 ἆειφώτου
318 1377 476 1416 ἐλλάμψεως
494 1390 502 1397 ·
532 1379 725 1420 φυλαττόμενος
753 1379 806 1407 ἀπὸ
833 1379 918 1417 ῥυπα-

97 1425 149 1460 ρῶν
177 1421 323 1461 λογισμῶν,
354 1424 396 1451 καὶ
424 1425 521 1455 παντὸς
550 1428 665 1464 πονηροῦ
693 1425 860 1464 πράγματος,
876 1422 920 1450 καὶ

95 1469 150 1493 τῶν
172 1466 230 1494 καθ’
258 1467 372 1501 ἑκάστην
407 1468 596 1509 σφαλλομένων
625 1481 668 1507 μοι
697 1470 723 1498 ἐν
752 1470 848 1509 γνώσει
876 1468 919 1496 καὶ

96 1510 200 1549 ἀγνοίᾳ,
231 1511 314 1551 ἔργων
342 1523 370 1540 τε
397 1514 441 1541 καὶ
469 1513 555 1552 λόγων
572 1524 581 1532 ·
611 1514 752 1553 λαμϐάνων
781 1514 920 1555 πληροφο-

946 484 1084 518 Domine,
1097 494 1248 524 nunquam
1261 494 1313 524 spo
1328 485 1424 515 iemur
1440 489 1487 515 tua
1496 485 1587 524 gratia
1597 486 1604 515 l
1618 489 1766 522 Attamen,

948 528 1048 564 frater,
1062 529 1085 558 si
1099 529 1151 559 hoc
1165 528 1217 559 tibi
1233 529 1345 559 accido:
1356 529 1388 565 it,
1406 530 1523 570 conjice
1537 531 1564 560 in
1575 530 1665 561 Deum
1682 529 1768 561 inﬁr-

950 573 1085 603 mitutem
1102 579 1192 609 tuam,
1211 578 1239 604 et
1254 583 1387 612 surgens,
1401 574 1531 605 extensis
1546 574 1681 606 manibus
1700 585 1768 615 pre-

950 627 1018 648 care
1034 619 1076 648 sic
1093 618 1218 658 loquens
1234 627 1240 649 :
1262 629 1274 647 ι
1293 618 1416 649 Domine
1430 619 1574 650 miserere
1589 620 1647 650 mei
1663 629 1768 660 pecca-

952 662 1033 699 toris,
1047 663 1206 701 etinlirmi,
1219 667 1246 693 et
1259 663 1429 700 miserrimi,
1448 668 1475 694 et
1492 664 1574 695 mitte
1589 664 1618 694 in
1635 669 1769 696 metuam

950 708 1086 747 gratiam,
1105 717 1162 737 non
1188 707 1306 746 potiens
1329 718 1376 738 me
1407 709 1513 739 tentari
1543 718 1632 750 supra
1647 709 1676 740 id
1692 710 1771 750 quod

952 760 1080 791 possum.
1096 751 1327 793 Vide,Domine,
1341 752 1370 783 in
1383 757 1520 793 quantam
1532 754 1772 795 animidejectio-

952 805 1033 831 nem,
1051 796 1169 836 inquas
1199 797 1391 835 cogitationes
1420 807 1467 829 me
1495 798 1665 830 induxerint
1682 800 1774 830 multa

953 845 1074 880 peccata
1089 850 1153 871 mea
1183 841 1254 880 Ego,
1272 841 1409 880 Domine,
1437 843 1551 874 etiamsi
1567 844 1698 882 voluero,
1715 845 1773 875 ob-

953 884 1096 915 stantibus
1112 885 1294 917 daamonibus
1315 896 1438 927 meaque
1454 888 1693 929 przesumptione,
1711 889 1772 929 pri-

953 929 1099 960 vationem
1116 935 1173 961 tute
1188 931 1399 962 consolationis
1429 933 1576 962 aestimare
1591 942 1649 963 non
1666 934 1746 964 valeo
1765 943 1772 964 :

668 975 729 1004 ora:
765 977 814 1015 γὰρ
846 976 911 1014 πρὸς
954 973 1013 1004 scis
1024 974 1104 1004 enim
1116 980 1218 1005 contra
1234 975 1306 1006 istos
1316 976 1503 1007 adversarios
1511 977 1697 1008 militandum
1709 987 1776 1009 esse

954 1017 991 1048 iis
1001 1018 1051 1058 qui
1061 1023 1138 1049 tuam
1149 1020 1324 1051 voluntatem
1337 1021 1397 1051 ferx
1406 1021 1453 1051 ide
1462 1025 1623 1052 sectantur.
1637 1022 1697 1061 Ego
1707 1031 1775 1053 vero

954 1062 1072 1094 illorum
1090 1064 1268 1095 voluntatem
1285 1065 1416 1105 quotidie
1432 1066 1608 1105 adimplens,
1626 1068 1776 1107 quomodo

955 1116 1058 1138 eorum
1068 1109 1570 1146 tentationihusobsistam‘2Tentor.
1581 1111 1648 1142 heu!
1657 1120 1778 1151 semper

954 1161 971 1182 a
986 1153 1113 1192 propriis
1130 1154 1269 1194 peccatis.
1283 1156 1318 1186 Et
1329 1164 1418 1191 nunc,
1434 1154 1559 1186 Domine
1573 1155 1623 1192 mi,
1639 1155 1775 1194 Domine,

955 1197 979 1227 si
989 1196 1171 1228 sitvolunlas
1197 1203 1245 1230 tua
1264 1203 1293 1230 et
1309 1209 1375 1230 mea
1390 1199 1511 1236 utilitas,
1529 1204 1695 1231 revertatur
1707 1210 1777 1239 gra-

957 1242 999 1273 tia
1015 1247 1063 1274 tua
1076 1243 1106 1274 in
1122 1243 1264 1275 famulum
1282 1249 1375 1284 tuum,
1393 1250 1425 1276 ut
1440 1254 1503 1276 eam
1517 1245 1621 1276 \idens
1634 1247 1778 1285 gaudeam

957 1287 988 1317 in
999 1289 1228 1328 compunctione
1239 1294 1268 1320 et
1279 1289 1452 1330 ploratibus,
1463 1289 1645 1320 illuminatus
1653 1291 1705 1321 hac
1714 1291 1779 1322 luce

958 1342 1075 1372 semper
1085 1339 1270 1372 coruscante,
1282 1344 1330 1365 me
1343 1335 1501 1374 diligenter
1514 1335 1781 1367 defendensabim-

961 1378 1286 1418 puriscogitntionihus,
1303 1383 1331 1410 et
1341 1380 1421 1410 omni
1432 1379 1575 1420 nequitia,
1588 1380 1782 1420 quotidianis~

961 1431 1018 1462 que
1035 1423 1162 1462 peccatis
1177 1424 1206 1454 in
1223 1434 1288 1464 qua:
1310 1425 1407 1454 sciens
1435 1429 1462 1454 et
1479 1423 1626 1461 nesciens,
1645 1424 1737 1455 verbo
1753 1429 1783 1454 ct

961 1476 1063 1507 opere,
1074 1467 1207 1504 delabor,
1222 1470 1397 1509 plenamque
1411 1469 1441 1498 in
1454 1473 1481 1499 te
1491 1469 1700 1499 conﬁdentiam
1709 1469 1783 1500 hau-

960 1511 1042 1542 riens
1057 1522 1090 1542 ex
1108 1513 1347 1544 tribulationibus
1375 1522 1448 1554 quas
1475 1522 1559 1544 servo
1588 1517 1636 1544 tuo
1652 1513 1784 1553 quotidie

97 1555 153 1594 ρίαν
194 1558 242 1589 τῆς
284 1558 320 1588 εἷς
356 1558 385 1585 σε
411 1557 568 1599 παρρησίας,
609 1560 696 1599 Κύριε,
726 1560 756 1588 ἐκ
784 1563 835 1587 τῶν
862 1559 913 1588 καθ

961 1557 1105 1587 suscitant
1122 1567 1189 1588 cum
1201 1558 1351 1589 daemones
1364 1562 1423 1588 tum
1441 1557 1588 1595 homines,
1603 1562 1632 1589 et
1648 1567 1683 1590 ex
1697 1558 1784 1589 inﬁr-

95 1600 198 1640 ἡμέραν
220 1606 441 1640 προσπιπτουσῶν
466 1603 579 1641 θλίψεων
601 1608 638 1642 τῷ
665 1604 748 1642 δούλῳ
769 1616 825 1642 σου,
849 1605 913 1644 παρὰ

962 1601 1063 1632 mitate
1081 1603 1208 1642 promite
1223 1603 1392 1643 voluntatis,
1418 1607 1498 1634 ratus
1512 1603 1613 1634 omnia
1629 1603 1785 1643 cooperari

96 1654 126 1671 τε
152 1643 283 1682 δαιμόνῶν
312 1647 354 1675 καὶ
390 1647 545 1687 ἀνθρώπων,
576 1649 620 1677 καὶ
647 1652 696 1683 τῆς
732 1649 848 1683 ἐκκοπῆς
875 1643 921 1678 τοῦ

97 1687 162 1718 ἰδίου
181 1689 341 1728 θελήματος,
368 1691 537 1731 ἐννοούμενος
566 1694 610 1722 καὶ
637 1695 670 1722 τὰ
698 1694 809 1732 μένοντα
837 1694 922 1733 ἀγαθὲ

96 1740 157 1779 τοῖς
177 1734 301 1773 ἀγαπῶσί
326 1747 365 1774 σε,
391 1737 477 1777 Κύριε.
507 1739 542 1766 Σὺ
571 1739 620 1778 γὰρ
647 1739 738 1776 εἶπας,
764 1740 853 1779 Κύριε,
882 1739 922 1767 ὅτι

100 1787 116 1807 (
148 1774 176 1807 ιΟ
206 1780 284 1808 αἰτῶν
313 1780 450 1820 λαμϐάνει,
491 1784 535 1811 καὶ
570 1785 584 1811 ὁ
611 1787 698 1819 ζητῶν
728 1784 849 1824 εὑρίσκει,
880 1785 923 1812 καὶ

99 1826 139 1860 τῷ
153 1825 270 1862 κρούοντι
294 1826 473 1866 ἀνοιγήσεται.
497 1840 508 1857 ι
535 1829 602 1868 Πρὸς
631 1828 658 1856 δὲ
679 1829 790 1864 τούτοις,
815 1828 921 1870 ἀδελφέ,

99 1868 145 1896 καὶ
159 1868 234 1908 ἕτερα
249 1869 297 1898 ὅσα
312 1870 505 1912 ἐπιχορηγήσει
522 1875 536 1901 ὁ
561 1875 624 1906 Θεὸς
655 1873 682 1901 ἒν
711 1877 744 1912 τῇ
759 1877 793 1913 σῇ
814 1868 924 1911 διανοίᾳ,

101 1912 236 1950 ἐπίμεινον
250 1916 422 1954 παρακαλῶν,
440 1921 478 1955 μὴ
508 1919 689 1958 χαυνούμενος
705 1919 731 1951 ἐξ
746 1918 866 1959 ἀκηὸίας,
883 1919 927 1946 καὶ

99 1958 144 1985 καὶ
160 1958 174 1985 ὁ
196 1957 291 2002 ᾇγαθὸς
308 1961 372 1991 Θεὸς
387 1961 416 1989 οὔ
432 1966 470 1999 μμ
486 1973 514 1990 σε
530 1963 724 2002 εγκαταλείπει.

142 1997 218 2041 ρμα”.
255 2003 365 2032 Κελλίον
399 2004 426 2033 δὲ
455 2007 470 2034 ὃ
498 2008 568 2047 παρᾶ
603 2011 647 2036 τοῦ
674 2011 840 2047 προεστῶτος
867 2007 926 2036 κατ’

101 2046 190 2092 ᾇρχὰς
220 2046 346 2088 εἴληφας,
377 2049 569 2091 ἐγκαρτερησον
600 2046 811 2092 μέχριγτέλους.
844 2053 872 2082 Εἰ
901 2052 927 2080 δὲ

101 2090 144 2119 διὰ
160 2091 339 2132 παλαιότητα,
365 2095 382 2129 ἢ
412 2096 564 2134 σύμπτωσιν
592 2099 671 2127 αὐτοῦ
697 2097 749 2126 ἀπὸ
778 2101 825 2125 τοῦ
849 2098 927 2137 λογι-

102 2141 172 2174 σμοῦ
188 2136 299 2177 ἐνοχλῇ,
328 2139 413 2177 βελὼν
443 2141 584 2178 μετάνοιαν
612 2145 650 2179 τῷ
678 2145 836 2181 προεστῶτι,
861 2143 928 2180 μετὰ

101 2181 289 2214 ταπεινώσεως
333 2183 496 2219 ὑπόμνησον.
543 2187 590 2214 Καὶ
637 2187 658 2214 εἰ
706 2186 754 2224 μὲν
788 2185 928 2215 ἐπακούσει

103 2237 162 2263 σου,
187 2232 268 2266 χαῖρε
285 2238 292 2244 ·
322 2229 343 2256 εἰ
365 2229 388 2256 δ’
410 2230 465 2268 οὖν,
483 2232 526 2258 καὶ
543 2231 624 2262 οΊτως
641 2232 844 2272 εὖχαρίστησον,
859 2232 928 2260 ὑπο-

106 2273 231 2309 μνησθεὶς
266 2277 312 2301 τοῦ
339 2278 386 2303 σοῦ
421 2276 554 2304 Δεσπότου
589 2280 635 2304 τοῦ
666 2278 703 2314 μή
741 2276 850 2316 ἔχοντος
880 2280 929 2304 ποῦ

104 2316 155 2350 τὴν
183 2317 301 2358 κεφαλὴν
331 2319 430 2351 κλῖναι.
462 2322 491 2350 Εἰ
522 2322 570 2361 γὰρ
597 2320 647 2355 δὶς,
677 2322 720 2349 καὶ
746 2322 812 2361 τρὶς,
839 2321 857 2355 ἢ
883 2331 930 2349 τε⁶

103 2361 196 2400 τρᾶκις
254 2364 318 2403 ὑπὲρ
373 2366 463 2394 τούτου
518 2365 748 2406 παρηνώχλησις,

101 2406 246 2447 πκῤῥησία,
283 2408 335 2437 εἷθ’
370 2409 452 2442 diuo:
502 2411 619 2447 ἀπιστία,
664 2412 708 2439 καὶ
751 2410 826 2442 τέλος
875 2422 928 2439 κα-

100 2452 275 2492 ταφρόνησις.
307 2455 336 2482 Ei
368 2455 412 2482 οὖν
440 2455 523 2488 θέλεις
551 2455 648 2495 ἤρεμον
673 2457 716 2484 καὶ
740 2456 854 2496 ἡσύχιον
875 2456 929 2494 βίον

101 2497 199 2538 διάξαι,
224 2499 261 2535 μὴ
286 2499 389 2527 ἀπαίτει
416 2501 446 2528 τὸ
475 2500 582 2529 σύνολον
613 2502 768 2538 σωματικὴν
795 2501 931 2540 θεραπείαν

102 2543 176 2582 παρὰ
207 2546 252 2571 τοῦ
285 2545 504 2583 καθηγουμένου·
539 2546 582 2574 καὶ
611 2546 660 2585 γὰρ
689 2544 747 2573 κατ’
783 2545 869 2585 ἀρχὰς
903 2547 932 2574 οὔ

102 2590 183 2615 τοῦτο
206 2587 334 2629 ὑπέσχου,
371 2588 439 2617 ἀλλὰ
467 2591 510 2618 καὶ
537 2592 588 2619 ὑπὸ
623 2590 729 2618 πάντων
752 2597 932 2630 καταπρονεῖ-

104 2634 176 2670 σθαι,
210 2634 253 2661 καὶ
281 2633 466 2667 ἐξουθενεϊσθαι
496 2636 563 2663 κατὰ
590 2636 640 2669 τὴν
668 2635 776 2668 ἐντολὴν
804 2640 849 2664 τοῦ
879 2635 933 2663 Κύ-

105 2681 173 2720 ρίου,
191 2681 234 2709 καὶ
264 2681 350 2722 φέρειν
379 2681 516 2720 γενναίως.
547 2682 576 2708 Εἰ
598 2680 641 2708 οὖν
668 2679 751 2712 θέλεις
780 2680 866 2707 πίστιν
887 2680 934 2708 παὶ

105 2725 217 2765 ἀγάπην
239 2727 304 2765 πρὸς
329 2728 420 2764 αὔτὸνῖ
435 2727 539 2762 σώζειν,
570 2726 613 2753 καὶ
646 2726 682 2757 ὡς
712 2725 787 2763 ἅγιον
815 2723 932 2764 βλέπειν,

104 2771 221 2811 τὰντρία
235 2772 315 2800 ταύτα
329 2770 439 2811 φύλαξον
458 2781 463 2787 ·
495 2771 534 2809 μὴ
556 2771 678 2799 ἀπαιτεῖν
707 2771 740 2798 τὰ
761 2770 825 2808 πρὸς
855 2771 934 2809 θερα-

813 2366 928 2394 τίκτεται

146 2859 174 2891 37
189 2862 291 2896 Matth.
307 2871 359 2902 vn,
376 2865 407 2895 8.
450 2862 477 2886 38
489 2863 594 2896 Matth.
611 2870 674 2903 vm,
688 2862 738 2895 20.

940 2254 964 2285 D

961 1646 991 1676 in
1004 1646 1114 1677 bonum
1130 1647 1322 1686 diligentibus
1334 1652 1371 1684 te,
1386 1648 1532 1685 Domine;
1549 1657 1616 1678 nam
1629 1651 1658 1678 tu
1671 1647 1784 1685 dixisti,

962 1691 1108 1723 Domine:
1130 1691 1185 1727 Qui
1207 1693 1289 1732 petit,
1315 1692 1435 1732 accipit,
1458 1696 1487 1723 et
1501 1692 1551 1732 qui
1567 1692 1684 1732 quaerit,
1700 1691 1786 1723 inve-

964 1736 1018 1772 nit,
1035 1741 1064 1766 et
1081 1737 1206 1776 pulsanti
1233 1736 1384 1777 aperietur
1397 1737 1438 1767 57.
1469 1749 1479 1765 ι
1511 1737 1670 1775 Praeterea,
1686 1740 1788 1768 omnta

966 1790 1160 1822 qutecumque
1174 1781 1252 1812 Deus
1263 1787 1400 1821 suggeret
1409 1782 1506 1812 animo
1517 1787 1577 1821 tuo,
1591 1791 1786 1822 perseveran-

966 1830 1011 1856 ter
1026 1826 1164 1864 el'tlagita,
1177 1836 1235 1856 non
1248 1827 1391 1858 remissus
1400 1827 1514 1865 acedia,
1526 1827 1642 1858 etDeus
1656 1827 1788 1868 optimus

966 1880 1026 1902 non
1042 1870 1095 1901 tibi
1112 1870 1218 1902 deerit.

1013 2001 1078 2032 141.
1095 2001 1239 2032 Cellulam
1256 2011 1344 2042 quam
1367 2011 1384 2033 a
1412 2001 1566 2042 superiore
1596 2000 1738 2042 accepisti
1752 1999 1790 2032 ab

968 2046 1065 2083 initio,
1082 2047 1178 2077 retine
1207 2055 1301 2086 usque
1328 2047 1366 2077 ad
1395 2047 1499 2079 ﬁnem.
1531 2046 1613 2082 Quod
1631 2046 1655 2076 si
1671 2050 1792 2086 propter

968 2095 1142 2122 vetustatem
1168 2095 1217 2121 aut
1231 2091 1347 2121 ruinam
1365 2092 1430 2131 ejus
1444 2091 1594 2121 fortuitam
1611 2096 1710 2122 mente
1727 2097 1793 2130 per-

970 2135 1109 2171 turberis,
1127 2135 1261 2166 dolorem
1280 2140 1358 2166 tuum
1377 2135 1557 2176 exprimens,
1575 2135 1720 2175 superiori
1736 2135 1794 2165 hu-

971 2181 1081 2212 militer
1091 2189 1153 2211 rem
1166 2189 1291 2220 expone.
1305 2180 1335 2211 Si
1345 2185 1372 2211 te
1383 2180 1530 2217 exaudiat,
1552 2180 1667 2218 gaude;
1682 2179 1791 2217 sinon,

973 2225 1165 2256 nihilominus
1180 2225 1287 2265 gratias
1302 2235 1366 2265 age,
1386 2234 1500 2255 memor
1529 2225 1569 2255 tui
1596 2224 1726 2259 Domini,
1744 2224 1793 2264 qui

974 2280 1030 2300 non
1063 2270 1188 2300 habebat
1203 2270 1252 2300 ubi
1268 2275 1357 2310 caput
1371 2270 1531 2301 reclinaret
1545 2270 1587 2301 58.
1606 2269 1637 2301 Si
1652 2268 1732 2300 enim
1748 2268 1795 2299 bis

971 2319 1053 2346 terve
1067 2319 1117 2345 aut
1145 2321 1249 2355 quater
1277 2316 1356 2346 circa
1386 2315 1457 2346 illud
1489 2315 1638 2355 superiori
1655 2314 1796 2344 molestus

970 2359 1072 2396 lueris,
1087 2364 1225 2391 nascetur
1240 2360 1332 2391 nimia
1344 2360 1477 2400 libertas,
1491 2360 1600 2390 deinde
1616 2358 1794 2395 difﬁdentia,

970 2415 1004 2436 ac
1019 2406 1138 2436 demum
1155 2405 1323 2445 despectus.
1353 2405 1385 2436 Si
1413 2414 1482 2444 ergo
1499 2405 1542 2435 vis
1559 2404 1691 2445 quietam
1708 2407 1796 2435 tran-

973 2451 1153 2491 quillamque
1169 2452 1279 2489 degere
1294 2450 1394 2486 vitam,
1419 2450 1500 2480 nulla
1515 2459 1643 2490 unquam
1661 2447 1796 2489 corporis

973 2497 1128 2526 commoda
1147 2495 1305 2535 postulesa
1320 2494 1475 2534 superiore
1490 2504 1496 2525 :
1514 2504 1572 2524 non
1592 2494 1649 2524 hoc
1665 2492 1744 2523 enim
1762 2491 1798 2523 ab

973 2540 1057 2571 initio
1083 2540 1256 2580 promisisti,
1274 2540 1326 2570 sed
1342 2539 1378 2570 ab
1394 2539 1531 2570 omnibus
1548 2539 1576 2569 (ll
1587 2538 1663 2579 spici
1679 2542 1708 2568 et
1721 2547 1797 2568 con-

974 2585 1078 2625 temni,
1091 2585 1173 2625 juxta
1189 2588 1371 2625 prmeeptum
1389 2583 1518 2619 Domini.
1533 2587 1561 2614 te
1576 2591 1721 2623 generose
1734 2591 1801 2622 per-

975 2630 1101 2661 laturum
1116 2639 1192 2660 esse.
1211 2629 1240 2660 Si
1271 2629 1312 2659 vis
1338 2629 1427 2667 igitur
1453 2629 1590 2659 ﬁduciam
1621 2632 1650 2658 et
1666 2635 1800 2657 amorem

975 2685 1045 2714 erga
1061 2675 1143 2705 iilnm
1158 2683 1289 2712 servare,
1317 2683 1446 2713 eumque
1475 2681 1508 2704 ut
1523 2677 1658 2703 sanctum
1674 2670 1797 2710 habere,

975 2721 1031 2750 tria
1046 2720 1108 2750 haec
1124 2718 1240 2750 custodi
1255 2728 1261 2750 :
1281 2727 1318 2748 ne
1346 2722 1428 2758 petas
1454 2726 1519 2758 quae
1547 2717 1584 2747 ad
1600 2715 1734 2755 corporis
1749 2724 1803 2744 cu-

975 2774 1038 2796 ram
1053 2765 1214 2806 pertinent,
1228 2773 1266 2795 ne
1282 2763 1404 2794 nimiam
1420 2764 1531 2794 habeas
1546 2761 1730 2801 libertatem,
1746 2766 1803 2790 nec
