  <div class='ocr_page' id='page_1' title='image "/cluster/home/n/w/nwhite01/storage/ocr_20150623/120/njp.32101010943973/437.png"; bbox 0 0 1982 3075; ppageno 0'>
   <div class='ocr_carea' id='block_1_1' title="bbox 188 144 1905 193">
    <p class='ocr_par' dir='ltr' id='par_1_1' title="bbox 188 144 1905 193">
     <span class='ocr_line' id='line_1_1' title="bbox 188 144 1905 193; baseline -0.008 0"><span class='ocrx_word' id='word_1_1' title='bbox 188 157 249 193; x_wconf 86' lang='lat'><strong>679</strong></span> <span class='ocrx_word' id='word_1_2' title='bbox 842 154 1035 189; x_wconf 83' lang='lat' dir='ltr'><strong>SYMEONIS</strong></span> <span class='ocrx_word' id='word_1_3' title='bbox 1054 152 1231 188; x_wconf 80' lang='lat' dir='ltr'><strong>JUNIORIS</strong></span> <span class='ocrx_word' id='word_1_4' title='bbox 1828 144 1905 181; x_wconf 79' lang='lat'><strong>680</strong></span> 
     </span>
    </p>
   </div>
   <div class='ocr_carea' id='block_1_2' title="bbox 190 218 1018 267">
    <p class='ocr_par' dir='ltr' id='par_1_2' title="bbox 190 221 1015 267">
     <span class='ocr_line' id='line_1_2' title="bbox 190 221 1015 267; baseline -0.007 -9"><span class='ocrx_word' id='word_1_5' title='bbox 190 227 364 267; x_wconf 84' lang='lat' dir='ltr'><strong>frequenter</strong></span> <span class='ocrx_word' id='word_1_6' title='bbox 377 223 461 256; x_wconf 90' lang='lat' dir='ltr'><strong>illum</strong></span> <span class='ocrx_word' id='word_1_7' title='bbox 473 223 569 265; x_wconf 79' lang='lat' dir='ltr'><strong>visita,</strong></span> <span class='ocrx_word' id='word_1_8' title='bbox 584 226 617 256; x_wconf 88' lang='lat' dir='ltr'><strong>ut</strong></span> <span class='ocrx_word' id='word_1_9' title='bbox 632 223 752 265; x_wconf 90' lang='lat' dir='ltr'><strong>quidam</strong></span> <span class='ocrx_word' id='word_1_10' title='bbox 767 223 910 260; x_wconf 84' lang='lat' dir='ltr'><strong>factitant,</strong></span> <span class='ocrx_word' id='word_1_11' title='bbox 932 221 1015 263; x_wconf 90' lang='lat' dir='ltr'><strong>quasi</strong></span> 
     </span>
    </p>
   </div>
   <div class='ocr_carea' id='block_1_3' title="bbox 1064 218 1898 267">
    <p class='ocr_par' dir='ltr' id='par_1_3' title="bbox 1064 218 1898 267">
     <span class='ocr_line' id='line_1_3' title="bbox 1064 218 1898 267; baseline -0.007 -15"><span class='ocrx_word' id='word_1_12' title='bbox 1064 222 1145 261; x_wconf 71' lang='grc' dir='ltr'>κείαν,</span> <span class='ocrx_word' id='word_1_13' title='bbox 1174 223 1218 252; x_wconf 76' lang='grc' dir='ltr'>καὶ</span> <span class='ocrx_word' id='word_1_14' title='bbox 1247 223 1286 261; x_wconf 78' lang='grc' dir='ltr'>μὴ</span> <span class='ocrx_word' id='word_1_15' title='bbox 1320 221 1553 262; x_wconf 67' lang='grc' dir='ltr'>παρρησιάζεσθαι,</span> <span class='ocrx_word' id='word_1_16' title='bbox 1589 218 1898 267; x_wconf 16' lang='grc' dir='ltr'>καὶγμῆνησυχναζειν</span> 
     </span>
    </p>
   </div>
   <div class='ocr_carea' id='block_1_4' title="bbox 190 263 1018 311">
    <p class='ocr_par' dir='ltr' id='par_1_4' title="bbox 190 263 1013 311">
     <span class='ocr_line' id='line_1_4' title="bbox 190 263 1013 311; baseline -0.007 -8"><span class='ocrx_word' id='word_1_17' title='bbox 190 263 369 303; x_wconf 84' lang='lat' dir='ltr'><strong>medicinam</strong></span> <span class='ocrx_word' id='word_1_18' title='bbox 386 270 464 311; x_wconf 91' lang='lat' dir='ltr'><strong>apud</strong></span> <span class='ocrx_word' id='word_1_19' title='bbox 481 280 550 301; x_wconf 90' lang='lat' dir='ltr'><strong>eum</strong></span> <span class='ocrx_word' id='word_1_20' title='bbox 563 263 732 310; x_wconf 66' lang='lat' dir='ltr'><strong>quaerentes</strong></span> <span class='ocrx_word' id='word_1_21' title='bbox 749 279 755 300; x_wconf 84' lang='lat'>:</span> <span class='ocrx_word' id='word_1_22' title='bbox 787 270 842 300; x_wconf 87' lang='lat' dir='ltr'><strong>hoc</strong></span> <span class='ocrx_word' id='word_1_23' title='bbox 858 269 937 300; x_wconf 91' lang='lat' dir='ltr'><strong>enim</strong></span> <span class='ocrx_word' id='word_1_24' title='bbox 954 277 1013 298; x_wconf 89' lang='lat' dir='ltr'><strong>non</strong></span> 
     </span>
    </p>
   </div>
   <div class='ocr_carea' id='block_1_5' title="bbox 1064 263 1896 311">
    <p class='ocr_par' dir='ltr' id='par_1_5' title="bbox 1064 263 1896 311">
     <span class='ocr_line' id='line_1_5' title="bbox 1064 263 1896 311; baseline -0.01 -13"><span class='ocrx_word' id='word_1_25' title='bbox 1064 269 1119 306; x_wconf 65' lang='grc' dir='ltr'>πρὸς</span> <span class='ocrx_word' id='word_1_26' title='bbox 1154 269 1231 297; x_wconf 77' lang='grc' dir='ltr'>αὐτὸν</span> <span class='ocrx_word' id='word_1_27' title='bbox 1267 268 1313 296; x_wconf 72' lang='grc' dir='ltr'>οἷά</span> <span class='ocrx_word' id='word_1_28' title='bbox 1352 278 1421 299; x_wconf 85' lang='grc' dir='ltr'>τινες</span> <span class='ocrx_word' id='word_1_29' title='bbox 1462 267 1608 307; x_wconf 70' lang='grc' dir='ltr'>πάσχουσι,</span> <span class='ocrx_word' id='word_1_30' title='bbox 1637 266 1674 296; x_wconf 87' lang='grc' dir='ltr'>ὡς</span> <span class='ocrx_word' id='word_1_31' title='bbox 1703 263 1781 297; x_wconf 83' lang='grc' dir='ltr'>δῆθεν</span> <span class='ocrx_word' id='word_1_32' title='bbox 1809 265 1896 311; x_wconf 54' lang='grc' dir='ltr'><strong>θεραῖ</strong></span> 
     </span>
    </p>
   </div>
   <div class='ocr_carea' id='block_1_6' title="bbox 190 305 1018 352">
    <p class='ocr_par' dir='ltr' id='par_1_6' title="bbox 190 305 1013 349">
     <span class='ocr_line' id='line_1_6' title="bbox 190 305 1013 349; baseline -0.005 -3"><span class='ocrx_word' id='word_1_33' title='bbox 190 322 234 346; x_wconf 90' lang='lat' dir='ltr'><strong>est</strong></span> <span class='ocrx_word' id='word_1_34' title='bbox 249 305 467 349; x_wconf 72' lang='lat' dir='ltr'><strong>monachicum.</strong></span> <span class='ocrx_word' id='word_1_35' title='bbox 483 315 533 346; x_wconf 88' lang='lat' dir='ltr'><strong>sed</strong></span> <span class='ocrx_word' id='word_1_36' title='bbox 563 305 736 345; x_wconf 77' lang='lat' dir='ltr'><strong>humanum.</strong></span> <span class='ocrx_word' id='word_1_37' title='bbox 765 315 832 345; x_wconf 91' lang='lat' dir='ltr'><strong>Non</strong></span> <span class='ocrx_word' id='word_1_38' title='bbox 848 313 1013 344; x_wconf 88' lang='lat' dir='ltr'><strong>condemno</strong></span> 
     </span>
    </p>
   </div>
   <div class='ocr_carea' id='block_1_7' title="bbox 1064 305 1893 352">
    <p class='ocr_par' dir='ltr' id='par_1_7' title="bbox 1064 305 1893 352">
     <span class='ocr_line' id='line_1_7' title="bbox 1064 305 1893 352; baseline -0.006 -12"><span class='ocrx_word' id='word_1_39' title='bbox 1064 305 1194 350; x_wconf 78' lang='grc' dir='ltr'>τευόμενοι</span> <span class='ocrx_word' id='word_1_40' title='bbox 1222 312 1284 352; x_wconf 83' lang='grc' dir='ltr'>παρ’</span> <span class='ocrx_word' id='word_1_41' title='bbox 1320 312 1409 352; x_wconf 66' lang='grc' dir='ltr'>αὺτοῦ,</span> <span class='ocrx_word' id='word_1_42' title='bbox 1439 313 1470 340; x_wconf 76' lang='grc' dir='ltr'>οὒ</span> <span class='ocrx_word' id='word_1_43' title='bbox 1509 305 1620 348; x_wconf 80' lang='grc' dir='ltr'>μόνιμον</span> <span class='ocrx_word' id='word_1_44' title='bbox 1654 309 1681 337; x_wconf 79' lang='grc' dir='ltr'>δὲ</span> <span class='ocrx_word' id='word_1_45' title='bbox 1701 312 1794 346; x_wconf 83' lang='grc' dir='ltr'>τοῦτο,</span> <span class='ocrx_word' id='word_1_46' title='bbox 1824 305 1893 335; x_wconf 76' lang='grc' dir='ltr'>ἀλλ’</span> 
     </span>
    </p>
   </div>
   <div class='ocr_carea' id='block_1_8' title="bbox 190 353 1018 398">
    <p class='ocr_par' dir='ltr' id='par_1_8' title="bbox 190 357 1014 398">
     <span class='ocr_line' id='line_1_8' title="bbox 190 357 1014 398; baseline -0.006 -7"><span class='ocrx_word' id='word_1_47' title='bbox 190 365 301 398; x_wconf 87' lang='lat' dir='ltr'><strong>autem,</strong></span> <span class='ocrx_word' id='word_1_48' title='bbox 318 361 342 391; x_wconf 90' lang='lat' dir='ltr'><strong>si</strong></span> <span class='ocrx_word' id='word_1_49' title='bbox 360 370 418 391; x_wconf 93' lang='lat' dir='ltr'><strong>non</strong></span> <span class='ocrx_word' id='word_1_50' title='bbox 435 359 577 391; x_wconf 84' lang='lat' dir='ltr'><strong>celaveris</strong></span> <span class='ocrx_word' id='word_1_51' title='bbox 592 359 676 389; x_wconf 92' lang='lat' dir='ltr'><strong>illum</strong></span> <span class='ocrx_word' id='word_1_52' title='bbox 705 368 808 389; x_wconf 83' lang='lat' dir='ltr'><strong>omnes</strong></span> <span class='ocrx_word' id='word_1_53' title='bbox 823 357 1014 397; x_wconf 74' lang='lat' dir='ltr'><strong>cogitationes</strong></span> 
     </span>
    </p>
   </div>
   <div class='ocr_carea' id='block_1_9' title="bbox 1064 353 1894 398">
    <p class='ocr_par' dir='ltr' id='par_1_9' title="bbox 1064 353 1894 398">
     <span class='ocr_line' id='line_1_9' title="bbox 1064 353 1894 398; baseline -0.006 -13"><span class='ocrx_word' id='word_1_54' title='bbox 1064 357 1230 397; x_wconf 73' lang='grc' dir='ltr'>ὶνθρώπινον,</span> <span class='ocrx_word' id='word_1_55' title='bbox 1257 356 1292 386; x_wconf 78' lang='grc' dir='ltr'><strong>Οὔ</strong></span> <span class='ocrx_word' id='word_1_56' title='bbox 1317 357 1465 396; x_wconf 72' lang='grc' dir='ltr'><strong>κατακρίνω</strong></span> <span class='ocrx_word' id='word_1_57' title='bbox 1493 355 1544 384; x_wconf 85' lang='grc' dir='ltr'>δέ·</span> <span class='ocrx_word' id='word_1_58' title='bbox 1575 356 1619 383; x_wconf 79' lang='grc' dir='ltr'><strong>καὶ</strong></span> <span class='ocrx_word' id='word_1_59' title='bbox 1646 356 1677 383; x_wconf 84' lang='grc' dir='ltr'><strong>τὸ</strong></span> <span class='ocrx_word' id='word_1_60' title='bbox 1705 354 1744 392; x_wconf 79' lang='grc' dir='ltr'>μὴ</span> <span class='ocrx_word' id='word_1_61' title='bbox 1759 353 1894 398; x_wconf 71' lang='grc' dir='ltr'>κρύπτειν</span> 
     </span>
    </p>
   </div>
   <div class='ocr_carea' id='block_1_10' title="bbox 189 397 1018 441">
    <p class='ocr_par' dir='ltr' id='par_1_10' title="bbox 189 397 1016 437">
     <span class='ocr_line' id='line_1_10' title="bbox 189 397 1016 437; baseline -0.004 -2"><span class='ocrx_word' id='word_1_62' title='bbox 189 404 243 435; x_wconf 86' lang='lat' dir='ltr'><strong>tibi</strong></span> <span class='ocrx_word' id='word_1_63' title='bbox 263 397 473 436; x_wconf 85' lang='lat' dir='ltr'><strong>succurrentes</strong></span> <span class='ocrx_word' id='word_1_64' title='bbox 489 414 496 435; x_wconf 90' lang='lat'>:</span> <span class='ocrx_word' id='word_1_65' title='bbox 515 404 540 435; x_wconf 89' lang='lat' dir='ltr'><strong>si</strong></span> <span class='ocrx_word' id='word_1_66' title='bbox 556 404 633 435; x_wconf 89' lang='lat' dir='ltr'><strong>enim</strong></span> <span class='ocrx_word' id='word_1_67' title='bbox 651 404 707 434; x_wconf 91' lang='lat' dir='ltr'><strong>hoc</strong></span> <span class='ocrx_word' id='word_1_68' title='bbox 722 404 803 434; x_wconf 64' lang='lat' dir='ltr'><strong>obset</strong></span> <span class='ocrx_word' id='word_1_69' title='bbox 814 402 936 437; x_wconf 79' lang='lat' dir='ltr'><strong>vaveris.</strong></span> <span class='ocrx_word' id='word_1_70' title='bbox 950 401 1016 432; x_wconf 85' lang='lat' dir='ltr'><strong>sine</strong></span> 
     </span>
    </p>
   </div>
   <div class='ocr_carea' id='block_1_11' title="bbox 1064 397 1893 441">
    <p class='ocr_par' dir='ltr' id='par_1_11' title="bbox 1064 397 1893 441">
     <span class='ocr_line' id='line_1_11' title="bbox 1064 397 1893 441; baseline -0.006 -12"><span class='ocrx_word' id='word_1_71' title='bbox 1064 400 1104 429; x_wconf 75' lang='lat' dir='ltr'><strong>&#39;zrr&#39;</strong></span> <span class='ocrx_word' id='word_1_72' title='bbox 1133 404 1211 431; x_wconf 72' lang='grc' dir='ltr'>αὐτοῦ</span> <span class='ocrx_word' id='word_1_73' title='bbox 1244 401 1330 430; x_wconf 78' lang='grc' dir='ltr'>πάντα</span> <span class='ocrx_word' id='word_1_74' title='bbox 1355 402 1481 441; x_wconf 84' lang='grc' dir='ltr'>λογισμὸν</span> <span class='ocrx_word' id='word_1_75' title='bbox 1509 399 1731 440; x_wconf 77' lang='grc' dir='ltr'>ἐπεισερχόμενόν</span> <span class='ocrx_word' id='word_1_76' title='bbox 1762 409 1804 426; x_wconf 89' lang='grc' dir='ltr'><strong>σοι</strong></span> <span class='ocrx_word' id='word_1_77' title='bbox 1826 408 1832 415; x_wconf 91' lang='grc'>·</span> <span class='ocrx_word' id='word_1_78' title='bbox 1867 397 1893 424; x_wconf 81' lang='grc' dir='ltr'>εἰ</span> 
     </span>
    </p>
   </div>
   <div class='ocr_carea' id='block_1_12' title="bbox 191 443 1018 490">
    <p class='ocr_par' dir='ltr' id='par_1_12' title="bbox 191 447 1017 490">
     <span class='ocr_line' id='line_1_12' title="bbox 191 447 1017 490; baseline -0.005 -10"><span class='ocrx_word' id='word_1_79' title='bbox 191 449 310 480; x_wconf 80' lang='lat' dir='ltr'><strong>turbine</strong></span> <span class='ocrx_word' id='word_1_80' title='bbox 326 449 456 490; x_wconf 85' lang='lat' dir='ltr'><strong>trajicies</strong></span> <span class='ocrx_word' id='word_1_81' title='bbox 472 449 539 480; x_wconf 80' lang='lat' dir='ltr'><strong>vitae</strong></span> <span class='ocrx_word' id='word_1_82' title='bbox 557 458 649 484; x_wconf 89' lang='lat' dir='ltr'><strong>mare,</strong></span> <span class='ocrx_word' id='word_1_83' title='bbox 668 452 696 478; x_wconf 88' lang='lat' dir='ltr'><strong>et</strong></span> <span class='ocrx_word' id='word_1_84' title='bbox 706 447 832 484; x_wconf 85' lang='lat' dir='ltr'><strong>Patrem,</strong></span> <span class='ocrx_word' id='word_1_85' title='bbox 846 447 1017 487; x_wconf 86' lang='lat' dir='ltr'><strong>qunliscun-</strong></span> 
     </span>
    </p>
   </div>
   <div class='ocr_carea' id='block_1_13' title="bbox 1064 443 1892 490">
    <p class='ocr_par' dir='ltr' id='par_1_13' title="bbox 1064 443 1892 488">
     <span class='ocr_line' id='line_1_13' title="bbox 1064 443 1892 488; baseline -0.007 -13"><span class='ocrx_word' id='word_1_86' title='bbox 1064 447 1107 486; x_wconf 68' lang='grc' dir='ltr'><strong>γὰρ</strong></span> <span class='ocrx_word' id='word_1_87' title='bbox 1135 450 1217 475; x_wconf 80' lang='grc' dir='ltr'>ταῦτα</span> <span class='ocrx_word' id='word_1_88' title='bbox 1247 445 1378 488; x_wconf 77' lang='grc' dir='ltr'><strong>φυλάξεις,</strong></span> <span class='ocrx_word' id='word_1_89' title='bbox 1418 445 1574 484; x_wconf 79' lang='grc' dir='ltr'>ἀκυμάντως</span> <span class='ocrx_word' id='word_1_90' title='bbox 1611 443 1714 481; x_wconf 72' lang='grc' dir='ltr'>διέλθῃς</span> <span class='ocrx_word' id='word_1_91' title='bbox 1758 444 1809 476; x_wconf 76' lang='grc' dir='ltr'>τὴν</span> <span class='ocrx_word' id='word_1_92' title='bbox 1839 444 1892 469; x_wconf 78' lang='grc' dir='ltr'><strong>τοῦ</strong></span> 
     </span>
    </p>
   </div>
   <div class='ocr_carea' id='block_1_14' title="bbox 190 486 1018 535">
    <p class='ocr_par' dir='ltr' id='par_1_14' title="bbox 190 486 1015 535">
     <span class='ocr_line' id='line_1_14' title="bbox 190 486 1015 535; baseline -0.005 -10"><span class='ocrx_word' id='word_1_93' title='bbox 190 503 248 535; x_wconf 87' lang='lat' dir='ltr'><strong>que</strong></span> <span class='ocrx_word' id='word_1_94' title='bbox 259 495 306 529; x_wconf 89' lang='lat' dir='ltr'><strong>sit,</strong></span> <span class='ocrx_word' id='word_1_95' title='bbox 318 486 495 525; x_wconf 72' lang='lat' dir='ltr'><strong>utsanctum</strong></span> <span class='ocrx_word' id='word_1_96' title='bbox 509 493 644 525; x_wconf 80' lang='lat' dir='ltr'><strong>habebis.</strong></span> <span class='ocrx_word' id='word_1_97' title='bbox 660 493 742 529; x_wconf 88' lang='lat' dir='ltr'><strong>Quod</strong></span> <span class='ocrx_word' id='word_1_98' title='bbox 756 495 780 522; x_wconf 89' lang='lat' dir='ltr'><strong>si</strong></span> <span class='ocrx_word' id='word_1_99' title='bbox 801 486 915 523; x_wconf 84' lang='lat' dir='ltr'><strong>Patrem</strong></span> <span class='ocrx_word' id='word_1_100' title='bbox 933 496 1015 522; x_wconf 86' lang='lat' dir='ltr'><strong>tuum</strong></span> 
     </span>
    </p>
   </div>
   <div class='ocr_carea' id='block_1_15' title="bbox 1064 486 1889 535">
    <p class='ocr_par' dir='ltr' id='par_1_15' title="bbox 1064 486 1889 530">
     <span class='ocr_line' id='line_1_15' title="bbox 1064 486 1889 530; baseline -0.005 -12"><span class='ocrx_word' id='word_1_101' title='bbox 1064 491 1113 518; x_wconf 66' lang='grc' dir='ltr'>Ξίου</span> <span class='ocrx_word' id='word_1_102' title='bbox 1141 486 1284 529; x_wconf 77' lang='grc' dir='ltr'>θάλασσαν,</span> <span class='ocrx_word' id='word_1_103' title='bbox 1314 492 1357 519; x_wconf 81' lang='grc' dir='ltr'><strong>καὶ</strong></span> <span class='ocrx_word' id='word_1_104' title='bbox 1392 492 1437 519; x_wconf 84' lang='grc' dir='ltr'>τὸν</span> <span class='ocrx_word' id='word_1_105' title='bbox 1481 489 1593 530; x_wconf 84' lang='grc' dir='ltr'>Πατέρα,</span> <span class='ocrx_word' id='word_1_106' title='bbox 1633 491 1691 519; x_wconf 86' lang='grc' dir='ltr'>οἷος</span> <span class='ocrx_word' id='word_1_107' title='bbox 1719 487 1769 516; x_wconf 70' lang='grc' dir='ltr'><strong>κᾶν</strong></span> <span class='ocrx_word' id='word_1_108' title='bbox 1799 486 1889 525; x_wconf 82' lang='grc' dir='ltr'>ἔστιν,</span> 
     </span>
    </p>
   </div>
   <div class='ocr_carea' id='block_1_16' title="bbox 189 533 1018 577">
    <p class='ocr_par' dir='ltr' id='par_1_16' title="bbox 189 533 1014 570">
     <span class='ocr_line' id='line_1_16' title="bbox 189 533 1014 570; baseline -0.005 0"><span class='ocrx_word' id='word_1_109' title='bbox 189 533 220 569; x_wconf 84' lang='lat' dir='ltr'><strong>in</strong></span> <span class='ocrx_word' id='word_1_110' title='bbox 241 539 368 570; x_wconf 84' lang='lat' dir='ltr'><strong>ecclesia</strong></span> <span class='ocrx_word' id='word_1_111' title='bbox 398 539 568 570; x_wconf 88' lang='lat' dir='ltr'><strong>consultum</strong></span> <span class='ocrx_word' id='word_1_112' title='bbox 598 538 687 568; x_wconf 86' lang='lat' dir='ltr'><strong>iveris</strong></span> <span class='ocrx_word' id='word_1_113' title='bbox 716 537 795 568; x_wconf 86' lang='lat' dir='ltr'><strong>circa</strong></span> <span class='ocrx_word' id='word_1_114' title='bbox 819 536 1014 568; x_wconf 87' lang='lat' dir='ltr'><strong>directionem</strong></span> 
     </span>
    </p>
   </div>
   <div class='ocr_carea' id='block_1_17' title="bbox 1064 533 1891 577">
    <p class='ocr_par' dir='ltr' id='par_1_17' title="bbox 1064 533 1891 577">
     <span class='ocr_line' id='line_1_17' title="bbox 1064 533 1891 577; baseline -0.007 -11"><span class='ocrx_word' id='word_1_115' title='bbox 1064 536 1131 575; x_wconf 77' lang='grc' dir='ltr'>ἵγιον</span> <span class='ocrx_word' id='word_1_116' title='bbox 1157 538 1261 577; x_wconf 79' lang='grc' dir='ltr'>ἡγήσῃ.</span> <span class='ocrx_word' id='word_1_117' title='bbox 1292 535 1354 566; x_wconf 78' lang='grc' dir='ltr'>Ἐὰν</span> <span class='ocrx_word' id='word_1_118' title='bbox 1373 536 1400 565; x_wconf 86' lang='grc' dir='ltr'><strong>δέ</strong></span> <span class='ocrx_word' id='word_1_119' title='bbox 1428 535 1577 577; x_wconf 74' lang='grc' dir='ltr'>προσελθὼν</span> <span class='ocrx_word' id='word_1_120' title='bbox 1605 535 1769 575; x_wconf 81' lang='grc' dir='ltr'>ἐπερωθῆσαι</span> <span class='ocrx_word' id='word_1_121' title='bbox 1799 533 1826 561; x_wconf 80' lang='grc' dir='ltr'>ἐν</span> <span class='ocrx_word' id='word_1_122' title='bbox 1852 535 1891 570; x_wconf 78' lang='grc' dir='ltr'><strong>τῇ</strong></span> 
     </span>
    </p>
   </div>
   <div class='ocr_carea' id='block_1_18' title="bbox 190 578 1018 622">
    <p class='ocr_par' dir='ltr' id='par_1_18' title="bbox 190 580 1016 622">
     <span class='ocr_line' id='line_1_18' title="bbox 190 580 1016 622; baseline -0.005 -8"><span class='ocrx_word' id='word_1_123' title='bbox 190 583 393 621; x_wconf 85' lang='lat' dir='ltr'><strong>conscientiae,</strong></span> <span class='ocrx_word' id='word_1_124' title='bbox 417 588 446 614; x_wconf 92' lang='lat' dir='ltr'><strong>et</strong></span> <span class='ocrx_word' id='word_1_125' title='bbox 456 584 546 614; x_wconf 87' lang='lat' dir='ltr'><strong>alium</strong></span> <span class='ocrx_word' id='word_1_126' title='bbox 563 583 714 614; x_wconf 86' lang='lat' dir='ltr'><strong>inveneris</strong></span> <span class='ocrx_word' id='word_1_127' title='bbox 728 582 780 622; x_wconf 86' lang='lat' dir='ltr'><strong>qui</strong></span> <span class='ocrx_word' id='word_1_128' title='bbox 796 585 825 612; x_wconf 87' lang='lat' dir='ltr'><strong>te</strong></span> <span class='ocrx_word' id='word_1_129' title='bbox 840 580 1016 622; x_wconf 87' lang='lat' dir='ltr'><strong>praevenerit</strong></span> 
     </span>
    </p>
   </div>
   <div class='ocr_carea' id='block_1_19' title="bbox 1064 578 1893 622">
    <p class='ocr_par' dir='ltr' id='par_1_19' title="bbox 1064 578 1893 621">
     <span class='ocr_line' id='line_1_19' title="bbox 1064 578 1893 621; baseline -0.011 -9"><span class='ocrx_word' id='word_1_130' title='bbox 1064 580 1184 617; x_wconf 66' lang='grc' dir='ltr'>ἕκκλησίᾳ</span> <span class='ocrx_word' id='word_1_131' title='bbox 1209 583 1254 610; x_wconf 78' lang='grc' dir='ltr'><strong>τὸν</strong></span> <span class='ocrx_word' id='word_1_132' title='bbox 1283 582 1328 610; x_wconf 76' lang='grc' dir='ltr'><strong>σὺν</strong></span> <span class='ocrx_word' id='word_1_133' title='bbox 1356 581 1459 621; x_wconf 83' lang='grc' dir='ltr'>Πατέρα</span> <span class='ocrx_word' id='word_1_134' title='bbox 1488 581 1566 621; x_wconf 80' lang='grc' dir='ltr'>χάριν</span> <span class='ocrx_word' id='word_1_135' title='bbox 1594 579 1734 619; x_wconf 82' lang='grc' dir='ltr'>λογισμοῦ,</span> <span class='ocrx_word' id='word_1_136' title='bbox 1764 578 1893 617; x_wconf 66' lang='grc' dir='ltr'>εὑρήσεις</span> 
     </span>
    </p>
   </div>
   <div class='ocr_carea' id='block_1_20' title="bbox 193 625 1015 667">
    <p class='ocr_par' dir='ltr' id='par_1_20' title="bbox 193 625 1015 667">
     <span class='ocr_line' id='line_1_20' title="bbox 193 625 1015 667; baseline -0.005 -8"><span class='ocrx_word' id='word_1_137' title='bbox 193 628 230 659; x_wconf 88' lang='lat' dir='ltr'><strong>ob</strong></span> <span class='ocrx_word' id='word_1_138' title='bbox 244 628 380 659; x_wconf 80' lang='lat' dir='ltr'><strong>eamdem</strong></span> <span class='ocrx_word' id='word_1_139' title='bbox 396 629 441 659; x_wconf 88' lang='lat' dir='ltr'><strong>vel</strong></span> <span class='ocrx_word' id='word_1_140' title='bbox 457 628 543 658; x_wconf 88' lang='lat' dir='ltr'><strong>aliam</strong></span> <span class='ocrx_word' id='word_1_141' title='bbox 560 627 717 667; x_wconf 91' lang='lat' dir='ltr'><strong>rationem,</strong></span> <span class='ocrx_word' id='word_1_142' title='bbox 729 631 758 657; x_wconf 88' lang='lat' dir='ltr'><strong>et</strong></span> <span class='ocrx_word' id='word_1_143' title='bbox 772 626 860 666; x_wconf 87' lang='lat' dir='ltr'><strong>hujus</strong></span> <span class='ocrx_word' id='word_1_144' title='bbox 876 625 971 665; x_wconf 82' lang='lat' dir='ltr'><strong>gratia</strong></span> <span class='ocrx_word' id='word_1_145' title='bbox 987 629 1015 655; x_wconf 92' lang='lat' dir='ltr'><strong>tu</strong></span> 
     </span>
    </p>
   </div>
   <div class='ocr_carea' id='block_1_21' title="bbox 189 669 1014 713">
    <p class='ocr_par' dir='ltr' id='par_1_21' title="bbox 189 669 1014 713">
     <span class='ocr_line' id='line_1_21' title="bbox 189 669 1014 713; baseline -0.005 -9"><span class='ocrx_word' id='word_1_146' title='bbox 189 673 341 713; x_wconf 85' lang='lat' dir='ltr'><strong>paulisper</strong></span> <span class='ocrx_word' id='word_1_147' title='bbox 352 672 590 712; x_wconf 82' lang='lat' dir='ltr'><strong>procrastinaris,</strong></span> <span class='ocrx_word' id='word_1_148' title='bbox 605 681 643 702; x_wconf 91' lang='lat' dir='ltr'><strong>ne</strong></span> <span class='ocrx_word' id='word_1_149' title='bbox 652 680 729 711; x_wconf 58' lang='lat' dir='ltr'><strong>agre</strong></span> <span class='ocrx_word' id='word_1_150' title='bbox 736 671 823 705; x_wconf 85' lang='lat' dir='ltr'><strong>feras,</strong></span> <span class='ocrx_word' id='word_1_151' title='bbox 836 679 892 701; x_wconf 89' lang='lat' dir='ltr'><strong>nec</strong></span> <span class='ocrx_word' id='word_1_152' title='bbox 903 669 1014 710; x_wconf 89' lang='lat' dir='ltr'><strong>aliquid</strong></span> 
     </span>
    </p>
   </div>
   <div class='ocr_carea' id='block_1_22' title="bbox 190 715 1017 755">
    <p class='ocr_par' dir='ltr' id='par_1_22' title="bbox 190 715 1017 755">
     <span class='ocr_line' id='line_1_22' title="bbox 190 715 1017 755; baseline -0.005 -7"><span class='ocrx_word' id='word_1_153' title='bbox 190 717 246 748; x_wconf 81' lang='lat' dir='ltr'><strong>tibi</strong></span> <span class='ocrx_word' id='word_1_154' title='bbox 262 717 418 748; x_wconf 90' lang='lat' dir='ltr'><strong>molestum</strong></span> <span class='ocrx_word' id='word_1_155' title='bbox 435 716 477 747; x_wconf 89' lang='lat' dir='ltr'><strong>ibi</strong></span> <span class='ocrx_word' id='word_1_156' title='bbox 492 726 558 747; x_wconf 87' lang='lat' dir='ltr'><strong>esse</strong></span> <span class='ocrx_word' id='word_1_157' title='bbox 585 720 707 755; x_wconf 88' lang='lat' dir='ltr'><strong>reputes</strong></span> <span class='ocrx_word' id='word_1_158' title='bbox 724 724 732 753; x_wconf 84' lang='lat'>;</span> <span class='ocrx_word' id='word_1_159' title='bbox 763 715 814 746; x_wconf 88' lang='lat' dir='ltr'><strong>sed</strong></span> <span class='ocrx_word' id='word_1_160' title='bbox 831 715 956 745; x_wconf 88' lang='lat' dir='ltr'><strong>seorsim</strong></span> <span class='ocrx_word' id='word_1_161' title='bbox 972 718 1017 745; x_wconf 88' lang='lat' dir='ltr'><strong>sta</strong></span> 
     </span>
    </p>
   </div>
   <div class='ocr_carea' id='block_1_23' title="bbox 188 758 1019 803">
    <p class='ocr_par' dir='ltr' id='par_1_23' title="bbox 188 758 1019 803">
     <span class='ocr_line' id='line_1_23' title="bbox 188 758 1019 803; baseline -0.004 -11"><span class='ocrx_word' id='word_1_162' title='bbox 188 761 301 801; x_wconf 80' lang='lat' dir='ltr'><strong>junctis</strong></span> <span class='ocrx_word' id='word_1_163' title='bbox 317 761 464 799; x_wconf 86' lang='lat' dir='ltr'><strong>manibus,</strong></span> <span class='ocrx_word' id='word_1_164' title='bbox 477 761 572 792; x_wconf 89' lang='lat' dir='ltr'><strong>donec</strong></span> <span class='ocrx_word' id='word_1_165' title='bbox 583 761 634 791; x_wconf 90' lang='lat' dir='ltr'><strong>ille</strong></span> <span class='ocrx_word' id='word_1_166' title='bbox 647 759 766 799; x_wconf 85' lang='lat' dir='ltr'><strong>ﬁnierit,</strong></span> <span class='ocrx_word' id='word_1_167' title='bbox 786 764 874 800; x_wconf 89' lang='lat' dir='ltr'><strong>tuque</strong></span> <span class='ocrx_word' id='word_1_168' title='bbox 889 758 1019 803; x_wconf 82' lang='lat' dir='ltr'><strong>accersi-</strong></span> 
     </span>
    </p>
   </div>
   <div class='ocr_carea' id='block_1_24' title="bbox 191 805 1019 848">
    <p class='ocr_par' dir='ltr' id='par_1_24' title="bbox 191 805 1019 848">
     <span class='ocr_line' id='line_1_24' title="bbox 191 805 1019 848; baseline -0.002 -12"><span class='ocrx_word' id='word_1_169' title='bbox 191 811 239 836; x_wconf 92' lang='lat' dir='ltr'><strong>tus</strong></span> <span class='ocrx_word' id='word_1_170' title='bbox 253 806 356 837; x_wconf 81' lang='lat' dir='ltr'><strong>fueris.</strong></span> <span class='ocrx_word' id='word_1_171' title='bbox 373 806 482 837; x_wconf 65' lang='lat' dir='ltr'><strong>Solent</strong></span> <span class='ocrx_word' id='word_1_172' title='bbox 496 805 575 837; x_wconf 86' lang='lat' dir='ltr'><strong>enim</strong></span> <span class='ocrx_word' id='word_1_173' title='bbox 593 808 693 836; x_wconf 86' lang='lat' dir='ltr'><strong>Patres</strong></span> <span class='ocrx_word' id='word_1_174' title='bbox 709 805 749 836; x_wconf 88' lang='lat' dir='ltr'><strong>ita</strong></span> <span class='ocrx_word' id='word_1_175' title='bbox 767 814 836 844; x_wconf 78' lang='lat' dir='ltr'><strong>erga</strong></span> <span class='ocrx_word' id='word_1_176' title='bbox 852 813 905 835; x_wconf 88' lang='lat' dir='ltr'><strong>nos</strong></span> <span class='ocrx_word' id='word_1_177' title='bbox 918 812 1019 848; x_wconf 63' lang='lat' dir='ltr'><strong>agere,</strong></span> 
     </span>
    </p>
   </div>
   <div class='ocr_carea' id='block_1_25' title="bbox 193 850 1020 890">
    <p class='ocr_par' dir='ltr' id='par_1_25' title="bbox 193 850 1020 890">
     <span class='ocr_line' id='line_1_25' title="bbox 193 850 1020 890; baseline 0.001 -10"><span class='ocrx_word' id='word_1_178' title='bbox 193 850 293 881; x_wconf 79' lang='lat' dir='ltr'><strong>forsan</strong></span> <span class='ocrx_word' id='word_1_179' title='bbox 311 851 400 882; x_wconf 89' lang='lat' dir='ltr'><strong>etiam</strong></span> <span class='ocrx_word' id='word_1_180' title='bbox 424 851 514 887; x_wconf 86' lang='lat' dir='ltr'><strong>ultro,</strong></span> <span class='ocrx_word' id='word_1_181' title='bbox 545 850 580 881; x_wconf 89' lang='lat' dir='ltr'><strong>ad</strong></span> <span class='ocrx_word' id='word_1_182' title='bbox 611 850 815 890; x_wconf 85' lang='lat' dir='ltr'><strong>probationem</strong></span> <span class='ocrx_word' id='word_1_183' title='bbox 844 854 973 882; x_wconf 89' lang='lat' dir='ltr'><strong>nostram</strong></span> <span class='ocrx_word' id='word_1_184' title='bbox 991 858 1020 881; x_wconf 85' lang='lat' dir='ltr'><strong>et</strong></span> 
     </span>
    </p>
   </div>
   <div class='ocr_carea' id='block_1_26' title="bbox 190 894 856 936">
    <p class='ocr_par' dir='ltr' id='par_1_26' title="bbox 190 894 856 936">
     <span class='ocr_line' id='line_1_26' title="bbox 190 894 856 936; baseline 0 -10"><span class='ocrx_word' id='word_1_185' title='bbox 190 895 422 935; x_wconf 80' lang='lat' dir='ltr'><strong>praecedentium</strong></span> <span class='ocrx_word' id='word_1_186' title='bbox 438 899 628 936; x_wconf 86' lang='lat' dir='ltr'><strong>peccatorum</strong></span> <span class='ocrx_word' id='word_1_187' title='bbox 645 894 856 935; x_wconf 84' lang='lat' dir='ltr'><strong>expiationem.</strong></span> 
     </span>
    </p>
   </div>
   <div class='ocr_carea' id='block_1_27' title="bbox 234 984 1018 1026">
    <p class='ocr_par' dir='ltr' id='par_1_27' title="bbox 234 984 1018 1026">
     <span class='ocr_line' id='line_1_27' title="bbox 234 984 1018 1026; baseline 0.001 -11"><span class='ocrx_word' id='word_1_188' title='bbox 234 984 302 1015; x_wconf 70' lang='grc'><strong>142.</strong></span> <span class='ocrx_word' id='word_1_189' title='bbox 313 984 420 1024; x_wconf 83' lang='lat' dir='ltr'><strong>Jejuna</strong></span> <span class='ocrx_word' id='word_1_190' title='bbox 438 988 500 1016; x_wconf 88' lang='lat' dir='ltr'><strong>tres</strong></span> <span class='ocrx_word' id='word_1_191' title='bbox 515 984 745 1024; x_wconf 79' lang='lat' dir='ltr'><strong>quadragesinas</strong></span> <span class='ocrx_word' id='word_1_192' title='bbox 761 995 768 1013; x_wconf 73' lang='grc' dir='ltr'><strong>τ</strong></span> <span class='ocrx_word' id='word_1_193' title='bbox 786 985 816 1015; x_wconf 91' lang='lat' dir='ltr'><strong>in</strong></span> <span class='ocrx_word' id='word_1_194' title='bbox 833 994 938 1024; x_wconf 83' lang='lat' dir='ltr'><strong>magna</strong></span> <span class='ocrx_word' id='word_1_195' title='bbox 949 984 1018 1026; x_wconf 89' lang='lat' dir='ltr'><strong>qui-</strong></span> 
     </span>
    </p>
   </div>
   <div class='ocr_carea' id='block_1_28' title="bbox 191 1029 1019 1069">
    <p class='ocr_par' dir='ltr' id='par_1_28' title="bbox 191 1029 1019 1069">
     <span class='ocr_line' id='line_1_28' title="bbox 191 1029 1019 1069; baseline 0 -9"><span class='ocrx_word' id='word_1_196' title='bbox 191 1029 259 1060; x_wconf 87' lang='lat' dir='ltr'><strong>dem</strong></span> <span class='ocrx_word' id='word_1_197' title='bbox 275 1029 399 1060; x_wconf 88' lang='lat' dir='ltr'><strong>biduum</strong></span> <span class='ocrx_word' id='word_1_198' title='bbox 418 1029 540 1069; x_wconf 81' lang='lat' dir='ltr'><strong>jejunns</strong></span> <span class='ocrx_word' id='word_1_199' title='bbox 557 1038 675 1069; x_wconf 81' lang='lat' dir='ltr'><strong>perage,</strong></span> <span class='ocrx_word' id='word_1_200' title='bbox 689 1034 810 1069; x_wconf 90' lang='lat' dir='ltr'><strong>propter</strong></span> <span class='ocrx_word' id='word_1_201' title='bbox 823 1039 961 1069; x_wconf 85' lang='lat' dir='ltr'><strong>magnum</strong></span> <span class='ocrx_word' id='word_1_202' title='bbox 976 1029 1019 1060; x_wconf 80' lang='lat' dir='ltr'><strong>fe-</strong></span> 
     </span>
    </p>
   </div>
   <div class='ocr_carea' id='block_1_29' title="bbox 191 1073 1019 1114">
    <p class='ocr_par' dir='ltr' id='par_1_29' title="bbox 191 1073 1019 1114">
     <span class='ocr_line' id='line_1_29' title="bbox 191 1073 1019 1114; baseline 0.001 -10"><span class='ocrx_word' id='word_1_203' title='bbox 191 1079 280 1110; x_wconf 89' lang='lat' dir='ltr'><strong>stum,</strong></span> <span class='ocrx_word' id='word_1_204' title='bbox 300 1075 432 1114; x_wconf 83' lang='lat' dir='ltr'><strong>exceptis</strong></span> <span class='ocrx_word' id='word_1_205' title='bbox 446 1074 573 1105; x_wconf 88' lang='lat' dir='ltr'><strong>Sabbato</strong></span> <span class='ocrx_word' id='word_1_206' title='bbox 603 1080 634 1104; x_wconf 84' lang='lat' dir='ltr'><strong>et</strong></span> <span class='ocrx_word' id='word_1_207' title='bbox 662 1073 816 1105; x_wconf 89' lang='lat' dir='ltr'><strong>Dominica</strong></span> <span class='ocrx_word' id='word_1_208' title='bbox 834 1085 840 1103; x_wconf 90' lang='lat'><strong>:</strong></span> <span class='ocrx_word' id='word_1_209' title='bbox 859 1074 888 1104; x_wconf 92' lang='lat' dir='ltr'><strong>in</strong></span> <span class='ocrx_word' id='word_1_210' title='bbox 904 1074 1019 1105; x_wconf 87' lang='lat' dir='ltr'><strong>duabus</strong></span> 
     </span>
    </p>
   </div>
   <div class='ocr_carea' id='block_1_30' title="bbox 191 1118 1020 1156">
    <p class='ocr_par' dir='ltr' id='par_1_30' title="bbox 191 1118 1020 1156">
     <span class='ocr_line' id='line_1_30' title="bbox 191 1118 1020 1156; baseline 0 -7"><span class='ocrx_word' id='word_1_211' title='bbox 191 1119 267 1156; x_wconf 87' lang='lat' dir='ltr'><strong>aliis,</strong></span> <span class='ocrx_word' id='word_1_212' title='bbox 280 1119 396 1150; x_wconf 88' lang='lat' dir='ltr'><strong>alterno</strong></span> <span class='ocrx_word' id='word_1_213' title='bbox 407 1119 465 1150; x_wconf 92' lang='lat' dir='ltr'><strong>die.</strong></span> <span class='ocrx_word' id='word_1_214' title='bbox 478 1118 598 1150; x_wconf 64' lang='lat' dir='ltr'><strong>(laeteris</strong></span> <span class='ocrx_word' id='word_1_215' title='bbox 609 1122 706 1149; x_wconf 83' lang='lat' dir='ltr'><strong>autem</strong></span> <span class='ocrx_word' id='word_1_216' title='bbox 717 1119 787 1149; x_wconf 91' lang='lat' dir='ltr'><strong>anni</strong></span> <span class='ocrx_word' id='word_1_217' title='bbox 798 1118 915 1156; x_wconf 89' lang='lat' dir='ltr'><strong>diebus,</strong></span> <span class='ocrx_word' id='word_1_218' title='bbox 926 1122 1020 1153; x_wconf 85' lang='lat' dir='ltr'><strong>semel</strong></span> 
     </span>
    </p>
   </div>
   <div class='ocr_carea' id='block_1_31' title="bbox 191 1162 1021 1203">
    <p class='ocr_par' dir='ltr' id='par_1_31' title="bbox 191 1162 1021 1203">
     <span class='ocr_line' id='line_1_31' title="bbox 191 1162 1021 1203; baseline 0 -9"><span class='ocrx_word' id='word_1_219' title='bbox 191 1163 223 1194; x_wconf 92' lang='lat' dir='ltr'><strong>in</strong></span> <span class='ocrx_word' id='word_1_220' title='bbox 237 1163 286 1194; x_wconf 91' lang='lat' dir='ltr'><strong>die</strong></span> <span class='ocrx_word' id='word_1_221' title='bbox 302 1163 438 1200; x_wconf 84' lang='lat' dir='ltr'><strong>comede,</strong></span> <span class='ocrx_word' id='word_1_222' title='bbox 466 1168 573 1203; x_wconf 64' lang='lat' dir='ltr'><strong>praeter</strong></span> <span class='ocrx_word' id='word_1_223' title='bbox 597 1162 770 1200; x_wconf 89' lang='lat' dir='ltr'><strong>Sabbatum,</strong></span> <span class='ocrx_word' id='word_1_224' title='bbox 788 1163 973 1194; x_wconf 87' lang='lat' dir='ltr'><strong>Dominicam</strong></span> <span class='ocrx_word' id='word_1_225' title='bbox 991 1168 1021 1195; x_wconf 89' lang='lat' dir='ltr'><strong>et</strong></span> 
     </span>
    </p>
   </div>
   <div class='ocr_carea' id='block_1_32' title="bbox 192 1208 779 1248">
    <p class='ocr_par' dir='ltr' id='par_1_32' title="bbox 192 1208 779 1248">
     <span class='ocr_line' id='line_1_32' title="bbox 192 1208 779 1248; baseline 0.002 -10"><span class='ocrx_word' id='word_1_226' title='bbox 192 1208 278 1247; x_wconf 83' lang='lat' dir='ltr'><strong>festa,</strong></span> <span class='ocrx_word' id='word_1_227' title='bbox 296 1208 347 1238; x_wconf 89' lang='lat' dir='ltr'><strong>sed</strong></span> <span class='ocrx_word' id='word_1_228' title='bbox 366 1217 425 1238; x_wconf 91' lang='lat' dir='ltr'><strong>non</strong></span> <span class='ocrx_word' id='word_1_229' title='bbox 441 1217 535 1248; x_wconf 83' lang='lat' dir='ltr'><strong>usque</strong></span> <span class='ocrx_word' id='word_1_230' title='bbox 549 1208 584 1238; x_wconf 89' lang='lat' dir='ltr'><strong>ad</strong></span> <span class='ocrx_word' id='word_1_231' title='bbox 603 1209 779 1240; x_wconf 81' lang='lat' dir='ltr'><strong>satietatem.</strong></span> 
     </span>
    </p>
   </div>
   <div class='ocr_carea' id='block_1_33' title="bbox 234 1252 1017 1292">
    <p class='ocr_par' dir='ltr' id='par_1_33' title="bbox 234 1252 1017 1292">
     <span class='ocr_line' id='line_1_33' title="bbox 234 1252 1017 1292; baseline 0.001 -9"><span class='ocrx_word' id='word_1_232' title='bbox 234 1253 302 1285; x_wconf 75' lang='lat'><strong>149.</strong></span> <span class='ocrx_word' id='word_1_233' title='bbox 320 1252 410 1284; x_wconf 68' lang='lat' dir='ltr'><strong>Stude</strong></span> <span class='ocrx_word' id='word_1_234' title='bbox 426 1253 542 1292; x_wconf 83' lang='lat' dir='ltr'><strong>signum</strong></span> <span class='ocrx_word' id='word_1_235' title='bbox 560 1253 694 1283; x_wconf 86' lang='lat' dir='ltr'><strong>utilitatis</strong></span> <span class='ocrx_word' id='word_1_236' title='bbox 720 1253 784 1284; x_wconf 89' lang='lat' dir='ltr'><strong>ﬁeri</strong></span> <span class='ocrx_word' id='word_1_237' title='bbox 801 1253 939 1284; x_wconf 85' lang='lat' dir='ltr'><strong>omnibus</strong></span> <span class='ocrx_word' id='word_1_238' title='bbox 956 1253 1017 1285; x_wconf 84' lang='lat' dir='ltr'><strong>fra-</strong></span> 
     </span>
    </p>
   </div>
   <div class='ocr_carea' id='block_1_34' title="bbox 195 1297 1015 1338">
    <p class='ocr_par' dir='ltr' id='par_1_34' title="bbox 195 1297 1015 1338">
     <span class='ocr_line' id='line_1_34' title="bbox 195 1297 1015 1338; baseline 0.002 -10"><span class='ocrx_word' id='word_1_239' title='bbox 195 1297 301 1338; x_wconf 85' lang='lat' dir='ltr'><strong>tribus,</strong></span> <span class='ocrx_word' id='word_1_240' title='bbox 317 1297 353 1328; x_wconf 93' lang='lat' dir='ltr'><strong>ad</strong></span> <span class='ocrx_word' id='word_1_241' title='bbox 369 1308 489 1328; x_wconf 90' lang='lat' dir='ltr'><strong>omnem</strong></span> <span class='ocrx_word' id='word_1_242' title='bbox 506 1298 645 1329; x_wconf 84' lang='lat' dir='ltr'><strong>virtutem</strong></span> <span class='ocrx_word' id='word_1_243' title='bbox 664 1298 860 1330; x_wconf 89' lang='lat' dir='ltr'><strong>humilitatem</strong></span> <span class='ocrx_word' id='word_1_244' title='bbox 877 1303 907 1329; x_wconf 93' lang='lat' dir='ltr'><strong>et</strong></span> <span class='ocrx_word' id='word_1_245' title='bbox 930 1308 1015 1330; x_wconf 90' lang='lat' dir='ltr'><strong>man-</strong></span> 
     </span>
    </p>
   </div>
   <div class='ocr_carea' id='block_1_35' title="bbox 194 1343 1014 1379">
    <p class='ocr_par' dir='ltr' id='par_1_35' title="bbox 194 1343 1014 1379">
     <span class='ocr_line' id='line_1_35' title="bbox 194 1343 1014 1379; baseline 0.001 -6"><span class='ocrx_word' id='word_1_246' title='bbox 194 1343 394 1379; x_wconf 86' lang='lat' dir='ltr'><strong>suetudinem,</strong></span> <span class='ocrx_word' id='word_1_247' title='bbox 411 1343 645 1373; x_wconf 87' lang='lat' dir='ltr'><strong>misericordiam</strong></span> <span class='ocrx_word' id='word_1_248' title='bbox 665 1346 694 1373; x_wconf 91' lang='lat' dir='ltr'><strong>et</strong></span> <span class='ocrx_word' id='word_1_249' title='bbox 709 1343 909 1374; x_wconf 83' lang='lat' dir='ltr'><strong>obedientiam</strong></span> <span class='ocrx_word' id='word_1_250' title='bbox 927 1344 1014 1374; x_wconf 89' lang='lat' dir='ltr'><strong>etiam</strong></span> 
     </span>
    </p>
   </div>
   <div class='ocr_carea' id='block_1_36' title="bbox 195 1386 1016 1428">
    <p class='ocr_par' dir='ltr' id='par_1_36' title="bbox 195 1386 1016 1428">
     <span class='ocr_line' id='line_1_36' title="bbox 195 1386 1016 1428; baseline 0.002 -11"><span class='ocrx_word' id='word_1_251' title='bbox 195 1396 264 1426; x_wconf 82' lang='lat' dir='ltr'><strong>erga</strong></span> <span class='ocrx_word' id='word_1_252' title='bbox 281 1387 430 1424; x_wconf 89' lang='lat' dir='ltr'><strong>minimos,</strong></span> <span class='ocrx_word' id='word_1_253' title='bbox 448 1389 498 1418; x_wconf 70' lang='lat' dir='ltr'><strong>ira:</strong></span> <span class='ocrx_word' id='word_1_254' title='bbox 526 1392 556 1417; x_wconf 89' lang='lat' dir='ltr'><strong>et</strong></span> <span class='ocrx_word' id='word_1_255' title='bbox 580 1386 829 1427; x_wconf 75' lang='lat' dir='ltr'><strong>concupiscentiae</strong></span> <span class='ocrx_word' id='word_1_256' title='bbox 845 1392 1016 1428; x_wconf 87' lang='lat' dir='ltr'><strong>temperan-</strong></span> 
     </span>
    </p>
   </div>
   <div class='ocr_carea' id='block_1_37' title="bbox 196 1431 1017 1472">
    <p class='ocr_par' dir='ltr' id='par_1_37' title="bbox 196 1431 1017 1472">
     <span class='ocr_line' id='line_1_37' title="bbox 196 1431 1017 1472; baseline 0.001 -10"><span class='ocrx_word' id='word_1_257' title='bbox 196 1432 277 1469; x_wconf 86' lang='lat' dir='ltr'><strong>tiam,</strong></span> <span class='ocrx_word' id='word_1_258' title='bbox 296 1436 498 1471; x_wconf 83' lang='lat' dir='ltr'><strong>paupertatem</strong></span> <span class='ocrx_word' id='word_1_259' title='bbox 515 1436 544 1462; x_wconf 91' lang='lat' dir='ltr'><strong>et</strong></span> <span class='ocrx_word' id='word_1_260' title='bbox 558 1431 830 1472; x_wconf 75' lang='lat' dir='ltr'><strong>compunclionem,</strong></span> <span class='ocrx_word' id='word_1_261' title='bbox 856 1432 1017 1464; x_wconf 88' lang='lat' dir='ltr'><strong>bonitatem</strong></span> 
     </span>
    </p>
   </div>
   <div class='ocr_carea' id='block_1_38' title="bbox 197 1476 1017 1517">
    <p class='ocr_par' dir='ltr' id='par_1_38' title="bbox 197 1476 1017 1517">
     <span class='ocr_line' id='line_1_38' title="bbox 197 1476 1017 1517; baseline 0.002 -11"><span class='ocrx_word' id='word_1_262' title='bbox 197 1481 225 1507; x_wconf 88' lang='lat' dir='ltr'><strong>et</strong></span> <span class='ocrx_word' id='word_1_263' title='bbox 235 1476 468 1516; x_wconf 87' lang='lat' dir='ltr'><strong>simplicitatem,</strong></span> <span class='ocrx_word' id='word_1_264' title='bbox 477 1476 635 1507; x_wconf 81' lang='lat' dir='ltr'><strong>candorem</strong></span> <span class='ocrx_word' id='word_1_265' title='bbox 645 1485 774 1517; x_wconf 88' lang='lat' dir='ltr'><strong>morum,</strong></span> <span class='ocrx_word' id='word_1_266' title='bbox 782 1477 1017 1517; x_wconf 77' lang='lat' dir='ltr'><strong>segregationem</strong></span> 
     </span>
    </p>
   </div>
   <div class='ocr_carea' id='block_1_39' title="bbox 195 1520 1015 1561">
    <p class='ocr_par' dir='ltr' id='par_1_39' title="bbox 195 1520 1015 1561">
     <span class='ocr_line' id='line_1_39' title="bbox 195 1520 1015 1561; baseline 0.002 -10"><span class='ocrx_word' id='word_1_267' title='bbox 195 1530 212 1551; x_wconf 86' lang='lat' dir='ltr'><strong>a</strong></span> <span class='ocrx_word' id='word_1_268' title='bbox 226 1521 340 1551; x_wconf 88' lang='lat' dir='ltr'><strong>cunctis</strong></span> <span class='ocrx_word' id='word_1_269' title='bbox 357 1520 542 1561; x_wconf 86' lang='lat' dir='ltr'><strong>hominibus,</strong></span> <span class='ocrx_word' id='word_1_270' title='bbox 554 1520 755 1552; x_wconf 88' lang='lat' dir='ltr'><strong>visitationem</strong></span> <span class='ocrx_word' id='word_1_271' title='bbox 766 1521 962 1559; x_wconf 87' lang='lat' dir='ltr'><strong>inﬁrmorum,</strong></span> <span class='ocrx_word' id='word_1_272' title='bbox 973 1522 1015 1553; x_wconf 84' lang='lat' dir='ltr'><strong>af-</strong></span> 
     </span>
    </p>
   </div>
   <div class='ocr_carea' id='block_1_40' title="bbox 195 1565 1016 1608">
    <p class='ocr_par' dir='ltr' id='par_1_40' title="bbox 195 1565 1016 1608">
     <span class='ocr_line' id='line_1_40' title="bbox 195 1565 1016 1608; baseline 0.002 -13"><span class='ocrx_word' id='word_1_273' title='bbox 195 1565 342 1596; x_wconf 85' lang='lat' dir='ltr'><strong>ﬁictorum</strong></span> <span class='ocrx_word' id='word_1_274' title='bbox 360 1565 604 1596; x_wconf 86' lang='lat' dir='ltr'><strong>consolationem.</strong></span> <span class='ocrx_word' id='word_1_275' title='bbox 625 1565 783 1597; x_wconf 87' lang='lat' dir='ltr'><strong>Neminem</strong></span> <span class='ocrx_word' id='word_1_276' title='bbox 799 1575 856 1608; x_wconf 89' lang='lat' dir='ltr'><strong>ope</strong></span> <span class='ocrx_word' id='word_1_277' title='bbox 873 1570 921 1597; x_wconf 82' lang='lat' dir='ltr'><strong>tua</strong></span> <span class='ocrx_word' id='word_1_278' title='bbox 935 1567 1016 1598; x_wconf 92' lang='lat' dir='ltr'><strong>indi-</strong></span> 
     </span>
    </p>
   </div>
   <div class='ocr_carea' id='block_1_41' title="bbox 195 1609 1019 1650">
    <p class='ocr_par' dir='ltr' id='par_1_41' title="bbox 195 1609 1019 1650">
     <span class='ocr_line' id='line_1_41' title="bbox 195 1609 1019 1650; baseline 0.004 -10"><span class='ocrx_word' id='word_1_279' title='bbox 195 1614 312 1650; x_wconf 78' lang='lat' dir='ltr'><strong>gentem</strong></span> <span class='ocrx_word' id='word_1_280' title='bbox 329 1609 453 1650; x_wconf 86' lang='lat' dir='ltr'><strong>repelle,</strong></span> <span class='ocrx_word' id='word_1_281' title='bbox 471 1613 503 1640; x_wconf 93' lang='lat' dir='ltr'><strong>ut</strong></span> <span class='ocrx_word' id='word_1_282' title='bbox 519 1611 578 1642; x_wconf 78' lang='lat' dir='ltr'><strong>Deo</strong></span> <span class='ocrx_word' id='word_1_283' title='bbox 595 1610 716 1641; x_wconf 90' lang='lat' dir='ltr'><strong>intimus</strong></span> <span class='ocrx_word' id='word_1_284' title='bbox 744 1611 798 1641; x_wconf 87' lang='lat' dir='ltr'><strong>ﬁas</strong></span> <span class='ocrx_word' id='word_1_285' title='bbox 815 1621 823 1650; x_wconf 88' lang='lat'><strong>;</strong></span> <span class='ocrx_word' id='word_1_286' title='bbox 855 1611 960 1642; x_wconf 89' lang='lat' dir='ltr'><strong>melior</strong></span> <span class='ocrx_word' id='word_1_287' title='bbox 975 1616 1019 1643; x_wconf 89' lang='lat' dir='ltr'><strong>est</strong></span> 
     </span>
    </p>
   </div>
   <div class='ocr_carea' id='block_1_42' title="bbox 197 1654 1017 1696">
    <p class='ocr_par' dir='ltr' id='par_1_42' title="bbox 197 1654 1017 1696">
     <span class='ocr_line' id='line_1_42' title="bbox 197 1654 1017 1696; baseline 0.004 -11"><span class='ocrx_word' id='word_1_288' title='bbox 197 1655 277 1686; x_wconf 90' lang='lat' dir='ltr'><strong>enim</strong></span> <span class='ocrx_word' id='word_1_289' title='bbox 292 1663 376 1686; x_wconf 86' lang='lat' dir='ltr'><strong>amor</strong></span> <span class='ocrx_word' id='word_1_290' title='bbox 392 1654 542 1695; x_wconf 88' lang='lat' dir='ltr'><strong>precibus.</strong></span> <span class='ocrx_word' id='word_1_291' title='bbox 572 1654 763 1696; x_wconf 88' lang='lat' dir='ltr'><strong>Compatiens</strong></span> <span class='ocrx_word' id='word_1_292' title='bbox 789 1661 852 1687; x_wconf 87' lang='lat' dir='ltr'><strong>esto</strong></span> <span class='ocrx_word' id='word_1_293' title='bbox 868 1656 1017 1696; x_wconf 83' lang='lat' dir='ltr'><strong>omnibus,</strong></span> 
     </span>
    </p>
   </div>
   <div class='ocr_carea' id='block_1_43' title="bbox 197 1699 1020 1741">
    <p class='ocr_par' dir='ltr' id='par_1_43' title="bbox 197 1699 1020 1741">
     <span class='ocr_line' id='line_1_43' title="bbox 197 1699 1020 1741; baseline 0.004 -11"><span class='ocrx_word' id='word_1_294' title='bbox 197 1700 262 1730; x_wconf 89' lang='lat' dir='ltr'><strong>sine</strong></span> <span class='ocrx_word' id='word_1_295' title='bbox 277 1708 351 1730; x_wconf 89' lang='lat' dir='ltr'><strong>vana</strong></span> <span class='ocrx_word' id='word_1_296' title='bbox 367 1699 471 1739; x_wconf 78' lang='lat' dir='ltr'><strong>gloria,</strong></span> <span class='ocrx_word' id='word_1_297' title='bbox 488 1699 553 1730; x_wconf 88' lang='lat' dir='ltr'><strong>sine</strong></span> <span class='ocrx_word' id='word_1_298' title='bbox 569 1699 661 1730; x_wconf 77' lang='lat' dir='ltr'><strong>nimia</strong></span> <span class='ocrx_word' id='word_1_299' title='bbox 676 1700 824 1741; x_wconf 86' lang='lat' dir='ltr'><strong>libertate,</strong></span> <span class='ocrx_word' id='word_1_300' title='bbox 844 1710 902 1731; x_wconf 90' lang='lat' dir='ltr'><strong>non</strong></span> <span class='ocrx_word' id='word_1_301' title='bbox 917 1711 1020 1733; x_wconf 80' lang='lat' dir='ltr'><strong>amans</strong></span> 
     </span>
    </p>
   </div>
   <div class='ocr_carea' id='block_1_44' title="bbox 195 1744 1018 1785">
    <p class='ocr_par' dir='ltr' id='par_1_44' title="bbox 195 1744 1018 1785">
     <span class='ocr_line' id='line_1_44' title="bbox 195 1744 1018 1785; baseline 0.002 -10"><span class='ocrx_word' id='word_1_302' title='bbox 195 1753 331 1783; x_wconf 76' lang='lat' dir='ltr'><strong>arguere,</strong></span> <span class='ocrx_word' id='word_1_303' title='bbox 348 1744 423 1774; x_wconf 90' lang='lat' dir='ltr'><strong>nihil</strong></span> <span class='ocrx_word' id='word_1_304' title='bbox 438 1752 545 1782; x_wconf 71' lang='lat' dir='ltr'><strong>rogans</strong></span> <span class='ocrx_word' id='word_1_305' title='bbox 560 1744 744 1784; x_wconf 77' lang='lat' dir='ltr'><strong>superiorem</strong></span> <span class='ocrx_word' id='word_1_306' title='bbox 760 1749 812 1776; x_wconf 87' lang='lat' dir='ltr'><strong>aut</strong></span> <span class='ocrx_word' id='word_1_307' title='bbox 827 1745 955 1785; x_wconf 86' lang='lat' dir='ltr'><strong>aliquem</strong></span> <span class='ocrx_word' id='word_1_308' title='bbox 972 1747 1018 1777; x_wconf 88' lang='lat' dir='ltr'><strong>in-</strong></span> 
     </span>
    </p>
   </div>
   <div class='ocr_carea' id='block_1_45' title="bbox 194 1788 1018 1831">
    <p class='ocr_par' dir='ltr' id='par_1_45' title="bbox 194 1788 1018 1831">
     <span class='ocr_line' id='line_1_45' title="bbox 194 1788 1018 1831; baseline 0.005 -13"><span class='ocrx_word' id='word_1_309' title='bbox 194 1788 358 1826; x_wconf 83' lang='lat' dir='ltr'><strong>feriorem;</strong></span> <span class='ocrx_word' id='word_1_310' title='bbox 387 1789 580 1820; x_wconf 86' lang='lat' dir='ltr'><strong>reverentiam</strong></span> <span class='ocrx_word' id='word_1_311' title='bbox 612 1798 682 1828; x_wconf 83' lang='lat' dir='ltr'><strong>erga</strong></span> <span class='ocrx_word' id='word_1_312' title='bbox 711 1799 814 1820; x_wconf 89' lang='lat' dir='ltr'><strong>omnes</strong></span> <span class='ocrx_word' id='word_1_313' title='bbox 830 1790 1018 1831; x_wconf 79' lang='lat' dir='ltr'><strong>presbyteros</strong></span> 
     </span>
    </p>
   </div>
   <div class='ocr_carea' id='block_1_46' title="bbox 195 1833 1017 1870">
    <p class='ocr_par' dir='ltr' id='par_1_46' title="bbox 195 1833 1017 1870">
     <span class='ocr_line' id='line_1_46' title="bbox 195 1833 1017 1870; baseline 0.004 -6"><span class='ocrx_word' id='word_1_314' title='bbox 195 1842 280 1864; x_wconf 82' lang='lat' dir='ltr'><strong>serva</strong></span> <span class='ocrx_word' id='word_1_315' title='bbox 293 1833 487 1864; x_wconf 81' lang='lat' dir='ltr'><strong>attentionem</strong></span> <span class='ocrx_word' id='word_1_316' title='bbox 504 1833 533 1863; x_wconf 91' lang='lat' dir='ltr'><strong>in</strong></span> <span class='ocrx_word' id='word_1_317' title='bbox 558 1833 703 1870; x_wconf 85' lang='lat' dir='ltr'><strong>oratione.</strong></span> <span class='ocrx_word' id='word_1_318' title='bbox 716 1833 847 1864; x_wconf 90' lang='lat' dir='ltr'><strong>habitum</strong></span> <span class='ocrx_word' id='word_1_319' title='bbox 863 1834 1017 1867; x_wconf 75' lang='lat' dir='ltr'><strong>inaﬁ‘ecta-</strong></span> 
     </span>
    </p>
   </div>
   <div class='ocr_carea' id='block_1_47' title="bbox 197 1877 1020 1918">
    <p class='ocr_par' dir='ltr' id='par_1_47' title="bbox 197 1877 1020 1918">
     <span class='ocr_line' id='line_1_47' title="bbox 197 1877 1020 1918; baseline 0.004 -10"><span class='ocrx_word' id='word_1_320' title='bbox 197 1881 271 1918; x_wconf 93' lang='lat' dir='ltr'><strong>tum,</strong></span> <span class='ocrx_word' id='word_1_321' title='bbox 288 1882 317 1909; x_wconf 87' lang='lat' dir='ltr'><strong>et</strong></span> <span class='ocrx_word' id='word_1_322' title='bbox 332 1877 570 1908; x_wconf 88' lang='lat' dir='ltr'><strong>benevolentiam</strong></span> <span class='ocrx_word' id='word_1_323' title='bbox 597 1886 665 1917; x_wconf 84' lang='lat' dir='ltr'><strong>erga</strong></span> <span class='ocrx_word' id='word_1_324' title='bbox 696 1887 800 1909; x_wconf 91' lang='lat' dir='ltr'><strong>omnes</strong></span> <span class='ocrx_word' id='word_1_325' title='bbox 823 1879 960 1910; x_wconf 90' lang='lat' dir='ltr'><strong>ostende.</strong></span> <span class='ocrx_word' id='word_1_326' title='bbox 977 1880 1020 1911; x_wconf 80' lang='lat' dir='ltr'><strong>Ne</strong></span> 
     </span>
    </p>
   </div>
   <div class='ocr_carea' id='block_1_48' title="bbox 197 1921 1019 1965">
    <p class='ocr_par' dir='ltr' id='par_1_48' title="bbox 197 1921 1019 1965">
     <span class='ocr_line' id='line_1_48' title="bbox 197 1921 1019 1965; baseline 0.004 -13"><span class='ocrx_word' id='word_1_327' title='bbox 197 1926 318 1963; x_wconf 89' lang='lat' dir='ltr'><strong>propter</strong></span> <span class='ocrx_word' id='word_1_328' title='bbox 332 1921 456 1962; x_wconf 82' lang='lat' dir='ltr'><strong>gloriam</strong></span> <span class='ocrx_word' id='word_1_329' title='bbox 472 1922 591 1953; x_wconf 84' lang='lat' dir='ltr'><strong>studeas</strong></span> <span class='ocrx_word' id='word_1_330' title='bbox 606 1922 722 1953; x_wconf 89' lang='lat' dir='ltr'><strong>curiose</strong></span> <span class='ocrx_word' id='word_1_331' title='bbox 743 1924 868 1954; x_wconf 90' lang='lat' dir='ltr'><strong>scrutari</strong></span> <span class='ocrx_word' id='word_1_332' title='bbox 883 1923 1019 1965; x_wconf 89' lang='lat' dir='ltr'><strong>Scriptu-</strong></span> 
     </span>
    </p>
   </div>
   <div class='ocr_carea' id='block_1_49' title="bbox 196 1965 1018 2007">
    <p class='ocr_par' dir='ltr' id='par_1_49' title="bbox 196 1965 1018 2007">
     <span class='ocr_line' id='line_1_49' title="bbox 196 1965 1018 2007; baseline 0.004 -10"><span class='ocrx_word' id='word_1_333' title='bbox 196 1976 254 1998; x_wconf 91' lang='lat' dir='ltr'><strong>ras.</strong></span> <span class='ocrx_word' id='word_1_334' title='bbox 267 1965 369 1998; x_wconf 89' lang='lat' dir='ltr'><strong>Oratio</strong></span> <span class='ocrx_word' id='word_1_335' title='bbox 383 1967 461 1998; x_wconf 89' lang='lat' dir='ltr'><strong>enim</strong></span> <span class='ocrx_word' id='word_1_336' title='bbox 474 1976 541 1997; x_wconf 85' lang='lat' dir='ltr'><strong>cum</strong></span> <span class='ocrx_word' id='word_1_337' title='bbox 554 1967 690 2007; x_wconf 79' lang='lat' dir='ltr'><strong>lacrymis</strong></span> <span class='ocrx_word' id='word_1_338' title='bbox 701 1971 729 1998; x_wconf 90' lang='lat' dir='ltr'><strong>et</strong></span> <span class='ocrx_word' id='word_1_339' title='bbox 739 1968 842 2007; x_wconf 76' lang='lat' dir='ltr'><strong>gratiae</strong></span> <span class='ocrx_word' id='word_1_340' title='bbox 861 1968 1018 2000; x_wconf 88' lang='lat' dir='ltr'><strong>illustratio</strong></span> 
     </span>
    </p>
   </div>
   <div class='ocr_carea' id='block_1_50' title="bbox 196 2011 1019 2053">
    <p class='ocr_par' dir='ltr' id='par_1_50' title="bbox 196 2011 1019 2053">
     <span class='ocr_line' id='line_1_50' title="bbox 196 2011 1019 2053; baseline 0.004 -11"><span class='ocrx_word' id='word_1_341' title='bbox 196 2011 297 2042; x_wconf 85' lang='lat' dir='ltr'><strong>omnia</strong></span> <span class='ocrx_word' id='word_1_342' title='bbox 325 2012 387 2042; x_wconf 78' lang='lat' dir='ltr'><strong>haec</strong></span> <span class='ocrx_word' id='word_1_343' title='bbox 417 2016 445 2042; x_wconf 91' lang='lat' dir='ltr'><strong>te</strong></span> <span class='ocrx_word' id='word_1_344' title='bbox 473 2011 606 2043; x_wconf 88' lang='lat' dir='ltr'><strong>docebit.</strong></span> <span class='ocrx_word' id='word_1_345' title='bbox 635 2013 738 2052; x_wconf 86' lang='lat' dir='ltr'><strong>Itaque</strong></span> <span class='ocrx_word' id='word_1_346' title='bbox 767 2012 966 2053; x_wconf 83' lang='lat' dir='ltr'><strong>interrogatus</strong></span> <span class='ocrx_word' id='word_1_347' title='bbox 982 2014 1019 2045; x_wconf 89' lang='lat' dir='ltr'><strong>de</strong></span> 
     </span>
    </p>
   </div>
   <div class='ocr_carea' id='block_1_51' title="bbox 196 2056 1020 2096">
    <p class='ocr_par' dir='ltr' id='par_1_51' title="bbox 196 2056 1020 2096">
     <span class='ocr_line' id='line_1_51' title="bbox 196 2056 1020 2096; baseline 0.004 -10"><span class='ocrx_word' id='word_1_348' title='bbox 196 2056 296 2096; x_wconf 90' lang='lat' dir='ltr'><strong>aliquo</strong></span> <span class='ocrx_word' id='word_1_349' title='bbox 311 2056 488 2094; x_wconf 81' lang='lat' dir='ltr'><strong>ofﬁciorum,</strong></span> <span class='ocrx_word' id='word_1_350' title='bbox 505 2065 611 2096; x_wconf 79' lang='lat' dir='ltr'><strong>magna</strong></span> <span class='ocrx_word' id='word_1_351' title='bbox 626 2065 694 2087; x_wconf 92' lang='lat' dir='ltr'><strong>cum</strong></span> <span class='ocrx_word' id='word_1_352' title='bbox 722 2056 901 2095; x_wconf 87' lang='lat' dir='ltr'><strong>humilitate,</strong></span> <span class='ocrx_word' id='word_1_353' title='bbox 920 2067 956 2089; x_wconf 80' lang='lat' dir='ltr'><strong>ex</strong></span> <span class='ocrx_word' id='word_1_354' title='bbox 969 2062 1020 2089; x_wconf 88' lang='lat' dir='ltr'><strong>tua</strong></span> 
     </span>
    </p>
   </div>
   <div class='ocr_carea' id='block_1_52' title="bbox 196 2100 1019 2141">
    <p class='ocr_par' dir='ltr' id='par_1_52' title="bbox 196 2100 1019 2141">
     <span class='ocr_line' id='line_1_52' title="bbox 196 2100 1019 2141; baseline 0.004 -11"><span class='ocrx_word' id='word_1_355' title='bbox 196 2101 264 2136; x_wconf 89' lang='lat' dir='ltr'><strong>vita,</strong></span> <span class='ocrx_word' id='word_1_356' title='bbox 283 2106 419 2141; x_wconf 90' lang='lat' dir='ltr'><strong>tanquam</strong></span> <span class='ocrx_word' id='word_1_357' title='bbox 445 2110 478 2131; x_wconf 81' lang='lat' dir='ltr'><strong>ex</strong></span> <span class='ocrx_word' id='word_1_358' title='bbox 497 2101 605 2140; x_wconf 88' lang='lat' dir='ltr'><strong>aliena,</strong></span> <span class='ocrx_word' id='word_1_359' title='bbox 622 2100 758 2132; x_wconf 85' lang='lat' dir='ltr'><strong>haustam</strong></span> <span class='ocrx_word' id='word_1_360' title='bbox 775 2102 925 2133; x_wconf 90' lang='lat' dir='ltr'><strong>actionum</strong></span> <span class='ocrx_word' id='word_1_361' title='bbox 942 2102 1019 2133; x_wconf 59' lang='lat' dir='ltr'><strong>divi.</strong></span> 
     </span>
    </p>
   </div>
   <div class='ocr_carea' id='block_1_53' title="bbox 197 2145 1051 2192">
    <p class='ocr_par' dir='ltr' id='par_1_53' title="bbox 197 2145 1051 2192">
     <span class='ocr_line' id='line_1_53' title="bbox 197 2145 1051 2192; baseline 0.002 -16"><span class='ocrx_word' id='word_1_362' title='bbox 197 2155 303 2176; x_wconf 92' lang='lat' dir='ltr'><strong>narum</strong></span> <span class='ocrx_word' id='word_1_363' title='bbox 313 2145 512 2185; x_wconf 86' lang='lat' dir='ltr'><strong>disciplinam,</strong></span> <span class='ocrx_word' id='word_1_364' title='bbox 524 2146 679 2185; x_wconf 83' lang='lat' dir='ltr'><strong>adjuvante</strong></span> <span class='ocrx_word' id='word_1_365' title='bbox 690 2146 794 2186; x_wconf 72' lang='lat' dir='ltr'><strong>gratia,</strong></span> <span class='ocrx_word' id='word_1_366' title='bbox 804 2146 889 2188; x_wconf 88' lang='lat' dir='ltr'><strong>doce,</strong></span> <span class='ocrx_word' id='word_1_367' title='bbox 907 2156 924 2178; x_wconf 91' lang='lat' dir='ltr'><strong>a</strong></span> <span class='ocrx_word' id='word_1_368' title='bbox 937 2156 1019 2178; x_wconf 73' lang='lat' dir='ltr'><strong>vanae</strong></span> <span class='ocrx_word' id='word_1_369' title='bbox 1026 2162 1051 2192; x_wconf 68' lang='grc' dir='ltr'>Β</span> 
     </span>
    </p>
   </div>
   <div class='ocr_carea' id='block_1_54' title="bbox 197 2190 1018 2231">
    <p class='ocr_par' dir='ltr' id='par_1_54' title="bbox 197 2190 1018 2231">
     <span class='ocr_line' id='line_1_54' title="bbox 197 2190 1018 2231; baseline 0 -9"><span class='ocrx_word' id='word_1_370' title='bbox 197 2191 301 2231; x_wconf 67' lang='lat' dir='ltr'><strong>gloriae</strong></span> <span class='ocrx_word' id='word_1_371' title='bbox 311 2190 498 2229; x_wconf 81' lang='lat' dir='ltr'><strong>cogitatione,</strong></span> <span class='ocrx_word' id='word_1_372' title='bbox 511 2200 694 2231; x_wconf 68' lang='lat' dir='ltr'><strong>quaecunque</strong></span> <span class='ocrx_word' id='word_1_373' title='bbox 711 2190 759 2229; x_wconf 89' lang='lat' dir='ltr'><strong>sit,</strong></span> <span class='ocrx_word' id='word_1_374' title='bbox 771 2190 896 2230; x_wconf 84' lang='lat' dir='ltr'><strong>alienus,</strong></span> <span class='ocrx_word' id='word_1_375' title='bbox 907 2192 1018 2222; x_wconf 89' lang='lat' dir='ltr'><strong>solam-</strong></span> 
     </span>
    </p>
   </div>
   <div class='ocr_carea' id='block_1_55' title="bbox 197 2234 1016 2276">
    <p class='ocr_par' dir='ltr' id='par_1_55' title="bbox 197 2234 1016 2276">
     <span class='ocr_line' id='line_1_55' title="bbox 197 2234 1016 2276; baseline 0.001 -10"><span class='ocrx_word' id='word_1_376' title='bbox 197 2245 255 2276; x_wconf 91' lang='lat' dir='ltr'><strong>que</strong></span> <span class='ocrx_word' id='word_1_377' title='bbox 264 2235 388 2276; x_wconf 81' lang='lat' dir='ltr'><strong>proximi</strong></span> <span class='ocrx_word' id='word_1_378' title='bbox 400 2234 554 2266; x_wconf 88' lang='lat' dir='ltr'><strong>ntilitatem</strong></span> <span class='ocrx_word' id='word_1_379' title='bbox 567 2234 737 2266; x_wconf 89' lang='lat' dir='ltr'><strong>intendens.</strong></span> <span class='ocrx_word' id='word_1_380' title='bbox 749 2234 891 2267; x_wconf 89' lang='lat' dir='ltr'><strong>Juvamen</strong></span> <span class='ocrx_word' id='word_1_381' title='bbox 902 2236 933 2266; x_wconf 92' lang='lat' dir='ltr'><strong>in</strong></span> <span class='ocrx_word' id='word_1_382' title='bbox 943 2246 1016 2267; x_wconf 87' lang='lat' dir='ltr'><strong>con-</strong></span> 
     </span>
    </p>
   </div>
   <div class='ocr_carea' id='block_1_56' title="bbox 197 2280 1021 2322">
    <p class='ocr_par' dir='ltr' id='par_1_56' title="bbox 197 2280 1021 2322">
     <span class='ocr_line' id='line_1_56' title="bbox 197 2280 1021 2322; baseline 0.001 -11"><span class='ocrx_word' id='word_1_383' title='bbox 197 2281 328 2311; x_wconf 78' lang='lat' dir='ltr'><strong>fessione</strong></span> <span class='ocrx_word' id='word_1_384' title='bbox 344 2283 523 2320; x_wconf 64' lang='lat' dir='ltr'><strong>quaerentem</strong></span> <span class='ocrx_word' id='word_1_385' title='bbox 539 2289 556 2310; x_wconf 90' lang='lat' dir='ltr'><strong>a</strong></span> <span class='ocrx_word' id='word_1_386' title='bbox 582 2284 609 2310; x_wconf 90' lang='lat' dir='ltr'><strong>te</strong></span> <span class='ocrx_word' id='word_1_387' title='bbox 631 2289 669 2310; x_wconf 90' lang='lat' dir='ltr'><strong>ne</strong></span> <span class='ocrx_word' id='word_1_388' title='bbox 695 2280 835 2320; x_wconf 86' lang='lat' dir='ltr'><strong>repellas,</strong></span> <span class='ocrx_word' id='word_1_389' title='bbox 853 2281 906 2312; x_wconf 88' lang='lat' dir='ltr'><strong>sed</strong></span> <span class='ocrx_word' id='word_1_390' title='bbox 921 2281 1021 2322; x_wconf 87' lang='lat' dir='ltr'><strong>recipe</strong></span> 
     </span>
    </p>
   </div>
   <div class='ocr_carea' id='block_1_57' title="bbox 199 2323 1022 2365">
    <p class='ocr_par' dir='ltr' id='par_1_57' title="bbox 199 2323 1022 2365">
     <span class='ocr_line' id='line_1_57' title="bbox 199 2323 1022 2365; baseline 0 -9"><span class='ocrx_word' id='word_1_391' title='bbox 199 2325 301 2364; x_wconf 67' lang='lat' dir='ltr'><strong>culpas</strong></span> <span class='ocrx_word' id='word_1_392' title='bbox 317 2324 392 2364; x_wconf 87' lang='lat' dir='ltr'><strong>ejus,</strong></span> <span class='ocrx_word' id='word_1_393' title='bbox 405 2333 587 2364; x_wconf 60' lang='lat' dir='ltr'><strong>quaecunque</strong></span> <span class='ocrx_word' id='word_1_394' title='bbox 612 2323 681 2360; x_wconf 85' lang='lat' dir='ltr'><strong>sint,</strong></span> <span class='ocrx_word' id='word_1_395' title='bbox 712 2333 802 2364; x_wconf 86' lang='lat' dir='ltr'><strong>super</strong></span> <span class='ocrx_word' id='word_1_396' title='bbox 816 2325 879 2365; x_wconf 90' lang='lat' dir='ltr'><strong>ipso</strong></span> <span class='ocrx_word' id='word_1_397' title='bbox 894 2325 1022 2356; x_wconf 83' lang='lat' dir='ltr'><strong>fundens</strong></span> 
     </span>
    </p>
   </div>
   <div class='ocr_carea' id='block_1_58' title="bbox 199 2369 1022 2409">
    <p class='ocr_par' dir='ltr' id='par_1_58' title="bbox 199 2369 1022 2409">
     <span class='ocr_line' id='line_1_58' title="bbox 199 2369 1022 2409; baseline 0 -9"><span class='ocrx_word' id='word_1_398' title='bbox 199 2369 345 2409; x_wconf 84' lang='lat' dir='ltr'><strong>lacrymas</strong></span> <span class='ocrx_word' id='word_1_399' title='bbox 358 2378 392 2399; x_wconf 88' lang='lat' dir='ltr'><strong>ac</strong></span> <span class='ocrx_word' id='word_1_400' title='bbox 408 2378 513 2408; x_wconf 87' lang='lat' dir='ltr'><strong>preces</strong></span> <span class='ocrx_word' id='word_1_401' title='bbox 530 2377 536 2399; x_wconf 92' lang='lat'>:</span> <span class='ocrx_word' id='word_1_402' title='bbox 555 2369 616 2400; x_wconf 55' lang='lat' dir='ltr'><strong>haec</strong></span> <span class='ocrx_word' id='word_1_403' title='bbox 632 2369 711 2399; x_wconf 90' lang='lat' dir='ltr'><strong>enim</strong></span> <span class='ocrx_word' id='word_1_404' title='bbox 727 2373 796 2400; x_wconf 90' lang='lat' dir='ltr'><strong>sunt</strong></span> <span class='ocrx_word' id='word_1_405' title='bbox 812 2369 896 2409; x_wconf 79' lang='lat' dir='ltr'><strong>signa</strong></span> <span class='ocrx_word' id='word_1_406' title='bbox 910 2371 1022 2400; x_wconf 89' lang='lat' dir='ltr'><strong>amoris</strong></span> 
     </span>
    </p>
   </div>
   <div class='ocr_carea' id='block_1_59' title="bbox 199 2412 1021 2453">
    <p class='ocr_par' dir='ltr' id='par_1_59' title="bbox 199 2412 1021 2453">
     <span class='ocr_line' id='line_1_59' title="bbox 199 2412 1021 2453; baseline 0.001 -9"><span class='ocrx_word' id='word_1_407' title='bbox 199 2414 400 2453; x_wconf 56' lang='lat' dir='ltr'><strong>perfectaeque</strong></span> <span class='ocrx_word' id='word_1_408' title='bbox 415 2412 641 2453; x_wconf 86' lang='lat' dir='ltr'><strong>compassionis.</strong></span> <span class='ocrx_word' id='word_1_409' title='bbox 662 2415 698 2444; x_wconf 77' lang='lat' dir='ltr'><strong>Et</strong></span> <span class='ocrx_word' id='word_1_410' title='bbox 710 2413 746 2444; x_wconf 91' lang='lat' dir='ltr'><strong>ad</strong></span> <span class='ocrx_word' id='word_1_411' title='bbox 763 2418 790 2444; x_wconf 93' lang='lat' dir='ltr'><strong>te</strong></span> <span class='ocrx_word' id='word_1_412' title='bbox 806 2413 973 2445; x_wconf 87' lang='lat' dir='ltr'><strong>venientem</strong></span> <span class='ocrx_word' id='word_1_413' title='bbox 983 2423 1021 2445; x_wconf 94' lang='lat' dir='ltr'><strong>ne</strong></span> 
     </span>
    </p>
   </div>
   <div class='ocr_carea' id='block_1_60' title="bbox 199 2457 1020 2498">
    <p class='ocr_par' dir='ltr' id='par_1_60' title="bbox 199 2457 1020 2498">
     <span class='ocr_line' id='line_1_60' title="bbox 199 2457 1020 2498; baseline 0 -9"><span class='ocrx_word' id='word_1_414' title='bbox 199 2458 328 2498; x_wconf 85' lang='lat' dir='ltr'><strong>repellas</strong></span> <span class='ocrx_word' id='word_1_415' title='bbox 343 2458 451 2488; x_wconf 92' lang='lat' dir='ltr'><strong>timens</strong></span> <span class='ocrx_word' id='word_1_416' title='bbox 481 2467 518 2488; x_wconf 90' lang='lat' dir='ltr'><strong>ne</strong></span> <span class='ocrx_word' id='word_1_417' title='bbox 547 2457 714 2488; x_wconf 90' lang='lat' dir='ltr'><strong>istiusmodi</strong></span> <span class='ocrx_word' id='word_1_418' title='bbox 742 2458 894 2498; x_wconf 91' lang='lat' dir='ltr'><strong>culparum</strong></span> <span class='ocrx_word' id='word_1_419' title='bbox 909 2459 1020 2489; x_wconf 89' lang='lat' dir='ltr'><strong>auditio</strong></span> 
     </span>
    </p>
   </div>
   <div class='ocr_carea' id='block_1_61' title="bbox 200 2502 1021 2543">
    <p class='ocr_par' dir='ltr' id='par_1_61' title="bbox 200 2502 1021 2543">
     <span class='ocr_line' id='line_1_61' title="bbox 200 2502 1021 2543; baseline 0.001 -10"><span class='ocrx_word' id='word_1_420' title='bbox 200 2503 254 2534; x_wconf 89' lang='lat' dir='ltr'><strong>tibi</strong></span> <span class='ocrx_word' id='word_1_421' title='bbox 266 2507 371 2533; x_wconf 87' lang='lat' dir='ltr'><strong>noceat</strong></span> <span class='ocrx_word' id='word_1_422' title='bbox 385 2513 392 2540; x_wconf 87' lang='lat'><strong>;</strong></span> <span class='ocrx_word' id='word_1_423' title='bbox 406 2503 500 2542; x_wconf 82' lang='lat' dir='ltr'><strong>gratia</strong></span> <span class='ocrx_word' id='word_1_424' title='bbox 515 2502 596 2533; x_wconf 88' lang='lat' dir='ltr'><strong>enim</strong></span> <span class='ocrx_word' id='word_1_425' title='bbox 609 2502 778 2542; x_wconf 87' lang='lat' dir='ltr'><strong>adjuvante,</strong></span> <span class='ocrx_word' id='word_1_426' title='bbox 794 2503 909 2534; x_wconf 87' lang='lat' dir='ltr'><strong>nullum</strong></span> <span class='ocrx_word' id='word_1_427' title='bbox 924 2503 1021 2543; x_wconf 85' lang='lat' dir='ltr'><strong>patie-</strong></span> 
     </span>
    </p>
   </div>
   <div class='ocr_carea' id='block_1_62' title="bbox 200 2547 1021 2588">
    <p class='ocr_par' dir='ltr' id='par_1_62' title="bbox 200 2547 1021 2588">
     <span class='ocr_line' id='line_1_62' title="bbox 200 2547 1021 2588; baseline 0 -9"><span class='ocrx_word' id='word_1_428' title='bbox 200 2548 242 2579; x_wconf 90' lang='lat' dir='ltr'><strong>ris</strong></span> <span class='ocrx_word' id='word_1_429' title='bbox 253 2547 476 2579; x_wconf 88' lang='lat' dir='ltr'><strong>detrimentum.</strong></span> <span class='ocrx_word' id='word_1_430' title='bbox 486 2547 671 2588; x_wconf 74' lang='lat' dir='ltr'><strong>Caeteroquin</strong></span> <span class='ocrx_word' id='word_1_431' title='bbox 680 2550 731 2587; x_wconf 85' lang='lat' dir='ltr'><strong>(ne</strong></span> <span class='ocrx_word' id='word_1_432' title='bbox 739 2547 982 2587; x_wconf 72' lang='lat' dir='ltr'><strong>laedanturmulti,</strong></span> <span class='ocrx_word' id='word_1_433' title='bbox 990 2548 1021 2579; x_wconf 91' lang='lat' dir='ltr'><strong>in</strong></span> 
     </span>
    </p>
   </div>
   <div class='ocr_carea' id='block_1_63' title="bbox 202 2592 1021 2633">
    <p class='ocr_par' dir='ltr' id='par_1_63' title="bbox 202 2592 1021 2633">
     <span class='ocr_line' id='line_1_63' title="bbox 202 2592 1021 2633; baseline 0 -9"><span class='ocrx_word' id='word_1_434' title='bbox 202 2595 267 2624; x_wconf 90' lang='lat' dir='ltr'><strong>locu</strong></span> <span class='ocrx_word' id='word_1_435' title='bbox 289 2597 404 2624; x_wconf 88' lang='lat' dir='ltr'><strong>secreto</strong></span> <span class='ocrx_word' id='word_1_436' title='bbox 416 2592 445 2623; x_wconf 93' lang='lat' dir='ltr'><strong>id</strong></span> <span class='ocrx_word' id='word_1_437' title='bbox 459 2592 559 2624; x_wconf 89' lang='lat' dir='ltr'><strong>dicere</strong></span> <span class='ocrx_word' id='word_1_438' title='bbox 571 2594 712 2633; x_wconf 84' lang='lat' dir='ltr'><strong>oportet),</strong></span> <span class='ocrx_word' id='word_1_439' title='bbox 725 2593 780 2624; x_wconf 89' lang='lat' dir='ltr'><strong>etsi</strong></span> <span class='ocrx_word' id='word_1_440' title='bbox 791 2593 866 2624; x_wconf 80' lang='lat' dir='ltr'><strong>forte</strong></span> <span class='ocrx_word' id='word_1_441' title='bbox 877 2593 908 2624; x_wconf 88' lang='lat' dir='ltr'><strong>in</strong></span> <span class='ocrx_word' id='word_1_442' title='bbox 923 2593 1021 2625; x_wconf 65' lang='lat' dir='ltr'><strong>oden-</strong></span> 
     </span>
    </p>
   </div>
   <div class='ocr_carea' id='block_1_64' title="bbox 200 2637 1021 2678">
    <p class='ocr_par' dir='ltr' id='par_1_64' title="bbox 200 2637 1021 2678">
     <span class='ocr_line' id='line_1_64' title="bbox 200 2637 1021 2678; baseline -0.001 -9"><span class='ocrx_word' id='word_1_443' title='bbox 200 2647 263 2669; x_wconf 85' lang='lat' dir='ltr'><strong>sam</strong></span> <span class='ocrx_word' id='word_1_444' title='bbox 279 2637 464 2677; x_wconf 82' lang='lat' dir='ltr'><strong>cogitationis</strong></span> <span class='ocrx_word' id='word_1_445' title='bbox 482 2637 599 2675; x_wconf 86' lang='lat' dir='ltr'><strong>labaris,</strong></span> <span class='ocrx_word' id='word_1_446' title='bbox 631 2641 662 2668; x_wconf 88' lang='lat' dir='ltr'><strong>ut</strong></span> <span class='ocrx_word' id='word_1_447' title='bbox 690 2638 779 2668; x_wconf 90' lang='lat' dir='ltr'><strong>homo</strong></span> <span class='ocrx_word' id='word_1_448' title='bbox 808 2638 845 2678; x_wconf 89' lang='lat' dir='ltr'><strong>(si</strong></span> <span class='ocrx_word' id='word_1_449' title='bbox 874 2638 953 2669; x_wconf 87' lang='lat' dir='ltr'><strong>enim</strong></span> <span class='ocrx_word' id='word_1_450' title='bbox 970 2638 1021 2669; x_wconf 90' lang='lat' dir='ltr'><strong>tibi</strong></span> 
     </span>
    </p>
   </div>
   <div class='ocr_carea' id='block_1_65' title="bbox 201 2682 1022 2722">
    <p class='ocr_par' dir='ltr' id='par_1_65' title="bbox 201 2682 1022 2722">
     <span class='ocr_line' id='line_1_65' title="bbox 201 2682 1022 2722; baseline 0.001 -9"><span class='ocrx_word' id='word_1_451' title='bbox 201 2685 294 2722; x_wconf 85' lang='lat' dir='ltr'><strong>gratia</strong></span> <span class='ocrx_word' id='word_1_452' title='bbox 321 2682 488 2719; x_wconf 80' lang='lat' dir='ltr'><strong>auxiliatur,</strong></span> <span class='ocrx_word' id='word_1_453' title='bbox 519 2682 549 2713; x_wconf 93' lang='lat' dir='ltr'><strong>id</strong></span> <span class='ocrx_word' id='word_1_454' title='bbox 579 2682 633 2712; x_wconf 87' lang='lat' dir='ltr'><strong>tibi</strong></span> <span class='ocrx_word' id='word_1_455' title='bbox 667 2692 726 2713; x_wconf 90' lang='lat' dir='ltr'><strong>non</strong></span> <span class='ocrx_word' id='word_1_456' title='bbox 755 2682 892 2722; x_wconf 89' lang='lat' dir='ltr'><strong>accidet),</strong></span> <span class='ocrx_word' id='word_1_457' title='bbox 922 2692 1022 2714; x_wconf 89' lang='lat' dir='ltr'><strong>nonne</strong></span> 
     </span>
    </p>
   </div>
   <div class='ocr_carea' id='block_1_66' title="bbox 202 2727 1022 2768">
    <p class='ocr_par' dir='ltr' id='par_1_66' title="bbox 202 2727 1022 2768">
     <span class='ocr_line' id='line_1_66' title="bbox 202 2727 1022 2768; baseline 0 -10"><span class='ocrx_word' id='word_1_458' title='bbox 202 2728 299 2759; x_wconf 88' lang='lat' dir='ltr'><strong>edocti</strong></span> <span class='ocrx_word' id='word_1_459' title='bbox 314 2737 416 2758; x_wconf 90' lang='lat' dir='ltr'><strong>sumus</strong></span> <span class='ocrx_word' id='word_1_460' title='bbox 427 2736 571 2768; x_wconf 79' lang='lat' dir='ltr'><strong>quaerere,</strong></span> <span class='ocrx_word' id='word_1_461' title='bbox 582 2736 641 2758; x_wconf 89' lang='lat' dir='ltr'><strong>non</strong></span> <span class='ocrx_word' id='word_1_462' title='bbox 657 2727 735 2767; x_wconf 88' lang='lat' dir='ltr'><strong>quod</strong></span> <span class='ocrx_word' id='word_1_463' title='bbox 752 2732 861 2765; x_wconf 82' lang='lat' dir='ltr'><strong>nostra,</strong></span> <span class='ocrx_word' id='word_1_464' title='bbox 879 2727 931 2759; x_wconf 90' lang='lat' dir='ltr'><strong>sed</strong></span> <span class='ocrx_word' id='word_1_465' title='bbox 943 2727 1022 2768; x_wconf 89' lang='lat' dir='ltr'><strong>quod</strong></span> 
     </span>
    </p>
   </div>
   <div class='ocr_carea' id='block_1_67' title="bbox 202 2771 1022 2814">
    <p class='ocr_par' dir='ltr' id='par_1_67' title="bbox 202 2771 1022 2814">
     <span class='ocr_line' id='line_1_67' title="bbox 202 2771 1022 2814; baseline 0.001 -11"><span class='ocrx_word' id='word_1_466' title='bbox 202 2772 326 2803; x_wconf 82' lang='lat' dir='ltr'><strong>aliorum</strong></span> <span class='ocrx_word' id='word_1_467' title='bbox 337 2772 440 2810; x_wconf 77' lang='lat' dir='ltr'><strong>refert,</strong></span> <span class='ocrx_word' id='word_1_468' title='bbox 451 2775 483 2802; x_wconf 87' lang='lat' dir='ltr'><strong>ut</strong></span> <span class='ocrx_word' id='word_1_469' title='bbox 498 2771 569 2802; x_wconf 91' lang='lat' dir='ltr'><strong>salvi</strong></span> <span class='ocrx_word' id='word_1_470' title='bbox 585 2773 666 2803; x_wconf 89' lang='lat' dir='ltr'><strong>ﬁant.</strong></span> <span class='ocrx_word' id='word_1_471' title='bbox 687 2772 771 2803; x_wconf 85' lang='lat' dir='ltr'><strong>Sicut</strong></span> <span class='ocrx_word' id='word_1_472' title='bbox 782 2777 870 2803; x_wconf 87' lang='lat' dir='ltr'><strong>antea</strong></span> <span class='ocrx_word' id='word_1_473' title='bbox 883 2773 1022 2814; x_wconf 84' lang='lat' dir='ltr'><strong>diximus,</strong></span> 
     </span>
    </p>
   </div>
   <div class='ocr_carea' id='block_1_68' title="bbox 203 2817 1023 2859">
    <p class='ocr_par' dir='ltr' id='par_1_68' title="bbox 203 2817 1023 2859">
     <span class='ocr_line' id='line_1_68' title="bbox 203 2817 1023 2859; baseline 0 -11"><span class='ocrx_word' id='word_1_474' title='bbox 203 2817 291 2848; x_wconf 86' lang='lat' dir='ltr'><strong>vitam</strong></span> <span class='ocrx_word' id='word_1_475' title='bbox 307 2826 390 2848; x_wconf 89' lang='lat' dir='ltr'><strong>serva</strong></span> <span class='ocrx_word' id='word_1_476' title='bbox 406 2817 591 2857; x_wconf 88' lang='lat' dir='ltr'><strong>tranquillam</strong></span> <span class='ocrx_word' id='word_1_477' title='bbox 609 2820 638 2848; x_wconf 88' lang='lat' dir='ltr'><strong>et</strong></span> <span class='ocrx_word' id='word_1_478' title='bbox 650 2826 823 2858; x_wconf 87' lang='lat' dir='ltr'><strong>pauperem,</strong></span> <span class='ocrx_word' id='word_1_479' title='bbox 839 2827 876 2849; x_wconf 87' lang='lat' dir='ltr'><strong>ac</strong></span> <span class='ocrx_word' id='word_1_480' title='bbox 897 2818 1023 2859; x_wconf 87' lang='lat' dir='ltr'><strong>teipsum</strong></span> 
     </span>
    </p>
   </div>
   <div class='ocr_carea' id='block_1_69' title="bbox 1057 622 1887 666">
    <p class='ocr_par' dir='ltr' id='par_1_69' title="bbox 1057 622 1887 666">
     <span class='ocr_line' id='line_1_69' title="bbox 1057 622 1887 666; baseline -0.005 -13"><span class='ocrx_word' id='word_1_481' title='bbox 1057 625 1145 665; x_wconf 78' lang='grc' dir='ltr'>ἕτερόν</span> <span class='ocrx_word' id='word_1_482' title='bbox 1162 637 1190 654; x_wconf 87' lang='grc' dir='ltr'><strong>σε</strong></span> <span class='ocrx_word' id='word_1_483' title='bbox 1218 625 1396 665; x_wconf 83' lang='grc' dir='ltr'>προλαϐόντα,</span> <span class='ocrx_word' id='word_1_484' title='bbox 1427 625 1506 666; x_wconf 81' lang='grc' dir='ltr'>χάριν</span> <span class='ocrx_word' id='word_1_485' title='bbox 1533 628 1582 659; x_wconf 84' lang='grc' dir='ltr'><strong>τῆς</strong></span> <span class='ocrx_word' id='word_1_486' title='bbox 1611 625 1693 657; x_wconf 65' lang='grc' dir='ltr'>αὒτῆς</span> <span class='ocrx_word' id='word_1_487' title='bbox 1721 622 1887 658; x_wconf 73' lang='grc' dir='ltr'><strong>ὑποθέσεως,</strong></span> 
     </span>
    </p>
   </div>
   <div class='ocr_carea' id='block_1_70' title="bbox 1058 669 1892 710">
    <p class='ocr_par' dir='ltr' id='par_1_70' title="bbox 1058 669 1892 710">
     <span class='ocr_line' id='line_1_70' title="bbox 1058 669 1892 710; baseline -0.007 -11"><span class='ocrx_word' id='word_1_488' title='bbox 1058 669 1075 704; x_wconf 71' lang='grc' dir='ltr'>ἢ</span> <span class='ocrx_word' id='word_1_489' title='bbox 1104 671 1148 698; x_wconf 77' lang='grc' dir='ltr'><strong>καὶ</strong></span> <span class='ocrx_word' id='word_1_490' title='bbox 1178 670 1267 710; x_wconf 75' lang='grc' dir='ltr'>ἐτέρας</span> <span class='ocrx_word' id='word_1_491' title='bbox 1301 671 1384 710; x_wconf 79' lang='grc' dir='ltr'>τινὸς,</span> <span class='ocrx_word' id='word_1_492' title='bbox 1414 671 1457 698; x_wconf 79' lang='grc' dir='ltr'>καὶ</span> <span class='ocrx_word' id='word_1_493' title='bbox 1484 669 1571 699; x_wconf 73' lang='grc' dir='ltr'>ἕνεκεν</span> <span class='ocrx_word' id='word_1_494' title='bbox 1599 669 1691 698; x_wconf 80' lang='grc' dir='ltr'>τούτου</span> <span class='ocrx_word' id='word_1_495' title='bbox 1719 678 1748 695; x_wconf 85' lang='grc' dir='ltr'><strong>σε</strong></span> <span class='ocrx_word' id='word_1_496' title='bbox 1781 677 1892 706; x_wconf 82' lang='grc' dir='ltr'>παρεω-</span> 
     </span>
    </p>
   </div>
   <div class='ocr_carea' id='block_1_71' title="bbox 1061 711 1887 754">
    <p class='ocr_par' dir='ltr' id='par_1_71' title="bbox 1061 711 1887 754">
     <span class='ocr_line' id='line_1_71' title="bbox 1061 711 1887 754; baseline -0.005 -13"><span class='ocrx_word' id='word_1_497' title='bbox 1061 713 1173 753; x_wconf 86' lang='grc' dir='ltr'>ραμένον</span> <span class='ocrx_word' id='word_1_498' title='bbox 1204 716 1269 754; x_wconf 79' lang='grc' dir='ltr'>πρὸς</span> <span class='ocrx_word' id='word_1_499' title='bbox 1305 715 1409 753; x_wconf 79' lang='grc' dir='ltr'>μικρὸν,</span> <span class='ocrx_word' id='word_1_500' title='bbox 1454 714 1492 752; x_wconf 81' lang='grc' dir='ltr'>μὴ</span> <span class='ocrx_word' id='word_1_501' title='bbox 1528 713 1705 753; x_wconf 77' lang='grc' dir='ltr'>δυσχεράνῃς,</span> <span class='ocrx_word' id='word_1_502' title='bbox 1748 711 1817 749; x_wconf 71' lang='grc' dir='ltr'>μήτε</span> <span class='ocrx_word' id='word_1_503' title='bbox 1860 721 1887 737; x_wconf 89' lang='grc' dir='ltr'><strong>τι</strong></span> 
     </span>
    </p>
   </div>
   <div class='ocr_carea' id='block_1_72' title="bbox 1062 755 1888 798">
    <p class='ocr_par' dir='ltr' id='par_1_72' title="bbox 1062 755 1888 798">
     <span class='ocr_line' id='line_1_72' title="bbox 1062 755 1888 798; baseline -0.004 -13"><span class='ocrx_word' id='word_1_504' title='bbox 1062 757 1175 787; x_wconf 79' lang='grc' dir='ltr'>ἐναντίον</span> <span class='ocrx_word' id='word_1_505' title='bbox 1191 758 1285 798; x_wconf 82' lang='grc' dir='ltr'>λογίσῃ</span> <span class='ocrx_word' id='word_1_506' title='bbox 1301 767 1309 775; x_wconf 80' lang='grc'><strong><em>⁸</em></strong></span> <span class='ocrx_word' id='word_1_507' title='bbox 1325 758 1394 787; x_wconf 77' lang='grc' dir='ltr'>ἀλλὰ</span> <span class='ocrx_word' id='word_1_508' title='bbox 1420 757 1490 790; x_wconf 71' lang='grc' dir='ltr'>ἰδίως</span> <span class='ocrx_word' id='word_1_509' title='bbox 1513 757 1609 786; x_wconf 80' lang='grc' dir='ltr'>ἵστασο</span> <span class='ocrx_word' id='word_1_510' title='bbox 1636 758 1683 788; x_wconf 80' lang='grc' dir='ltr'><strong>τὰς</strong></span> <span class='ocrx_word' id='word_1_511' title='bbox 1698 762 1793 796; x_wconf 68' lang='grc' dir='ltr'>χεῖρας</span> <span class='ocrx_word' id='word_1_512' title='bbox 1811 755 1888 795; x_wconf 76' lang='grc' dir='ltr'>ἔχων</span> 
     </span>
    </p>
   </div>
   <div class='ocr_carea' id='block_1_73' title="bbox 1061 801 1887 844">
    <p class='ocr_par' dir='ltr' id='par_1_73' title="bbox 1061 801 1887 844">
     <span class='ocr_line' id='line_1_73' title="bbox 1061 801 1887 844; baseline -0.004 -14"><span class='ocrx_word' id='word_1_513' title='bbox 1061 801 1210 841; x_wconf 73' lang='grc' dir='ltr'><strong>δεδεμένας,</strong></span> <span class='ocrx_word' id='word_1_514' title='bbox 1235 803 1315 844; x_wconf 83' lang='grc' dir='ltr'>μέχρι</span> <span class='ocrx_word' id='word_1_515' title='bbox 1338 806 1388 837; x_wconf 88' lang='grc' dir='ltr'><strong>τῆς</strong></span> <span class='ocrx_word' id='word_1_516' title='bbox 1416 805 1494 832; x_wconf 76' lang='grc' dir='ltr'>αὐτοῦ</span> <span class='ocrx_word' id='word_1_517' title='bbox 1521 802 1751 841; x_wconf 81' lang='grc' dir='ltr'>συμπληρώσεως,</span> <span class='ocrx_word' id='word_1_518' title='bbox 1774 801 1818 828; x_wconf 73' lang='grc' dir='ltr'>καὶ</span> <span class='ocrx_word' id='word_1_519' title='bbox 1833 802 1887 833; x_wconf 77' lang='grc' dir='ltr'><strong>τῆς</strong></span> 
     </span>
    </p>
   </div>
   <div class='ocr_carea' id='block_1_74' title="bbox 1062 846 1888 888">
    <p class='ocr_par' dir='ltr' id='par_1_74' title="bbox 1062 846 1888 888">
     <span class='ocr_line' id='line_1_74' title="bbox 1062 846 1888 888; baseline -0.005 -12"><span class='ocrx_word' id='word_1_520' title='bbox 1062 851 1111 881; x_wconf 86' lang='grc' dir='ltr'><strong>σῆς</strong></span> <span class='ocrx_word' id='word_1_521' title='bbox 1127 847 1328 888; x_wconf 75' lang='grc' dir='ltr'>προακλήσεως.</span> <span class='ocrx_word' id='word_1_522' title='bbox 1356 848 1447 876; x_wconf 76' lang='grc' dir='ltr'>Εἰώθει</span> <span class='ocrx_word' id='word_1_523' title='bbox 1469 848 1519 887; x_wconf 78' lang='grc' dir='ltr'><strong>γὰρ</strong></span> <span class='ocrx_word' id='word_1_524' title='bbox 1546 850 1623 875; x_wconf 85' lang='grc' dir='ltr'>τοῦτο</span> <span class='ocrx_word' id='word_1_525' title='bbox 1648 846 1718 885; x_wconf 77' lang='grc' dir='ltr'>παρὰ</span> <span class='ocrx_word' id='word_1_526' title='bbox 1746 847 1798 873; x_wconf 84' lang='grc' dir='ltr'>τῶν</span> <span class='ocrx_word' id='word_1_527' title='bbox 1824 847 1888 872; x_wconf 80' lang='grc' dir='ltr'><strong>[Ια-</strong></span> 
     </span>
    </p>
   </div>
   <div class='ocr_carea' id='block_1_75' title="bbox 1028 888 1887 940">
    <p class='ocr_par' dir='ltr' id='par_1_75' title="bbox 1028 888 1887 940">
     <span class='ocr_line' id='line_1_75' title="bbox 1028 888 1887 940; baseline -0.007 -18"><span class='ocrx_word' id='word_1_528' title='bbox 1028 910 1051 940; x_wconf 84' lang='grc' dir='ltr'><strong>Β</strong></span> <span class='ocrx_word' id='word_1_529' title='bbox 1061 893 1153 934; x_wconf 86' lang='grc' dir='ltr'>τέρων,</span> <span class='ocrx_word' id='word_1_530' title='bbox 1171 894 1237 926; x_wconf 76' lang='grc' dir='ltr'>ἴσως</span> <span class='ocrx_word' id='word_1_531' title='bbox 1253 895 1296 922; x_wconf 76' lang='grc' dir='ltr'>καὶ</span> <span class='ocrx_word' id='word_1_532' title='bbox 1309 894 1434 924; x_wconf 72' lang='grc' dir='ltr'>ἑκουσίως</span> <span class='ocrx_word' id='word_1_533' title='bbox 1455 894 1520 932; x_wconf 82' lang='grc' dir='ltr'>πρὸς</span> <span class='ocrx_word' id='word_1_534' title='bbox 1534 891 1687 929; x_wconf 70' lang='grc' dir='ltr'><strong>δοκιμασίαν</strong></span> <span class='ocrx_word' id='word_1_535' title='bbox 1701 890 1746 918; x_wconf 80' lang='grc' dir='ltr'><strong>καὶ</strong></span> <span class='ocrx_word' id='word_1_536' title='bbox 1758 888 1887 917; x_wconf 78' lang='grc' dir='ltr'>ἀπαλλα-</span> 
     </span>
    </p>
   </div>
   <div class='ocr_carea' id='block_1_76' title="bbox 1059 938 1677 979">
    <p class='ocr_par' dir='ltr' id='par_1_76' title="bbox 1059 938 1677 979">
     <span class='ocr_line' id='line_1_76' title="bbox 1059 938 1677 979; baseline -0.005 -12"><span class='ocrx_word' id='word_1_537' title='bbox 1059 939 1110 978; x_wconf 80' lang='grc' dir='ltr'>γὴν</span> <span class='ocrx_word' id='word_1_538' title='bbox 1124 940 1177 979; x_wconf 70' lang='grc' dir='ltr'>τῷν</span> <span class='ocrx_word' id='word_1_539' title='bbox 1192 939 1453 979; x_wconf 71' lang='grc' dir='ltr'><strong>προημαρτημένων,</strong></span> <span class='ocrx_word' id='word_1_540' title='bbox 1466 939 1534 975; x_wconf 75' lang='grc' dir='ltr'>ἡμῖν</span> <span class='ocrx_word' id='word_1_541' title='bbox 1550 938 1677 976; x_wconf 84' lang='grc' dir='ltr'>γίνεσθαι.</span> 
     </span>
    </p>
   </div>
   <div class='ocr_carea' id='block_1_77' title="bbox 1100 978 1888 1023">
    <p class='ocr_par' dir='ltr' id='par_1_77' title="bbox 1100 978 1888 1023">
     <span class='ocr_line' id='line_1_77' title="bbox 1100 978 1888 1023; baseline -0.009 -9"><span class='ocrx_word' id='word_1_542' title='bbox 1100 978 1173 1023; x_wconf 74' lang='grc' dir='ltr'>ρμβ’.</span> <span class='ocrx_word' id='word_1_543' title='bbox 1205 978 1347 1018; x_wconf 60' lang='lat' dir='ltr'><strong>Nnc-reduxi</strong></span> <span class='ocrx_word' id='word_1_544' title='bbox 1378 982 1406 1011; x_wconf 79' lang='grc' dir='ltr'>δὲ</span> <span class='ocrx_word' id='word_1_545' title='bbox 1433 984 1480 1015; x_wconf 82' lang='grc' dir='ltr'><strong>τὰς</strong></span> <span class='ocrx_word' id='word_1_546' title='bbox 1509 988 1581 1022; x_wconf 66' lang='grc' dir='ltr'>τρεῖς</span> <span class='ocrx_word' id='word_1_547' title='bbox 1609 980 1820 1021; x_wconf 73' lang='grc' dir='ltr'>τεσσαρακοστᾶς</span> <span class='ocrx_word' id='word_1_548' title='bbox 1849 982 1888 1017; x_wconf 79' lang='grc' dir='ltr'><strong>τῇ</strong></span> 
     </span>
    </p>
   </div>
   <div class='ocr_carea' id='block_1_78' title="bbox 1060 1025 1885 1068">
    <p class='ocr_par' dir='ltr' id='par_1_78' title="bbox 1060 1025 1885 1068">
     <span class='ocr_line' id='line_1_78' title="bbox 1060 1025 1885 1068; baseline -0.005 -12"><span class='ocrx_word' id='word_1_549' title='bbox 1060 1029 1109 1067; x_wconf 82' lang='grc' dir='ltr'>μὲν</span> <span class='ocrx_word' id='word_1_550' title='bbox 1145 1029 1250 1068; x_wconf 78' lang='grc' dir='ltr'>μεγάλῃ</span> <span class='ocrx_word' id='word_1_551' title='bbox 1279 1027 1384 1068; x_wconf 82' lang='grc' dir='ltr'>διπλᾶς,</span> <span class='ocrx_word' id='word_1_552' title='bbox 1413 1028 1480 1067; x_wconf 77' lang='grc' dir='ltr'>ἅπερ</span> <span class='ocrx_word' id='word_1_553' title='bbox 1508 1026 1629 1066; x_wconf 74' lang='grc' dir='ltr'>μεγάλης</span> <span class='ocrx_word' id='word_1_554' title='bbox 1657 1026 1750 1065; x_wconf 78' lang='grc' dir='ltr'><strong>ἑορτῆς</strong></span> <span class='ocrx_word' id='word_1_555' title='bbox 1768 1033 1775 1039; x_wconf 92' lang='grc'><strong>·</strong></span> <span class='ocrx_word' id='word_1_556' title='bbox 1806 1025 1885 1056; x_wconf 72' lang='grc' dir='ltr'>ἐκτὸς</span> 
     </span>
    </p>
   </div>
   <div class='ocr_carea' id='block_1_79' title="bbox 1060 1069 1885 1113">
    <p class='ocr_par' dir='ltr' id='par_1_79' title="bbox 1060 1069 1885 1113">
     <span class='ocr_line' id='line_1_79' title="bbox 1060 1069 1885 1113; baseline -0.006 -12"><span class='ocrx_word' id='word_1_557' title='bbox 1060 1072 1197 1101; x_wconf 82' lang='grc' dir='ltr'>Σαϐϐάτου</span> <span class='ocrx_word' id='word_1_558' title='bbox 1224 1074 1269 1101; x_wconf 80' lang='grc' dir='ltr'>καὶ</span> <span class='ocrx_word' id='word_1_559' title='bbox 1312 1075 1444 1113; x_wconf 80' lang='grc' dir='ltr'>Κυριακῆς</span> <span class='ocrx_word' id='word_1_560' title='bbox 1460 1082 1469 1091; x_wconf 90' lang='grc'><strong>·</strong></span> <span class='ocrx_word' id='word_1_561' title='bbox 1513 1078 1574 1102; x_wconf 77' lang='grc' dir='ltr'>ταῖς</span> <span class='ocrx_word' id='word_1_562' title='bbox 1616 1070 1643 1098; x_wconf 76' lang='grc' dir='ltr'>δὲ</span> <span class='ocrx_word' id='word_1_563' title='bbox 1671 1069 1740 1100; x_wconf 76' lang='grc' dir='ltr'>δυσὶν</span> <span class='ocrx_word' id='word_1_564' title='bbox 1768 1070 1885 1110; x_wconf 75' lang='grc' dir='ltr'>ἑτέραις,</span> 
     </span>
    </p>
   </div>
   <div class='ocr_carea' id='block_1_80' title="bbox 1060 1112 1886 1158">
    <p class='ocr_par' dir='ltr' id='par_1_80' title="bbox 1060 1112 1886 1158">
     <span class='ocr_line' id='line_1_80' title="bbox 1060 1112 1886 1158; baseline -0.006 -12"><span class='ocrx_word' id='word_1_565' title='bbox 1060 1119 1131 1158; x_wconf 82' lang='grc' dir='ltr'>παρὰ</span> <span class='ocrx_word' id='word_1_566' title='bbox 1146 1119 1217 1156; x_wconf 86' lang='grc' dir='ltr'>μίαν,</span> <span class='ocrx_word' id='word_1_567' title='bbox 1235 1118 1288 1150; x_wconf 83' lang='grc' dir='ltr'>Τὰς</span> <span class='ocrx_word' id='word_1_568' title='bbox 1301 1117 1328 1146; x_wconf 79' lang='grc' dir='ltr'>δὲ</span> <span class='ocrx_word' id='word_1_569' title='bbox 1343 1112 1500 1148; x_wconf 78' lang='grc' dir='ltr'>ὕπολοίπους</span> <span class='ocrx_word' id='word_1_570' title='bbox 1515 1116 1615 1155; x_wconf 64' lang='grc' dir='ltr'>ἡμέρας</span> <span class='ocrx_word' id='word_1_571' title='bbox 1629 1120 1675 1145; x_wconf 77' lang='grc' dir='ltr'>τοῦ</span> <span class='ocrx_word' id='word_1_572' title='bbox 1688 1115 1797 1155; x_wconf 82' lang='grc' dir='ltr'>χρόνου,</span> <span class='ocrx_word' id='word_1_573' title='bbox 1812 1112 1886 1147; x_wconf 75' lang='grc' dir='ltr'>ἅπαξ</span> 
     </span>
    </p>
   </div>
   <div class='ocr_carea' id='block_1_81' title="bbox 1060 1160 1885 1203">
    <p class='ocr_par' dir='ltr' id='par_1_81' title="bbox 1060 1160 1885 1203">
     <span class='ocr_line' id='line_1_81' title="bbox 1060 1160 1885 1203; baseline -0.004 -12"><span class='ocrx_word' id='word_1_574' title='bbox 1060 1166 1110 1197; x_wconf 86' lang='grc' dir='ltr'><strong>τῆς</strong></span> <span class='ocrx_word' id='word_1_575' title='bbox 1126 1163 1225 1203; x_wconf 79' lang='grc' dir='ltr'>ἡμέρας</span> <span class='ocrx_word' id='word_1_576' title='bbox 1247 1163 1349 1199; x_wconf 79' lang='grc' dir='ltr'>ἐσθίειν,</span> <span class='ocrx_word' id='word_1_577' title='bbox 1365 1162 1439 1194; x_wconf 80' lang='grc' dir='ltr'>ἐκτὸς</span> <span class='ocrx_word' id='word_1_578' title='bbox 1454 1160 1589 1190; x_wconf 75' lang='grc' dir='ltr'>Σαϐϐάτου</span> <span class='ocrx_word' id='word_1_579' title='bbox 1613 1161 1657 1189; x_wconf 80' lang='grc' dir='ltr'>καὶ</span> <span class='ocrx_word' id='word_1_580' title='bbox 1675 1162 1821 1200; x_wconf 76' lang='grc' dir='ltr'>Κυριαχῆς,</span> <span class='ocrx_word' id='word_1_581' title='bbox 1838 1160 1885 1188; x_wconf 80' lang='grc' dir='ltr'>καὶ</span> 
     </span>
    </p>
   </div>
   <div class='ocr_carea' id='block_1_82' title="bbox 1060 1207 1469 1247">
    <p class='ocr_par' dir='ltr' id='par_1_82' title="bbox 1060 1207 1469 1247">
     <span class='ocr_line' id='line_1_82' title="bbox 1060 1207 1469 1247; baseline 0.002 -11"><span class='ocrx_word' id='word_1_582' title='bbox 1060 1209 1152 1247; x_wconf 81' lang='grc' dir='ltr'>ἑορτῆς</span> <span class='ocrx_word' id='word_1_583' title='bbox 1169 1218 1177 1225; x_wconf 77' lang='grc'><strong>⁸</strong></span> <span class='ocrx_word' id='word_1_584' title='bbox 1194 1207 1253 1236; x_wconf 80' lang='grc' dir='ltr'>ἀλλ’</span> <span class='ocrx_word' id='word_1_585' title='bbox 1269 1209 1316 1237; x_wconf 71' lang='grc' dir='ltr'><strong>οὒκ</strong></span> <span class='ocrx_word' id='word_1_586' title='bbox 1330 1209 1366 1239; x_wconf 78' lang='grc' dir='ltr'>εἷς</span> <span class='ocrx_word' id='word_1_587' title='bbox 1381 1207 1469 1247; x_wconf 78' lang='grc' dir='ltr'>κόρον.</span> 
     </span>
    </p>
   </div>
   <div class='ocr_carea' id='block_1_83' title="bbox 1099 1247 1885 1293">
    <p class='ocr_par' dir='ltr' id='par_1_83' title="bbox 1099 1247 1885 1293">
     <span class='ocr_line' id='line_1_83' title="bbox 1099 1247 1885 1293; baseline -0.006 -11"><span class='ocrx_word' id='word_1_588' title='bbox 1099 1247 1173 1293; x_wconf 74' lang='grc' dir='ltr'>ρμγ’.</span> <span class='ocrx_word' id='word_1_589' title='bbox 1203 1252 1354 1281; x_wconf 81' lang='grc' dir='ltr'>Σπούδασον</span> <span class='ocrx_word' id='word_1_590' title='bbox 1383 1251 1410 1280; x_wconf 81' lang='grc' dir='ltr'>δὲ</span> <span class='ocrx_word' id='word_1_591' title='bbox 1450 1252 1531 1280; x_wconf 82' lang='grc' dir='ltr'>τύπον</span> <span class='ocrx_word' id='word_1_592' title='bbox 1573 1249 1700 1291; x_wconf 77' lang='grc' dir='ltr'>ὠφελείας</span> <span class='ocrx_word' id='word_1_593' title='bbox 1737 1250 1810 1288; x_wconf 83' lang='grc' dir='ltr'>πάσῃ</span> 
     </span>
    </p>
   </div>
   <div class='ocr_carea' id='block_1_84' title="bbox 1058 1295 1886 1338">
    <p class='ocr_par' dir='ltr' id='par_1_84' title="bbox 1058 1295 1886 1338">
     <span class='ocr_line' id='line_1_84' title="bbox 1058 1295 1886 1338; baseline -0.005 -12"><span class='ocrx_word' id='word_1_594' title='bbox 1058 1296 1215 1338; x_wconf 76' lang='grc' dir='ltr'>ἀδελφότητι</span> <span class='ocrx_word' id='word_1_595' title='bbox 1240 1297 1359 1337; x_wconf 85' lang='grc' dir='ltr'>γενέσθαι</span> <span class='ocrx_word' id='word_1_596' title='bbox 1384 1307 1424 1336; x_wconf 89' lang='grc' dir='ltr'><strong>σε,</strong></span> <span class='ocrx_word' id='word_1_597' title='bbox 1452 1297 1517 1336; x_wconf 83' lang='grc' dir='ltr'>πρὸς</span> <span class='ocrx_word' id='word_1_598' title='bbox 1542 1298 1628 1324; x_wconf 77' lang='grc' dir='ltr'>πᾶσαν</span> <span class='ocrx_word' id='word_1_599' title='bbox 1655 1295 1763 1334; x_wconf 73' lang='grc' dir='ltr'>ἀρετὴν,</span> <span class='ocrx_word' id='word_1_600' title='bbox 1792 1295 1886 1323; x_wconf 78' lang='grc' dir='ltr'>ταπεί-</span> 
     </span>
    </p>
   </div>
   <div class='ocr_carea' id='block_1_85' title="bbox 1057 1339 1885 1381">
    <p class='ocr_par' dir='ltr' id='par_1_85' title="bbox 1057 1339 1885 1381">
     <span class='ocr_line' id='line_1_85' title="bbox 1057 1339 1885 1381; baseline -0.002 -11"><span class='ocrx_word' id='word_1_601' title='bbox 1057 1341 1134 1370; x_wconf 81' lang='grc' dir='ltr'>νωσίν</span> <span class='ocrx_word' id='word_1_602' title='bbox 1150 1352 1178 1369; x_wconf 90' lang='grc' dir='ltr'><strong>τε</strong></span> <span class='ocrx_word' id='word_1_603' title='bbox 1192 1341 1236 1370; x_wconf 82' lang='grc' dir='ltr'><strong>καὶ</strong></span> <span class='ocrx_word' id='word_1_604' title='bbox 1263 1341 1401 1381; x_wconf 85' lang='grc' dir='ltr'>πραότητα</span> <span class='ocrx_word' id='word_1_605' title='bbox 1424 1339 1606 1378; x_wconf 81' lang='grc' dir='ltr'>ἐλεημοσύνην</span> <span class='ocrx_word' id='word_1_606' title='bbox 1635 1349 1664 1366; x_wconf 87' lang='grc' dir='ltr'><strong>τε</strong></span> <span class='ocrx_word' id='word_1_607' title='bbox 1693 1339 1738 1367; x_wconf 83' lang='grc' dir='ltr'><strong>καὶ</strong></span> <span class='ocrx_word' id='word_1_608' title='bbox 1765 1339 1885 1373; x_wconf 78' lang='grc' dir='ltr'>ὑπακοὴν</span> 
     </span>
    </p>
   </div>
   <div class='ocr_carea' id='block_1_86' title="bbox 1058 1383 1884 1427">
    <p class='ocr_par' dir='ltr' id='par_1_86' title="bbox 1058 1383 1884 1427">
     <span class='ocr_line' id='line_1_86' title="bbox 1058 1383 1884 1427; baseline 0.004 -14"><span class='ocrx_word' id='word_1_609' title='bbox 1058 1387 1139 1427; x_wconf 82' lang='grc' dir='ltr'>μέχρι</span> <span class='ocrx_word' id='word_1_610' title='bbox 1175 1387 1220 1415; x_wconf 79' lang='grc' dir='ltr'><strong>καὶ</strong></span> <span class='ocrx_word' id='word_1_611' title='bbox 1260 1389 1313 1415; x_wconf 82' lang='grc' dir='ltr'>τῶν</span> <span class='ocrx_word' id='word_1_612' title='bbox 1355 1385 1558 1422; x_wconf 70' lang='grc' dir='ltr'>εὐτελεστάτων,</span> <span class='ocrx_word' id='word_1_613' title='bbox 1602 1383 1745 1423; x_wconf 75' lang='grc' dir='ltr'>ἀοργησίαν</span> <span class='ocrx_word' id='word_1_614' title='bbox 1782 1395 1811 1412; x_wconf 86' lang='grc' dir='ltr'><strong>τε</strong></span> <span class='ocrx_word' id='word_1_615' title='bbox 1839 1384 1884 1412; x_wconf 68' lang='grc' dir='ltr'><strong>καὶ</strong></span> 
     </span>
    </p>
   </div>
   <div class='ocr_carea' id='block_1_87' title="bbox 1058 1427 1885 1471">
    <p class='ocr_par' dir='ltr' id='par_1_87' title="bbox 1058 1427 1885 1471">
     <span class='ocr_line' id='line_1_87' title="bbox 1058 1427 1885 1471; baseline -0.005 -11"><span class='ocrx_word' id='word_1_616' title='bbox 1058 1431 1266 1471; x_wconf 80' lang='grc' dir='ltr'>ἀπροσπάθειαν,</span> <span class='ocrx_word' id='word_1_617' title='bbox 1295 1430 1483 1468; x_wconf 73' lang='grc' dir='ltr'>ἀκτημοσύνην</span> <span class='ocrx_word' id='word_1_618' title='bbox 1509 1439 1538 1457; x_wconf 85' lang='grc' dir='ltr'><strong>τε</strong></span> <span class='ocrx_word' id='word_1_619' title='bbox 1565 1429 1610 1456; x_wconf 78' lang='grc' dir='ltr'>καὶ</span> <span class='ocrx_word' id='word_1_620' title='bbox 1641 1427 1789 1468; x_wconf 76' lang='grc' dir='ltr'>κατάνυξιν,</span> <span class='ocrx_word' id='word_1_621' title='bbox 1817 1428 1885 1456; x_wconf 83' lang='grc' dir='ltr'><strong>ἀκα-</strong></span> 
     </span>
    </p>
   </div>
   <div class='ocr_carea' id='block_1_88' title="bbox 1057 1472 1884 1515">
    <p class='ocr_par' dir='ltr' id='par_1_88' title="bbox 1057 1472 1884 1515">
     <span class='ocr_line' id='line_1_88' title="bbox 1057 1472 1884 1515; baseline -0.002 -11"><span class='ocrx_word' id='word_1_622' title='bbox 1057 1477 1116 1504; x_wconf 80' lang='grc' dir='ltr'>κίαν</span> <span class='ocrx_word' id='word_1_623' title='bbox 1156 1486 1185 1504; x_wconf 80' lang='grc' dir='ltr'><strong>τε</strong></span> <span class='ocrx_word' id='word_1_624' title='bbox 1227 1476 1271 1504; x_wconf 71' lang='grc' dir='ltr'>καὶ</span> <span class='ocrx_word' id='word_1_625' title='bbox 1312 1475 1475 1515; x_wconf 84' lang='grc' dir='ltr'>ἆπεριερθίαν</span> <span class='ocrx_word' id='word_1_626' title='bbox 1492 1482 1500 1489; x_wconf 84' lang='grc'><em>’</em></span> <span class='ocrx_word' id='word_1_627' title='bbox 1545 1472 1683 1506; x_wconf 80' lang='grc' dir='ltr'>ἁπλότητα</span> <span class='ocrx_word' id='word_1_628' title='bbox 1719 1472 1810 1513; x_wconf 69' lang='grc' dir='ltr'>ἤθους,</span> <span class='ocrx_word' id='word_1_629' title='bbox 1839 1477 1884 1505; x_wconf 76' lang='grc' dir='ltr'>καὶ</span> 
     </span>
    </p>
   </div>
   <div class='ocr_carea' id='block_1_89' title="bbox 1059 1517 1884 1558">
    <p class='ocr_par' dir='ltr' id='par_1_89' title="bbox 1059 1517 1884 1558">
     <span class='ocr_line' id='line_1_89' title="bbox 1059 1517 1884 1558; baseline -0.005 -9"><span class='ocrx_word' id='word_1_630' title='bbox 1059 1520 1181 1554; x_wconf 82' lang='grc' dir='ltr'>ξενιτείαν</span> <span class='ocrx_word' id='word_1_631' title='bbox 1217 1519 1246 1548; x_wconf 77' lang='grc' dir='ltr'>ἐκ</span> <span class='ocrx_word' id='word_1_632' title='bbox 1286 1521 1384 1552; x_wconf 82' lang='grc' dir='ltr'>παντὸς</span> <span class='ocrx_word' id='word_1_633' title='bbox 1420 1519 1567 1558; x_wconf 82' lang='grc' dir='ltr'>ἀνθρώπου,</span> <span class='ocrx_word' id='word_1_634' title='bbox 1609 1517 1786 1546; x_wconf 80' lang='grc' dir='ltr'>ἀσθενούντων</span> <span class='ocrx_word' id='word_1_635' title='bbox 1821 1517 1884 1546; x_wconf 78' lang='grc' dir='ltr'>ἐπί-</span> 
     </span>
    </p>
   </div>
   <div class='ocr_carea' id='block_1_90' title="bbox 1059 1562 1884 1605">
    <p class='ocr_par' dir='ltr' id='par_1_90' title="bbox 1059 1562 1884 1605">
     <span class='ocr_line' id='line_1_90' title="bbox 1059 1562 1884 1605; baseline -0.002 -12"><span class='ocrx_word' id='word_1_636' title='bbox 1059 1567 1164 1605; x_wconf 79' lang='grc' dir='ltr'>σκεψιν,</span> <span class='ocrx_word' id='word_1_637' title='bbox 1195 1563 1355 1602; x_wconf 79' lang='grc' dir='ltr'>θλιϐομένων</span> <span class='ocrx_word' id='word_1_638' title='bbox 1383 1563 1546 1604; x_wconf 73' lang='grc' dir='ltr'>παραμυθίαν</span> <span class='ocrx_word' id='word_1_639' title='bbox 1566 1572 1573 1580; x_wconf 91' lang='grc'>·</span> <span class='ocrx_word' id='word_1_640' title='bbox 1612 1562 1643 1589; x_wconf 78' lang='grc' dir='ltr'>τὸ</span> <span class='ocrx_word' id='word_1_641' title='bbox 1678 1562 1716 1599; x_wconf 83' lang='grc' dir='ltr'><strong>μή</strong></span> <span class='ocrx_word' id='word_1_642' title='bbox 1743 1573 1802 1590; x_wconf 91' lang='grc' dir='ltr'>τινα</span> <span class='ocrx_word' id='word_1_643' title='bbox 1829 1565 1884 1591; x_wconf 83' lang='grc' dir='ltr'>τῶν</span> 
     </span>
    </p>
   </div>
   <div class='ocr_carea' id='block_1_91' title="bbox 1059 1607 1882 1650">
    <p class='ocr_par' dir='ltr' id='par_1_91' title="bbox 1059 1607 1882 1650">
     <span class='ocr_line' id='line_1_91' title="bbox 1059 1607 1882 1650; baseline -0.004 -12"><span class='ocrx_word' id='word_1_644' title='bbox 1059 1610 1186 1650; x_wconf 78' lang='grc' dir='ltr'>ὠφελείας</span> <span class='ocrx_word' id='word_1_645' title='bbox 1214 1612 1263 1643; x_wconf 84' lang='grc' dir='ltr'><strong>τῆς</strong></span> <span class='ocrx_word' id='word_1_646' title='bbox 1292 1609 1363 1649; x_wconf 73' lang='grc' dir='ltr'>παρὰ</span> <span class='ocrx_word' id='word_1_647' title='bbox 1396 1612 1442 1637; x_wconf 75' lang='grc' dir='ltr'>σοῦ</span> <span class='ocrx_word' id='word_1_648' title='bbox 1478 1608 1608 1646; x_wconf 83' lang='grc' dir='ltr'>δεομένων</span> <span class='ocrx_word' id='word_1_649' title='bbox 1627 1617 1633 1624; x_wconf 89' lang='grc'><strong>”</strong></span> <span class='ocrx_word' id='word_1_650' title='bbox 1670 1607 1882 1648; x_wconf 70' lang='grc' dir='ltr'>ἀποστραφῆναι,</span> 
     </span>
    </p>
   </div>
   <div class='ocr_carea' id='block_1_92' title="bbox 1059 1652 1877 1696">
    <p class='ocr_par' dir='ltr' id='par_1_92' title="bbox 1059 1652 1877 1696">
     <span class='ocr_line' id='line_1_92' title="bbox 1059 1652 1877 1696; baseline -0.004 -13"><span class='ocrx_word' id='word_1_651' title='bbox 1059 1657 1137 1696; x_wconf 77' lang='grc' dir='ltr'>χάριν</span> <span class='ocrx_word' id='word_1_652' title='bbox 1153 1654 1324 1694; x_wconf 87' lang='grc' dir='ltr'>προσομιλίας</span> <span class='ocrx_word' id='word_1_653' title='bbox 1336 1657 1400 1682; x_wconf 75' lang='grc' dir='ltr'>Θεοῦ</span> <span class='ocrx_word' id='word_1_654' title='bbox 1417 1662 1425 1669; x_wconf 81' lang='grc'><strong><em>⁸</em></strong></span> <span class='ocrx_word' id='word_1_655' title='bbox 1447 1660 1571 1694; x_wconf 69' lang='grc' dir='ltr'>κρεῖσσον</span> <span class='ocrx_word' id='word_1_656' title='bbox 1585 1653 1635 1693; x_wconf 73' lang='grc' dir='ltr'><strong>γὰρ</strong></span> <span class='ocrx_word' id='word_1_657' title='bbox 1650 1652 1745 1693; x_wconf 70' lang='grc' dir='ltr'>εὖχῆς,</span> <span class='ocrx_word' id='word_1_658' title='bbox 1763 1652 1856 1691; x_wconf 72' lang='grc' dir='ltr'>ἀγάπη</span> <span class='ocrx_word' id='word_1_659' title='bbox 1870 1663 1877 1671; x_wconf 88' lang='grc'><strong>·</strong></span> 
     </span>
    </p>
   </div>
   <div class='ocr_carea' id='block_1_93' title="bbox 1061 1696 1881 1738">
    <p class='ocr_par' dir='ltr' id='par_1_93' title="bbox 1061 1696 1881 1738">
     <span class='ocr_line' id='line_1_93' title="bbox 1061 1696 1881 1738; baseline -0.004 -10"><span class='ocrx_word' id='word_1_660' title='bbox 1061 1701 1184 1738; x_wconf 77' lang='grc' dir='ltr'>συμπαθῆ</span> <span class='ocrx_word' id='word_1_661' title='bbox 1218 1710 1247 1727; x_wconf 91' lang='grc' dir='ltr'><strong>τε</strong></span> <span class='ocrx_word' id='word_1_662' title='bbox 1286 1699 1356 1727; x_wconf 82' lang='grc' dir='ltr'>εἶναί</span> <span class='ocrx_word' id='word_1_663' title='bbox 1389 1709 1418 1726; x_wconf 90' lang='grc' dir='ltr'><strong>σε</strong></span> <span class='ocrx_word' id='word_1_664' title='bbox 1461 1699 1526 1738; x_wconf 85' lang='grc' dir='ltr'>πρὸς</span> <span class='ocrx_word' id='word_1_665' title='bbox 1566 1698 1678 1734; x_wconf 81' lang='grc' dir='ltr'>πάντας,</span> <span class='ocrx_word' id='word_1_666' title='bbox 1717 1696 1881 1735; x_wconf 75' lang='grc' dir='ltr'>ἇκενόδοξον,</span> 
     </span>
    </p>
   </div>
   <div class='ocr_carea' id='block_1_94' title="bbox 1061 1742 1882 1784">
    <p class='ocr_par' dir='ltr' id='par_1_94' title="bbox 1061 1742 1882 1784">
     <span class='ocr_line' id='line_1_94' title="bbox 1061 1742 1882 1784; baseline -0.004 -11"><span class='ocrx_word' id='word_1_667' title='bbox 1061 1744 1281 1784; x_wconf 68' lang='grc' dir='ltr'>ἀπαρρησίαστον,</span> <span class='ocrx_word' id='word_1_668' title='bbox 1312 1744 1350 1781; x_wconf 81' lang='grc' dir='ltr'>μὴ</span> <span class='ocrx_word' id='word_1_669' title='bbox 1392 1743 1555 1783; x_wconf 60' lang='grc' dir='ltr'>ἐλεγκτικὸν,</span> <span class='ocrx_word' id='word_1_670' title='bbox 1600 1743 1638 1780; x_wconf 77' lang='grc' dir='ltr'>μὴ</span> <span class='ocrx_word' id='word_1_671' title='bbox 1668 1742 1827 1771; x_wconf 69' lang='grc' dir='ltr'>ἀπαιτοῦντά</span> <span class='ocrx_word' id='word_1_672' title='bbox 1856 1753 1882 1770; x_wconf 88' lang='grc' dir='ltr'><strong>τι</strong></span> 
     </span>
    </p>
   </div>
   <div class='ocr_carea' id='block_1_95' title="bbox 1058 1786 1882 1829">
    <p class='ocr_par' dir='ltr' id='par_1_95' title="bbox 1058 1786 1882 1829">
     <span class='ocr_line' id='line_1_95' title="bbox 1058 1786 1882 1829; baseline -0.002 -12"><span class='ocrx_word' id='word_1_673' title='bbox 1058 1790 1102 1817; x_wconf 80' lang='grc' dir='ltr'>τὸν</span> <span class='ocrx_word' id='word_1_674' title='bbox 1131 1791 1283 1829; x_wconf 77' lang='grc' dir='ltr'>προεστῶτα</span> <span class='ocrx_word' id='word_1_675' title='bbox 1312 1787 1329 1822; x_wconf 68' lang='grc' dir='ltr'>ἤ</span> <span class='ocrx_word' id='word_1_676' title='bbox 1357 1799 1415 1815; x_wconf 70' lang='grc' dir='ltr'>τινα</span> <span class='ocrx_word' id='word_1_677' title='bbox 1441 1791 1493 1815; x_wconf 85' lang='grc' dir='ltr'>τῶν</span> <span class='ocrx_word' id='word_1_678' title='bbox 1522 1786 1683 1820; x_wconf 78' lang='grc' dir='ltr'>διακονητῶν</span> <span class='ocrx_word' id='word_1_679' title='bbox 1701 1794 1707 1802; x_wconf 90' lang='grc'><strong><em>⁸</em></strong></span> <span class='ocrx_word' id='word_1_680' title='bbox 1738 1787 1787 1820; x_wconf 76' lang='grc' dir='ltr'>τὴν</span> <span class='ocrx_word' id='word_1_681' title='bbox 1817 1787 1882 1827; x_wconf 79' lang='grc' dir='ltr'>πρὸς</span> 
     </span>
    </p>
   </div>
   <div class='ocr_carea' id='block_1_96' title="bbox 1058 1832 1881 1873">
    <p class='ocr_par' dir='ltr' id='par_1_96' title="bbox 1058 1832 1881 1873">
     <span class='ocr_line' id='line_1_96' title="bbox 1058 1832 1881 1873; baseline -0.004 -11"><span class='ocrx_word' id='word_1_682' title='bbox 1058 1834 1118 1866; x_wconf 82' lang='grc' dir='ltr'>τοὺς</span> <span class='ocrx_word' id='word_1_683' title='bbox 1147 1834 1224 1873; x_wconf 75' lang='grc' dir='ltr'>ίερεῖς</span> <span class='ocrx_word' id='word_1_684' title='bbox 1254 1833 1354 1864; x_wconf 75' lang='grc' dir='ltr'>πάντας</span> <span class='ocrx_word' id='word_1_685' title='bbox 1396 1833 1477 1870; x_wconf 71' lang='grc' dir='ltr'>τιμὴν</span> <span class='ocrx_word' id='word_1_686' title='bbox 1518 1832 1688 1867; x_wconf 82' lang='grc' dir='ltr'>ἁποσώζοντα</span> <span class='ocrx_word' id='word_1_687' title='bbox 1705 1841 1712 1848; x_wconf 75' lang='grc' dir='ltr'><strong>ο</strong></span> <span class='ocrx_word' id='word_1_688' title='bbox 1742 1833 1881 1872; x_wconf 76' lang='grc' dir='ltr'>προσοχὴν</span> 
     </span>
    </p>
   </div>
   <div class='ocr_carea' id='block_1_97' title="bbox 1061 1875 1882 1918">
    <p class='ocr_par' dir='ltr' id='par_1_97' title="bbox 1061 1875 1882 1918">
     <span class='ocr_line' id='line_1_97' title="bbox 1061 1875 1882 1918; baseline -0.002 -12"><span class='ocrx_word' id='word_1_689' title='bbox 1061 1878 1088 1906; x_wconf 83' lang='grc' dir='ltr'><strong>έν</strong></span> <span class='ocrx_word' id='word_1_690' title='bbox 1102 1881 1136 1917; x_wconf 77' lang='grc' dir='ltr'><strong>τῇ</strong></span> <span class='ocrx_word' id='word_1_691' title='bbox 1151 1879 1229 1918; x_wconf 78' lang='grc' dir='ltr'>εὒχῇ,</span> <span class='ocrx_word' id='word_1_692' title='bbox 1259 1879 1303 1905; x_wconf 78' lang='grc' dir='ltr'>καὶ</span> <span class='ocrx_word' id='word_1_693' title='bbox 1330 1877 1491 1905; x_wconf 73' lang='grc' dir='ltr'>κατάστασιν</span> <span class='ocrx_word' id='word_1_694' title='bbox 1519 1875 1729 1913; x_wconf 79' lang='grc' dir='ltr'>ἀνεπιτήδευτον,</span> <span class='ocrx_word' id='word_1_695' title='bbox 1753 1877 1798 1904; x_wconf 85' lang='grc' dir='ltr'>καὶ</span> <span class='ocrx_word' id='word_1_696' title='bbox 1812 1877 1882 1915; x_wconf 73' lang='grc' dir='ltr'>ἀγά-</span> 
     </span>
    </p>
   </div>
   <div class='ocr_carea' id='block_1_98' title="bbox 1060 1920 1882 1962">
    <p class='ocr_par' dir='ltr' id='par_1_98' title="bbox 1060 1920 1882 1962">
     <span class='ocr_line' id='line_1_98' title="bbox 1060 1920 1882 1962; baseline -0.005 -10"><span class='ocrx_word' id='word_1_697' title='bbox 1060 1935 1114 1957; x_wconf 83' lang='grc' dir='ltr'><strong>πην</strong></span> <span class='ocrx_word' id='word_1_698' title='bbox 1144 1924 1208 1962; x_wconf 66' lang='grc' dir='ltr'>πρὸς</span> <span class='ocrx_word' id='word_1_699' title='bbox 1236 1923 1335 1953; x_wconf 73' lang='grc' dir='ltr'>πάντας</span> <span class='ocrx_word' id='word_1_700' title='bbox 1375 1921 1573 1952; x_wconf 74' lang='grc' dir='ltr'>ἐπιδείκνυσθαι.</span> <span class='ocrx_word' id='word_1_701' title='bbox 1607 1921 1651 1954; x_wconf 81' lang='grc' dir='ltr'><strong>Μὴ</strong></span> <span class='ocrx_word' id='word_1_702' title='bbox 1689 1921 1777 1949; x_wconf 73' lang='grc' dir='ltr'>ἕνεκεν</span> <span class='ocrx_word' id='word_1_703' title='bbox 1806 1920 1882 1954; x_wconf 78' lang='grc' dir='ltr'>δόξης</span> 
     </span>
    </p>
   </div>
   <div class='ocr_carea' id='block_1_99' title="bbox 1061 1965 1881 2006">
    <p class='ocr_par' dir='ltr' id='par_1_99' title="bbox 1061 1965 1881 2006">
     <span class='ocr_line' id='line_1_99' title="bbox 1061 1965 1881 2006; baseline -0.004 -10"><span class='ocrx_word' id='word_1_704' title='bbox 1061 1967 1213 2003; x_wconf 72' lang='grc' dir='ltr'>σπουδάζειν</span> <span class='ocrx_word' id='word_1_705' title='bbox 1239 1967 1463 2006; x_wconf 69' lang='grc' dir='ltr'>περιεργάζεσθαι,</span> <span class='ocrx_word' id='word_1_706' title='bbox 1501 1966 1545 1994; x_wconf 78' lang='grc' dir='ltr'>καὶ</span> <span class='ocrx_word' id='word_1_707' title='bbox 1580 1965 1684 2005; x_wconf 80' lang='grc' dir='ltr'>ἐρευνᾷν</span> <span class='ocrx_word' id='word_1_708' title='bbox 1721 1966 1769 1997; x_wconf 76' lang='grc' dir='ltr'><strong>τὰς</strong></span> <span class='ocrx_word' id='word_1_709' title='bbox 1811 1968 1881 2005; x_wconf 84' lang='grc' dir='ltr'>Γρα-</span> 
     </span>
    </p>
   </div>
   <div class='ocr_carea' id='block_1_100' title="bbox 1060 2008 1880 2053">
    <p class='ocr_par' dir='ltr' id='par_1_100' title="bbox 1060 2008 1880 2053">
     <span class='ocr_line' id='line_1_100' title="bbox 1060 2008 1880 2053; baseline -0.005 -12"><span class='ocrx_word' id='word_1_710' title='bbox 1060 2013 1122 2053; x_wconf 78' lang='grc' dir='ltr'>φάς,</span> <span class='ocrx_word' id='word_1_711' title='bbox 1140 2008 1170 2040; x_wconf 77' lang='grc' dir='ltr'><em>Ἠ</em></span> <span class='ocrx_word' id='word_1_712' title='bbox 1195 2013 1246 2051; x_wconf 75' lang='grc' dir='ltr'><strong>γὰρ</strong></span> <span class='ocrx_word' id='word_1_713' title='bbox 1270 2011 1339 2051; x_wconf 62' lang='grc' dir='ltr'><strong>εὐχὴ</strong></span> <span class='ocrx_word' id='word_1_714' title='bbox 1368 2012 1385 2045; x_wconf 77' lang='grc' dir='ltr'>ἦ</span> <span class='ocrx_word' id='word_1_715' title='bbox 1414 2011 1480 2048; x_wconf 78' lang='grc' dir='ltr'>μετὰ</span> <span class='ocrx_word' id='word_1_716' title='bbox 1507 2009 1636 2050; x_wconf 70' lang='grc' dir='ltr'>δακρύων,</span> <span class='ocrx_word' id='word_1_717' title='bbox 1665 2011 1708 2038; x_wconf 74' lang='grc' dir='ltr'>καὶ</span> <span class='ocrx_word' id='word_1_718' title='bbox 1733 2012 1750 2044; x_wconf 82' lang='grc' dir='ltr'><strong>ἧ</strong></span> <span class='ocrx_word' id='word_1_719' title='bbox 1777 2010 1807 2038; x_wconf 82' lang='grc' dir='ltr'><strong>ὲκ</strong></span> <span class='ocrx_word' id='word_1_720' title='bbox 1832 2013 1880 2044; x_wconf 82' lang='grc' dir='ltr'><strong>τῆς</strong></span> 
     </span>
    </p>
   </div>
   <div class='ocr_carea' id='block_1_101' title="bbox 1061 2054 1879 2098">
    <p class='ocr_par' dir='ltr' id='par_1_101' title="bbox 1061 2054 1879 2098">
     <span class='ocr_line' id='line_1_101' title="bbox 1061 2054 1879 2098; baseline -0.005 -12"><span class='ocrx_word' id='word_1_721' title='bbox 1061 2058 1170 2098; x_wconf 78' lang='grc' dir='ltr'>χάριτος</span> <span class='ocrx_word' id='word_1_722' title='bbox 1199 2056 1343 2096; x_wconf 75' lang='grc' dir='ltr'>ἕλλαμψις,</span> <span class='ocrx_word' id='word_1_723' title='bbox 1372 2055 1454 2084; x_wconf 72' lang='grc' dir='ltr'>ταῦτα</span> <span class='ocrx_word' id='word_1_724' title='bbox 1481 2066 1510 2083; x_wconf 89' lang='grc' dir='ltr'><strong>σε</strong></span> <span class='ocrx_word' id='word_1_725' title='bbox 1551 2054 1655 2087; x_wconf 77' lang='grc' dir='ltr'>διδάξει.</span> <span class='ocrx_word' id='word_1_726' title='bbox 1694 2055 1879 2094; x_wconf 73' lang='grc' dir='ltr'>Ἐροπώμενος</span> 
     </span>
    </p>
   </div>
   <div class='ocr_carea' id='block_1_102' title="bbox 1060 2098 1879 2140">
    <p class='ocr_par' dir='ltr' id='par_1_102' title="bbox 1060 2098 1879 2140">
     <span class='ocr_line' id='line_1_102' title="bbox 1060 2098 1879 2140; baseline -0.004 -10"><span class='ocrx_word' id='word_1_727' title='bbox 1060 2103 1144 2130; x_wconf 83' lang='grc' dir='ltr'>τοίνυν</span> <span class='ocrx_word' id='word_1_728' title='bbox 1183 2101 1241 2140; x_wconf 86' lang='grc' dir='ltr'>περί</span> <span class='ocrx_word' id='word_1_729' title='bbox 1265 2111 1335 2132; x_wconf 86' lang='grc' dir='ltr'>τινος</span> <span class='ocrx_word' id='word_1_730' title='bbox 1364 2103 1417 2128; x_wconf 83' lang='grc' dir='ltr'>τὼν</span> <span class='ocrx_word' id='word_1_731' title='bbox 1450 2100 1650 2139; x_wconf 74' lang='grc' dir='ltr'>προσηκόντων,</span> <span class='ocrx_word' id='word_1_732' title='bbox 1684 2099 1751 2136; x_wconf 74' lang='grc' dir='ltr'>μετὰ</span> <span class='ocrx_word' id='word_1_733' title='bbox 1778 2098 1879 2133; x_wconf 86' lang='grc' dir='ltr'>πολλῆς</span> 
     </span>
    </p>
   </div>
   <div class='ocr_carea' id='block_1_103' title="bbox 1060 2143 1881 2182">
    <p class='ocr_par' dir='ltr' id='par_1_103' title="bbox 1060 2143 1881 2182">
     <span class='ocr_line' id='line_1_103' title="bbox 1060 2143 1881 2182; baseline -0.006 -6"><span class='ocrx_word' id='word_1_734' title='bbox 1060 2146 1243 2177; x_wconf 83' lang='grc' dir='ltr'>ταπεινώσεως</span> <span class='ocrx_word' id='word_1_735' title='bbox 1258 2144 1288 2173; x_wconf 76' lang='grc' dir='ltr'>ἐκ</span> <span class='ocrx_word' id='word_1_736' title='bbox 1315 2149 1361 2174; x_wconf 80' lang='grc' dir='ltr'>τοῦ</span> <span class='ocrx_word' id='word_1_737' title='bbox 1389 2147 1434 2172; x_wconf 80' lang='grc' dir='ltr'>σοῦ</span> <span class='ocrx_word' id='word_1_738' title='bbox 1465 2143 1532 2182; x_wconf 86' lang='grc' dir='ltr'>βίου,</span> <span class='ocrx_word' id='word_1_739' title='bbox 1560 2145 1597 2175; x_wconf 86' lang='grc' dir='ltr'>ὡς</span> <span class='ocrx_word' id='word_1_740' title='bbox 1622 2143 1647 2176; x_wconf 76' lang='grc' dir='ltr'><strong>ἐξ</strong></span> <span class='ocrx_word' id='word_1_741' title='bbox 1675 2143 1766 2180; x_wconf 80' lang='grc' dir='ltr'>ἄλλου,</span> <span class='ocrx_word' id='word_1_742' title='bbox 1783 2144 1816 2172; x_wconf 73' lang='grc' dir='ltr'><strong>τὰ</strong></span> <span class='ocrx_word' id='word_1_743' title='bbox 1830 2147 1881 2172; x_wconf 86' lang='grc' dir='ltr'>τῶν</span> 
     </span>
    </p>
   </div>
   <div class='ocr_carea' id='block_1_104' title="bbox 1061 2187 1879 2230">
    <p class='ocr_par' dir='ltr' id='par_1_104' title="bbox 1061 2187 1879 2230">
     <span class='ocr_line' id='line_1_104' title="bbox 1061 2187 1879 2230; baseline -0.005 -10"><span class='ocrx_word' id='word_1_744' title='bbox 1061 2192 1154 2220; x_wconf 77' lang='grc' dir='ltr'>ἐνθέων</span> <span class='ocrx_word' id='word_1_745' title='bbox 1180 2190 1310 2230; x_wconf 81' lang='grc' dir='ltr'>πράξεων,</span> <span class='ocrx_word' id='word_1_746' title='bbox 1341 2189 1511 2229; x_wconf 73' lang='grc' dir='ltr'>χορηγούσης</span> <span class='ocrx_word' id='word_1_747' title='bbox 1545 2191 1594 2220; x_wconf 87' lang='grc' dir='ltr'><strong>τῆς</strong></span> <span class='ocrx_word' id='word_1_748' title='bbox 1626 2188 1735 2228; x_wconf 77' lang='grc' dir='ltr'>χάριτος</span> <span class='ocrx_word' id='word_1_749' title='bbox 1767 2187 1879 2227; x_wconf 82' lang='grc' dir='ltr'>δίδασκε,</span> 
     </span>
    </p>
   </div>
   <div class='ocr_carea' id='block_1_105' title="bbox 1061 2232 1880 2273">
    <p class='ocr_par' dir='ltr' id='par_1_105' title="bbox 1061 2232 1880 2273">
     <span class='ocr_line' id='line_1_105' title="bbox 1061 2232 1880 2273; baseline -0.005 -9"><span class='ocrx_word' id='word_1_750' title='bbox 1061 2234 1206 2272; x_wconf 77' lang='grc' dir='ltr'>ἀχενοδόξῳ</span> <span class='ocrx_word' id='word_1_751' title='bbox 1233 2234 1364 2273; x_wconf 83' lang='grc' dir='ltr'>λογισμῷ,</span> <span class='ocrx_word' id='word_1_752' title='bbox 1399 2232 1472 2264; x_wconf 78' lang='grc' dir='ltr'>ὅστις</span> <span class='ocrx_word' id='word_1_753' title='bbox 1500 2232 1530 2261; x_wconf 80' lang='grc' dir='ltr'><strong>ἂν</strong></span> <span class='ocrx_word' id='word_1_754' title='bbox 1565 2233 1609 2261; x_wconf 78' lang='grc' dir='ltr'>καὶ</span> <span class='ocrx_word' id='word_1_755' title='bbox 1643 2234 1723 2272; x_wconf 76' lang='grc' dir='ltr'>τύχῃ,</span> <span class='ocrx_word' id='word_1_756' title='bbox 1755 2232 1880 2273; x_wconf 75' lang='grc' dir='ltr'>ὠφελείας</span> 
     </span>
    </p>
   </div>
   <div class='ocr_carea' id='block_1_106' title="bbox 1061 2277 1881 2321">
    <p class='ocr_par' dir='ltr' id='par_1_106' title="bbox 1061 2277 1881 2321">
     <span class='ocr_line' id='line_1_106' title="bbox 1061 2277 1881 2321; baseline -0.005 -11"><span class='ocrx_word' id='word_1_757' title='bbox 1061 2282 1231 2321; x_wconf 83' lang='grc' dir='ltr'>ὁρεγὸμενος.</span> <span class='ocrx_word' id='word_1_758' title='bbox 1261 2279 1311 2308; x_wconf 76' lang='grc' dir='ltr'>Καὶ</span> <span class='ocrx_word' id='word_1_759' title='bbox 1337 2279 1396 2318; x_wconf 79' lang='grc' dir='ltr'>περὶ</span> <span class='ocrx_word' id='word_1_760' title='bbox 1422 2277 1550 2317; x_wconf 83' lang='grc' dir='ltr'>λογισμοῦ</span> <span class='ocrx_word' id='word_1_761' title='bbox 1590 2278 1635 2305; x_wconf 79' lang='grc' dir='ltr'>τὸν</span> <span class='ocrx_word' id='word_1_762' title='bbox 1661 2281 1789 2313; x_wconf 80' lang='grc' dir='ltr'>ζητοῦντα</span> <span class='ocrx_word' id='word_1_763' title='bbox 1815 2279 1881 2319; x_wconf 74' lang='grc' dir='ltr'>ὠφε-</span> 
     </span>
    </p>
   </div>
   <div class='ocr_carea' id='block_1_107' title="bbox 1061 2321 1880 2362">
    <p class='ocr_par' dir='ltr' id='par_1_107' title="bbox 1061 2321 1880 2362">
     <span class='ocr_line' id='line_1_107' title="bbox 1061 2321 1880 2362; baseline -0.004 -8"><span class='ocrx_word' id='word_1_764' title='bbox 1061 2325 1174 2360; x_wconf 88' lang='grc' dir='ltr'>ληθῆναι</span> <span class='ocrx_word' id='word_1_765' title='bbox 1206 2324 1258 2352; x_wconf 74' lang='grc' dir='ltr'><strong>ἀπὸ</strong></span> <span class='ocrx_word' id='word_1_766' title='bbox 1286 2326 1332 2351; x_wconf 75' lang='grc' dir='ltr'>σοῦ</span> <span class='ocrx_word' id='word_1_767' title='bbox 1361 2323 1400 2361; x_wconf 83' lang='grc' dir='ltr'>μὴ</span> <span class='ocrx_word' id='word_1_768' title='bbox 1441 2323 1612 2362; x_wconf 73' lang='grc' dir='ltr'>ἀποστραφῇς</span> <span class='ocrx_word' id='word_1_769' title='bbox 1632 2333 1638 2338; x_wconf 91' lang='grc'><strong>·</strong></span> <span class='ocrx_word' id='word_1_770' title='bbox 1674 2321 1733 2350; x_wconf 81' lang='grc' dir='ltr'>ἀλλ’</span> <span class='ocrx_word' id='word_1_771' title='bbox 1763 2321 1880 2355; x_wconf 72' lang='grc' dir='ltr'>ἀναδέξαι</span> 
     </span>
    </p>
   </div>
   <div class='ocr_carea' id='block_1_108' title="bbox 1062 2366 1879 2408">
    <p class='ocr_par' dir='ltr' id='par_1_108' title="bbox 1062 2366 1879 2408">
     <span class='ocr_line' id='line_1_108' title="bbox 1062 2366 1879 2408; baseline -0.005 -10"><span class='ocrx_word' id='word_1_772' title='bbox 1062 2371 1094 2398; x_wconf 74' lang='grc' dir='ltr'><strong>τὰ</strong></span> <span class='ocrx_word' id='word_1_773' title='bbox 1108 2370 1186 2398; x_wconf 74' lang='grc' dir='ltr'>αὐτού</span> <span class='ocrx_word' id='word_1_774' title='bbox 1201 2368 1343 2408; x_wconf 72' lang='grc' dir='ltr'>σφάλματα</span> <span class='ocrx_word' id='word_1_775' title='bbox 1357 2369 1402 2395; x_wconf 80' lang='grc' dir='ltr'><strong>οἱα</strong></span> <span class='ocrx_word' id='word_1_776' title='bbox 1429 2367 1473 2395; x_wconf 80' lang='grc' dir='ltr'>καὶ</span> <span class='ocrx_word' id='word_1_777' title='bbox 1500 2367 1576 2404; x_wconf 77' lang='grc' dir='ltr'>ὦσιν,</span> <span class='ocrx_word' id='word_1_778' title='bbox 1598 2366 1662 2406; x_wconf 73' lang='grc' dir='ltr'>ὑπὲρ</span> <span class='ocrx_word' id='word_1_779' title='bbox 1691 2369 1769 2396; x_wconf 73' lang='grc' dir='ltr'><strong>αὖτοῦ</strong></span> <span class='ocrx_word' id='word_1_780' title='bbox 1783 2366 1879 2395; x_wconf 81' lang='grc' dir='ltr'>κλαίων</span> 
     </span>
    </p>
   </div>
   <div class='ocr_carea' id='block_1_109' title="bbox 1061 2411 1880 2454">
    <p class='ocr_par' dir='ltr' id='par_1_109' title="bbox 1061 2411 1880 2454">
     <span class='ocr_line' id='line_1_109' title="bbox 1061 2411 1880 2454; baseline -0.005 -11"><span class='ocrx_word' id='word_1_781' title='bbox 1061 2415 1106 2443; x_wconf 78' lang='grc' dir='ltr'><strong>καὶ</strong></span> <span class='ocrx_word' id='word_1_782' title='bbox 1134 2414 1279 2454; x_wconf 74' lang='grc' dir='ltr'>εὐχόμενος</span> <span class='ocrx_word' id='word_1_783' title='bbox 1296 2422 1304 2430; x_wconf 88' lang='grc'>·</span> <span class='ocrx_word' id='word_1_784' title='bbox 1334 2412 1477 2451; x_wconf 76' lang='grc' dir='ltr'>τεκμήριον</span> <span class='ocrx_word' id='word_1_785' title='bbox 1512 2412 1561 2451; x_wconf 83' lang='grc' dir='ltr'><strong>γὰρ</strong></span> <span class='ocrx_word' id='word_1_786' title='bbox 1588 2412 1702 2451; x_wconf 73' lang='grc' dir='ltr'>ὑπάρχει</span> <span class='ocrx_word' id='word_1_787' title='bbox 1730 2411 1773 2439; x_wconf 81' lang='grc' dir='ltr'><strong>καὶ</strong></span> <span class='ocrx_word' id='word_1_788' title='bbox 1802 2415 1880 2440; x_wconf 80' lang='grc' dir='ltr'>ταῦτα</span> 
     </span>
    </p>
   </div>
   <div class='ocr_carea' id='block_1_110' title="bbox 1062 2456 1880 2499">
    <p class='ocr_par' dir='ltr' id='par_1_110' title="bbox 1062 2456 1880 2499">
     <span class='ocr_line' id='line_1_110' title="bbox 1062 2456 1880 2499; baseline -0.005 -12"><span class='ocrx_word' id='word_1_789' title='bbox 1062 2459 1167 2499; x_wconf 83' lang='grc' dir='ltr'>ἀγάπης</span> <span class='ocrx_word' id='word_1_790' title='bbox 1184 2458 1227 2486; x_wconf 75' lang='grc' dir='ltr'>καὶ</span> <span class='ocrx_word' id='word_1_791' title='bbox 1240 2457 1341 2489; x_wconf 89' lang='grc' dir='ltr'>τελείας</span> <span class='ocrx_word' id='word_1_792' title='bbox 1357 2456 1515 2494; x_wconf 84' lang='grc' dir='ltr'>συμπαθείας</span> <span class='ocrx_word' id='word_1_793' title='bbox 1534 2464 1540 2471; x_wconf 89' lang='lat'><em>‘</em></span> <span class='ocrx_word' id='word_1_794' title='bbox 1569 2457 1613 2484; x_wconf 83' lang='grc' dir='ltr'><strong>καὶ</strong></span> <span class='ocrx_word' id='word_1_795' title='bbox 1637 2457 1675 2494; x_wconf 78' lang='grc' dir='ltr'>μὴ</span> <span class='ocrx_word' id='word_1_796' title='bbox 1691 2456 1770 2496; x_wconf 81' lang='grc' dir='ltr'>χάριν</span> <span class='ocrx_word' id='word_1_797' title='bbox 1784 2461 1829 2486; x_wconf 76' lang='grc' dir='ltr'>τοῦ</span> <span class='ocrx_word' id='word_1_798' title='bbox 1843 2456 1880 2494; x_wconf 81' lang='grc' dir='ltr'>μὴ</span> 
     </span>
    </p>
   </div>
   <div class='ocr_carea' id='block_1_111' title="bbox 1062 2500 1880 2542">
    <p class='ocr_par' dir='ltr' id='par_1_111' title="bbox 1062 2500 1880 2542">
     <span class='ocr_line' id='line_1_111' title="bbox 1062 2500 1880 2542; baseline -0.004 -11"><span class='ocrx_word' id='word_1_799' title='bbox 1062 2502 1192 2542; x_wconf 85' lang='grc' dir='ltr'>βλαϐῆναι</span> <span class='ocrx_word' id='word_1_800' title='bbox 1213 2503 1263 2531; x_wconf 72' lang='grc' dir='ltr'>ὐπὸ</span> <span class='ocrx_word' id='word_1_801' title='bbox 1287 2504 1335 2535; x_wconf 84' lang='grc' dir='ltr'><strong>τῆς</strong></span> <span class='ocrx_word' id='word_1_802' title='bbox 1365 2500 1515 2540; x_wconf 76' lang='grc' dir='ltr'>ἀκροάσεως</span> <span class='ocrx_word' id='word_1_803' title='bbox 1545 2504 1597 2528; x_wconf 85' lang='grc' dir='ltr'>τῶν</span> <span class='ocrx_word' id='word_1_804' title='bbox 1622 2501 1760 2540; x_wconf 84' lang='grc' dir='ltr'>τοιούτων,</span> <span class='ocrx_word' id='word_1_805' title='bbox 1788 2500 1880 2539; x_wconf 75' lang='grc' dir='ltr'>ἆπώσῃ</span> 
     </span>
    </p>
   </div>
   <div class='ocr_carea' id='block_1_112' title="bbox 1062 2544 1881 2588">
    <p class='ocr_par' dir='ltr' id='par_1_112' title="bbox 1062 2544 1881 2588">
     <span class='ocr_line' id='line_1_112' title="bbox 1062 2544 1881 2588; baseline -0.006 -11"><span class='ocrx_word' id='word_1_806' title='bbox 1062 2550 1107 2577; x_wconf 83' lang='grc' dir='ltr'>τὸν</span> <span class='ocrx_word' id='word_1_807' title='bbox 1122 2546 1298 2588; x_wconf 80' lang='grc' dir='ltr'>προσελθόντα</span> <span class='ocrx_word' id='word_1_808' title='bbox 1314 2553 1321 2561; x_wconf 87' lang='grc'><strong><em>⁵</em></strong></span> <span class='ocrx_word' id='word_1_809' title='bbox 1351 2548 1400 2579; x_wconf 87' lang='grc' dir='ltr'><strong>τῆς</strong></span> <span class='ocrx_word' id='word_1_810' title='bbox 1416 2545 1527 2585; x_wconf 73' lang='grc' dir='ltr'>χάριτος</span> <span class='ocrx_word' id='word_1_811' title='bbox 1543 2546 1592 2585; x_wconf 70' lang='grc' dir='ltr'>γὰρ</span> <span class='ocrx_word' id='word_1_812' title='bbox 1607 2546 1795 2585; x_wconf 66' lang='grc' dir='ltr'>συνεργούσης,</span> <span class='ocrx_word' id='word_1_813' title='bbox 1811 2544 1881 2574; x_wconf 73' lang='grc' dir='ltr'>οὐδὲν</span> 
     </span>
    </p>
   </div>
   <div class='ocr_carea' id='block_1_113' title="bbox 1062 2589 1882 2632">
    <p class='ocr_par' dir='ltr' id='par_1_113' title="bbox 1062 2589 1882 2632">
     <span class='ocr_line' id='line_1_113' title="bbox 1062 2589 1882 2632; baseline -0.006 -10"><span class='ocrx_word' id='word_1_814' title='bbox 1062 2591 1185 2632; x_wconf 74' lang='grc' dir='ltr'>βλαϐήσῃ</span> <span class='ocrx_word' id='word_1_815' title='bbox 1202 2600 1209 2607; x_wconf 91' lang='grc'><strong>·</strong></span> <span class='ocrx_word' id='word_1_816' title='bbox 1226 2591 1298 2625; x_wconf 80' lang='grc' dir='ltr'>πλὴν</span> <span class='ocrx_word' id='word_1_817' title='bbox 1312 2590 1353 2619; x_wconf 79' lang='grc' dir='ltr'><strong>διὰ</strong></span> <span class='ocrx_word' id='word_1_818' title='bbox 1368 2591 1417 2624; x_wconf 82' lang='grc' dir='ltr'><strong>τὴν</strong></span> <span class='ocrx_word' id='word_1_819' title='bbox 1432 2593 1483 2618; x_wconf 81' lang='grc' dir='ltr'>τῶν</span> <span class='ocrx_word' id='word_1_820' title='bbox 1509 2590 1615 2618; x_wconf 84' lang='grc' dir='ltr'>πολλῶν</span> <span class='ocrx_word' id='word_1_821' title='bbox 1643 2589 1755 2628; x_wconf 78' lang='grc' dir='ltr'>βλάϐην,</span> <span class='ocrx_word' id='word_1_822' title='bbox 1773 2589 1799 2618; x_wconf 85' lang='grc' dir='ltr'><strong>έν</strong></span> <span class='ocrx_word' id='word_1_823' title='bbox 1811 2590 1882 2628; x_wconf 86' lang='grc' dir='ltr'>τόπῳ</span> 
     </span>
    </p>
   </div>
   <div class='ocr_carea' id='block_1_114' title="bbox 1062 2633 1883 2677">
    <p class='ocr_par' dir='ltr' id='par_1_114' title="bbox 1062 2633 1883 2677">
     <span class='ocr_line' id='line_1_114' title="bbox 1062 2633 1883 2677; baseline -0.005 -11"><span class='ocrx_word' id='word_1_824' title='bbox 1062 2638 1205 2677; x_wconf 68' lang='grc' dir='ltr'>ἀποκρύφῳ</span> <span class='ocrx_word' id='word_1_825' title='bbox 1233 2641 1309 2665; x_wconf 80' lang='grc' dir='ltr'>τοῦτο</span> <span class='ocrx_word' id='word_1_826' title='bbox 1336 2633 1377 2662; x_wconf 74' lang='grc' dir='ltr'><strong>δεῖ</strong></span> <span class='ocrx_word' id='word_1_827' title='bbox 1402 2635 1487 2663; x_wconf 73' lang='grc' dir='ltr'>εἰπεῖν</span> <span class='ocrx_word' id='word_1_828' title='bbox 1505 2642 1512 2649; x_wconf 90' lang='lat'><strong>&#39;</strong></span> <span class='ocrx_word' id='word_1_829' title='bbox 1542 2634 1590 2663; x_wconf 76' lang='grc' dir='ltr'><strong>κᾶν</strong></span> <span class='ocrx_word' id='word_1_830' title='bbox 1616 2635 1688 2674; x_wconf 81' lang='grc' dir='ltr'>τάχα</span> <span class='ocrx_word' id='word_1_831' title='bbox 1716 2635 1760 2662; x_wconf 76' lang='grc' dir='ltr'>καὶ</span> <span class='ocrx_word' id='word_1_832' title='bbox 1774 2633 1883 2674; x_wconf 74' lang='grc' dir='ltr'>προσϐο-</span> 
     </span>
    </p>
   </div>
   <div class='ocr_carea' id='block_1_115' title="bbox 1063 2679 1880 2721">
    <p class='ocr_par' dir='ltr' id='par_1_115' title="bbox 1063 2679 1880 2721">
     <span class='ocr_line' id='line_1_115' title="bbox 1063 2679 1880 2721; baseline -0.006 -10"><span class='ocrx_word' id='word_1_833' title='bbox 1063 2682 1113 2716; x_wconf 73' lang='grc' dir='ltr'>λὴν</span> <span class='ocrx_word' id='word_1_834' title='bbox 1125 2681 1253 2721; x_wconf 79' lang='grc' dir='ltr'>λογισμοῦ</span> <span class='ocrx_word' id='word_1_835' title='bbox 1267 2681 1304 2712; x_wconf 84' lang='grc' dir='ltr'>ὡς</span> <span class='ocrx_word' id='word_1_836' title='bbox 1332 2679 1466 2718; x_wconf 74' lang='grc' dir='ltr'>ἄνθρωπος</span> <span class='ocrx_word' id='word_1_837' title='bbox 1494 2679 1609 2717; x_wconf 79' lang='grc' dir='ltr'>ὑποστῇς</span> <span class='ocrx_word' id='word_1_838' title='bbox 1623 2686 1630 2693; x_wconf 78' lang='grc'><strong><em>⁸</em></strong></span> <span class='ocrx_word' id='word_1_839' title='bbox 1661 2679 1706 2707; x_wconf 79' lang='grc' dir='ltr'>ἐὰν</span> <span class='ocrx_word' id='word_1_840' title='bbox 1733 2679 1783 2718; x_wconf 69' lang='grc' dir='ltr'><strong>γὰρ</strong></span> <span class='ocrx_word' id='word_1_841' title='bbox 1796 2689 1880 2718; x_wconf 75' lang='grc' dir='ltr'>κεχα-</span> 
     </span>
    </p>
   </div>
   <div class='ocr_carea' id='block_1_116' title="bbox 1064 2722 1880 2768">
    <p class='ocr_par' dir='ltr' id='par_1_116' title="bbox 1064 2722 1880 2768">
     <span class='ocr_line' id='line_1_116' title="bbox 1064 2722 1880 2768; baseline -0.006 -13"><span class='ocrx_word' id='word_1_842' title='bbox 1064 2726 1213 2768; x_wconf 80' lang='grc' dir='ltr'>ριτωμένως</span> <span class='ocrx_word' id='word_1_843' title='bbox 1229 2727 1274 2764; x_wconf 77' lang='grc' dir='ltr'><strong>ᾖς,</strong></span> <span class='ocrx_word' id='word_1_844' title='bbox 1303 2723 1360 2753; x_wconf 67' lang='grc' dir='ltr'>οὖδὲ</span> <span class='ocrx_word' id='word_1_845' title='bbox 1380 2727 1457 2752; x_wconf 76' lang='grc' dir='ltr'>τοῦτο</span> <span class='ocrx_word' id='word_1_846' title='bbox 1485 2724 1573 2761; x_wconf 44' lang='grc' dir='ltr'>πείσῃι</span> <span class='ocrx_word' id='word_1_847' title='bbox 1606 2723 1655 2752; x_wconf 81' lang='grc' dir='ltr'>Καὶ</span> <span class='ocrx_word' id='word_1_848' title='bbox 1684 2723 1733 2762; x_wconf 68' lang='grc' dir='ltr'><strong>γὰρ</strong></span> <span class='ocrx_word' id='word_1_849' title='bbox 1761 2722 1880 2751; x_wconf 51' lang='lat'><strong>31.81016-</strong></span> 
     </span>
    </p>
   </div>
   <div class='ocr_carea' id='block_1_117' title="bbox 1065 2767 1882 2811">
    <p class='ocr_par' dir='ltr' id='par_1_117' title="bbox 1065 2767 1882 2811">
     <span class='ocr_line' id='line_1_117' title="bbox 1065 2767 1882 2811; baseline -0.005 -11"><span class='ocrx_word' id='word_1_850' title='bbox 1065 2773 1130 2811; x_wconf 81' lang='grc' dir='ltr'>μεθα</span> <span class='ocrx_word' id='word_1_851' title='bbox 1146 2772 1184 2810; x_wconf 80' lang='grc' dir='ltr'><strong>μη</strong></span> <span class='ocrx_word' id='word_1_852' title='bbox 1199 2771 1229 2798; x_wconf 76' lang='grc' dir='ltr'>τὸ</span> <span class='ocrx_word' id='word_1_853' title='bbox 1245 2770 1343 2798; x_wconf 75' lang='grc' dir='ltr'>ἑαυτῶν</span> <span class='ocrx_word' id='word_1_854' title='bbox 1366 2772 1468 2806; x_wconf 80' lang='grc' dir='ltr'>ζητεῖν,</span> <span class='ocrx_word' id='word_1_855' title='bbox 1496 2768 1564 2796; x_wconf 75' lang='grc' dir='ltr'>ἀλλὰ</span> <span class='ocrx_word' id='word_1_856' title='bbox 1591 2769 1622 2796; x_wconf 81' lang='grc' dir='ltr'><strong>τὸ</strong></span> <span class='ocrx_word' id='word_1_857' title='bbox 1648 2771 1702 2796; x_wconf 79' lang='grc' dir='ltr'>τῶν</span> <span class='ocrx_word' id='word_1_858' title='bbox 1717 2767 1823 2807; x_wconf 81' lang='grc' dir='ltr'>ἐτέρων,</span> <span class='ocrx_word' id='word_1_859' title='bbox 1838 2767 1882 2797; x_wconf 81' lang='grc' dir='ltr'><strong>ἵνα</strong></span> 
     </span>
    </p>
   </div>
   <div class='ocr_carea' id='block_1_118' title="bbox 1064 2812 1882 2855">
    <p class='ocr_par' dir='ltr' id='par_1_118' title="bbox 1064 2812 1882 2855">
     <span class='ocr_line' id='line_1_118' title="bbox 1064 2812 1882 2855; baseline -0.006 -7"><span class='ocrx_word' id='word_1_860' title='bbox 1064 2820 1179 2849; x_wconf 83' lang='grc' dir='ltr'>σωθῶσι,</span> <span class='ocrx_word' id='word_1_861' title='bbox 1209 2816 1301 2849; x_wconf 81' lang='grc' dir='ltr'>Καθὼς</span> <span class='ocrx_word' id='word_1_862' title='bbox 1338 2814 1366 2844; x_wconf 77' lang='grc' dir='ltr'>δὲ</span> <span class='ocrx_word' id='word_1_863' title='bbox 1406 2815 1578 2855; x_wconf 82' lang='grc' dir='ltr'>προείπομεν,</span> <span class='ocrx_word' id='word_1_864' title='bbox 1620 2813 1758 2855; x_wconf 75' lang='grc' dir='ltr'>φυλάττειν</span> <span class='ocrx_word' id='word_1_865' title='bbox 1787 2824 1817 2842; x_wconf 74' lang='grc' dir='ltr'><strong>σε</strong></span> <span class='ocrx_word' id='word_1_866' title='bbox 1842 2812 1882 2844; x_wconf 70' lang='grc' dir='ltr'><strong>δεῖ</strong></span> 
     </span>
    </p>
   </div>
  </div>
