1982 3075
66 209 116 242 681

60 274 208 314 ἀπράγμονα
233 274 288 312 βίον
327 273 372 302 καὶ
410 272 549 311 ἆκτήμονα
569 281 576 288 ·

60 319 145 358 λογίσῃ
159 319 342 358 ἒνεργούμενον
358 319 409 346 ὑπὸ
423 321 472 351 τῆς
488 319 608 358 χάριτος,
635 318 698 346 ὅταν
713 316 872 357 ἁμαρτωλό-

61 375 126 403 τερον
141 363 246 391 πάντων
261 362 404 402 ἀνθρώπων
432 362 458 391 ἐν
488 362 596 398 ἀληθείᾳ
626 362 695 402 ἔχῃς
713 371 720 377 ⁸
749 366 826 390 τοῦτο
847 361 874 390 δὲ

63 408 128 440 ὅπως
143 409 239 446 γίνεται
256 409 303 437 οὒκ
316 406 373 447 ἔχω
388 407 484 446 λέγειν,
502 409 515 435 ὁ
531 408 595 439 Θεὸς
611 406 693 437 οϊδεν,

99 449 165 494 ρμδ”.
182 457 233 483 Ta:
259 451 286 479 δὲ
315 452 384 492 ὥρας
417 454 465 485 τῆς
495 452 649 490 ἀγρυπνίας,
680 451 792 491 ὀφείλεις
808 451 875 479 ἆνα-

62 499 191 538 γινώσκειν
213 497 261 534 μὲν
288 496 358 536 ὥρας
376 495 439 533 δέω,
468 497 512 524 καὶ
540 495 591 524 δύω
620 494 742 535 εὔχεσθαι
771 496 798 523 ἐν
824 507 876 524 κα-

61 542 152 576 τανύξει
180 542 247 580 μετὰ
271 540 398 581 δακρύων,
428 542 472 569 καὶ
498 541 593 569 κονόνα
618 542 676 568 οἷον
703 539 802 579 βούλει,
832 540 876 567 καὶ

61 587 183 626 ψαλμοὺς,
200 587 222 614 εἰ
249 586 347 624 βούλει,
378 586 439 617 τοὺς
467 584 578 621 δώδεκα,
610 585 652 613 καὶ
681 586 726 613 τὸν
750 584 873 622 ἄμωμον,

60 633 99 661 καὶ
112 632 157 666 τὴν
172 631 255 671 εὒχὴν
285 634 330 659 τοῦ
357 630 431 669 ἁγίου
456 629 613 669 Εὖστρειτίου
630 637 637 644 ⁶
665 634 745 658 ταῦτα
772 628 798 656 ὲν
814 635 874 660 ταῖς

62 676 181 716 μεγάλαις
202 674 280 708 νυξίν.
312 673 356 702 Ἐν
383 673 410 702 δὲ
439 681 498 706 ταῖς
528 680 648 713 μικραῖς,
676 672 875 712 συντομωτέραν

61 722 105 754 τὴν
129 719 290 756 ἀκολουθίαν,
329 720 397 747 κατᾶ
434 719 482 751 τὴν
519 717 707 758 παρεχομένην
734 728 775 746 σοι
804 717 875 754 παρὰ

62 765 121 794 Θεοῦ
146 764 252 802 δύναμιν
269 772 276 778 ⁸
321 762 381 791 ἄνευ
408 764 457 802 γὰρ
486 764 563 792 αὖτοῡ
591 761 663 791 οέδέν
690 765 742 790 τῶν
771 762 875 802 ἀγαθῶν

60 811 229 849 κατορθοῦται,
271 808 357 840 καθώς
397 819 477 848 φησιν
518 809 532 836 ὁ
576 807 719 847 Προφήτης
747 814 754 821 ·
801 806 874 845 Παρὰ

61 854 146 894 Κυρίου
178 854 210 881 τὰ
250 851 399 890 διαδήματα
439 852 576 892 ἀνθρώπου
603 852 787 880 κατευθυνεται
818 861 825 867 ·
857 862 870 878 ιι

61 900 100 927 καὶ
114 897 188 927 abte;
213 901 260 926 τοῦ
287 900 429 942 Σωτῆροςν
440 898 557 928 εἰπόντος
575 904 582 911 ⁶
613 907 626 923 σ
658 897 742 935 Χωρὶς
768 895 833 933 ἐμοῦ
845 895 874 923 οὗ

63 942 159 971 δύνασθε
180 948 268 970 ποιεῖν
283 940 366 974 ο·Ἐέν,
386 953 398 971 ι
418 939 491 970 ’Ᾱνευ
505 940 532 969 δὲ
545 939 660 980 δα.;ρύων
669 939 801 978 μηδέποτε
812 950 873 968 κοι-

62 989 175 1025 νωνήσῃς
180 1009 188 1017 .

97 1027 163 1072 ρμε’.
194 1031 304 1061 Ἐσθίειν
331 1031 358 1059 δὲ
385 1032 418 1060 τὰ
446 1029 639 1070 παρατιθέμενά
669 1040 710 1058 σοι
740 1030 785 1057 οἷά
809 1030 873 1056 εἰσιν

63 1072 167 1115 Ὁμοίως
194 1079 236 1105 καὶ
267 1077 341 1106 οἶνον
380 1076 447 1114 μετὰ
487 1075 638 1114 ἐγκρατείας
673 1073 846 1113 ἆγογγύστως
863 1080 870 1088 “

62 1120 118 1150 εἷδέ
139 1122 180 1150 καὶ
208 1122 276 1150 κατὰ
303 1121 385 1158 μόνας
413 1121 480 1158 κάθῃ
509 1119 541 1147 δι’
571 1119 716 1158 ἀσθένειαν,
746 1118 806 1155 ὠμά
821 1117 873 1145 λά-

62 1177 127 1206 χανα
139 1167 203 1204 μετὰ
217 1166 324 1197 ἐλαιῶν,
349 1164 411 1194 Ἐὰν
435 1164 464 1192 δέ
492 1175 532 1196 τις
560 1167 612 1191 τῶν
640 1163 759 1203 ἀδελφῶν
773 1163 873 1202 βρώσι-

63 1211 108 1248 μόν
121 1222 144 1239 τι
158 1211 251 1249 πέμψῃ
274 1222 327 1248 σοι,
356 1209 424 1242 δέξαι
454 1208 512 1246 μετ’
537 1209 704 1248 εὐχαριστίας
721 1209 764 1236 καὶ
778 1218 874 1235 ταπει-

63 1255 160 1286 νώσεως
186 1256 222 1286 ὡς
251 1254 322 1287 ξένος
339 1264 347 1273 ⁸
385 1254 428 1282 καὶ
457 1253 482 1286 ἐξ
515 1254 593 1281 αὺτοῦ
621 1251 764 1291 μετάλαϐε,
795 1250 822 1279 εἴ
849 1262 874 1279 τι

64 1297 83 1326 δ’
110 1298 137 1327 ἄν
170 1299 224 1327 ἐστι
243 1307 250 1314 ’
293 1299 337 1327 καὶ
364 1299 394 1326 τὸ
422 1297 585 1337 περιλειφθὲν
611 1296 875 1335 ἀπόσςειλονξὲτέρῳ

63 1339 169 1383 ἀδελφῷ,
185 1345 289 1383 πτωχῴ
309 1343 353 1371 καὶ
381 1341 497 1370 εὒλκϐεϊ.
524 1341 585 1370 Ἐὰν
616 1340 644 1369 δέ
668 1352 708 1372 τις
722 1340 823 1378 καλέσῃ
846 1351 874 1368 σε

62 1388 93 1419 εἷς
118 1387 293 1427 πιρέικλησιν,
325 1387 355 1415 ἐκ
384 1387 489 1415 πάντων
517 1389 570 1414 τῶν
596 1385 808 1425 παρατιθεμένων
834 1396 874 1413 σοι

62 1431 193 1469 μετάλαϐε,
219 1433 286 1472 πρὸς
313 1433 407 1471 μικρὸν
435 1430 474 1468 δῖ,
506 1431 573 1459 κατὰ
601 1431 650 1464 τὴν
680 1430 801 1470 ἐντολὴν,
826 1430 875 1464 τὴν

62 1475 203 1515 ἐγκράτειαν
236 1476 384 1517 φυλάττων.
417 1474 604 1513 Ἀνιστέμενος
640 1474 678 1512 δὲ,
708 1474 797 1513 βαλὼν
825 1485 875 1512 με-

62 1521 157 1549 τάνοιαν
182 1521 208 1549 ἐν
234 1521 292 1555 ἤθει
315 1520 387 1554 ξένω
407 1521 451 1549 καὶ
479 1523 600 1560 πτωχοῦ,
630 1519 678 1553 τὴν
708 1519 875 1559 εὐχαριστίαν

716 204 854 242 GAPITA
875 205 1058 238 MORALIA.

1680 197 1740 232 682

620 274 663 301 καὶ
687 273 779 303 ἑαυτὸν
807 273 866 301 τότε

923 281 980 304 unc
994 276 1098 314 reputa
1112 272 1166 304 sub
1196 273 1296 312 gratiae
1325 273 1471 306 beneﬁcio
1500 281 1651 315 agentem,
1668 284 1736 307 cum

916 318 1058 357 majorem
1076 317 1213 349 omnibus
1228 317 1399 349 hominibus
1415 324 1603 359 peccatorem
1621 324 1649 351 te
1672 320 1735 350 sin—

915 372 984 394 cere
999 362 1122 394 habebis
1137 373 1144 392 :
1161 362 1191 392 id
1207 366 1305 393 autem
1316 363 1466 404 quomodo
1481 364 1544 405 ﬁat,
1560 365 1662 396 dicere
1680 373 1740 395 non

915 408 1010 445 valeo,
1026 407 1104 439 Deus
1117 408 1184 440 scit.

958 453 1027 484 M4.
1044 452 1145 488 Quoad
1176 453 1264 484 horas
1292 453 1409 493 vigiliae,
1435 453 1527 484 debes
1550 453 1650 493 legere
1663 453 1736 484 duas

917 497 1017 535 horas,
1034 500 1066 528 et
1080 497 1154 527 duas
1172 497 1286 536 precari
1309 507 1376 528 cum
1400 498 1630 538 compunctione
1647 501 1676 528 et
1690 498 1736 528 la-

916 543 1034 583 crymis,
1051 542 1205 573 recitando
1219 543 1374 583 quodlibet
1389 542 1527 575 Ofﬁcium
1546 543 1734 582 canonicum,

917 591 946 618 et
957 587 1097 627 psalmos,
1113 587 1138 617 si
1152 587 1207 623 vis,
1223 587 1392 623 duodecim,
1410 592 1439 619 et
1454 588 1614 619 Marianam
1631 588 1736 623 globu-

918 632 1014 662 lorum
1028 631 1138 663 amomi
1153 641 1303 669 coronam,
1321 636 1350 663 et
1373 632 1467 663 sancti
1489 632 1650 664 Eustralhii
1665 641 1735 663 ora-

917 676 1027 708 tionem
1043 687 1049 706 :
1074 677 1137 707 haec
1152 675 1181 706 in
1197 676 1291 716 longis
1316 677 1462 708 noctibus.
1479 676 1511 708 In
1526 677 1664 708 brevibus
1678 686 1732 707 au-

917 725 988 758 tem,
1005 721 1124 752 brevius
1135 720 1173 750 sit
1187 719 1337 758 Ofﬁcium,
1355 730 1408 761 pro
1424 721 1534 752 viribus
1562 721 1615 751 tibi
1640 730 1657 751 a
1672 720 1734 751 Deo

916 765 1111 805 suppeditaiis
1125 773 1131 795 :
1145 764 1210 795 sine
1230 764 1290 795 Deo
1304 764 1385 796 enim
1400 765 1474 796 nihil
1488 764 1558 796 boni
1573 764 1734 805 peragitur,

916 814 948 840 ut
961 809 1000 840 ait
1015 809 1176 849 Propheta:
1196 818 1211 838 ‹
1226 809 1311 849 Apud
1329 808 1485 840 Dominum
1499 819 1619 849 gressus
1635 809 1734 840 homi-

915 854 961 885 nis
976 853 1141 894 dirigentur
1154 854 1198 886 49.
1215 866 1227 882 ι
1245 853 1279 885 Et
1295 854 1359 894 ipse
1374 853 1506 886 Salvator
1520 854 1594 885 dixit
1610 863 1617 885 :
1638 866 1651 881 ι
1665 853 1736 885 Sine

915 908 962 930 me
977 898 1052 929 nihil
1067 899 1188 939 potestis
1208 899 1309 930 facere
1318 900 1360 928 50.
1379 912 1392 927 ιι
1412 917 1449 922 -
1464 898 1536 931 Sine
1550 899 1686 939 lacrymis
1696 907 1734 929 ne

914 952 1043 984 unquam
1058 943 1094 974 ad
1110 943 1349 975 communionem
1363 943 1497 975 accedas.

958 1028 1024 1060 145.
1038 1028 1167 1060 Comede
1178 1028 1261 1059 cibos
1271 1027 1323 1059 tibi
1334 1028 1458 1063 oblatos.
1475 1028 1644 1069 quicunque
1655 1027 1732 1059 sint:

916 1073 1029 1114 pariter
1044 1073 1187 1114 et,vinum
1216 1073 1286 1104 bibe
1314 1083 1381 1104 cum
1410 1073 1605 1113 temperantia
1628 1078 1657 1104 et
1671 1074 1738 1105 sine

917 1118 1170 1155 murmuratione;
1185 1121 1214 1148 et
1228 1118 1253 1148 si
1263 1117 1345 1149 solus
1363 1117 1543 1148 remanseris
1553 1117 1591 1148 ob
1606 1118 1735 1149 infirmi-

917 1166 1017 1200 tatem,
1035 1162 1126 1193 cruda
1139 1163 1262 1193 comede
1277 1162 1426 1202 legumina
1441 1172 1508 1193 cum
1530 1163 1607 1193 oleo.
1624 1162 1656 1194 Si
1670 1163 1738 1204 quis

915 1207 1041 1238 fratrum
1057 1207 1110 1238 tibi
1125 1207 1224 1238 cibum
1248 1207 1376 1248 aliquem
1407 1207 1531 1244 miserit,
1549 1208 1653 1248 accipe
1668 1217 1735 1239 cum

915 1251 1093 1292 gratiludine
1108 1255 1195 1285 atque
1220 1251 1386 1283 humilitate
1414 1256 1552 1292 tanquam
1568 1252 1689 1291 hospes,
1708 1255 1738 1284 et

916 1296 954 1327 de
968 1295 1019 1327 illo
1033 1300 1183 1336 assumpta
1197 1296 1456 1336 quantulacunque
1480 1300 1571 1335 parte,
1588 1297 1736 1337 reliquum

917 1341 1000 1372 mitte
1009 1340 1096 1372 alteri
1107 1341 1188 1372 fratri
1205 1341 1340 1372 mendico
1360 1345 1390 1372 et
1400 1340 1460 1381 pio.
1472 1339 1504 1372 Si
1515 1340 1583 1380 quis
1598 1341 1635 1371 ad
1649 1351 1735 1372 men-

916 1394 978 1416 sam
995 1394 1078 1416 suam
1095 1389 1123 1416 te
1146 1385 1302 1425 vocaverit,
1331 1394 1368 1416 ex
1396 1384 1535 1416 omnibus
1564 1385 1617 1416 tibi
1632 1385 1738 1417 oblatis

916 1431 1018 1470 accipe
1029 1430 1151 1470 aliquid,
1165 1429 1220 1461 etsi
1232 1439 1346 1470 parum,
1355 1430 1440 1470 juxta
1455 1433 1646 1471 praeceptum,
1658 1434 1735 1462 tem-

917 1475 1080 1515 perantiam
1096 1484 1227 1506 servans.
1244 1476 1376 1514 Surgens
1390 1479 1501 1513 autem,
1517 1484 1583 1505 cum
1600 1484 1740 1507 reveren-

916 1518 964 1550 tia;
978 1519 1061 1559 signa
1090 1528 1173 1550 more
1201 1519 1327 1560 hospitis
1352 1523 1381 1550 et
1408 1519 1550 1555 mendici.
1579 1524 1678 1559 grates
1693 1520 1736 1551 illi

63 1566 126 1603 αὖτῷ
139 1566 253 1604 ἀπόνεμε
274 1565 359 1605 λέγων
373 1573 381 1582 '
413 1561 441 1594 (Ο
464 1566 541 1602 Θεὸς,
573 1565 657 1603 Πάτερ
685 1564 755 1604 ἅγιε,
771 1564 816 1592 τὸν
831 1575 874 1602 μι-

922 1573 970 1603 age
984 1564 1106 1595 dicens:
1129 1575 1140 1592 α
1161 1565 1249 1604 Deus,
1267 1564 1357 1594 frater
1372 1568 1485 1601 sancte,
1501 1564 1673 1595 mercedem
1684 1565 1736 1596 tibi

63 1612 116 1638 σθὸν
128 1609 180 1649 δώῃ
194 1622 247 1641 σοι.
264 1611 383 1651 Πρόσεχε
399 1609 426 1638 δὲ
440 1611 480 1648 μὴ
501 1609 617 1642 λαλῆσαί
630 1619 665 1646 τι,
683 1607 732 1636 κᾶν
744 1609 816 1648 τάχα
831 1609 875 1637 καὶ

64 1654 188 1695 ὠφέλιμον
200 1655 258 1690 εἴη.

99 1695 181 1739 ρμς·’.
198 1702 227 1730 Et
248 1700 276 1728 δὲ
290 1701 335 1729 καί
350 1711 390 1732 τις
416 1702 469 1728 τῶν
493 1697 611 1738 ἀδελφῶν
632 1695 740 1735 θλιϐεὶς,
771 1697 789 1732 ἢ
804 1699 876 1738 παρᾶ

64 1747 105 1772 τοῦ
130 1749 307 1784 προεστῶτος,
339 1745 357 1780 ἢ
382 1749 428 1774 τοῦ
454 1744 604 1782 οἰκονόμου,
637 1742 655 1776 ἦ
676 1753 746 1774 τινος
775 1743 875 1784 ἑτέρου,

64 1787 120 1827 ἔλθῃ
133 1791 195 1829 πρὸς
209 1790 252 1828 σὲ,
268 1790 453 1830 παραμύθησαι
480 1789 556 1817 αὑτὸν
586 1787 668 1819 οὕτως
686 1797 692 1803 ·
722 1787 876 1825 Πίστευσον,

64 1831 161 1874 ἆδελφὲ,
188 1836 255 1875 πρὸς
275 1834 386 1873 δοκιμήν
415 1845 455 1862 σοι
477 1836 553 1862 τοῦτο
573 1832 665 1872 γέγονε
683 1841 690 1850 ·
719 1831 800 1870 κάμοὶ
828 1832 877 1872 γὰρ

64 1875 183 1918 διαφόρως
196 1883 275 1908 τοῦτο
301 1878 408 1919 συνέϐη,
430 1879 474 1907 καὶ
502 1877 532 1906 ἐκ
559 1877 739 1917 μικροψυχίας
766 1876 877 1906 ἐλυπού-

65 1933 114 1959 μην
129 1932 136 1939 ·
151 1923 207 1953 ἐπεὶ
220 1923 248 1952 δὲ
261 1922 479 1964 ὲπληροφορήθην
493 1923 558 1962 πρὸς
573 1921 686 1960 δοκιμὴν
700 1925 781 1950 ταῦτα
793 1921 876 1958 εἶναι,

63 1967 127 2007 φέρω
155 1970 328 2010 εὔχαρίς-τως,
359 1970 408 1998 Καὶ
434 1968 465 1996 σὺ
492 1968 575 1996 τοίνυν
603 1966 685 1998 οὕτως
713 1967 782 1995 ποίει
798 1974 806 1981 ·

63 2012 157 2056 μᾶλλον
185 2008 358 2056 νεῦᾲρανθιίλσή
394 2014 437 2042 ἐπὶ
470 2019 531 2045 ταῖς
559 2012 690 2056 τοιαύταις
711 2011 825 2049 θλίψεσι,
848 2008 878 2040 Εἴ

63 2054 141 2086 δὲκαὶ
167 2054 233 2097 πρὸς
259 2058 387 2099 λοιδορίας
415 2061 515 2098 τραπῇ,
539 2055 602 2095 μηδ’
631 2056 713 2088 οὕτως
739 2055 877 2096 ἀποστρα-

63 2105 122 2142 φῇς,
136 2103 196 2132 ἀλλ’
212 2105 250 2136 ὡς
266 2103 298 2132 ἂν
310 2105 327 2138 ἡ
355 2103 433 2144 χάρις
464 2101 654 2142 επιχορηγήσῃ
682 2112 734 2139 σοιν,
750 2101 875 2140 παραμύ-

63 2147 134 2180 Θησαι
168 2149 258 2179 αὐτόν.
294 2147 393 2177 Πολλαὶ
421 2147 471 2188 γάρ
498 2147 547 2175 εἱσι
581 2144 732 2185 διακρίσεις,
762 2146 807 2174 καὶ
840 2146 877 2177 ὼς

64 2198 129 2224 νοεῖς
157 2193 204 2227 τὴν
227 2195 275 2222 τοῦ
302 2192 413 2234 ἀδελφοῦ
440 2191 600 2220 κατάστασιν
633 2191 677 2218 καὶ
703 2190 764 2222 τοὺς
799 2190 879 2218 αξιτοῦ

915 1608 1071 1649 rependat.
1089 1621 1102 1637 ι
1131 1609 1206 1640 Cave
1220 1613 1318 1640 autem
1335 1618 1373 1640 ne
1387 1608 1456 1649 quid
1474 1609 1602 1646 effutias,
1619 1609 1736 1640 etiamsi

917 1653 991 1684 forte
1006 1653 1077 1684 utile
1088 1653 1174 1684 foret.

960 1698 1025 1729 146.
1044 1697 1073 1729 Si
1088 1697 1154 1738 quis
1166 1698 1289 1728 fratrum
1304 1702 1423 1729 vexatus
1437 1699 1498 1729 sive
1525 1707 1543 1729 a
1569 1698 1735 1739 superiore,

918 1742 979 1773 sive
995 1742 1031 1772 ab
1058 1751 1223 1781 (economo,
1239 1742 1302 1773 sive
1325 1742 1361 1773 ab
1373 1743 1472 1783 aliquo
1488 1743 1556 1780 alio,
1575 1747 1602 1774 te
1617 1742 1734 1782 adierit,

918 1787 959 1818 ita
973 1796 1039 1817 eum
1056 1786 1171 1817 solare:
1187 1799 1200 1814 α
1213 1786 1295 1818 Habe
1316 1787 1466 1825 ﬁducmm,
1487 1787 1588 1818 frater.
1605 1787 1649 1818 Ad
1666 1797 1737 1828 pro-

919 1831 1067 1862 bationem
1077 1831 1132 1861 hoc
1144 1830 1196 1861 tibi
1212 1831 1309 1862 evenit
1323 1842 1331 1872 ;
1353 1841 1423 1862 nam
1438 1831 1494 1872 ipsi
1511 1831 1584 1862 mihi
1599 1832 1656 1863 hoc
1677 1833 1738 1864 uti-

918 1875 986 1906 liter
1000 1875 1132 1915 contigit,
1150 1880 1179 1907 et
1193 1876 1274 1917 prius
1288 1876 1408 1917 quidem
1421 1885 1482 1917 prze
1496 1877 1738 1917 pusillanimitate

917 1929 996 1960 aegre
1009 1919 1142 1951 ferebam
1159 1929 1167 1958 ;
1185 1925 1338 1961 postquam
1352 1930 1421 1952 vero
1436 1921 1510 1952 mihi
1526 1922 1660 1961 persuasi
1675 1922 1739 1954 haec

918 1965 955 1996 ad
985 1963 1191 2005 probationem
1229 1974 1307 2003 esse,
1344 1966 1453 1997 suffero
1482 1975 1550 1997 cum
1578 1967 1738 2007 gratiarum

918 2009 1045 2040 actione.-
1060 2009 1096 2040 Et
1105 2014 1136 2040 tu
1146 2009 1191 2040 fac
1202 2009 1352 2052 similiter,
1369 2011 1501 2051 etpotius
1516 2010 1615 2043 laetare
1629 2012 1667 2043 de
1682 2012 1741 2043 hu-

915 2053 1048 2094 jusmodi
1063 2053 1313 2087 tribulationibus.
1329 2066 1341 2084 ι
1370 2054 1402 2086 Si
1416 2055 1454 2086 ad
1469 2055 1602 2087 convicia
1615 2065 1741 2088 conver-

918 2101 1007 2136 tatur,
1024 2108 1084 2130 non
1098 2099 1166 2130 ideo
1183 2099 1267 2130 illum
1281 2100 1387 2140 rejice,
1407 2100 1459 2131 sed
1475 2104 1564 2140 prout
1578 2100 1630 2132 tibi
1646 2101 1741 2140 gratia

918 2147 1066 2184 suggeret,
1082 2152 1150 2174 eum
1166 2144 1341 2175 consolare:
1372 2145 1455 2177 multi
1482 2146 1561 2176 enim
1584 2150 1652 2177 sunt
1666 2145 1741 2177 varii

919 2188 1012 2219 modi.
1027 2187 1136 2224 Quales
1152 2188 1241 2228 igitur
1267 2189 1388 2220 noveris
1416 2199 1482 2221 esse
1496 2189 1594 2221 fratris
1608 2189 1739 2231 disposi-

65 2234 210 2279 λογισμοὺς,
226 2238 356 2279 ουνέρχου
372 2232 455 2274 αὐτῷ,
480 2236 524 2264 καὶ
545 2235 584 2274 μὴ
609 2235 676 2275 ἀφῇς
704 2234 875 2274 ἀθεράπευτον

922 2232 1061 2279 tioneset
1075 2232 1279 2273 cogitationes,
1307 2237 1346 2279 te,
1366 2234 1424 2275 ipsi
1453 2235 1658 2273 accommoda,
1685 2243 1741 2266 nec

66 2281 136 2310 αὐτὸν
151 2282 288 2314 ἀπελθεῖν.

100 2322 167 2367 puri
196 2327 361 2358 Ἀσθενοῦντι
389 2327 416 2356 δὲ
443 2326 558 2368 ἀδελφῷ,
585 2326 607 2354 ει
634 2323 723 2364 συμεῇ
755 2335 808 2363 εοι,
839 2324 879 2362 μὴ

65 2369 247 2411 ἐπισκέψασθαι
272 2373 354 2415 μέχρι
375 2372 484 2412 πολλοῦ,
514 2371 555 2400 δεῖ
583 2370 624 2399 σοί
650 2381 676 2398 τι
704 2375 879 2410 προαποστεῖ-

65 2413 116 2454 λαι,
132 2416 218 2452 δηλῶν
241 2418 286 2448 καὶ
309 2413 400 2457 τοῦτο,
430 2417 482 2449 ὅτι.
512 2417 664 2453 Πίστευσον,
696 2415 781 2455 Πάτερ
807 2413 878 2454 ἅγιε,

65 2461 173 2502 σήμερον
200 2463 296 2503 ἔμαθον
324 2464 382 2503 περὶ
408 2466 458 2497 τῆς
486 2462 574 2500 νόσου,
601 2461 645 2489 ml
673 2460 794 2498 εἶτοῦμαι
820 2470 881 2499 συγ-

67 2506 193 2546 χώρησιν.
216 2507 276 2538 Εἶθ’
298 2509 381 2541 οὕτως
408 2507 528 2537 ἀπελθὼν
556 2505 698 2544 μετάνοιαν
722 2515 751 2533 τε
778 2503 878 2543 βαλὼν,

68 2551 108 2594 καὶ
120 2553 202 2593 εὐχῆς
214 2554 373 2594 γενομένης,
397 2552 479 2585 οὕτως
505 2551 561 2580 εἰπὲ
588 2551 659 2587 αὒτῷ
675 2557 681 2565 ·
711 2552 771 2594 Πῶς
787 2550 800 2578 ὁ
816 2549 880 2582 Θεὸς

71 2593 191 2632 ὲϐοήθησέ
212 2609 265 2637 σοι,
293 2593 378 2639 Πάτερ
406 2598 489 2638 ἅγιε;
510 2597 554 2625 καὶ
578 2595 710 2627 καθεσθεὶς
732 2593 879 2632 δεδεμέναις

69 2647 123 2673 ταῖς
137 2644 223 2683 χερσὶ,
249 2643 348 2673 σιώπα.
371 2644 400 2672 Εἰ
422 2642 448 2671 δὲ
479 2643 523 2671 καὶ
556 2640 631 2670 ἄλλοι
659 2640 708 2668 εἰσὶ
736 2639 881 2679 παραγενό-

71 2695 150 2725 μενοι,
165 2687 330 2726 ἐπιωιέψεως
354 2688 446 2729 χάριν,
475 2687 592 2726 πρόσεχε
620 2685 659 2724 μὴ
686 2683 882 2724 προσομιλῆσαί

71 2739 103 2768 τι,
117 2730 135 2765 ἢ
148 2733 290 2773 γραφικὸν,
308 2732 326 2767 ἢ
341 2732 522 2773 γυσιολογικόν
540 2741 546 2747 ·
564 2730 678 2769 μάλιστα
693 2730 732 2768 μὴ
745 2728 883 2768 ἐρωτώμε-

71 2784 108 2807 νος
123 2783 131 2818 ς
146 2776 192 2805 ’ίνα
205 2778 245 2816 μὴ
260 2777 367 2818 ὕστερον
380 2776 484 2811 θλιϐἧς.
501 2779 582 2805 Τοῦτο
595 2777 644 2815 γὰρ
658 2774 701 2802 ἐπὶ
712 2774 743 2802 τὸ
757 2773 882 2802 πλεῖστον

70 2816 195 2857 συμϐαίνει
207 2828 266 2856 τοῖς
281 2816 466 2862 ἁπλουστέροις
480 2823 534 2849 τῶν
548 2819 678 2860 ἀδελφῶν.

75 2902 78 2907 ,
107 2873 137 2899 *9
156 2873 232 2909 Psal.
249 2884 353 2917 xxxvr,
367 2875 419 2910 23.
461 2875 493 2902 50
505 2876 591 2908 Joan.
606 2882 655 2915 xv,
672 2875 702 2906 5.

221 2930 347 2966 PA‘I'BOL.
364 2931 420 2966 Gn.
436 2931 518 2967 CXX.

918 2277 985 2309 sine
1000 2277 1083 2308 illum
1099 2287 1159 2308 non
1173 2282 1307 2309 sanatum
1321 2278 1416 2310 abire.

960 2322 1030 2354 147.
1045 2321 1210 2361 ᾸΕετοιεωῑὶ
1219 2323 1314 2361 fratri,
1325 2323 1351 2354 si
1361 2323 1437 2355 forte
1443 2323 1540 2364 ipsum
1551 2324 1672 2364 jamdiu
1681 2333 1743 2355 non

920 2366 1096 2405 visitaveris,
1113 2367 1225 2408 aliquid
1241 2368 1421 2408 praemittere
1440 2368 1544 2407 debes,
1568 2369 1626 2401 hoc
1639 2368 1742 2400 decla-

919 2422 989 2444 rans
1004 2422 1011 2444 :
1029 2425 1043 2441 ε
1056 2413 1163 2451 Crede,
1174 2413 1264 2445 frater
1275 2418 1389 2452 sancte,
1401 2415 1492 2446 hodie
1504 2415 1637 2456 comperi
1647 2415 1685 2447 de
1693 2418 1742 2446 tuo

921 2458 1038 2499 morbo,
1055 2461 1085 2489 et
1099 2467 1189 2498 posco
1206 2458 1334 2490 veniam.
1349 2471 1363 2487 ι
1374 2459 1489 2491 Deinde
1499 2460 1660 2501 profectus,
1675 2468 1743 2491 cum

920 2503 1088 2535 reverentia
1103 2504 1178 2535 facta
1192 2505 1348 2546 joratione,
1377 2505 1426 2536 dic
1454 2505 1521 2537 illi:
1557 2517 1569 2535 ι
1588 2505 1744 2543 Quomodo

922 2550 1003 2580 Deus
1013 2548 1068 2580 tibi
1081 2548 1238 2580 auxiliatus
1248 2553 1304 2589 est,
1317 2550 1407 2581 frater
1416 2555 1519 2582 sancte
1528 2550 1544 2581 ?
1563 2563 1574 2580 ι
1592 2556 1622 2582 et
1635 2550 1746 2583 sedens

920 2593 1034 2634 junctis
1048 2593 1185 2625 manibus
1195 2594 1292 2626 sileto.
1308 2593 1339 2626 Si
1354 2594 1404 2626 alii
1412 2595 1472 2627 sint
1490 2595 1657 2627 assidentes
1671 2595 1744 2626 visi-

925 2638 1043 2670 tationis
1053 2647 1152 2677 causa,
1166 2647 1235 2670 cave
1246 2648 1285 2670 ne
1293 2639 1364 2680 quid
1376 2639 1506 2680 loquaris
1516 2641 1577 2672 sive
1587 2640 1625 2671 de
1639 2638 1747 2671 litteris

923 2683 985 2714 sive
1001 2683 1038 2714 de
1066 2682 1200 2714 scientiis
1229 2683 1423 2722 naturalibus,
1454 2684 1618 2725 praesertim
1646 2684 1746 2714 sinon

925 2727 1128 2767 interrogeris.
1148 2726 1193 2758 Ne
1208 2728 1329 2759 tandem
1346 2728 1399 2760 ﬁas
1412 2728 1554 2761 molestus
1571 2738 1579 2759 :
1595 2729 1652 2760 hoc
1667 2727 1748 2759 enim

924 2772 1101 2813 plerumque
1114 2772 1223 2804 accidit
1236 2772 1469 2815 simplicioribus
1483 2773 1636 2806 fratribus.
