1982 3075
262 186 323 220 683

915 186 1106 220 SYMEONIS
1125 186 1303 221 JUNIORIS

1907 187 1966 220 684

305 253 374 285 M8.
391 254 465 284 Cum
480 253 537 293 piis
552 253 693 285 fratribus
709 253 734 284 si
758 253 909 293 contingat
934 253 986 284 tibi
1005 263 1083 294 pran-

1172 250 1249 295 ρμη’,
1271 254 1335 284 Μετ’
1364 254 1481 284 εὖλαόων
1499 254 1618 296 ἀδελφῶν
1646 257 1668 284 εἰ
1689 253 1776 294 σύμ-6η
1791 256 1963 288 ἑστιαθῆναι

262 297 345 334 dere,
361 298 398 328 de
409 297 548 329 omnibus
561 298 821 329 indiscriminatim
837 302 954 339 oportet
965 303 992 329 te
1004 309 1089 330 man-

262 341 382 380 ducare,
397 351 582 383 quascunque
598 345 668 373 sint.
685 342 716 374 Si
731 343 797 383 quis
825 343 973 383 prohibuit
988 353 1026 374 ne
1041 344 1089 384 pi-

261 395 343 417 scem
375 391 426 419 aut
454 387 570 428 quidvis
599 387 679 418 aliud
707 387 895 427 comederes,
922 387 974 418 tibi
988 392 1087 418 autem

261 430 325 462 haec
336 431 509 470 offerantur,
526 436 607 470 tunc,
621 432 646 463 si
658 432 712 463 sub
726 442 813 463 manu
835 432 944 463 habeas
957 441 1024 463 eum
1037 432 1086 472 qui

261 476 426 516 prohibuit,
439 481 506 518 pete
517 477 553 508 ab
565 477 629 518 ipso
637 477 754 508 veniam
761 478 798 508 de
807 477 865 507 illis
874 476 1084 512 comedendis;

261 520 286 551 si
302 531 372 552 vero
387 522 475 563 absit,
493 526 542 553 aut
556 521 632 553 scias
661 531 729 552 eum
757 522 813 553 hoc
829 521 882 552 tibi
897 531 956 552 non
972 521 1086 551 condo-

261 573 346 604 nare,
359 566 426 597 illos
433 571 531 598 autem
545 566 746 597 scandalizare
755 566 842 602 nolis,
854 569 920 605 post
930 564 1087 605 prandium

259 619 323 641 rem
335 611 363 641 ei
374 612 662 652 expone,postulans
674 611 800 647 veniam,
812 610 895 647 Quod
911 611 935 640 si
948 614 1085 640 neutrum

259 655 333 686 velis
348 655 455 686 melius
471 655 524 686 tibi
541 660 588 687 est
615 655 684 686 illos
707 665 765 686 non
794 655 878 686 adire
894 663 902 692 ;
931 654 989 686 duo
1007 654 1086 684 enim

259 698 442 731 lucraberis:
458 700 573 731 scilicet
583 699 681 731 inanis
693 699 794 739 gloria;
803 699 967 730 daemonem
980 697 1085 737 fugies,

260 743 387 784 illosque
402 754 418 775 a
434 744 572 776 seandalo
589 749 618 775 et
634 744 769 775 molestia
798 743 951 775 liberabis.
971 743 1002 774 Si
1018 742 1085 781 pin-

260 788 379 828 guiores
394 790 454 820 sint
468 789 539 827 cibi,
557 798 641 820 serva
668 788 809 828 Regulam
826 799 834 827 ;
867 788 972 818 melius
989 791 1032 818 est
1047 791 1087 817 ta-

261 842 330 864 men
347 833 435 864 etiam
466 833 503 864 de
532 834 579 864 his
608 833 745 865 omnibus
774 833 925 874 paululum
954 841 1083 863 sumere.

260 876 376 909 Pariter
390 888 456 909 cum
486 878 596 910 alicubi
627 878 767 910 invitatus
795 878 897 913 fueris.
912 878 995 918 juxta
1010 877 1086 916 Apo-

260 922 329 952 stoli
346 927 539 964 praeceptum,
558 923 596 954 de
610 923 750 954 omnibus
771 923 823 953 tibi
838 922 945 952 oblatis
961 921 1085 953 comede

259 965 325 997 sine
340 966 402 998 ullo
417 967 592 999 discrimine
608 972 730 1009 propter
745 967 969 998 conscientiam.

302 1064 367 1096 149.
387 1065 428 1102 Si,
450 1069 479 1096 te
495 1071 655 1107 peragente
671 1067 701 1097 in
719 1070 767 1097 tua
781 1065 892 1096 cellula
907 1064 1085 1101 orationem,

263 1109 361 1149 pulset
374 1111 482 1151 aliquis
493 1112 626 1152 januam,
645 1111 672 1142 ei
697 1111 793 1152 aperi.
816 1111 854 1142 Et
869 1110 976 1141 sedens
992 1110 1086 1140 collo-

261 1163 354 1194 quere
369 1154 534 1194 humiliter,
552 1156 577 1187 si
605 1156 676 1197 quid
694 1155 746 1187 tibi
762 1159 906 1196 proponat
921 1154 958 1185 ad
974 1154 1086 1184 utilita-

262 1201 322 1229 tem
338 1200 531 1238 conducens;
545 1201 606 1231 etsi
618 1210 676 1241 qua
687 1200 822 1230 molestia
837 1203 983 1239 gravetur,
1003 1198 1087 1228 stude

259 1242 411 1274 verbovel
428 1253 518 1285 opere
547 1244 631 1276 illum
662 1253 780 1276 sanare.
810 1243 851 1274 Eo
881 1247 982 1274 autem
999 1251 1085 1273 rece-

260 1287 361 1327 dente,
379 1292 409 1320 tu
421 1289 514 1329 jauua
528 1290 627 1321 clausa
642 1294 824 1330 resumptam
851 1288 1015 1319 orationem
1031 1287 1085 1318 ab-

260 1331 341 1363 solve
356 1342 363 1364 :
382 1342 449 1364 nam
465 1334 612 1375 aequanda
627 1338 672 1365 est
686 1332 924 1365 reconciliationi
949 1341 1019 1362 cura
1034 1332 1086 1361 ml-

261 1377 395 1408 euntium
412 1378 488 1419 (22).
505 1378 548 1410 De
575 1378 767 1410 saecularibus
795 1386 864 1408 vero
880 1377 1085 1407 consulentem

260 1429 320 1451 non
334 1421 374 1452 ita
388 1422 504 1464 excipe,
521 1423 574 1454 sed
591 1422 710 1454 nonnisi
737 1421 875 1454 absoluta
890 1420 1024 1452 oratione
1038 1420 1084 1450 al-

260 1464 395 1506 loquere.

304 1572 371 1603 150.
382 1571 457 1603 Dum
468 1581 546 1610 oras,
556 1573 581 1604 si
593 1573 659 1612 quis
676 1576 783 1610 terror,
806 1574 856 1602 aut
866 1569 1020 1611 strepitus,
1037 1574 1088 1600 aut

261 1614 358 1654 fulgor
385 1617 469 1657 quasi
496 1617 632 1658 luminis,
662 1621 712 1648 aut
737 1616 899 1657 quidquam
925 1615 1005 1646 aliud
1033 1623 1086 1645 su-

261 1661 440 1700 pervenerit,
453 1665 485 1692 tu
499 1670 536 1692 ne
549 1661 690 1702 turbaris,
701 1661 752 1691 sed
768 1660 902 1692 tenacius
912 1658 1086 1699 injoratione
1096 1664 1116 1689 C

261 1713 433 1744 persevera:
447 1715 514 1736 nam
528 1715 545 1737 a
552 1705 738 1737 daemonibus
749 1705 907 1736 suscitatur
914 1704 1085 1742 commotio,

261 1757 291 1779 et
306 1749 453 1788 fremitus,
470 1754 500 1781 et
515 1750 681 1788 distractio,
698 1754 732 1781 ut
747 1749 847 1781 animo
863 1749 1008 1780 deﬁciens
1020 1758 1085 1780 ora-

259 1793 371 1824 tionem
387 1794 516 1833 omittas,
543 1799 573 1826 et
601 1795 658 1825 hoc
684 1794 827 1834 deinceps
853 1793 884 1824 in
900 1793 1087 1825 consuetudi-

261 1847 330 1869 nem
345 1838 534 1877 deveniente,
551 1839 697 1880 captivum
714 1847 744 1870 te
758 1838 813 1870 sub
839 1848 928 1870 manu
944 1838 1082 1869 habeant.

261 1881 292 1914 Si
308 1893 376 1914 vero
399 1883 453 1914 tibi
482 1884 646 1916 orationem
676 1884 828 1925 peragenti
856 1883 935 1914 aliud
948 1883 1085 1922 aifulgeat

260 1927 362 1959 lumen
378 1928 415 1959 de
429 1938 487 1969 quo
503 1929 585 1968 loqui
600 1938 659 1960 non
685 1928 779 1969 valeo,
796 1928 906 1969 tibique
922 1928 972 1959 ﬁat
986 1928 1085 1960 anima

260 1972 368 2012 gaudio
378 1973 538 2011 exsultans,
550 1977 578 2004 et
592 1973 783 2014 perfectionis
793 1972 987 2009 desiderium,
1002 1977 1030 2003 et
1038 1972 1083 2004 la-

259 2025 426 2057 crymarum
442 2017 547 2049 effusio
563 2027 630 2049 cum
647 2017 887 2058 compunctione,
904 2017 1083 2057 hicagnosce

260 2061 315 2092 Dei
327 2061 525 2093 visitationem
537 2066 566 2094 et
580 2062 734 2094 auxilium:
754 2066 784 2093 et
798 2062 824 2092 si
839 2062 890 2092 diu
908 2071 1082 2102 persevera-

258 2105 345 2146 verit,
361 2109 390 2137 te
400 2106 595 2138 nihilominus
611 2107 734 2138 humilia
750 2116 785 2138 eo
800 2106 879 2147 quod
895 2106 969 2137 nihil
985 2107 1083 2146 perfe-

260 2149 339 2181 ceris
350 2159 384 2181 ex
395 2151 450 2182 hac
465 2151 659 2192 iacrymarum
677 2150 882 2188 continuitate,
900 2150 978 2191 quod
993 2160 1080 2182 men-

259 2198 318 2225 tem
336 2198 415 2226 tuam
431 2194 468 2226 ad
483 2195 594 2237 aliquid
620 2196 739 2227 carnale
763 2195 919 2226 ducturum
934 2199 989 2226 est.
1006 2194 1081 2227 Ora-

259 2239 371 2270 tionem
387 2249 458 2270 vero
470 2249 540 2271 cave
550 2250 588 2272 ne
603 2240 755 2281 relinquas
763 2241 800 2271 ob
815 2239 1003 2271 inimicorum
1019 2241 1081 2271 for-

258 2284 401 2316 midinem
416 2293 423 2323 ;
437 2285 501 2326 sed,
514 2285 591 2317 sicut
602 2295 674 2326 puer
689 2284 866 2326 quibusdam
885 2284 983 2315 lamiis
994 2285 1084 2316 terri-

258 2332 305 2359 tus
320 2329 350 2360 in
365 2329 450 2359 ulnas
465 2330 568 2361 matris
599 2330 727 2371 patrisve
751 2329 929 2369 aufugiendo
944 2329 1017 2360 tales
1031 2338 1080 2360 re-

258 2377 354 2405 movet
371 2378 511 2412 terrores,
528 2374 571 2405 sic
586 2379 616 2406 et
630 2379 660 2406 tu
676 2384 729 2415 per
756 2375 921 2405 orationem
935 2373 972 2404 ad
987 2373 1082 2405 Deum

257 2427 382 2449 currens
397 2418 569 2458 hujusmodi
585 2419 722 2451 timorem
737 2418 842 2459 fugies.

298 2523 351 2554 151
361 2549 369 2556 .
379 2523 411 2556 Si
423 2527 451 2555 te
460 2524 492 2555 in
500 2524 576 2556 cella
585 2525 738 2556 sedentem
745 2523 854 2565 aliquid
861 2523 952 2555 frater
957 2523 1081 2556 veniens

256 2567 424 2608 interroget
438 2569 518 2601 circa
533 2579 660 2611 pugnam
679 2569 841 2610 carnalem,
866 2578 904 2600 ne
928 2568 1011 2600 illum
1027 2578 1078 2601 re-

257 2614 362 2655 pellas,
377 2613 429 2646 sed
457 2623 525 2645 cum
551 2614 783 2656 compunctione
809 2623 875 2655 quae
905 2613 958 2645 tibi
987 2614 1081 2654 gratia

254 2663 393 2700 suggeret
408 2663 437 2690 et
451 2669 518 2700 quae
533 2669 568 2692 ex
583 2664 633 2691 tua
657 2659 841 2701 experientia
859 2658 1001 2698 didicisti,
1018 2660 1080 2691 haec

252 2704 297 2736 illi
312 2704 350 2736 ad
366 2703 459 2746 ipsius
485 2704 643 2737 utilitatem
672 2703 861 2736 communica
892 2712 1021 2744 eumque
1035 2703 1080 2736 sic

253 2749 360 2782 libera.
377 2748 588 2790 Egredientem
612 2753 711 2781 autem
737 2751 920 2780 reverenter
935 2748 1078 2787 salutans,

1129 304 1183 328 τῶν
1216 300 1396 339 προκειμένων
1430 299 1584 340 ἀδιακρίτως
1627 301 1682 340 χρή
1721 311 1749 328 σε
1778 297 1966 338 μεταλαμϐά-

1129 344 1233 382 νειν,εἴ
1250 356 1274 373 τι
1289 344 1311 372 δ’
1339 345 1370 373 ἂν
1395 345 1470 374 ὦσιν.
1503 344 1565 374 Ἐὰν
1593 344 1620 373 δὲ
1650 345 1759 380 ἐντολήν
1787 356 1862 377 τινος
1880 344 1962 384 ἔχῃς

1128 389 1146 423 ἢ
1162 390 1253 429 ἰχθύος
1268 391 1285 423 ἢ
1301 390 1389 429 ἐτέρου
1405 389 1463 418 ο’Ϊου
1492 390 1530 427 μὴ
1559 389 1734 428 μεταλαϐεῖν,
1756 391 1804 418 εἶσὶ
1831 388 1860 417 δὲ
1877 399 1966 428 παραι

1127 434 1259 471 τιθέμενα,
1278 435 1299 462 εἰ
1313 435 1462 474 προχείρως
1491 434 1509 472 ᾖ
1534 436 1548 462 ὁ
1579 435 1628 468 τὴν
1657 434 1766 468 ἐντολὴν
1782 434 1854 471 δοὺς,
1875 433 1966 462 ἀπελ-

1127 479 1178 506 θὼν
1214 485 1309 506 πεῖσον
1353 479 1429 507 αὒτὸν
1469 479 1642 519 συγχωρῆσαί
1680 490 1722 508 σοι
1758 484 1803 509 τοῦ
1842 477 1966 517 μεταλα·

1128 521 1196 551 ϐεϊν.
1221 524 1250 551 Εἰ
1274 522 1301 550 δὲ
1330 524 1359 551 οὔ
1385 524 1521 563 πάρεστιν,
1551 524 1569 557 ἢ
1597 525 1640 552 καὶ
1667 524 1806 563 γινώσκεις
1832 524 1876 561 μὴ
1896 534 1966 562 συγ-

1129 574 1231 607 χωρεῖν
1260 579 1314 604 σοι,
1344 569 1388 596 καὶ
1415 568 1494 596 παλιν
1523 569 1614 600 αὖτοὺς
1643 569 1672 597 οὔ
1696 568 1784 606 βούλει
1812 567 1966 596 σκανδαλί‹

1128 623 1183 648 σαι,
1200 613 1267 650 μετὰ
1294 613 1342 646 τὴν
1371 613 1496 650 ἑστίασιν,
1531 613 1625 642 ἀνάθου
1654 614 1724 650 αὐτῷ
1745 614 1778 641 τὰ
1805 615 1858 646 τῆς
1890 612 1966 651 πρά-

1128 656 1203 692 ξεως,
1234 658 1313 685 αἰτῶν
1343 658 1522 697 συγχώρησιν.
1563 659 1591 687 Εἰ
1618 657 1645 686 δὲ
1674 658 1704 686 ἐκ
1730 659 1829 686 τούτων
1853 657 1966 686 οὐδέτε-

1129 711 1172 740 ρον
1186 701 1285 740 βούλει,
1307 702 1427 740 κρεῖττόν
1457 703 1498 729 σοὶ
1526 702 1565 739 μὴ
1592 702 1717 730 ἆπελθεῖν
1745 703 1811 742 πρὸς
1837 702 1939 732 αὐτούς
1958 711 1966 716 ·

1127 744 1180 772 δύω
1195 745 1244 784 γὰρ
1271 744 1417 785 κερδανεῖς,
1443 747 1487 773 καὶ
1514 747 1559 774 τὸν
1588 749 1638 780 τῆς
1667 745 1814 779 κενοδοξίας
1845 744 1966 783 δαίμονα

1128 789 1251 829 ἐκφεύξῃ,
1287 791 1330 817 καὶ
1359 791 1451 822 αὖτοὺς
1475 790 1620 819 σκανέέλον)
1647 791 1691 819 καὶ
1718 790 1834 828 θλίψεως
1864 789 1966 818 ἀπαλ-

1127 833 1218 872 λάξῃς.
1246 835 1273 862 Εἰ
1299 833 1326 862 δὲ
1354 837 1407 862 τῶν
1434 835 1592 875 παχυτέρων
1621 836 1680 872 εἰσὶ,
1712 834 1826 876 φύλαξον
1848 835 1899 863 τὸν
1916 846 1966 862 κα-

1127 879 1200 908 νόνα.
1219 883 1346 918 Κρεῒσσον
1362 878 1388 906 δὲ
1403 880 1447 907 καὶ
1470 879 1510 907 ἐπὶ
1529 881 1613 908 αὖτῶν
1629 880 1658 908 ἐκ
1678 881 1785 908 πάντων
1800 881 1898 920 μικρὸν
1915 890 1966 917 με·

1127 922 1265 952 ταλαϐεϊν.
1283 918 1395 961 Ὁμοίως
1411 925 1454 952 καὶ
1469 924 1511 952 ἐπὶ
1527 925 1720 964 παρακλήσεώς
1735 935 1819 962 τινος⁷
1831 925 1904 953 κατὰ
1916 926 1965 953 τὸν

1128 966 1289 996 Ἀπόστολον
1313 970 1502 1005 νομοθετοῦντα
1515 973 1567 997 πᾶν
1582 970 1612 997 τὸ
1627 969 1834 1009 παρατιθέμενον
1849 969 1964 1010 ἐσθίειν,

1096 1024 1115 1048 Β
1127 1011 1216 1049 μηδ-ἦν
1230 1012 1414 1051 ἀνακρίνοντας
1430 1011 1471 1040 διὰ
1486 1013 1534 1047 τὴν
1549 1013 1706 1048 συνείδησιν.

1170 1051 1240 1096 ρμθ’,
1272 1055 1333 1085 Ἐὰν
1361 1058 1499 1090 ποιοῦντός
1527 1069 1572 1086 σου
1598 1058 1626 1086 ἐν
1647 1063 1685 1096 τῷ
1712 1058 1810 1095 κελλίῳ
1831 1069 1879 1087 σου
1908 1059 1964 1092 τὴν

1129 1101 1224 1141 εὗχην,
1254 1101 1352 1140 κρούσῃ
1379 1112 1422 1130 τισ
1450 1102 1499 1136 τὴν
1536 1103 1623 1142 θύραν,
1654 1102 1755 1136 ἄνοιξον
1789 1104 1873 1140 αὐτῷ.
1909 1104 1962 1132 Καὶ

1128 1146 1260 1177 καθεσθεὶς
1287 1145 1416 1183 ὁμίλησον
1445 1147 1511 1184 μετὰ
1539 1147 1735 1185 ταπεινώσεως,
1765 1147 1792 1176 εἴ
1817 1159 1843 1176 τι
1873 1146 1897 1175 δ’
1927 1147 1961 1176 ἂν

1128 1189 1266 1228 προϐάλλῃ
1294 1193 1346 1218 τῶν
1376 1191 1560 1220 συντεινόντων
1589 1193 1625 1224 εἰς
1653 1191 1783 1232 ὠφέλειαν
1800 1200 1807 1207 ⁶
1846 1193 1891 1220 καὶ
1937 1194 1961 1221 εἰ

1127 1234 1178 1262 ὑπὸ
1193 1234 1306 1272 θλίψεώς
1322 1233 1377 1262 ἐστι
1405 1233 1595 1274 βεϐαρημένος,
1626 1235 1770 1265 σπούδασον
1799 1236 1816 1270 ἣ
1839 1236 1867 1264 ἐν
1881 1236 1960 1276 λόγῳ

1127 1278 1145 1312 ἢ
1172 1278 1199 1306 ἐν
1215 1278 1282 1318 ἔργῳ
1306 1281 1460 1317 θεραπεῦσαι
1489 1280 1578 1311 αὒτόν,
1610 1281 1658 1309 Καὶ
1685 1280 1764 1309 πάλιν
1793 1281 1873 1309 αὐτοῦ
1887 1281 1957 1310 ἀνα-

1127 1327 1289 1363 χωροῦντος,
1336 1322 1454 1360 κλείσας,
1495 1323 1725 1363 ἐπαναλαϐόμενος
1775 1326 1825 1359 τὴν
1868 1327 1958 1366 εὐχὴν

1127 1367 1253 1397 ἐπιτέλει.
1283 1368 1331 1396 Καὶ
1360 1368 1409 1407 γὰρ
1434 1369 1531 1406 ὁμοίως
1560 1371 1609 1402 τῆς
1637 1369 1808 1409 καταλλαγῆς
1838 1371 1957 1410 ὑπάρχει

1126 1413 1170 1440 καὶ
1185 1413 1201 1446 ἡ
1228 1413 1350 1451 θεραπεία
1377 1415 1429 1440 τῶν
1457 1413 1631 1451 προσιόντων.
1661 1414 1715 1443 Οὸκ
1742 1414 1785 1443 ἐπὶ
1812 1416 1953 1454 κωμικῶν

1127 1455 1154 1484 δὲ
1176 1456 1258 1488 οὕτως
1287 1455 1329 1484 δεῖ
1349 1463 1436 1485 ποιεῖν
1452 1465 1460 1473 ’
1490 1456 1558 1486 ἀλλὰ
1583 1457 1748 1497 πληροῦντας
1786 1459 1835 1494 τὴν
1863 1460 1953 1500 εὐχὴν

1128 1499 1210 1533 οὕτως
1225 1502 1296 1538 αὒτῷ
1311 1500 1427 1539 ὁμιλεῖν,

1168 1586 1218 1632 ρν’.
1244 1592 1407 1634 Ἐὒχομένου
1431 1592 1458 1622 δὲ
1487 1605 1544 1635 σου,
1574 1595 1596 1623 εἰ
1623 1593 1706 1624 δειλία
1732 1607 1773 1629 τις
1801 1595 1818 1630 ἢ
1841 1597 1952 1630 κτύπος,

1127 1636 1146 1670 ἢ
1177 1637 1214 1669 ὡς
1257 1641 1312 1678 φῶς
1355 1638 1507 1679 επιλάμψῃ,
1546 1638 1563 1673 ἢ
1604 1638 1669 1668 ἄλλο
1699 1644 1732 1668 1’τι
1771 1640 1891 1680 γένηται,
1921 1643 1954 1670 σὺ

1129 1681 1168 1718 μὴ
1196 1683 1321 1721 θροηθῇς,
1362 1682 1430 1711 ἀλλὰ
1471 1683 1572 1720 μᾶλλον
1599 1683 1778 1725 ἐκτενέστερον
1805 1688 1840 1724 τῇ
1865 1697 1951 1725 προσ-

1128 1729 1198 1766 ευχῇ
1252 1727 1413 1767 καρτέρησον
1431 1737 1438 1744 ”
1490 1728 1597 1768 ταραχῆ
1644 1730 1694 1769 γὰρ
1743 1731 1841 1770 γίνεται
1890 1730 1952 1760 δαι-

1127 1771 1239 1808 μονικὴ,
1268 1773 1311 1800 καὶ
1340 1773 1430 1812 φρίκη,
1461 1773 1505 1801 καὶ
1540 1772 1674 1811 ἔκστασις,
1703 1773 1777 1807 ὅπως
1806 1777 1950 1816 χαυνωθεὶς

1126 1815 1175 1848 τὴν
1190 1816 1274 1856 εύχὴν
1289 1816 1369 1855 ἐάσῃς
1387 1825 1394 1833 ·
1419 1817 1462 1845 καὶ
1487 1816 1580 1846 λοιπὸν
1609 1818 1635 1846 ἐν
1665 1817 1714 1851 ἕξει
1729 1819 1822 1848 τούτου
1835 1820 1950 1860 γενομέ-

1124 1870 1174 1896 νουν
1196 1861 1347 1900 ὑποχείριόν
1377 1872 1405 1889 σε
1432 1860 1544 1891 λάϐωσι.
1577 1863 1605 1891 Εἰ
1632 1861 1659 1890 δὲ
1687 1863 1737 1897 τὴν
1767 1865 1849 1904 εὐχὴν
1872 1865 1949 1893 ἐκτε-

1124 1903 1244 1942 λοῦντος,
1278 1905 1366 1945 ἕτερον
1401 1908 1457 1946 φῶς
1486 1905 1625 1945 ἐπιλάμψῃ
1656 1919 1708 1945 σοι,
1739 1903 1815 1948 ὅπερ
1833 1907 1950 1938 ἀδυνατῶ

1124 1949 1231 1988 φράσαι,
1257 1953 1342 1989 χαρᾶς
1371 1961 1399 1978 τε
1427 1950 1534 1990 πλήρης
1562 1952 1579 1986 ἡ
1607 1952 1684 1992 ψυχὴ
1711 1951 1833 1992 γένηται,
1858 1953 1948 1982 ἐπιθυ-

1124 1993 1172 2030 μία
1200 2004 1229 2022 τε
1252 1997 1304 2021 τῶν
1331 1995 1499 2034 κρειττόνων,
1521 1995 1565 2024 καὶ
1591 1995 1709 2036 δακρύων
1736 1997 1851 2037 ἐπίῤῥοια
1878 1999 1947 2036 μετὰ

1123 2037 1297 2078 κατανύξεως,
1326 2040 1437 2078 γίνωσκε
1465 2040 1535 2068 θείαν
1563 2040 1712 2076 ἐπισκοπὴν
1740 2043 1812 2071 εἶναι
1840 2045 1884 2072 καὶ
1895 2043 1946 2071 ἀν-

1123 2082 1231 2120 τίληψιν
1255 2087 1331 2112 τοῦτο
1346 2093 1352 2100 ·
1382 2084 1426 2112 καὶ
1455 2085 1476 2112 εἱ
1491 2084 1603 2123 ἐπιμένῃ
1619 2085 1699 2127 μέχρι
1715 2086 1826 2125 πολλοῦ,
1858 2087 1900 2116 διὰ
1914 2090 1946 2117 τὸ

1123 2127 1161 2164 μή
1177 2138 1202 2154 τι
1225 2127 1306 2156 πλέον
1328 2139 1368 2156 σοι
1394 2128 1511 2167 γενέσθαι
1537 2129 1568 2158 ἐκ
1592 2133 1642 2164 τῆς
1671 2134 1724 2159 τῶν
1750 2130 1864 2171 δακρύων
1880 2143 1943 2161 συν-

1123 2174 1206 2211 οχῆς,
1223 2172 1423 2212 αἰχμαλώτισον
1444 2174 1489 2201 τὸν
1503 2178 1563 2202 νοῦν
1587 2186 1633 2203 σου
1657 2175 1699 2208 εἴς
1715 2188 1741 2204 τι
1755 2180 1808 2205 τῶν
1823 2188 1942 2215 σωματι-

1122 2219 1189 2256 κῶν,
1204 2217 1249 2244 καὶ
1264 2216 1290 2244 ἐν
1304 2218 1388 2255 τούτῳ
1409 2220 1594 2258 ταπεινωθήσῃ
1611 2228 1618 2235 ·
1647 2220 1697 2254 τὴν
1713 2219 1740 2249 δὲ
1762 2222 1844 2262 εὐχὴν
1863 2223 1945 2261 πρόσ-

1124 2271 1171 2305 ?‘lf
1201 2262 1240 2299 μὴ
1270 2261 1296 2290 ἓν
1325 2265 1359 2300 τῇ
1384 2265 1436 2290 τῶν
1463 2262 1566 2303 ἐχθρῶν
1601 2263 1742 2305 ἐκφοϐήσει
1770 2265 1941 2305 καταλεῖψαι,

1124 2303 1199 2333 Ἀλλ’
1223 2305 1311 2345 ὥσπερ
1332 2313 1398 2339 παῖς
1425 2307 1476 2335 ὑπό
1501 2318 1580 2336 τινων
1607 2303 1804 2349 μορμολυκείων
1829 2303 1943 2340 δεδιττό-

1092 2360 1201 2395 Ι,μενος
1223 2350 1274 2396 uno
1297 2351 1344 2382 τὰς
1373 2351 1491 2390 ἀγκάλας
1520 2355 1570 2386 τῆς
1598 2355 1699 2393 μητρὸς
1728 2354 1746 2388 ἢ
1773 2358 1819 2383 τοό
1844 2358 1941 2396 πατρὸς

1122 2395 1306 2434 προσφεύγων,
1329 2396 1374 2424 τὸν
1401 2395 1501 2424 τούτων
1527 2396 1675 2427 ἀπωθεῖται
1703 2398 1794 2440 φόϐον,
1821 2399 1886 2428 0"Imn
1896 2395 1941 2431 καὶ

1121 2438 1152 2467 σὺ
1177 2438 1219 2467 διὰ
1246 2443 1293 2485 τᾶς
1323 2441 1420 2481 εὐχῆς,
1452 2443 1518 2481 πρὸς
1545 2443 1592 2471 τὸν
1621 2444 1686 2472 Θεὸν
1711 2438 1874 2485 ἆναδραμὼν,
1895 2447 1941 2475 τὸν

1120 2483 1220 2526 τούτων
1238 2482 1318 2523 φόϐον
1333 2483 1471 2526 διαφεύξει,

1160 2522 1309 2574 ργίηθεὰν
1329 2522 1504 2569 καθεζομένου
1534 2543 1580 2560 σου
1606 2532 1633 2560 ὲν
1660 2536 1700 2571 τῷ
1713 2531 1819 2571 κελλίῳ,
1832 2532 1938 2574 ἀδελφός

1119 2583 1159 2617 τις
1184 2572 1266 2601 ἐλθὼν
1295 2573 1422 2613 ἐρωτήσει
1447 2587 1487 2604 σοι
1516 2577 1575 2616 περὶ
1603 2581 1728 2616 σαρκικοῦ
1753 2577 1876 2617 πολέμου,

1120 2616 1289 2656 ἆποστρέψῃς
1317 2619 1362 2647 τὸν
1390 2623 1519 2658 τοιοῦτον,
1559 2621 1628 2651 ἀλλὰ
1667 2623 1735 2661 μετὰ
1770 2616 1934 2665 κατανύξεως,

1121 2660 1147 2695 ἐξ
1160 2663 1198 2689 ὧν
1212 2663 1230 2696 ἡ
1253 2665 1299 2691 τοῦ
1323 2667 1388 2692 Θεοῦ
1415 2665 1494 2704 χάρις
1525 2665 1721 2706 ἐπιχορηγήσει
1747 2678 1799 2704 σοι,
1826 2668 1865 2697 καὶ
1879 2660 1935 2697 διά

1120 2706 1391 2752 πράξεωςμᾷκτησαι,
1421 2709 1560 2749 ὡφέλησον
1586 2712 1676 2752 αὑτὸν,
1705 2713 1750 2740 καὶ
1777 2711 1931 2745 οὕτδκάπό-

1120 2750 1209 2781 λυσον.
1243 2750 1433 2792 Ἐξερχομένου
1459 2753 1499 2792 δὲ,
1528 2755 1617 2793 βαλὼν
1644 2750 1787 2794 μετάνοιαν
1812 2758 1870 2796 πρὸς
1884 2758 1931 2786 αὖ·

295 2849 355 2898 (92)
376 2847 410 2879 Id
426 2846 839 2898 est,_sicut‘interrumpenda
853 2849 900 2878 est
917 2845 1024 2888 oratio,
1046 2845 1171 2889 ipsaque
1191 2848 1293 2880 altaris
1315 2848 1438 2890 oblatio,
1451 2854 1495 2883 ut
1517 2861 1587 2885 cum
1612 2853 1705 2886 frame
1726 2853 1928 2898 reconcilieris,

254 2894 296 2928 ita
311 2894 402 2927 etiam
418 2899 452 2927 ut
464 2895 651 2936 ejussalutis
664 2904 767 2928 curam
781 2903 879 2936 geras.
