1982 3075
273 196 331 232 687

932 196 1084 228 SYMEON
1089 197 1123 228 IS
1142 196 1318 229 JUNIORIS

1912 199 1978 234 688

270 266 376 298 intimo
391 264 684 310 communicantemi
708 263 896 310 tNunquam
913 263 1312 310 εᾶοΐίίὶοίρῐΠΑθπρρήσαντός
1342 280 1387 306 μοι
1415 270 1451 300 ὡς
1480 280 1523 309 πρ(

1153 266 1312 305 ῑρρήσαντός
1342 280 1387 306 μοι
1415 270 1451 300 ὡς
1480 269 1620 310 προσφιλεῖ
1642 271 1731 307 αὑτοῦ,
1762 269 1802 298 ὅτι
1837 269 1975 299 Οὐδέποτε

271 310 376 348 obtuli,
406 310 478 350 quin
506 309 630 340 viderim
668 308 812 349 Spiritum
843 312 992 342 sanctum,
1024 307 1101 338 sicut

270 355 369 396 ipsum
381 354 441 386 vidi
456 355 486 385 in
502 363 551 386 me
564 354 810 390 descendentem,
824 352 944 393 quando
953 361 1044 392 super
1053 361 1099 382 me

271 399 511 432 extendebantur
526 408 641 437 manus,
659 397 914 438 sacerdotalisque
938 406 1098 428 consecra-

271 444 362 477 tionis
376 444 540 476 orationem
557 443 745 484 metropolita
772 442 926 479 recitabat,
945 446 974 472 et
991 442 1099 472 eucho-

271 489 381 529 logium
399 489 508 520 misero
525 488 613 529 capiti
627 498 692 519 meo
705 486 923 527 imponebatur.
937 499 950 514 ι)
965 485 1098 516 Interro-

271 539 354 574 gatus
371 533 459 573 igitur
473 543 490 564 a
505 542 553 564 me
569 532 717 573 quomodo
740 531 824 562 illum
848 535 916 562 tunc
933 530 1053 561 vidisset
1069 533 1098 560 et

271 579 326 610 sub
339 588 398 619 qua
412 579 517 618 forma,
544 577 724 617 respondit:
751 589 765 604 α
791 576 923 616 Simplex
953 578 1026 615 erat,
1042 584 1098 606 nec

271 624 366 655 videri
380 628 508 664 poterat,
526 622 584 653 nisi
601 626 633 653 ut
648 622 697 653 lux
712 633 719 658 ;
738 625 768 652 et
782 630 849 652 cum
866 620 994 661 primum
1011 619 1099 650 mira-

270 678 332 707 rer,
349 668 453 700 videns
483 667 563 708 quod
592 676 745 707 nunquam
773 665 918 702 videram,
936 668 965 695 et
980 674 1097 695 mecum

273 714 435 754 cogitarem
451 713 591 754 quidnam
609 713 664 744 hoc
680 715 770 749 esset,
791 711 865 742 dixit
879 711 929 741 ille
945 710 1019 741 mihi
1032 719 1096 750 my-

272 759 358 797 stice,
376 758 460 799 quasi
485 758 614 798 linguam
645 757 745 788 sciens
762 767 772 786 :
801 768 814 784 α
844 755 905 795 Ego
935 755 978 786 sic
994 764 1098 785 omnes

272 803 343 835 olim
360 803 522 844 prophetas
537 806 566 833 et
590 801 752 843 apostolos,
778 805 810 832 et
825 810 905 831 nunc
920 799 973 831 Dei
989 799 1099 830 electos

272 848 446 889 frequenter
473 847 581 878 visito:
613 856 679 878 sum
707 846 785 878 enim
821 849 939 877 sanctus
967 844 1099 885 Spiritus

273 893 340 925 Dei.
357 903 373 924 ›
391 893 446 924 Cui
460 892 554 932 gloria
567 896 597 924 et
611 892 703 923 virtus
717 891 748 923 in
761 891 880 922 saecula.
897 890 1005 921 Amen.

1141 309 1338 350 ἐλειτούργησα,
1356 313 1394 350 μὴ
1422 313 1482 341 ἰδὼν
1511 315 1541 341 τὸ
1571 317 1676 351 Πνεῦμα
1704 314 1734 341 τὸ
1763 314 1849 353 ἅγιον,
1881 316 1974 347 καθὼς

1140 356 1204 384 αὑτὸ
1218 355 1290 385 εἶδον
1305 357 1379 385 ἐλθὸν
1408 357 1450 386 ἐπ’
1475 358 1544 396 ἐμυὶ,
1576 357 1619 386 ὅτε
1649 369 1682 396 με
1711 357 1908 398 ἒχειροτόνοιιν,
1926 361 1974 388 καὶ

1140 401 1189 434 τὴν
1218 401 1300 441 εὐχὴν
1329 405 1374 430 τοῦ
1401 403 1489 442 ἱερέως
1527 404 1541 431 ὁ
1575 402 1773 443 μητροπολίτης
1803 403 1890 443 ἔλεγε,
1923 408 1973 432 τοῦ

1141 445 1304 485 Εὒχολογίου
1319 446 1485 484 ἐπικειμένου
1500 450 1533 486 τῇ
1562 447 1636 484 ἀθλίᾳ
1665 459 1714 485 μου
1742 447 1858 488 κὶφιλῇ.
1876 447 1972 488 Ἐρω-

1139 491 1227 523 ττ.Θεὶς
1242 491 1286 518 οὖν
1315 491 1376 531 παρ’
1409 492 1472 529 ἐμοῦ
1496 496 1552 524 πῶς
1581 497 1657 521 τοῦτο
1686 491 1743 520 εἶδε
1771 493 1843 532 τότε,
1871 494 1917 521 καὶ
1942 493 1971 521 ἐν

1139 535 1213 563 ποίου
1235 534 1321 567 εῗδους
1336 540 1434 576 μορφῇ,
1453 536 1529 564 εἶπεν
1547 544 1554 550 ‘
1580 532 1692 564 Ἀπλοῦν
1713 537 1761 574 μὲν
1777 538 1820 565 καὶ
1835 536 1971 574 ἀνείδεον,

1139 579 1210 613 πλὴν
1232 581 1268 612 ὡς
1284 583 1339 620 φῶς
1357 591 1365 599 ·
1381 582 1424 609 καὶ
1439 582 1475 612 ὡς
1491 581 1634 619 ἐθώμαζον
1650 580 1708 609 κατ’
1738 581 1825 621 ἀρχὰς
1854 581 1931 619 ἰδὼν,
1957 583 1972 610 ὃ

1139 623 1262 653 οὓδέποτε
1291 625 1439 663 ἐθεασάμην
1457 634 1464 640 ⁸
1494 627 1538 654 xxi
1565 626 1588 653 τί
1620 624 1650 653 ἂν
1673 625 1717 658 εἴη
1744 631 1820 655 τοῦτο
1842 625 1972 666 διιλογι-

1139 668 1248 707 ζομένου
1264 681 1325 707 μου,
1355 669 1429 708 ’ἐλεγέ
1459 681 1504 708 μοι
1533 670 1665 707 μυστικῶς
1692 670 1792 710 ἐκεῖνο,
1821 670 1911 710 ὥσπερ
1942 670 1971 699 ἐν

1139 714 1234 753 γνώσει
1263 717 1353 754 φωνῆς
1372 723 1378 729 '
1412 715 1483 754 Ἐγὼ
1519 715 1586 743 οἵτω
1615 718 1694 743 πᾶσιν
1729 716 1892 755 προφήταις,
1923 716 1971 743 καὶ

1140 758 1309 799 ἀποστόλοις,
1326 761 1368 788 καὶ
1383 767 1441 792 to‘;
1457 763 1499 788 νῦν
1515 759 1652 792 ἐκλεκτοῖς
1667 760 1713 788 τοῦ
1727 764 1804 800 Θεοῦ,
1820 761 1865 788 καὶ
1878 760 1970 799 αἰγίοις

1140 803 1267 843 ἐπιφοιτῶ
1285 815 1291 821 ·
1310 805 1340 832 τὸ
1356 805 1405 845 γὰρ
1420 804 1494 844 ἅγιον
1519 805 1622 842 Πνεῦμά
1638 806 1691 833 eiut
1704 810 1750 834 τοῦ
1766 808 1841 836 θεοῦ,
1860 807 1939 842 Αὖτῷ
1949 806 1968 839 ἡ

1141 848 1212 886 δόξα,
1228 849 1272 877 καὶ
1285 850 1314 877 τὸ
1329 849 1424 889 κράτος
1440 851 1476 882 εἷς
1491 850 1551 882 τοὺς
1567 851 1675 882 αἰῶ-ηις,
1692 850 1780 888 AM»,

891 1070 1031 1103 SANCTI
1049 1070 1190 1102 PATRIS
1208 1070 1350 1103 NOSTRI

326 1165 808 1233 SYMEONIS

886 1163 1333 1228 JUNIORIS

1415 1164 1907 1232 THEOLOGI

731 1299 854 1324 ABBATIS
873 1298 1052 1323 MONASTEMI
1073 1298 1099 1322 S.
1123 1298 1277 1322 ΗΑΜΔΝἹἸΒ
1297 1297 1328 1321 IN
1349 1297 1523 1323 XEROCERCO

419 1391 497 1437 DE
535 1387 1084 1438 ALTERATIONIBUS
1127 1387 1341 1435 ANIMZE
1392 1387 1471 1433 ET
1511 1387 1812 1438 CORPORIS

401 1499 485 1542 Quae
504 1509 543 1535 ex
562 1497 727 1535 varietate
746 1496 824 1534 coeli
844 1500 904 1533 aut
921 1495 1023 1541 aeris,
1042 1507 1188 1545 quaeque
1208 1506 1248 1532 ex
1265 1495 1460 1542 elementis,
1481 1508 1521 1534 ex
1539 1497 1639 1543 cibis,
1662 1499 1839 1538 interdum

655 1557 761 1595 etiam
780 1569 822 1595 ex
842 1556 1075 1601 daemonibus,
1097 1556 1261 1596 exsistere
1280 1558 1317 1595 in
1336 1558 1438 1597 nobis
1459 1559 1585 1605 solent,

990 1655 1251 1688 DISSERTATIO.

659 1742 837 1782 Interprete
851 1741 943 1773 Petro
957 1741 1097 1782 Possino,
1122 1741 1281 1775 societatis
1294 1743 1312 1774 J
1313 1749 1368 1774 esu
1385 1744 1582 1786 presbytero.

315 1938 435 1969 Fratres
445 1938 477 1967 et
489 1935 602 1969 Patres,
615 1930 704 1962 debet
713 1929 876 1960 monachus
885 1938 950 1970 quae
959 1928 990 1960 in
1002 1929 1101 1961 anima
1111 1934 1130 1959 B
1142 1931 1253 1964 tionem
1267 1933 1397 1974 patiens,
1413 1936 1446 1964 ut
1457 1933 1544 1964 vitam
1561 1935 1648 1967 etiam
1664 1942 1792 1971 recuset.
1813 1939 1895 1972 Alias
1909 1950 1965 1974 au-

274 1981 452 2020 contingunt
465 1976 658 2011 alterationes
669 1974 919 2020 mutationesque,
933 1983 991 2005 non
1005 1975 1099 2005 solum

273 2035 364 2058 nosse
379 2019 409 2056 et
433 2023 611 2063 intelligere,
640 2020 693 2052 sed
723 2019 811 2051 etiam
840 2028 943 2050 causas
958 2019 1100 2060 ipsarum,

274 2071 380 2113 quales
396 2069 515 2100 tandem
543 2068 615 2113 sint,
642 2064 781 2113 undeque
807 2063 843 2113 in.
866 2063 932 2113 ipso
947 2064 1102 2113 exsistant.

272 2107 440 2156 Aliquando
452 2113 532 2145 enim
545 2110 643 2142 subita
653 2108 786 2156 exoritur
796 2107 902 2156 aniniae
913 2108 1023 2156 latitia,
1043 2109 1100 2139 ali-

273 2153 393 2202 quando
408 2158 500 2190 simili
512 2156 600 2202 modo
613 2153 857 2202 maestitiaipsam
867 2153 979 2202 invadit
988 2157 1017 2202 et
1031 2163 1098 2194 gra-

271 2198 347 2237 vedo
361 2204 534 2236 vehemens.
552 2201 647 2241 Atque
662 2198 812 2230 interdum
828 2198 948 2238 quidem
962 2198 999 2228 ad
1015 2207 1097 2229 com-

272 2249 442 2292 punctionis
458 2251 569 2279 motum
585 2255 620 2276 ac
648 2253 769 2292 sensum
783 2242 942 2292 facillima.
965 2246 1010 2274 est
1026 2252 1034 2292 :_
1048 2242 1097 2274 in-

272 2287 390 2327 terdqu
406 2291 591 2328 obcallescit,
609 2293 637 2320 et
665 2288 701 2319 ad
731 2287 839 2327 lapidis
854 2287 993 2319 duritiem
1009 2288 1096 2328 riget.

271 2340 353 2372 Alias
367 2347 471 2370 rursus
483 2338 637 2368 mansueta
652 2338 680 2365 et
691 2332 813 2364 humilis
821 2336 878 2370 est,
888 2336 916 2362 at
932 2332 1019 2373 paulo
1032 2338 1098 2373 post

270 2394 343 2424 vaga
357 2387 468 2421 mente,
486 2378 775 2422 cogitationibusque
802 2377 945 2424 dispersis
962 2382 1023 2424 t_um
1035 2377 1098 2409 ira-

272 2422 370 2461 cunda
382 2433 412 2460 et
440 2426 591 2458 rabiosula
617 2424 654 2455 ad
683 2431 787 2454 omnes
816 2422 933 2453 fratres.
964 2422 999 2453 Et
1019 2432 1098 2454 nunc

272 2474 393 2516 quidem
407 2471 534 2504 remissa
544 2480 577 2502 ac
589 2468 726 2508 languida
740 2467 772 2498 ﬁt
787 2466 991 2516 segnisquead
1008 2476 1097 2498 omne

270 2510 364 2559 opus:
380 2518 453 2549 alias
463 2526 533 2548 vero
543 2517 715 2556 experrecta
724 2516 752 2559 et
775 2510 856 2559 vigil,
873 2520 907 2542 ac
923 2512 959 2542 ad
975 2521 1095 2543 omnem

270 2555 472 2595 obedientiam
488 2564 634 2602 prompta,
652 2561 684 2589 ut
698 2557 786 2602 etiam
797 2555 1030 2602 _circumstantes
1044 2561 1097 2589 aut

1142 1980 1201 2024 tem
1217 1977 1248 2024 in
1263 1981 1375 2024 tantum
1390 1987 1458 2024 sese
1473 1979 1599 2011 dilatans
1613 1980 1644 2011 in
1656 1981 1721 2023 ipsa
1736 1984 1820 2024 quasi
1835 1986 1966 2018 exundat

1142 2021 1252 2071 laetitiae
1265 2022 1319 2071 vis,
1336 2026 1368 2053 ut
1382 2023 1523 2055 cohibere
1552 2021 1681 2066 seipsam
1711 2021 1852 2070 nequeat,
1867 2040 1964 2071 quan-

1143 2066 1250 2098 tumvis
1264 2067 1293 2098 id
1310 2071 1444 2099 conetur.

1181 2111 1250 2142 Haec
1261 2116 1365 2142 natura
1375 2118 1576 2153 comparatum
1590 2115 1682 2147 estita
1697 2117 1763 2149 ﬁeri
1781 2118 1861 2151 circa
1874 2125 1964 2152 natu-

1142 2155 1220 2205 rales
1230 2156 1435 2205 innovationes
1443 2157 1550 2205 animae
1560 2165 1589 2190 et
1603 2161 1750 2205 corporis,
1762 2162 1831 2194 dum
1843 2174 1898 2196 nos
1909 2175 1964 2205 pro

1141 2200 1218 2231 virili
1233 2200 1441 2232 contendimus
1456 2201 1486 2232 in
1502 2203 1643 2235 exercitio
1657 2200 1779 2238 ’virtutis
1794 2212 1823 2239 et
1838 2200 1963 2242 manda-

1139 2249 1235 2276 torum
1243 2245 1463 2285 adimpletione.
1473 2248 1580 2279 Verum
1590 2244 1839 2289 quemadmodum
1847 2254 1878 2285 in
1885 2254 1964 2287 hunc

1141 2289 1263 2336 modum
1278 2289 1420 2336 alteratur
1433 2291 1542 2330 anima,
1559 2293 1599 2323 ita
1614 2298 1644 2324 et
1658 2304 1744 2327 mens
1760 2302 1869 2336 nostra,
1887 2309 1963 2330 con-

1140 2334 1291 2375 similique
1307 2335 1368 2366 haec
1392 2345 1461 2366 cum
1488 2336 1539 2368 illa
1566 2338 1771 2372 vicissitudine
1798 2351 1831 2373 ac
1847 2334 1964 2376 ratione

1140 2384 1350 2410 commutatur.
1368 2379 1418 2411 Est
1434 2381 1513 2412 enim
1529 2382 1680 2414 interdum
1697 2389 1784 2417 acuta
1797 2387 1834 2418 ad
1849 2387 1962 2420 intelli-

1138 2424 1218 2473 genti
1224 2434 1271 2455 um
1284 2433 1291 2456 :
1304 2425 1418 2473 acutior
1429 2430 1457 2457 et
1466 2427 1633 2464 ,micantior
1643 2429 1701 2461 illis
1712 2440 1778 2471 quae
1788 2431 1963 2473 intelligen-

1140 2469 1181 2519 tia
1193 2473 1289 2519 versat
1299 2469 1381 2519 intra
1408 2479 1441 2501 se
1471 2473 1682 2519 percurrendis
1697 2469 1730 2505 et
1740 2469 1961 2519 discernendis,

1138 2514 1288 2545 celeriter.
1298 2513 1516 2556 Nonnunquam
1524 2516 1561 2547 ad
1568 2521 1728 2559 utrumque
1738 2520 1817 2552 lenta
1825 2525 1854 2552 et
1864 2513 1960 2556 tarda:

1138 2559 1181 2590 Ac
1194 2559 1351 2599 aliquando
1367 2559 1487 2600 quidem
1504 2561 1608 2592 eadem
1627 2563 1707 2595 velut
1719 2574 1823 2596 amens
1837 2570 1866 2597 et
1880 2571 1962 2599 muta

270 2608 375 2640 obvios
388 2599 527 2651 provocet
542 2599 672 2644 et’quasi
685 2600 824 2651 convicio
839 2599 949 2651 excitet
963 2600 1000 2631 ad
1011 2605 1096 2651 recte
1106 2604 1126 2629 C
1138 2604 1287 2645 surdaque
1298 2604 1342 2645 ﬁt,
1351 2599 1424 2651 alias
1434 2605 1528 2637 solers
1537 2607 1656 2647 quidem
1669 2612 1698 2639 et
1721 2609 1842 2651 diserta,
1859 2615 1960 2643 atten-

268 2645 429 2694 agenduin.
442 2650 658 2689 Nonnunquam
671 2655 789 2694 rursum
801 2645 965 2694 inseipsam
974 2645 1097 2677 collecta

269 2689 302 2730 et
320 2697 436 2735 devota,
453 2705 520 2726 mox
536 2693 648 2734 passim
664 2691 756 2723 etl'usa
773 2698 780 2728 ;
805 2694 867 2735 tum
882 2689 1096 2735 subcontumax

267 2752 302 2775 ac
318 2733 487 2783 impudens.
507 2733 727 2783 Nonnunquam
751 2733 885 2766 omnium
908 2733 1052 2783 benevole
1067 2738 1097 2765 et

268 2796 334 2819 cum
358 2778 502 2818 charitate
517 2782 729 2818 reminiscens,
758 2787 870 2819 eosque
885 2778 921 2809 ad
937 2787 970 2809 se
985 2787 1095 2819 provo-

266 2845 337 2868 cans
353 2846 361 2867 :
377 2834 452 2867 alias
471 2841 568 2874 neque
583 2831 662 2870 illos,
686 2837 783 2870 neque
809 2828 857 2874 qui
872 2835 974 2874 coram
987 2827 1094 2859 adsunt

268 2880 379 2913 intueri
391 2871 530 2911 sustinet:
564 2876 782 2915 Nonnunquam
811 2871 940 2913 denique
954 2875 1096 2904 contrusa

269 2925 302 2957 in
316 2934 349 2957 se
362 2926 458 2965 ipsam
470 2921 604 2962 undique
618 2924 648 2952 et
663 2918 748 2960 quasi
763 2917 796 2949 in
808 2916 953 2958 angustiis
965 2916 1095 2949 suﬂ‘oca-

1138 2651 1224 2698 taque
1252 2652 1282 2698 e_t
1310 2649 1451 2698 prudensz
1482 2651 1682 2698 expeditiquer
1698 2649 1840 2692 consilii;
1856 2663 1961 2686 rursus

1137 2692 1296 2733 aliquando
1312 2702 1400 2732 eaea,
1413 2693 1570 2735 aliquando
1583 2697 1822 2738 perspicax,acie
1833 2699 1910 2731 oculi
1924 2709 1959 2731 eo

1137 2747 1232 2784 usque
1247 2737 1313 2784 acri
1323 2738 1480 2784 acgvivida,
1496 2743 1528 2770 ut
1558 2740 1645 2771 etiam
1656 2737 1663 2738 ί
1675 2751 1770 2783 usque
1784 2743 1820 2774 ad
1835 2743 1959 2784 profun-

1137 2781 1511 2824 ditatemaltitudinemque
1518 2781 1959 2828 mysteriorum—contemplanda

1136 2830 1284 2868 penetret,
1301 2836 1377 2868 pene
1393 2827 1469 2859 ultra
1497 2837 1585 2869 quam
1611 2830 1769 2870 pervenire
1784 2827 1900 2863 homini
1914 2832 1960 2865 fas

1136 2875 1195 2923 est,
1210 2871 1287 2923 viam
1301 2871 1361 2923 sibi
1377 2882 1436 2923 per
1443 2873 1503 2904 vim
1532 2874 1690 2916 quamdam
1703 2875 1854 2923 aperiens.
1867 2876 1960 2910 Inter-

1139 2915 1211 2948 dum
1222 2916 1348 2958 simplex
1362 2920 1392 2949 et
1400 2916 1438 2950 ad
1449 2927 1569 2953 omnem
1578 2915 1839 2962 contemplationis
1845 2925 1958 2956 motum
