1982 3075
42 145 113 180 689

740 156 878 189 CAPITA
900 155 1083 189 MORALIA.

1691 154 1752 189 690

42 215 213 264 procincta
230 222 260 250 et
274 218 378 252 libera.
395 220 544 263 Septaque
569 224 674 254 eadem
691 231 726 255 ac
740 223 770 255 in
787 233 819 255 se
833 233 885 255 re-
896 227 917 253 A
928 233 987 264 quo
1003 223 1031 254 ei
1045 223 1138 254 semel
1154 222 1331 263 agglutinata
1339 221 1500 254 concrevit.
1513 221 1602 263 Cujus
1614 222 1646 253 in
1660 230 1747 254 coeno

41 259 156 305 ducta,
174 272 301 305 seseque
316 274 414 296 coram
426 259 608 298 ostentantes
623 267 768 299 malorum
784 268 883 300 illece-

41 302 122 352 bras
141 315 181 337 ne
195 302 355 340 attendens
367 310 488 350 quidem
503 315 554 342 aut
579 311 668 342 ullam
685 321 788 344 earum
804 313 884 352 cogi-

42 349 201 396 tationem
213 352 351 392 capiens:
365 349 409 385 sic
421 359 558 396 tanquam
572 365 692 396 prorsus
703 367 762 387 non
771 349 880 388 essent.

42 395 212 426 Interdum
224 406 292 429 vero
303 395 488 440 voluptatum?
496 395 640 441 imagines
650 401 744 432 varias
755 402 881 442 ﬁngens,

43 448 180 471 versans
191 443 420 487 etreciprocans
433 445 546 475 alterno
572 449 656 484 aestu,
669 455 762 487 seque
773 447 804 477 in
815 456 881 477 om-

46 493 124 532 nem
139 486 285 532 nequitiae
295 489 427 528 speciem
439 489 576 526 induens,
585 486 881 532 autpotiustanquam

44 529 177 560 ﬂamma
191 530 222 561 in
237 531 401 564 virentibus
416 534 504 573 lignis
519 544 535 565 a
553 529 648 565 multo
661 535 743 566 fumo
759 529 882 567 sulioca-

46 573 171 619 tionem
187 577 347 616 quamdam
372 579 498 619 patiens,
528 588 577 610 res
605 580 731 611 maxime
755 581 883 612 nefarias

46 618 134 649 ultro
151 619 323 660 designans,
341 631 399 653 non
425 624 520 654 solum
547 633 604 664 qua
631 624 747 664 objecta
762 625 884 656 invitant

47 664 248 710 occasionum
263 668 466 708 praesentium,
482 668 535 699 sed
551 668 686 699 absentia
696 669 782 700 etiam
799 679 882 710 qua:-

47 706 123 754 dam
141 710 245 754 procul
261 720 429 753 accersens,
448 706 563 754 sibique
578 714 741 746 admovens
755 706 844 745 stulta
855 718 883 745 et

48 751 174 784 fallacia
192 753 249 786 sibi
264 755 294 786 in
313 765 346 786 se
359 751 427 797 ipsa
438 751 583 789 deformat
599 758 679 789 idola
695 758 880 790 mendacium

49 797 282 837 cogitationum.
298 800 361 837 Qua
376 801 440 833 vice
464 812 564 833 rerum
593 813 655 842 cor,
673 803 743 835 licet
758 804 881 835 multum

48 850 181 881 gemens
198 848 227 874 et
240 844 391 877 reluctans
405 847 552 888 anxieque
567 852 746 886 contestans,
768 858 880 889 nequa-

925 268 983 300 sibi
996 268 1103 309 placet,
1128 268 1289 299 immundae
1318 268 1380 299 suis
1408 267 1502 299 instar
1529 267 1668 298 obscenis
1682 276 1749 298 sese

924 313 1039 353 gaudiis
1063 313 1243 352 immergere
1272 313 1462 353 volutareque
1481 312 1622 352 gestiens.
1652 311 1748 343 Nemo

924 359 1015 398 igitur
1025 358 1061 389 ad
1073 359 1136 389 haec
1144 368 1161 389 a
1173 357 1292 398 proprio
1307 366 1432 398 corpore
1443 357 1556 398 impelli
1566 366 1599 388 se
1612 357 1748 397 trahique

924 404 1073 443 opinetur.
1090 403 1154 434 Non
1168 403 1209 433 ita
1224 406 1281 434 est.
1300 402 1376 438 Quid
1387 401 1480 441 ergo?
1495 401 1651 433 commoda
1667 410 1749 433 men-

925 452 982 478 tem
999 451 1153 488 attentam,
1185 447 1268 478 tinvit
1295 446 1374 478 Deus
1402 447 1566 485 hominem,
1593 446 1748 487 pulvereo

924 496 1003 523 terra
1018 496 1147 532 sumpto.
1162 492 1205 523 En
1216 501 1269 530 ego
1287 491 1339 522 tibi
1354 491 1472 522 ostendi
1488 500 1606 532 corpus,
1624 491 1748 522 ostende

921 537 982 577 jam
1001 543 1031 568 et
1048 541 1078 568 tu
1094 536 1167 567 mihi
1196 545 1262 577 qua),
1285 535 1446 577 qualesque
1462 536 1699 577 perturbationes
1713 545 1747 567 ac

925 581 1102 621 cupiditates
1117 580 1146 611 in
1163 581 1228 621 ipso
1246 581 1316 618 sint,
1334 580 1464 621 profecto
1494 581 1604 612 nullam
1620 580 1747 611 demon-

924 630 1017 657 strare
1028 630 1123 666 potes.
1135 626 1212 663 Quid
1224 625 1354 657 deinde?
1374 626 1415 656 Et
1425 626 1589 666 insufflauit
1598 626 1632 656 in
1639 625 1748 665 faciem

922 672 987 709 ejus
999 672 1146 702 Dominus
1159 671 1253 709 Deus,
1268 675 1298 702 et
1306 670 1409 710 factus
1416 675 1459 702 est
1467 670 1556 702 homo
1568 673 1601 701 in
1611 671 1747 702 animum

923 715 1073 746 viventem
1088 716 1110 753 l,
1128 719 1157 746 et
1167 715 1295 746 surrexit
1315 724 1332 746 e
1348 719 1437 752 terra,
1455 719 1484 745 et
1499 715 1669 746 ambulabat
1683 715 1747 755 spi-

922 760 980 790 ritu
996 760 1111 792 scilicet
1125 760 1176 801 qui
1189 761 1252 801 jam
1268 760 1297 790 in
1314 760 1377 801 ipso
1393 763 1456 790 erat
1472 769 1524 800 pro
1540 764 1684 800 potestate
1699 769 1747 790 ar-

923 804 1073 845 bitrioque
1088 814 1141 836 suo
1157 809 1293 836 movente
1307 813 1425 844 corpus,
1449 804 1544 835 fomes
1559 813 1640 845 vero,
1657 804 1746 835 inde-

923 849 1306 890 liberatusirrationalisque
1314 853 1409 880 motus
1415 853 1598 880 secretarum
1606 849 1745 889 partium:

50 897 146 935 quam
156 898 190 920 se
201 890 404 930 acquiescere,
412 892 486 924 nihil
496 885 593 924 tamen
604 894 721 934 proﬁcit
729 885 764 925 ad
773 885 880 925 sedan-
895 885 912 909 Β
923 894 1208 935 furor,inquam,ille
1216 903 1249 925 ac
1255 885 1347 925 libido
1354 902 1540 935 nequaquam
1548 885 1746 932 adhiicerant,

50 931 122 979 dam
135 937 354 975 tempestatem,
368 942 556 979 mentemque
569 931 612 969 ab—
628 939 740 970 insanis
749 939 882 978 cogitatis

50 977 278 1012 deducendam.
294 979 330 1011 Et
344 981 407 1013 haec
422 977 542 1022 quidem
559 983 706 1015 hactenus
721 984 758 1014 de
771 977 882 1016 altera-

51 1022 306 1069 tionibusrmentis
319 1030 347 1057 et
368 1026 578 1059 intellectualis
596 1033 704 1060 nostra
718 1028 882 1069 diviuzeque

50 1067 174 1114 animat.
185 1068 256 1106 Qua:
267 1079 336 1102 vero
347 1072 523 1112 contingunt
533 1073 613 1104 circa
624 1082 732 1113 corpus
748 1067 882 1114 inaequa—

51 1111 165 1150 litates,
177 1115 310 1154 quamvis
317 1116 353 1147 ad
370 1111 603 1149 discernendum
616 1111 773 1156 notabiles,
784 1111 883 1158 cogni-

52 1161 149 1203 toque
164 1158 252 1190 nobis
268 1160 370 1192 faciles
397 1161 564 1200 videantur,
582 1172 767 1203 nequaquam
784 1167 881 1194 tamen

53 1201 129 1233 tales
144 1207 224 1236 sunt.
238 1204 332 1245 Hujus
347 1205 427 1236 enim
444 1206 538 1246 partis
554 1201 696 1248 pleraque
712 1207 809 1238 omnis
820 1208 882 1238 fere

54 1247 181 1292 mutatio
192 1257 209 1279 a
221 1253 324 1281 natura
337 1254 392 1281 est.
405 1251 512 1282 Nostra
522 1251 632 1292 quippe
648 1247 751 1283 anima
768 1252 879 1283 immu—

53 1291 156 1323 tabilis
169 1297 274 1325 natura
289 1295 512 1336 substantiaque
528 1300 583 1327 est.
598 1291 601 1292 ν
614 1295 758 1328 Similiter
783 1301 881 1328 autem

55 1340 85 1368 et
101 1346 188 1368 mens
204 1339 310 1370 eodem
325 1340 413 1371 modo
429 1344 458 1371 et
481 1340 652 1372 conditione
669 1345 782 1372 natura;
793 1342 881 1373 simul

55 1391 123 1429 cum
139 1384 206 1425 ipsa
221 1394 238 1415 a
253 1385 393 1417 Creatore
409 1387 498 1417 edita.
518 1386 587 1418 Sola
600 1392 726 1429 utraque
741 1387 881 1418 nimirum

55 1428 182 1460 arbitrio
199 1439 267 1461 sese
282 1440 404 1462 movens
419 1432 540 1472 proprio
553 1436 581 1463 et
596 1428 691 1464 libero
701 1433 815 1473 impetu
829 1442 882 1462 vo-

55 1473 181 1504 luntatis
204 1475 342 1506 virtutem
367 1476 503 1507 vitiumve
532 1478 720 1518 participans.
750 1477 811 1509 Hoc
838 1480 883 1508 est

923 939 974 970 sed
987 943 1050 970 erat
1062 939 1092 969 in
1104 939 1169 979 ipso
1180 940 1237 970 vita
1247 947 1373 970 concors
1383 938 1577 969 abintestinis
1588 938 1747 980 tranquilla.

923 983 1056 1014 dissidiis
1067 988 1096 1014 et
1106 983 1267 1015 individuze
1285 983 1493 1014 consensionis
1510 983 1669 1015 securitate
1677 983 1748 1015 felix

924 1031 1026 1059 status.
1042 1028 1202 1060 Videamus
1212 1028 1301 1069 igitur
1311 1037 1348 1059 ne
1364 1029 1438 1059 forte
1454 1037 1488 1059 eo
1503 1028 1580 1069 quod
1594 1037 1653 1059 non
1668 1032 1748 1060 esset

925 1073 1042 1111 mulier=
1055 1077 1106 1104 aut
1116 1073 1185 1114 quia
1194 1083 1252 1104 non
1262 1077 1325 1104 erat
1335 1077 1440 1113 praesto
1452 1073 1538 1113 copia
1545 1073 1681 1104 ciborum
1696 1082 1746 1105 sa-

925 1117 1011 1148 livam
1021 1118 1328 1155 moventium,idcirco
1334 1127 1432 1158 neque
1441 1117 1476 1148 ad
1485 1118 1639 1149 libidinem
1648 1128 1747 1159 neque

923 1162 959 1193 ad
973 1163 1070 1202 gulam
1088 1163 1176 1194 homo
1192 1168 1370 1194 moveretur.
1393 1162 1516 1199 Quando
1531 1162 1619 1202 igitur
1634 1163 1747 1203 produ-

923 1207 964 1238 xit
977 1208 1014 1238 de
1026 1208 1115 1238 humo
1131 1207 1208 1238 Deus
1222 1208 1346 1239 arbores
1361 1217 1449 1239 omne
1461 1215 1556 1248 genus
1565 1207 1743 1247 fructiferas,

925 1252 1077 1292 speciosas
1085 1251 1159 1289 visu,
1169 1256 1284 1291 gustatu
1296 1253 1419 1284 suaves?
1438 1251 1561 1288 Quando
1572 1261 1642 1283 vero
1651 1252 1746 1283 Adam

923 1301 952 1327 et
968 1297 1027 1328 Eva
1040 1296 1110 1327 nudi
1126 1297 1213 1328 simul
1242 1301 1325 1328 erant
1352 1297 1383 1328 in
1412 1297 1549 1338 paradiso
1565 1306 1621 1328 nec
1635 1297 1746 1328 erube-

924 1341 1046 1373 sccbant
1060 1342 1075 1367 2
1088 1343 1104 1372 ‘I
1120 1342 1209 1373 Vides
1225 1351 1322 1383 neque
1349 1342 1427 1382 quod
1458 1346 1537 1373 esset
1550 1341 1608 1373 Eva
1623 1342 1744 1381 l'emina,

923 1395 979 1417 nec
993 1388 1072 1427 quod
1085 1387 1182 1418 nudus
1192 1391 1317 1427 uterque
1329 1387 1420 1418 ullum
1434 1387 1608 1428 cujusquam
1623 1386 1743 1417 illorum

923 1431 1113 1462 continentia:
1125 1431 1314 1471 dispendium
1331 1440 1396 1462 esse
1424 1430 1566 1462 oblatum.
1583 1430 1642 1462 Sed
1656 1440 1745 1472 quam

923 1474 995 1505 libet
1008 1475 1090 1514 nudi,
1107 1475 1201 1506 mutui
1217 1479 1311 1506 tactus
1327 1475 1509 1516 experientia
1533 1475 1685 1507 carebant.
1701 1476 1745 1508 Ac

57 1518 136 1559 quod
151 1519 218 1550 aliis
233 1520 334 1551 verbis
344 1521 404 1551 dici
417 1521 503 1560 solet,
517 1516 593 1553 lucis
604 1516 669 1553 illas
683 1527 731 1554 aut
743 1523 880 1554 tenebra-
891 1516 911 1542 C
925 1528 1020 1560 neque
1036 1521 1096 1551 ulla
1112 1519 1333 1561 perturbatione
1350 1520 1481 1560 pudoris,
1495 1529 1592 1561 neque
1603 1521 1746 1552 naturalis

57 1572 123 1594 rum
141 1572 196 1604 pro
211 1564 334 1596 arbitrio
352 1565 506 1597 electionis
534 1576 595 1597 sua:
610 1567 880 1608 participandarum

57 1610 257 1639 communiter
270 1609 300 1640 in
330 1620 418 1641 omne
445 1620 538 1642 aevum
567 1612 702 1643 dominas
717 1616 746 1643 et
757 1622 880 1653 capaces

57 1662 91 1684 ac
106 1653 190 1694 quasi
206 1653 340 1685 haeredes
355 1656 539 1686 constitutas.
567 1656 684 1695 Anima,
702 1657 833 1698 inquam,
851 1662 880 1688 et

58 1707 142 1729 mens
156 1698 243 1729 alteri
258 1699 377 1737 horum,
394 1705 425 1731 ut
440 1700 554 1731 dictum
581 1704 639 1738 est,
655 1701 777 1733 arbitrio
791 1702 876 1733 dele-

57 1745 119 1773 ctus
131 1745 161 1773 et
176 1743 342 1775 voluntaria
357 1745 525 1776 adhaesione
540 1745 663 1777 aﬂ‘ectus
678 1745 766 1776 liberi
780 1746 876 1784 aﬂixa,

57 1787 214 1828 siquidem
245 1788 335 1827 bono,
366 1789 452 1821 bona;
479 1790 579 1828 ﬁunt;
608 1790 654 1821 sin
671 1794 769 1821 autem
787 1791 876 1829 malo,

57 1833 140 1864 mala;
156 1833 294 1866 evadunt.
317 1835 355 1865 At
375 1844 483 1875 corpus
500 1839 530 1866 et
544 1839 648 1866 natura
663 1835 815 1873 mutabile,
831 1840 878 1866 ut-

57 1881 124 1919 pote
137 1879 333 1918 compositum
351 1883 380 1910 et
394 1880 558 1911 substantia
572 1881 694 1919 ﬂuxum,
709 1884 739 1911 ut
753 1881 831 1921 quod
843 1890 877 1911 ex

58 1923 179 1954 materia
189 1923 375 1964 corruptibili
386 1925 521 1966 ﬂuxaque
532 1929 658 1963 constet,
671 1926 878 1957 commistione

57 1971 107 1999 aut
117 1968 392 2008 contemperatione
403 1971 560 2001 conﬂatum
574 1970 790 2001 contrariorum
804 1971 879 2002 invi-

58 2022 132 2044 cem.
142 2012 183 2044 Ex
195 2013 291 2044 calido
303 2014 448 2054 siquidem
462 2018 490 2046 et
501 2015 619 2056 frigido,
634 2019 665 2046 ut
686 2015 787 2046 talium
803 2025 877 2047 con-

57 2057 125 2088 sulti
139 2066 209 2090 vere
220 2057 334 2099 dicunt,
353 2068 448 2100 exque
464 2059 543 2091 sicco
558 2063 647 2101 atque
662 2060 785 2091 humido
801 2060 874 2092 sub-

56 2101 159 2133 stantia
173 2102 238 2142 ejus
253 2107 308 2135 est.
328 2103 472 2135 Ceterum
484 2104 582 2145 ipsum
597 2113 652 2145 per
665 2104 796 2145 seipsum
815 2105 876 2136 ele-

57 2147 153 2179 ctione
165 2147 350 2188 arbitrioque
364 2158 480 2180 cassum
510 2154 566 2186 est,
597 2151 656 2180 imo
673 2150 698 2181 si
714 2150 873 2181 dicendum

58 2196 112 2232 est,
131 2195 159 2223 et
186 2196 294 2224 motu:
324 2193 380 2225 nisi
410 2193 436 2224 si
460 2194 527 2234 quis
555 2194 751 2226 caducitatem
769 2196 834 2236 ejus
849 2199 878 2226 et

59 2238 166 2268 ﬂuxum
182 2237 211 2268 in
228 2238 449 2278 corruptionem
481 2243 591 2270 motum
620 2240 792 2271 substantia;
813 2241 878 2280 ejus

60 2282 220 2313 naturalem
232 2283 390 2323 quemdam
403 2283 521 2321 dixerit,
539 2284 589 2324 qui
605 2284 705 2325 utique
721 2285 878 2316 irrationa-

60 2326 96 2358 lis
110 2330 162 2357 est.
177 2326 208 2358 Si
219 2331 316 2358 autem
332 2327 520 2366 irrationalis,
537 2333 566 2359 et
580 2329 673 2370 culpa:
689 2339 806 2370 expers,
822 2339 878 2361 ne-

61 2380 116 2413 que
130 2371 273 2403 obnoxius
290 2372 340 2403 Dei
363 2372 490 2413 judicio.
518 2372 625 2405 Fomes
639 2384 720 2412 vero,
738 2375 879 2415 concupi-

61 2417 180 2458 scentia,
213 2417 317 2457 libido,
350 2418 497 2458 voluptas,
527 2418 605 2459 gula,
635 2418 877 2460 intemperantia,

60 2461 264 2503 somnolentia,
293 2462 422 2500 desidia,
453 2462 539 2493 luxus
565 2463 688 2495 vestium
716 2471 744 2494 et
770 2463 880 2494 similia

61 2506 164 2547 omnia,
182 2516 248 2547 quae
264 2507 397 2548 plerique
420 2507 537 2548 corpori
563 2508 720 2548 imputant,
739 2513 874 2550 tanquam

61 2552 88 2583 id
99 2552 128 2583 in
138 2561 172 2583 ea
182 2552 304 2591 feratur,
318 2562 376 2583 non
388 2557 455 2582 sunt
467 2557 564 2584 tamen
573 2553 638 2593 ejus
650 2554 769 2595 propria
781 2553 875 2594 ;quod

61 2601 176 2638 apparet
190 2597 220 2627 in
238 2601 344 2637 morte,
361 2597 478 2638 quando
493 2602 608 2629 remota
622 2598 721 2630 anima
732 2599 876 2638 nihil-ho-

62 2651 122 2673 rum
138 2651 245 2682 corpus
260 2642 380 2682 appetit.
395 2641 508 2673 Animae
520 2642 609 2682 igitur
622 2653 674 2684 per
685 2653 793 2684 organa
808 2652 878 2675 cor-

65 2686 139 2727 poris
153 2686 203 2718 isti
220 2691 316 2717 motus
331 2690 411 2717 sunt.
436 2686 504 2717 Haec
519 2687 570 2718 illa
585 2687 642 2718 sibi
658 2687 802 2728 indulget,
816 2688 879 2719 haec

64 2730 167 2772 appetit
181 2730 304 2762 delinita
318 2730 542 2762 necessitudine
566 2731 718 2764 lutulentae
731 2733 830 2764 carnis
845 2742 880 2764 ex

100 2841 111 2864 ί
133 2839 207 2874 Gen.
224 2849 258 2880 ιι,
274 2841 305 2872 7.
347 2840 364 2868 2
383 2841 458 2873 Ibid.
474 2842 524 2874 25.
567 2842 584 2867 ὅ
598 2841 676 2875 Gen.
693 2850 733 2875 Iv.
749 2844 780 2881 Ι,

922 1564 1097 1605 corporibus
1126 1564 1288 1605 pruriginis
1316 1565 1437 1596 stimulo
1477 1564 1678 1598 tentabantnr.
1707 1568 1747 1599 At

923 1613 988 1649 post
1000 1613 1154 1649 peccatum
1166 1609 1480 1649 ettransgressionem,
1488 1609 1593 1650 ejectis
1600 1609 1745 1642 ambobus

922 1664 937 1684 e
948 1653 1097 1694 paradiso,
1111 1655 1232 1693 Deoque
1243 1654 1372 1692 nudatis,
1384 1653 1542 1695 divinaque
1552 1654 1618 1694 ejus
1632 1655 1745 1687 exclusi

921 1699 1025 1738 gloria,
1042 1703 1104 1730 tum
1120 1698 1254 1739 demum,
1270 1702 1300 1729 ut
1315 1699 1460 1739 scriptum
1476 1702 1535 1730 ‘est
1548 1699 1576 1737 3,
1605 1700 1745 1740 cognovit

919 1743 1015 1775 Adam
1030 1752 1153 1774 uxorem
1170 1752 1254 1774 suam
1268 1752 1334 1784 quae
1347 1743 1484 1784 concepit
1499 1747 1528 1774 et
1542 1744 1665 1784 peperit.
1682 1744 1744 1784 Igi-

922 1792 977 1824 tur,
995 1787 1179 1825 charissima,
1196 1788 1222 1818 si
1235 1787 1328 1818 Deum
1353 1788 1470 1819 sincere
1496 1788 1642 1819 amaveris
1657 1792 1686 1820 et
1701 1793 1743 1827 tu,

920 1836 950 1862 et
963 1832 993 1862 in
1009 1833 1074 1872 ejus
1090 1832 1250 1863 dilectione
1265 1832 1423 1870 manseris,
1449 1833 1530 1864 nulla
1544 1833 1598 1864 tibi
1612 1843 1743 1874 unquam

922 1876 1104 1917 perturbatio
1113 1876 1325 1917 dominabitur,
1336 1886 1391 1908 nec
1403 1881 1432 1908 te
1441 1877 1496 1909 sub
1508 1877 1651 1909 ditionem
1658 1887 1743 1910 suam

919 1931 1068 1962 corporea;
1085 1921 1269 1954 necessitatis
1285 1922 1414 1963 tyrannis
1442 1931 1571 1963 unquam
1588 1923 1649 1954 ulla
1662 1923 1744 1955 redi-

919 1973 980 2007 get.
997 1967 1254 2004 Quemadmodum
1267 1968 1347 1998 enim
1362 1968 1399 1999 ad
1415 1968 1490 1999 nihil
1506 1977 1616 2009 corpus
1631 1971 1746 2003 moveri

920 2015 1016 2050 potest
1039 2011 1104 2042 sine
1119 2012 1238 2042 anima:
1261 2011 1305 2042 sic
1320 2021 1418 2052 neque
1433 2011 1494 2043 Deo
1509 2012 1592 2043 unita
1604 2021 1657 2053 per
1672 2013 1744 2044 cha-

919 2057 1035 2086 ritatem
1047 2056 1145 2086 anima
1159 2056 1229 2086 inde
1245 2056 1352 2087 abduci
1367 2056 1427 2087 ulla
1443 2057 1470 2087 vi
1493 2061 1591 2097 potest
1604 2057 1641 2088 ad
1657 2057 1744 2088 volu-

918 2105 1010 2141 ptates
1025 2101 1242 2141 cupiditatesve
1253 2110 1421 2141 corporeae.
1434 2101 1492 2132 Sed
1506 2111 1603 2142 neque
1617 2101 1654 2132 ad
1669 2101 1743 2133 alias

920 2146 1177 2186 concupiscentias
1189 2145 1306 2186 quasvis
1317 2145 1476 2176 visibilium
1488 2150 1537 2177 aut
1548 2145 1743 2177 invisibilium

920 2201 1019 2222 rerum
1033 2197 1086 2222 aut
1100 2192 1248 2228 vitiorum,
1267 2195 1385 2222 tenetur
1400 2191 1480 2222 enim
1507 2191 1647 2222 astrictus
1663 2191 1744 2222 dulci

920 2236 974 2267 Dei
990 2236 1133 2267 charitate
1148 2236 1278 2276 impetus
1293 2236 1392 2267 cordis
1404 2237 1480 2276 ejus.
1493 2235 1546 2267 Illa
1558 2236 1648 2276 igitur
1658 2235 1745 2268 Crea-

922 2281 1007 2319 toris,
1024 2286 1055 2311 ut
1067 2281 1178 2311 dictum
1195 2284 1250 2319 est,
1267 2281 1314 2312 sui
1329 2281 1487 2321 complexu
1502 2280 1674 2319 constricta,
1691 2290 1746 2321 age

920 2336 978 2367 qua
989 2326 1108 2357 tandem
1121 2326 1235 2356 ratione
1247 2329 1334 2366 queat
1345 2326 1480 2367 corporei
1500 2326 1611 2358 fomitis
1626 2326 1746 2357 ﬂamma

921 2371 1043 2412 corripi,
1060 2374 1112 2401 aut
1126 2370 1248 2401 omnino
1271 2370 1421 2411 cupidinis
1450 2371 1538 2402 ullius
1554 2370 1685 2402 carnalis
1699 2370 1746 2401 af-

921 2416 1010 2448 fectui
1027 2415 1195 2456 mancipare
1224 2425 1404 2447 consensum
1432 2426 1530 2457 suum,
1558 2416 1638 2447 nullo
1663 2419 1744 2447 certo

921 2461 1019 2492 modo.
1037 2460 1121 2497 Quod
1138 2470 1207 2492 vero
1223 2462 1402 2492 mutationes
1430 2461 1496 2492 illas
1510 2461 1615 2492 attinet
1628 2469 1694 2502 qua;
1709 2470 1746 2492 ex

920 2506 1046 2537 naturali
1074 2505 1246 2536 conditione
1275 2505 1410 2545 corporis
1438 2505 1607 2537 necessario
1634 2505 1664 2536 in
1679 2505 1745 2545 ipso

918 2551 1076 2590 exsistunt,
1092 2559 1135 2581 ea;
1149 2559 1220 2581 sane
1245 2549 1408 2581 manifesta;
1436 2555 1516 2588 sunt,
1540 2550 1648 2582 cadunt
1663 2550 1745 2581 enim

918 2604 1003 2636 atque
1018 2594 1048 2625 in
1074 2604 1180 2626 omnes
1208 2595 1296 2626 etiam
1329 2598 1459 2633 sanctos,
1488 2594 1648 2636 aliquando
1663 2594 1745 2625 enim

920 2641 997 2672 bene
1007 2640 1106 2671 valere
1116 2639 1224 2670 dicitur
1233 2648 1300 2670 cum
1312 2639 1415 2680 primae
1438 2639 1596 2680 qualitates
1609 2638 1746 2670 inducias

919 2689 1019 2726 agunt,
1035 2685 1192 2726 aliquando
1208 2686 1238 2715 in
1253 2683 1390 2715 morbum
1415 2684 1504 2722 trahi,
1520 2683 1636 2725 quoties
1650 2692 1743 2714 unum

921 2729 1082 2772 quodpiam
1098 2739 1132 2761 ex
1162 2733 1286 2770 quatuor
1315 2729 1472 2761 elementis
1498 2733 1549 2760 aut
1563 2736 1746 2769 exsuperans
