1982 3075
232 156 289 191 691

885 156 1078 190 smuoms
1096 154 1273 198 murenis

1872 153 1942 187 692

231 223 438 261 abundaverit,
454 223 664 256 autiuﬁrmius
684 223 716 255 in
737 223 869 256 minores
883 234 970 266 quam
985 227 1158 264 pro-Aque
1180 223 1245 264 ipso
1269 227 1352 265 aptas
1378 228 1407 255 et
1434 232 1597 266 suspensas
1622 222 1797 254 habeamus.
1813 221 1940 253 Verum

232 269 332 309 portio
349 269 576 309 temperamenti
591 269 726 310 requirit,
744 270 790 301 sui
804 269 899 310 ipsius
915 268 1056 309 reliquias

232 312 387 353 defecerit,
404 313 484 354 quod
500 314 640 345 nimirum
665 318 716 345 aut
730 314 829 355 ipsum
845 323 935 354 supra
950 316 1057 345 caetera

232 358 419 398 prwvalueﬁt
436 369 442 389 :
461 363 512 390 aut
537 359 610 400 ipsis
627 361 656 391 in
681 369 714 390 se
740 359 963 398 insurgentibus
977 357 1055 389 resi-

232 402 339 434 stendo
355 402 452 444 impar
467 404 647 435 succuberit.
659 404 703 436 Ex
713 404 823 445 quibus
840 403 1056 435 destillationes

232 447 438 490 ﬂuxionesque
455 449 612 488 exsistunt,
639 453 670 482 et
693 454 892 480 extremarum
909 448 1058 480 interdum

231 492 360 534 partium
384 495 613 526 resecandarum
643 495 831 526 necessitas:
863 498 892 525 et
919 493 1059 524 videlicet

230 537 367 569 animalis
383 539 533 570 interdum
548 540 637 571 totius
665 539 826 580 corruptio,
857 539 932 570 nihil
960 548 995 569 ex
1011 538 1059 569 his

233 581 406 614 detrimenti
420 584 558 625 capiente
573 588 674 615 nostra
696 584 805 615 anima.
837 583 982 620 Quoniam
998 582 1060 623 ple-

231 634 300 657 rare
315 627 421 659 horum
437 638 472 659 ex
498 628 727 669 intemperantia
751 628 811 659 cibi
826 632 971 669 potusque
987 636 1058 667 pro-

231 672 377 703 veniunt:
396 682 560 714 eorumque
575 682 611 704 ex
634 673 792 714 indigesta,
819 673 956 713 maleque
971 671 1060 702 mista

233 720 263 747 et
278 716 417 757 congesta
432 718 527 759 copia.
549 718 689 754 Quaedam
717 723 815 749 tamen
829 722 926 749 ortum
946 717 1059 749 habent

233 770 270 793 ex
283 766 438 794 ventorum
454 763 617 794 mutatione
647 768 734 804 atque
761 763 850 801 aeris,
868 772 938 803 quo,
955 766 1058 802 utpote

233 811 339 838 natura
353 807 474 848 frigido,
490 808 583 847 frigus
611 808 786 849 saepiuscule
802 807 989 848 concipiente
1005 816 1057 838 so-

232 851 286 883 lito
302 853 408 893 majus,
425 863 491 894 quae
518 853 680 894 frigidioris
707 857 820 884 naturae
834 856 904 884 sunt
917 852 1055 883 imbecil—
1069 867 1088 892 Β

233 895 311 928 liora
321 897 437 929 scilicet
452 898 537 930 ﬁunt.
555 898 628 934 Quae
643 907 713 929 vero
728 897 817 929 calidi
829 897 1058 938 temperamenti

234 945 313 982 sunt,
334 942 502 974 robustiora
517 943 735 983 vegetioraaue.
763 942 835 974 Cum
864 952 936 974 vero
951 951 1057 973 rursus

233 985 350 1017 fervore
365 987 581 1019 vehementiori
594 997 646 1018 aer
659 987 857 1025 incanduerit,
875 986 980 1027 frigida
994 987 1058 1027 qui—

233 1030 303 1062 dem
318 1032 491 1064 refoventur
504 1036 534 1063 et
546 1032 632 1073 quasi
646 1032 846 1063 reviviscunt:
876 1036 907 1062 ut
922 1031 1056 1063 videmus

233 1074 271 1106 ad
286 1076 379 1107 solem
395 1086 525 1116 muscas,
542 1081 572 1108 et
585 1077 615 1108 id
631 1086 724 1116 genus
746 1076 871 1114 insecta,
887 1077 986 1116 vigere
999 1084 1055 1106 νο·-

233 1119 378 1161 litareque
393 1121 472 1152 vitali
488 1125 590 1160 tepore
602 1121 771 1153 collustrata
781 1125 811 1152 et
822 1121 940 1152 confota
955 1120 1056 1152 radio-

233 1173 300 1196 rum
317 1166 393 1206 ejus,
410 1166 535 1198 valentia
546 1167 608 1207 jam
625 1171 655 1198 et
669 1170 789 1197 strenua
816 1166 852 1197 ad
868 1175 988 1197 omnem
1002 1175 1056 1197 ex-

234 1210 328 1250 pediti
341 1216 439 1243 motus
454 1211 565 1242 micare
580 1211 759 1242 facultatem.
783 1210 892 1242 Contra
908 1219 978 1242 vero
992 1220 1058 1251 quae

235 1254 410 1286 calidiorem
426 1256 646 1287 concretionem
662 1255 774 1287 habent
801 1264 922 1296 prorsus
936 1255 1056 1286 inﬂam-

235 1303 354 1331 mantur
370 1304 398 1332 et
408 1299 565 1341 liquefacta
573 1301 778 1332 resolvuntur:
794 1303 882 1341 atque
890 1300 925 1330 ad
937 1309 1056 1331 omnem

235 1344 383 1376 actionem
395 1355 428 1377 ac
441 1350 553 1376 motum
570 1345 680 1386 pariter
693 1345 844 1376 imbecilla
858 1345 932 1376 ﬁunt
946 1349 976 1376 et
990 1345 1057 1376 lan-

236 1390 335 1431 guida.
349 1390 490 1430 Adeoque
501 1390 531 1421 in
543 1390 713 1421 universum
725 1399 908 1430 unaquaeque
919 1399 968 1421 res
973 1390 1058 1430 juxta

237 1435 462 1475 proportionem
481 1434 706 1475 temperamenti
738 1434 850 1475 proprii
877 1434 907 1464 in
923 1434 1012 1471 aeris,
1029 1437 1058 1464 et

1098 268 1249 300 enimvero
1263 278 1322 300 non
1334 270 1396 300 haec
1408 279 1511 300 omnes
1522 269 1703 308 intelligunt.
1713 267 1770 300 Sed
1777 267 1939 299 animales

1098 313 1218 353 quidem
1233 314 1428 345 alterationes
1455 323 1490 345 ac
1519 313 1696 344 mutationes
1724 311 1863 352 corporis
1881 311 1939 352 qui

1099 358 1217 398 paulum
1234 358 1312 389 ultra
1327 358 1475 399 principia
1490 358 1685 399 aliquousque
1699 357 1729 388 in
1745 356 1869 388 virtutis
1885 355 1939 386 via

1098 407 1320 443 processerunt,
1345 412 1398 444 per
1424 407 1520 444 partes
1549 403 1653 433 horum
1682 401 1781 442 aliqua
1796 401 1936 441 quisque

1098 447 1251 479 sentiunt:
1269 453 1355 488 prout
1381 448 1495 479 scilicet
1522 447 1553 478 in
1583 447 1655 487 ipsis
1686 446 1750 477 fieri
1767 445 1933 486 quidpiam

1098 491 1266 531 contigerit.
1283 492 1326 523 De
1340 492 1377 523 iis
1392 493 1470 523 enim
1486 492 1537 533 qui
1563 491 1616 522 toti
1630 491 1728 522 adhuc
1743 490 1773 521 in
1788 489 1935 521 tenebris

1095 535 1206 576 jacent,
1220 537 1320 567 nullus
1330 537 1416 568 nobis
1432 546 1542 568 sermo.
1560 536 1734 567 Mutationes
1746 539 1846 566 autem
1859 543 1934 576 quae

1098 581 1130 611 in
1146 584 1246 612 mente
1261 582 1417 619 exsistunt,
1434 587 1467 612 ut
1491 581 1630 619 diximus,
1657 585 1687 612 et
1701 579 1935 611 vicissitudines

1099 625 1154 656 soli
1170 626 1427 666 perturbationum
1442 627 1567 658 victores
1596 625 1781 667 perfectique
1797 627 1826 655 et
1843 623 1932 664 puri,

1099 670 1244 710 expeditae
1263 671 1341 702 vitiis
1356 671 1465 703 animae
1480 675 1509 702 et
1523 671 1690 702 libertatem
1706 669 1813 700 virtute
1829 671 1933 699 nacta:

1100 723 1273 756 perspectas
1282 716 1398 747 scilicet
1409 716 1577 748 habuerint.
1590 715 1693 756 Neque
1703 714 1735 746 id
1751 713 1809 755 ipsi
1825 723 1863 745 ex
1880 722 1930 754 se,

1101 759 1153 791 sed
1168 760 1234 800 ejus
1247 761 1331 801 cujus
1352 765 1431 798 sunt,
1459 761 1569 802 quique
1598 761 1665 792 illos
1692 764 1724 791 ut
1738 768 1808 791 suos
1824 761 1927 795 curat,

1098 805 1284 837 institutione
1297 805 1388 844 docti,
1402 805 1619 847 Nonnunquam
1631 805 1781 846 siquidem
1793 813 1829 835 ex
1844 803 1928 834 inae-

1100 850 1288 890 qualitatibus
1297 860 1363 891 quae
1373 851 1499 882 subinde
1511 856 1641 882 mentem
1654 849 1847 890 interpolant,
1859 847 1928 879 ani-

1099 904 1147 925 ma
1161 899 1327 927 coarctatur
1341 900 1504 937 mcestaque
1520 897 1562 934 fit,
1591 896 1734 927 afﬂuente
1749 893 1837 934 paulo
1853 895 1928 923 ante

1098 939 1204 979 gaudio
1214 944 1337 980 repente
1347 941 1476 972 multata.
1484 940 1697 972 Verumtamen
1704 939 1811 970 virtute
1820 943 1926 973 utens,

1098 988 1299 1025 conatumque
1309 985 1482 1024 Intendens,
1490 986 1625 1026 emergit,
1639 989 1668 1016 et
1679 987 1808 1015 mentem
1820 982 1925 1022 erigit,

1097 1029 1169 1061 Vice
1182 1039 1268 1061 versa
1276 1039 1488 1071 nonnunquam
1501 1041 1535 1062 ex
1549 1031 1586 1062 iis
1598 1039 1662 1070 quia
1682 1028 1792 1070 patitur
1806 1027 1923 1064 anima,

1098 1079 1276 1115 propagatur
1290 1076 1456 1116 compassio
1481 1076 1511 1106 in
1540 1080 1683 1112 mentem,
1713 1083 1778 1115 quae
1802 1077 1831 1104 et
1856 1072 1926 1112 ipsa

1098 1127 1188 1150 sensu
1197 1119 1354 1151 involvrtur
1364 1120 1509 1151 malorum
1521 1120 1597 1160 ejus,
1614 1123 1643 1150 et
1658 1122 1745 1149 nocte
1760 1117 1924 1157 ingruente

1098 1164 1186 1195 veluti
1197 1173 1349 1205 oppressa,
1362 1165 1487 1197 subesse
1499 1165 1620 1206 quidem
1634 1163 1767 1195 tenebris
1782 1161 1921 1201 cogitur;

1099 1219 1159 1240 non
1167 1210 1329 1250 acquiescit
1341 1214 1451 1248 tamen,
1465 1211 1516 1242 sed
1529 1210 1627 1241 lucem
1637 1209 1681 1240 vel
1688 1208 1828 1239 amissam
1837 1207 1922 1237 omni

1098 1255 1246 1296 viquaerit,
1258 1255 1305 1286 vel
1317 1255 1484 1287 elabentem
1496 1258 1623 1286 retentat
1636 1253 1803 1285 mordicus:
1817 1260 1854 1282 ex
1863 1259 1924 1296 qua

1098 1295 1247 1331 interdum
1253 1300 1358 1331 victrix
1364 1300 1537 1331 auxiliarem
1544 1308 1664 1340 quoque
1677 1297 1793 1329 radium
1808 1296 1841 1327 in
1852 1295 1922 1326 ani-

1099 1353 1176 1375 mam
1190 1345 1288 1375 mittit.
1302 1345 1382 1376 Alias
1392 1354 1426 1376 ex
1443 1343 1579 1386 inaequali
1597 1352 1699 1375 rursus
1713 1341 1922 1386 vicissitudine

1098 1389 1281 1421 habitudinis
1289 1390 1423 1431 corporis
1434 1384 1560 1430 utraque
1569 1393 1699 1426 vexatur,
1712 1391 1741 1419 at
1750 1386 1834 1431 quasi
1850 1384 1920 1416 sub-

1094 1434 1236 1474 jugantur
1260 1430 1350 1474 gravii
1367 1434 1532 1475 tyrannide.
1556 1434 1773 1473 Nonnunquam
1790 1430 1920 1461 obsessae

235 1484 390 1511 ventorum
407 1479 579 1517 mutatione,
597 1479 788 1510 mutationem
811 1479 945 1519 suscipit.
961 1480 1054 1510 Coete-
1067 1492 1086 1518 α
1100 1479 1169 1510 licet
1183 1479 1354 1520 circumque
1370 1483 1544 1520 oppugnata:
1555 1479 1694 1518 exterius,
1711 1476 1782 1508 belli
1797 1475 1919 1517 quidem

235 1534 301 1556 rum
319 1528 425 1565 praeter
438 1525 501 1556 haec
515 1533 580 1564 qua;
596 1523 724 1554 diximus
739 1523 796 1554 alia
822 1530 866 1554 est
892 1524 981 1554 etiam
996 1523 1059 1554 ani-

237 1569 382 1600 mantium
397 1569 517 1610 propria
532 1568 666 1608 mutatio,
681 1577 746 1609 quae
773 1568 820 1599 vel
836 1578 874 1599 ex
890 1568 987 1599 cibatu
1004 1577 1057 1608 po-

238 1620 329 1655 tuque
344 1613 449 1651 nimio,
460 1613 505 1644 vel
522 1623 556 1644 ex
567 1613 682 1654 jejunio
694 1622 810 1644 summo
820 1613 945 1645 exsistit.
956 1613 1059 1653 Neque

236 1660 300 1691 haec
315 1658 422 1697 solum,
439 1658 492 1689 sed
508 1658 596 1689 etiam
612 1667 647 1689 ex
662 1658 755 1689 multo
770 1667 875 1689 somno
902 1663 952 1689 aut
965 1658 1057 1689 multa

235 1704 347 1744 vigilia,
364 1713 398 1734 ex
414 1703 516 1734 labore
540 1708 591 1734 aut
617 1703 732 1735 desidia
761 1712 904 1743 corporea
919 1703 952 1733 ﬁt
967 1703 1056 1734 etiam

235 1749 294 1780 alia
305 1748 440 1789 quaedam
463 1748 587 1779 mutatio
602 1747 633 1778 in
649 1748 745 1779 nobis.
762 1748 830 1779 Alia
840 1757 942 1779 rursus
957 1757 992 1779 ex
1007 1749 1057 1779 in-

236 1794 396 1826 exsistente
411 1792 530 1833 corpori
559 1793 683 1824 materia
708 1796 737 1823 et
763 1792 888 1823 naturali
916 1793 948 1824 in
972 1793 1059 1824 nobis

235 1838 333 1869 calido
349 1841 496 1869 commoto
513 1836 626 1868 exsistit
641 1837 732 1868 motio
744 1837 929 1877 evaporantis
939 1847 1058 1869 sursum

235 1883 345 1915 fumosi
367 1881 511 1918 incendii,
527 1886 559 1912 ut
583 1882 615 1912 tit
644 1891 711 1912 cum
738 1891 815 1922 aqua
845 1891 936 1922 super
951 1883 1059 1923 injecta

236 1927 481 1969 prunaaardentes
491 1925 792 1967 existinguuntur,qui
802 1936 892 1967 vapor
902 1927 1059 1968 aliquando

236 1974 267 2005 in
280 1973 374 2004 solum
386 1975 487 2012 caput,
498 1971 657 2012 aliquando
667 1975 725 2002 toto
736 1981 860 2012 corpore
872 1972 1057 2005 diffunditur.

236 2020 334 2058 Super
348 2018 412 2049 haec
427 2016 527 2048 omnia
541 2025 623 2057 vero,
639 2016 695 2047 alia
724 2026 827 2048 rurSus
855 2024 908 2056 est,
925 2019 1057 2057 permis-

236 2064 320 2094 sione
335 2062 406 2094 boni
421 2061 516 2093 nostri
532 2061 588 2092 Dei
603 2065 633 2092 et
655 2061 785 2099 Domini,
802 2062 943 2102 ingruens
958 2062 988 2093 in
1005 2072 1058 2093 nos

236 2119 254 2140 a
268 2106 453 2140 daemonibus
470 2106 506 2137 ad
521 2106 720 2137 eruditionem
737 2110 766 2137 et
780 2106 938 2138 salutarem
954 2116 1057 2138 corre-

237 2153 378 2192 ctionem,
396 2151 530 2182 tentatio.
548 2150 648 2186 Qualis
663 2160 731 2181 vera
758 2151 821 2181 haec
845 2158 890 2182 est
908 2160 915 2189 ;
932 2152 1057 2192 gravedo

236 2198 301 2238 ipsa
316 2196 451 2236 corporis
466 2202 496 2226 et
512 2204 548 2226 ex
564 2195 692 2226 maxime
704 2195 895 2226 terrestribus
907 2206 942 2227 ac
950 2197 1059 2228 crassis

237 2243 301 2282 ejus
314 2240 429 2273 fecibus
457 2240 626 2271 lentescens
652 2244 754 2280 torpor
783 2240 918 2271 tristitiae.
936 2241 1059 2278 Quando

237 2286 327 2318 etiam
348 2285 413 2317 sine
428 2294 503 2316 nova
529 2289 691 2325 appareute
721 2295 808 2316 causa
835 2286 865 2316 in
882 2295 999 2326 pmnam
1018 2286 1058 2316 ti-

239 2331 393 2362 tillationis
420 2332 509 2361 unius
539 2338 621 2360 vanae
649 2330 792 2369 gloriolae,
837 2330 884 2361 cui
914 2330 989 2362 forte
1016 2330 1060 2361 in-

238 2375 420 2407 dulserimus
434 2382 613 2405 consensum
629 2379 682 2406 aut
707 2374 988 2406 detectatiunculam
1004 2385 1058 2406 vo—

238 2420 409 2454 luntariam.
439 2422 489 2450 aut
529 2418 609 2459 quod
647 2419 678 2449 in
716 2419 887 2460 superbiam
918 2420 987 2451 elati
1016 2420 1059 2450 si-

238 2474 316 2505 mus,
332 2464 471 2504 quodque
488 2463 524 2494 de
539 2462 605 2494 aliis
632 2469 746 2495 temere
757 2464 903 2504 judicium
921 2465 1060 2506 praecipi-

241 2509 412 2545 taverimus,
428 2508 479 2549 qui
496 2509 656 2539 multorum
685 2509 876 2549 quotidianus
891 2514 935 2540 est
948 2510 1059 2550 lapsus,

236 2554 282 2585 vel
293 2554 366 2585 alias
380 2553 486 2584 multas
498 2553 535 2584 ob
548 2562 651 2584 causas
661 2553 708 2584 isti
720 2554 846 2585 daemoni
859 2554 1062 2585 condonamur

235 2599 267 2631 in
279 2598 430 2630 interitum
441 2598 561 2638 quidem
573 2597 682 2635 carnis,
695 2598 902 2630 contritionem
914 2608 983 2630 vero
993 2599 1060 2630 ani-

237 2653 304 2682 mae,
316 2642 592 2684 probationemque,
601 2647 630 2674 et
636 2643 875 2674 exercitationem
885 2644 1060 2685 ampliorem

237 2689 315 2729 ejus,
332 2692 393 2719 tum
406 2691 438 2718 ut
449 2691 533 2728 capto
542 2687 661 2718 interim
671 2688 875 2728 experimento
888 2689 1060 2720 misericor-

235 2734 368 2766 dissima:
375 2733 589 2773 compassionis
602 2733 657 2765 Dei
668 2743 737 2773 erga
749 2743 802 2764 nos
814 2738 906 2765 totum
921 2734 951 2765 in
964 2735 1062 2775 ipsum

236 2788 272 2810 ex
281 2779 397 2810 sincera
409 2777 623 2819 praeparatione
634 2778 725 2809 animi
747 2778 962 2810 transferamus
975 2788 1061 2810 amo-

235 2831 312 2864 rem,
327 2821 538 2863 desideriaque
554 2821 654 2854 omnia
669 2825 698 2853 et
714 2831 784 2863 spes
799 2823 903 2864 inipso
913 2823 996 2865 fixas,
1013 2833 1057 2855 ex-

1099 1523 1183 1564 quasi
1196 1524 1343 1563 fragorem
1355 1524 1489 1562 audiunt,
1499 1528 1528 1554 et
1539 1523 1617 1554 facili
1633 1533 1722 1554 sensu
1737 1521 1920 1561 repulsuque

1099 1568 1310 1608 defunguntur,
1327 1569 1406 1600 salvo
1421 1569 1500 1600 intus
1528 1572 1602 1599 statu
1632 1568 1726 1599 beata;
1754 1566 1844 1607 pacis,
1861 1573 1921 1605 qua

1099 1613 1359 1653 gaudentinterim
1375 1614 1404 1645 in
1429 1614 1507 1645 sinu.
1537 1613 1617 1645 Alias
1643 1621 1728 1643 versa
1754 1611 1818 1642 vice
1833 1610 1920 1642 civile

1100 1658 1339 1698 perturbatorum
1359 1659 1517 1690 affectuum
1534 1658 1643 1689 bellum
1657 1661 1686 1688 et
1701 1656 1859 1687 seditiosus
1875 1661 1921 1686 tu-

1100 1704 1209 1734 multus
1220 1703 1373 1744 fertatque
1383 1704 1527 1742 agitiutus
1537 1703 1646 1734 omnia.
1665 1701 1759 1733 tristie
1779 1701 1852 1731 facie
1865 1709 1919 1731 re-

1098 1756 1164 1778 rum
1180 1752 1209 1779 et
1222 1748 1386 1779 miserabili
1416 1748 1528 1785 labore,
1555 1752 1588 1778 ut
1615 1756 1712 1787 neque
1727 1746 1775 1776 illa
1790 1749 1921 1776 extrema

1100 1792 1222 1832 patienti
1238 1802 1306 1833 spes
1320 1796 1411 1824 restet
1433 1792 1653 1833 tranquillitatis
1679 1800 1852 1822 reversum).
1868 1789 1919 1821 Sic

1099 1837 1153 1868 ista
1162 1846 1228 1869 sese
1240 1837 1368 1868 invicem
1382 1836 1535 1877 infestant,
1548 1837 1618 1868 dum
1636 1840 1665 1867 et
1677 1836 1776 1867 anima
1790 1839 1819 1866 et
1834 1844 1918 1866 meus

1099 1891 1116 1912 a
1132 1890 1268 1922 corpore,
1285 1886 1315 1913 et
1329 1891 1413 1912 mens
1427 1882 1463 1912 ab
1478 1882 1577 1912 anima
1601 1891 1703 1912 rursus
1719 1881 1784 1921 ipsa
1800 1892 1806 1911 :
1822 1879 1920 1911 anima

1100 1935 1169 1957 vero
1180 1926 1310 1957 vicissim
1320 1936 1337 1957 a
1348 1930 1447 1957 mente
1461 1931 1489 1957 et
1499 1936 1623 1967 corpore
1634 1926 1854 1957 incommodum
1863 1935 1916 1956 ac-

1101 1971 1183 2008 cipit.
1196 1971 1299 2012 Neque
1311 1981 1380 2003 vero
1392 1971 1543 2004 individue
1555 1981 1674 2012 semper
1683 1972 1793 2009 anima,
1802 1974 1919 2002 etmens

1102 2017 1267 2052 turbantur,
1279 2026 1381 2048 verum
1393 2026 1428 2048 ex
1441 2017 1487 2047 his
1497 2017 1673 2058 quandoque
1684 2017 1782 2047 anima
1793 2016 1853 2047 sola
1865 2025 1916 2056 pa-

1100 2061 1181 2099 titur,
1194 2066 1293 2092 mente
1304 2062 1398 2102 ipsam
1412 2062 1494 2102 quasi
1506 2071 1557 2102 pro
1569 2061 1664 2092 cilicio
1686 2061 1828 2092 naturalis
1842 2060 1917 2091 ami-

1099 2106 1178 2138 citia:
1192 2107 1375 2138 consolante.
1400 2107 1568 2146 Aliquando
1594 2115 1677 2138 mens
1704 2113 1865 2140 excaecatur
1889 2114 1919 2140 et

1069 2151 1246 2198 Dobtuilur,
1256 2151 1326 2182 dum
1337 2152 1539 2182 animalibera
1560 2161 1736 2191 permanens
1751 2153 1857 2185 virtute
1871 2154 1917 2185 di-

1101 2196 1160 2226 vini
1175 2196 1252 2236 ignis
1267 2196 1357 2236 abigit
1368 2196 1536 2236 caliginem,
1548 2201 1577 2227 et
1591 2196 1687 2228 velum
1706 2197 1791 2234 tollit,
1808 2199 1916 2230 visum-

1099 2251 1158 2281 que
1174 2241 1265 2272 menti
1280 2241 1423 2273 restituit.
1440 2243 1599 2280 Propterea
1625 2241 1697 2278 dixi,
1725 2252 1741 2272 ο
1766 2245 1865 2275 Patres
1889 2250 1917 2276 et

1100 2285 1229 2327 Fratres,
1245 2290 1385 2327 oportere
1399 2296 1458 2317 non
1473 2287 1568 2316 solum
1586 2289 1671 2317 notas
1687 2296 1752 2318 esse
1768 2288 1852 2320 nobis
1866 2299 1916 2321 va-

1099 2331 1219 2362 rietates
1235 2331 1483 2371 mutationesque,
1514 2339 1547 2361 ac
1576 2331 1746 2370 contingere
1776 2333 1873 2364 solitas
1887 2335 1917 2366 in

1101 2376 1188 2407 nobis
1203 2375 1393 2407 alterationes
1408 2385 1414 2408 :
1433 2375 1485 2406 sed
1502 2376 1579 2407 scire
1591 2376 1678 2406 etiam
1691 2379 1917 2417 praetereaunde

1101 2421 1172 2461 ipsze
1188 2425 1217 2451 et
1231 2421 1380 2461 quomodo
1402 2424 1431 2451 et
1458 2430 1474 2452 a
1500 2421 1606 2461 quibus
1635 2422 1795 2462 qualesque
1810 2423 1918 2463 spirent

1101 2466 1312 2506 cogitationum
1329 2466 1428 2503 venti;
1445 2469 1474 2496 et
1485 2475 1518 2496 cx
1534 2466 1641 2506 quibus
1656 2467 1787 2497 fontibus
1802 2468 1917 2500 efﬂuant

1103 2515 1190 2552 atque
1206 2510 1356 2542 exundent
1371 2510 1492 2541 ﬂumina
1509 2511 1765 2550 perturbationum
1781 2514 1915 2544 tentatio-

1103 2565 1246 2596 numque,
1263 2559 1294 2586 ut
1310 2559 1339 2586 et
1361 2556 1472 2586 donum
1494 2555 1600 2586 animae
1629 2556 1867 2588 constabiliamus
1881 2559 1915 2589 ad

1103 2601 1274 2632 firmitatem
1285 2600 1450 2631 resistendo
1463 2609 1575 2640 parem,
1589 2605 1617 2631 et
1629 2601 1858 2640 gubernaculum
1869 2613 1916 2634 na-

1102 2646 1146 2676 vis
1161 2649 1271 2676 nostrae
1285 2645 1447 2685 dirigamus
1463 2645 1601 2682 feliciter,
1620 2655 1679 2676 non
1704 2650 1803 2678 autem
1818 2647 1917 2679 inscite

1102 2690 1266 2730 ignaveque
1283 2693 1452 2720 tractemus.
1472 2688 1584 2720 Horum
1609 2694 1706 2720 autem
1723 2691 1915 2730 cognitionem

1102 2745 1173 2766 usus
1183 2734 1321 2766 assiduus
1331 2738 1359 2765 et
1370 2743 1403 2764 ex
1409 2734 1554 2774 perientia
1569 2734 1655 2774 longe
1668 2735 1732 2766 vita;
1743 2736 1915 2776 suppeditat,

1102 2789 1170 2811 cum
1183 2779 1337 2811 exactione
1352 2779 1418 2809 vitae
1432 2778 1509 2809 intra
1526 2778 1672 2809 inviolata
1693 2779 1857 2820 disciplina:
1869 2781 1918 2813 ob-

1102 2825 1300 2857 servationem
1309 2827 1411 2855 sancte
1427 2828 1593 2858 transacta.
1607 2823 1685 2856 Sane
1695 2834 1770 2866 opus
1781 2829 1826 2856 est
1838 2826 1917 2867 quis-
