1982 3075
94 182 150 217 697

843 181 894 214 DE
914 180 1016 216 FIDE.

1719 183 1779 219 698

93 254 145 287 λῶς
165 254 202 287 είς
223 255 269 284 τὸν
290 257 349 283 νοῦν
369 263 428 291 του,
450 252 509 291 ala.
530 250 703 290 άλησμόνησε
721 249 829 283 τελείως
850 248 998 280 ὅλονΔκαὶ
1011 249 1058 292 ἅχι
1071 251 1151 285 ἄλλος
1165 261 1174 290 ;
1190 253 1240 283 Καὶ
1255 251 1288 282 νᾶ
1307 253 1374 282 ὀποῦ
1387 253 1425 286 είς
1452 257 1544 283 τοῦτον
1571 253 1617 283 τὸν
1644 252 1704 282 νέον
1718 253 1782 284 ἂκο-

94 301 138 329 τὸν
157 299 268 338 κόσμον,
290 300 334 328 καὶ
354 297 498 337 ἆνταμώθη
520 296 593 333 ὅλος,
615 296 660 325 καὶ
694 294 778 335 ἕγινεν
813 294 860 324 ἕνα
882 295 916 333 μὲ

95 345 125 374 τὸ
146 348 200 386 φῶς
222 345 310 374 ἐκεῖνο
331 345 361 374 τὸ
382 345 483 380 θετκὸν,
500 342 606 371 καὶτοῦ
627 341 746 386 ἐφαίνετο
767 342 834 386 πῶς
847 339 916 380 ἔγινε

97 391 139 418 καί
153 383 236 423 αὐτὸς
258 392 326 430 φῶς,
347 390 391 418 καὶ
410 389 474 423 ἦτον
495 387 556 420 ὅλος
585 386 702 426 γεμάτος
723 385 776 430 ἀπὸ
807 383 915 430 δάκρυα,

97 435 139 463 καὶ
158 435 211 463 ἀπὸ
225 429 287 473 μίαν
308 429 393 475 χαρὰν
425 432 615 471 ἀνεκδιήγητον
632 439 641 448 θ
673 430 717 459 καὶ
749 429 845 469 ὕστερα
862 429 917 475 ἀπὸ

97 483 171 508 τοῦτο
191 479 272 514 ἀνέϐη
287 473 382 512 δίνοῦς
403 489 448 507 του
470 478 506 510 είς
537 476 597 508 τοὺς
629 474 763 516 οὒρανοὺς,
795 475 839 502 καὶ
861 473 919 502 ἐκεῖ

98 522 165 552 εἶδεν
186 523 252 552 ἄλλο
274 526 329 564 φῶς
350 523 431 552 πλέον
462 521 656 562 λαμπρότερον,
689 520 733 548 καὶ
767 519 848 564 κοντα
881 519 918 551 εἰς

98 568 181 597 ἐκεῖνο
195 569 225 597 τὸ
316 572 361 597 τοῦ
376 568 459 609 ἐφανη
482 569 539 599 πῶς
561 564 682 594 ἐστέκετο
701 565 716 593 6
742 563 817 604 ἅγιος
840 563 915 609 Elter!-

97 625 138 646 νος
153 613 236 653 γέρων
247 607 316 642 ’ὀποῦ
330 618 376 643 τοῦ
397 607 508 652 ἔδωκεν,
532 611 570 642 ὡς
604 609 731 647 εἴπαμεν,
758 609 790 637 τὸ
817 607 916 646 βιϐλίον

97 662 141 687 σοῦ
173 657 241 687 ἀϐϐἆ
269 659 388 699 Μάρκου,
423 657 467 686 καὶ
507 657 552 685 τὸν
594 655 691 684 κανόνα
719 655 785 683 ὀποῦ
813 653 914 699 ἔκανεν.

97 701 164 742 Ἐγὼ
177 702 270 732 λοιπὸν
298 704 386 735 καθὼς
413 703 447 731 τὰ
474 701 572 730 ἃκουσα
600 699 653 729 ἀπὸ
674 700 720 728 τὸν
745 698 815 737 νέον,
837 698 916 727 ἐστο-

97 747 218 787 χάσθηκα
252 751 309 780 πῶς
345 749 388 776 καὶ
423 749 441 782 ἡ
476 745 599 786 πρεσϐεία
621 749 667 775 τοῦ
693 744 767 784 ἁγίου
794 743 917 784 γέροντος

97 792 249 832 ἐωνέργησε
271 793 358 822 πολλὰ
388 793 424 825 είς
451 795 540 832 10610,
562 791 606 819 καὶ
635 789 688 826 ἒτζι
713 790 744 818 τὸ
772 789 916 827 οἶκονόμη-

97 848 138 865 σεν
153 839 166 866 ὁ
187 839 251 870 Θεὸς
266 837 307 866 διὰ
322 839 354 866 νὰ
365 836 435 876 δείξῃ
460 841 506 866 τοῦ
527 834 585 865 νέου
600 836 637 867 εἷς
657 841 737 863 ποῖον
761 833 827 872 ὕψος
851 833 914 874 ἀρε-

97 885 144 916 τῆς
158 882 290 922 εὑρίσκετο
311 884 325 911 6
339 883 414 922 ἅγιος
448 881 550 913 ἐκεῖνος
586 880 680 921 γέρων,
705 878 747 908 διὰ
768 882 845 908 τοῦτο
871 879 916 906 τὸν

97 926 150 956 ε’ίδε
170 930 229 959 πῶς
250 927 372 956 ἐστέκετο
397 927 478 956 κοντὰ
506 927 542 958 είς
571 925 660 954 ἐκεῖνο
686 925 716 953 τὸ
738 927 806 965 φῶς,
822 923 887 953 Τότε
902 924 916 952 6

96 972 151 1003 νέος
179 972 296 1009 ἐκεῖνος,
323 973 394 1001 ὡσὰν
427 971 553 1011 ἐπέρασεν
589 970 656 1004 αὑτὴ
691 970 710 1004 ἡ
737 968 842 1008 θεωρία,
872 969 916 996 καὶ

96 1016 156 1050 ἦλθε
169 1017 249 1045 πάλιν
264 1017 300 1049 εἰς
315 1018 361 1046 τὸν
377 1016 468 1045 ἑαυτόν
495 1027 552 1056 του,
581 1015 644 1049 ἦτον
673 1014 800 1055 γεμάτος,
830 1013 915 1045 καθὼς

96 1061 191 1102 ἔλεγεν,
207 1062 261 1090 ἀπὸ
283 1063 370 1102 χαρὰν
390 1062 434 1091 καὶ
461 1061 627 1100 θαυμασμὸν,
664 1060 708 1088 καὶ
743 1058 849 1099 εῧγανεν
865 1058 916 1086 ἀπὸ

95 1107 142 1140 τὴν
161 1106 267 1146 καρδίαν
285 1118 331 1135 του
352 1107 385 1135 τὰ
406 1106 515 1147 δάκρυα,
544 1105 588 1134 καὶ
621 1105 692 1143 μαζὴ
714 1103 747 1142 μὶ
769 1104 859 1133 ἐκεῖνα
884 1103 918 1131 τὰ

97 1150 188 1190 δάκρυα
215 1151 389 1181 ἀιολουθοῦσε
423 1152 466 1180 καὶ
496 1150 543 1189 μία
577 1150 708 1190 γλυκύτης
745 1147 917 1189 ὑπερϐολική.

97 1195 174 1228 Τέλος
188 1196 295 1225 πάντων
319 1196 412 1225 ἔπεσεν
433 1197 469 1228 είς
491 1197 521 1225 τὸ
542 1194 665 1235 κρεϐϐάτι
687 1193 729 1224 διὰ
750 1194 781 1223 νὰ
803 1195 919 1231 κοιμηθῇ

98 1241 192 1281 ὀλίγον,
208 1242 253 1270 καὶ
267 1243 316 1275 τὴν
338 1241 409 1270 ἵδιαν
428 1241 498 1281 ὥραν
524 1239 653 1281 ἐφώναξεν
676 1240 690 1267 6
715 1239 846 1278 πετεινὸς,
877 1238 920 1266 καὶ

97 1284 136 1314 δὲν
169 1285 295 1326 ἐπέρασεν
329 1286 431 1325 ὀλίγον,
467 1286 511 1314 καὶ
546 1285 692 1322 ἐσήμαιναν
719 1285 737 1322 ᾗ
766 1283 919 1316 ἐκκλησίαις

97 1329 136 1358 διὰ
156 1331 200 1359 τὸν
221 1331 323 1371 ὄρθρον,
340 1332 384 1360 καὶ
405 1331 528 1364 ἐσηκώθη
550 1331 564 1358 6
593 1329 650 1361 νέος
672 1327 714 1356 διὰ
742 1328 773 1356 νὰ
808 1326 920 1366 διαϐάσῃ

96 1375 139 1404 τὸν
156 1375 258 1416 ὄρθρον,
274 1376 341 1405 κατὰ
362 1377 411 1410 τὴν
432 1375 569 1411 συνήθειάν
583 1386 639 1412 του,
665 1375 709 1402 καὶ
739 1373 841 1406 ἐκείνην
869 1373 919 1406 τὴν

96 1420 172 1448 νύκτα
206 1421 276 1459 μήτε
320 1421 450 1458 ἐκοιμήθη
496 1419 615 1456 τελείως,
667 1419 734 1456 μὴτε
763 1417 918 1457 στοχασμὸς

95 1463 170 1493 ὕπνου
185 1469 229 1494 τοῦ
246 1465 310 1499 ἦλθε
325 1465 472 1497 παντελῶς.
497 1465 568 1493 Αὑτᾶι
593 1468 644 1501 μοῦ
672 1463 806 1502 ἐδιηγεῒτο
820 1463 834 1490 6
860 1462 918 1494 νέος

96 1513 148 1541 πῶς
169 1509 351 1544 ἠκολούθησαν
366 1511 402 1542 είς
429 1510 518 1541 αὑτὸν,
549 1505 578 1538 ἰ0
608 1510 701 1540 ὸποῐος
725 1507 791 1536 ἄλλο
812 1507 918 1539 τίποτες

95 1554 133 1583 δὲν
153 1554 246 1593 ἔκαμε,
270 1556 356 1587 καθὼς
373 1555 406 1592 μὶ
428 1553 583 1583 ἐϐεϐαίωνεν
598 1555 612 1582 6
631 1552 713 1591 ἴδιος,
745 1551 825 1592 πάρεξ
853 1551 918 1581 αὕτα

96 1601 157 1629 ὸποῦ
175 1599 307 1634 ἠκούσατε
329 1600 419 1637 μόνον,
444 1599 515 1633 πλὴν
549 1598 613 1639 εἶχε
642 1599 729 1626 πίστιν
760 1598 805 1626 καὶ
827 1595 918 1625 ἐλπίδα

96 1643 256 1682 ἀδίστακτον,
289 1645 332 1672 καὶ
364 1644 406 1672 διὰ
426 1649 504 1673 τυῦτο
538 1643 638 1678 ἠξιώθη
674 1643 705 1670 νὰ
739 1641 781 1681 ἰδῇ
815 1641 918 1670 τέτοιαν

95 1689 207 1729 θεωρίαν,
226 1690 277 1719 Καὶ
306 1690 361 1727 μην
395 1692 446 1727 μοῦ
477 1689 539 1727 εί.πῇ
566 1688 639 1720 τινὰς
668 1690 725 1719 πῶς
756 1687 858 1719 ἐκεῖνος
886 1686 919 1714 τὰ

95 1733 186 1772 ἔκαμεν
208 1734 275 1764 αὕτα
295 1733 338 1762 διὰ
372 1734 403 1762 να
438 1732 581 1771 δοκιμάσῃ,
605 1732 671 1761 δ·,ατὶ
696 1732 785 1769 αὑτὸς,
809 1732 845 1763 ὡς
868 1734 918 1768 μοῦ

96 1777 177 1818 ἔλεγε,
193 1780 263 1816 μήτε
285 1779 319 1817 μὲ
340 1779 385 1806 τὸν
406 1777 534 1818 λογισμόν
556 1789 602 1806 του
622 1778 652 1805 τὸ
675 1776 766 1805 ἔϐαλεν
783 1777 857 1816 αὐτὸ,
876 1774 918 1803 διὰ

96 1823 125 1852 νὰ
144 1822 274 1862 δοκιμάσῃ
297 1823 371 1859 ποτὲ,
395 1822 464 1851 ἀλλὰ
485 1822 548 1863 εἶχε
563 1822 650 1850 πίστιν
672 1821 835 1857 ἆὸίστακτον,
860 1819 918 1848 ὅθεν

95 1867 305 1907 ἆπορῥίπτωντας
327 1868 379 1896 ἀπὸ
400 1867 481 1906 λόγου
509 1878 554 1895 του
588 1867 650 1895 κάθε
678 1865 758 1894 ἄλλον
787 1865 916 1904 λογισμὸν

94 1913 211 1952 σαρκικὸν
244 1913 291 1941 καὶ
324 1913 464 1950 κοσμικὸν,
501 1911 583 1945 τόσην
606 1911 726 1951 μεγάλην
761 1909 915 1948 ἐπιμέλειαν

94 1956 166 1986 ’ἐκαλε
183 1957 225 1986 διὰ
239 1958 270 1986 νὰ
285 1956 386 1998 φυλάξῃ
400 1957 450 1990 τὴν
466 1955 610 1990 συνείδησίν
635 1967 692 1993 του,
715 1956 759 1984 καὶ
787 1955 818 1983 νὰ
847 1965 915 1983 κατ-

94 2002 190 2040 ορθώσῃ
217 2002 309 2030 ἐκεῖνα
331 2002 396 2030 ὀποῦ
417 2003 463 2029 τοῦ
488 1999 576 2040 ἔλεγεν
613 2002 630 2035 ἡ
654 1999 811 2037 συνείδησις,
850 2001 916 2028 ὀποῦ

95 2046 128 2078 εἷς
149 2046 196 2075 ὅλα
210 2048 243 2075 τὰ
259 2046 328 2074 ἄλλα
354 2046 497 2086 πράγματα
524 2045 616 2074 τούτου
644 2048 689 2073 τοῦ
717 2045 818 2082 κόσμον
845 2044 915 2084 εὑρί-

94 2091 167 2120 σκέτο
183 2092 254 2120 ὦσαν
278 2091 448 2130 ἀναίσθητος,
476 2091 520 2118 καὶ
542 2089 584 2118 δὲν
610 2090 645 2118 τὰ
679 2090 816 2119 αἰσθάνετο
844 2100 914 2117 παν-

93 2135 182 2168 τελῶς.
199 2135 285 2165 Ἀλλὰ
300 2136 368 2173 μήτε
389 2135 420 2163 να
435 2135 519 2175 φάγῃ,
535 2134 553 2169 ἣ
575 2135 607 2164 να
628 2134 676 2173 πίῃ
704 2135 768 2174 εἶχε
797 2133 916 2172 κάμμίαν

96 2179 184 2218 ὄρεξιν,
199 2181 269 2210 ὥστε
298 2181 364 2209 ὁποῦ
391 2179 435 2207 καὶ
462 2178 577 2211 πολλαῖς
606 2186 700 2219 φοραῖς
730 2178 806 2217 ἔμενε
827 2189 917 2212 νηστι-

95 2224 147 2256 κός.
183 2223 340 2263 ’Λκούσατε,
368 2223 476 2263 ἀδελφοί
517 2235 566 2262 μου
598 2224 743 2263 ἀγαπητοὶ.
772 2223 797 2252 τί
832 2223 916 2263 λογῆς

93 2269 229 2308 πράγματα
257 2270 416 2308 κατορθώνει
439 2270 456 2303 ἡ
478 2268 576 2308 πίστις,
614 2269 658 2298 καὶ
691 2269 777 2302 πόσην
807 2268 915 2306 δύναμιν

93 2312 156 2353 ἔχει,
180 2313 241 2342 ὅταν
257 2313 430 2354 στερεώνεται
446 2313 479 2351 μὲ
494 2314 525 2343 νᾶ
554 2312 618 2353 ἔργα
638 2313 671 2341 τὰ
697 2313 787 2354 καλάς
816 2313 916 2353 Ἔγνω-

93 2358 170 2397 ρίσετε
183 2361 240 2391 πῶς
257 2359 327 2397 μὴτε
342 2359 360 2394 ἡ
382 2359 478 2392 νεότησ
499 2361 551 2396 μᾶς
566 2358 678 2397 βλάπτει
702 2359 819 2395 τίποτες,
846 2359 915 2397 μήτε

94 2402 167 2431 πάλιν
187 2404 218 2432 τὸ
231 2410 377 2444 γηρατεΐον
393 2406 444 2440 μᾶς
467 2402 578 2444 ὠφελεῖ,
601 2403 697 2435 ἀνίσως
725 2404 769 2432 καὶ
784 2406 836 2442 μᾶς
857 2403 915 2431 λεί-

94 2458 134 2476 πει
154 2449 168 2476 6
189 2447 269 2489 φόϐος
285 2452 332 2477 τοῦ
357 2452 444 2488 Θεοῦ,
468 2448 596 2486 Ἐμάθετε
624 2449 707 2488 τώρα,
737 2452 793 2481 πῶς
816 2449 885 2487 μήτε
901 2449 914 2476 6

95 2492 200 2533 κόσμος,
222 2494 299 2532 καὶῇ
327 2492 472 2525 πολιτείαις
496 2497 548 2531 μᾶς
583 2492 736 2532 ἐμποδίζων
764 2494 801 2525 είς
829 2494 860 2521 τὸ
884 2493 915 2522 νὰ

96 2537 217 2576 κάμωμεν
245 2539 294 2570 τὰς
323 2537 430 2570 ἐντολὰς
459 2541 505 2567 τοῦ
533 2542 610 2579 Θεοῦ,
639 2538 733 2571 ἀνίσως
761 2539 805 2566 καὶ
833 2539 914 2576 ἡμεῖς

97 2581 188 2622 ἔχομεν
210 2583 355 2623 προθυμίαν
373 2593 379 2599 ·
414 2583 483 2621 μήτε
517 2583 597 2612 πάλιν
625 2584 642 2617 ἡ
670 2583 841 2623 ἀναχώρησις
870 2586 915 2611 τοῦ

97 2627 201 2665 κόσμου,
237 2629 282 2656 καὶ
310 2628 328 2662 ἡ
364 2626 460 2668 ἐρημία
492 2631 545 2666 μᾶς
583 2627 711 2668 ὠφελοῦν,
742 2627 837 2659 ἀνίσως
872 2628 916 2656 καὶ

96 2671 171 2708 ἡμεῖς
205 2672 412 2713 εὖρισκώμεσθεν
455 2673 492 2704 είς
526 2673 649 2712 ὀκνηρίαν
685 2672 729 2700 καὶ
766 2671 912 2712 ἀμέλειαν,

105 2715 163 2745 Ολοι
183 2728 235 2756 μας
250 2717 380 2756 ἀκούομεν
402 2718 447 2746 τὸν
478 2716 558 2746 Δακὶδ
585 2719 642 2750 πῶς
670 2717 703 2755 μὲ
731 2717 812 2749 τόσας
833 2728 915 2757 φρον-

96 2759 172 2799 τίδας,
199 2763 243 2791 καὶ
270 2762 409 2801 βασιλικὰς
432 2762 579 2800 ὑποθέσεις,
609 2762 673 2802 εἶχε
701 2763 746 2791 τὸν
781 2765 841 2791 νοῦν
868 2774 915 2792 του

95 2803 156 2838 ὅλως
171 2805 257 2836 διόλου
282 2807 461 2847 ἇιριερωμένον
483 2808 519 2840 εἰς
548 2807 594 2835 τὸν
623 2807 700 2844 Θεὸν,
735 2807 779 2834 καὶ
808 2807 914 2845 θαυμά-

95 2852 167 2888 ζομεν
180 2852 216 2886 είς
231 2855 322 2890 τοῦτο,
336 2853 380 2882 καὶ
405 2851 532 2892 λέγομεν,
551 2854 609 2886 πῶς
637 2851 697 2884 ἕνας
719 2850 800 2881 Δαϐὶδ
827 2850 912 2892 ἕγινε,

956 295 1068 330 λούθησε
1088 297 1272 338 περισσότερον
1286 298 1339 327 ἀπὸ
1358 299 1405 327 τὸν
1433 297 1524 337 Δαϐὶδ,
1555 299 1629 328 Διατὶ
1657 299 1671 328 δ
1702 297 1782 328 Δαϐὶδ

957 340 1034 370 ’έλαϐε
1048 341 1097 375 τὴν
1111 342 1250 382 μαρτυρίαν
1265 342 1318 371 ἀπὸ
1355 343 1400 372 τὸν
1421 342 1490 372 ἴδιον
1517 344 1562 372 τὸν
1597 344 1673 381 Θεὸν,
1704 343 1779 384 ἐχρι-

958 387 1007 420 σθη
1049 387 1093 415 καὶ
1132 387 1283 427 προφήτης,
1319 388 1364 416 καὶ
1393 387 1529 426 βασιλεὺς,
1552 387 1628 417 ἔλαϐε
1656 389 1700 417 καὶ
1730 388 1782 422 τὴν

959 431 1038 472 χάριν
1058 436 1104 461 τοῦ
1125 432 1199 471 ἁγίου
1229 432 1393 470 Πνεύματος.
1416 431 1526 465 ’Λνίσως
1557 431 1650 462 λοιπὸν
1671 433 1716 461 καὶ
1743 433 1781 465 εἷς

958 477 1049 516 καιρὸν
1076 477 1141 504 δποῦ
1169 475 1280 517 ἔσφαλεν
1307 477 1345 510 είς
1369 477 1415 506 τὸν
1457 478 1533 516 Θεὸν,
1555 478 1599 506 καὶ
1621 477 1704 518 ἔχασε
1731 477 1781 511 τὴν

958 521 1038 561 χάριν
1051 524 1097 549 τοῦ
1111 521 1186 561 ἁγίου
1207 522 1371 560 Πνεύματος,
1393 522 1437 551 καὶ
1458 523 1489 550 16
1508 521 1611 565 ἀξίωμα
1638 525 1688 556 τῆς
1711 533 1780 562 προ-

957 566 1078 606 ιρητείας1
1108 566 1152 595 καὶ
1184 566 1363 606 ἀπεμάκρυνεν
1396 567 1449 596 ἀπὸ
1483 567 1534 601 τὴν
1568 567 1781 608 συναναστροφὴν

957 613 1002 639 τοῦ
1024 613 1100 648 Θεοῦ,
1129 610 1223 644 ἀνίσως
1258 610 1330 650 λέγω
1358 611 1436 646 ἦλθεν
1463 611 1558 652 ὕστερα
1586 612 1622 645 είς
1644 611 1780 650 αῗσθησιν,

957 655 1001 683 καὶ
1022 654 1153 693 ἐνθυμήθη
1175 656 1208 684 τὰ
1228 655 1297 684 καλὰ
1318 656 1384 685 ὀποῦ
1415 656 1480 697 εἶχε
1500 657 1544 685 καὶ
1565 656 1598 685 τὰ
1618 655 1714 697 ἕχασε,
1736 657 1781 686 καὶ

957 700 990 728 τὰ
1010 699 1122 736 ἐζήτησε
1144 700 1224 729 πάλιν
1258 701 1290 730 νὰ
1323 702 1356 729 τὰ
1390 701 1542 740 ἆποκτήσῃ.
1565 701 1590 730 τί
1610 702 1779 742 θαυμαστόν;

958 747 994 776 Τὸ
1013 746 1161 783 Θαυμαστὸν
1183 745 1253 774 εῖναι
1274 747 1318 774 καὶ
1353 745 1513 785 ἀξιέπαινον,
1544 747 1609 775 ὀποῦ
1630 746 1690 779 ἕνας
1722 746 1781 778 νέος

958 791 1092 831 ἅνθρωπος
1120 790 1205 819 εἴκοσι
1240 790 1355 830 χρόνων,
1379 792 1445 820 ὸποῦ
1481 791 1512 821 νὰ
1542 790 1614 819 εἶναι
1640 789 1781 830 προσηλωο

957 835 1037 874 μένος
1065 834 1127 867 ὅλος
1154 834 1240 864 διόλου
1268 836 1304 867 εἱς
1330 835 1363 864 τὰ
1397 835 1512 874 κοσμικὰ
1545 835 1701 875 πράγματα,
1736 832 1781 863 καὶ

958 883 994 914 εἷς
1023 881 1089 910 αὖτᾶ
1113 881 1147 910 τὰ
1173 881 1320 920 πρόσκαιρα
1349 881 1381 910 νὰ
1408 880 1461 921 ἔχῃ
1494 881 1540 909 τὸν
1575 883 1634 909 νοῦν
1651 891 1710 917 του,
1735 881 1780 909 καὶ

926 926 1007 966 Βὲξω
1028 926 1080 955 ἀπὸ
1101 926 1167 956 αὐτὰ
1187 925 1252 954 ἄλλο
1278 926 1382 958 τίποτες
1406 925 1570 966 ὑψηλότερον
1591 926 1623 954 νὰ
1645 926 1698 964 μὴν
1721 936 1781 954 στο-

957 972 1080 1013 χάζεται,
1103 971 1172 1009 μήτε
1201 972 1237 1003 είς
1261 971 1306 1000 τὸν
1327 975 1386 1000 νοῦν
1413 982 1458 1000 του
1485 971 1518 999 νὰ
1546 970 1608 1010 ἔλθῃ
1627 970 1692 999 ποτὲ
1713 981 1781 1010 παρ-

957 1017 1048 1054 όμοιος
1070 1016 1208 1056 λογισμὸς,
1229 1017 1272 1044 καὶ
1293 1016 1374 1054 μόνον
1394 1017 1460 1045 ὁποῦ
1475 1015 1568 1045 ἄκουσε
1590 1015 1679 1056 ὀλίγον
1700 1015 1779 1044 τίπο-

957 1072 1001 1093 τες
1029 1061 1082 1090 ἀπὸ
1116 1062 1160 1090 τὸν
1194 1061 1268 1100 ἅγιον
1303 1061 1406 1089 ἐκεῖνον
1433 1061 1552 1101 γέροντα,
1589 1062 1632 1089 καὶ
1660 1059 1780 1089 ἐδιάϐασε

958 1107 1002 1135 καὶ
1035 1107 1068 1135 τὰ
1095 1107 1153 1146 τρία
1194 1106 1284 1135 ἐκεῖνα
1319 1106 1450 1147 κεφάλαια
1483 1110 1529 1135 τοῦ
1561 1105 1629 1134 ἀϐϐἆ
1662 1106 1780 1146 Μάρκου,

959 1152 1086 1192 παρευθὺς
1113 1152 1146 1179 να
1178 1151 1307 1189 πιστεύσῃ
1334 1150 1496 1183 ἀδιστάκτως
1525 1151 1561 1183 εἰς
1593 1151 1626 1180 τὰ
1660 1161 1782 1190 γεγραμ-

961 1195 1037 1235 μένα,
1061 1197 1104 1224 καὶ
1128 1196 1158 1225 νὰ
1185 1196 1218 1224 τὰ
1238 1195 1308 1234 βάλῃ
1330 1196 1366 1228 είς
1401 1195 1493 1235 πρᾶξιν
1521 1195 1555 1233 μέ
1583 1194 1674 1224 ἐλπίδα
1699 1195 1783 1233 ἀναμ-

961 1239 1078 1281 φίϐολον,
1101 1241 1144 1268 καὶ
1163 1240 1197 1278 μὲ
1231 1240 1333 1274 ἐκείνην
1360 1241 1409 1273 τὴν
1444 1239 1536 1279 ὀλίγην
1571 1240 1694 1279 ἐργασίαν
1717 1241 1783 1268 ὀποῦ

961 1285 1054 1325 ἔκαμε,
1076 1285 1108 1313 νὰ
1128 1284 1225 1324 ἀξιωθῇ
1250 1285 1281 1312 νὰ
1308 1284 1403 1323 ὑψώσῃ
1425 1285 1470 1312 τὸν
1501 1288 1560 1313 νοῦν
1581 1296 1627 1314 του
1659 1284 1710 1316 ἕως
1745 1285 1782 1317 εἱς

960 1331 1004 1359 τὸν
1026 1331 1144 1370 οὐρανὸν,
1166 1330 1209 1358 καὶ
1240 1330 1273 1358 νὰ
1292 1330 1367 1368 κάμῃ
1394 1329 1443 1363 τὸν
1465 1330 1593 1358 Θεοτόκον
1621 1329 1653 1357 νὰ
1673 1330 1718 1357 τὸν
1741 1331 1783 1359 εὖ·

960 1375 1157 1415 σπλαγχνισθῇ,
1187 1375 1231 1402 καὶ
1275 1374 1309 1412 μὲ
1341 1375 1389 1408 τήν
1431 1373 1570 1414 πρεσϐείαν
1596 1376 1646 1408 τῆς
1671 1375 1708 1407 εἷς
1735 1375 1782 1402 τὸν

961 1421 1037 1456 Θεὸν,
1061 1420 1092 1447 νὰ
1111 1420 1156 1448 τὸν
1178 1419 1292 1460 φιλιώσῃ
1316 1419 1394 1448 τόσον
1416 1420 1450 1457 με
1472 1420 1560 1460 αὑτὸν,
1583 1421 1650 1448 ὸποῦ
1677 1419 1710 1447 νᾶ
1736 1422 1782 1447 τοῦ

959 1464 1049 1503 στείλῃ
1064 1464 1116 1493 ἀπὸ
1136 1465 1182 1493 τὸν
1203 1465 1310 1504 οὖρανὸν
1331 1465 1376 1492 τὸν
1404 1464 1476 1493 θετόν
1497 1476 1543 1493 του
1567 1465 1716 1504 φωτισμὸν,
1739 1463 1782 1492 καὶ

959 1510 1008 1543 τὴν
1027 1509 1105 1550 χάριν
1120 1513 1164 1538 τοῦ
1187 1510 1315 1548 παναγίου
1349 1510 1511 1550 Πνεύματος,
1535 1510 1552 1544 ἡ
1574 1509 1653 1538 ὁποία
1678 1509 1710 1538 νᾶ
1735 1509 1782 1538 τὸν

927 1553 1101 1592 αδυναμώσῃ
1126 1554 1157 1582 νὰ
1185 1553 1270 1594 φθάσῃ
1295 1553 1345 1586 ἕως
1372 1555 1418 1583 τὸν
1445 1554 1564 1594 οὐρανὸν,
1587 1554 1630 1582 καὶ
1657 1554 1689 1583 νὰ
1717 1553 1784 1583 ἀπο-

959 1599 1044 1637 λαύσῃ
1059 1600 1089 1627 τὸ
1103 1602 1158 1639 φῶς
1174 1598 1272 1636 ἐκεῖνο,
1296 1599 1326 1627 τὸ
1339 1601 1432 1628 ὁποῖον
1453 1598 1547 1628 πολλοὶ
1576 1599 1607 1627 τὸ
1629 1598 1782 1636 ἐπιθυμοῦν,

960 1644 998 1682 μὰ
1019 1643 1101 1682 ὀλίγοι
1122 1644 1153 1672 τὸ
1175 1643 1368 1684 ἐπιτυχαίνων.
1386 1644 1425 1672 ΜΞ
1440 1643 1502 1672 ὅλον
1517 1647 1592 1672 τοῦτο
1607 1645 1621 1671 6
1636 1643 1692 1675 νέος
1707 1645 1782 1676 οὗτος

959 1689 1003 1717 καὶ
1025 1688 1201 1728 εὔλογημένος
1236 1688 1376 1728 Γεώργιος,
1399 1689 1465 1717 ὀποῦ
1495 1688 1562 1727 μήτε
1584 1688 1696 1728 χρόνους
1718 1687 1784 1716 πολ-

960 1732 1021 1764 λοὺς
1057 1733 1221 1771 ἐνήστευσεν,
1257 1733 1275 1767 ἢ
1307 1733 1484 1773 ἂγρύπνησεν,
1513 1733 1531 1767 ἢ
1559 1733 1654 1765 ἄλλους
1677 1733 1782 1772 ἀγῶνας

959 1778 1116 1812 ἆσκητικοὺς
1143 1778 1240 1817 ἔκαμεν
1256 1787 1264 1795 ·
1303 1779 1370 1808 ἀλλά
1400 1779 1468 1816 μὴτε
1489 1778 1554 1808 ποτέ
1582 1789 1628 1807 του
1650 1778 1781 1816 ἐκοιμήθη

959 1823 1041 1863 χάμω
1055 1847 1063 1860 ,
1106 1824 1174 1861 μὴτε
1208 1824 1318 1864 τρῦχινα
1357 1823 1463 1863 ἐφόρεσε
1480 1848 1488 1863 ,
1526 1824 1595 1861 μὴτε
1632 1823 1783 1863 καλόγηρος

958 1866 1038 1907 ἕγινε,
1057 1869 1125 1906 μὴτε
1157 1868 1210 1896 ἀπὸ
1233 1869 1278 1897 τὸν
1310 1869 1409 1906 κόσμον
1438 1868 1598 1908 ἀναχώρησε
1619 1868 1758 1906 σωματικά
1773 1876 1780 1884 ’

959 1914 1039 1951 μόνον
1071 1912 1113 1942 διὰ
1141 1913 1234 1953 ὀλίγην
1272 1913 1426 1953 ἀγρυπνίαν,
1463 1914 1506 1941 καὶ
1534 1913 1687 1954 προσευχὴν
1716 1908 1782 1941 ὀποῦ

957 1957 1065 1996 ἔκαμεν,
1109 1957 1193 1997 ἕγινεν
1243 1957 1354 1998 ἅγγελος
1397 1958 1523 1998 ἐπίγειος,
1561 1958 1604 1986 καὶ
1645 1958 1782 1997 ἄνθρωπος

956 2003 1109 2043 ἐπουράνιος
1125 2010 1132 2018 ⁸
1149 2002 1284 2042 ἅνθρωπος
1320 2004 1356 2034 είς
1384 2003 1414 2031 τὸ
1442 2003 1610 2042 φαινόμενον,
1640 2003 1684 2030 καὶ
1703 2001 1784 2042 ἄσαρ-

956 2059 1002 2080 κος
1038 2049 1074 2080 είς
1104 2048 1134 2076 τὸ
1164 2048 1304 2085 νοούμενον
1321 2055 1327 2062 ·
1359 2048 1501 2087 κρατητὸς,
1539 2048 1582 2075 καὶ
1609 2046 1756 2086 ἀκράτητος
1774 2056 1782 2064 ·

956 2093 1117 2132 βλεπόμενος
1145 2092 1197 2121 ἀπὸ
1231 2091 1319 2128 ὅλους,
1349 2093 1393 2120 καὶ
1426 2091 1508 2129 μόνος
1537 2091 1719 2131 εὑρισκόμενος
1748 2091 1782 2128 μὲ

957 2138 1038 2176 μόνον
1067 2138 1113 2166 τὸν
1135 2138 1199 2165 Θεὸν
1225 2138 1290 2166 ὀποῦ
1320 2135 1409 2176 ίξεόρει
1437 2136 1469 2165 τὰ
1497 2136 1594 2165 πάντα.
1630 2137 1679 2164 Διά
1705 2139 1784 2164 τοῦτο

957 2183 1002 2211 καὶ
1022 2182 1120 2216 ἠξιώθη
1150 2182 1182 2211 νὰ
1215 2180 1258 2220 ἷδῇ
1285 2182 1315 2210 τὸ
1349 2181 1508 2220 γλυκύτατον
1537 2181 1625 2210 ἐκεῖνο
1660 2183 1715 2220 φῶς
1737 2183 1784 2208 τοῦ

958 2231 1053 2261 νοητοῦ
1096 2223 1184 2255 Ἠλίου
1218 2229 1268 2260 τῆς
1303 2226 1482 2260 δικαιοσύνης.
1525 2226 1574 2254 Καὶ
1615 2225 1782 2265 πρεπόντως,

959 2273 1034 2301 Διατὶ
1048 2273 1065 2306 ἡ
1080 2271 1170 2311 ἀγάπη
1198 2273 1242 2300 καὶ
1257 2273 1271 2300 6
1299 2272 1378 2303 πόθος
1392 2272 1458 2300 ὸποῦ
1478 2271 1557 2311 εἶχεν
1585 2271 1622 2303 εἰς
1643 2271 1688 2299 τὸν
1704 2271 1782 2306 Θεὸν,

956 2317 1001 2345 τὸν
1016 2315 1098 2354 ἔκαμε
1127 2316 1158 2344 να
1186 2316 1250 2356 γένῃ
1279 2315 1329 2349 ’ἐξω
1355 2316 1455 2354 κόσμου
1479 2318 1676 2353 πνευματικῶς,
1693 2315 1737 2343 καὶ
1751 2315 1783 2342 νὰ

956 2361 1133 2400 ἀλησμονήσῃ
1155 2361 1198 2389 καὶ
1213 2361 1323 2398 κόσμον,
1340 2361 1384 2389 καὶ
1411 2361 1505 2400 σάρκα,
1535 2361 1579 2389 καὶ
1600 2359 1650 2388 ὅλα
1678 2360 1710 2387 τὰ
1725 2359 1782 2397 μά-

955 2417 1016 2435 ταια
1055 2406 1198 2445 πράγματα
1237 2409 1282 2434 τοῦ
1332 2405 1454 2443 κόσμου,
1477 2405 1520 2433 καὶ
1555 2405 1587 2432 νὰ
1622 2403 1783 2444 προσηλωθῇ

955 2450 1017 2484 ὅλος
1045 2449 1132 2479 διόλου
1160 2451 1196 2482 είς
1224 2451 1269 2479 τὸν
1300 2451 1376 2488 θεὸν,
1409 2451 1452 2478 καὶ
1481 2450 1533 2486 ἕτζι
1562 2450 1594 2478 νὰ
1621 2449 1685 2489 γένῃ
1718 2448 1781 2480 ὅλος

956 2496 1145 2533 πνευματικὸς,
1161 2496 1205 2523 καὶ
1220 2494 1281 2526 ὅλος
1295 2497 1362 2535 φῶς,
1388 2495 1431 2523 καὶ
1456 2495 1487 2523 νὰ
1516 2494 1558 2533 ἰδῇ
1587 2495 1690 2523 τέτοιαν
1711 2495 1782 2522 θεω-

956 2539 1024 2579 ρίαν,
1040 2540 1084 2568 καὶ
1111 2540 1143 2568 νὰ
1166 2538 1303 2578 ἀπολαύσῃ
1332 2539 1436 2568 τέτοιαν
1463 2539 1628 2569 ἀπόλαυσινθ
1661 2539 1704 2567 καὶ
1733 2539 1784 2577 μὰ-

957 2583 1034 2613 λιστα
1049 2585 1114 2612 ὀποῦ
1143 2584 1311 2613 ἐκατοικοῦσε
1342 2583 1411 2622 μέσα
1439 2585 1476 2617 εἷς
1504 2584 1650 2624 πολιτείαν,
1680 2585 1724 2612 καὶ
1746 2585 1783 2616 είς

956 2628 1061 2657 τέτοιαν
1075 2628 1220 2666 πολιτείαν,
1246 2629 1290 2657 καὶ
1311 2627 1438 2669 ἐδιάτριϐε
1466 2630 1509 2658 καὶ
1529 2630 1566 2662 εἰς
1600 2630 1633 2658 τὰ
1661 2628 1783 2667 βασιλικὸ

956 2673 1084 2712 παλάτια,
1100 2674 1144 2703 καὶ
1164 2673 1227 2714 εἶχε
1254 2674 1298 2702 καὶ
1325 2673 1478 2702 ἐπιστασίαν
1509 2674 1598 2704 ἐπάνω
1619 2677 1665 2702 τοῦ
1685 2674 1783 2714 ἄρχον-

954 2722 1029 2747 τικοῦ
1057 2718 1185 2758 μεγάλου,
1221 2718 1255 2757 μὲ
1306 2718 1398 2751 τόσους
1444 2718 1584 2756 σκλάϐους,
1620 2719 1664 2747 καὶ
1685 2717 1781 2751 ἄλλους

955 2762 1088 2803 ὑπηρέτας
1129 2763 1255 2801 πολλοὺς,
1290 2763 1334 2792 καὶ
1360 2763 1514 2804 ὑπηρεσίας,
1558 2763 1602 2792 καὶ
1645 2762 1780 2795 ὑποθέσεις

955 2807 1075 2847 μεγάλας
1089 2808 1133 2836 καὶ
1153 2808 1291 2848 περισσάς.

996 2851 1080 2883 Ἀλλὰ
1112 2852 1211 2893 ἀρκετὰ
1246 2852 1318 2883 εἶναι
1356 2852 1422 2883 αὑτὰ
1447 2854 1514 2883 ὀποῦ
1538 2853 1653 2892 εἴπαμεν
1675 2852 1719 2882 καὶ
1739 2850 1782 2882 διὰ

926 2251 949 2277 D
