1982 3075
169 130 230 165 703

826 129 1015 166 SYMEONIS
1033 130 1210 167 IUNIORI!

1803 132 1865 166 704

171 202 295 244 ἀδελφόν.
338 203 428 233 Ἀλλοι
469 201 496 231 δὲ
539 201 593 231 ἀπὸ
631 201 725 235 αὖτοὺς
763 200 1137 242 ἒπαρακινήθηκανΑλήτερη
1152 201 1196 230 καὶ
1223 202 1240 236 ἡ
1269 202 1350 231 νύκτα
1377 201 1465 237 ἐκείνη
1487 202 1554 232 61:06
1580 201 1640 244 ἔχει
1661 201 1785 244 φεγγάρι,
1809 201 1864 231 ἆπδ

172 248 226 277 ἀπὸ
240 249 285 278 τὸν
300 247 430 286 διάϐολον,
448 247 492 277 καὶ
506 246 680 287 ἔφονεύθηκαν
702 247 817 288 μοναχοί
844 258 906 279 τους
924 255 931 263 ⁸
954 247 999 276 καὶ

173 292 248 322 ἄλλοι
263 293 473 333 ἑκρημνίσθηκαν
492 301 499 310 ⁶
526 292 570 320 καὶ
597 291 672 321 ἄλλοι
703 291 908 333 ἐφουρκίσθησαν
925 301 932 309 ⁸
956 292 999 320 καὶ

173 345 251 370 ποῖος
280 338 400 378 ἦμπορεῖ
427 337 460 366 νὰ
488 336 614 377 διηγῆναι
646 343 708 369 ταῖς
737 336 872 378 διάφοραις
886 336 999 369 πλάναις

172 387 220 412 :06
232 381 365 420 διαϐόλου,
384 382 417 421 μὲ
432 388 493 414 ταῖς
522 382 625 414 ὁποίαις
653 383 714 414 τους
735 382 834 419 πλανᾷ,
851 383 916 411 61:06
929 382 1000 410 εἶναι

176 426 358 468 ἆδιήγηταις;
397 426 471 461 Πλὴν
512 426 565 456 ἀπὸ
600 426 666 455 αὒτὰ
699 427 764 456 61:06
793 427 908 464 εἴπαμεν
938 426 1001 455 κάθε

173 471 300 512 φρόνιμος
329 471 464 511 ἄνθρωπος
493 472 613 512 ἦμπορετ
646 472 678 501 νὰ
699 471 838 511 καταλάβῃ
865 472 890 500 τί
916 471 1000 511 λογῆς

174 517 258 555 ζημία
283 516 442 558 προέρχεται
479 516 532 545 άπὸ
571 517 663 546 τοότον
701 517 745 545 τὸν
774 519 878 557 πρῶτον
905 517 1001 556 τρόπον

175 564 226 594 τῆς
240 564 380 602 προσοχῆς
401 562 446 590 καὶ
475 564 640 602 προσευχῆς.
670 562 699 590 Εἰ
728 560 756 589 δὲ
777 562 820 590 καὶ
841 573 913 602 τυχῃ
927 562 1000 593 τινὰς

176 605 230 634 ἀπὸ
265 605 377 638 ἐκείνους
408 608 474 635 ὁποῦ
500 606 727 646 μεταχειρίζονται
756 607 833 635 αὒτὸν
862 607 907 635 τὸν
934 606 1000 646 τρό-

175 662 238 688 πον,
267 651 310 679 καὶ
341 650 382 679 δὲν
409 651 479 690 πάθῃ
506 650 603 680 κάκένα
643 651 724 680 κακὸν
761 651 814 680 ἀπὸ
841 651 908 680 αὒτὰ
935 653 1001 681 61:06

177 696 304 734 εἴπαμεν,
322 695 413 730 ἐπειδὴ
443 697 487 725 καὶ
516 697 659 735 εὑρίσκεται
688 696 721 734 μὲ
750 695 866 724 συνοδίαν
881 695 1000 737 ἀδελφῶν

179 739 258 780 (διατὶ
272 741 337 770 αὐτὰ
352 741 385 769 τὰ
408 742 477 770 κακὰ
493 741 524 769 νὰ
545 742 575 770 :6
603 741 743 770 παθαίνουν
766 740 880 779 μάλιστα
895 743 919 769 οἱ
934 741 1000 769 ἀνα-

178 786 300 826 χωρηταὶ
322 786 388 815 61:06
405 786 476 815 εἶναι
492 787 607 826 μοναχοί
621 788 703 824 τους),
734 785 807 824 ὅμως
822 785 920 825 ἀπερνᾷ
935 785 1001 819 ὅλην

178 841 224 860 του
238 831 286 865 τὴν
302 831 374 867 ζωὴν
388 831 551 871 ἀπρόκοπος,

364 901 376 919 ο
394 892 456 932 Περὶ
470 895 516 920 τοῦ
530 891 648 932 δευτέρου
662 891 769 931 τρόπου.
796 902 809 922 ι

219 947 248 982 Ὀ
270 951 507 995 δεύτερος-τρόπος
529 956 578 987 τῆς
605 956 746 994 προσοχῆς
777 954 820 982 καὶ
849 957 1003 995 προσευχῆς

178 998 249 1027 εἶναι
271 997 349 1030 αὐτός
367 1006 373 1014 ·
394 989 469 1026 τὅταν
498 998 571 1030 τινὰς
599 998 698 1038 συνάγῃ
725 999 772 1027 τὸν
801 1002 859 1026 νοῦν
873 1010 920 1027 του
935 999 1003 1037 μέσα

178 1044 215 1074 είς
229 1043 275 1071 τὸν
296 1042 388 1071 ἑαυτόν
403 1053 459 1080 του,
491 1043 653 1082 εὖγάνωντάς
681 1054 725 1072 τον
750 1043 803 1071 ἀπὸ
825 1042 874 1071 ὅλα
901 1044 934 1072 τὰ
958 1044 1001 1072 αἶ-

177 1088 272 1125 σθητὰ,
301 1088 345 1116 καὶ
372 1087 492 1128 φυλάττῃ
519 1088 582 1120 ταῖς
602 1088 728 1122 αἴσθησές
751 1099 796 1117 του
824 1089 868 1117 καὶ
893 1089 1002 1127 μαζώνῃ

178 1131 254 1164 ὅλους
269 1143 314 1161 του
335 1132 396 1163 τοὺς
422 1131 565 1171 λογισμοὺς
593 1131 636 1161 διὰ
663 1133 694 1162 νὰ
722 1133 761 1171 μὴ
789 1136 948 1173 περιπατοῦν
965 1134 1000 1165 εὶς

178 1178 211 1206 τὰ
239 1177 338 1215 μάταια
361 1177 504 1217 πράγματα
524 1178 617 1206 τούτου
642 1183 688 1207 τοῦ
714 1180 816 1216 κόσμου
832 1186 839 1194 ·
870 1178 913 1206 καὶ
936 1179 1002 1206 πότε

179 1221 291 1257 ἒξετάζει
318 1222 378 1253 τοὺς
400 1221 542 1262 λογισμούς
577 1233 634 1263 του,
664 1223 729 1251 πότε
757 1223 883 1263 προσέχει
905 1223 942 1254 εἷς
971 1223 1003 1250 τὰ

178 1266 256 1306 λόγια
282 1269 330 1300 τῆς
362 1269 515 1307 προσευχῆς
543 1269 609 1296 61:06
637 1267 707 1307 λέγει
726 1277 732 1284 '
755 1269 799 1296 καὶ
824 1267 907 1301 ἄλλην
932 1267 1002 1308 ὥραν

177 1312 274 1352 γυρίζει
302 1312 387 1341 ὀπίσω
415 1312 475 1344 τοὺς
507 1312 649 1352 λογισμούς
670 1324 716 1341 του
740 1313 806 1341 ὀποῦ
834 1312 1003 1352 αἰχμαλωτί-

178 1360 278 1392 σθηκαν
299 1358 351 1386 ἀπὸ
379 1359 425 1387 τὸν
447 1357 580 1396 διάϐολον,
603 1360 646 1387 καὶ
675 1359 817 1398 ἐσόρθηκαν
840 1359 876 1390 εἷς
902 1359 934 1386 τὰ
949 1370 1002 1387 πο-

179 1403 246 1442 νηρὰ
260 1403 304 1431 καὶ
319 1402 418 1441 μάταια
436 1412 444 1421 ⁸
470 1404 514 1431 καὶ
545 1402 629 1437 ἄλλην
658 1403 728 1443 ὥραν
756 1403 846 1441 πάλιν,
874 1403 906 1441 μὲ
922 1403 1003 1431 κόπον

179 1447 261 1476 πολὺν
281 1448 326 1476 καὶ
346 1448 404 1486 βίαν
419 1447 526 1488 ἔρχεται
542 1449 578 1480 εἰς
608 1449 654 1476 τὸν
683 1448 774 1477 ἑαυτόν
789 1459 846 1488 του,
861 1449 927 1477 61:06
939 1448 1003 1481 ἦτον

179 1492 346 1532 κυριευμένος
376 1493 420 1521 καὶ
448 1493 588 1531 νικημένος
624 1492 677 1521 ἀπὸ
705 1492 803 1521 κάκένα
830 1493 923 1524 πάθος.
954 1493 1031 1522 Καὶο

179 1536 300 1577 ἕχωντας
313 1539 404 1565 τοῦτον
418 1538 464 1565 τὸν
494 1537 584 1576 ἀγῶνα
609 1538 653 1565 καὶ
680 1536 796 1575 πόλεμον
819 1538 855 1569 εἰς
883 1538 928 1566 τὸν
944 1537 1001 1565 ἐαυ-

178 1581 223 1610 τόν
245 1593 302 1622 του,
327 1581 369 1610 δὲν
398 1582 468 1610 εῖναι
494 1581 601 1610 δυνατὸν
624 1583 656 1611 νὰ
677 1582 814 1622 εἶρηνεύσῃ
840 1582 914 1618 ποτὲΙ
934 1583 1003 1619 μήτε

178 1627 211 1655 νὰ
232 1626 294 1667 εὕρῃ
311 1627 400 1667 καιρὸν
429 1628 462 1656 τὰ
489 1627 603 1667 ἐργασθῃ
631 1627 676 1659 τὰς
693 1627 798 1667 ἀρετὰς,
821 1627 864 1655 καὶ
889 1627 920 1654 νὰ
934 1625 1003 1664 λάϐῃ

179 1672 225 1700 τὸν
246 1671 374 1713 στέφανον
397 1675 446 1706 τῆς
468 1671 648 1706 δικαιοσόνης,
681 1671 752 1700 Διότι
775 1673 788 1700 6
816 1675 934 1703 τοιοῦτος
956 1671 1004 1699 ἄν-

178 1718 282 1756 θριιγιτος
297 1717 469 1756 παρομοιάζει
499 1717 533 1754 με
562 1717 664 1746 ἐκεῖνον
694 1718 759 1745 61:06
786 1716 859 1746 κάνει
885 1716 1004 1754 πόλεμον

179 1761 213 1799 μὲ
233 1762 294 1794 τοὺς
323 1761 432 1802 ἐχθρούς
459 1773 505 1790 του
526 1762 576 1794 τὴν
604 1762 683 1790 νύκτα
712 1762 747 1793 εἰς
776 1762 806 1789 :6
835 1760 940 1789 σκοτάδι
959 1769 966 1776 '
990 1762 1004 1789 6

178 1807 273 1838 ὁποῖος
288 1807 377 1835 ἀκούει
405 1813 466 1838 ταῖς
489 1812 591 1847 φωναῖς
618 1810 671 1835 τῶν
694 1807 808 1847 ἐχθρῶν,
837 1807 881 1834 καὶ
895 1805 1001 1846 δέχεται

178 1856 239 1882 ταῖς
263 1849 448 1889 λαϐωματιαϊς
476 1862 548 1889 τους,
572 1851 609 1890 μὰ
637 1850 679 1879 δὲν
700 1851 815 1891 ἠμσορεϊ
842 1851 874 1879 νὰ
893 1850 936 1890 ἰδῇ
956 1862 1003 1879 κα-

178 1897 253 1936 θαρὰ,
273 1903 348 1925 ποῖοι
375 1896 457 1934 εἶναι,
481 1897 524 1924 καὶ
552 1897 605 1925 ἀπὸ
621 1901 672 1927 ποῦ
685 1896 779 1936 ἦλθαν,
802 1896 846 1924 καὶ
867 1899 938 1935 πῶς,
959 1896 1002 1924 καὶ

177 1941 245 1970 διατὶ
270 1942 315 1969 τὸν
344 1940 514 1980 πληγώνουν.
546 1939 655 1974 Ἐπειδὴ
684 1941 728 1969 καὶ
755 1941 785 1969 :6
813 1940 907 1972 σκότος
937 1941 1002 1969 ὀποῦ

178 1987 248 2015 εἶναι
265 1987 302 2018 εἷς
323 1987 368 2014 τὸν
390 1989 449 2014 νοῦν
463 1997 521 2026 του,
544 1986 588 2015 καὶ
607 1987 626 2020 ἡ
647 1985 714 2021 ζάλη
729 1987 795 2014 61:06
815 1985 873 2025 ἔχει
892 1986 928 2017 εἰς
943 1985 1003 2017 τοὺς

177 2031 332 2072 λογισμοὺς,
364 2034 411 2060 τοῦ
439 2030 579 2071 προξενοῦν
598 2031 678 2065 αὐτὴν
703 2032 753 2064 τὴν
774 2031 882 2068 ζημίαν,
903 2031 947 2058 καὶ
961 2028 1003 2057 δὲν

177 2077 248 2105 εἶναι
277 2075 384 2104 δυνατὸν
414 2077 480 2104 ποτε
507 2076 540 2104 νὰ
567 2075 691 2115 γλυτώσῃ
720 2075 772 2103 ἀπὸ
801 2075 861 2106 τοὺς
894 2074 1004 2114 ἐχθρούς

176 2133 222 2150 του
236 2121 297 2153 τοὺς
319 2121 444 2159 δαίμονας
466 2121 532 2149 61:06
553 2121 586 2148 νὰ
613 2121 667 2158 μὴν
695 2120 740 2148 τὸν
769 2118 930 2159 συντρίϐουν.
955 2120 1004 2148 Καὶ

177 2165 301 2204 ὑπομένει
316 2167 330 2194 6
352 2165 485 2206 δυστυχὴς
510 2166 554 2194 τὸν
580 2166 662 2193 κόπον
692 2164 822 2204 ματαίως,
845 2163 911 2192 διατὶ
925 2164 1003 2204 χάνει

177 2211 222 2239 τὸν
239 2211 343 2249 μισθὸν,
361 2209 394 2248 μὲ
419 2210 450 2238 τὸ
478 2210 510 2239 νὰ
531 2209 602 2237 εἶναι
628 2208 795 2249 κυριευμένος
823 2209 875 2237 ἀπὸ
890 2209 938 2242 τὴν
954 2219 1003 2236 κε-

177 2254 304 2292 νοδοξίαν,
335 2255 418 2294 χωρὶς
442 2255 473 2283 νὰ
500 2255 531 2283 :6
553 2252 757 2292 καταλαμϐάνῃ,
780 2254 824 2282 καὶ
849 2258 896 2282 τοῦ
910 2253 1002 2293 φαίνε-

177 2312 220 2329 ται
235 2303 292 2332 πῶς
307 2306 376 2329 εἶναι
392 2300 466 2340 τάχα
492 2299 676 2339 προσεκτικός.
709 2299 758 2328 Καὶ
778 2297 892 2330 πολλαῖς
908 2304 1003 2338 φοραῖς

177 2351 338 2386 καταφρονεῖ
360 2345 413 2373 ἀπὸ
437 2345 487 2378 τὴν
513 2343 705 2383 ὒπερηφάνειάν
732 2354 778 2372 του
805 2343 865 2375 τοὺς
895 2341 1002 2380 ἄλλους,

177 2391 221 2419 καὶ
246 2390 306 2422 τοὺς
335 2396 493 2429 κατηγορεῖ,
523 2389 567 2417 καὶ
596 2388 726 2416 συσταίνει
764 2388 809 2416 τὸν
838 2387 931 2416 ἑαυτόν
959 2399 1005 2416 του

177 2435 371 2476 φανταζόμενος
407 2435 440 2472 μὲ
467 2434 515 2468 τὴν
551 2432 639 2468 ἐδικήν
667 2444 713 2461 του
753 2432 908 2472 φαντασίαν,
946 2435 1004 2464 πῶς

177 2480 249 2508 εἶναι
270 2479 339 2512 ἄξιος
355 2479 386 2507 νὰ
401 2478 465 2519 γένῃ
489 2477 618 2517 ποιμένας
646 2476 796 2517 προϐάτων,
813 2477 857 2505 καί
872 2477 903 2505 νὰ
919 2476 1004 2516 ὁδηγῇ

177 2524 272 2556 ἄλλους
290 2531 297 2538 ·
329 2524 372 2552 καὶ
397 2523 516 2561 ὁμοιάζει
541 2523 575 2561 μὲ
609 2522 654 2551 τόν
683 2521 781 2562 τυφλὸν
807 2521 910 2550 ἐκεῖνον
939 2522 1004 2552 61:06

176 2570 325 2610 ὑπόσχεται
341 2568 373 2597 νὰ
387 2567 473 2607 ὁδηγῇ
488 2566 582 2600 ἄλλους
605 2566 729 2607 τυφλούς.

217 2640 314 2670 Τοῦτος
340 2636 411 2666 εἶναι
441 2636 455 2664 6
484 2634 600 2675 δεύτερος
628 2635 738 2674 τρόπος,
768 2634 812 2662 καὶ
839 2633 913 2662 κάνει
928 2634 1005 2674 χρεία

176 2685 191 2713 6
205 2682 264 2712 καθ’
278 2683 340 2715 ἕνας
367 2682 434 2711 61:06
460 2680 528 2710 θέλει
556 2680 606 2714 τὴν
633 2679 764 2720 σωτηρίαν
792 2690 848 2716 του,
884 2679 914 2706 νὲι
930 2679 1001 2717 μάθῃ

178 2729 228 2763 τὴν
249 2728 346 2766 ζημίαν
375 2728 441 2756 61:06
469 2731 519 2766 τοῦ
542 2724 665 2766 προξενεῖ
692 2725 729 2757 εἷς
753 2724 804 2758 τὴν
825 2724 929 2764 ψυχὴν,
958 2724 1002 2752 καὶ

176 2773 208 2802 νᾶ
228 2764 352 2813 προσέχῃ
378 2771 479 2804 καλῶς.
506 2764 592 2809 ’δμὼς
613 2773 705 2803 τοῦτος
727 2770 742 2798 6
771 2768 890 2809 δεύτερος
905 2768 1002 2808 τρόπος

177 2817 238 2848 ετνα
251 2812 411 2857 γκαλῆτερος
435 2815 490 2846 ἀπὸ
515 2815 560 2845 τὸν
594 2817 699 2857 πρῶτον
727 2814 814 2846 καθὼς
848 2812 920 2844 εἶναι
953 2824 1004 2842 κα-

1039 246 1088 280 τὴν
1109 246 1189 319 Ξύκτα
1203 247 1251 280 τὴν
1266 247 1416 286 σκοτεινὴν,
1438 247 1483 276 καὶ
1496 247 1598 282 ἐκείνην
1613 249 1680 279 61:06
1693 247 1764 277 εἶναι
1778 247 1864 288 χωρὶς

1040 301 1107 319 mw
1126 302 1162 319 οι.

1040 301 1162 332 φεγγαρι.

1246 367 1260 384 α
1277 356 1338 396 Περὶ
1352 359 1398 385 τοῦ
1411 357 1496 396 τρίτου
1513 357 1622 398 τρόπου.
1641 369 1654 387 ι

1083 431 1112 466 εΟ
1140 437 1225 477 τρίτος
1249 437 1345 477 τρόπος
1375 438 1447 466 εἶναι
1480 438 1591 472 ἀληθινὰ
1619 441 1728 479 πρᾶγμα
1749 437 1867 479 παράδο-

1042 481 1097 522 ξον,
1126 482 1170 510 καὶ
1204 481 1486 522 δυσκολοερμήνευτον,
1521 484 1566 512 καὶ
1593 484 1630 515 εἷς
1658 483 1774 516 ὲκείναυς
1798 485 1868 514 61:06

1043 525 1085 554 δὲν
1099 527 1144 554 τὸν
1158 526 1270 566 ἰξεύρουν
1292 526 1338 567 ὄχι
1364 527 1445 566 μόνον
1469 527 1540 556 εἶναι
1569 527 1865 567 δυσκολοκατάληπτος,

1042 569 1111 598 ἀλλᾶ
1137 570 1197 603 τοὺς
1223 571 1340 611 φαίνεται
1366 571 1463 612 σχεδὸν
1488 573 1532 601 καὶ
1559 572 1724 611 ἀπίστευτος,
1758 573 1802 601 καὶ
1823 572 1869 601 δὲν

1041 617 1071 644 :6
1086 616 1223 645 πιστεύουν
1248 619 1305 648 πῶς
1335 616 1433 655 γίνεται
1461 617 1605 658 παρόμοιον
1627 621 1747 659 πρᾶγμα,
1773 617 1868 653 ἐπειδὴ

1041 661 1085 689 καὶ
1115 662 1151 694 είς
1185 661 1248 693 τοὺς
1268 662 1374 700 καιροὺς
1402 661 1508 694 τούτους
1531 661 1574 690 δὲν
1604 663 1747 702 εὒρίσκεται
1774 665 1869 695 τοῦτος

1042 708 1056 736 6
1077 707 1174 747 τρόπος
1202 708 1239 739 εἱς
1260 706 1386 745 πολλοὺς,
1409 707 1477 736 ἀλλὰ
1504 709 1540 740 εἰς
1563 707 1650 737 πολλὰ
1678 707 1793 748 ὀλίγους.
1816 709 1870 738 Καὶ

1043 753 1128 784 καθὼς
1145 751 1199 791 ἐγὼ
1212 751 1328 791 λογιάζω
1356 753 1419 781 αὐτὸ
1446 753 1477 781 τὸ
1505 752 1586 781 καλὸν
1606 752 1699 793 ἔφυγεν
1727 753 1779 782 ἀπὸ
1794 754 1869 792 ἡμᾶς

1043 799 1114 834 μαζή
1129 797 1163 835 μὲ
1177 797 1226 831 τὴν
1253 797 1383 831 ὑπακοήν.
1402 798 1476 826 Διατὶ
1502 798 1520 832 ἡ
1547 798 1652 832 ὑπακοὴ
1675 799 1742 827 ὀποῦ
1764 798 1838 829 κάνει
1854 799 1870 827 6

1045 842 1106 870 κάθε
1141 841 1200 874 ἕνας
1229 843 1265 874 εἷς
1293 843 1338 871 τὸν
1367 843 1542 880 πνευματικόν
1576 854 1621 871 του
1643 842 1756 882 Πατέρα,
1780 843 1869 877 ἐκείνη

1043 887 1089 915 τὸν
1113 887 1187 917 κάνει
1208 887 1352 927 ἀμέριμνον
1367 887 1420 916 ἀπὸ
1442 887 1502 926 ὅλα,
1525 887 1616 921 ἐπειδὴ
1637 888 1681 916 καὶ
1703 887 1790 927 ἕῤῥιψε
1817 888 1870 922 τὴν

1045 931 1172 971 μέριμνάν
1202 943 1249 962 του
1276 933 1313 964 εἷς
1339 933 1383 961 τὸν
1411 932 1588 970 πνευματικόν
1618 943 1663 961 του
1685 932 1800 972 Πατέρα,
1823 933 1870 962 καὶ

1044 975 1115 1004 εἶναι
1130 975 1211 1005 πλέον
1233 977 1334 1016 μακρὰν
1363 977 1416 1005 ἀπὸ
1444 977 1494 1011 τὴν
1521 977 1699 1017 προσπάθειαν
1712 977 1805 1006 τούτου
1820 981 1869 1006 :06

1044 1020 1156 1061 κόσμου,
1186 1021 1229 1049 καὶ
1255 1021 1342 1050 πολλὰ
1369 1021 1502 1062 πρόθυμος
1543 1022 1587 1050 καὶ
1628 1021 1721 1054 ἄοκνος
1752 1021 1869 1061 ἐργάτης

1043 1065 1135 1094 τούτου
1149 1069 1195 1094 :06
1224 1065 1309 1105 τρίτου
1334 1066 1432 1106 τρόπου
1449 1075 1456 1083 “
1480 1065 1577 1098 ἀνίσως
1604 1065 1677 1104 ὅμως
1703 1067 1748 1095 καὶ
1775 1066 1870 1100 ἤθελεν

1043 1109 1159 1150 ἐπιτύχῃ
1189 1109 1354 1148 διδάσκαλον,
1387 1111 1431 1139 καὶ
1458 1111 1634 1148 πνευματικὸν
1664 1110 1766 1150 Πατέρα
1795 1110 1870 1146 ἀλη-

1042 1155 1112 1182 θινὸν
1144 1155 1188 1183 καὶ
1215 1154 1333 1195 ἀπλανῆ,
1360 1156 1443 1196 χωρὶς
1465 1156 1498 1184 νὰ
1527 1155 1580 1195 ἔχη
1609 1155 1728 1193 κᾶμμίαν
1749 1155 1868 1190 πλάνην,

1045 1200 1117 1228 Διότι
1146 1199 1247 1232 ἐκεῖνος
1274 1201 1340 1229 ὀποῦ
1367 1200 1502 1241 ἁφιερώσῃ
1536 1201 1581 1228 τὸν
1617 1201 1708 1228 ἑαυτόν
1736 1211 1794 1241 του,
1825 1202 1870 1230 καὶ

1044 1243 1108 1277 ὅλην
1136 1255 1182 1272 του
1207 1244 1256 1277 τὴν
1286 1244 1414 1284 μέριμναν
1445 1246 1482 1276 εἷς
1502 1245 1548 1273 τὸν
1579 1246 1654 1282 Θεὸν,
1687 1246 1732 1274 καὶ
1756 1246 1792 1277 εἰς
1821 1247 1868 1274 τὸν

1013 830 1032 855 Β

1043 1290 1219 1328 πνευματικόν
1242 1301 1286 1318 του
1317 1290 1430 1330 Πατέρα,
1460 1291 1506 1322 μιαὶ
1535 1291 1569 1328 μὲ
1594 1291 1644 1322 τὴν
1669 1291 1789 1324 ὑπακοὴν
1818 1291 1869 1325 τὴν

1044 1334 1182 1372 ἀληθινὴν,
1212 1334 1255 1362 δὲν
1282 1338 1316 1373 ζῇ
1342 1335 1422 1364 πλέον
1451 1335 1522 1371 ζωὴν
1552 1334 1641 1370 ἒδικήν
1665 1347 1721 1372 του,
1745 1337 1811 1364 ὀποῦ
1836 1337 1870 1366 νὰ

1044 1379 1112 1418 κάνῃ
1128 1380 1158 1408 τό
1181 1379 1285 1417 θέλημά
1312 1391 1370 1417 του,
1400 1379 1467 1407 ἀλλὰ
1493 1381 1609 1418 νεκρωθῇ
1630 1380 1682 1408 ἀπὸ
1704 1380 1765 1408 κάθε
1781 1392 1869 1420 προσ-

1045 1424 1153 1452 πάθειαν
1181 1429 1227 1453 τοῦ
1264 1424 1378 1465 κόσμου,
1416 1425 1460 1453 καὶ
1486 1429 1532 1454 τοῦ
1567 1423 1629 1453 ἰδίου
1655 1436 1701 1453 του
1729 1425 1868 1465 σώματος,

1045 1467 1148 1500 ἐκεῖνος
1180 1469 1233 1497 ἀπὸ
1260 1476 1339 1497 ποῖον
1368 1473 1477 1509 πρᾶγμα
1506 1470 1668 1509 προσωρινὸν
1693 1470 1814 1510 ἠμπορεῖ
1836 1471 1870 1499 νὰ

1043 1514 1139 1551 νικηθῇ
1175 1514 1219 1542 καὶ
1246 1514 1279 1542 νᾶι
1305 1513 1446 1554 δουλωθῇ;
1485 1514 1503 1548 ἢ
1542 1515 1618 1543 ποίαν
1655 1513 1795 1554 μέριμναν,
1824 1517 1870 1544 καὶ

1044 1557 1164 1597 φροντίδα
1178 1558 1297 1598 ἦμπορεϊ
1319 1559 1349 1586 νὰ
1364 1557 1417 1598 ἔχῃ
1430 1560 1443 1586 ὁ
1465 1562 1583 1591 τοιοῦτος
1610 1558 1743 1599 ἅνθρωπος
1761 1569 1769 1599 ;
1798 1558 1868 1588 Ἀπὸ

1044 1608 1136 1632 τοῦτον
1161 1603 1207 1630 τὸν
1235 1603 1331 1643 τρόπον
1362 1602 1455 1632 λοιπὸν
1477 1605 1542 1632 61:06
1570 1603 1640 1632 εἶναι
1669 1605 1740 1642 μαζὴ
1762 1604 1795 1642 μὲ
1816 1605 1868 1638 τὴν

1046 1648 1165 1681 ὑπακοὴν
1189 1647 1262 1680 ὅλαις
1293 1649 1310 1686 ᾗ
1338 1647 1448 1688 τέχναις
1474 1651 1528 1676 τῶν
1549 1646 1692 1688 δαιμόνων,
1723 1649 1766 1676 καὶ
1791 1647 1868 1682 ὅλαις

1045 1703 1105 1724 τους
1127 1693 1145 1730 ᾖ
1175 1692 1309 1732 ἐφεύρεσες
1337 1693 1403 1722 ὀποῦ
1431 1691 1613 1730 μεθοδεύονται
1643 1691 1685 1721 διὰ
1719 1694 1751 1721 νὰ
1776 1694 1868 1733 σύρουν

1045 1738 1089 1766 τὸν
1104 1741 1163 1765 νοῦν
1177 1738 1213 1769 εἰς
1242 1737 1355 1769 πολλοὺς
1383 1738 1426 1765 καὶ
1448 1736 1585 1778 διαφόρους
1611 1737 1767 1777 λογισμοὺς,
1792 1737 1867 1770 ὅλαις

1046 1781 1213 1822 ἀφανίζονται
1228 1783 1271 1810 καὶ
1296 1781 1457 1812 διαλύονται.
1484 1783 1533 1811 Καὶ
1560 1782 1620 1810 τότε
1642 1783 1656 1810 6
1683 1786 1743 1814 νοῦς
1769 1782 1870 1812 ἐκείνου

1043 1830 1088 1855 τοῦ
1113 1827 1248 1866 ἀνθρώπου
1271 1827 1343 1864 μένει
1365 1826 1496 1866 ἐλεύθερος
1518 1827 1571 1855 ἀπὸ
1598 1826 1657 1864 ὅλα,
1689 1827 1732 1855 καὶ
1761 1827 1793 1865 μὲ
1822 1838 1870 1865 με-

1043 1871 1129 1911 γάλην
1150 1871 1238 1900 ἄδειαν
1265 1873 1309 1900 καὶ
1339 1872 1469 1912 εὐκαιρίαν
1496 1871 1607 1907 ἐξετάζει
1636 1872 1696 1903 τοὺς
1724 1870 1868 1911 λογισμοὺς

1043 1917 1110 1946 61:06
1137 1921 1183 1946 :06
1208 1916 1301 1956 φέρουν
1333 1917 1356 1944 οἱ
1384 1915 1516 1954 δαίμονες1
1539 1917 1582 1944 καὶ
1601 1917 1635 1954 μὲ
1664 1915 1869 1950 ἐπιτηδειότητα

1045 1961 1165 2001 μεγάλην
1187 1962 1247 1993 τοὺς
1277 1961 1450 2001 ἀποδιώχνει,
1480 1961 1524 1989 καὶ
1551 1961 1585 1998 μὲ
1614 1960 1720 2001 καρδίαν
1755 1962 1868 2000 καθαρὰν

1044 2006 1186 2046 προσφέρει
1223 2006 1269 2038 τὰς
1296 2006 1448 2045 προσευχάς
1477 2016 1523 2034 του
1549 2005 1585 2037 εἰς
1614 2006 1660 2033 τὸν
1689 2005 1766 2035 Θεόν.
1797 2006 1869 2040 Αὐτὴ

1045 2051 1116 2079 εἶναι
1130 2052 1147 2085 ἡ
1174 2051 1248 2091 ἀρχὴ
1271 2054 1320 2084 τῆς
1346 2049 1473 2084 ἀληθινῆς
1503 2050 1648 2087 πολιτείας,
1679 2051 1723 2078 καὶ
1749 2049 1806 2078 ὅσοι
1827 2049 1869 2079 δὲν

1014 2095 1143 2127 ῡχάιιων
1166 2095 1267 2124 νέτοιαν
1289 2095 1388 2135 ἀρχὴν,
1413 2094 1530 2132 ματαίως
1551 2095 1705 2135 κοπιάζουν,
1720 2096 1764 2123 καὶ
1781 2094 1824 2123 δὲν
1839 2095 1869 2124 :6

1044 2140 1196 2179 γνωρίζουν.

1086 2185 1135 2213 Καὶ
1161 2186 1178 2218 ἡ
1208 2184 1282 2224 ἀρχὴ
1310 2185 1402 2213 τούτου
1430 2188 1476 2213 τοῦ
1500 2185 1586 2224 τρίτου
1610 2184 1706 2224 τρόπου
1727 2183 1769 2213 δὲν
1785 2185 1868 2223 εἶναι,

1044 2230 1074 2257 :6
1098 2229 1130 2258 νὰ
1155 2229 1264 2267 κοιτάζῃ
1283 2229 1357 2261 τινὰς
1378 2229 1415 2261 εἷς
1444 2229 1489 2257 τὸν
1517 2229 1636 2269 οὐρανὸν,
1663 2229 1706 2257 καὶ
1733 2230 1764 2257 νὰ
1798 2229 1870 2263 ἀση-

1044 2273 1117 2312 κώνῃ
1133 2274 1166 2302 τὰ
1180 2274 1258 2314 χέριά
1271 2285 1315 2302 του
1338 2273 1441 2312 ὑψηλὰ,
1471 2273 1515 2301 καὶ
1531 2274 1561 2300 vi
1590 2272 1643 2314 ἔχῃ
1672 2274 1718 2301 τὸν
1740 2278 1799 2304 νοῦν
1825 2285 1870 2302 του

1045 2319 1081 2350 εἰς
1096 2319 1129 2346 τὰ
1155 2320 1272 2358 οὐράνια,
1300 2319 1344 2347 καὶ
1364 2318 1466 2347 ἐκεῖθεν
1495 2318 1526 2346 νὰ
1554 2321 1622 2356 ζητῇ
1648 2317 1773 2356 βοήθειαν
1790 2328 1799 2337 θ
1828 2319 1869 2348 ὅτι

1046 2363 1122 2404 αὐτὰ,
1151 2364 1238 2395 καθὼς
1267 2363 1394 2404 εἴπαμεν,
1424 2363 1496 2391 εἶναι
1533 2361 1662 2400 ἰδιώματα
1690 2366 1736 2392 :06
1764 2363 1869 2403 πρώτου

1045 2409 1154 2448 τρόπου,
1183 2409 1227 2437 καὶ
1249 2408 1320 2436 εἶναι
1349 2410 1398 2442 τῆς
1426 2407 1543 2440 πλάνης.
1571 2407 1645 2442 Μήτε
1673 2407 1752 2436 πάλιν
1767 2409 1800 2438 vi
1826 2421 1871 2449 φυ-

1045 2452 1129 2491 λάττῃ
1145 2453 1216 2485 τινὰς
1231 2453 1266 2490 μὲ
1281 2453 1325 2481 τὸν
1352 2457 1411 2482 νοῦν
1437 2463 1483 2480 του
1511 2458 1572 2484 ταῖς
1600 2451 1727 2486 αἴσθησές
1756 2464 1813 2490 του,
1827 2457 1871 2485 καὶ

1045 2498 1076 2526 νὰ
1091 2497 1213 2539 προσέχῃ
1229 2497 1290 2529 ὅλος
1305 2497 1338 2526 δι’
1354 2497 1416 2526 ὅλου
1447 2498 1484 2528 εἷς
1509 2499 1586 2525 τοῦτο
1603 2506 1610 2514 ·
1640 2497 1684 2525 καὶ
1711 2497 1772 2529 τοὺς
1786 2497 1870 2526 πολέ-

1045 2554 1111 2581 μους
1139 2544 1200 2575 τοὺς
1221 2543 1392 2583 ἐσωτερικοὺς
1420 2544 1469 2576 τῆς
1500 2543 1593 2581 ψυχῆς
1615 2542 1680 2570 61:06
1703 2545 1750 2571 :06
1777 2542 1870 2574 κάνουν

1045 2590 1069 2616 οἱ
1083 2588 1173 2628 ἐχθροὶ
1187 2589 1219 2616 νὰ
1233 2588 1288 2626 μὴν
1309 2588 1368 2619 τοὺς
1399 2586 1498 2625 βλέπῃ,
1525 2587 1593 2624 μήτε
1620 2586 1652 2614 νὰ
1677 2587 1802 2628 προσέχῃ
1817 2587 1868 2616 ἀπὸ

1045 2633 1138 2665 αὖτοὺς
1161 2632 1201 2661 ὅτι
1218 2633 1282 2661 αὐτὰ
1306 2632 1378 2661 εἶναι
1401 2630 1532 2669 ἰδιώματα
1552 2635 1599 2660 τοῦ
1625 2629 1746 2671 δευτέρου
1759 2631 1868 2673 τρόπω,

1043 2678 1086 2707 καὶ
1110 2676 1201 2709 ὅποιος
1224 2677 1257 2707 τὰ
1286 2677 1508 2717 μεταχειρίζεται,
1539 2673 1698 2714 λαϐώνεται,
1727 2676 1781 2704 ἀπὸ
1811 2677 1868 2709 τοὺς

1043 2722 1178 2761 δαίμονας,
1198 2723 1235 2760 μὰ
1248 2721 1290 2751 δὲν
1317 2721 1431 2750 λαϐώνει
1449 2730 1457 2738 ⁸
1487 2719 1670 2760 πληγώνεται,
1697 2721 1742 2750 καὶ
1770 2720 1813 2749 δὲν
1840 2722 1869 2750 τὸ

1041 2767 1133 2808 ιξιύρει
1149 2776 1157 2784 '
1180 2766 1360 2796 σκλαϐώνεται
1393 2766 1437 2795 καὶ
1465 2764 1634 2802 δουλώνεται,
1654 2766 1699 2794 καὶ
1719 2765 1761 2795 δὲν
1776 2766 1868 2804 ἠμπο-

1043 2819 1086 2854 ριτ
1121 2812 1154 2842 νὰ
1187 2812 1263 2852 κάμῃ
1289 2811 1339 2846 τὴν
1366 2810 1498 2846 ἐκδίκησιν
1525 2810 1562 2843 sl:
1591 2809 1705 2844 ὶκείνους
1734 2811 1802 2840 61:06
1822 2811 1866 2840 τὸν
