1982 3075
101 185 165 219 709

588 181 783 217 APPENDIX
802 182 854 215 AD
876 179 1086 214 SYMEONEM
1106 178 1301 215 JUNIOREM

1739 179 1800 214 ’210

102 265 175 292 ματα
198 257 247 288 τῆς
271 256 363 294 ψυχῆς
385 253 417 283 νὰ
437 254 482 282 τὸν
503 255 599 293 θεωρῇ,
629 252 672 281 καὶ
700 253 732 281 νὰ
752 249 1013 292 προσεύχεταιΛγ-αὶ
1042 248 1160 288 δεύςερος
1190 247 1282 288 ερόπος
1310 246 1353 275 δὶν
1381 247 1549 286 προκόπτων
1577 246 1623 274 τὸν
1650 245 1797 286 ἄνθρωπον.

103 301 226 339 καθαρῶς
247 299 274 327 ὲν
293 299 403 335 ἀληθείᾳ
416 299 503 331 καθὼς
516 298 622 339 πρέπει,

146 390 221 424 Πλὴν
236 390 266 418 τὸ
281 390 312 418 vit
327 389 414 428 βλέπῃ
444 390 481 421 εἷς
506 390 552 417 τὸν
580 389 700 428 οὐρανὸν,
730 387 817 417 πολλὰ
832 387 934 426 ὁλιγσιις

105 442 202 476 φοραῖς
225 434 319 474 πρέπει
342 435 373 462 νὰ
393 435 424 462 τὸ
450 434 519 471 κράνη
533 432 575 461 διὰ
596 434 642 461 τὸν
671 432 750 473 φόϐον
774 436 826 461 τῶν
849 443 919 466 πονη

107 483 161 519 ρῶν
187 479 345 517 πνευμάτων
374 480 440 508 ὁποῦ
471 481 611 507 κατοικῶν
641 479 677 510 εἰς
704 478 749 506 τὸν
778 478 853 518 ἀέρα,
892 478 936 505 καὶ

107 523 150 551 διὰ
177 527 255 552 τοῦτο
283 523 457 561 ὀνομάζονται
486 523 589 562 ἐναέρά
617 523 764 561 πνεύματα,
794 522 826 550 τὰ
854 522 936 550 ὁποῖα

105 568 246 608 προξενοῦν
284 567 399 599 πολλαῖς
440 568 483 596 καὶ
516 566 651 607 διάφοραις
682 566 794 598 πλάναις
825 567 860 597 εἱς
889 566 932 594 τὸν

105 611 170 651 ἀέρα
187 619 195 626 ⁸
233 612 276 640 καὶ
312 611 406 651 πρέπει
442 612 473 639 να
500 610 688 650 προσέχωμεν.
721 609 829 643 Ἐπειδὴ
857 613 934 637 τοῦτο

106 657 216 697 μοναχὰ
239 660 317 692 ζητεῖ
332 658 345 684 ὁ
362 657 426 688 Θεὸς
455 656 508 684 ἀπὸ
537 657 623 693 ἡμᾶς,
653 656 683 682 τὸ
698 655 729 683 νὰ
745 655 814 683 εἶναι
828 655 933 693 καθαρι-

106 701 193 739 σμένη
213 702 230 735 ἡ
245 699 337 740 καρδία
362 712 414 738 μας
443 701 477 738 μὲ
504 700 554 733 τὴν
583 698 689 739 φύλαξιν
712 700 756 727 καὶ
781 699 932 739 προσοχήν.

107 746 158 774 Καὶ
172 745 267 777 ἀνίσως
292 746 309 779 ἡ
334 745 389 784 ῥίζα
413 745 483 774 εἶναι
515 745 587 785 ἁγία,
613 745 699 776 καθὼς
724 743 795 783 λέγει
817 746 832 772 ὁ
847 743 933 772 Ἀπό-

106 789 216 825 στολος,
238 791 349 830 φανερὸν
371 790 454 828 εἶναι,
476 793 533 821 πῶς
556 789 599 817 καὶ
620 791 643 817 οἱ
658 788 747 818 σκάδοι
763 789 834 817 εἶναι
850 788 933 828 ἅγιοι,

105 836 151 863 καὶ
186 836 200 863 ὁ
227 835 339 874 καρπός,
374 835 457 874 Χωρὶς
479 833 507 863 δὲ
533 835 578 863 τὸν
599 834 697 874 τρόπον
719 835 783 862 orco-3
806 833 932 873 εἴπαμεν,

104 878 198 911 ὅποιος
213 879 348 913 ἆσηκώνει
370 880 402 908 τὰ
430 879 512 917 μάτιά
539 890 585 909 τοι)
612 880 655 907 καὶ
684 880 728 907 τὸν
757 883 877 907 νοῦ-ιτευ
898 879 964 924 εἰςΒ

103 925 150 952 τὸν
180 924 298 964 οὐρανὸν,
325 925 369 952 καὶ
390 924 459 952 θέλει
487 925 520 953 νὰ
547 924 703 964 φαντάζεται
724 923 823 952 xii-nou
839 923 930 957 νοητὰ,

104 969 184 1000 αὐτὸς
210 969 355 1009 φαντασίας
383 969 474 1007 βλέπει
502 969 546 997 καὶ
568 969 679 1006 ῴεύτικα
706 969 861 1008 πράγματα,
891 964 934 996 καὶ

105 1013 154 1053 ὅχι
189 1013 311 1051 ἀληθινὰ,
342 1013 375 1050 μὲ
404 1015 435 1042 τὸ
464 1014 495 1042 νὰ
524 1013 594 1041 εἶναι
624 1013 769 1053 ἀκάθαρτος
797 1014 814 1047 ἡ
843 1011 934 1052 καρδία

105 1068 165 1088 του.
183 1059 233 1086 Καὶ
256 1058 341 1090 καθὼς
367 1058 481 1096 εἴπαμεν
510 1057 626 1089 πολλαῖς
652 1064 758 1098 φοραῖς,
789 1059 803 1086 ὁ
830 1061 933 1097 πρῶτος

977 295 1051 322 Διατὶ
1071 294 1158 325 καθὼς
1189 292 1251 321 ὅταν
1273 291 1391 330 θέλωμεν
1419 292 1451 320 νὰ
1480 293 1611 329 κτίσωμεν
1641 290 1685 319 ’ἶνα
1707 294 1799 330 σπήτι,

975 337 1017 366 δὲν
1032 338 1146 376 βάνομεν
1175 340 1279 377 πρῶτον
1305 338 1354 368 τὴν
1383 336 1498 375 “army,
1528 336 1572 364 καὶ
1597 335 1690 375 ὕστερα
1709 337 1740 364 τὸ
1754 338 1800 364 ϐε-

976 383 1081 423 μέλιον,
1112 382 1180 410 ὃιατὶ
1208 385 1285 410 τοῦτο
1314 382 1385 410 εἶναι
1415 380 1540 410 ἀδύνατον
1557 388 1565 396 ⁸
1596 379 1664 408 ἀλλὰ
1698 381 1802 420 πρῶτον

977 428 1090 465 βάλλομεν
1113 428 1141 455 τὸ
1156 426 1288 466 θεμέλιον,
1313 427 1357 454 καὶ
1385 426 1478 465 ὕστερα
1506 425 1627 462 κτίζομεν
1648 426 1679 453 τὸ
1707 427 1800 465 arri-ct,

976 473 1021 500 καὶ
1050 473 1110 501 τότε
1140 472 1254 510 βάνομεν
1281 471 1325 499 καὶ
1352 471 1401 504 τὴν
1423 470 1524 504 σκέπην
1543 480 1549 487 ·
1574 469 1625 505 ἕτζι
1650 470 1743 510 πρέπει
1770 471 1802 499 νὰ

976 517 1103 554 κᾷίιωμεν
1119 517 1163 544 καὶ
1179 517 1215 548 εἰς
1232 517 1262 544 τὰ
1287 516 1452 554 πνευματικά
1467 524 1473 530 '
1498 517 1603 554 πρῶτον
1632 515 1663 543 τὰ
1679 515 1802 553 βάλωμεν

976 561 1112 599 θεμέλιον,
1138 561 1217 599 ἤγουν
1242 562 1273 589 vi:
1301 560 1456 601 φυλάξωμεν
1481 560 1530 593 τὴν
1551 558 1669 600 καρδίαν,
1699 561 1742 588 καὶ
1770 561 1802 588 va

974 606 1208 645 ὀλιγωθτειζσωμεν
1223 606 1276 634 ἀπὸ
1305 607 1387 640 αὐτὴν
1416 606 1448 635 τὰ
1476 605 1560 642 πάθη,
1590 605 1634 632 καὶ
1661 604 1755 644 ὕστερα
1770 605 1802 633 νὰ

975 652 1106 688 κτίσωμεν
1121 652 1151 678 τὸ
1166 651 1344 688 πνευματικὸν
1372 652 1454 684 ert-ﬁn
1472 659 1480 666 '
1510 649 1592 689 ἤγουν
1614 650 1645 677 νὰ
1668 648 1801 687 διώξωμεν

975 698 1023 731 τήν
1050 698 1173 737 ταραχὴν
1194 701 1249 726 τῶν
1265 701 1388 737 πονηρῶν
1416 696 1573 734 πνετμάτων
1602 697 1668 726 (2ποῦ
1682 700 1734 734 μᾶς
1749 708 1802 725 πο-

974 743 1071 781 λεμοῦν
1086 742 1119 780 μὲ
1134 749 1195 774 ταῖς
1217 742 1344 776 αἴσθησες
1361 751 1367 757 ¹
1384 742 1428 770 καὶ
1457 742 1487 769 vi
1509 741 1647 781 φεύγωμεν
1671 742 1701 769 τὺ
1722 741 1800 781 ὀγλι-

974 788 1121 828 γωρότερον
1139 789 1183 816 τὸν
1212 787 1330 825 πόλεμον
1359 787 1456 824 «Br-FN,
1486 787 1530 814 καὶ
1558 786 1618 814 τότε
1632 786 1664 814 νὰ
1678 786 1801 824 βάνωμεν

974 833 1018 861 καὶ
1039 833 1087 866 τὴν
1103 832 1204 866 σκέπην
1220 841 1228 849 ⁸
1253 832 1334 872 ἧγῦυν
1360 832 1392 859 νὸι
1410 831 1601 870 ἀναχωροῦμεν
1625 830 1732 862 τελείως
1748 831 1800 859 ἀπὸ

976 878 1024 906 ὅλα
1059 878 1085 906 τὰ
1115 878 1268 917 πράγματα,
1291 878 1335 905 καὶ
1365 877 1397 904 νὰ
1421 876 1596 916 ςίρηνεύωμεν
1625 876 1711 908 καθὼς
1733 876 1800 916 πρέ-

974 934 1018 951 πει
1032 923 1076 951 καὶ
1092 923 1123 950 νὰ
1151 921 1279 960 διδώμεθπ
1307 921 1376 953 ὅλως
1405 920 1491 949 διόλω
1517 921 1552 952 εἶς
1581 920 1625 948 τὸν
1655 920 1730 952 Θεὸν,
1749 921 1799 950 Καὶ

975 966 1027 1003 ἴτζι
1055 967 1229 1006 τελειώνομ,εν
1256 968 1286 996 τὸ
1315 967 1492 1004 πνευμπτιιιὸν
1527 967 1610 998 στῦιτι
1635 965 1662 993 ἐν
1696 969 1800 1006 Χριστῳ

976 1011 1063 1046 ἰι-,σοῦ
1078 1016 1115 1050 τῷ
1140 1013 1222 1052 Imp-9p
1251 1013 1328 1050 ἡμῶν
1348 1019 1354 1026 ·
1385 1013 1408 1049 ᾧ
1429 1012 1446 1046 ἠ
1473 1009 1534 1043 δόξει
1562 1011 1598 1042 εἰς
1628 1010 1687 1042 τοὺς
1703 1011 1799 1043 αἰῶνας

975 1060 1027 1086 τῶν
1044 1057 1093 1086 aid)
1100 1068 1156 1088 ww.
1173 1056 1201 1085 Ἀ
1207 1058 1259 1095 μήτε
1265 1081 1271 1088 ,

109 1148 1774 1167 W

763 1224 1132 1283 APPENDIX.

175 1458 626 1575 SCHOMSTIGI
675 1365 1027 1573 ﬂUJUSDiM
1076 1458 1414 1571 lllilAiGliS
1464 1458 1549 1568 Illi
1600 1457 1733 1569 llllil

669 1657 721 1688 AD
748 1652 958 1687 SYMEONEM
985 1652 1233 1685 THEOLOGUM.

145 1831 371 1879 Iuranaoauro.
388 1836 465 1873 Quid
480 1842 543 1870 erat
569 1839 601 1870 in
630 1837 753 1876 mundo,
769 1841 927 1879 antequam
937 1843 956 1869 c
970 1847 1027 1879 que
1043 1845 1173 1878 praesens
1183 1835 1232 1872 sit,
1246 1834 1668 1877 quemadmodumafﬁrmasti,
1680 1834 1716 1867 ab
1729 1844 1792 1866 om-

109 1877 267 1910 exsisteret
274 1881 289 1911 ?

107 1923 323 1998 d_tI;i:51>0Nsio.
336 1927 424 1965 Deus,
448 1927 542 1968 ipsius
568 1927 672 1960 mundi
689 1936 797 1969 parens
813 1931 842 1959 et
855 1936 930 1958 con-

128 1977 137 1998 Ι
172 1978 198 1998 l'.

128 1971 198 1999 iter.

149 2012 207 2044 [ΝΤ.
224 2015 297 2046 Cum
307 2016 438 2048 nondum
453 2017 730 2056 exstaretmundus,
744 2027 801 2059 quo
810 2016 930 2048 tandem

108 2061 194 2098 pacto
209 2058 239 2090 in
256 2061 365 2091 mundo
381 2066 444 2093 erat
460 2061 475 2091 ‘2

109 2146 116 2152 _
147 2101 386 2152 IEestuoniam
397 2106 537 2145 mundus,
553 2107 640 2138 etiam
654 2107 825 2148 priusquam
833 2106 928 2147 ﬁeret,

108 2146 138 2192 in
151 2146 213 2179 Deo
229 2150 317 2189 plane
333 2154 471 2192 tanquam
487 2152 580 2184 factus
595 2146 693 2183 inerat
707 2162 714 2182 :
733 2146 929 2192 quemadmo-

108 2191 179 2223 dum
189 2193 326 2226 homines
337 2191 465 2236 quoque,
478 2197 605 2228 necdum
617 2197 647 2228 in
657 2191 844 2228 hanciucem
856 2196 928 2234 nati,

109 2237 209 2277 utjam
222 2239 281 2269 nati
291 2241 369 2280 apud
381 2241 474 2272 Deum
487 2246 567 2273 sunt.
581 2241 688 2273 Omnia
707 2242 827 2282 quippe,
840 2241 929 2273 etiam

107 2282 239 2327 nondum
250 2288 414 2324 procreata,
426 2286 456 2316 in
467 2286 571 2327 seipso
590 2286 753 2322 constituit,
767 2286 822 2317 etsi
836 2285 866 2316 id
883 2288 931 2316 in-

107 2326 278 2366 telligentia;
293 2334 400 2361 nostra
415 2330 651 2363 imbecillitatem
669 2331 798 2372 eﬂ‘ugiat.

147 2372 208 2403 INT.
226 2372 256 2404 Si
274 2374 362 2414 igitur
377 2375 407 2406 in
424 2376 533 2406 mundo
562 2380 626 2407 erat
654 2376 743 2413 Deus,
774 2373 932 2416 antequam

107 2417 250 2461 mundum
261 2418 433 2457 aadiﬁcaret,
444 2420 539 2458 utais,
551 2420 623 2461 quid
635 2430 670 2451 eo
685 2420 794 2451 factum
810 2424 864 2456 est,
881 2420 935 2453 ubi

105 2459 189 2492 illum
206 2463 369 2502 produxit?
379 2465 456 2496 Num
468 2465 504 2496 ab
528 2459 718 2501 eosecessit:
736 2474 774 2496 an
789 2465 886 2496 adhuc
901 2464 932 2495 in

105 2513 142 2536 eo
158 2510 257 2537 manet
271 2506 287 2537 ?

145 2549 237 2582 Resp.
256 2552 333 2582 Loco
356 2552 476 2593 quidem
505 2563 523 2584 a
552 2553 698 2585 creaturis
722 2552 784 2585 suis
799 2553 931 2594 ipsarum

105 2599 222 2627 creator
231 2595 311 2627 Deus
321 2602 476 2638 separatus
485 2607 542 2629 non
555 2603 612 2630 est.
625 2599 687 2635 Quo
699 2599 780 2630 enim
790 2607 822 2629 se
839 2602 932 2628 trans-

104 2641 210 2680 ferret,
221 2651 332 2682 quaaso.
343 2642 394 2683 qui
404 2642 515 2683 ubique
526 2653 656 2684 prmsens
666 2643 762 2678 adest,
780 2647 809 2673 et
818 2642 930 2673 divini-

103 2689 163 2717 tate
179 2695 233 2717 sua
246 2686 350 2726 implet
364 2687 513 2724 universa,
539 2692 715 2728 naturaque,
741 2692 771 2718 et
786 2687 928 2724 essentia,

103 2735 134 2764 et
148 2731 349 2769 subsistentia,
365 2732 538 2773 caeterisque
564 2731 796 2774 proprietatibus
811 2741 931 2763 omnem

98 2782 234 2808 naturam
247 2776 395 2807 conditam
412 2777 540 2816 excedit,
558 2777 595 2808 ab
612 2787 706 2818 eaque
734 2778 883 2807 immenso
899 2780 929 2807 et

100 2821 352 2862 incomprehenso
368 2821 543 2853 discrimine
559 2822 738 2854 secernitur.

140 2867 202 2900 IN'I'.
219 2866 282 2904 Qua
296 2865 423 2905 ratione,
439 2875 509 2898 cum
524 2867 590 2899 loco
605 2876 666 2898 non
674 2866 777 2903 distet,
793 2865 848 2897 sed
862 2864 927 2897 ubi-

972 1882 1059 1914 nibus
1075 1886 1173 1912 tamen
1188 1881 1355 1921 sejungiiur
1370 1881 1385 1912 ἱ)

1011 1926 1097 1958 Resr.
1112 1925 1180 1957 Haec
1191 1926 1313 1966 quaestio
1321 1925 1472 1957 difﬁcilem
1481 1925 1722 1964 intelligentiam,
1735 1934 1795 1956 non

972 1971 1041 2002 item
1058 1970 1211 2002 difﬁcilem
1227 1970 1456 2011 explicationem
1486 1971 1586 2001 habet.
1617 1971 1679 2002 Deo
1694 1973 1794 2000 autem

974 2015 1048 2046 nihil
1063 2019 1108 2046 est
1122 2014 1318 2054 impossibile.
1334 2016 1436 2055 Itaque
1448 2017 1545 2055 potest
1558 2013 1610 2044 tibi
1623 2014 1712 2054 hujus
1722 2023 1797 2054 quo-

973 2068 1031 2100 que
1043 2059 1087 2089 rei
1098 2058 1216 2099 plenam
1228 2059 1434 2091 ﬁdemfacere.
1446 2062 1520 2099 Age,
1530 2058 1733 2098 intelligenter
1742 2067 1797 2089 au-

972 2104 1077 2135 sculta.
1095 2102 1189 2135 Sicuti
1201 2113 1286 2134 mens
1300 2104 1430 2135 humana
1447 2113 1503 2134 nec
1518 2102 1676 2134 cohibetur
1690 2103 1794 2141 muris,

971 2158 1027 2180 nec
1037 2148 1102 2179 loco
1114 2147 1390 2180 circumscribitur:
1417 2148 1469 2179 sed
1485 2157 1593 2187 corpus
1610 2151 1722 2178 tantum
1738 2146 1795 2177 do-

971 2193 1118 2224 munculae
1128 2191 1301 2229 includitur,
1320 2197 1348 2224 et
1358 2192 1484 2224 vinculis
1496 2190 1721 2231 constringitur,
1733 2190 1798 2231 ipsa

973 2241 1054 2269 extra
1065 2246 1174 2277 corpus
1188 2237 1286 2269 libere
1302 2237 1411 2278 ubique
1425 2242 1544 2277 vagatur
1557 2245 1564 2268 :
1579 2245 1634 2267 nec
1649 2235 1768 2267 interim
1780 2245 1797 2267 a

972 2293 1097 2325 corpore
1112 2288 1278 2325 separatur,
1295 2294 1351 2315 nec
1366 2294 1384 2315 a
1411 2283 1561 2315 domicilio
1577 2282 1679 2324 procul
1695 2281 1796 2323 distat,

972 2338 1076 2360 verum
1093 2333 1123 2360 et
1138 2329 1246 2360 absens
1259 2329 1491 2370 quodammodo,
1509 2328 1555 2359 his
1570 2328 1667 2367 adest,
1685 2331 1714 2358 et
1728 2336 1795 2358 cum

973 2373 1033 2404 illis
1043 2374 1128 2405 adest
1138 2374 1232 2412 abest,
1247 2374 1570 2415 priesentiamquecum
1578 2371 1712 2404 absentia
1720 2381 1794 2403 con-

970 2417 1090 2458 jungit:
1114 2418 1155 2449 ita
1182 2417 1261 2449 Deus
1276 2418 1399 2459 ubique,
1416 2422 1446 2449 et
1460 2418 1491 2449 in
1506 2416 1655 2454 omnibus,
1671 2420 1700 2447 et
1715 2420 1796 2448 extra

974 2462 1086 2500 omnia,
1097 2466 1127 2494 et
1137 2472 1283 2504 nusquam
1305 2467 1350 2493 est
1370 2467 1485 2504 natura,
1497 2461 1635 2500 essentia,
1648 2463 1679 2492 et
1688 2461 1795 2503 gloria,

941 2508 963 2533 D
973 2507 1041 2548 quia
1051 2507 1259 2538 circumscribi
1273 2507 1417 2539 limitibus
1433 2507 1510 2539 haud
1527 2509 1633 2547 potest.

1012 2551 1071 2583 INT.
1090 2551 1145 2588 Qui
1167 2561 1236 2592 ergo
1265 2562 1325 2583 non
1350 2551 1618 2588 circumscribitur,
1644 2549 1794 2592 quomodo

972 2596 1076 2637 implet
1092 2596 1216 2627 omnia?
1232 2596 1289 2633 Qui
1299 2597 1403 2638 implet
1417 2597 1526 2633 omnia,
1544 2595 1692 2637 quomodo
1708 2595 1797 2627 incir-

971 2641 1169 2682 cumscriptus
1184 2645 1240 2682 est,
1257 2645 1287 2673 et
1301 2652 1444 2684 nusquam
1462 2646 1507 2673 est
1519 2641 1534 2669 ‘I

1013 2684 1102 2717 RESP.
1116 2685 1192 2716 Sane
1204 2686 1325 2727 quidem
1335 2696 1481 2718 concessu
1491 2685 1622 2717 omnium
1635 2684 1714 2715 Deus
1725 2684 1796 2715 ubi-

972 2740 1030 2771 que
1047 2735 1091 2761 est
1105 2741 1113 2769 ;
1129 2735 1157 2762 et
1171 2741 1238 2762 cum
1255 2731 1377 2773 impleat
1393 2732 1503 2769 omnia,
1521 2731 1568 2762 his
1581 2739 1646 2771 quae
1660 2729 1795 2761 videmus

972 2777 1093 2807 omnino
1106 2785 1165 2806 non
1182 2777 1395 2817 permiscetur:
1418 2777 1470 2808 sed
1487 2785 1522 2807 eo
1537 2775 1625 2806 modo
1639 2783 1698 2815 quo
1712 2773 1793 2805 dixi-

972 2830 1039 2852 mus
1054 2821 1231 2854 secernitur.
1246 2821 1397 2864 Nusquam
1413 2826 1512 2853 antem
1527 2824 1581 2859 est,
1597 2820 1676 2861 quod
1691 2818 1727 2851 ad
1742 2827 1794 2864 ca_-_

969 2867 1052 2906 ptum
1067 2868 1203 2897 nostrum
1216 2862 1331 2899 attinet.
1343 2866 1436 2899 Nemo
1445 2865 1527 2898 enim
1537 2864 1632 2902 novit,
1645 2872 1684 2895 ne
1694 2862 1795 2903 angeli
