1982 3075
205 182 262 219 711

628 185 872 222 SGHOLASTIGI
891 188 1088 223 CUIUSDAM
1108 187 1299 224 DIALOGUS
1321 189 1372 224 DE
1393 182 1478 224 ΠΕΟ.

1843 186 1909 223 ’7η

208 254 341 300 quidem,
354 253 405 300 ubi
417 254 455 285 sit
467 253 557 300 Deus.
568 253 632 286 Etsi
644 255 724 287 enim
736 256 805 288 illos
818 257 960 288 assistere
974 266 1028 288 au-
1038 260 1060 286 Α
1070 257 1231 295 intuentes,
1245 258 1277 290 in
1292 258 1358 300 ipsa
1373 262 1403 290 et
1416 257 1536 298 Filium,
1555 262 1585 290 et
1615 259 1734 291 Patrem
1760 261 1905 290 cernunt.

208 299 266 340 dis,
282 298 334 330 sed
350 299 456 330 throno
472 299 574 340 gloriae
588 309 595 331 :
608 304 715 332 etcum
734 302 947 342 procedentem
961 302 1032 333 inde

207 343 372 375 claritatem
385 348 488 375 contra
501 344 636 385 aspicere
645 350 807 386 nequeant,
823 346 930 378 timore
939 346 1032 378 facies

207 397 275 419 suas
289 388 399 428 velant,
414 393 593 431 stuporeque
600 390 729 430 attoniti,
744 391 885 431 hymnum
898 391 1031 422 divinum

207 443 358 476 nunquam
387 435 572 466 conticentes
607 436 808 468 modulantur.
850 437 1032 468 Intolerabili

206 489 338 521 namque
348 481 502 521 majestate
514 481 654 521 perculsi,
663 491 718 513 nec
726 482 887 522 concipere
895 486 1030 524 possunt,

208 535 264 557 nec
278 526 408 566 cogitare
420 526 472 557 ubi
485 526 630 558 Dominus
657 527 707 565 sit,
736 531 787 559 aut
801 527 895 568 qualis
911 527 959 559 sit.
977 527 1031 558 Et-

207 570 286 601 enim
303 571 329 601 si
343 570 445 602 oculos
460 571 491 601 in
506 572 860 612 coruscumsplendorem
877 572 1033 604 intendere

206 624 266 646 non
277 615 376 647 valent
386 615 534 656 quomodo
546 615 623 647 ultro
631 616 927 656 curioseinquirant?
939 617 1032 648 Deum

205 659 297 700 igitur
311 669 389 698 esse,
402 664 431 692 et
442 660 551 701 ubique
564 670 641 699 esse,
659 664 689 692 et
712 662 840 702 implere
856 662 956 693 omnia
970 666 1033 693 tum

207 705 316 745 angeli,
335 709 396 736 tum
411 705 517 743 sancti,
529 705 580 746 qui
593 705 717 746 seipsos
741 710 952 747 purgaverant,
972 710 1002 737 et
1017 715 1034 737 a

208 749 308 781 divino
319 749 429 790 Spiritu
441 750 601 781 illuminati
611 750 808 791 illustratique
818 755 898 789 sunt,
916 751 1030 782 sciunt:

207 794 262 826 ubi
276 799 386 833 autem,
401 798 453 826 aut
464 794 624 835 quomodo,
638 799 689 826 aut
698 795 795 836 qualis
804 795 853 834 sit,
871 805 960 827 nemo
972 805 1034 826 om-

208 839 292 870 nium
307 839 476 879 cognoscit:
499 839 552 870 sed
566 838 652 870 Pater
666 840 748 871 novit
762 839 881 881 Filium,
899 845 928 871 et
941 839 1034 872 Filius

1073 303 1137 335 Non
1152 304 1193 335 ita
1207 310 1381 344 peccatores
1399 307 1427 334 et
1455 303 1614 335 immundi.
1645 303 1690 335 Illi
1707 303 1787 335 enim
1804 312 1907 334 caco-

1072 357 1138 379 rum
1152 352 1181 379 et
1192 349 1267 379 nihil
1278 347 1472 380 sentientium
1484 348 1597 379 similes
1608 352 1686 380 sunt.
1698 348 1772 379 Nam
1784 351 1817 378 ut
1831 347 1907 378 caeci

1073 393 1224 424 sensibilis
1236 393 1325 433 hujus
1336 392 1408 423 solis
1419 392 1521 424 lumen
1532 393 1649 432 fulgens
1660 402 1718 424 nou
1731 393 1849 429 vident,
1862 392 1906 423 ita

1073 437 1130 478 ipsi
1145 437 1280 468 divinum
1299 437 1399 468 lumen
1415 446 1535 478 semper
1563 438 1668 469 lucens
1681 437 1805 468 minime
1819 436 1905 477 aspi-

1073 482 1166 520 ciunt,
1183 491 1239 513 nec
1255 482 1383 513 calorem
1399 482 1463 522 ejus
1476 482 1620 514 sentiunt.

1113 526 1174 559 IM'.
1190 526 1266 563 Quid
1280 536 1350 566 ergo
1364 527 1455 557 corde
1471 530 1501 557 et
1516 526 1617 557 animo
1634 527 1700 567 puri
1716 525 1841 557 vident?

1114 571 1204 603 RESP.
1218 571 1292 608 Quia
1305 571 1443 602 Deuslux
1454 575 1511 611 est,
1532 575 1562 602 et
1576 571 1625 602 lux
1640 580 1779 612 suprema
1793 579 1828 602 ac
1842 579 1901 601 uo-

1075 616 1230 657 bilissima,
1244 616 1325 647 aliud
1339 616 1413 647 nihil
1425 616 1482 647 nisi
1494 617 1591 648 lucem
1609 617 1721 654 vident,
1739 616 1788 657 qui
1802 616 1901 656 ipsum

1074 662 1191 693 vident:
1205 661 1282 703 quod
1292 665 1483 702 pateteorum
1497 661 1680 700 testimonio,
1692 661 1743 702 qui
1762 661 1903 692 viderunt

1074 706 1180 738 faciem
1189 707 1252 746 ejus
1264 705 1456 746 resplendere
1464 710 1497 736 ut
1507 706 1611 744 solem,
1621 705 1902 745 etvestimentaejus

1074 751 1141 783 alba
1151 751 1228 782 facta
1238 755 1270 781 ut
1284 750 1382 781 nivem
1391 751 1417 782 5.
1430 750 1466 780 Et
1477 750 1651 782 testimonio
1662 750 1748 782 Pauli
1760 749 1900 790 apostoli,

1075 796 1126 837 qui
1136 797 1229 827 Deum
1247 795 1345 826 lucem
1366 795 1448 835 vidit,
1473 799 1560 836 atque
1585 795 1622 826 ad
1638 796 1703 836 ejus
1718 795 1900 835 agnitionem

1075 849 1236 872 conversus
1249 844 1293 871 est
1305 839 1321 864 6
1339 850 1347 878 ;
1361 843 1390 870 et
1405 849 1439 871 ex
1455 839 1521 870 aliis
1538 840 1619 871 mille
1635 841 1755 874 sanctis.

207 886 337 921 Patrem,
350 888 379 915 e't
391 883 518 925 Spiritus
529 888 648 915 sanctus
656 885 786 923 Patrem,
805 888 835 916 et
848 884 968 926 Filium,
984 890 1030 917 ut-
1041 892 1061 917 B
1111 885 1172 917 INT.
1189 887 1248 917 Cur
1261 885 1361 924 igitur,
1378 894 1446 916 cum
1463 884 1500 915 sit
1517 888 1628 917 aeterna
1643 885 1691 916 lux
1707 885 1797 923 Deus,
1815 892 1899 915 sem-

207 933 277 970 pote
287 929 346 960 illis
362 928 622 960 consubstantialis
654 934 683 960 et
711 934 887 961 coaeternus.
903 929 973 961 Haec
987 929 1030 961 si-

207 973 328 1015 quidem
342 973 396 1004 tria
404 983 471 1004 cum
481 982 573 1004 unum
589 973 658 1012 sint,
673 977 702 1004 et
711 977 894 1013 cognoscunt
908 984 942 1005 se
953 974 1028 1014 ipsa,

208 1023 240 1050 et
253 1023 474 1058 cognoscuntur
489 1017 628 1057 invicem,
647 1018 725 1059 quod
741 1018 806 1059 ipse
822 1022 926 1050 natura
940 1018 1029 1058 Deus,

208 1063 300 1095 etDei
311 1062 402 1094 Filius
415 1063 560 1103 prodidit:
572 1063 668 1095 Nemo
675 1064 759 1095 novit
769 1063 907 1105 Patrem,
923 1063 1029 1105 inquit,

206 1107 446 1146 uisiFilius,nec
463 1107 577 1139 Filium
596 1108 663 1147 quis
675 1108 771 1146 novit,
782 1108 980 1140 nisiPater‘.
998 1108 1032 1138 Et

206 1161 326 1184 rursum
341 1151 515 1192 Apostolus:
540 1151 616 1190 Quis
627 1153 709 1184 enim
724 1153 881 1184 hominum
894 1154 950 1184 scit
963 1161 1028 1192 quo;

207 1197 430 1234 semihominis,
437 1197 630 1237 nisispiritus
636 1196 770 1229 hominis
778 1198 868 1237 quiin
876 1198 938 1238 ipso
944 1197 1006 1228 est?
1013 1200 1027 1228 τι)

207 1243 251 1274 sic
261 1251 325 1282 quae
335 1241 393 1273 Dei
402 1245 474 1272 sunt
485 1250 539 1272 seu
549 1242 664 1280 divina,
677 1245 788 1283 praeter
806 1241 960 1282 Spiritum
969 1241 1028 1273 Dei

207 1295 294 1318 nemo
308 1286 392 1318 novit
406 1285 432 1316 2.

247 1332 308 1363 INT.
325 1331 401 1368 Quid
414 1339 484 1370 ergo
494 1334 549 1369 est,
565 1331 644 1371 quod
660 1330 797 1363 Christus
813 1331 886 1363 dicit
901 1342 908 1361 :
927 1331 1029 1362 Videte

207 1377 449 1408 neeontemnatis
455 1376 922 1417 unumexhispusillis,quonium
930 1375 1030 1416 angeli

208 1430 312 1453 eorum
317 1421 541 1460 sempervident
550 1421 660 1460 faciem
673 1421 781 1453 Patris
790 1424 848 1452 mei
856 1422 873 1447 5
880 1420 1009 1462 ?Etlalibi
1019 1430 1027 1452 :

208 1465 301 1497 Beati
308 1466 420 1498 mundo
429 1465 524 1504 corde,
534 1466 680 1506 quoniam
688 1466 747 1506 ipsi
752 1465 849 1498 Deum
855 1465 1028 1497 videbam“.

209 1512 255 1543 Tu
265 1519 321 1542 nec
331 1510 453 1550 angelos
464 1519 553 1542 nosse
570 1514 715 1549 autumas,
734 1511 840 1551 qualis,
860 1509 977 1551 autjuhi
993 1509 1031 1541 sit

208 1555 300 1588 Deus.

248 1600 337 1633 Esse.
354 1599 609 1637 Quemadmodum
625 1600 688 1632 sole
703 1600 821 1632 lucente
845 1601 875 1632 in
891 1600 1029 1642 meridie,

209 1646 289 1688 quod
303 1646 374 1677 inde
389 1645 533 1677 emittitur
547 1646 659 1686 lumen,
676 1645 754 1677 clare
767 1656 801 1677 ac
816 1646 972 1677 manifeste
985 1646 1033 1676 vi-

210 1692 329 1729 demus,
344 1691 442 1731 ipsum
456 1691 549 1721 solem
563 1690 663 1722 videre
677 1700 712 1722 ac
740 1699 867 1723 noscere
882 1701 938 1723 nec
955 1700 1032 1732 quo-

1071 937 1184 971 perque
1198 929 1305 966 luceat,
1322 938 1382 959 non
1397 927 1522 959 videtur
1536 929 1574 960 ab
1590 929 1729 960 omnibus
1743 928 1759 958 ‘I

1111 974 1202 1005 REsr.
1219 972 1363 1009 Quoniam
1392 982 1409 1004 a
1436 972 1586 1014 principio
1611 973 1653 1004 ita
1680 983 1743 1005 rem
1773 971 1901 1004 instituit

1071 1018 1161 1056 Deus,
1176 1022 1209 1049 ut
1219 1017 1330 1048 nullam
1347 1016 1491 1048 haberent
1511 1018 1752 1049 communionem
1768 1017 1900 1048 tenebrae

1073 1072 1139 1095 cum
1156 1062 1278 1099 lumine,
1296 1071 1352 1092 nec
1367 1061 1505 1102 impurus
1535 1065 1564 1093 et
1590 1063 1728 1103 profanus
1743 1072 1810 1093 cum
1826 1070 1898 1102 puro

1073 1111 1102 1139 et
1116 1110 1231 1138 sancto.
1248 1105 1404 1143 Quocirca,
1418 1106 1508 1137 etiam
1525 1106 1607 1137 velut
1625 1116 1747 1147 magnus
1763 1107 1860 1137 hiatus
1871 1109 1901 1136 et

1071 1160 1185 1192 murus,
1197 1155 1318 1192 peccata
1329 1156 1428 1181 nostra
1439 1160 1455 1181 a
1466 1150 1526 1181 Deo
1543 1160 1597 1182 nos
1614 1152 1784 1192 separant'7
1800 1161 1808 1192 ;
1825 1158 1898 1191 prae-

1070 1197 1157 1237 cipue
1172 1195 1364 1235 cogitationes
1375 1204 1536 1237 perversae,
1552 1200 1581 1227 et
1592 1196 1838 1228 ratiocinationes
1853 1204 1899 1226 va-

1070 1250 1117 1272 nae
1143 1245 1232 1281 atque
1255 1240 1374 1271 inutiles
1402 1240 1487 1279 quasi
1519 1250 1622 1272 murus
1651 1241 1784 1272 excelsus
1811 1240 1898 1272 nobis

1071 1287 1156 1327 fiunt,
1181 1295 1294 1326 nosque
1322 1285 1467 1316 alumine
1484 1285 1548 1316 vitae
1566 1286 1735 1317 dissociant
1748 1295 1782 1317 ac
1798 1285 1897 1316 seclu-

1071 1330 1155 1362 dunt.
1171 1331 1251 1362 Deus
1266 1329 1345 1361 enim
1362 1329 1425 1370 lux,
1445 1334 1474 1361 et
1498 1332 1555 1361 vita
1574 1335 1636 1362 est:
1655 1340 1713 1372 quo
1729 1330 1779 1371 qui
1793 1328 1900 1370 privati

1070 1379 1150 1413 sunt,
1169 1374 1277 1406 mortui
1289 1379 1357 1406 sunt
1367 1374 1533 1406 secundum
1544 1375 1677 1406 animam
1691 1384 1697 1406 :
1712 1375 1820 1416 quibus
1830 1383 1899 1405 cum

1071 1419 1138 1450 aliis
1151 1419 1254 1450 κίθτηί
1269 1419 1346 1459 ignis
1361 1419 1530 1458 haereditas,
1563 1429 1597 1451 ac
1614 1419 1748 1450 societas
1761 1419 1898 1450 debetur.

1110 1463 1167 1496 INT.
1184 1463 1298 1504 Ecquid
1313 1463 1369 1501 illi,
1385 1463 1436 1504 qui
1450 1463 1487 1494 ad
1503 1464 1579 1496 hanc
1597 1468 1708 1496 metam
1723 1474 1782 1496 non
1795 1472 1901 1505 perve-

1069 1509 1125 1547 nit,
1142 1509 1222 1540 salus
1237 1509 1422 1549 desperanda
1437 1512 1481 1539 est
1496 1508 1512 1539 ?

1040 1556 1060 1583 c
1112 1555 1204 1586 RESP.
1221 1554 1294 1585 Cum
1310 1553 1453 1584 Dominus
1463 1553 1543 1586 dicat
1554 1565 1563 1585 :
1574 1554 1613 1586 In
1625 1555 1713 1587 domo
1722 1556 1825 1586 Patris
1836 1556 1898 1586 mei

1072 1599 1244 1631 mansiones
1253 1598 1356 1630 multis
1363 1599 1465 1637 sunt8,
1478 1599 1600 1639 planum
1612 1600 1655 1638 ﬁt,
1671 1601 1759 1633 etiam
1775 1600 1836 1631 vias
1852 1608 1898 1630 sa-

1073 1644 1142 1675 lutis
1154 1643 1261 1674 multas
1272 1652 1349 1680 esse,
1363 1644 1578 1684 quaeomnesin
1592 1645 1703 1676 uuavia
1715 1643 1896 1685 poenitentia

1074 1691 1328 1729 consummantur,
1341 1692 1371 1719 et
1383 1697 1436 1729 per
1446 1688 1679 1720 abstinentiama
1691 1693 1811 1730 peccato
1820 1699 1828 1727 ;
1836 1689 1897 1719 sive

210 1737 420 1777 modocunque
435 1745 603 1777 possumus,
620 1740 649 1767 et
663 1739 762 1767 tamen
778 1746 832 1768 nos
847 1746 915 1767 eum
926 1736 1027 1768 videre
1069 1735 1300 1774 eleemosynam,
1316 1734 1378 1764 sive
1394 1733 1680 1775 peregrinationem,
1697 1736 1760 1765 sive
1772 1732 1896 1774 quodvis

209 1781 289 1814 haud
304 1781 376 1812 falso
401 1781 569 1812 dictitamus
586 1792 593 1811 :
620 1782 684 1822 pari
712 1783 800 1814 modo
830 1786 859 1814 et
871 1782 982 1822 angeli,
998 1786 1028 1814 et
1069 1779 1149 1811 aliud
1164 1788 1258 1819 genus
1272 1777 1488 1815 sanctimoniae,
1504 1788 1562 1819 quo
1592 1779 1631 1811 ad
1645 1779 1697 1811 illa
1713 1779 1898 1819 sempiterna

208 1826 303 1859 sancti
317 1825 441 1866 fulguris
453 1826 550 1858 instar
576 1825 738 1858 micantem
761 1827 889 1868 Spiritus
903 1826 1027 1866 gloriam
1069 1823 1288 1862 contendimus,
1306 1822 1380 1854 mihi
1395 1823 1543 1854 nomines.

247 1912 260 1935 ί
279 1914 366 1951 Luc.,
381 1919 415 1952 Χ,
430 1911 481 1943 22.
523 1910 566 1944 at
583 1912 650 1943 Cor.
667 1921 698 1950 ιι,
715 1912 764 1944 ii.
805 1913 822 1938 3
835 1913 938 1946 Matth.
956 1920 1027 1945 xvm

1146 1910 1163 1936 4
1179 1910 1284 1943 Matth.
1299 1916 1331 1948 v,
1350 1909 1380 1941 8.
1422 1909 1439 1935 ὃ
1451 1909 1553 1942 Matth.
1570 1917 1641 1948 xvn,
1658 1909 1688 1942 2.
1731 1909 1747 1935 ϐ
1761 1911 1826 1942 Act.
1843 1918 1885 1950 Ix,

211 1953 230 1988 3
245 1935 537 1996 εθξςῖΪἨἻεΞῗὶιχ,
553 1935 749 1986 ἐΪἬὲδὶιιὶῖ
758 1935 820 1993 inv,
