1982 3075
194 145 254 181 72⁵1
646 141 856 175 MICHAELIS
876 139 1085 172 CERULARII
1106 140 1162 172 GP.
1187 138 1450 172 PATRIARGH/E

194 223 326 255 crucem,
343 213 524 254 sepulcrum,
539 210 690 243 infernum
717 210 911 255 destructum
919 211 949 239 et
963 207 1018 239 de-

1102 220 1110 235 v
1137 208 1171 236 τὰ
1195 208 1260 247 ὑπὲρ
1287 209 1364 246 ἡμῶν
1392 211 1438 236 τοῦ
1462 208 1596 236 Δεσπότου
1624 207 1782 248 πάθη,²τὴν
1806 219 1895 236 σταυ-

194 251 353 296 vastatum,
370 251 530 298 martyrum
545 256 721 292 certamina,
751 263 888 289 coronas,
905 253 1020 293 ipsam-

1102 265 1118 288 ι,
1148 253 1193 280 τὸν
1216 253 1309 293 τάφον,
1339 253 1384 280 τὸν
1412 251 1478 288 ᾅδην
1501 253 1675 292 νεκρούμενον
1702 253 1746 280 καὶ
1774 251 1893 280 σκυλευ-

196 313 255 345 que
268 303 394 334 salutem
409 296 497 343 quam
513 301 628 342 primus
641 304 744 345 noster
760 298 952 340 praemiorum
965 306 1019 328 co-

1102 307 1168 334 ενον,
1191 300 1245 325 τῶν
1267 297 1403 336 μαρτύρων
1425 297 1485 329 τοὺς
1508 296 1614 334 ἄθλους,
1644 297 1706 329 τοὺς
1728 297 1893 336 στεφάνους,

1832 131 1897 164 728
1942 169 1943 173 η

196 341 398 388 ranarumque
412 341 536 387 largitor
551 345 581 376 in
592 344 690 376 medio
704 348 791 375 terrae
807 346 946 383 operatus
963 347 1018 373 est.

1102 342 1144 370 riw
1169 342 1219 375 τὴν
1246 341 1377 381 σωτηρίαν
1412 341 1444 374 ἣν
1473 342 1488 370 ὁ
1516 344 1620 381 πρῶτος
1642 343 1720 379 ἡμῶν
1745 341 1893 374 ἀθλοθέτης

1061 386 1106 414 καὶ
1127 386 1284 426 στεφανίτης
1304 386 1330 414 ἐν
1347 385 1421 423 μέσῳ
1441 389 1490 420 τῆς
1506 389 1557 426 γῆς
1573 386 1778 426 κατειργάσατο.

1102 431 1206 464 Ταύτην
1235 431 1350 471 σήμερον
1378 431 1428 465 τὴν
1457 432 1602 472 πανήγυριν
1632 431 1800 472 ἑορτάζομεν,
1826 430 1892 460 Ἐν-

1062 475 1145 513 ταύτῃ
1161 477 1257 516 εὐχαῖς
1282 476 1325 505 καὶ
1347 475 1488 508 λιτανείαις
1517 477 1762 518 συνευφραινόμενοί
1788 487 1818 505 τε
1846 477 1892 504 καὶ

1062 519 1298 560 συναγαλλόμενοι,
1339 520 1459 558 ψαλμοῖς
1494 520 1629 559 ἐκϐοῶμεν
1668 523 1712 550 καὶ
1747 522 1863 560 ᾅσμασιν
1882 529 1890 536 '

1066 575 1077 593 ι
1095 565 1139 596 Τίς
1154 566 1218 606 Θεὸς
1234 565 1317 604 μέγας
1333 566 1371 597 ὡς
1387 561 1409 594 ὀ
1434 566 1498 598 Θεὸς
1519 567 1598 604 ἡμῶν
1616 576 1624 606 ;
1655 567 1685 595 σὺ
1713 567 1742 596 εἴ
1772 563 1795 595 ὀ
1824 568 1892 599 Θεὸς

1061 611 1138 647 ἡμῶν
1172 605 1194 637 ὀ
1222 613 1306 638 ποιῶν
1327 610 1458 648 θαυμάσια
1480 610 1570 648 μόνος.
1604 605 1621 640 »ν
1649 612 1715 644 Τοὺς
1744 611 1890 651 φαυλιστὰς

1064 655 1114 694 γὰρ
1141 657 1191 688 τῆς
1220 657 1269 688 σῆς
1298 653 1374 688 δόξης
1402 654 1606 694 ἐξεμυκτήρισας
1624 663 1632 671 ·
1665 657 1726 688 τοὺς
1747 656 1890 695 τολμητὰς

1065 699 1133 727 κατὰ
1146 702 1195 732 τῆς
1224 701 1273 732 σῆς
1297 699 1397 731 εἰκόνος
1422 700 1465 727 καὶ
1488 701 1606 739 θρασεῖς,
1637 699 1738 733 δειλοὺς
1763 702 1807 730 καὶ
1836 712 1891 730 πε-

1066 743 1194 783 φευγότας
1221 742 1368 776 ἀπέδειξας.
1398 742 1472 772 Ἀλλ’
1507 745 1524 779 ἡ
1555 745 1604 782 μὲν
1639 746 1676 777 εἰς
1709 747 1774 774 Θεὸν
1801 747 1890 786 εὔχα-

1066 788 1161 828 ριστία,
1198 789 1242 817 καὶ
1275 789 1306 817 τὸ
1349 789 1510 817 Δεσποτικὸν
1551 790 1620 817 κατὰ
1654 793 1706 818 τῶν
1735 790 1891 820 ἀντιπάλων

237 439 320 470 Hanc
328 437 478 478 hodieque
488 435 708 469 solemnitatem
719 433 906 465 celebramus
913 431 957 463 .In
965 431 1021 478 hac

198 482 339 522 precibus
351 487 380 518 et
391 477 656 523 supplicationibus
666 488 725 511 una
735 479 908 523 lmtanteset
919 477 1020 523 ex_sul-

199 521 307 564 tantes,
316 521 438 568 psalmis
448 521 650 557 exclamamus
661 528 690 555 et
701 523 823 555 canticis
835 534 841 552 :
855 522 926 560 Quis
938 521 1021 568 Deus

200 567 329 611 magnus
340 573 416 603 sicut
429 571 510 603 Deus
519 574 621 602 noster
633 570 646 600 ?
659 569 702 601 Tu
713 577 745 600 es
763 568 844 598 Deus
854 570 955 598 noster
969 567 1022 607 qui

197 617 278 657 facis
288 616 443 648 mirabilia
452 615 533 647 solus
540 615 566 646 6.
579 614 652 646 Nam
663 614 1022 657 gloriatuaecontempto-

198 655 247 692 res
261 660 463 698 subsannasti,
479 660 606 691 audaces
622 659 689 689 illos
701 662 730 689 et
744 661 849 689 contra
862 655 1022 696 imaginem

201 710 282 737 tuam
290 706 417 742 feroces,
434 705 555 736 timidos
568 703 765 743 fugitivosque
778 701 949 733 exhibuisti.
963 701 1023 732 Sed

199 751 346 782 hactenus
361 751 398 782 de
413 750 575 790 gratiarum
590 749 705 780 actione
720 748 781 778 Deo
789 746 962 787 referenda,
974 746 1026 777 de-

198 805 258 836 que
268 795 395 826 Domino
405 799 508 826 contra
518 793 702 826 adversarios
712 797 831 833 tropaeo.
852 791 936 828 Quod
952 800 1024 832 spe-

202 831 262 872 ctat
276 844 375 872 autem
390 840 426 871 ad
447 839 611 871 certamina
627 842 655 869 et
680 831 781 879 praelia
796 840 899 868 contra
914 837 1022 867 Icono-

1102 832 1190 861 imum
1213 831 1241 860 ὲν
1255 833 1356 864 τούτοις
1376 841 1383 848 “
1411 833 1444 860 τὰ
1464 831 1492 861 δέ
1520 843 1549 872 γε
1572 834 1640 863 κατὰ
1667 837 1720 862 τῶν
1751 836 1891 874 εῐκονομα.

201 885 323 916 machus
337 884 422 924 inita,
439 884 516 915 alius
529 893 628 915 sermo
637 882 753 923 aliaque
762 880 920 921 descriptio
929 880 1024 911 fusius

202 929 377 960 declarabit.
392 928 504 960 Verum
529 927 613 968 quasi
639 927 670 958 in
696 926 799 966 requie
814 925 941 966 quadam
957 928 1024 965 post

202 973 357 1004 transitum
373 972 484 1004 deserti
500 972 537 1003 ad
554 968 955 1012 possessionemlispiritualis
969 968 1022 1000 Je-

201 1018 331 1050 rusalem
348 1016 514 1057 constituti,
543 1016 672 1048 Mosaico
700 1014 772 1046 moti
800 1013 948 1054 exemplo,
963 1013 1023 1045 imo

202 1063 299 1104 potius
313 1062 413 1093 divina
425 1062 572 1102 iussione,
589 1060 673 1102 quasi
695 1060 726 1091 in
742 1059 829 1100 cippo
844 1059 973 1104 quodam
989 1068 1024 1090 ex

203 1103 317 1147 magnis
331 1107 480 1148 lapidibus
504 1106 680 1138 concinnato
710 1109 739 1136 et
767 1104 802 1135 ad
818 1103 1022 1144 recipiendam

199 1147 379 1192 scripturam
395 1151 564 1192 dispositio,
582 1153 612 1182 in
628 1152 751 1181 fratrum
777 1148 916 1180 cordibus
929 1147 1026 1179 bene-

202 1196 347 1228 dictiones
360 1206 426 1237 quae
440 1196 513 1236 legis
528 1195 673 1226 ultoribus
684 1194 840 1231 debentur,
854 1193 1025 1233 ettmaledi-

143 1256 147 1258 -
202 1238 1023 1282 ctionesquibusseobnoxiosprmstantpraevaricatores,

197 1286 312 1326 justum
327 1290 357 1317 et
371 1296 488 1326 aequum
503 1285 674 1317 censuimus
691 1283 872 1316 describere.
896 1283 1027 1320 Quamo-

203 1330 288 1362 brem
304 1331 367 1362 haec
381 1331 509 1362 dicimus
527 1339 534 1362 :

242 1420 352 1451 Eorum
362 1420 413 1461 qui
423 1419 641 1457 carnalemtDei
652 1418 742 1451 Verbi
751 1417 912 1449 adventum
922 1417 1024 1456 verbo,

202 1474 266 1502 ore,
276 1465 366 1496 corde
375 1474 408 1496 ac
421 1468 530 1501 mente,
543 1463 690 1504 scriptura
705 1464 741 1503 (f.
762 1462 936 1503 picturaﬂet
949 1462 1026 1494 ima-

203 1509 322 1550 ginibus
337 1509 526 1546 conﬁtentur,
542 1512 653 1539 aeterna
668 1507 823 1538 memoria.

243 1556 351 1586 Eorum
368 1553 419 1594 qui
429 1557 594 1593 agnoscunt
608 1552 696 1584 unius
709 1555 750 1589 ζει
764 1552 898 1592 ejusdem
913 1551 1024 1584 Christi

202 1599 394 1639 hypostaseos
403 1598 434 1628 in
446 1597 619 1629 substantiis
628 1597 839 1636 differentiam,
857 1601 886 1628 et
899 1597 978 1637 quod
993 1597 1024 1628 in

203 1653 237 1675 ea
254 1647 298 1674 est
313 1647 444 1675 creatum
460 1647 489 1674 et
502 1643 679 1678 increatum,
691 1641 807 1673 visibile
822 1646 853 1673 et
861 1641 1022 1681 invisibile,

203 1688 342 1729 passibtle
358 1693 387 1720 et
402 1687 596 1728 impassihile,
614 1687 872 1727 circumscriptum
887 1691 917 1718 et
929 1687 1024 1718 incir-

203 1733 418 1773 cumscriptum
435 1744 443 1769 ;
470 1736 500 1764 et
528 1732 578 1773 qui
592 1732 699 1763 divinae
713 1731 884 1763 substantiae
899 1731 1024 1764 increati

203 1777 348 1809 rationem
360 1781 390 1809 et
399 1777 508 1808 similia
516 1777 692 1813 attribuunt.
708 1777 951 1809 humanaeautem
966 1787 1023 1808 na-

203 1826 278 1854 tura;
292 1827 353 1853 tum
369 1827 476 1855 caetera
490 1825 549 1853 tum
559 1822 891 1862 circumpscriptionem
907 1831 1027 1863 compe-

205 1871 269 1899 tere
281 1871 339 1898 tam
346 1868 530 1908 verbojquam
536 1866 714 1906 imaginibus
721 1867 907 1907 proﬁtentur,
915 1870 1026 1898 aeterna

203 1911 359 1943 memoria.

244 1955 354 1988 Eorum
363 1956 414 1997 qui
424 1956 552 1988 credunt
562 1960 592 1988 et
602 1956 765 1998 praedicant
777 1957 838 1987 sive
848 1957 1026 1988 annuntiant

202 2001 292 2033 verba
306 2002 336 2032 in
351 2001 482 2042 scriptis,
499 2011 547 2033 res
561 2002 591 2033 in
608 2002 710 2042 ﬁguris
724 2011 732 2039 ;
745 2006 775 2033 et
791 2006 953 2043 utrumque
969 2011 1025 2043 pu-

206 2051 268 2078 tant
281 2047 418 2078 eamdem
435 2046 592 2083 utilitatem
618 2047 790 2085 conciliare,
809 2047 924 2078 scilicet
938 2048 1029 2079 verba

204 2092 458 2133 praedicationem,
476 2096 504 2123 et
517 2092 660 2132 imagines
675 2092 808 2124 veritatis
821 2093 1028 2124 conﬁrmatio-

207 2146 288 2176 nem,
304 2141 416 2169 aeterna
431 2137 590 2170 memoria.

245 2225 356 2257 Eorum
372 2227 423 2266 qui
438 2225 528 2258 verbo
544 2227 728 2259 sanctiﬁcant
756 2227 846 2268 labia,
861 2226 1031 2269 deindeque

206 2270 357 2302 auditores
368 2280 423 2312 per
433 2271 530 2312 ipsum
541 2272 662 2303 verbum
673 2281 681 2310 ;
695 2282 729 2303 ac
738 2272 788 2313 qui
799 2271 897 2304 sciunt
910 2276 940 2304 et
950 2282 1030 2313 prae-

206 2315 309 2347 dicant
324 2325 377 2356 per
390 2317 575 2348 venerandas
586 2317 731 2356 imagines
742 2316 882 2349 similiter
897 2317 1031 2348 sanctiﬁ-

206 2360 268 2391 cari
283 2360 386 2392 oculos
397 2361 573 2399 videntium,
587 2367 779 2402 mentemque
790 2371 894 2393 eorum
909 2361 982 2401 erigi
993 2361 1030 2393 ad

207 2405 263 2436 Dei
278 2405 489 2445 cognitionem,
520 2406 773 2447 quemadmodum
801 2409 832 2437 et
855 2415 908 2447 per
930 2406 1032 2438 divina

208 2449 328 2490 templa,
341 2454 443 2482 sancta
455 2460 536 2489 vasa,
547 2451 664 2491 aliaque
674 2459 757 2482 sacra
774 2450 903 2489 cimolia,
918 2454 1032 2483 aeterna

208 2503 365 2526 memoria.

248 2538 355 2570 Eorum
373 2539 426 2579 qui
440 2539 539 2572 sciunt
553 2540 665 2580 virgam
690 2545 720 2572 et
745 2540 870 2579 tabulas,
886 2549 985 2572 arcam
1003 2543 1033 2572 et

207 2583 432 2622 candelabrum,
449 2595 582 2617 mensam
599 2591 629 2618 et
642 2586 735 2618 altare
751 2586 866 2618 incensi
882 2595 1033 2627 praemon-

207 2632 317 2660 strasse
325 2633 354 2660 et
365 2630 570 2671 praeﬁgurasse
575 2631 792 2663 sanctissimam
800 2630 952 2670 Virginem
961 2630 1033 2662 Dei-

209 2682 310 2713 param
322 2674 442 2706 Mariam
459 2685 467 2714 ;
481 2679 510 2707 et
524 2676 575 2707 illa
587 2676 707 2717 quidem
724 2676 799 2707 hanc
815 2676 1031 2718 praefigurasse,

208 2727 274 2759 quae
287 2722 386 2750 tamen
396 2729 457 2752 non
469 2720 557 2753 fuerit
569 2721 697 2762 idipsum
707 2721 786 2762 quod
798 2721 848 2753 illa
859 2720 1030 2762 (symbola):

247 2802 268 2828 θ
280 2803 358 2835 Psal.
375 2813 475 2844 Luvt,
493 2806 542 2838 14.

1065 877 1183 917 χούντων
1213 877 1278 906 ἆλθά
1303 888 1333 905 τε
1361 878 1405 905 καὶ
1430 877 1601 916 παλαίσματα
1638 879 1726 920 ἕτερος
1758 875 1781 909 ὀ
1809 879 1891 920 λόγος

1064 923 1107 950 καὶ
1122 921 1283 962 λογογραφία
1298 921 1492 961 διεξοδικωτέρα
1512 921 1638 956 δηλώσει,
1670 920 1715 957 Ὠς
1746 925 1773 953 ἐν
1795 936 1887 953 κατα-

1064 966 1158 995 παύσει
1179 966 1207 995 δέ
1221 978 1271 995 τινι
1293 970 1328 1006 τῇ
1355 967 1416 1006 (sic)
1445 967 1582 1010 p£tiz_ti}v
1609 969 1740 1008 ὲρημικὴν
1770 969 1888 1010 παρόδον

1064 1012 1101 1043 εἰς
1121 1012 1284 1052 κατάσχεσιν
1312 1014 1361 1045 τῆς
1389 1015 1488 1045 νοητῆς
1516 1007 1688 1053 ιΙερουσαλὴμ
1709 1007 1888 1054 καθεστῶτες,

1065 1060 1198 1095 Μωσα¹ίκῇ
1226 1068 1276 1085 τινι
1313 1057 1437 1096 μιμήσει,
1468 1057 1570 1095 μᾶλλον
1591 1057 1619 1086 δὲ
1646 1060 1725 1097 θεῖκῇ
1752 1058 1891 1088 διακελεύ-

1065 1113 1117 1140 σει,
1146 1103 1192 1130 οἷα
1220 1101 1308 1139 στήλῃ
1335 1102 1386 1129 τινὶ
1416 1102 1446 1130 ἔκ
1475 1102 1604 1141 μεγίστων
1645 1103 1723 1132 λίθων
1759 1115 1891 1143 συνηρμο-

1068 1147 1153 1185 σμένη
1180 1147 1225 1175 καὶ
1259 1147 1325 1186 πρὸς
1361 1145 1497 1186 ὑποδοχὴν
1540 1149 1643 1188 γραφῆς
1681 1147 1889 1189 διευθετιηιένῃ,

1067 1198 1128 1223 ταῖς
1156 1191 1209 1219 τῶν
1244 1190 1362 1231 ἀδελφῶν
1400 1191 1518 1231 καρδίαις
1553 1192 1600 1224 τάς
1638 1203 1667 1220 τε
1702 1193 1824 1232 εὖλογίας
1861 1194 1889 1221 αἱ

1068 1236 1215 1276 ὁφείλονται
1240 1242 1298 1268 τοῖς
1328 1235 1550 1277 νομοφυλακοῦσι,
1578 1238 1621 1265 καὶ
1647 1237 1694 1269 τὰς
1716 1237 1780 1275 ἀρὰς
1803 1236 1831 1265 δὲ
1846 1239 1891 1269 αἷς

1067 1282 1111 1310 καὶ
1153 1281 1259 1313 ἑαυτοὺς
1300 1279 1491 1309 ὑποϐάλλουσιν
1531 1283 1555 1310 οἱ
1597 1285 1807 1321 παρονομοόντες
1856 1281 1892 1310 δί-

1066 1326 1140 1355 καιόν
1162 1336 1190 1354 τε
1205 1326 1249 1354 καὶ
1264 1324 1434 1366 ὀφειλόμενον
1450 1324 1505 1354 δεῖν
1520 1326 1646 1364 ᾠήθημεν
1662 1326 1825 1366 ἀναγράψαι.
1845 1327 1891 1354 Διό

1067 1382 1152 1411 φαμεν
1167 1370 1228 1400 τάδε
1245 1378 1252 1386 ·

1107 1419 1165 1446 Τῶν
1192 1415 1242 1449 τὴν
1270 1414 1394 1455 ’ἐνσαρκον
1434 1419 1480 1445 τοῦ
1522 1420 1588 1446 Θεοῦ
1625 1418 1710 1457 Λόγου
1745 1416 1891 1456 παρουσίαν

1067 1460 1151 1500 λόγῳ,
1168 1460 1291 1499 στόματι,
1307 1459 1399 1500 καρδίᾳ
1425 1462 1468 1489 καὶ
1496 1463 1551 1498 νοῒ,
1576 1464 1666 1501 φραφῇ
1694 1472 1722 1490 τε
1750 1462 1794 1490 καὶ
1816 1462 1890 1490 εἰκό-

1036 1517 1057 1543 C
1069 1517 1109 1534 σιν
1127 1504 1347 1544 “ομολογούντων,
1364 1505 1455 1533 αἷωνία
1470 1506 1487 1540 ἡ
1503 1506 1609 1544 μνήμη,

1103 1553 1162 1579 Τῶν
1177 1548 1281 1578 εἰδότων
1296 1551 1345 1583 τῆς
1368 1550 1414 1578 τοῦ
1437 1553 1549 1590 Χριστοῦ
1578 1553 1640 1588 μιᾶς
1666 1552 1710 1579 καὶ
1737 1554 1788 1585 τῆς
1805 1551 1891 1585 αὐτῆς

1063 1595 1233 1626 ὑποστάσεως
1264 1595 1294 1622 τὸ
1329 1594 1356 1623 ἐν
1391 1594 1489 1636 οὗσίαις
1517 1594 1651 1636 διάφορον,
1681 1597 1725 1624 καὶ
1750 1596 1837 1634 ταύτῃ
1860 1597 1891 1624 τὸ

1065 1639 1169 1667 κτιστὸν
1189 1639 1233 1667 καὶ
1253 1637 1386 1679 ἅκτιστον,
1408 1640 1439 1667 τὸ
1463 1634 1571 1679 ίορατὸνν
1588 1634 1690 1668 καὶ-τὸ
1718 1641 1844 1680 ἀόρατον,
1861 1641 1891 1668 τὸ

1065 1684 1183 1717 παθητὸν
1198 1684 1242 1712 καὶ
1266 1684 1296 1711 τὸ
1318 1683 1430 1724 ἀπαθὲς,
1458 1685 1489 1712 τὸ
1516 1685 1693 1725 περίγραπτον
1721 1685 1766 1713 καὶ
1794 1686 1891 1725 ἀπερί-

1065 1739 1182 1769 γραπτον
1199 1738 1206 1745 ·
1231 1729 1275 1756 καὶ
1289 1731 1323 1766 τῇ
1339 1728 1387 1766 μὲν
1403 1730 1481 1764 θείκῇ
1508 1729 1582 1766 οὐσίᾳ
1607 1730 1637 1758 τὸ
1665 1730 1788 1759 ἄκτιστον
1802 1732 1847 1759 καὶ
1860 1732 1893 1760 τὰ

1065 1773 1145 1811 ὃμοια
1165 1772 1412 1813 προσαρμοζόντων,
1441 1777 1475 1812 τῇ
1503 1772 1531 1801 δὲ
1558 1773 1707 1814 ἀνθρωπίνῃ
1722 1775 1798 1815 φύσει
1814 1776 1849 1803 τὰ
1864 1786 1892 1804 τε

1067 1817 1134 1847 ἄλλα
1149 1819 1193 1848 καὶ
1207 1819 1237 1847 τὸ
1252 1820 1429 1857 περιγραπτὸν
1444 1819 1676 1859 όνομολογούντων
1692 1821 1736 1849 καὶ
1757 1820 1832 1861 λόγῳ
1848 1823 1892 1851 καὶ

1067 1863 1256 1903 εἶκρνίσμασιν,
1274 1863 1367 1891 αἱωνία
1381 1863 1400 1898 ἦ
1415 1865 1523 1902 μνήμη.

1106 1958 1165 1984 Τῶν
1179 1956 1355 1985 πιστευόντων
1383 1957 1426 1985 καὶ
1453 1956 1724 1998 διακηρυκευομὲνων,
1754 1960 1816 1994 ἦτοι
1847 1963 1893 1990 εὖ-

1068 1999 1279 2040 αγγελιζομένων
1320 2002 1381 2034 τοὺς
1421 2002 1515 2042 λόγους
1559 2004 1602 2032 ἐπὶ
1645 2006 1824 2044 γραμμάτων,
1862 2007 1894 2035 τὰ

1068 2045 1212 2092 πράγματα
1247 2047 1290 2075 ἐπὶ
1317 2048 1466 2088 σχημάτων
1480 2056 1488 2064 ⁶
1531 2050 1576 2077 καὶ
1611 2050 1648 2081 εἷς
1676 2051 1737 2088 μίαν
1769 2052 1894 2092 ἑκάτερον

1070 2090 1204 2136 σοντελετν
1243 2091 1383 2132 ὠφέλειαν,
1413 2093 1463 2127 τήν
1502 2104 1531 2121 τε
1559 2092 1601 2121 διὰ
1632 2093 1719 2134 λόγων
1754 2090 1894 2136 ἀνακήρυ-

1071 2134 1108 2182 ξιν
1121 2137 1166 2182 καὶ
1179 2137 1228 2170 τὴν
1243 2135 1276 2165 δι’
1291 2137 1398 2166 εἰκόνων
1412 2140 1462 2172 τῆς
1483 2137 1607 2172 ἀληθείας
1629 2138 1782 2182 βεϐαίωσιν,
1800 2134 1894 2170 αἰωνία

1043 2186 1063 2211 D
1072 2180 1089 2214 ἡ
1103 2181 1210 2220 μνήμη.

1111 2229 1169 2256 Τῶν
1203 2231 1242 2266 τῷ
1275 2228 1348 2268 λόγῳ
1376 2229 1536 2269 ἁγιαζόντων
1564 2230 1596 2258 τὰ
1629 2230 1711 2271 χείλη
1743 2231 1806 2260 εἶτα
1834 2233 1896 2265 τοὺς

1072 2271 1202 2312 ἀκροατὰς
1224 2272 1266 2302 διὰ
1292 2279 1338 2304 τοῦ
1359 2274 1438 2314 λόγου
1455 2283 1462 2290 ⁸
1486 2274 1591 2304 εἰδότων
1607 2286 1649 2316 ,τε
1676 2277 1719 2304 καὶ
1748 2278 1897 2316 κηρυσσόν-

1072 2328 1124 2346 των
1149 2319 1186 2350 ὡς
1215 2317 1256 2347 διὰ
1277 2323 1329 2348 τῶν
1345 2323 1446 2361 aegr:ch
1476 2319 1582 2348 εἰκόνων
1605 2315 1712 2358 ὀμοίως
1742 2315 1896 2361 άγιάζονται

1072 2363 1121 2400 μὲν
1134 2364 1168 2391 τὰ
1182 2363 1290 2401 ὄμματα
1303 2367 1356 2393 τῶν
1373 2359 1513 2403 ὀρώντων,
1540 2364 1664 2404 ἀνάγεται
1678 2364 1706 2393 δὲ
1719 2365 1753 2394 δι’
1767 2359 1858 2396 αὐτῶν
1874 2363 1897 2396 (ο

1073 2412 1131 2440 νοῦς
1146 2409 1211 2448 πρὸς
1238 2409 1407 2447 θεογνωσίαν,
1435 2408 1523 2448 ὥσπερ
1550 2410 1594 2438 καὶ
1609 2409 1650 2438 διὰ
1664 2414 1717 2438 τῶν
1730 2411 1807 2439 θείων
1825 2415 1896 2440 ναῶν

1072 2454 1116 2481 καὶ
1127 2456 1179 2482 τῶν
1193 2454 1267 2493 ἱερῶν
1283 2457 1393 2492 σκευῶν,
1409 2454 1454 2482 καὶ
1465 2457 1518 2482 τῶν
1531 2453 1618 2483 ἄλλων
1641 2455 1722 2494 ἁγίων
1734 2455 1896 2495 κειμηλίων,

1073 2498 1165 2526 αἱωνία
1179 2499 1197 2532 ἡ
1212 2499 1307 2536 μνήμη
1313 2521 1319 2528 .

1117 2546 1174 2572 Τῶν
1201 2542 1383 2582 ἐπισταμένων
1413 2545 1450 2575 ὡς
1489 2545 1506 2579 ἡ
1541 2543 1633 2583 ῥάϐδος
1657 2545 1701 2573 καὶ
1728 2546 1756 2574 αἱ
1783 2545 1899 2585 πλάκες,

1074 2589 1091 2623 ἡ
1105 2587 1219 2621 κιϐωτὸς
1249 2589 1293 2617 καὶ
1318 2590 1336 2622 ἡ
1366 2588 1473 2629 λυχνία,
1502 2590 1546 2618 καὶ
1570 2591 1588 2625 ἡ
1615 2590 1730 2630 τράπεξα
1753 2591 1797 2619 καὶ
1812 2592 1844 2619 τὸ
1858 2593 1901 2621 θυ-

1075 2634 1214 2671 μιατήριον
1249 2633 1298 2667 τὴν
1328 2634 1458 2674 παναγίαν
1498 2634 1674 2676 προδιέγραφέ
1699 2646 1729 2663 τε
1757 2637 1802 2664 καὶ
1832 2648 1902 2676 προ-

1074 2677 1194 2708 διετύπου
1218 2678 1348 2707 Παοθένον
1375 2679 1425 2713 τὴν
1466 2680 1593 2709 Θεοτόκον
1633 2680 1754 2720 Μαριὰμ,
1790 2682 1836 2709 καὶ
1864 2683 1901 2714 ὡς

1074 2727 1156 2752 ταῦτα
1185 2723 1235 2761 μὲν
1262 2723 1408 2763 προετύπου
1432 2725 1542 2766 ταύτην,
1573 2727 1603 2755 οὗ
1631 2725 1723 2765 γέγονε
1755 2724 1783 2754 δὲ
1812 2725 1902 2762 ἐκείνη
