1982 3075
30 199 103 232 ’733

28 263 186 292 ϐαίνουσιν
206 273 213 280 ·

444 201 607 233 HOMILIA
632 201 670 232 [Ν
692 197 812 233 FESTO
834 198 1133 233 RESTITUTIONIS
1153 200 1358 234 lMAGINUM.

251 265 377 296 ὡσαύτως
412 264 439 292 δὲ
480 265 524 292 καὶ
551 267 577 292 αἱ
604 265 663 304 ἀραὶ
691 267 750 297 τοὺς
780 277 878 304 πατρα-

934 264 1111 297 lescendunt
1126 268 1182 298 :sic
1195 271 1223 297 et
1239 268 1463 299 maledictiones
1476 268 1638 308 parricidas
1649 272 1678 298 et
1690 268 1745 299 Do-

1688 199 1743 232 ’134

31 308 137 348 λοέας,
168 309 214 337 καὶ
242 312 294 337 τῶν
325 313 492 338 Δεσποτικῶν
521 309 632 338 ἐντολῶν
661 311 807 349 ὑπερόπτας
831 322 883 338 κι-

934 311 1104 342 ninicoruin
1118 316 1331 352 praeceptorum
1351 317 1567 352 contemptores
1579 313 1746 353 apprehen-

32 364 48 380 τ
56 352 269 391 ιλαμϐἀνουσι.
283 354 330 383 Διὸ
339 357 416 393 κοινῇ
427 354 522 386 πάντες
531 354 592 383 ὅσον
601 354 731 387 εὐσεϐείας
740 355 882 394 πλήρωμα,

35 397 135 429 οὕτως
153 401 249 431 αὐτοῖς
264 399 313 433 τὴν
335 399 399 438 ἀρὰν
420 399 452 433 ἣν
469 400 542 428 αὐτοὶ
566 400 671 431 ἑαυτοῖς
694 399 883 437 ὑπεϐάλλοντο,

38 442 219 483 ἐπιφέρομεν
226 466 233 474 .

87 492 164 519 Τοῖς
180 487 255 528 λόγῳ
286 492 339 526 μὴν
363 489 411 523 τὴν
439 488 563 529 ἕνσαρκον
594 490 744 528 οἰκονομίαν
758 495 804 519 τοῦ
819 493 885 519 Θεοῦ

39 531 141 571 Λόγου
166 531 340 572 δεχομένοις,
370 535 431 572 ὁρᾷν
459 533 486 562 δὲ
518 535 615 568 ταύτην
641 535 674 563 δι’
704 535 810 563 εἰκόνων
838 534 886 562 οὒκ

39 576 235 616 ἀνεχομένοις
253 587 259 594 ·
297 579 341 606 καὶ
381 578 422 606 διὰ
450 582 528 608 τοῦτο
555 579 652 617 ῥήματι
681 580 731 618 μὲν
761 579 884 619 δέχεσθαι

42 623 386 662 κατασχηματιζομένοις,
404 624 538 663 πράγματι
555 623 581 652 δὲ
600 625 647 658 τὴν
663 625 792 664 σωτηρίαν
808 625 884 662 ἡμῶν

42 665 244 705 ἀρνουμένοις,
260 667 389 706 ἀνάθεμα.

91 715 164 742 Τοῖς
202 715 239 749 τῷ
267 712 365 750 ῥήματι
393 716 439 741 τοῦ
464 713 659 753 ἀπεριγράπτου
687 717 775 746 κακῶς
804 724 886 754 προσ-

45 755 215 795 φυομένοις,
231 758 275 785 καὶ
289 755 331 785 διὰ
345 762 420 787 τοῦτο
436 758 475 796 μὴ
499 758 668 796 βουλομένοις
684 760 885 798 εἷκονογραφετ-

46 800 113 827 σθαι
130 801 181 827 τὸν
203 801 394 840 παραπλησίως
410 803 476 840 ἡμ”ν
492 804 587 843 σαρκὸς
605 804 649 831 καὶ
666 804 779 841 αἵματος
796 814 885 831 κεκοι-

45 844 212 881 νωνηκόυα,
228 847 339 885 Χριστὸν
355 857 399 874 τον
413 846 536 880 ἀληθινὸν
550 848 614 875 Θεὸν
625 848 701 886 ἡμῶν
716 849 759 876 καὶ
770 848 884 877 ἐντεῦθεν

45 897 268 927 φαντασιαστατς
285 889 474 931 δεικνυμένοις,
497 892 625 930 ἀνάθεμα.

94 937 166 964 Τοῖς
192 934 240 965 τὰς
267 935 314 972 μὲν
344 936 509 975 προφητικὰς
531 937 646 976 ὁράσεις,
675 936 723 965 κᾶν
752 937 790 972 μὴ
819 937 884 975 βού-

50 976 160 1014 λοιντο,
187 978 414 1019 παραδελομένοις
432 988 439 995 ·
471 981 517 1013 τὰς
543 980 565 1008 δ’
592 982 713 1022 ὀφθείσας
740 983 829 1015 αυτοῖς
846 983 885 1011 εἷ-

50 1024 237 1063 κονογραφίας
266 1024 299 1062 (ὢ
326 1026 412 1062 θαῦμα
430 1024 448 1063 l)
493 1027 536 1054 καὶ
576 1027 626 1064 πρὸ
655 1027 812 1066 σαρκώσεως
841 1031 887 1056 τοῦ

56 1067 149 1109 ,λογον
175 1069 213 1105 μὴ
242 1068 479 1110 καταδεχομένοις,
502 1070 560 1099 ἀλλ’
590 1072 607 1106 ἢ
633 1073 714 1106 eam;
744 1073 792 1106 τὴν
816 1071 886 1106 ἄλη-

53 1111 125 1139 πτόν
156 1122 185 1140 τε
213 1114 257 1141 καὶ
285 1113 394 1142 ἀθέατον
425 1116 512 1143 obuiam
539 1116 650 1156 ὀφθῆναι
679 1123 738 1148 τοῖς
758 1117 886 1155 τεθεαμέ-

53 1167 112 1187 νοις
142 1157 328 1197 κενολογοῦσιν
346 1167 353 1175 ⁸
385 1160 403 1194 ἢ
433 1161 534 1192 εἰκόνας
562 1162 610 1198 μὲν
638 1165 720 1189 ταῦτα
742 1164 790 1195 τῆς
815 1162 886 1196 ἀλη-

53 1200 128 1232 θείας
163 1203 207 1230 καὶ
242 1203 338 1236 τύπους
371 1205 415 1232 καὶ
451 1206 579 1244 σχήματα
609 1205 798 1245 ἐμφανισθῆναι
828 1213 886 1238 τοῖς

56 1245 190 1284 ἑωρακόσι
239 1249 442 1286 συντιθεμένοις,
491 1251 689 1291 εἶκονογραψετν
739 1250 765 1278 δὲ
807 1251 885 1280 ἐναν-

57 1291 241 1335 θρωπήσαντα
256 1293 300 1321 τὸν
324 1294 408 1333 Λόγον
423 1296 466 1323 καὶ
492 1295 524 1323 τὰ
550 1296 614 1335 ὑπερ
629 1296 707 1333 ἡμῶν
723 1295 800 1324 αὒτοῦ
815 1297 886 1330 πάθη

58 1334 107 1362 οὒκ
122 1335 310 1376 ἀνεχομένοις,
328 1338 443 1377 ἀνάθεμα
449 1362 455 1368 .

101 1385 166 1412 Τοῖς
193 1381 317 1411 ἀκούουσι
342 1389 388 1413 τοῦ
417 1385 509 1424 Κυρίου
537 1387 574 1418 ὡς
593 1394 599 1401 '
634 1398 647 1413 (κ
682 1387 712 1415 Εἰ
740 1386 887 1415 ἐπιστεύετε

63 1427 171 1466 Μωσεϊ,
189 1426 337 1456 ἐπιστεύετε
352 1428 383 1456 ἂν
409 1429 477 1467 ἐμοὶ,
498 1441 511 1458 n
541 1431 584 1459 καὶ
612 1432 644 1459 τὰ
673 1430 733 1464 ἑξῆς
751 1439 758 1446 ⁶
775 1432 818 1459 καὶ
833 1432 863 1459 τό
880 1439 887 1446 “

65 1480 79 1515 ιι
111 1472 256 1511 Προφήτην
285 1473 349 1511 ὑμῖν
378 1474 520 1509 ἀναστήσει
560 1475 651 1515 Κύριος
680 1477 694 1504 ὁ
723 1477 786 1508 Θεὸς
812 1477 888 1514 ἡμῶν

63 1514 160 1543 ἐκτῶν
175 1515 295 1557 ἀδελφῶν
317 1519 401 1556 ὑμῶν,
426 1520 462 1551 ὡς
492 1519 541 1558 ἐμέ
559 1529 565 1537 ’
592 1530 607 1550 »
636 1525 681 1550 τοῦ
710 1521 825 1553 Μωσέως
841 1520 889 1549 λέ-

63 1570 156 1598 γοντος
192 1566 334 1599 συνιοῦσιν,
378 1564 438 1592 εἶτα
481 1564 586 1604 λέγουσι
622 1564 739 1598 δέξασθαι
768 1567 816 1603 μὲν
845 1567 889 1594 τὸν

66 1605 218 1644 προφήτην,
249 1609 295 1636 οὒκ
324 1608 456 1647 εἰσάγουσι
491 1608 518 1637 δὲ
553 1609 586 1637 δι’
623 1611 811 1648 εἰκονισμάτων
840 1611 888 1644 τὴν

67 1652 113 1695 του
127 1651 262 1690 προφήτου
285 1652 377 1691 χάριν,
402 1654 445 1681 καὶ
473 1653 522 1687 τὴν
550 1654 716 1693 παγκόσμιον
745 1656 888 1695 σωτηρίαν,

67 1694 102 1725 ὡς
129 1695 228 1733 ὡράθη,
260 1697 297 1728 ὡς
331 1698 527 1737 συνανεστράφη
568 1699 726 1739 ἀνθρώποις,
756 1700 791 1730 ὡς
819 1699 890 1732 πάθη

68 1738 112 1783 καὶ
160 1738 252 1768 νόσους
302 1741 396 1773 ἰάσεως
445 1743 566 1780 μείζονας
618 1743 796 1783 ἐθεράπευσεν,
853 1745 889 1776 ὡς

67 1781 227 1824 ἐσταυρώθη,
256 1786 292 1816 ὡς
321 1785 415 1826 ἐτάφη,
446 1788 482 1819 ὼς
513 1787 621 1823 ἀνέστη,
649 1781 686 1820 ὧς
715 1789 799 1816 πάντα
827 1789 890 1827 ὑπὲρ

68 1827 142 1864 ἡμῶν
175 1827 254 1857 ἔπαθέ
281 1841 310 1857 τε
338 1832 381 1859 καὶ
409 1831 533 1865 ἐποίησεν
552 1841 559 1848 ’
588 1839 646 1864 τοῖς
676 1833 720 1861 οὖν
749 1834 829 1861 ταῦτα
859 1834 891 1861 τὰ

69 1872 233 1917 παγκόσμια,
263 1875 307 1903 καὶ
335 1877 452 1916 σωτήρια
482 1876 545 1917 ἔργα
580 1876 606 1906 ἐν
636 1878 733 1906 εἰκόσιν
762 1879 823 1917 ὁρᾷν
852 1878 890 1915 μὴ

69 1916 251 1962 ᾄνεχομένοις,
282 1919 349 1957 μηδὲ
383 1924 494 1959 τιμῶσιν
521 1922 586 1952 αὐτὰ
618 1923 662 1950 καὶ
690 1916 889 1962 προσκυνοῦσιν,

70 1960 193 2000 ἀνάθεμα,

111 2012 171 2040 Τοῖς
207 2009 359 2047 ἐπιμένουσι
392 2014 426 2050 τῇ
457 2011 628 2052 εἷκονομάχῳ
655 2011 762 2051 αἶρέσει,
790 2011 889 2049 μᾶλλον

133 2056 165 2091 τῇ
194 2055 374 2095 χριστομάχῳ
411 2056 569 2093 ἀποστασίᾳ,
602 2057 645 2084 καὶ
675 2057 743 2094 μήτε
772 2055 813 2084 διὰ
842 2060 890 2090 τῆς

75 2100 217 2132 Μωσαῖκῆς
246 2101 398 2137 νομοθεσίας
442 2102 507 2141 πρὸς
548 2102 598 2135 τὴν
640 2102 770 2140 σωτηρίαν
807 2102 892 2130 αὖτῶν

75 2141 216 2182 ἀναχθῆναι
256 2145 439 2182 βουλομένοις,
484 2147 553 2184 μήτε
596 2153 658 2178 ταῖς
700 2145 891 2179 ἂποστολικατς

76 2184 244 2221 διδασκαλίαις
284 2190 510 2231 ἐναναστραφῆνιι
551 2191 599 2224 τὴν
629 2189 760 2219 εὒσέϐειαν
794 2202 891 2231 προαι-

77 2230 215 2269 ρουμένοις,
258 2235 326 2271 μήτε
368 2242 430 2267 ταῖς
474 2241 682 2275 πατριαρχικαῖς
723 2230 890 2275 παραινέσεσι

77 2275 128 2320 καὶ,
152 2277 301 2316 εἷσηγήσεσι
341 2282 391 2313 τῆς
433 2280 536 2314 πλάνης
571 2280 657 2308 ανῦτῶν
702 2280 891 2320 ἐπιστραφῆναι

78 2318 253 2362 βουλομένοις,
279 2324 348 2361 μήτε
371 2328 405 2363 τῇ
427 2325 563 2364 συμφωνίᾳ
592 2327 644 2352 τῶν
665 2324 714 2353 ἆνᾶ
742 2318 829 2353 πᾶσαν
844 2326 891 2359 τὴν

79 2364 223 2408 οίκουμένην
253 2366 419 2402 Ἐκκλησιῶν
462 2374 507 2398 τοῦ
550 2369 615 2398 Θεοῦ
654 2369 864 2408 δυσωπουμένοις
882 2378 889 2385 ⁸

78 2407 133 2436 ἀλλ’
158 2409 257 2450 ἐφάπαξ
297 2413 403 2446 ἑαυτοὺς
438 2417 472 2452 τῇ
514 2417 566 2442 τῶν
590 2413 727 2448 ,Ἰουδαίων
754 2415 798 2442 καὶ
828 2410 892 2443 Ἐλ-

79 2453 159 2489 λήνων
186 2457 268 2498 μερίδι
306 2459 580 2497 καθυποϐάλλομένοις
599 2468 606 2475 ⁸
645 2460 672 2499 (ἃ
707 2460 756 2499 γὰρ
785 2460 892 2498 ἀμέσως

81 2499 168 2545 ἐκεῖνοι
198 2503 234 2534 εἰς
269 2505 298 2531 τὸ
335 2505 506 2544 πρωτότυπον
535 2505 716 2545 βασιρημοῦσι,
746 2505 790 2533 καὶ
821 2506 891 2533 οὗτοι

81 2543 119 2573 διὰ
140 2549 183 2580 τῆς
205 2549 282 2576 αὑτοῦ
305 2549 405 2581 εἰκόνος
431 2550 467 2581 εἷς
496 2549 599 2577 ἐκεῖνον
627 2550 671 2577 τὸν
700 2549 891 2587 εἰκονιζόμενον

81 2590 170 2628 τολμᾷν
199 2593 251 2621 οὖκν
274 2593 450 2634 ἐρυθριῶσι
473 2601 531 2626 τοῖς
560 2593 604 2621 οὖν
632 2594 829 2634 ἀνεπιστρόιρως
857 2598 891 2634 τῇ

71 2051 99 2079 δὲ

83 2637 159 2677 πλάνῃ
185 2639 266 2677 ταύτῃ
297 2639 505 2679 κατεχομένοις,
533 2640 663 2678 καὶπρὸς
694 2639 779 2667 πάντα
807 2640 890 2679 ψόγον

83 2689 146 2716 θεῖον
158 2685 199 2713 καὶ
219 2684 400 2722 πνευματικὴν
428 2682 595 2712 διδασκαλίαν
625 2685 656 2712 τὰ
684 2685 739 2712 ὦτα
760 2684 890 2723 βεϐυσμέ-

85 2741 142 2767 νοις,
156 2731 189 2762 ὼς
215 2728 268 2763 ἤδη
295 2729 387 2758 λοιπὸν
416 2729 557 2769 σεσηπόσι,
587 2730 631 2757 καὶ
658 2729 704 2757 τοῦ
724 2734 813 2759 κοινοῦ
835 2730 891 2757 σώ-

85 2786 157 2814 ματος
187 2776 236 2808 τῆς
266 2773 426 2808 Ἐκκλησίας
454 2773 643 2812 ἀποτεμοῦσιν,
680 2769 800 2814 ἑαυτοὺς,
830 2775 893 2804 ἀνά-

85 2823 152 2859 θεμα.

120 2901 134 2926 9
145 2901 222 2932 toan.
237 2899 269 2938 5,
284 2899 335 2932 46.
379 2899 406 2922 ιο
419 2898 506 2931 Deut.
521 2907 605 2937 xvm,
624 2900 674 2931 15.

926 355 1010 387 dunt.
1024 355 1222 392 Quamobrem
1235 357 1387 388 communi
1398 367 1469 388 voce
1479 366 1595 396 omnes,
1604 361 1747 397 quotquot

928 399 1046 440 pietatis
1056 405 1162 432 coetum
1176 405 1204 432 et
1216 401 1430 441 plenitudinem
1441 401 1659 439 constituimus,
1670 401 1745 432 itain

927 443 994 474 illos
1008 445 1247 476 maledictionem
1260 446 1307 476 cui
1318 455 1350 476 se
1361 446 1563 485 subjecerunt,
1577 446 1742 478 inferimus.

966 489 1005 520 lis
1019 489 1070 529 qui
1085 489 1175 521 verbo
1191 490 1312 530 quidem
1329 491 1383 521 Dei
1398 490 1490 522 Verbi
1506 491 1535 520 in
1558 500 1648 522 carne
1663 499 1745 521 uaco-

927 534 1058 564 nomiam
1089 535 1255 575 recepiunt,
1286 535 1380 575 ipsam
1411 544 1479 566 vero
1507 536 1538 566 in
1566 535 1747 575 imaginibus

927 579 1102 618 conspicere
1114 584 1254 610 recusant
1268 590 1275 617 ;
1291 584 1378 620 atque
1389 579 1456 610 ideo
1468 579 1538 610 dum
1555 589 1586 610 se
1595 588 1659 610 eam
1673 578 1748 609 reci-

927 632 997 662 pere
1013 624 1101 654 verbo
1115 624 1267 662 simulant,
1282 634 1385 655 revcra
1400 624 1525 656 salutem
1545 627 1676 654 nostram
1692 623 1746 653 ab—

926 674 1045 709 negant,
1062 671 1228 702 anathema.

966 715 1005 745 Iis
1017 715 1066 756 qui
1083 716 1171 747 verbo
1191 716 1483 756 incircumscriptum
1496 715 1626 755 maligne
1637 715 1746 746 admit-

926 763 1004 797 tunt,
1020 764 1050 791 et
1060 760 1127 791 ideo
1138 761 1244 791 nolunt
1254 761 1284 792 in
1297 761 1424 801 imagine
1439 759 1648 801 repraesentari
1666 768 1746 796 eum,

926 805 977 844 qui
994 805 1118 845 perinde
1128 809 1215 846 atque
1225 815 1279 836 nos
1290 810 1319 836 et
1332 806 1413 836 carni
1423 810 1452 836 et
1462 804 1600 845 sanguini
1615 813 1748 835 commu-

926 850 1050 881 nicavit.
1077 851 1228 881 Christum
1252 860 1354 882 verum
1377 850 1470 881 Deum
1496 854 1642 885 nostrum,
1659 852 1748 889 atque

896 913 916 937 Β
928 895 998 926 inde
1012 895 1221 935 phantasiastze
1236 895 1479 935 comprobantur,
1496 894 1666 926 anathema.

898 1556 918 1581 C

901 2261 924 2285 D

967 939 1005 970 Iis
1019 939 1070 980 qui
1086 939 1274 980 propheticas
1288 939 1409 980 quidem
1427 939 1566 979 visiones,
1583 938 1676 969 velint
1692 947 1747 968 no-

928 983 994 1024 lint,
1011 983 1188 1023 admittunt;
1207 984 1286 1014 visas
1303 989 1402 1014 autem
1419 984 1492 1024 ipsis
1504 982 1657 1024 prophetis
1671 982 1748 1012 ima-

927 1028 1012 1066 gines
1040 1028 1070 1068 (ο
1100 1038 1148 1059 res
1174 1029 1280 1066 mira!)
1305 1029 1391 1059 etiam
1418 1034 1486 1060 ante
1510 1027 1747 1059 incarnationem

929 1072 1018 1103 Verbi
1035 1082 1093 1103 non
1104 1073 1261 1113 recipiunt,
1275 1074 1326 1104 sed
1340 1074 1434 1114 ipsam
1453 1071 1748 1113 incomprehensibi-

928 1121 958 1147 et
987 1116 1165 1148 invisibilem
1199 1117 1378 1148 subtantiam
1405 1117 1440 1148 ab
1470 1117 1528 1148 illis
1557 1120 1746 1156 conspectam

928 1161 1084 1199 effuttiunt;
1098 1167 1147 1192 aut
1159 1162 1220 1193 haec
1230 1162 1374 1200 imagines
1389 1162 1510 1203 quidem
1525 1161 1657 1192 veritatis
1670 1165 1698 1192 et
1711 1161 1748 1191 ﬁ—

928 1217 1016 1248 guras
1032 1212 1060 1239 et
1081 1209 1190 1239 formas
1215 1208 1385 1239 videntibus
1408 1207 1584 1248 apparuisse
1609 1207 1747 1242 fatentur,

929 1253 982 1284 sed
1011 1252 1143 1284 Verbum
1163 1252 1314 1283 hominem
1335 1252 1444 1284 factum
1460 1253 1582 1292 ejusque
1597 1261 1648 1292 pro
1665 1250 1750 1281 nobis

929 1302 1081 1338 susceptas
1100 1297 1252 1337 passiones
1268 1297 1448 1337 imaginibus
1469 1296 1678 1336 reprzesentari
1694 1305 1748 1326 no-

929 1343 1004 1379 lunt,
1017 1342 1186 1373 anathema.

971 1388 1008 1418 lis
1023 1388 1072 1426 qui
1085 1386 1375 1418 audiuntDominum
1389 1386 1537 1417 dicentem
1550 1385 1603 1417 :Si
1614 1385 1751 1416 credere-

931 1433 968 1463 tis
988 1431 1181 1471 Moysi,mihi
1195 1432 1297 1470 utique
1306 1431 1469 1462 crederetis
1479 1431 1506 1467 9,
1517 1434 1587 1468 etc.,
1601 1434 1659 1461 etc.
1674 1428 1751 1459 Pro-

930 1478 1053 1517 phetum
1075 1475 1156 1507 vobis
1176 1476 1321 1507 excitabit
1334 1475 1486 1506 Dominus
1499 1475 1580 1506 Deus
1599 1477 1698 1505 noster
1715 1482 1752 1504 ex

930 1522 1080 1562 fratribus
1090 1521 1212 1559 vestris,
1226 1522 1302 1552 sicut
1316 1529 1362 1551 me
1373 1521 1411 1558 l0;
1425 1520 1612 1560 Moysemque
1627 1519 1751 1558 loquen-

932 1572 991 1598 tem
1010 1565 1189 1605 intelligunt,
1204 1565 1313 1596 deinde
1332 1565 1434 1596 dicunt
1449 1574 1481 1595 se
1497 1564 1672 1605 prophetam
1682 1562 1750 1603 qui-

931 1613 999 1643 dem
1016 1612 1162 1652 recipere,
1176 1611 1227 1641 sed
1246 1611 1396 1652 prophetae
1407 1610 1531 1649 gratiam
1544 1618 1597 1650 per
1609 1608 1753 1648 imagines

931 1656 1142 1688 nonintlucunt
1154 1665 1188 1686 ac
1200 1656 1289 1687 totius
1301 1655 1404 1686 mundi
1415 1655 1553 1690 salutem,
1570 1658 1601 1684 ut
1616 1653 1676 1683 visa
1695 1656 1750 1690 est,

933 1706 963 1732 ut
992 1705 1164 1732 conversata
1183 1710 1251 1731 cum
1277 1699 1459 1737 hominibus,
1486 1703 1517 1729 ut
1538 1698 1708 1729 affectiones
1725 1700 1752 1728 et

934 1746 1054 1777 morbos
1069 1746 1149 1776 omni
1163 1745 1278 1776 medela
1288 1745 1459 1786 superiores
1475 1744 1596 1781 curavit,
1609 1747 1639 1773 ut
1654 1743 1751 1773 cruci-

933 1793 989 1823 ﬁxa
1018 1795 1047 1821 et
1073 1790 1191 1830 sepulta
1219 1793 1263 1821 est
1290 1799 1324 1820 ac
1348 1790 1522 1826 resurrexit,
1540 1792 1571 1818 ut
1586 1790 1685 1818 omnia
1699 1796 1752 1827 pro

933 1836 1018 1868 nobis
1034 1844 1120 1876 passa
1140 1839 1169 1866 et
1184 1839 1304 1875 operata
1319 1839 1384 1875 est;
1401 1834 1448 1874 iis,
1465 1834 1599 1874 inquam,
1626 1833 1676 1873 qui
1691 1833 1754 1863 haec

931 1881 968 1912 ad
985 1879 1188 1918 totiusmundi
1201 1880 1324 1910 salutem
1350 1883 1462 1919 patrata
1486 1887 1577 1919 opera
1599 1882 1627 1908 et
1649 1876 1754 1916 imagi-

933 1926 1021 1957 nibus
1044 1925 1146 1956 videre
1171 1934 1229 1955 non
1253 1924 1413 1960 sustinent,
1430 1932 1528 1963 neque
1544 1922 1594 1953 illa
1609 1922 1756 1954 honorant

932 1971 1115 2010 adorantque
1131 1969 1298 2000 anathema.

973 2015 1012 2047 Iis
1026 2014 1076 2055 qui
1093 2018 1212 2044 manent
1226 2014 1256 2044 in
1268 2013 1530 2044 iconomachorum
1558 2010 1675 2048 haeresi,
1693 2010 1753 2040 imo

934 2061 1031 2101 potius
1047 2059 1077 2089 in
1093 2058 1387 2090 Cllristomachorum
1412 2056 1570 2097 apostasia,
1587 2064 1685 2095 neque
1701 2063 1755 2094 per

933 2099 1090 2136 Mosaicam
1108 2103 1204 2141 legem
1219 2102 1254 2133 ad
1270 2103 1393 2132 salutem
1411 2111 1493 2132 suam
1510 2100 1618 2131 adduci
1640 2099 1753 2135 volunt,

933 2158 1030 2189 neque
1041 2147 1246 2188 injapostolica
1258 2146 1392 2177 doctrina
1406 2145 1547 2186 pietatem
1562 2143 1673 2175 versari
1685 2152 1754 2173 con-

933 2187 1180 2232 sen_tiunt,neque
1194 2189 1442 2231 patriarchalibus
1454 2187 1711 2220 adhortationibus
1727 2189 1756 2216 et

934 2236 1170 2268 institutionibus
1185 2235 1222 2266 ab
1237 2244 1338 2266 errore
1354 2244 1407 2265 suo
1423 2233 1556 2265 converti
1571 2233 1684 2268 volunt,
1698 2239 1753 2261 ne-

935 2292 992 2323 que
1011 2281 1048 2312 ob
1064 2290 1244 2312 consensum
1260 2279 1393 2310 omnium
1409 2288 1462 2319 per
1477 2278 1579 2309 orbem
1594 2276 1757 2308 DeiEccle—

934 2322 1045 2357 s’iarum
1076 2325 1189 2366 pudore
1211 2324 1391 2361 afﬁciuntur,
1417 2323 1468 2354 sed
1492 2332 1524 2353 se
1538 2322 1756 2366 Judaeorumac

934 2364 1088 2412 gentilium
1100 2370 1172 2401 sorti
1189 2370 1308 2410 penitus
1328 2368 1519 2409 subjecerunl
1533 2367 1698 2412 (namquze
1713 2364 1754 2395 illi

935 2410 999 2447 sine
1014 2415 1073 2446 ullo
1093 2413 1272 2446 intermedio
1286 2414 1315 2444 in
1330 2417 1516 2453 prototypum
1532 2410 1752 2450 blasphemant,

934 2461 965 2491 hi
980 2469 1034 2500 per
1047 2459 1141 2500 ipsius
1156 2458 1316 2498 imaginem
1333 2457 1363 2488 in
1377 2457 1471 2497 ipsum
1490 2455 1620 2495 imagine
1641 2462 1756 2500 ωριτε-ς

934 2498 1081 2536 sentatum
1098 2503 1207 2534 audere
1223 2512 1282 2533 non
1298 2501 1509 2541 erubescunt);
1531 2501 1567 2531 iis
1591 2499 1690 2539 itaque
1707 2498 1757 2537 qui

934 2549 999 2580 sine
1011 2549 1072 2579 ulla
1087 2547 1294 2588 resipiscentia
1311 2547 1339 2577 in
1356 2547 1413 2578 hoc
1424 2555 1527 2577 errore
1540 2545 1756 2582 detinentur,et

933 2595 969 2625 all
986 2603 1106 2624 omnem
1123 2593 1252 2624 divinam
1269 2591 1508 2632 objurgationem
1525 2594 1553 2620 et
1569 2588 1754 2630 spiritualem

934 2638 1099 2670 doctrinam
1125 2646 1212 2668 aures
1237 2631 1388 2676 obturant,
1409 2639 1510 2676 utpote
1536 2635 1596 2674 jam
1619 2631 1755 2673 putridis,

933 2683 985 2725 qui
1001 2692 1034 2714 se
1049 2693 1065 2714 a
1080 2681 1231 2714 communi
1256 2681 1397 2713 Ecclesia
1420 2689 1545 2722 corpore
1560 2677 1755 2712 absciderint,

933 2728 1102 2760 anathema.
