1982 3075
73 196 132 230 7⁵17

731 197 900 230 EDICTUM
925 194 1125 230 SYNODALE

1704 188 1764 225 738

72 265 118 293 καὶ
134 264 294 304 Συγκέλλου,
326 266 428 301 Νικήτα
458 265 638 306 Χαλκηδόνος,
669 267 711 294 καὶ
733 265 893 304 Συγκὲλλου,

954 265 1024 302 ello,
1048 264 1152 295 Niceta
1175 262 1372 295 Chalcedonis
1394 267 1423 294 et
1438 261 1585 303 Syncello,
1603 260 1764 306 Laurentio

75 310 237 340 Λαυπεντίου
242 336 248 347 ,

71 352 166 391 Σίδης,

293 310 438 351 Δυῤῥαχίου
481 312 524 339 καὶ
565 309 724 349 Συγιιέλλου,
777 309 898 348 Ἀνθίμου

210 354 342 384 Νικολάου
396 359 575 392 Πισινοῦντος,
632 354 743 387 Λέοντος
791 354 896 394 Μύρων,

72 397 185 430 Λέοντος
215 403 421 439 Τραπεζοῦντος,
452 399 573 430 Ἰωάννου
611 400 745 439 Σμύρνης,
778 398 898 429 Εὒσεϐίιιυ

71 441 327 482 Ἀδριανουπόλεως,
365 446 561 474 Κωνσταντίνου
603 443 767 480 Μιτυλήνης,
815 449 898 473 Νικο-

73 487 139 516 λάου
155 491 265 527 Χωνῶν,
298 485 421 519 Ὺπατίου
443 485 596 530 Ἰδρουντος,
625 489 669 518 καὶ
682 489 899 529 ἆρχιεπισκόπων

77 532 188 564 Λέοντος
207 532 383 574 Καραϐιζύης,
408 535 552 574 Γρηγορίου
576 533 748 574 Μεσημϐρίας
769 544 899 573 παριστασ

76 577 164 614 μένων
179 579 222 606 καὶ
243 581 295 607 τῶν
310 583 512 620 πατριαρχικῶν
527 579 677 620 ἀρχόντων.

118 624 172 652 Οὔκ
185 622 217 656 ἦν
232 621 293 663 ἄρα,
309 625 346 656 ὡς
375 624 456 662 ἔοικε,
485 625 563 664 κόρος
591 627 630 661 τῷ
657 627 766 663 πονηρῷ
779 626 833 652 τῶν
846 633 899 651 κα-

75 670 142 699 κῶν,
160 667 209 695 Διὰ
232 668 309 696 τοῦτο
336 669 385 709 γὰρ
407 671 437 698 οὒ
462 670 571 697 παύεται
602 676 661 701 τοῖς
690 668 821 698 εόσεϐἐσιν
837 667 898 695 ἐπι-

75 711 217 751 φυόμενος,
247 713 289 741 καὶ
316 713 407 742 καινόν
434 725 459 742 τι
485 714 553 742 κατὰ
594 713 717 748 ἀληθείας
752 713 792 742 ἀεὶ
820 712 899 752 ἐφευ-

76 756 174 795 ρίσκειν
203 756 444 797 ἐκμηχανώμενος.
474 758 613 798 Τοιγάρτοι
642 759 686 787 καὶ
714 758 815 798 μυρίαις
839 757 901 794 μὲν-

76 801 168 833 τόσαις
196 801 309 834 ἀπάταις
337 803 389 840 πρὸ
426 805 475 836 τῆς
516 802 542 831 ἐν
585 803 660 842 σαρκὶ
690 806 735 832 νοῦ
766 801 900 830 Δεσπότω

76 845 220 885 παρουσίας
261 847 306 875 τὸν
348 846 483 886 ἄνθρωπον
517 847 685 886 ὑπηγάγετο,
728 846 835 887 Μυρίαις
873 844 900 873 δὲ

939 308 1091 350 Dyrrachii
1107 312 1135 339 et
1151 308 1297 349 Syncello,
1315 307 1434 339 Antimo
1450 307 1546 344 Sides,
1562 306 1687 338 Nicolao
1711 305 1761 336 Pi-

939 349 1078 390 sinuntis,
1112 354 1208 384 Leone
1236 352 1393 393 Myrorum,
1423 352 1525 383 Leone
1556 349 1762 391 Trapezuntis,

938 397 1053 428 Joanne
1067 397 1213 438 Smyrnae,
1229 397 1359 428 Eusebio
1375 396 1597 437 Adrianopolis,
1615 396 1762 427 Constan-

942 443 1002 473 tino
1029 442 1194 483 Mitylenes,
1218 441 1339 473 Nicolao
1364 442 1544 479 Clionarum,
1570 439 1694 481 Hypatio
1710 438 1766 470 Hi-

941 486 1056 518 druntis
1073 490 1101 518 et
1115 486 1350 527 archiepiscopis
1372 485 1471 517 Leone
1489 485 1666 526 Carabyziaa,
1687 485 1764 516 Gre-

941 532 1023 571 gorio
1039 531 1225 563 Mesembria;
1238 531 1449 564 assistentibus
1469 535 1497 562 et
1519 529 1766 572 patriarcbalibus

942 576 1104 607 nobilibus.

982 620 1113 662 Nequam
1138 630 1172 652 ac
1198 620 1335 661 improbo
1361 619 1566 651 dmmoninon
1593 628 1638 650 sat
1651 619 1717 658 fuit,
1734 623 1769 650 ut

940 665 1059 697 videtur
1075 666 1231 697 malorum.
1250 666 1411 706 Propterea
1433 674 1562 706 namque
1578 664 1692 696 nullum
1707 674 1766 695 un-

941 719 1028 751 quam
1056 711 1145 741 ﬁnem
1175 711 1254 749 fecit,
1278 711 1309 742 in
1337 712 1401 751 pios
1416 710 1553 741 homines
1567 719 1721 751 arrepens,
1739 713 1769 741 et

942 764 1051 787 novum
1077 755 1147 796 quid
1172 756 1315 787 adversus
1340 755 1494 786 veritatem
1510 764 1628 796 semper
1648 754 1766 794 excogi-

941 803 1019 831 tans.
1036 798 1226 840 Quapropter
1250 799 1418 831 innumeris
1443 797 1506 830 fere
1530 799 1684 830 fraudibus
1699 802 1768 830 ante

942 843 1060 876 Domini
1076 844 1106 875 in
1121 853 1211 876 carne
1228 844 1386 876 adventum
1399 854 1477 884 genu
1488 844 1650 875 humanum
1661 843 1766 882 illusit,

76 890 121 918 καὶ
149 890 216 928 μετᾶ
249 896 331 921 ταῦτα
365 891 477 924 πλάναις
513 892 557 920 καὶ
589 891 762 929 δελεάσμασιν
790 891 902 918 ὑποσκε-

956 889 1109 920 nnumeris
1124 898 1193 920 vero
1209 889 1396 930 postmodum
1413 889 1564 921 erroribus
1576 893 1606 920 et
1620 888 1769 920 illecebris

77 934 156 970 λίζειν
195 936 239 964 καὶ
266 937 423 976 παρασύρειν
455 937 515 968 τοὺς
553 936 623 974 αὒτῷ
650 936 821 974 πειθομένους
851 936 902 974 οὔχ

79 979 178 1018 ὑφῆκεν
207 979 288 1016 ὅλως,
321 979 382 1009 065a
407 980 532 1010 διέλιπεν.
563 980 646 1009 Ἀλλὰ
673 981 717 1009 καὶ
745 980 845 1008 τούτων
874 978 904 1006 ἐκ

78 1023 167 1052 ποδῶν
188 1025 350 1064 γενομένων,
375 1027 420 1054 καὶ
447 1025 568 1058 εὐσεϐοῦς
596 1027 640 1054 καὶ
666 1025 771 1064 βαθείας
799 1022 902 1055 ἐλπίδος

78 1075 138 1101 τοῖς
154 1068 270 1099 εὐσεϐεῖν
293 1071 523 1111 ὑποστρεφομένης
554 1070 669 1099 ἐθέλουσι
699 1068 763 1108 μήτ’
792 1069 822 1097 ἂν
845 1079 903 1096 και-

80 1113 191 1152 νοτέρων
234 1114 438 1153 δυσσεϐημάτων
482 1116 621 1156 ἐφευτερὰς
665 1114 784 1154 γενέσθαι
825 1112 902 1150 ποτὲ,

80 1157 107 1186 ἐν
121 1162 201 1187 πᾶσιν
224 1161 266 1191 οἷς
290 1160 358 1188 κατὰ
386 1164 431 1189 τοῦ
456 1161 532 1200 ὀρθοῦ
558 1160 639 1199 λόγου
663 1161 677 1188 ὁ
704 1159 820 1198 πονηρὸς
848 1167 904 1185 πει-

79 1203 152 1242 ράσει
179 1203 336 1232 ἐσπούδασεν
355 1213 361 1220 ·
394 1206 430 1237 εἰς
458 1205 607 1234 τοῦναντίον
636 1204 707 1242 αὖτῷ
731 1206 782 1232 τῶν
811 1212 903 1242 μηχα-

80 1248 207 1286 νημάτων
234 1250 446 1289 περιτραπέντων
463 1258 470 1265 ⁸
501 1256 545 1280 νῦν
566 1261 635 1282 τινες
657 1247 792 1280 δυσσεϐεῖς
814 1246 904 1286 ἄνδρες

80 1293 125 1320 καὶ
153 1293 338 1335 ἀπιγτρόπαιοι,
374 1295 417 1324 καὶ
452 1296 478 1324 τί
505 1295 555 1335 γὰρ
583 1295 630 1324 οὔχ
658 1293 688 1322 ἄν
717 1305 756 1325 τις
791 1290 904 1321 εὐσεϐῶν

82 1337 190 1369 τούτους
219 1338 383 1379 ὀνομάσειεν,
427 1339 516 1380 ἄνδρες
559 1339 588 1368 ἐκ
617 1339 726 1370 σκότους
756 1336 908 1376 ἀναδύντες,

84 1382 142 1421 (τῆς
183 1383 233 1422 γὰρ
273 1379 408 1423 Ἐσπερίου
451 1385 542 1425 μοίρας
578 1386 702 1424 ὑπῆρχον
729 1381 905 1422 γεννήματα),

85 1428 123 1458 εἰς
159 1428 209 1461 τὴν
237 1428 331 1463 εὐσεϐῆ
359 1430 456 1463 ταύτην
483 1429 601 1461 ἐλθόντες
629 1429 706 1457 πόλιν
735 1428 778 1456 καὶ
812 1426 908 1467 θεοφό-

85 1471 194 1509 λακτον,
210 1473 255 1513 ἀφ’
280 1475 325 1509 ἧς,
349 1473 437 1514 ὥσπερ
465 1474 517 1502 ἀπό
543 1485 615 1506 τινος
641 1473 745 1511 ὑψηλοῦ
773 1473 816 1500 καὶ
832 1483 908 1510 μετε-

83 1517 152 1556 ώρου
184 1517 284 1557 χωρίου
312 1519 337 1546 αἱ
365 1521 413 1552 τῆς
448 1518 592 1558 ὀρθοδοξίας
628 1519 712 1558 πηγαὶ
741 1516 905 1554 ἆναδύονται,

82 1562 127 1589 καὶ
154 1562 254 1602 καθαρὰ
287 1565 336 1596 τῆς
376 1562 506 1595 εὐσεϐείας
542 1564 576 1592 τὰ
604 1563 708 1601 νάματα
734 1561 760 1594 ἐς
797 1563 829 1593 τὰ
856 1564 905 1595 τῆς

83 1605 239 1643 οἰκουμένης
268 1605 412 1647 διαρρέουσι
450 1608 560 1647 πέρατα,
597 1609 642 1636 καὶ
675 1609 802 1645 ποταμῶν
829 1605 903 1639 δίκην

81 1650 130 1681 τὰς
159 1649 186 1678 ἐν
215 1651 304 1690 ἁπάσῃ
332 1655 366 1690 τῇ
394 1651 436 1692 ὑφ’
465 1652 541 1686 ¹ἥλιον
570 1652 672 1692 ψυχὰς,
702 1658 761 1684 τοῖς
789 1649 904 1680 εὗσεςὲσι

83 1694 197 1735 δόγμασι
212 1695 423 1736 καταρδεόουσιν,
446 1698 482 1729 εἰς
511 1697 620 1736 ταύτην,
652 1697 740 1736 ὥσπερ
767 1697 903 1735 κεραυνὸς,

82 1741 101 1775 ἢ
124 1742 246 1779 σεισμὸς,
275 1741 293 1776 ἢ
319 1741 441 1782 χαλάζης
468 1742 571 1776 πληθος
587 1750 594 1757 '
626 1743 648 1770 εἰ
676 1742 731 1782 χρὴ
754 1741 781 1769 δὲ
804 1740 904 1779 μᾶλλον

85 1786 172 1814 εἰπεῖν
200 1786 365 1827 οἰκειότερον,
396 1788 432 1819 ὡς
463 1788 552 1826 μονιὸς
580 1787 671 1827 ἄγριος
699 1785 905 1821 εἰσπηδήσαντες

89 1831 135 1859 τὸν
150 1830 225 1870 ὀρθὸν
250 1830 329 1871 λόγον
349 1835 384 1871 τῇ
412 1831 522 1872 διαφορᾷ
542 1835 594 1861 τῶν
621 1831 759 1871 δογμάτων
789 1830 907 1859 καταλυ-

83 1876 217 1913 μήνασθαι
256 1876 444 1918 ἐπεχείρησαν,
481 1878 517 1909 ὡς
554 1877 598 1906 καὶ
633 1876 738 1917 Γραφὴν
766 1875 905 1904 ἀποθέσθαι

83 1919 109 1948 ἐν
138 1923 174 1958 τῇ
203 1924 318 1959 μυστικῇ
346 1923 397 1955 τῆς
434 1920 553 1960 μεγάλης
583 1925 630 1951 τοῦ
657 1924 722 1949 Θεοῦ
747 1919 905 1953 Ἐκχλησίας

81 1964 213 2003 τραπέζῃ,
230 1963 262 1993 δι’
285 1966 320 1999 ἧς
348 1966 431 2004 ἡμᾶς,
457 1965 558 2004 μᾶλλον
583 1965 610 1994 δὲ
635 1965 685 1999 τὴν
707 1963 838 2005 όρθόδοξον
859 1969 906 1994 τοῦ

82 2012 149 2037 Θεοῦ
171 2008 342 2048 Ἐκκλησίαν,
365 2011 410 2039 καὶ
436 2011 536 2043 πάντας
563 2011 622 2042 τοὺς
651 2010 690 2048 μὴ
718 2009 904 2049 συνυπαγομέ-

80 2065 140 2086 νους
170 2061 229 2086 τοῖς
263 2054 348 2083 αὐτῶν
372 2054 566 2094 δυσσεϐήμασιν
593 2054 741 2095 ὀρθοδόξους
761 2053 904 2092 ἀναθέματι

81 2097 113 2127 δι’
136 2099 201 2128 αὐτὸ
214 2102 302 2140 τοῦτο,
333 2099 373 2128 ὅτι
402 2099 519 2129 εὐσεϐεῖν
546 2101 591 2128 καὶ
616 2100 646 2128 τὸ
675 2098 808 2139 ὀρθόδοξον
835 2110 903 2139 προ-

80 2142 179 2172 ϐαίνειν
209 2143 342 2183 ἐθέλομεν,
383 2144 574 2183 καθυπέϐαλον,
619 2144 807 2184 ἐγκαλέσαντες
835 2144 903 2182 ἡμῖν

81 2187 150 2216 ἄλλα
177 2187 207 2215 τέ
232 2199 302 2226 τινα,
325 2190 370 2218 καὶ
399 2189 439 2219 ὅτι
467 2191 527 2222 τοὺς
552 2190 683 2230 πώγωνας
711 2188 903 2228 παραπλησίως

82 2231 196 2264 ἆχείνοις
221 2231 308 2273 ξυρᾷν,
336 2235 380 2263 καὶ
401 2235 451 2269 τὴν
478 2235 546 2263 κατὰ
573 2235 649 2275 φύσιν
677 2234 812 2273 ἀνθρώπου
841 2245 904 2273 μορ-

82 2277 134 2317 φὴν
162 2278 232 2317 παρὰ
260 2279 334 2319 φύσιν
363 2278 529 2312 ἐξαλλάσσειν
559 2282 606 2309 οὐκ
632 2279 783 2319 ἀνεχόμεθα
800 2287 807 2294 ⁵
838 2280 904 2319 πρὸς

81 2321 168 2350 δὲκαὶ
193 2321 232 2350 ὅτι
264 2324 301 2361 μὴ
331 2323 522 2365 διακρινόμενοι
543 2324 596 2353 ἀπὸ
624 2322 804 2364 πρεσϐυτέρων
826 2334 906 2361 μετα-

81 2365 225 2405 λαμϐάνειν
242 2370 447 2408 φεγαμηκότων,
480 2370 548 2409 Πρὸς
569 2369 611 2398 ἐπὶ
640 2372 704 2397 πᾶσι
732 2367 760 2396 δὲ
787 2369 901 2407 τούτοις,

81 2401 123 2440 καί
146 2411 187 2440 ὅτι
214 2401 349 2451 τὸιὶερδνή
366 2415 409 2442 καὶ
436 2401 510 2454 ἅγιον
540 2412 681 2454 σύμϐολον,
710 2413 725 2442 ὃ
752 2416 816 2441 πᾶσι
844 2401 936 2445 τοτςῙ)

81 2456 242 2496 συνοδικοϊς,
286 2459 330 2486 καὶ
367 2459 560 2498 οἰκουμενιχοτς
595 2460 760 2499 φηφίσμασιν
797 2457 904 2498 ἄμαχον

81 2501 138 2542 ἔχει
154 2502 204 2536 τὴν
226 2502 315 2544 ἰσχύν,
347 2503 432 2536 νόθοις
460 2504 602 2543 λογισμοῖς
623 2504 666 2532 καὶ
690 2503 903 2543 παρεγγράπτοις

82 2545 173 2587 λόγοις
195 2548 239 2576 καὶ
267 2548 375 2588 θράσους
404 2548 535 2589 ὑπερϐολῇ
565 2549 603 2587 μὴ
631 2547 792 2582 Αιϐδηλεύειν
818 2547 904 2576 ἐθέλο-

83 2602 142 2631 μεν,
162 2591 230 2630 μηδὲ
244 2592 437 2632 παραπλησίως
465 2593 574 2626 ἐκείνοις
597 2593 626 2622 ἐκ
652 2596 697 2621 τοῦ
725 2594 837 2632 Πατρὸς,
862 2593 904 2621 καὶ

83 2642 126 2666 τοῦ
154 2638 216 2666 Υἱοῦ
240 2638 270 2665 τὸ
292 2641 397 2676 Πνεῦμα
425 2639 455 2667 τὸ
482 2638 570 2678 ἅγιον,
592 2639 614 2667 ὦ
640 2640 692 2667 τῶν
722 2638 767 2666 τοῦ
788 2641 905 2678 πονηροῦ

83 2682 301 2722 μηχανημάτων,
331 2682 391 2711 ἀλλ’
419 2684 449 2711 ἐκ
476 2687 522 2713 τοῦ
552 2683 652 2722 Πατρός
674 2694 758 2723 φαμεν
783 2682 903 2722 ἐκπορεύ-

83 2728 153 2755 εσθαι
172 2736 178 2742 “
200 2727 268 2764 μήτε
297 2730 332 2766 τῇ
360 2731 450 2769 Γραφῇ
475 2727 617 2768 προσέχειν
645 2727 788 2764 ἐθέλοντες⁷
805 2727 834 2765 (ἡ,
850 2727 903 2755 Οὔκ

81 2769 305 2810 ἆκομαδαράσετε,
326 2773 401 2813 φησὶ,
423 2773 481 2805 τοὺς
505 2777 638 2813 πώγωνας
658 2773 746 2811 ἡμῶν,
769 2772 826 2800 οὔτε
849 2772 903 2809 μὴν

81 2813 177 2844 ἐννοεῖν
219 2815 290 2848 ὅλως
331 2817 499 2856 βουλομενοι,
539 2817 579 2846 ὅτι
621 2817 733 2857 γυναιξὶν
776 2816 902 2856 εὐπρεπὲς

82 2863 154 2889 τοῦτο
176 2862 190 2890 ὁ
216 2861 307 2893 κτίσας
332 2861 440 2896 ἐποίησε
471 2863 547 2901 Θεὸς,
576 2861 681 2902 ἀνδράσι
697 2862 724 2890 δὲ
739 2861 902 2901 ἀνάρμοστον

943 934 1137 974 supplantare
1153 938 1182 965 et
1193 934 1323 974 dejicere
1334 943 1386 965 eos
1401 933 1452 974 qui
1468 934 1511 964 illi
1523 933 1695 972 credebant,
1707 943 1770 965 om-

943 979 1015 1009 nino
1032 988 1092 1009 non
1103 978 1228 1017 destitit,
1245 989 1341 1020 neque
1358 988 1487 1019 unquam
1505 978 1769 1010 cessavit.Verum-

944 1027 1043 1054 tamen
1073 1023 1120 1054 his
1148 1033 1266 1064 quoque
1292 1024 1330 1054 de
1355 1023 1454 1054 medio
1479 1023 1617 1061 sublatis,
1633 1033 1701 1055 cum
1723 1023 1770 1064 pia
1821 1036 1825 1041 ο

945 1077 1108 1109 magnaque
1124 1077 1194 1108 spes
1208 1072 1287 1099 esset
1311 1067 1340 1098 in
1363 1068 1403 1099 iis
1415 1068 1464 1108 qui
1481 1067 1620 1108 pietatem
1634 1068 1769 1108 amplec-

946 1115 1059 1149 tuntur,
1087 1121 1239 1152 nunquam
1268 1112 1299 1143 in
1329 1117 1481 1153 posterum
1507 1121 1582 1143 nova
1607 1112 1770 1153 impietatis

945 1155 1060 1187 semina
1085 1157 1260 1188 inventuros
1287 1157 1318 1187 in
1343 1156 1483 1187 omnibus
1511 1156 1558 1187 his
1587 1166 1653 1197 quae
1668 1161 1771 1188 contra

944 1205 1055 1232 rectam
1079 1202 1226 1232 rationem
1250 1201 1405 1242 improbus
1421 1201 1472 1232 ille
1494 1201 1694 1233 disseminare
1706 1205 1772 1232 stu-

946 1245 1020 1282 duit,
1031 1255 1097 1276 cum
1107 1250 1210 1277 contra
1220 1255 1254 1277 ac
1266 1246 1330 1286 ipse
1345 1249 1525 1286 speraverat,
1537 1246 1681 1277 machinae
1691 1246 1772 1278 illius

950 1290 1098 1331 dissipatae
1113 1291 1249 1328 fuissent,
1266 1300 1345 1321 nunc
1358 1290 1477 1331 quidam
1493 1290 1631 1321 homines
1645 1291 1730 1332 impii
1744 1294 1774 1322 et

951 1337 1137 1376 exsecrandi,
1154 1342 1182 1368 et
1197 1337 1267 1378 quid
1284 1347 1343 1368 non
1360 1337 1530 1378 quicunque
1546 1337 1684 1377 pietatem
1702 1337 1773 1368 colit

950 1391 1001 1415 eos
1017 1392 1076 1413 non
1093 1383 1273 1421 nominaret,
1290 1383 1427 1414 homines
1442 1391 1458 1413 e
1475 1382 1604 1413 tenebris
1616 1392 1772 1423 erumpen-

951 1431 1005 1465 tes,
1023 1436 1090 1458 cum
1112 1436 1146 1458 ex
1173 1427 1318 1467 HeSperia
1343 1430 1440 1458 ortum
1466 1427 1586 1467 ducant,
1604 1427 1634 1457 in
1653 1427 1772 1467 pietatis

949 1471 1102 1503 cultricem
1127 1471 1204 1502 hanc
1219 1475 1248 1503 et
1262 1481 1279 1502 a
1296 1473 1355 1502 Deo
1383 1475 1584 1502 conservatam
1610 1471 1714 1502 urbem
1734 1471 1771 1503 ad

948 1516 1113 1551 venientes.
1140 1525 1174 1546 ex
1200 1525 1258 1556 qua
1281 1520 1419 1556 tanquam
1445 1524 1480 1546 ex
1501 1515 1560 1546 alla
1574 1519 1604 1546 et
1619 1516 1771 1547 eminente

947 1560 1068 1600 specula
1080 1560 1261 1592 orthodoxiaa
1276 1560 1371 1592 fontes
1389 1564 1557 1600 erumpunt,
1576 1564 1604 1591 et
1620 1570 1693 1601 pura
1704 1561 1770 1601 pie-

947 1605 1015 1636 tatis
1042 1606 1153 1637 ﬂuenta
1176 1605 1207 1636 in
1231 1605 1312 1636 orbis
1336 1609 1482 1637 terrarum
1512 1605 1587 1636 ﬁnes
1607 1606 1767 1646 perﬁuum,

947 1654 974 1681 et
989 1650 1145 1681 ﬂuviorum
1165 1649 1259 1681 instar
1281 1649 1410 1687 animus,
1426 1658 1492 1690 quae
1507 1649 1562 1680 sub
1579 1649 1643 1681 sole
1658 1650 1770 1690 degunt

946 1704 1050 1726 omnes
1065 1694 1121 1735 piis
1136 1695 1323 1735 dogmatibus
1338 1694 1473 1734 irrigant,
1486 1694 1517 1725 in
1532 1694 1587 1725 hac
1602 1695 1692 1726 veluti
1710 1695 1770 1726 fulq

946 1748 1012 1779 gur,
1038 1739 1099 1771 sive
1126 1739 1225 1778 turbo,
1251 1739 1313 1770 sive
1337 1739 1490 1778 grandinis
1512 1739 1608 1780 copia,
1638 1739 1713 1778 sive,
1739 1744 1771 1771 ut

948 1784 1042 1824 magis
1070 1785 1189 1826 proprie
1215 1794 1279 1816 rem
1307 1784 1478 1822 indicimus,
1511 1783 1600 1815 veluti
1626 1784 1771 1816 silvestris

948 1837 1057 1869 porcus
1085 1829 1244 1870 irruentes,
1275 1833 1387 1860 rectam
1421 1830 1569 1860 rationem
1598 1828 1770 1861 diversitate

948 1873 1116 1913 dogmatum
1131 1877 1309 1914 praevertere
1323 1873 1421 1905 conati
1435 1877 1505 1905 sunt
1519 1873 1570 1912 ita,
1596 1877 1629 1905 ut
1643 1877 1672 1905 et
1686 1873 1771 1906 Scri-

948 1921 1063 1959 pturam
1078 1919 1109 1950 in
1125 1919 1248 1960 mystica
1272 1928 1385 1959 magnae
1407 1920 1461 1950 Dei
1477 1918 1620 1950 Ecclesiae
1641 1928 1772 1960 repone-

946 1966 1013 1994 rent
1026 1973 1140 2001 mensa,
1157 1973 1216 2004 qua
1230 1973 1296 2001 nos,
1313 1964 1373 1995 imo
1387 1963 1582 1994 orthodoxam
1593 1963 1648 1994 Dei
1663 1963 1771 1996 Eccle-

945 2007 1031 2044 siam,
1059 2017 1223 2049 omnesque
1246 2007 1296 2049 qui
1321 2008 1422 2048 impiis
1456 2017 1561 2040 eorum
1585 2008 1772 2048 dogmatibus

945 2062 1004 2084 non
1019 2052 1134 2094 abrepti
1150 2057 1230 2093 sunt,
1256 2053 1438 2085 orthodoxos
1462 2052 1500 2084 ob
1524 2052 1555 2084 id
1579 2052 1674 2094 idem,
1689 2053 1769 2094 quod

945 2099 987 2140 pii
1002 2109 1069 2131 esse
1079 2104 1109 2130 et
1123 2099 1213 2131 ﬁdem
1228 2099 1421 2131 orthodoxam
1435 2098 1553 2130 dilatari
1569 2101 1766 2140 prmcupiunt,

945 2144 1134 2176 anathemate
1148 2144 1270 2182 feriunt,
1286 2144 1457 2176 incusantes
1473 2153 1527 2175 nos
1536 2144 1568 2174 in
1580 2144 1680 2176 multis
1690 2145 1767 2184 aliis,

946 2193 976 2220 et
991 2193 1135 2230 praeterea
1149 2189 1228 2230 quod
1244 2188 1367 2220 barbam
1383 2198 1467 2229 aeque
1491 2198 1525 2220 ac
1539 2188 1584 2220 illi
1606 2193 1725 2228 radere,
1742 2194 1772 2222 et

945 2243 1011 2265 eam
1027 2243 1093 2274 quas
1107 2238 1152 2266 est
1162 2234 1327 2265 secundum
1342 2237 1489 2274 naturam,
1503 2233 1634 2264 hominis
1645 2234 1769 2273 ﬁguram

946 2277 1105 2310 immutare
1131 2288 1191 2310 non
1215 2278 1406 2309 sustinemus.
1423 2277 1485 2309 Nec
1514 2286 1574 2308 non
1602 2279 1681 2319 quod
1710 2288 1770 2310 non

946 2322 1032 2353 divisi
1050 2331 1066 2354 a
1081 2323 1262 2364 presbyteris
1278 2322 1467 2354 matrimonio
1491 2322 1616 2363 junctis,
1631 2332 1769 2355 commu-

946 2367 1067 2398 nionem
1093 2367 1270 2408 sucipimus.
1284 2367 1330 2398 Ad
1351 2367 1415 2398 haec
1439 2366 1518 2408 quod
1548 2371 1769 2399 sacrosanctum

946 2412 1131 2453 Symbolum,
1157 2412 1234 2453 quod
1260 2411 1398 2443 omnibus
1423 2411 1626 2453 synedalibus,
1643 2416 1672 2443 et
1684 2422 1767 2444 oecu-

947 2457 1073 2488 menicis
1081 2457 1211 2488 decretis
1220 2457 1432 2488 inconcussum
1443 2461 1532 2498 atque
1540 2457 1770 2498 inexpugnabile

947 2501 1039 2532 robur
1053 2501 1153 2543 habet,
1171 2502 1280 2543 spuriis
1297 2502 1431 2542 cogitatis
1446 2506 1473 2533 st
1484 2502 1673 2533 sermonibus
1688 2503 1770 2535 adul-

944 2546 1060 2586 terinis,
1086 2551 1115 2578 et
1125 2547 1256 2578 audaciae
1283 2556 1407 2578 excessu
1428 2547 1600 2578 adulterare
1619 2547 1769 2586 nolumus,

946 2600 1002 2623 nec
1017 2595 1048 2622 ut
1062 2591 1119 2629 illi,
1136 2601 1172 2623 ex
1186 2591 1272 2623 Patre
1287 2596 1316 2623 et
1329 2591 1405 2622 Filio
1421 2591 1563 2632 Spiritum
1584 2595 1731 2630 sanctum,
1749 2603 1765 2624 o

946 2635 1074 2676 improbi
1089 2636 1233 2667 daemonis
1243 2636 1396 2667 machinas
1409 2636 1416 2666 !
1434 2636 1487 2667 sed
1497 2645 1532 2667 ex
1543 2637 1630 2668 Patre
1641 2634 1771 2669 dicimus

947 2681 1129 2722 procedere;
1154 2690 1252 2721 neque
1273 2681 1434 2722 Scriptum
1458 2681 1590 2712 animum
1614 2682 1769 2714 advertere

945 2726 1088 2763 volentes,
1110 2735 1175 2766 quae
1189 2725 1231 2757 Ne
1246 2725 1438 2766 deglabretis,
1454 2726 1505 2765 ait,
1531 2731 1632 2757 menta
1652 2731 1768 2768 vestra;

944 2779 1042 2811 neque
1068 2771 1191 2801 omnino
1215 2771 1314 2802 animo
1329 2771 1447 2802 volvere
1462 2771 1607 2809 volentes,
1625 2771 1769 2803 decorum

944 2815 974 2846 id
999 2814 1175 2846 mulieribus
1197 2820 1364 2848 creatorem
1391 2815 1487 2847 Deum
1511 2815 1663 2858 statuisse,
1689 2816 1769 2857 quod

943 2859 1118 2892 indecorum
1134 2864 1214 2892 esset
1228 2860 1401 2893 hominibus
1414 2871 1422 2899 ;
1437 2860 1489 2893 sed
1501 2864 1532 2892 et
1546 2860 1683 2902 quintum
1694 2861 1771 2893 Gan-

1586 2938 1634 3001 Α]

1538 2912 1680 2921 νοῇ-ρ.
