1982 3075
246 134 305 168 739

689 133 898 166 MICHAELIS
918 131 1129 167 CERULARII
1151 134 1207 167 CP.
1230 135 1490 167 PATRIARGHE

1881 129 1947 163 740

245 203 360 243 grensis
371 202 474 243 synodi
486 210 632 232 canonem
644 200 682 232 de
694 201 731 232 iis
742 201 821 242 quia
835 201 947 242 nuptiis
958 202 1067 234 abhor°
1079 202 1100 226 A

1115 199 1272 240 ἐδικαίωσεν,
1304 202 1371 231 ἀλλὰ
1399 203 1443 230 καὶ
1470 202 1515 230 τὸν
1542 201 1666 241 τέταρτον
1695 203 1744 234 τῆς
1773 200 1800 228 ἐν
1830 199 1943 238 Γάγγρᾳ

246 251 325 285 rent,
344 248 439 288 palam
462 249 700 284 contemnentes,
723 246 773 287 qui
799 247 890 277 dicit:
906 247 944 278 Si
959 249 1028 287 quis
1041 255 1071 278 se

244 292 357 323 dividit
368 301 386 322 α
396 291 567 332 presbytero
578 292 845 331 c0njugato,quasi
852 300 912 322 non
922 294 1068 332 oporteat,

242 340 406 376 postquam
413 335 465 367 ille
471 344 591 366 sacrum
597 335 717 374 fecerit,
731 335 816 366 illius
825 335 989 367 oblationis
996 345 1071 376 par-

245 381 364 421 ticipem
375 381 456 421 ﬁeri,
469 380 630 412 anathema
643 380 695 415 sit;
711 380 780 410 etin
792 380 848 411 hoc
857 380 944 410 etiam
958 384 1069 411 sextam

245 425 389 466 synodum
398 425 582 466 reﬁcientes,
593 429 621 454 et
632 429 869 464 contemnentes,
880 434 945 465 quae
954 425 993 455 ait
1002 435 1065 456 can.

244 469 283 503 l3
294 480 301 501 :
314 470 464 508 Quoniam
473 470 618 501 Romana:
631 468 779 500 Ecclesiae
786 478 841 509 pro
850 478 964 500 canone
976 470 1070 500 tradi-

245 521 309 549 tum
324 526 385 548 esse
400 517 609 557 cognovimus,
626 519 660 546 ut
681 517 735 555 qui
750 516 789 547 ad
804 516 1010 553 diaconatum,
1024 516 1070 548 vel

244 562 487 602 presbyteratum
500 560 694 601 promovendi
708 564 790 596 sunt,
807 561 1020 600 profiteantur,
1039 570 1070 591 se

245 615 307 638 non
318 607 452 646 amplius
465 607 528 636 suis
539 605 688 636 uxoribus
698 605 936 645 conjungendos,
950 614 1005 636 nos
1018 614 1071 636 an-

246 653 345 691 tiquos
359 659 491 682 canones
505 649 676 690 apostolica
684 651 885 690 perfectionis,
894 651 1071 690 ordinisque

245 699 411 733 servantes,
423 695 591 730 hominum,
605 697 659 734 qui
669 698 740 725 sunt
757 696 791 725 in
810 696 915 735 sacris,
927 696 1070 735 conjugia

246 741 388 781 deinceps
403 749 443 771 ea:
459 740 515 771 hoc
530 739 671 779 temperis
686 744 833 770 momento
854 739 946 779 firma
961 743 988 770 et
1003 742 1067 771 sta-

247 785 321 816 bilia
335 794 398 816 esse
411 785 562 824 volumus,
578 792 773 823 nequaquam
789 792 892 814 eorum
906 793 973 814 cum
987 793 1068 814 uro-

246 831 332 862 ribus
344 830 586 869 coniunctionem
602 829 810 866 (lissoloentes,
823 829 868 859 vet
883 837 932 859 eos
946 832 1068 866 mutua,

246 873 579 915 temporeconvenienti,
590 873 807 903 consuetudine
816 873 1072 912 prioantesQua-

246 919 382 950 mobrem
394 919 420 949 si
435 919 503 958 quis
517 918 628 958 dignus
640 918 780 948 incertius
787 918 898 956 fuerit,
914 920 966 957 qui
976 917 1071 957 hypo-

1112 245 1218 275 συνόδου
1259 248 1317 287 περὶ
1351 250 1404 275 τῶν
1443 247 1527 286 γάμον
1562 245 1776 284 βδελυσσομένων
1817 247 1942 285 φανερῶς

1112 290 1296 329 ἀτιμάζοντες,
1326 291 1354 323 ὅς
1388 303 1479 331 φησιν,
1507 300 1521 320 (
1550 290 1584 319 Εἴ
1612 302 1652 322 τις
1679 289 1836 330 διακρίνοιτο
1866 288 1942 327 παρᾶ

1111 335 1282 376 πρεσϐυτέρου
1323 337 1509 376 γεγαμηκότος
1560 337 1596 368 ὡς
1646 335 1685 373 μὴ
1728 337 1826 374 χρῆναι
1877 333 1940 360 λει-

1110 382 1305 420 τουργήσαντος
1374 383 1451 409 αὺτοῦ
1505 383 1653 420 προσφορᾶς
1708 377 1938 416 μεταλαμϐάνειν,

1111 424 1227 463 ἀνάθεμα
1243 425 1310 456 ἔστω
1328 434 1334 440 ·
1362 437 1375 453 ι
1391 426 1453 454 κατ’
1468 426 1530 453 αὐτὸ
1549 424 1575 452 δὲ
1602 429 1678 453 τοῦτο
1703 424 1748 451 καὶ
1775 423 1824 456 τὴν
1853 422 1938 455 ἕκτην

1111 469 1214 498 σύνοδον
1255 471 1404 503 ἀθετοῦντες
1447 471 1490 498 καὶ
1533 470 1715 506 ἀτιμάζοντες,
1759 467 1777 501 ἥ
1819 478 1904 507 φησιν
1928 475 1937 484 ⁸

1114 526 1127 541 a
1159 513 1267 549 Ἐπειδὴ
1289 515 1315 543 ἐν
1338 518 1373 553 τῇ
1402 511 1538 552 Ῥωμαίων
1565 512 1711 549 Ἐκκλησία
1732 512 1758 540 ἐν
1787 512 1858 545 τάξει
1881 522 1936 539 κα-

1111 559 1185 592 νόνος
1232 559 1419 599 παραδεδόσθαι
1465 559 1622 597 διέγνωμεν,
1671 558 1730 590 τοὺς
1787 556 1937 595 μέλλοντας

1110 603 1242 644 διακόνου,
1289 605 1306 638 ἢ
1353 603 1525 643 πρεσϐυτέρου
1574 603 1704 635 ἀξιοῦσθαι
1753 602 1935 642 χειροτονίας,

1110 648 1313 689 καθομολογεῖν,
1343 650 1384 689 ὡφ
1417 649 1503 677 οὒκετι
1536 654 1596 680 ταῖς
1631 648 1716 676 αὖτῶν
1759 647 1936 675 συνάπτονται

1110 700 1251 732 γαμεταῖς,
1289 695 1370 731 ἡμεῖς
1413 694 1534 733 ἀρχαίοις
1582 691 1795 724 ἐξακολοθοῦντες
1841 690 1937 718 κανόσι

1109 740 1159 771 τῆς
1198 737 1376 771 ἀποπολικῆς
1414 737 1545 777 ἀκριϐείας
1580 737 1624 764 καὶ
1665 736 1775 775 τάξεως,
1814 736 1848 763 τὰ
1883 737 1937 762 τῶν

1110 783 1184 821 ἱερῶν
1226 782 1325 822 ἀνδρῶν
1364 783 1433 811 κατὰ
1469 782 1564 819 νόμους
1598 781 1757 818 συνοικέσια,
1796 781 1850 808 ἀπὸ
1891 782 1937 806 τοῦ

1111 832 1154 856 νῦν
1196 827 1319 866 ἐρρῶσθαι
1369 826 1527 865 βουλόμεθα,
1581 825 1711 863 μηδαμῶς
1752 825 1837 853 αὒτῶν
1887 823 1936 855 τὴν

1114 873 1178 910 πρὸς
1213 873 1259 904 τὰς
1294 872 1411 912 γαμετὰς
1449 871 1588 910 συνάφειαν
1620 869 1780 910 διαλύοντες,
1814 869 1832 903 ἣ
1870 869 1936 896 ἀπο-

1114 921 1263 956 στεροῦντες
1293 917 1385 948 αὐτούς
1428 918 1477 949 τῆς
1513 916 1577 955 πρὸς
1612 915 1743 950 ἀλλήλους
1779 915 1848 942 κατὰ
1877 924 1935 940 και-

247 964 408 1003 diaconus,
425 962 472 993 vel
487 962 645 1000 diaconus,
662 961 709 992 vel
727 961 884 1002 presbyter
899 962 1068 1009 ordinetur,
1082 984 1102 1009 Β

1115 962 1157 1000 ρον
1190 962 1235 989 τὸν
1269 962 1437 1001 προσ-ἥκοντα
1472 960 1588 998 ὁμιλίας,
1636 966 1704 988 Ωστε
1731 959 1757 987 εἴ
1793 970 1833 991 τις
1863 958 1935 990 ἄξιος

247 1009 274 1039 is
289 1007 330 1038 ad
343 1008 434 1038 talem
445 1007 573 1046 gradum
585 1007 700 1037 assumi
711 1015 904 1046 nequaquam
915 1006 1071 1046 prohibea-
1082 1004 1101 1009 ’

1115 1006 1203 1045 εὕρεθῇ
1244 1007 1310 1046 πρὸς
1356 1006 1519 1046 χειροτονίαν
1561 1004 1690 1038 διακόνου,

248 1057 309 1089 tur,
326 1052 353 1082 si
369 1060 437 1082 cum
454 1051 587 1089 legitima
612 1059 705 1081 uxore
729 1050 887 1082 coltabttet.
902 1051 961 1082 Sed
975 1060 1071 1091 neque

247 1096 452 1128 ordinationis
469 1100 597 1135 tempore
621 1095 658 1126 ab
678 1103 711 1126 eo
727 1095 909 1135 postuletur,
927 1099 959 1126 ut
971 1096 1069 1136 proﬁ—

247 1144 345 1172 teatur
366 1149 398 1171 se
422 1149 441 1171 a
464 1139 599 1179 legitima
622 1148 690 1170 cum
725 1148 823 1170 uxore
851 1141 1070 1171 consuetudine

246 1185 470 1221 abstentururn,
487 1193 525 1215 ne
540 1193 580 1214 ea:
597 1192 630 1214 eo
654 1192 672 1214 α
695 1184 757 1214 Deo
773 1187 953 1215 constitutus
969 1188 999 1215 et
1014 1193 1070 1215 sua

243 1228 406 1271 prasentia
417 1229 590 1260 benedictus
605 1231 734 1268 nuptias
748 1229 866 1267 injuria
879 1229 1003 1269 afﬁcere
1017 1238 1068 1260 co-

245 1283 370 1315 gamur,
387 1273 562 1313 evangelica
577 1281 646 1304 voce
662 1272 866 1304 exclamante:
879 1284 892 1303 α
902 1273 978 1311 Quae
990 1274 1070 1305 Deus

246 1319 415 1359 conjunxit,
432 1319 519 1349 homo
533 1327 595 1349 mm
615 1317 755 1357 separet‘
768 1328 775 1347 :
793 1328 806 1347 ε
820 1322 847 1349 ιιι
857 1318 999 1358 Apostolo
1014 1319 1068 1350 do-

247 1368 332 1396 cente
347 1375 353 1393 :
370 1375 380 1392 u
394 1362 595 1394 Ilonorabiles
604 1363 740 1402 nuptias,
754 1366 781 1392 et
794 1362 915 1393 thorum
925 1364 1070 1394 immacu-

247 1410 345 1441 latum
356 1408 372 1432 2
382 1419 390 1439 ;
402 1412 441 1444 et,
458 1418 471 1437 (
483 1407 635 1447 Alligatus
649 1416 678 1437 es
694 1407 800 1444 umori,
815 1416 853 1438 ne
869 1416 968 1447 quaere
983 1409 1067 1439 solu-

248 1453 409 1485 tionem-3.»
422 1452 457 1483 Si
465 1453 532 1492 quis
547 1460 616 1491 ergo
626 1454 737 1490 praeter
747 1453 924 1491 apostolicos
939 1461 1070 1484 canones

247 1499 391 1529 incitatus
407 1497 446 1528 sit
465 1496 599 1536 aliquem
619 1504 738 1532 eorum,
750 1499 804 1535 qui
823 1500 892 1527 sunt
910 1497 942 1527 in
960 1500 1067 1535 sacris,

243 1543 492 1584 presbyterorum
512 1541 679 1579 inquimus,-
695 1540 742 1571 vet
760 1540 975 1577 diaconorum,
993 1550 1068 1573 con—

246 1590 401 1626 junctione
425 1595 491 1617 cum
518 1586 653 1624 legitima
677 1593 789 1626 umore,
806 1587 834 1616 ei
853 1587 1071 1618 consuetudine

1735 1005 1752 1038 ἢ
1786 1003 1934 1031 ὑποδιακό-

1111 1062 1167 1090 νου,
1197 1052 1272 1083 οὗτος
1307 1050 1437 1088 μηδαμῶς
1476 1049 1615 1078 κωλυέσθω
1656 1049 1698 1077 ἐπὶ
1739 1050 1784 1076 τὸν
1813 1052 1934 1076 τοιοῦτον

1110 1095 1210 1133 βαθμὸν
1265 1094 1497 1130 ἒπαναϐιϐάζεσθαι
1548 1094 1652 1132 νομίμῳ
1698 1097 1824 1122 συνοικῶν

1110 1143 1190 1178 μετῇ,
1226 1140 1295 1177 μήτε
1337 1140 1391 1177 μὴν
1427 1139 1454 1167 ἐν
1492 1140 1530 1176 τῷ
1563 1141 1612 1172 τῆς
1650 1139 1813 1178 χειροτονίας
1850 1141 1934 1176 καιρῷ

1110 1183 1268 1212 ἀπαιτείσθω
1309 1183 1463 1223 ὁμολογεῖν,
1508 1184 1545 1215 ὡς
1588 1183 1767 1217 ἀποστήσεται
1804 1185 1855 1216 τῆς
1895 1193 1935 1210 νο-

1881 1104 1933 1131 γι-

1508 1184 1545 1215 ὡς
1588 1183 1767 1217 ἀποστήσεται
1804 1185 1854 1216 τῆς

1110 1230 1189 1266 μίμου
1231 1229 1296 1268 πρὸς
1332 1229 1382 1262 τὴν
1425 1228 1521 1256 οἰκείαν
1562 1227 1682 1266 γαμετὴν
1725 1226 1844 1267 ὁμιλίας,
1888 1226 1933 1254 ’ἕνα

1111 1274 1164 1311 μὴν
1204 1273 1318 1302 ἐντεῦθεν
1358 1274 1404 1301 τὸν
1444 1273 1475 1300 ἐκ
1518 1276 1583 1301 Θεοῦ
1628 1272 1848 1309 νομοθετηθέντα,
1890 1272 1934 1300 καὶ

1111 1317 1283 1357 εὖλογηθέντα
1336 1321 1369 1356 τῇ
1419 1318 1495 1345 αυτοῦ
1543 1318 1682 1356 παρουσία,
1725 1317 1812 1356 γάμον
1852 1319 1933 1345 καθυ-

1110 1362 1203 1402 ϐρίζειν
1238 1362 1428 1400 ἐκϐιαώιῦμεν,
1467 1365 1516 1395 τῆς
1556 1366 1601 1391 τοῦ
1644 1361 1802 1401 Εὒαγγελίου
1843 1365 1933 1401 φωνῆς

1110 1407 1259 1445 ἐκϐοώσης,
1299 1417 1312 1437 α
1341 1409 1390 1440 Οὓς
1426 1408 1440 1435 ὁ
1475 1407 1539 1439 Θεὸς
1578 1405 1677 1442 ἔζευξεν
1715 1406 1864 1446 ἅνθρωπος,
1895 1407 1934 1444 μὴ

1111 1452 1259 1492 χωριζέτω,
1298 1464 1312 1480 n
1355 1453 1399 1480 καὶ
1451 1455 1495 1479 τοῦ
1541 1451 1702 1479 Ἀποστόλου
1753 1450 1934 1492 διδάσκοντος,

1112 1506 1127 1526 (
1158 1497 1249 1534 Τίμιον
1290 1498 1336 1524 τὸν
1373 1496 1458 1536 γάμον
1497 1495 1524 1524 ἐν
1567 1499 1644 1534 πᾶσι,
1684 1497 1728 1524 καὶ
1763 1496 1813 1530 τὴν
1843 1498 1934 1530 κοίτην

1111 1541 1248 1579 ἀμίαντον,
1280 1553 1293 1569 ι
1337 1542 1393 1579 καὶ,
1433 1552 1447 1568 α
1487 1539 1594 1568 Δὲὂεσαι
1636 1541 1749 1580 γυναικὶ,
1782 1542 1822 1578 μὴ
1862 1543 1935 1577 ζήτει

1111 1585 1198 1617 λύσιν,
1231 1598 1243 1613 ι
1275 1586 1310 1614 Εἴ
1338 1597 1378 1618 τις
1414 1585 1458 1613 οὗν
1484 1584 1608 1624 τολμήσῃ
1637 1586 1707 1625 παρὰ
1735 1587 1796 1618 τοὺς
1822 1586 1936 1615 ἀποστο-

1451 1455 1495 1479 τοῦ

246 1633 383 1673 privare,
401 1630 580 1670 deponatur.
594 1629 744 1661 Similiter
756 1634 784 1661 et
798 1633 826 1661 si
840 1633 908 1670 quis
914 1631 1099 1672 presbyterc

1115 1630 1201 1662 λικοὺς
1232 1631 1344 1662 κανόνας
1372 1631 1536 1668 κινούμενος,
1573 1631 1632 1658 τινα
1668 1633 1721 1657 τῶν
1762 1631 1932 1670 ἱερουμένων,

247 1678 297 1708 vel
307 1676 454 1706 diaconus
465 1683 550 1705 suam
565 1682 687 1705 umorem
696 1676 820 1714 pietatis
835 1679 983 1715 praetextu
1005 1678 1066 1716 eje-

248 1721 337 1757 cerit,
352 1723 533 1759 sagi-egetur,
550 1721 578 1750 et
589 1719 616 1749 si
628 1722 797 1758 perseveret
808 1720 992 1760 deponatur.

1110 1674 1290 1715 πρεσϐυτέρων
1328 1675 1425 1715 φαμὲν,
1468 1675 1486 1707 ἦ
1521 1673 1658 1711 διακόνων,
1697 1675 1716 1708 ἢ
1754 1675 1935 1704 ὑποδιακόνων

1109 1726 1267 1759 ῃποστερεῖν
1282 1722 1330 1753 τῆς
1346 1720 1410 1759 πρὸς
1435 1719 1483 1752 τὴν
1509 1720 1620 1756 νόμιμον
1648 1726 1763 1758 γυναῖκα
1782 1722 1934 1759 συναιρείας,

248 1766 292 1794 καὶ
320 1765 469 1802 κοινωνίας,
497 1764 678 1803 καθαιρείσθω,
696 1760 829 1796 Ὡσαύτως
845 1766 887 1792 καὶ
910 1765 935 1793 εἴ
963 1777 1002 1798 τις
1032 1765 1216 1807 πρεσϐύτερος,
1255 1764 1273 1798 ἢ
1301 1764 1420 1796 διάκονος
1448 1764 1495 1798 τὴν
1530 1764 1622 1793 ἑαυτοῦ
1653 1770 1767 1803 γυναῖκα
1807 1765 1934 1806 προφάσει

249 1809 384 1841 εὐλαϐείας
415 1808 549 1848 ἐκϐάλλω,
584 1809 743 1849 ἆφοριζέσθω
760 1819 767 1826 ·

290 1855 399 1885 Praeter
413 1854 476 1884 hac
486 1854 586 1885 omnia
600 1854 675 1884 nihil
691 1854 812 1885 omnino
825 1855 985 1896 sapientes,
1002 1855 1073 1897 Spi-

249 1900 339 1930 ritum
355 1908 416 1929 non
429 1908 465 1929 ex
475 1898 573 1936 Patre,
590 1899 642 1929 sed
654 1908 688 1930 ex
700 1899 775 1930 Filio
789 1909 906 1940 quoque
926 1900 1074 1932 afﬁrmant

250 1943 428 1985 procedere;
445 1952 513 1974 cum
529 1952 630 1975 vocem
642 1943 723 1974 illam
736 1953 832 1984 neque
842 1944 878 1975 ab
886 1945 1073 1985 evangelistis

248 1988 389 2027 habeant,
406 1997 504 2028 neque
519 1987 726 2029 blasphemum
742 1989 798 2020 hoc
814 1989 946 2029 dogmaa
961 1990 1071 2030 synodo

249 2033 436 2065 mcumenica
448 2033 617 2064 hauserint.
633 2033 776 2064 Dominus
786 2033 866 2065 enim
878 2036 956 2065 Deus
971 2039 1072 2066 noster

249 2078 309 2110 ait:
327 2078 460 2119 Spiritus
473 2079 621 2114 veritatis.
634 2080 686 2118 qui
702 2088 721 2110 a
732 2083 818 2119 patre
836 2080 972 2119 procedit
983 2079 1071 2112 Mle-

247 2128 418 2155 rumtamen
431 2132 514 2154 novae
527 2124 651 2164 hujusce
664 2123 826 2163 impietatis
842 2128 979 2164 parentes
1002 2123 1072 2165 Spi-

248 2168 338 2199 ritum
349 2167 497 2208 inquiunt,
516 2169 568 2207 qui
583 2177 600 2198 a
614 2168 699 2199 Patre
715 2172 745 2199 et
758 2167 833 2199 Filio
850 2168 998 2208 procedit;
1013 2179 1072 2200 non

249 2213 323 2244 illud
339 2221 442 2243 rursus
454 2213 653 2250 attendentes,
671 2213 696 2243 si
715 2213 747 2243 in
768 2222 826 2253 quo
841 2222 858 2243 a
872 2214 958 2244 Patre
973 2214 1072 2253 Spiri-

249 2261 297 2288 tus
310 2257 458 2298 procedit,
472 2257 637 2298 proprietas
652 2257 742 2291 illius.
758 2257 968 2297 cognoscitur;
986 2258 1072 2290 simi-

798 1809 929 1847 ἐπιμένων
965 1810 991 1838 δὲ
1019 1811 1198 1852 καθαιρείσθω.

1155 1857 1223 1896 Πρὸς
1238 1855 1280 1884 ἐπὶ
1300 1859 1364 1884 πᾶσι
1388 1854 1414 1883 δὲ
1443 1855 1544 1886 τούτοις
1573 1853 1640 1892 μηδέ
1669 1854 1769 1883 ἐννοεῖν
1793 1854 1863 1888 ὅλως
1880 1856 1934 1884 ἐθέ-

1113 1901 1215 1941 λοντες,
1233 1901 1260 1929 ἐν
1289 1902 1331 1931 οἷς
1359 1901 1390 1928 τὸ
1419 1903 1523 1937 Πνεῦμα
1552 1900 1599 1927 οὐκ
1620 1899 1650 1927 ἐκ
1670 1903 1716 1928 τοῦ
1739 1901 1853 1941 Πατρὸς,
1868 1900 1933 1929 ἀλλὰ

1113 1947 1157 1975 καὶ
1185 1946 1215 1974 ἐκ
1241 1948 1288 1973 τοῦ
1308 1946 1369 1974 Tia-3
1396 1955 1474 1984 φασιν
1502 1944 1697 1984 ἐκπορεύεσθαι,
1727 1944 1767 1973 ὅτι
1795 1945 1855 1974 οὔτε
1882 1947 1932 1974 ἀπὸ

1114 1990 1305 2030 εὖαγγελιστῶν
1339 1990 1388 2023 τὴν
1420 1989 1509 2029 φωνην
1538 1988 1629 2029 ἔχουσι
1658 1989 1768 2027 ταύτην,
1802 1991 1861 2019 οὔτε
1883 1991 1932 2019 ἀπὸ

1113 2037 1296 2073 οἶκουμενικῆς
1320 2032 1426 2063 συνόδου
1455 2034 1484 2061 τὸ
1506 2033 1664 2074 βλάσφημον
1685 2038 1762 2063 τοῦτο
1792 2035 1931 2069 κέκτηνται

1112 2079 1209 2119 δόγμα.
1228 2075 1256 2108 ιΟ
1272 2079 1320 2116 μὲν
1345 2079 1394 2118 γὰρ
1420 2077 1512 2118 Κύριος
1543 2079 1556 2106 ὁ
1577 2079 1641 2111 Θεὸς
1667 2079 1744 2116 ἡμῶν
1759 2091 1837 2120 φησι,
1864 2090 1879 2110 ‹
1901 2082 1933 2110 Τὸ

1113 2128 1218 2162 Πνεῦμα
1258 2126 1306 2157 τῆς
1342 2123 1476 2160 ἀληθείας,
1520 2123 1534 2151 ὃ
1570 2124 1641 2163 παρὰ
1680 2129 1726 2153 τοῦ
1761 2126 1865 2164 Πατρὸς
1894 2126 1934 2154 ἐκ·

1112 2169 1262 2209 πορεύεται,
1292 2179 1304 2197 ι)
1339 2169 1369 2196 Οἱ
1401 2166 1428 2195 δὲ
1459 2169 1508 2201 τῆς
1537 2171 1630 2201 καινῆς
1654 2169 1757 2202 ταύτης
1786 2168 1933 2202 δυσσεϐείας

1112 2214 1223 2253 πατέρες
1250 2214 1281 2241 τὸ
1303 2213 1407 2250 Πνεῦμα
1428 2223 1517 2252 φασιν,
1549 2213 1564 2240 ὃ
1591 2213 1662 2252 παρὰ
1688 2219 1734 2243 τοῦ
1759 2215 1862 2254 Πατρὸς
1891 2217 1932 2244 καὶ

1113 2258 1158 2287 τοῦ
1207 2260 1266 2286 Υἱοῦ
1308 2257 1474 2297 ἐκπορεύεται
1492 2265 1498 2272 ·
1541 2256 1610 2285 ἀλλὰ
1659 2258 1728 2296 μηδὲ
1776 2263 1932 2300 συνορῶντες

250 2302 318 2333 liter
332 2305 362 2333 et
376 2302 402 2332 si
412 2301 443 2332 in
459 2311 516 2342 quo
528 2305 688 2342 generatur
697 2301 801 2342 Filius,
819 2302 886 2332 Filii
900 2313 908 2340 ;
923 2307 954 2334 et
970 2312 1073 2344 proce-
1083 2320 1106 2346 ι)

1115 2303 1193 2332 πάλιν
1222 2304 1258 2334 ὡς
1288 2303 1309 2330 εἰ
1331 2302 1358 2330 ἐν
1380 2304 1402 2339 ᾦ
1427 2302 1498 2341 παρὰ
1518 2307 1563 2331 τοῦ
1585 2302 1686 2342 Πατρὸς
1715 2303 1884 2343 ἐκπορεύεται
1905 2307 1932 2333 τὸ

251 2346 306 2385 dit,
322 2350 354 2377 ut
367 2345 425 2386 ipsi
440 2350 598 2386 nugantur,
617 2350 645 2378 et
660 2346 789 2386 Spiritus
803 2355 820 2377 a
833 2346 920 2386 Filio,
939 2348 1073 2388 pluribus

249 2391 483 2432 proprietatibus
509 2391 650 2432 Spiritum
667 2400 684 2422 a
708 2392 794 2422 Patre
817 2391 959 2431 discerni,
983 2402 1073 2433 quam

250 2436 371 2468 Filium.
388 2435 553 2467 Commune
574 2436 653 2467 enim
678 2435 804 2476 Spiritui
819 2440 849 2467 et
864 2436 938 2467 Filio
959 2447 994 2468 ex
1008 2438 1073 2478 ipso

250 2483 336 2512 Patre
359 2489 530 2520 processus,
561 2479 680 2521 propria
704 2489 772 2511 vero
790 2479 918 2520 Spiritus
937 2491 972 2512 ex
987 2481 1073 2513 Patre

250 2524 416 2566 processio,
443 2534 502 2555 non
517 2533 587 2556 vero
621 2534 639 2555 a
663 2524 749 2556 Filio.
776 2523 860 2560 Quod
889 2524 914 2555 si
938 2525 1074 2565 pluribus

249 2569 430 2601 differentiis
470 2569 597 2610 Spiritus
633 2578 720 2610 quam
751 2568 845 2600 Filius
878 2569 1071 2609 discernitur,

249 2614 415 2656 proximior
431 2614 488 2645 erit
504 2616 638 2646 Paterna:
662 2613 833 2646 substantiae
857 2613 962 2654 Filius,
985 2625 1073 2656 quam

249 2659 387 2700 Spiritus.
400 2659 438 2690 Et
447 2659 490 2690 sic
500 2668 605 2691 rursus
615 2659 783 2692 Macedonii
795 2660 823 2690 in
835 2659 977 2700 Spiritum
990 2670 1075 2693 sanc-

249 2707 315 2736 tum
330 2707 454 2736 conatus
472 2709 636 2744 emergent,
665 2713 769 2736 eorum
791 2704 909 2746 drama,
934 2715 1074 2738 scenam-

291 2789 302 2811 ¹
318 2788 424 2822 Matth.
436 2798 500 2828 XIX,
516 2790 548 2821 6.
590 2789 604 2810 2
617 2789 709 2822 Hebr.
725 2799 757 2829 x,
771 2791 802 2822 4.

1115 2351 1232 2386 Πνεῦμα,
1267 2348 1284 2382 ἡ
1323 2345 1423 2380 ἰδιότης
1463 2346 1664 2386 ἐπιγινώσκεται
1704 2349 1782 2376 abte-3
1798 2357 1805 2363 ‘
1843 2351 1930 2378 ὡσαύ-

1113 2404 1167 2425 τως
1202 2393 1245 2421 καὶ
1279 2393 1301 2420 εἰ
1329 2391 1355 2419 ἒν
1384 2393 1407 2429 ᾧ
1431 2395 1552 2431 γεννᾶται
1588 2393 1602 2420 ὁ
1633 2393 1704 2432 Υἱὸς,
1733 2394 1750 2427 ἡ
1776 2397 1823 2422 τοῦ
1850 2397 1907 2423 ficti
1922 2405 1930 2413 ο

1115 2437 1282 2477 ἐκπορεύεται
1306 2436 1333 2464 δὲ
1360 2437 1397 2469 ὡς
1419 2437 1432 2464 ὁ
1454 2436 1538 2464 αὐτῶν
1552 2435 1633 2476 λῆρος
1661 2438 1706 2466 καὶ
1734 2439 1763 2466 τὸ
1779 2438 1885 2477 Πνεῦμα
1906 2439 1931 2467 ἐκ

1115 2486 1161 2511 τοῦ
1199 2483 1269 2517 Υἱοῦ,
1308 2481 1425 2510 πλείοσιν
1467 2479 1645 2509 διαστέλλεται
1680 2483 1710 2510 τὸ
1746 2486 1853 2521 Πνεῦμα
1890 2490 1931 2514 τοῦ

1114 2528 1226 2567 Πατρὸς,
1243 2526 1311 2566 ἥπερ
1333 2527 1346 2554 ὁ
1374 2527 1446 2557 Υἱὸς,
1472 2526 1565 2554 Κοινὸν
1593 2526 1642 2564 μὲν
1670 2527 1720 2566 γὰρ
1745 2528 1931 2566 Πνεύματικαὶ

1114 2573 1168 2609 Υἱῷ
1182 2573 1200 2606 ἡ
1223 2571 1253 2599 ἐκ
1272 2574 1318 2600 τοῦ
1333 2571 1410 2599 αὺτοῦ
1433 2571 1533 2609 Πατρὸς
1549 2571 1714 2611 ἐκπόρευσις,
1730 2573 1760 2601 οὖ
1774 2573 1829 2610 μην
1853 2575 1896 2602 καὶ
1916 2575 1931 2608 ἡ

1114 2620 1162 2645 τοῦ
1188 2617 1248 2644 Υἱοῦ
1264 2626 1271 2633 ·
1299 2616 1320 2644 εἰ
1348 2614 1376 2643 δὲ
1403 2614 1505 2643 πλείοσι
1534 2614 1670 2656 διαφοραῖς
1696 2615 1877 2646 διαστέλλεται
1905 2619 1932 2646 τὸ

1115 2665 1221 2700 Πνεῦμα
1234 2660 1303 2701 ἥπερ
1317 2662 1331 2689 ὁ
1350 2661 1421 2700 Υἱὸς,
1448 2659 1579 2700 ἐγγυτέρω
1606 2660 1637 2690 ἂν
1666 2660 1711 2695 εἴη
1732 2663 1782 2695 τῆς
1799 2665 1933 2703 Πατρικῆς

1115 2707 1202 2738 οὐσίας
1218 2707 1232 2734 ὁ
1253 2707 1314 2738 Υἱὸς
1328 2705 1396 2745 ἤπερ
1408 2706 1439 2733 τὸ
1468 2708 1583 2745 Πνεῦμα.
1615 2708 1665 2736 Καὶ
1691 2707 1774 2740 οὕτως
1795 2708 1814 2742 ἡ
1843 2711 1933 2737 Mus-

846 2791 859 2814 3
873 2792 885 2821 Ι
901 2790 968 2823 Cor.
984 2800 1038 2832 vn,
1053 2793 1107 2827 37.
1146 2791 1162 2816 ⁸
1173 2790 1259 2824 Joan.
1276 2798 1327 2824 xv.
1342 2789 1392 2823 26.
