1982 3075
208 161 268 195 ’743
662 159 868 194 MICHAELIS
888 162 998 195 CERUJ

1041 161 1098 195 RII
1118 164 1174 196 ΟΡ.
1198 163 1456 197 PATRIARCH/E
1837 161 1899 194 744

206 229 296 269 perii,
309 228 447 267 virosque
461 227 499 259 ab
514 227 621 259 iisdem
634 227 840 260 cohonestatos
849 232 878 260 et
889 230 968 261 sives
978 240 998 262 St

1041 233 1115 260 Ακαὶ
1163 233 1177 260 ὁ
1225 230 1289 263 λαὸς
1338 231 1436 265 ταύτης
1485 233 1535 265 τῆς
1581 228 1897 268 Κωνσταντινουπόλεως,

208 277 333 313 pientes,
341 273 615 304 mazimeomnium
625 272 814 310 Christiana,
828 278 855 304 et
861 275 998 306 orthodo;

1073 277 1116 305 καὶ
1150 279 1223 305 πᾶσα
1257 277 1274 310 ἡ
1309 275 1438 310 καθολικὴ
1473 275 1629 315 Ἐκκλησία,
1673 276 1745 312 ἡμᾶς
1786 273 1897 302 ἐνταῦθα

208 318 279 350 urbs
292 322 356 350 est:
372 317 450 357 quod
471 317 511 348 ad
532 317 721 357 Michaelem,
745 318 798 357 qui
814 319 994 358 patriarcha

1072 321 1239 360 διεγνωκέναι
1273 321 1317 349 καὶ
1359 320 1417 348 ὅθεν
1457 319 1571 349 πλεῖστα
1611 319 1761 360 χαιρόμεθα
1797 317 1897 357 ἀγαθὸν

207 364 356 402 abutitur,
372 364 401 393 et
416 361 499 392 illius
514 362 699 401 insipientia:
718 363 818 393 sucios
830 366 858 393 et
868 368 998 396 consorte

1071 367 1116 394 καὶ
1153 365 1288 404 μέγιστον,
1331 365 1389 393 ὅθεν
1441 364 1560 397 ἐλεεινῶς
1603 363 1756 402 λυπούμεθα
1797 361 1892 392 κακόν,

206 410 238 440 in
254 407 354 439 medio
361 406 447 437 illius
457 406 645 446 insipientia
661 407 757 438 socios
778 411 805 438 et
822 413 984 449 consortes,
996 412 1028 440 in

204 453 304 485 medio
318 451 401 483 illius
419 450 556 491 plurima
577 450 730 482 haereseon
749 453 876 483 zizania
895 454 1030 492 quotidie

205 498 452 529 disseminantur.
480 494 737 532 Quemadmodum
759 497 839 528 enim
860 498 1028 530 Simoniaci

204 543 318 574 donum
333 541 392 572 Dei
406 541 537 572 vendunt
549 549 556 571 :
571 543 605 571 ut
616 539 735 581 Valesii,
749 541 875 580 hospites
885 551 955 574 suos
965 552 1029 574 cas-

205 589 289 618 trant
305 589 332 617 et
346 594 406 617 non
421 584 518 616 solum
533 584 573 615 ad
584 584 768 623 clericatum,
784 586 837 617 sed
849 587 976 627 insuper
989 588 1028 619 ad

204 632 413 672 episcopatum
426 632 622 670 promovent:
639 633 672 660 ut
695 631 815 668 Ariani,
837 631 1028 672 rebaptizant

202 676 237 707 in
254 675 377 706 nomine
390 677 505 705 suncttz
515 673 675 705 Trinitatis
686 673 891 716 baptizantos,
902 679 929 706 et
941 677 1024 708 Lati-

201 729 255 752 nos
275 719 465 761 potissimum
484 729 493 749 :
514 721 548 749 ut
558 718 732 756 Donatista,
745 718 922 761 decernunt,
935 725 1024 753 extra

203 763 557 802 GraecorumEcciesiam,
565 762 732 794 Ecclesiam
743 763 871 802 Christi,
882 768 909 796 et
917 774 1022 797 verum

199 809 430 846 sacriﬁcium,et
442 807 592 848 baptisma
604 811 634 838 et
644 808 788 839 universo
800 809 870 840 orbe
878 811 1021 849 periisse:

199 853 412 890 utNicolaitat,
427 853 569 883 carnales
579 852 701 891 nuptias
720 853 896 891 concedunt,
913 854 1020 893 defen-

199 897 333 938 duntque
343 897 440 928 sacris
450 896 559 927 altaris
570 896 732 927 ministris:
742 900 775 927 ut
781 897 950 936 Seueriani,
960 907 1020 930 ma-

198 942 337 974 ledictam
349 941 444 981 legem
458 940 571 982 Moysis
582 941 784 980 pronuntiant
797 950 804 972 :
817 945 851 973 ut
863 941 1020 974 Pneuma-

197 986 339 1027 tomaehi,
349 990 401 1017 aut
416 985 603 1023 Theomachi,
616 985 754 1025 Spiritus
770 987 869 1017 sancti
884 995 922 1018 ex
937 987 1020 1020 Filio

193 1032 411 1080 processionem
422 1039 459 1062 ea:
468 1029 612 1080 ιξῃηιῡοίο
631 1029 842 1080 absciderunt:
861 1031 998 1080 ut_Naza

1041 1034 1100 1080 ιθ’·ιτι
1123 1034 1216 1080 ,ἐκτὸς
1257 1038 1306 1069 τῆς
1356 1035 1515 1070 Ἐκκλησίας
1565 1038 1618 1064 τῶν

194 1079 276 1114 reni,
293 1075 447 1107 carnalem
466 1074 644 1106 Judworum
667 1074 847 1106 munditiem
862 1076 936 1107 adeo
951 1086 998 1108 ser

1041 1074 1046 1079 ’
1057 1077 1218 1113 Ἐκκλησίαν
1251 1084 1297 1108 τοῦ

193 1123 278 1159 nant,
293 1123 326 1151 ut
338 1118 477 1160 parvulos
488 1119 650 1150 morientes
664 1121 734 1150 ante
749 1122 888 1151 octavum
903 1120 981 1152 diem
996 1131 1015 1153 a

193 1166 355 1196 nativitate
372 1163 523 1204 baptizari
535 1163 743 1195 conlradicant
755 1175 761 1193 :
774 1167 801 1194 et
811 1163 956 1196 mulieres
967 1166 1014 1197 vei

194 1210 226 1241 in
238 1210 413 1245 menstruis,
424 1208 565 1248 velpartu
575 1208 798 1248 pariclitantes,
814 1211 1015 1242 communica-

194 1258 240 1290 re,
251 1249 297 1281 vel
306 1252 334 1280 si
345 1249 508 1289 baptizata
527 1257 587 1290 non
606 1249 732 1290 fuerint,
743 1249 900 1290 baptizari
909 1251 1013 1290 prohi-

194 1288 264 1322 bent
277 1299 284 1321 :
301 1294 331 1321 et
344 1288 459 1321 comam
470 1288 587 1329 capitis,
600 1293 626 1320 et
638 1288 786 1327 barbum,’
799 1289 893 1320 veluti
907 1288 1011 1322 Naza-

191 1332 259 1362 reni
276 1331 458 1366 nutrientes,
475 1338 524 1360 eos
539 1330 591 1368 qui
604 1338 705 1360 comas
719 1329 854 1366 tondent,
867 1333 894 1360 et
903 1340 1011 1362 secun-

189 1371 263 1402 dum
275 1370 501 1402 institutionem
514 1369 660 1401 Romana:
678 1369 819 1401 Ecclesia:
834 1369 943 1401 barbas
956 1380 1009 1401 ra-

190 1411 275 1447 dunt,
288 1412 321 1441 in
329 1410 568 1441 communionem
581 1418 642 1440 non
657 1410 824 1449 recepiunt.
844 1410 886 1441 De
900 1411 1010 1449 quibus

190 1450 353 1488 erroribus,
371 1453 400 1481 et
414 1449 486 1481 aliis
490 1449 577 1489 pluri
581 1449 634 1480 bus
644 1449 795 1490 operibus,
808 1450 871 1489 ipse
878 1449 1009 1482 Michael

189 1491 299 1522 litteris
307 1491 424 1522 domini
435 1491 531 1530 nostri
547 1490 654 1521 Leonis
664 1498 753 1530 papae
765 1490 946 1530 admonitus,
958 1500 1008 1522 re-

187 1532 327 1572 sipiscere
340 1530 488 1572 neglexit.
497 1529 693 1561 Postmoduin
702 1529 789 1572 nobis
797 1529 882 1572 illius
890 1529 1008 1564 nuntiis

185 1570 333 1612 similium
343 1570 492 1602 malorum
507 1575 686 1612 argumenta
703 1570 930 1612 rationabiliter
947 1581 1005 1612 ap-

184 1611 375 1652 ponentibus,
386 1611 585 1651 praesentiam
605 1619 704 1648 suam,
718 1613 806 1650 atque
826 1611 1007 1652 colloquium

185 1654 305 1699 penitus
328 1652 488 1699 denegavit
495 1660 619 1699 ,‘neque
640 1659 764 1699 sacrum
785 1652 1005 1699 imperatorum

185 1692 356 1730 consilium,
365 1695 393 1723 et
404 1693 570 1732 sapientum
581 1700 648 1723 eum
658 1692 882 1732 cohortantium
896 1692 937 1724 ad
949 1701 1002 1724 sa-

184 1741 258 1764 nam
282 1731 836 1773 mentem,’audiit:quemadmodum
861 1735 891 1764 et
913 1736 1002 1764 antea

184 1756 362 1804 Zizmilim
367 1756 507 1804 ccclesias
516 1756 635 1810 clausit,
647 1756 1001 1812 eosqueAzymitas‘nun‘:

182 1821 307 1854 eupans,
325 1812 575 1854 verbisretfactis
596 1813 705 1854 ubique
723 1815 894 1854 persecutus
908 1817 952 1845 est
968 1815 1002 1854 in

181 1852 311 1891 tantum,
327 1856 362 1885 ut
375 1854 408 1884 in
418 1852 492 1893 ﬁliis
503 1853 566 1884 suis
575 1852 852 1884 anathematizaret
861 1853 1002 1893 apostoli-

180 1902 246 1926 cam
256 1895 367 1931 sedem,
375 1896 480 1926 contru
490 1902 581 1934 quam
592 1894 723 1934 seipsum
731 1893 831 1925 adhuc
839 1893 1000 1926 subscribit

177 1935 392 1966 oscumenicum
409 1933 634 1974 patriam-ham.
657 1933 755 1974 Quare
779 1942 835 1964 nos
863 1934 998 1973 ejusdem

175 1977 297 2013 sanetae,
316 1978 345 2006 et
355 1973 464 2015 prima
478 1973 651 2015 apostolicae
658 1973 738 2005 sedis
752 1974 902 2015 insignem
916 1975 997 2015 inju-

176 2015 269 2051 riam,
293 2019 322 2046 et
343 2014 405 2046 vim
423 2023 485 2046 non
493 2014 642 2054 ferentes,
662 2017 690 2045 et
706 2014 887 2046 catholicam
905 2014 997 2055 fidem

174 2055 280 2086 multis
289 2055 387 2086 modis
396 2055 529 2095 demergi
542 2063 626 2095 posse
640 2055 838 2095 suspicantes,
851 2055 997 2095 prtejudi-

174 2096 288 2127 catione
302 2099 416 2127 sancta
425 2099 454 2127 et
468 2094 639 2126 indiuidua:
661 2094 835 2126 Trinitatis.
851 2094 882 2126 et
894 2094 997 2128 throni

173 2135 344 2177 apostolici,
367 2136 452 2177 cujus
472 2144 647 2177 nos_sumus
661 2135 870 2176 apocrisiarii,
883 2138 912 2167 et
926 2145 992 2177 om-

170 2175 258 2208 nium
274 2175 508 2208 orthodoacorum
523 2175 718 2216 Patrumtet
729 2179 841 2216 septem
860 2176 992 2215 synodo-

170 2225 252 2256 rum,
268 2225 305 2248 ex
315 2217 462 2248 universa
483 2216 631 2247 catholica
646 2215 784 2247 Ecclesia
794 2216 990 2256 anathemati,

261 2241 519 2297 noster
527 2257 684 2297 piissimus
699 2264 785 2297 papa
807 2241 902 2297 eidem
915 2241 990 2288 Ibi-i1

169 2297 301 2329 chaeliet
311 2296 397 2329 illius
412 2297 598 2337 sequacibus.
610 2299 638 2328 si
649 2296 775 2328 suaderi
797 2296 915 2336 nolunt,
932 2298 988 2328 de-

169 2339 272 2374 crevit,
284 2338 364 2379 hunc
376 2339 409 2370 in
419 2338 538 2379 modum
548 2337 774 2379 subscribimus.
783 2337 926 2379 Michael,
937 2340 989 2378 qui

189 2378 378 2410 atriarchatu
398 2377 546 2416 abutitur,
558 2378 737 2419 neophytus,
754 2381 782 2409 et
803 2379 856 2419 qui
869 2377 988 2411 tantum

188 2427 300 2451 umano
312 2419 420 2450 timore
430 2419 630 2450 monasticum
639 2418 775 2459 habitum
788 2418 898 2459 induit,
905 2428 987 2452 nunc

166 2467 238 2491 vero
247 2459 364 2491 delictis
375 2459 594 2491 incurabilibus
610 2459 693 2499 apud
702 2458 811 2490 multos
825 2458 967 2499 diﬂ’orma
975 2478 985 2488 ρ

167 2502 225 2538 ius,
235 2504 261 2532 et
271 2509 334 2532 una
348 2509 413 2532 cum
423 2508 456 2532 eo
467 2501 535 2537 Leo,
545 2500 600 2540 qui
608 2499 726 2540 Aeridae
736 2499 860 2540 dicitur,
867 2503 896 2531 et
904 2501 985 2539 ejus-

163 2541 231 2572 dem
241 2540 397 2572 Michaelis
413 2539 593 2572 sacellarius
616 2539 813 2580 Nicephorus,
829 2539 882 2580 qui
895 2541 983 2572 Lati-

163 2590 275 2613 norum
283 2581 466 2622 sacriﬁcium
483 2581 516 2612 in
527 2584 685 2621 conspectu
704 2581 845 2612 omnium
856 2581 983 2621 pedibus

162 2622 324 2662 consuluit,
335 2623 495 2662 caeterique
509 2622 680 2662 omnesqui
699 2629 750 2662 eos
767 2624 934 2661 sequuntur
948 2623 983 2654 in

162 2663 226 2701 iam
251 2661 340 2695 dictis
368 2661 521 2693 erroribus
551 2666 578 2693 et
605 2661 803 2702 facinoribus,
832 2662 872 2693 sit
902 2671 982 2694 ana-

161 2703 280 2740 thema,
299 2702 481 2734 maranatha
516 2711 584 2734 cum
613 2702 812 2738 Simoniacis,
842 2702 979 2740 Valesiis,

159 2743 325 2785 Arionis,
348 2743 539 2785 Donatistis,
564 2741 745 2785 Nicolaitis,
783 2742 978 2782 Severianis,

157 2783 351 2822 Maniehteis,
381 2792 450 2814 cum
473 2783 584 2824 quibus
608 2783 753 2823 dogmata
768 2786 929 2824 statuunt,
952 2788 981 2815 et

159 2825 233 2858 aliis
241 2826 294 2865 qui
298 2825 511 2864 fermentatum
517 2823 687 2856 animatum
692 2823 906 2864 essedicunt,et
911 2833 980 2856 cum

1073 411 1122 439 Καὶ
1162 411 1212 449 γὰρ
1252 409 1314 438 ὅσον
1357 410 1423 448 πρὸς
1458 410 1517 442 τοὺς
1560 409 1648 441 κίονας
1684 411 1730 436 τοῦ
1770 407 1893 447 κράτους,

1071 455 1114 482 καὶ
1142 455 1201 486 τοὺς
1243 456 1322 484 αὖτοῦ
1362 454 1568 494 τετιμημέκους,
1610 454 1654 482 καὶ
1693 452 1754 484 τοὺς
1780 451 1892 482 πολίτας

1069 499 1176 539 σοφοὺς,
1231 499 1485 538 Χριστιανικώτανος
1540 499 1585 527 καὶ
1632 496 1765 538 ὁρθόόοξός
1821 495 1893 524 ἐστιν

1068 544 1086 577 ἡ
1113 543 1190 575 πόλις
1206 552 1213 559 ·
1251 543 1313 572 ὅσον
1343 542 1371 571 δὲ
1403 544 1469 583 πρὸς
1503 545 1549 572 τὸν
1587 541 1701 583 Μιχαὴλ
1735 542 1781 570 τὸν
1806 551 1891 569 κατα-

1069 591 1223 628 χρηστικῶς
1264 587 1405 627 λεγόμενον
1442 588 1621 628 πατριάρχην,
1671 587 1716 615 καὶ
1755 589 1804 619 τῆς
1847 585 1893 612 αὖ·

1067 636 1113 661 τοῦ
1150 633 1237 664 ἀνοίας
1280 633 1431 673 συνεργοὺς,
1473 632 1588 661 πλεῖστα
1623 631 1723 667 ζιζάνια
1751 633 1805 658 τῶν
1844 630 1889 656 αἱ-

1066 677 1162 716 ρέσεων
1199 677 1365 711 καθεκάστην
1402 676 1578 717 διαπείρεται
1619 676 1645 704 ἒν
1682 675 1756 713 μέσῳ
1792 673 1888 713 αὗτῆς,

1065 721 1105 750 ὅτι
1141 722 1227 754 καθὼς
1267 723 1289 750 οἱ
1325 723 1486 760 Σιμωνιακοὶ
1528 723 1577 755 τὴν
1615 720 1712 760 δωρεὺν
1746 722 1792 748 τοῦ
1820 722 1887 746 Θεοῦ

1062 767 1250 807 πιπράσκονσι,
1295 767 1338 795 καὶ
1384 768 1420 799 ὡς
1470 766 1588 805 βαλὲσιοι
1635 766 1694 798 τοὺς
1744 764 1886 804 παροίκους

1063 813 1147 840 αὐτῶν
1182 812 1398 853 ἐξευνουχίζουσι,
1434 813 1478 840 καὶ
1522 812 1551 840 οὗ
1593 811 1673 850 μόνον
1704 810 1770 849 πρὸς
1814 807 1886 841 Κλη-

1062 859 1167 896 ρικᾶτα,
1202 856 1271 885 ἀλλὰ
1312 857 1356 885 καὶ
1401 857 1466 896 πρὸς
1508 856 1672 885 ἐπισκοπᾶτα
1713 854 1851 893 ἀνάγουσιν
1878 862 1884 869 ·

1061 901 1098 932 ὡς
1140 902 1164 929 οἱ
1205 899 1333 941 Ἀρειανοὶ
1374 899 1575 937 ἆναϐαπτίζυυσι
1609 901 1670 933 τοὺς
1706 899 1732 928 ἒν
1774 898 1885 935 ὀνόματι

1060 948 1111 979 τῆς
1152 945 1227 985 ἁγίας
1269 945 1377 986 Τριάδος
1412 944 1648 984 βεϐαπτισμένους,
1682 945 1727 972 καὶ
1767 942 1886 981 μάλιστα

1060 991 1119 1022 τοὺς
1161 991 1285 1023 Λατίνους
1303 999 1310 1006 ⁵
1360 992 1397 1023 ὡς
1445 993 1468 1019 οἱ
1517 991 1672 1019 Δονατισταὶ
1717 988 1884 1028 ἒπικοροῦσιν

1672 1036 1790 1074 Γραικῶν
1831 1033 1882 1066 τήν

1338 1084 1462 1121 Χριστοῦ,
1502 1081 1544 1109 καὶ
1584 1081 1602 1114 ἡ
1644 1079 1756 1112 ἀληθινὴ
1792 1078 1876 1115 θυσία,

1057 1125 1099 1152 καὶ
1140 1124 1170 1153 τὸ
1212 1125 1348 1164 βάπτισμα
1390 1124 1416 1158 ἐξ
1451 1125 1513 1154 ὅλου
1546 1129 1593 1153 τοῦ
1627 1124 1728 1162 κόσμου
1766 1123 1877 1151 ἀπολω-

1241 1170 1278 1201 ὼς
1331 1171 1355 1198 οἱ
1403 1169 1561 1199 Νικολαὶται
1617 1170 1681 1209 πρὸς
1737 1168 1876 1207 σαρκικοῦς

1447 1216 1491 1243 καὶ
1531 1213 1687 1243 διεκδικοῦσι
1727 1219 1786 1245 τοῖς
1831 1215 1877 1240 τοῦ

1055 1167 1158 1197 λεκέναι
1175 1178 1183 1186 '

1053 1214 1154 1252 γάμους
1196 1218 1397 1255 παραχωροῦσι,

1052 1259 1120 1296 ἱερου
1155 1259 1337 1298 θυσιαστηρίου
1370 1259 1513 1299 ὑπηρέταις
1531 1268 1538 1275 ·
1582 1260 1618 1290 ὡς
1661 1259 1684 1286 οἱ
1725 1258 1878 1298 Σεκεριανοὶ

1053 1301 1242 1343 ἒπικατάρατόν
1276 1315 1339 1344 φασι
1373 1305 1419 1333 τὸν
1461 1304 1543 1342 νόμον
1577 1307 1623 1332 τοὺ
1660 1303 1776 1335 Μωσέως
1794 1312 1801 1319 ·
1838 1304 1875 1334 ὡς

1052 1349 1075 1375 οἱ
1097 1349 1320 1388 Πνευματομάχοι
1355 1349 1372 1383 ἢ
1407 1350 1538 1389 θεομάχοι
1574 1349 1712 1386 ἀπέκοψαν
1742 1348 1795 1376 ἀπὸ
1829 1351 1875 1376 τοῦ

1051 1390 1182 1430 συμϐόλου
1243 1404 1288 1421 του
1349 1394 1424 1433 ἁγίου
1478 1394 1632 1431 Πνεύματος
1685 1392 1734 1426 τὴν
1794 1391 1874 1420 ἐκπό-

1049 1447 1134 1476 ρευσιν
1156 1436 1186 1465 ἐκ
1220 1441 1265 1466 τοῦ
1297 1439 1356 1466 Υἱοῡ
1371 1446 1378 1453 ’
1409 1439 1446 1470 ὡς
1479 1439 1502 1467 οἱ
1536 1437 1689 1478 Ναζωρηνοὶ
1709 1438 1755 1465 τὸν
1775 1447 1870 1476 σαρκι-

1048 1481 1094 1508 κὸν
1149 1484 1202 1510 τῶν
1255 1481 1386 1511 Ἰουδαίων
1440 1483 1600 1522 καθαρισμὸν
1650 1482 1692 1510 ἐπὶ
1743 1485 1869 1511 τοσοῦτον

1047 1528 1181 1565 τηροῦσιν,
1223 1526 1291 1556 ὥστε
1335 1528 1369 1556 τὰ
1409 1528 1493 1568 βρέφη
1535 1528 1568 1556 τὰ
1608 1527 1771 1566 θνησκόγενα
1817 1528 1868 1567 πρὸ

1045 1573 1096 1603 τῆς
1137 1570 1234 1610 ὀγδόης
1274 1572 1377 1613 ἡμέρας
1411 1572 1464 1601 ἀπὸ
1496 1575 1546 1607 τῆς
1587 1573 1736 1611 γεννήσεως
1768 1572 1867 1610 βαπτι-

1045 1616 1133 1650 ζεσθαι
1176 1615 1331 1658 ἀντιλέγειν,
1373 1617 1417 1646 ναὶ
1465 1617 1512 1650 τὰς
1553 1623 1693 1657 γυναῖκας,
1749 1617 1797 1649 τὰς
1839 1617 1867 1645 ἐν

1046 1667 1103 1692 τοῖς
1134 1662 1307 1699 καταμηνίοις
1342 1662 1439 1700 αὐτῶν,
1476 1662 1532 1691 εἴτε
1567 1662 1594 1690 ἐν
1628 1665 1663 1701 τῇ
1697 1661 1776 1701 γέννᾳ
1812 1673 1867 1690 κιν-

1043 1703 1240 1738 δυνευούσας
1261 1708 1531 1745 κοινωνήτασθαι,
1561 1706 1631 1735 εἴτε
1665 1705 1865 1737 ἇϐάπτιστοί

1011 1749 1104 1790 celeri,
1140 1751 1308 1789 βαπτίζεσθαι
1340 1750 1504 1790 διακωλύειν,
1538 1752 1582 1780 καὶ
1615 1751 1666 1785 τὴν
1701 1752 1790 1790 κόμην
1815 1754 1863 1784 τῆς

1042 1794 1160 1835 κεφαλῆς
1201 1797 1245 1824 καὶ
1284 1800 1331 1825 τοῦ
1371 1797 1511 1837 πώγωνος,
1565 1798 1601 1830 ὣς
1643 1798 1667 1826 οἱ
1710 1798 1864 1837 Ναζωρηνοὶ

1041 1839 1191 1881 τρέφοντες,
1232 1842 1292 1874 τοὺς
1333 1841 1381 1874 τὰς
1413 1842 1500 1880 κόμας
1533 1842 1677 1882 κείροντας,
1715 1842 1758 1870 καὶ
1796 1843 1863 1871 κατὰ

1040 1884 1090 1917 τὴν
1132 1883 1245 1918 διάταξιν
1293 1889 1342 1920 τῆς
1393 1882 1547 1926 Ῥωμαϊκῆς
1595 1885 1753 1921 Ἐκκλησίας
1800 1887 1862 1919 τοὺς

1041 1929 1170 1968 πώγωνας
1201 1929 1346 1970 ξυρίζοντας
1375 1932 1412 1964 εἱς
1453 1932 1503 1966 τὴν
1538 1932 1674 1961 κοινωνίαν
1710 1932 1740 1960 οὐ
1773 1943 1861 1961 κατα-

1037 1972 1161 2014 δέχονται
1177 1983 1186 1992 ·
1221 1975 1286 2016 ὑπὲρ
1313 1977 1350 2004 ὧν
1383 1976 1552 2018 πλανισμῶν,
1586 1977 1630 2006 καὶ
1661 1976 1756 2017 ἐτέρων
1787 1977 1861 2006 πλεί-

1037 2029 1107 2047 στων
1141 2018 1225 2059 ipva
1267 2022 1357 2059 αὐτοῦ,
1392 2023 1406 2050 ὁ
1447 2023 1525 2054 αὐτὸς
1568 2021 1681 2062 Μιχαὴλ
1722 2021 1859 2061 γράμματι

1036 2066 1082 2091 τοῦ
1113 2067 1191 2104 κυροῦ
1223 2065 1300 2103 ἡμῶν
1330 2066 1455 2113 Λέοντος,
1491 2071 1538 2097 τοῦ
1572 2067 1649 2095 πάπα
1683 2068 1858 2106 νουθετηθεὶς,

1034 2110 1345 2150 πα...,,κατεφρόνησεν.
1391 2110 1497 2141 Ἐπειτα
1547 2112 1616 2150 ἡμῖν
1664 2118 1724 2144 τοῖς
1779 2112 1859 2152 ἆγγὲ.

1034 2152 1090 2185 λοις
1126 2156 1205 2183 αὐτοῦ
1234 2156 1282 2188 τὰς
1322 2155 1457 2188 ὑποθέσεις
1500 2158 1553 2185 τῶν
1594 2155 1759 2190 τηλικούτων
1803 2167 1857 2185 κα-

1032 2201 1087 2226 κῶν
1128 2198 1242 2239 λογικῶς
1288 2200 1441 2235 ἀντιστῆναι
1490 2200 1608 2240 λέγουσι,
1651 2201 1701 2235 τὴν
1751 2212 1854 2241 παρου-

1030 2242 1087 2271 σίαν
1120 2243 1208 2280 αὐτοῦ,
1252 2245 1296 2272 καὶ
1336 2245 1385 2279 τὴν
1420 2247 1560 2286 συντυχίαν
1595 2245 1732 2278 παντελῶς
1767 2246 1855 2286 ἀπηρ-

1031 2287 1139 2327 νήσατο,
1177 2289 1236 2317 οὔτε
1265 2294 1304 2328 τῷ
1337 2291 1409 2330 ὑγιεῖ
1442 2290 1599 2329 βουλεύματι
1635 2292 1687 2319 τῶν
1718 2291 1853 2332 αὖτοκρα-

1029 2332 1111 2372 τάρων
1153 2334 1197 2362 καὶ
1237 2338 1289 2363 τῶν
1324 2339 1412 2376 σοφῶν
1453 2336 1639 2365 νουθετούντων
1680 2337 1853 2365 κατασπάσα-

1028 2378 1085 2405 σθαι
1120 2379 1209 2417 αὖτὸν,
1246 2382 1297 2420 οὔχ
1329 2381 1488 2422 ὑπήκουσεν,
1523 2382 1610 2413 καθὼς
1644 2383 1689 2409 καὶ
1723 2382 1850 2422 πρότερον

1026 2422 1092 2457 τὰς,
1114 2426 1167 2451 τῶν
1211 2425 1328 2453 Λατίνων
1380 2424 1539 2460 Ἐκκλησίας
1586 2425 1761 2466 ἠσφαλίσατο,
1804 2429 1851 2456 καὶ

1027 2469 1118 2512 αὐτοὺς
1169 2467 1309 2507 Ἀζυμίτας
1351 2470 1493 2499 ἀποκαλῶν
1540 2471 1639 2509 ῥήματι
1681 2472 1724 2499 καὶ
1759 2471 1848 2512 ἔργοις

1026 2511 1171 2552 ἁπανταχῆ
1209 2513 1384 2548 κατεδιώξατο
1426 2515 1468 2544 ἐπὶ
1517 2521 1651 2554 τοσοῦτον,
1708 2516 1776 2545 ὥστε
1818 2517 1848 2546 ἐν

1023 2562 1082 2588 τοῖς
1117 2559 1184 2590 υἱοῖς
1227 2560 1305 2588 αὐτοῦ
1338 2560 1532 2598 ἀναθεματίζειν
1573 2561 1621 2594 τὴν
1663 2561 1846 2596 ἆποστολικὴν

1023 2600 1158 2641 καθέδραν,
1194 2602 1251 2631 καθ’
1287 2604 1321 2637 ἦς
1363 2604 1453 2633 ἑαυτὸν
1489 2605 1526 2633 ἔτι
1567 2605 1710 2646 ὑπογράφει
1753 2607 1845 2637 οἰκου-

1023 2647 1129 2683 μενικὸν
1159 2648 1328 2688 πατριάρχην
1345 2656 1352 2664 ·
1384 2648 1442 2677 ὅθεν
1477 2651 1558 2687 ἡμεῖς
1593 2653 1643 2684 τῆς
1680 2651 1755 2689 ἁγίας
1791 2653 1843 2681 αὖ·

1021 2692 1082 2728 τῆς,
1129 2692 1173 2720 καὶ
1227 2693 1335 2731 πρώτης
1392 2693 1572 2729 ἀποστολικῆς
1618 2694 1743 2734 καθέδρας
1790 2696 1843 2731 τὴν

1020 2733 1173 2783 ἐξακουστον
1220 2737 1278 2783 βίαν
1330 2739 1373 2767 καὶ
1423 2737 1494 2779 ὕϐριν
1549 2739 1601 2781 οὐχ
1653 2733 1840 2783 ὑποφέροντες,

1020 2780 1070 2815 τήν
1111 2791 1140 2809 τε
1179 2781 1323 2818 καθολικὴν
1364 2784 1449 2812 πίστιν
1491 2783 1661 2814 καταδύεσθαι
1708 2780 1840 2827 πολυτρόξ

1020 2834 1077 2857 πως
1131 2826 1306 2868 ὑφορώμενοι,
1367 2828 1499 2868 προκρίσει
1555 2831 1604 2863 τῆς
1657 2831 1746 2870 ἁγίας,
1794 2826 1840 2862 καὶ
