  <div class='ocr_page' id='page_1' title='image "/cluster/home/n/w/nwhite01/storage/ocr_20150623/120/njp.32101010943973/486.png"; bbox 0 0 1976 3067; ppageno 0'>
   <div class='ocr_carea' id='block_1_1' title="bbox 65 213 122 245">
    <p class='ocr_par' dir='ltr' id='par_1_1' title="bbox 65 213 122 245">
     <span class='ocr_line' id='line_1_1' title="bbox 65 213 122 245; baseline 0 0"><span class='ocrx_word' id='word_1_1' title='bbox 65 213 122 245; x_wconf 88' lang='grc'><strong>777</strong></span> 
     </span>
    </p>
   </div>
   <div class='ocr_carea' id='block_1_2' title="bbox 808 213 1014 246">
    <p class='ocr_par' dir='ltr' id='par_1_2' title="bbox 808 213 1014 246">
     <span class='ocr_line' id='line_1_2' title="bbox 808 213 1014 246; baseline 0 0"><span class='ocrx_word' id='word_1_2' title='bbox 808 213 1014 246; x_wconf 76' lang='lat' dir='ltr'><strong>EPISTOL/E.</strong></span> 
     </span>
    </p>
   </div>
   <div class='ocr_carea' id='block_1_3' title="bbox 1692 221 1752 254">
    <p class='ocr_par' dir='ltr' id='par_1_3' title="bbox 1692 221 1752 254">
     <span class='ocr_line' id='line_1_3' title="bbox 1692 221 1752 254; baseline 0.017 -1"><span class='ocrx_word' id='word_1_3' title='bbox 1692 221 1752 254; x_wconf 83' lang='lat'><strong>778</strong></span> 
     </span>
    </p>
   </div>
   <div class='ocr_carea' id='block_1_4' title="bbox 63 279 873 323">
    <p class='ocr_par' dir='ltr' id='par_1_4' title="bbox 63 280 873 322">
     <span class='ocr_line' id='line_1_4' title="bbox 63 280 873 322; baseline -0.001 -12"><span class='ocrx_word' id='word_1_4' title='bbox 63 280 203 319; x_wconf 75' lang='grc' dir='ltr'><strong>Ἐπιθυμίᾳ</strong></span> <span class='ocrx_word' id='word_1_5' title='bbox 230 280 381 319; x_wconf 77' lang='grc' dir='ltr'>ἐπεθύμησα</span> <span class='ocrx_word' id='word_1_6' title='bbox 407 283 438 310; x_wconf 81' lang='grc' dir='ltr'>τὸ</span> <span class='ocrx_word' id='word_1_7' title='bbox 477 282 572 322; x_wconf 84' lang='grc' dir='ltr'>Πάσχα</span> <span class='ocrx_word' id='word_1_8' title='bbox 600 286 675 312; x_wconf 79' lang='grc' dir='ltr'>τοῦτο</span> <span class='ocrx_word' id='word_1_9' title='bbox 703 288 798 322; x_wconf 68' lang='grc' dir='ltr'>φαγεῖν</span> <span class='ocrx_word' id='word_1_10' title='bbox 826 282 873 319; x_wconf 86' lang='grc' dir='ltr'><strong>μεθ</strong></span> 
     </span>
    </p>
   </div>
   <div class='ocr_carea' id='block_1_5' title="bbox 945 279 1746 323">
    <p class='ocr_par' dir='ltr' id='par_1_5' title="bbox 946 279 1746 323">
     <span class='ocr_line' id='line_1_5' title="bbox 946 279 1746 323; baseline 0.01 -14"><span class='ocrx_word' id='word_1_11' title='bbox 946 279 1095 311; x_wconf 79' lang='lat' dir='ltr'><strong>esideravi</strong></span> <span class='ocrx_word' id='word_1_12' title='bbox 1115 282 1230 312; x_wconf 74' lang='lat' dir='ltr'><strong>Pascha</strong></span> <span class='ocrx_word' id='word_1_13' title='bbox 1240 281 1296 313; x_wconf 84' lang='lat' dir='ltr'><strong>hoc</strong></span> <span class='ocrx_word' id='word_1_14' title='bbox 1320 283 1509 314; x_wconf 74' lang='lat' dir='ltr'><strong>manducare</strong></span> <span class='ocrx_word' id='word_1_15' title='bbox 1537 283 1691 316; x_wconf 75' lang='lat' dir='ltr'><strong>vobiscum</strong></span> <span class='ocrx_word' id='word_1_16' title='bbox 1705 285 1746 323; x_wconf 63' lang='lat'><strong>‘8,</strong></span> 
     </span>
    </p>
   </div>
   <div class='ocr_carea' id='block_1_6' title="bbox 62 324 885 367">
    <p class='ocr_par' dir='ltr' id='par_1_6' title="bbox 62 324 885 367">
     <span class='ocr_line' id='line_1_6' title="bbox 62 324 885 367; baseline 0 -14"><span class='ocrx_word' id='word_1_17' title='bbox 62 326 135 363; x_wconf 80' lang='grc' dir='ltr'>ὑμῶν</span> <span class='ocrx_word' id='word_1_18' title='bbox 154 336 165 355; x_wconf 69' lang='grc' dir='ltr'><strong>ο</strong></span> <span class='ocrx_word' id='word_1_19' title='bbox 187 324 262 367; x_wconf 73' lang='grc'><strong>(29)⁷</strong></span> <span class='ocrx_word' id='word_1_20' title='bbox 276 329 325 359; x_wconf 78' lang='grc' dir='ltr'>τῆς</span> <span class='ocrx_word' id='word_1_21' title='bbox 347 326 416 366; x_wconf 80' lang='grc' dir='ltr'>ὥρας</span> <span class='ocrx_word' id='word_1_22' title='bbox 438 325 558 360; x_wconf 81' lang='grc' dir='ltr'>δηλονότι</span> <span class='ocrx_word' id='word_1_23' title='bbox 573 327 708 367; x_wconf 66' lang='grc' dir='ltr'>φθασάσης</span> <span class='ocrx_word' id='word_1_24' title='bbox 723 331 769 356; x_wconf 81' lang='grc' dir='ltr'>τοῦ</span> <span class='ocrx_word' id='word_1_25' title='bbox 788 326 885 357; x_wconf 83' lang='grc' dir='ltr'><strong>πάθους</strong></span> 
     </span>
    </p>
   </div>
   <div class='ocr_carea' id='block_1_7' title="bbox 63 370 153 400">
    <p class='ocr_par' dir='ltr' id='par_1_7' title="bbox 63 370 153 400">
     <span class='ocr_line' id='line_1_7' title="bbox 63 370 153 400; baseline 0.022 -2"><span class='ocrx_word' id='word_1_26' title='bbox 63 370 153 400; x_wconf 74' lang='grc' dir='ltr'><strong>αὖτοῦ.</strong></span> 
     </span>
    </p>
   </div>
   <div class='ocr_carea' id='block_1_8' title="bbox 101 410 887 456">
    <p class='ocr_par' dir='ltr' id='par_1_8' title="bbox 101 410 887 456">
     <span class='ocr_line' id='line_1_8' title="bbox 101 410 887 456; baseline -0.001 -13"><span class='ocrx_word' id='word_1_27' title='bbox 101 410 158 454; x_wconf 79' lang='grc' dir='ltr'>κγ’,</span> <span class='ocrx_word' id='word_1_28' title='bbox 186 417 216 444; x_wconf 81' lang='grc' dir='ltr'><strong>Οἱ</strong></span> <span class='ocrx_word' id='word_1_29' title='bbox 244 414 271 443; x_wconf 70' lang='grc' dir='ltr'><strong>δὲ</strong></span> <span class='ocrx_word' id='word_1_30' title='bbox 299 418 352 443; x_wconf 85' lang='grc' dir='ltr'><strong>τῶν</strong></span> <span class='ocrx_word' id='word_1_31' title='bbox 384 415 489 454; x_wconf 78' lang='grc' dir='ltr'><strong>ἀζύμων</strong></span> <span class='ocrx_word' id='word_1_32' title='bbox 526 416 685 456; x_wconf 80' lang='grc' dir='ltr'>μετέχοντες</span> <span class='ocrx_word' id='word_1_33' title='bbox 715 415 887 444; x_wconf 71' lang='grc' dir='ltr'>κινδυνεύουσι</span> 
     </span>
    </p>
   </div>
   <div class='ocr_carea' id='block_1_9' title="bbox 61 458 888 501">
    <p class='ocr_par' dir='ltr' id='par_1_9' title="bbox 61 458 888 501">
     <span class='ocr_line' id='line_1_9' title="bbox 61 458 888 501; baseline -0.001 -14"><span class='ocrx_word' id='word_1_34' title='bbox 61 458 241 492; x_wconf 82' lang='grc' dir='ltr'>λανθανόντως</span> <span class='ocrx_word' id='word_1_35' title='bbox 271 460 307 492; x_wconf 79' lang='grc' dir='ltr'>εἷς</span> <span class='ocrx_word' id='word_1_36' title='bbox 334 460 383 493; x_wconf 78' lang='grc' dir='ltr'>τὴν</span> <span class='ocrx_word' id='word_1_37' title='bbox 413 464 459 488; x_wconf 79' lang='grc' dir='ltr'>τοῦ</span> <span class='ocrx_word' id='word_1_38' title='bbox 489 460 691 501; x_wconf 78' lang='grc' dir='ltr'>Ἀπολλιναρίου</span> <span class='ocrx_word' id='word_1_39' title='bbox 724 461 888 500; x_wconf 78' lang='grc' dir='ltr'><strong>περιπίπτειν</strong></span> 
     </span>
    </p>
   </div>
   <div class='ocr_carea' id='block_1_10' title="bbox 61 503 888 545">
    <p class='ocr_par' dir='ltr' id='par_1_10' title="bbox 61 503 888 545">
     <span class='ocr_line' id='line_1_10' title="bbox 61 503 888 545; baseline -0.001 -13"><span class='ocrx_word' id='word_1_40' title='bbox 61 503 164 543; x_wconf 70' lang='grc' dir='ltr'>α”ρεσιν</span> <span class='ocrx_word' id='word_1_41' title='bbox 188 504 256 542; x_wconf 87' lang='grc'><strong>(30).</strong></span> <span class='ocrx_word' id='word_1_42' title='bbox 285 505 406 537; x_wconf 70' lang='grc' dir='ltr'>Ἐκεῖνος</span> <span class='ocrx_word' id='word_1_43' title='bbox 433 505 482 544; x_wconf 74' lang='grc' dir='ltr'><strong>γαρ</strong></span> <span class='ocrx_word' id='word_1_44' title='bbox 511 508 589 543; x_wconf 85' lang='grc' dir='ltr'>σῶμα</span> <span class='ocrx_word' id='word_1_45' title='bbox 618 506 698 543; x_wconf 87' lang='grc' dir='ltr'>μόνον</span> <span class='ocrx_word' id='word_1_46' title='bbox 726 504 831 545; x_wconf 78' lang='grc' dir='ltr'>ἄψυχον</span> <span class='ocrx_word' id='word_1_47' title='bbox 845 504 888 532; x_wconf 82' lang='grc' dir='ltr'><strong>καὶ</strong></span> 
     </span>
    </p>
   </div>
   <div class='ocr_carea' id='block_1_11' title="bbox 61 548 888 588">
    <p class='ocr_par' dir='ltr' id='par_1_11' title="bbox 61 548 888 588">
     <span class='ocr_line' id='line_1_11' title="bbox 61 548 888 588; baseline 0.002 -12"><span class='ocrx_word' id='word_1_48' title='bbox 61 549 138 577; x_wconf 72' lang='grc' dir='ltr'>ἄνουν</span> <span class='ocrx_word' id='word_1_49' title='bbox 153 548 300 586; x_wconf 76' lang='grc' dir='ltr'>ἐτόλμησεν</span> <span class='ocrx_word' id='word_1_50' title='bbox 331 550 428 585; x_wconf 69' lang='grc' dir='ltr'>εἰπεῖν,</span> <span class='ocrx_word' id='word_1_51' title='bbox 460 549 553 578; x_wconf 74' lang='grc' dir='ltr'>λαϐεῖν</span> <span class='ocrx_word' id='word_1_52' title='bbox 582 551 626 578; x_wconf 76' lang='grc' dir='ltr'><strong>τὸν</strong></span> <span class='ocrx_word' id='word_1_53' title='bbox 651 552 711 578; x_wconf 80' lang='grc' dir='ltr'><strong>Υἱὸν</strong></span> <span class='ocrx_word' id='word_1_54' title='bbox 731 551 776 578; x_wconf 88' lang='grc' dir='ltr'><strong>καὶ</strong></span> <span class='ocrx_word' id='word_1_55' title='bbox 804 549 888 588; x_wconf 78' lang='grc' dir='ltr'>Λόγον</span> 
     </span>
    </p>
   </div>
   <div class='ocr_carea' id='block_1_12' title="bbox 61 593 890 634">
    <p class='ocr_par' dir='ltr' id='par_1_12' title="bbox 61 593 890 634">
     <span class='ocr_line' id='line_1_12' title="bbox 61 593 890 634; baseline -0.001 -12"><span class='ocrx_word' id='word_1_56' title='bbox 61 598 109 623; x_wconf 75' lang='grc' dir='ltr'><strong>τοῦ</strong></span> <span class='ocrx_word' id='word_1_57' title='bbox 124 597 190 622; x_wconf 83' lang='grc' dir='ltr'>Θεοῦ</span> <span class='ocrx_word' id='word_1_58' title='bbox 216 593 246 622; x_wconf 80' lang='grc' dir='ltr'>ἐκ</span> <span class='ocrx_word' id='word_1_59' title='bbox 273 596 322 627; x_wconf 79' lang='grc' dir='ltr'><strong>τῆς</strong></span> <span class='ocrx_word' id='word_1_60' title='bbox 345 594 420 634; x_wconf 82' lang='grc' dir='ltr'>ἁγίας</span> <span class='ocrx_word' id='word_1_61' title='bbox 443 595 584 634; x_wconf 74' lang='grc' dir='ltr'>Παρθένου,</span> <span class='ocrx_word' id='word_1_62' title='bbox 615 595 706 634; x_wconf 74' lang='grc' dir='ltr'>ἀρκεῖν</span> <span class='ocrx_word' id='word_1_63' title='bbox 733 594 818 633; x_wconf 86' lang='grc' dir='ltr'>λέγων</span> <span class='ocrx_word' id='word_1_64' title='bbox 833 593 890 621; x_wconf 79' lang='grc' dir='ltr'>ἀντὶ</span> 
     </span>
    </p>
   </div>
   <div class='ocr_carea' id='block_1_13' title="bbox 61 638 889 678">
    <p class='ocr_par' dir='ltr' id='par_1_13' title="bbox 61 638 889 678">
     <span class='ocr_line' id='line_1_13' title="bbox 61 638 889 678; baseline 0 -12"><span class='ocrx_word' id='word_1_65' title='bbox 61 641 155 678; x_wconf 74' lang='grc' dir='ltr'>ψυχῆς</span> <span class='ocrx_word' id='word_1_66' title='bbox 183 640 226 666; x_wconf 78' lang='grc' dir='ltr'><strong>καὶ</strong></span> <span class='ocrx_word' id='word_1_67' title='bbox 254 639 326 675; x_wconf 77' lang='grc' dir='ltr'>νοὸς,</span> <span class='ocrx_word' id='word_1_68' title='bbox 362 639 411 672; x_wconf 83' lang='grc' dir='ltr'><strong>τὴν</strong></span> <span class='ocrx_word' id='word_1_69' title='bbox 447 639 571 672; x_wconf 80' lang='grc' dir='ltr'>θεότητα.</span> <span class='ocrx_word' id='word_1_70' title='bbox 611 641 659 668; x_wconf 84' lang='grc' dir='ltr'><strong>Καὶ</strong></span> <span class='ocrx_word' id='word_1_71' title='bbox 694 641 717 667; x_wconf 78' lang='grc' dir='ltr'>οἱ</span> <span class='ocrx_word' id='word_1_72' title='bbox 745 639 778 666; x_wconf 76' lang='grc' dir='ltr'><strong>τὰ</strong></span> <span class='ocrx_word' id='word_1_73' title='bbox 805 638 889 676; x_wconf 74' lang='grc' dir='ltr'>ἄζυμα</span> 
     </span>
    </p>
   </div>
   <div class='ocr_carea' id='block_1_14' title="bbox 61 683 889 724">
    <p class='ocr_par' dir='ltr' id='par_1_14' title="bbox 61 683 889 724">
     <span class='ocr_line' id='line_1_14' title="bbox 61 683 889 724; baseline -0.002 -12"><span class='ocrx_word' id='word_1_74' title='bbox 61 683 282 722; x_wconf 78' lang='grc' dir='ltr'>προσκομίζοντες</span> <span class='ocrx_word' id='word_1_75' title='bbox 305 683 397 723; x_wconf 75' lang='grc' dir='ltr'>νεκρὰν</span> <span class='ocrx_word' id='word_1_76' title='bbox 426 683 510 723; x_wconf 76' lang='grc' dir='ltr'>σάρκα</span> <span class='ocrx_word' id='word_1_77' title='bbox 538 686 581 712; x_wconf 80' lang='grc' dir='ltr'><strong>καὶ</strong></span> <span class='ocrx_word' id='word_1_78' title='bbox 603 685 664 724; x_wconf 73' lang='grc' dir='ltr'>οὒχὶ</span> <span class='ocrx_word' id='word_1_79' title='bbox 693 686 778 719; x_wconf 83' lang='grc' dir='ltr'>ζῶσαν</span> <span class='ocrx_word' id='word_1_80' title='bbox 802 694 889 722; x_wconf 82' lang='grc' dir='ltr'>προσ-</span> 
     </span>
    </p>
   </div>
   <div class='ocr_carea' id='block_1_15' title="bbox 61 723 890 768">
    <p class='ocr_par' dir='ltr' id='par_1_15' title="bbox 61 723 890 768">
     <span class='ocr_line' id='line_1_15' title="bbox 61 723 890 768; baseline 0.004 -13"><span class='ocrx_word' id='word_1_81' title='bbox 61 727 194 768; x_wconf 76' lang='grc' dir='ltr'><strong>φέρουσιν,</strong></span> <span class='ocrx_word' id='word_1_82' title='bbox 215 723 246 755; x_wconf 73' lang='grc' dir='ltr'>’Π</span> <span class='ocrx_word' id='word_1_83' title='bbox 276 732 326 767; x_wconf 73' lang='grc' dir='ltr'><strong>γὰρ</strong></span> <span class='ocrx_word' id='word_1_84' title='bbox 355 728 476 767; x_wconf 80' lang='grc' dir='ltr'>προζύμη</span> <span class='ocrx_word' id='word_1_85' title='bbox 499 728 556 757; x_wconf 82' lang='grc' dir='ltr'>ἀντὶ</span> <span class='ocrx_word' id='word_1_86' title='bbox 583 731 675 768; x_wconf 76' lang='grc' dir='ltr'>ψυχῆς</span> <span class='ocrx_word' id='word_1_87' title='bbox 703 730 742 765; x_wconf 70' lang='grc' dir='ltr'>τῷ</span> <span class='ocrx_word' id='word_1_88' title='bbox 770 726 846 767; x_wconf 74' lang='grc' dir='ltr'><strong>[ΑΗ.</strong></span> <span class='ocrx_word' id='word_1_89' title='bbox 863 726 890 759; x_wconf 70' lang='grc' dir='ltr'>ἐν</span> 
     </span>
    </p>
   </div>
   <div class='ocr_carea' id='block_1_16' title="bbox 60 772 889 812">
    <p class='ocr_par' dir='ltr' id='par_1_16' title="bbox 60 772 889 812">
     <span class='ocr_line' id='line_1_16' title="bbox 60 772 889 812; baseline -0.014 -2"><span class='ocrx_word' id='word_1_90' title='bbox 60 772 114 812; x_wconf 73' lang='grc' dir='ltr'><strong>τῷ]</strong></span> <span class='ocrx_word' id='word_1_91' title='bbox 131 772 262 812; x_wconf 68' lang='grc' dir='ltr'>φυράματι</span> <span class='ocrx_word' id='word_1_92' title='bbox 291 773 402 812; x_wconf 69' lang='grc' dir='ltr'>γίνεται,</span> <span class='ocrx_word' id='word_1_93' title='bbox 432 774 475 801; x_wconf 62' lang='grc' dir='ltr'>καὶ</span> <span class='ocrx_word' id='word_1_94' title='bbox 502 773 533 801; x_wconf 71' lang='grc' dir='ltr'><strong>τὸ</strong></span> <span class='ocrx_word' id='word_1_95' title='bbox 561 773 627 804; x_wconf 68' lang='grc' dir='ltr'>ἅλας</span> <span class='ocrx_word' id='word_1_96' title='bbox 657 773 714 801; x_wconf 78' lang='grc' dir='ltr'>ἀντὶ</span> <span class='ocrx_word' id='word_1_97' title='bbox 743 776 788 801; x_wconf 74' lang='grc' dir='ltr'>τοῦ</span> <span class='ocrx_word' id='word_1_98' title='bbox 804 772 862 804; x_wconf 81' lang='grc' dir='ltr'>νοός</span> <span class='ocrx_word' id='word_1_99' title='bbox 882 787 889 796; x_wconf 78' lang='grc' dir='ltr'><strong>ο</strong></span> 
     </span>
    </p>
   </div>
   <div class='ocr_carea' id='block_1_17' title="bbox 60 816 891 858">
    <p class='ocr_par' dir='ltr' id='par_1_17' title="bbox 60 816 891 858">
     <span class='ocr_line' id='line_1_17' title="bbox 60 816 891 858; baseline -0.001 -13"><span class='ocrx_word' id='word_1_100' title='bbox 60 818 77 845; x_wconf 86' lang='grc' dir='ltr'>ἃ</span> <span class='ocrx_word' id='word_1_101' title='bbox 107 817 146 855; x_wconf 79' lang='grc' dir='ltr'><strong>μὴ</strong></span> <span class='ocrx_word' id='word_1_102' title='bbox 172 816 236 857; x_wconf 81' lang='grc' dir='ltr'>ἕχον</span> <span class='ocrx_word' id='word_1_103' title='bbox 265 817 295 844; x_wconf 76' lang='grc' dir='ltr'>τὸ</span> <span class='ocrx_word' id='word_1_104' title='bbox 329 816 438 855; x_wconf 70' lang='grc' dir='ltr'>ἄζυμον,</span> <span class='ocrx_word' id='word_1_105' title='bbox 467 821 525 849; x_wconf 82' lang='grc' dir='ltr'>πῶς</span> <span class='ocrx_word' id='word_1_106' title='bbox 547 818 594 846; x_wconf 69' lang='grc' dir='ltr'><strong>οὒκ</strong></span> <span class='ocrx_word' id='word_1_107' title='bbox 623 817 727 858; x_wconf 66' lang='grc' dir='ltr'>ἄψυχόν</span> <span class='ocrx_word' id='word_1_108' title='bbox 762 817 817 845; x_wconf 71' lang='grc' dir='ltr'>ἐστι</span> <span class='ocrx_word' id='word_1_109' title='bbox 843 821 891 847; x_wconf 89' lang='grc' dir='ltr'><strong>καὶ</strong></span> 
     </span>
    </p>
   </div>
   <div class='ocr_carea' id='block_1_18' title="bbox 61 861 543 902">
    <p class='ocr_par' dir='ltr' id='par_1_18' title="bbox 61 861 543 902">
     <span class='ocr_line' id='line_1_18' title="bbox 61 861 543 902; baseline 0 -12"><span class='ocrx_word' id='word_1_110' title='bbox 61 863 153 902; x_wconf 83' lang='grc' dir='ltr'>νεκρὸν</span> <span class='ocrx_word' id='word_1_111' title='bbox 169 863 213 889; x_wconf 84' lang='grc' dir='ltr'>καὶ</span> <span class='ocrx_word' id='word_1_112' title='bbox 229 865 266 899; x_wconf 85' lang='grc' dir='ltr'>τῷ</span> <span class='ocrx_word' id='word_1_113' title='bbox 281 861 335 890; x_wconf 69' lang='grc' dir='ltr'>ὄντι</span> <span class='ocrx_word' id='word_1_114' title='bbox 365 863 519 902; x_wconf 85' lang='grc' dir='ltr'>νεκροποιόν</span> <span class='ocrx_word' id='word_1_115' title='bbox 536 872 543 902; x_wconf 70' lang='grc' dir='ltr'>ς</span> 
     </span>
    </p>
   </div>
   <div class='ocr_carea' id='block_1_19' title="bbox 536 858 889 902">
    <p class='ocr_par' dir='ltr' id='par_1_19' title="bbox 536 858 889 902">
     <span class='ocr_line' id='line_1_19' title="bbox 536 858 889 902; baseline -0.006 -11"><span class='ocrx_word' id='word_1_116' title='bbox 536 872 544 902; x_wconf 69' lang='grc' dir='ltr'><strong>ς</strong></span> <span class='ocrx_word' id='word_1_117' title='bbox 576 858 604 891; x_wconf 77' lang='grc' dir='ltr'><strong>Ὀ</strong></span> <span class='ocrx_word' id='word_1_118' title='bbox 626 863 676 902; x_wconf 75' lang='grc' dir='ltr'><strong>γὰρ</strong></span> <span class='ocrx_word' id='word_1_119' title='bbox 706 863 798 901; x_wconf 81' lang='grc' dir='ltr'>Κύριος</span> <span class='ocrx_word' id='word_1_120' title='bbox 813 863 889 899; x_wconf 73' lang='grc' dir='ltr'>ἡμῶν</span> 
     </span>
    </p>
   </div>
   <div class='ocr_carea' id='block_1_20' title="bbox 61 905 888 945">
    <p class='ocr_par' dir='ltr' id='par_1_20' title="bbox 61 905 888 945">
     <span class='ocr_line' id='line_1_20' title="bbox 61 905 888 945; baseline -0.001 -11"><span class='ocrx_word' id='word_1_121' title='bbox 61 906 165 940; x_wconf 79' lang='grc' dir='ltr'>Ἰησοῦς</span> <span class='ocrx_word' id='word_1_122' title='bbox 192 907 304 945; x_wconf 77' lang='grc' dir='ltr'>Χριστὸς</span> <span class='ocrx_word' id='word_1_123' title='bbox 332 905 433 938; x_wconf 85' lang='grc' dir='ltr'>τέλειος</span> <span class='ocrx_word' id='word_1_124' title='bbox 468 906 505 935; x_wconf 84' lang='grc' dir='ltr'><strong>ὣν</strong></span> <span class='ocrx_word' id='word_1_125' title='bbox 545 908 609 939; x_wconf 77' lang='grc' dir='ltr'>Θεὸς</span> <span class='ocrx_word' id='word_1_126' title='bbox 638 908 682 935; x_wconf 82' lang='grc' dir='ltr'><strong>καὶ</strong></span> <span class='ocrx_word' id='word_1_127' title='bbox 711 907 810 938; x_wconf 80' lang='grc' dir='ltr'>τέλειος</span> <span class='ocrx_word' id='word_1_128' title='bbox 839 905 888 935; x_wconf 71' lang='grc' dir='ltr'>ἄν·</span> 
     </span>
    </p>
   </div>
   <div class='ocr_carea' id='block_1_21' title="bbox 927 324 1556 366">
    <p class='ocr_par' dir='ltr' id='par_1_21' title="bbox 927 324 1556 366">
     <span class='ocr_line' id='line_1_21' title="bbox 927 324 1556 366; baseline 0.01 -12"><span class='ocrx_word' id='word_1_129' title='bbox 927 332 1035 364; x_wconf 87' lang='lat' dir='ltr'><strong>nempe</strong></span> <span class='ocrx_word' id='word_1_130' title='bbox 1047 324 1225 356; x_wconf 72' lang='lat' dir='ltr'><strong>adventante</strong></span> <span class='ocrx_word' id='word_1_131' title='bbox 1241 326 1314 358; x_wconf 85' lang='lat' dir='ltr'><strong>hora</strong></span> <span class='ocrx_word' id='word_1_132' title='bbox 1326 327 1471 366; x_wconf 80' lang='lat' dir='ltr'><strong>passionis</strong></span> <span class='ocrx_word' id='word_1_133' title='bbox 1486 337 1556 361; x_wconf 60' lang='lat' dir='ltr'><strong>sure.</strong></span> 
     </span>
    </p>
   </div>
   <div class='ocr_carea' id='block_1_22' title="bbox 968 413 1748 458">
    <p class='ocr_par' dir='ltr' id='par_1_22' title="bbox 968 413 1748 458">
     <span class='ocr_line' id='line_1_22' title="bbox 968 413 1748 458; baseline 0.008 -14"><span class='ocrx_word' id='word_1_134' title='bbox 968 413 1017 445; x_wconf 76' lang='grc'><strong>23.</strong></span> <span class='ocrx_word' id='word_1_135' title='bbox 1031 413 1193 450; x_wconf 88' lang='lat' dir='ltr'><strong>Quiautem</strong></span> <span class='ocrx_word' id='word_1_136' title='bbox 1204 425 1303 455; x_wconf 79' lang='lat' dir='ltr'><strong>azyma</strong></span> <span class='ocrx_word' id='word_1_137' title='bbox 1317 420 1449 454; x_wconf 92' lang='lat' dir='ltr'><strong>sumunt,</strong></span> <span class='ocrx_word' id='word_1_138' title='bbox 1477 416 1506 448; x_wconf 90' lang='lat' dir='ltr'><strong>in</strong></span> <span class='ocrx_word' id='word_1_139' title='bbox 1522 418 1688 458; x_wconf 87' lang='lat' dir='ltr'><strong>periculum</strong></span> <span class='ocrx_word' id='word_1_140' title='bbox 1704 419 1748 450; x_wconf 91' lang='lat' dir='ltr'><strong>in-</strong></span> 
     </span>
    </p>
   </div>
   <div class='ocr_carea' id='block_1_23' title="bbox 929 457 1747 500">
    <p class='ocr_par' dir='ltr' id='par_1_23' title="bbox 929 457 1747 500">
     <span class='ocr_line' id='line_1_23' title="bbox 929 457 1747 500; baseline 0.009 -12"><span class='ocrx_word' id='word_1_141' title='bbox 929 462 1052 488; x_wconf 92' lang='lat' dir='ltr'><strong>currunt</strong></span> <span class='ocrx_word' id='word_1_142' title='bbox 1067 457 1141 489; x_wconf 91' lang='lat' dir='ltr'><strong>clam</strong></span> <span class='ocrx_word' id='word_1_143' title='bbox 1157 459 1315 490; x_wconf 86' lang='lat' dir='ltr'><strong>delabendi</strong></span> <span class='ocrx_word' id='word_1_144' title='bbox 1342 460 1378 491; x_wconf 90' lang='lat' dir='ltr'><strong>ad</strong></span> <span class='ocrx_word' id='word_1_145' title='bbox 1403 461 1585 500; x_wconf 81' lang='lat' dir='ltr'><strong>Apollinaris</strong></span> <span class='ocrx_word' id='word_1_146' title='bbox 1599 463 1747 496; x_wconf 62' lang='lat' dir='ltr'><strong>haeresim.</strong></span> 
     </span>
    </p>
   </div>
   <div class='ocr_carea' id='block_1_24' title="bbox 930 500 1750 548">
    <p class='ocr_par' dir='ltr' id='par_1_24' title="bbox 930 500 1750 548">
     <span class='ocr_line' id='line_1_24' title="bbox 930 500 1750 548; baseline 0.009 -16"><span class='ocrx_word' id='word_1_147' title='bbox 930 500 1082 542; x_wconf 88' lang='lat' dir='ltr'><strong>Siquidem</strong></span> <span class='ocrx_word' id='word_1_148' title='bbox 1106 503 1156 534; x_wconf 87' lang='lat' dir='ltr'><strong>ille</strong></span> <span class='ocrx_word' id='word_1_149' title='bbox 1171 514 1260 535; x_wconf 80' lang='lat' dir='ltr'><strong>ausus</strong></span> <span class='ocrx_word' id='word_1_150' title='bbox 1288 509 1332 535; x_wconf 80' lang='lat' dir='ltr'><strong>est</strong></span> <span class='ocrx_word' id='word_1_151' title='bbox 1360 505 1508 537; x_wconf 79' lang='lat' dir='ltr'><strong>afﬁrmare</strong></span> <span class='ocrx_word' id='word_1_152' title='bbox 1532 516 1640 548; x_wconf 88' lang='lat' dir='ltr'><strong>corpus</strong></span> <span class='ocrx_word' id='word_1_153' title='bbox 1654 508 1750 539; x_wconf 87' lang='lat' dir='ltr'><strong>solum</strong></span> 
     </span>
    </p>
   </div>
   <div class='ocr_carea' id='block_1_25' title="bbox 931 547 1753 593">
    <p class='ocr_par' dir='ltr' id='par_1_25' title="bbox 931 547 1753 593">
     <span class='ocr_line' id='line_1_25' title="bbox 931 547 1753 593; baseline 0.01 -17"><span class='ocrx_word' id='word_1_154' title='bbox 931 547 1038 578; x_wconf 82' lang='lat' dir='ltr'><strong>animae</strong></span> <span class='ocrx_word' id='word_1_155' title='bbox 1053 548 1220 589; x_wconf 88' lang='lat' dir='ltr'><strong>mentisque</strong></span> <span class='ocrx_word' id='word_1_156' title='bbox 1249 558 1354 589; x_wconf 84' lang='lat' dir='ltr'><strong>expers</strong></span> <span class='ocrx_word' id='word_1_157' title='bbox 1382 555 1565 590; x_wconf 79' lang='lat' dir='ltr'><strong>assumptum</strong></span> <span class='ocrx_word' id='word_1_158' title='bbox 1586 547 1684 583; x_wconf 76' lang='lat' dir='ltr'><strong>luisse</strong></span> <span class='ocrx_word' id='word_1_159' title='bbox 1700 563 1753 593; x_wconf 85' lang='lat' dir='ltr'><strong>per</strong></span> 
     </span>
    </p>
   </div>
   <div class='ocr_carea' id='block_1_26' title="bbox 932 591 1753 637">
    <p class='ocr_par' dir='ltr' id='par_1_26' title="bbox 932 591 1753 637">
     <span class='ocr_line' id='line_1_26' title="bbox 932 591 1753 637; baseline 0.009 -15"><span class='ocrx_word' id='word_1_160' title='bbox 932 591 1060 637; x_wconf 56' lang='lat' dir='ltr'><strong>Verbum</strong></span> <span class='ocrx_word' id='word_1_161' title='bbox 1070 596 1099 623; x_wconf 89' lang='lat' dir='ltr'><strong>et</strong></span> <span class='ocrx_word' id='word_1_162' title='bbox 1114 593 1220 624; x_wconf 89' lang='lat' dir='ltr'><strong>Filium</strong></span> <span class='ocrx_word' id='word_1_163' title='bbox 1235 593 1298 631; x_wconf 90' lang='lat' dir='ltr'><strong>Dei,</strong></span> <span class='ocrx_word' id='word_1_164' title='bbox 1315 593 1352 624; x_wconf 90' lang='lat' dir='ltr'><strong>de</strong></span> <span class='ocrx_word' id='word_1_165' title='bbox 1360 599 1462 625; x_wconf 83' lang='lat' dir='ltr'><strong>sancta</strong></span> <span class='ocrx_word' id='word_1_166' title='bbox 1477 595 1618 637; x_wconf 72' lang='lat' dir='ltr'><strong>Virgine;</strong></span> <span class='ocrx_word' id='word_1_167' title='bbox 1632 591 1753 628; x_wconf 82' lang='lat' dir='ltr'><strong>conten-</strong></span> 
     </span>
    </p>
   </div>
   <div class='ocr_carea' id='block_1_27' title="bbox 930 634 1750 676">
    <p class='ocr_par' dir='ltr' id='par_1_27' title="bbox 930 634 1750 676">
     <span class='ocr_line' id='line_1_27' title="bbox 930 634 1750 676; baseline 0.01 -11"><span class='ocrx_word' id='word_1_168' title='bbox 930 634 1032 676; x_wconf 91' lang='lat' dir='ltr'><strong>ditque</strong></span> <span class='ocrx_word' id='word_1_169' title='bbox 1040 636 1225 668; x_wconf 81' lang='lat' dir='ltr'><strong>divinitatem</strong></span> <span class='ocrx_word' id='word_1_170' title='bbox 1238 638 1374 670; x_wconf 79' lang='lat' dir='ltr'><strong>suﬁicere</strong></span> <span class='ocrx_word' id='word_1_171' title='bbox 1385 638 1450 670; x_wconf 90' lang='lat' dir='ltr'><strong>loco</strong></span> <span class='ocrx_word' id='word_1_172' title='bbox 1459 634 1566 671; x_wconf 57' lang='lat' dir='ltr'><strong>anima;</strong></span> <span class='ocrx_word' id='word_1_173' title='bbox 1579 634 1617 672; x_wconf 32' lang='lat' dir='ltr'><strong>ac.</strong></span> <span class='ocrx_word' id='word_1_174' title='bbox 1631 642 1750 673; x_wconf 85' lang='lat' dir='ltr'><strong>mentis.</strong></span> 
     </span>
    </p>
   </div>
   <div class='ocr_carea' id='block_1_28' title="bbox 930 678 1753 724">
    <p class='ocr_par' dir='ltr' id='par_1_28' title="bbox 930 678 1753 724">
     <span class='ocr_line' id='line_1_28' title="bbox 930 678 1753 724; baseline 0.01 -14"><span class='ocrx_word' id='word_1_175' title='bbox 930 678 1003 710; x_wconf 93' lang='lat' dir='ltr'><strong>Item</strong></span> <span class='ocrx_word' id='word_1_176' title='bbox 1018 681 1068 721; x_wconf 90' lang='lat' dir='ltr'><strong>qui</strong></span> <span class='ocrx_word' id='word_1_177' title='bbox 1084 684 1191 722; x_wconf 79' lang='lat' dir='ltr'><strong>azymis</strong></span> <span class='ocrx_word' id='word_1_178' title='bbox 1206 683 1236 713; x_wconf 94' lang='lat' dir='ltr'><strong>in</strong></span> <span class='ocrx_word' id='word_1_179' title='bbox 1263 682 1353 714; x_wconf 88' lang='lat' dir='ltr'><strong>missa</strong></span> <span class='ocrx_word' id='word_1_180' title='bbox 1379 687 1512 724; x_wconf 86' lang='lat' dir='ltr'><strong>utuntur,</strong></span> <span class='ocrx_word' id='word_1_181' title='bbox 1532 695 1652 717; x_wconf 89' lang='lat' dir='ltr'><strong>cornem</strong></span> <span class='ocrx_word' id='word_1_182' title='bbox 1670 696 1753 718; x_wconf 91' lang='lat' dir='ltr'><strong>mor-</strong></span> 
     </span>
    </p>
   </div>
   <div class='ocr_carea' id='block_1_29' title="bbox 932 727 1750 762">
    <p class='ocr_par' dir='ltr' id='par_1_29' title="bbox 932 727 1750 762">
     <span class='ocr_line' id='line_1_29' title="bbox 932 727 1750 762; baseline 0.009 -7"><span class='ocrx_word' id='word_1_183' title='bbox 932 728 1022 762; x_wconf 83' lang='lat' dir='ltr'><strong>tuam,</strong></span> <span class='ocrx_word' id='word_1_184' title='bbox 1040 735 1099 757; x_wconf 88' lang='lat' dir='ltr'><strong>non</strong></span> <span class='ocrx_word' id='word_1_185' title='bbox 1114 730 1211 757; x_wconf 88' lang='lat' dir='ltr'><strong>autem</strong></span> <span class='ocrx_word' id='word_1_186' title='bbox 1228 727 1374 758; x_wconf 81' lang='lat' dir='ltr'><strong>viventem</strong></span> <span class='ocrx_word' id='word_1_187' title='bbox 1404 729 1542 761; x_wconf 81' lang='lat' dir='ltr'><strong>oﬁ‘erunt.</strong></span> <span class='ocrx_word' id='word_1_188' title='bbox 1560 731 1750 762; x_wconf 88' lang='lat' dir='ltr'><strong>Fermentum</strong></span> 
     </span>
    </p>
   </div>
   <div class='ocr_carea' id='block_1_30' title="bbox 932 771 1751 815">
    <p class='ocr_par' dir='ltr' id='par_1_30' title="bbox 932 771 1751 815">
     <span class='ocr_line' id='line_1_30' title="bbox 932 771 1751 815; baseline 0.01 -16"><span class='ocrx_word' id='word_1_189' title='bbox 932 778 1059 810; x_wconf 90' lang='lat' dir='ltr'><strong>namque</strong></span> <span class='ocrx_word' id='word_1_190' title='bbox 1075 780 1128 811; x_wconf 88' lang='lat' dir='ltr'><strong>pro</strong></span> <span class='ocrx_word' id='word_1_191' title='bbox 1143 771 1242 802; x_wconf 83' lang='lat' dir='ltr'><strong>anima</strong></span> <span class='ocrx_word' id='word_1_192' title='bbox 1257 772 1290 802; x_wconf 92' lang='lat' dir='ltr'><strong>ﬁt</strong></span> <span class='ocrx_word' id='word_1_193' title='bbox 1305 781 1421 814; x_wconf 82' lang='lat' dir='ltr'><strong>massae,</strong></span> <span class='ocrx_word' id='word_1_194' title='bbox 1449 778 1477 804; x_wconf 92' lang='lat' dir='ltr'><strong>et</strong></span> <span class='ocrx_word' id='word_1_195' title='bbox 1493 774 1536 805; x_wconf 86' lang='lat' dir='ltr'><strong>sal</strong></span> <span class='ocrx_word' id='word_1_196' title='bbox 1552 783 1604 815; x_wconf 88' lang='lat' dir='ltr'><strong>pro</strong></span> <span class='ocrx_word' id='word_1_197' title='bbox 1626 780 1726 807; x_wconf 82' lang='lat' dir='ltr'><strong>mente</strong></span> <span class='ocrx_word' id='word_1_198' title='bbox 1743 786 1751 806; x_wconf 94' lang='lat'><strong>:</strong></span> 
     </span>
    </p>
   </div>
   <div class='ocr_carea' id='block_1_31' title="bbox 931 814 1755 858">
    <p class='ocr_par' dir='ltr' id='par_1_31' title="bbox 931 814 1755 858">
     <span class='ocr_line' id='line_1_31' title="bbox 931 814 1755 858; baseline 0.008 -14"><span class='ocrx_word' id='word_1_199' title='bbox 931 814 1039 853; x_wconf 90' lang='lat' dir='ltr'><strong>quibus</strong></span> <span class='ocrx_word' id='word_1_200' title='bbox 1054 825 1186 856; x_wconf 81' lang='lat' dir='ltr'><strong>azymum</strong></span> <span class='ocrx_word' id='word_1_201' title='bbox 1203 826 1270 846; x_wconf 82' lang='lat' dir='ltr'><strong>cum</strong></span> <span class='ocrx_word' id='word_1_202' title='bbox 1285 822 1394 855; x_wconf 84' lang='lat' dir='ltr'><strong>careat,</strong></span> <span class='ocrx_word' id='word_1_203' title='bbox 1418 828 1475 858; x_wconf 77' lang='lat' dir='ltr'><strong>qua</strong></span> <span class='ocrx_word' id='word_1_204' title='bbox 1491 814 1606 850; x_wconf 81' lang='lat' dir='ltr'><strong>ratione</strong></span> <span class='ocrx_word' id='word_1_205' title='bbox 1623 829 1681 851; x_wconf 92' lang='lat' dir='ltr'><strong>non</strong></span> <span class='ocrx_word' id='word_1_206' title='bbox 1698 820 1755 851; x_wconf 90' lang='lat' dir='ltr'><strong>erit</strong></span> 
     </span>
    </p>
   </div>
   <div class='ocr_carea' id='block_1_32' title="bbox 931 859 1754 903">
    <p class='ocr_par' dir='ltr' id='par_1_32' title="bbox 931 859 1754 903">
     <span class='ocr_line' id='line_1_32' title="bbox 931 859 1754 903; baseline 0.01 -15"><span class='ocrx_word' id='word_1_207' title='bbox 931 859 1137 898; x_wconf 80' lang='lat' dir='ltr'><strong>inanimatuin,</strong></span> <span class='ocrx_word' id='word_1_208' title='bbox 1156 865 1318 898; x_wconf 91' lang='lat' dir='ltr'><strong>mortuum,</strong></span> <span class='ocrx_word' id='word_1_209' title='bbox 1350 862 1474 903; x_wconf 91' lang='lat' dir='ltr'><strong>ipsaque</strong></span> <span class='ocrx_word' id='word_1_210' title='bbox 1490 873 1522 894; x_wconf 91' lang='lat' dir='ltr'><strong>re</strong></span> <span class='ocrx_word' id='word_1_211' title='bbox 1539 864 1724 895; x_wconf 83' lang='lat' dir='ltr'><strong>mortiferum</strong></span> <span class='ocrx_word' id='word_1_212' title='bbox 1741 865 1754 896; x_wconf 77' lang='grc' dir='ltr'>Υ</span> 
     </span>
    </p>
   </div>
   <div class='ocr_carea' id='block_1_33' title="bbox 930 903 1757 950">
    <p class='ocr_par' dir='ltr' id='par_1_33' title="bbox 930 903 1757 950">
     <span class='ocr_line' id='line_1_33' title="bbox 930 903 1757 950; baseline 0.008 -17"><span class='ocrx_word' id='word_1_213' title='bbox 930 903 1046 950; x_wconf 70' lang='lat' dir='ltr'><strong>Etenim</strong></span> <span class='ocrx_word' id='word_1_214' title='bbox 1062 904 1206 935; x_wconf 68' lang='lat' dir='ltr'><strong>Dominus</strong></span> <span class='ocrx_word' id='word_1_215' title='bbox 1232 910 1334 936; x_wconf 87' lang='lat' dir='ltr'><strong>noster</strong></span> <span class='ocrx_word' id='word_1_216' title='bbox 1353 907 1438 938; x_wconf 90' lang='lat' dir='ltr'><strong>Jesus</strong></span> <span class='ocrx_word' id='word_1_217' title='bbox 1460 907 1592 939; x_wconf 87' lang='lat' dir='ltr'><strong>Christus</strong></span> <span class='ocrx_word' id='word_1_218' title='bbox 1608 909 1757 950; x_wconf 81' lang='lat' dir='ltr'><strong>perfectus</strong></span> 
     </span>
    </p>
   </div>
   <div class='ocr_carea' id='block_1_34' title="bbox 60 947 873 992">
    <p class='ocr_par' dir='ltr' id='par_1_34' title="bbox 60 950 873 992">
     <span class='ocr_line' id='line_1_34' title="bbox 60 950 873 992; baseline -0.001 -12"><span class='ocrx_word' id='word_1_219' title='bbox 60 953 178 989; x_wconf 77' lang='grc' dir='ltr'>θρωπος,</span> <span class='ocrx_word' id='word_1_220' title='bbox 199 950 306 983; x_wconf 78' lang='grc' dir='ltr'><strong>διπλοῦς</strong></span> <span class='ocrx_word' id='word_1_221' title='bbox 322 952 371 980; x_wconf 52' lang='grc' dir='ltr'>τὶν</span> <span class='ocrx_word' id='word_1_222' title='bbox 395 953 481 992; x_wconf 67' lang='grc' dir='ltr'>φύσιν,</span> <span class='ocrx_word' id='word_1_223' title='bbox 511 951 570 981; x_wconf 82' lang='grc' dir='ltr'>ἀλλ’</span> <span class='ocrx_word' id='word_1_224' title='bbox 599 954 629 980; x_wconf 76' lang='grc' dir='ltr'>οὒ</span> <span class='ocrx_word' id='word_1_225' title='bbox 655 953 704 986; x_wconf 80' lang='grc' dir='ltr'><strong>τὴν</strong></span> <span class='ocrx_word' id='word_1_226' title='bbox 732 953 873 980; x_wconf 80' lang='grc' dir='ltr'>ὒποστασιν</span> 
     </span>
    </p>
   </div>
   <div class='ocr_carea' id='block_1_35' title="bbox 945 947 1755 992">
    <p class='ocr_par' dir='ltr' id='par_1_35' title="bbox 945 947 1755 992">
     <span class='ocr_line' id='line_1_35' title="bbox 945 947 1755 992; baseline 0.009 -14"><span class='ocrx_word' id='word_1_227' title='bbox 945 948 1010 978; x_wconf 84' lang='lat' dir='ltr'><strong>)eus</strong></span> <span class='ocrx_word' id='word_1_228' title='bbox 1025 952 1054 978; x_wconf 89' lang='lat' dir='ltr'><strong>et</strong></span> <span class='ocrx_word' id='word_1_229' title='bbox 1068 950 1216 989; x_wconf 79' lang='lat' dir='ltr'><strong>perfectus</strong></span> <span class='ocrx_word' id='word_1_230' title='bbox 1247 950 1350 991; x_wconf 88' lang='lat' dir='ltr'><strong>homo,</strong></span> <span class='ocrx_word' id='word_1_231' title='bbox 1380 951 1488 992; x_wconf 87' lang='lat' dir='ltr'><strong>duplex</strong></span> <span class='ocrx_word' id='word_1_232' title='bbox 1511 947 1627 991; x_wconf 78' lang='lat' dir='ltr'><strong>natura,</strong></span> <span class='ocrx_word' id='word_1_233' title='bbox 1654 958 1683 984; x_wconf 91' lang='lat' dir='ltr'><strong>at</strong></span> <span class='ocrx_word' id='word_1_234' title='bbox 1696 963 1755 985; x_wconf 92' lang='lat' dir='ltr'><strong>non</strong></span> 
     </span>
    </p>
   </div>
   <div class='ocr_carea' id='block_1_36' title="bbox 61 995 888 1036">
    <p class='ocr_par' dir='ltr' id='par_1_36' title="bbox 61 995 888 1036">
     <span class='ocr_line' id='line_1_36' title="bbox 61 995 888 1036; baseline 0 -13"><span class='ocrx_word' id='word_1_235' title='bbox 61 1000 142 1034; x_wconf 83' lang='grc' dir='ltr'>σῶμα</span> <span class='ocrx_word' id='word_1_236' title='bbox 169 995 292 1036; x_wconf 76' lang='grc' dir='ltr'>ἔμψυχόν</span> <span class='ocrx_word' id='word_1_237' title='bbox 327 1007 356 1024; x_wconf 78' lang='grc' dir='ltr'><strong>τε</strong></span> <span class='ocrx_word' id='word_1_238' title='bbox 384 998 428 1024; x_wconf 85' lang='grc' dir='ltr'><strong>καὶ</strong></span> <span class='ocrx_word' id='word_1_239' title='bbox 456 996 542 1025; x_wconf 83' lang='grc' dir='ltr'>ἔννουν</span> <span class='ocrx_word' id='word_1_240' title='bbox 569 997 599 1024; x_wconf 79' lang='grc' dir='ltr'>ἐκ</span> <span class='ocrx_word' id='word_1_241' title='bbox 626 999 676 1030; x_wconf 78' lang='grc' dir='ltr'>τῆς</span> <span class='ocrx_word' id='word_1_242' title='bbox 706 995 888 1036; x_wconf 77' lang='grc' dir='ltr'>Ἀειπαρθένου</span> 
     </span>
    </p>
   </div>
   <div class='ocr_carea' id='block_1_37' title="bbox 59 1039 887 1080">
    <p class='ocr_par' dir='ltr' id='par_1_37' title="bbox 59 1039 887 1080">
     <span class='ocr_line' id='line_1_37' title="bbox 59 1039 887 1080; baseline 0 -12"><span class='ocrx_word' id='word_1_243' title='bbox 59 1039 291 1080; x_wconf 73' lang='grc' dir='ltr'><strong>προσλαϐόμενος⁷</strong></span> <span class='ocrx_word' id='word_1_244' title='bbox 322 1040 364 1069; x_wconf 82' lang='grc' dir='ltr'><strong>διὰ</strong></span> <span class='ocrx_word' id='word_1_245' title='bbox 391 1040 492 1070; x_wconf 84' lang='grc' dir='ltr'>τελείου</span> <span class='ocrx_word' id='word_1_246' title='bbox 523 1041 600 1080; x_wconf 72' lang='grc' dir='ltr'>ἄρτου</span> <span class='ocrx_word' id='word_1_247' title='bbox 629 1042 737 1073; x_wconf 79' lang='grc' dir='ltr'>εἰκότως</span> <span class='ocrx_word' id='word_1_248' title='bbox 753 1040 887 1080; x_wconf 78' lang='grc' dir='ltr'>παρέδωκε</span> 
     </span>
    </p>
   </div>
   <div class='ocr_carea' id='block_1_38' title="bbox 59 1085 887 1125">
    <p class='ocr_par' dir='ltr' id='par_1_38' title="bbox 59 1085 887 1125">
     <span class='ocr_line' id='line_1_38' title="bbox 59 1085 887 1125; baseline 0 -12"><span class='ocrx_word' id='word_1_249' title='bbox 59 1087 91 1113; x_wconf 83' lang='grc' dir='ltr'>τὸ</span> <span class='ocrx_word' id='word_1_250' title='bbox 127 1088 176 1119; x_wconf 82' lang='grc' dir='ltr'>τῆς</span> <span class='ocrx_word' id='word_1_251' title='bbox 221 1088 316 1119; x_wconf 82' lang='grc' dir='ltr'>καινῆς</span> <span class='ocrx_word' id='word_1_252' title='bbox 355 1086 488 1120; x_wconf 79' lang='grc' dir='ltr'>Διαθήκης</span> <span class='ocrx_word' id='word_1_253' title='bbox 531 1087 673 1125; x_wconf 81' lang='grc' dir='ltr'>μυστήριον</span> <span class='ocrx_word' id='word_1_254' title='bbox 690 1094 697 1100; x_wconf 92' lang='grc'>·</span> <span class='ocrx_word' id='word_1_255' title='bbox 741 1085 887 1124; x_wconf 65' lang='grc' dir='ltr'>εὐλογήσας</span> 
     </span>
    </p>
   </div>
   <div class='ocr_carea' id='block_1_39' title="bbox 60 1129 884 1171">
    <p class='ocr_par' dir='ltr' id='par_1_39' title="bbox 60 1129 884 1171">
     <span class='ocr_line' id='line_1_39' title="bbox 60 1129 884 1171; baseline -0.001 -13"><span class='ocrx_word' id='word_1_256' title='bbox 60 1130 153 1168; x_wconf 66' lang='grc' dir='ltr'>αὐτὸν,</span> <span class='ocrx_word' id='word_1_257' title='bbox 175 1131 219 1158; x_wconf 80' lang='grc' dir='ltr'><strong>καὶ</strong></span> <span class='ocrx_word' id='word_1_258' title='bbox 240 1129 353 1166; x_wconf 82' lang='grc' dir='ltr'>κλάσας,</span> <span class='ocrx_word' id='word_1_259' title='bbox 376 1131 420 1158; x_wconf 84' lang='grc' dir='ltr'><strong>καὶ</strong></span> <span class='ocrx_word' id='word_1_260' title='bbox 448 1130 539 1171; x_wconf 78' lang='grc' dir='ltr'><strong>εἰπὼν⁷</strong></span> <span class='ocrx_word' id='word_1_261' title='bbox 557 1142 571 1159; x_wconf 70' lang='grc' dir='ltr'>ι</span> <span class='ocrx_word' id='word_1_262' title='bbox 589 1129 701 1170; x_wconf 74' lang='grc' dir='ltr'>Λάϐετε,</span> <span class='ocrx_word' id='word_1_263' title='bbox 724 1130 820 1170; x_wconf 70' lang='grc' dir='ltr'>φάγετε</span> <span class='ocrx_word' id='word_1_264' title='bbox 838 1138 845 1146; x_wconf 89' lang='grc'><em>’</em></span> <span class='ocrx_word' id='word_1_265' title='bbox 870 1141 884 1157; x_wconf 73' lang='grc' dir='ltr'>ι</span> 
     </span>
    </p>
   </div>
   <div class='ocr_carea' id='block_1_40' title="bbox 59 1174 888 1215">
    <p class='ocr_par' dir='ltr' id='par_1_40' title="bbox 59 1174 888 1215">
     <span class='ocr_line' id='line_1_40' title="bbox 59 1174 888 1215; baseline 0 -13"><span class='ocrx_word' id='word_1_266' title='bbox 59 1175 90 1207; x_wconf 80' lang='grc' dir='ltr'><strong>ὅς</strong></span> <span class='ocrx_word' id='word_1_267' title='bbox 119 1174 191 1202; x_wconf 79' lang='grc' dir='ltr'>ἐστιν</span> <span class='ocrx_word' id='word_1_268' title='bbox 219 1176 233 1203; x_wconf 82' lang='grc' dir='ltr'><strong>ὁ</strong></span> <span class='ocrx_word' id='word_1_269' title='bbox 262 1174 413 1215; x_wconf 75' lang='grc' dir='ltr'>ἐπουράνιος</span> <span class='ocrx_word' id='word_1_270' title='bbox 442 1175 519 1215; x_wconf 76' lang='grc' dir='ltr'>ἄρτος</span> <span class='ocrx_word' id='word_1_271' title='bbox 548 1176 591 1204; x_wconf 84' lang='grc' dir='ltr'>καὶ</span> <span class='ocrx_word' id='word_1_272' title='bbox 619 1177 729 1211; x_wconf 78' lang='grc' dir='ltr'>ζωτικὸς</span> <span class='ocrx_word' id='word_1_273' title='bbox 759 1175 802 1203; x_wconf 88' lang='grc' dir='ltr'>καὶ</span> <span class='ocrx_word' id='word_1_274' title='bbox 816 1175 888 1210; x_wconf 78' lang='grc' dir='ltr'>ζωὴν</span> 
     </span>
    </p>
   </div>
   <div class='ocr_carea' id='block_1_41' title="bbox 59 1219 887 1259">
    <p class='ocr_par' dir='ltr' id='par_1_41' title="bbox 59 1219 887 1259">
     <span class='ocr_line' id='line_1_41' title="bbox 59 1219 887 1259; baseline 0.001 -12"><span class='ocrx_word' id='word_1_275' title='bbox 59 1219 144 1251; x_wconf 79' lang='grc' dir='ltr'>διδοὺς</span> <span class='ocrx_word' id='word_1_276' title='bbox 186 1226 244 1252; x_wconf 70' lang='grc' dir='ltr'>τοῖς</span> <span class='ocrx_word' id='word_1_277' title='bbox 286 1219 411 1248; x_wconf 73' lang='grc' dir='ltr'>ἐσθίουσιν</span> <span class='ocrx_word' id='word_1_278' title='bbox 447 1220 525 1248; x_wconf 71' lang='grc' dir='ltr'>αὖτόν</span> <span class='ocrx_word' id='word_1_279' title='bbox 547 1229 557 1238; x_wconf 92' lang='grc'><strong>·</strong></span> <span class='ocrx_word' id='word_1_280' title='bbox 599 1220 686 1251; x_wconf 82' lang='grc' dir='ltr'>καθὼς</span> <span class='ocrx_word' id='word_1_281' title='bbox 728 1221 742 1248; x_wconf 82' lang='grc' dir='ltr'>ὁ</span> <span class='ocrx_word' id='word_1_282' title='bbox 776 1220 887 1259; x_wconf 75' lang='grc' dir='ltr'>Χρσιτὸς</span> 
     </span>
    </p>
   </div>
   <div class='ocr_carea' id='block_1_42' title="bbox 59 1260 888 1304">
    <p class='ocr_par' dir='ltr' id='par_1_42' title="bbox 59 1260 888 1304">
     <span class='ocr_line' id='line_1_42' title="bbox 59 1260 888 1304; baseline 0 -12"><span class='ocrx_word' id='word_1_283' title='bbox 59 1264 240 1304; x_wconf 72' lang='grc' dir='ltr'><strong>ἐπηγγείλατο</strong></span> <span class='ocrx_word' id='word_1_284' title='bbox 255 1264 339 1304; x_wconf 82' lang='grc' dir='ltr'>λέγων</span> <span class='ocrx_word' id='word_1_285' title='bbox 357 1272 364 1279; x_wconf 92' lang='lat'>&#39;</span> <span class='ocrx_word' id='word_1_286' title='bbox 394 1274 406 1294; x_wconf 73' lang='grc' dir='ltr'>ι</span> <span class='ocrx_word' id='word_1_287' title='bbox 439 1260 467 1293; x_wconf 55' lang='grc' dir='ltr'>Ὀ</span> <span class='ocrx_word' id='word_1_288' title='bbox 491 1265 600 1304; x_wconf 80' lang='grc' dir='ltr'>τρώγων</span> <span class='ocrx_word' id='word_1_289' title='bbox 618 1276 666 1302; x_wconf 85' lang='grc' dir='ltr'><strong>μου</strong></span> <span class='ocrx_word' id='word_1_290' title='bbox 683 1265 732 1298; x_wconf 74' lang='grc' dir='ltr'><strong>τὴν</strong></span> <span class='ocrx_word' id='word_1_291' title='bbox 747 1264 830 1304; x_wconf 77' lang='grc' dir='ltr'>σάρκα</span> <span class='ocrx_word' id='word_1_292' title='bbox 845 1265 888 1292; x_wconf 87' lang='grc' dir='ltr'>καὶ</span> 
     </span>
    </p>
   </div>
   <div class='ocr_carea' id='block_1_43' title="bbox 58 1309 812 1348">
    <p class='ocr_par' dir='ltr' id='par_1_43' title="bbox 58 1309 812 1348">
     <span class='ocr_line' id='line_1_43' title="bbox 58 1309 812 1348; baseline -0.003 -10"><span class='ocrx_word' id='word_1_293' title='bbox 58 1309 142 1338; x_wconf 83' lang='grc' dir='ltr'>πίνων</span> <span class='ocrx_word' id='word_1_294' title='bbox 158 1320 210 1348; x_wconf 87' lang='grc' dir='ltr'><strong>μου</strong></span> <span class='ocrx_word' id='word_1_295' title='bbox 222 1310 252 1337; x_wconf 77' lang='grc' dir='ltr'>τὸ</span> <span class='ocrx_word' id='word_1_296' title='bbox 267 1311 336 1347; x_wconf 86' lang='grc' dir='ltr'>αἷμα</span> <span class='ocrx_word' id='word_1_297' title='bbox 351 1309 377 1337; x_wconf 77' lang='grc' dir='ltr'>ἐν</span> <span class='ocrx_word' id='word_1_298' title='bbox 393 1309 451 1347; x_wconf 83' lang='grc' dir='ltr'>ἐμοὶ</span> <span class='ocrx_word' id='word_1_299' title='bbox 467 1309 549 1347; x_wconf 83' lang='grc' dir='ltr'>μένει,</span> <span class='ocrx_word' id='word_1_300' title='bbox 566 1309 641 1348; x_wconf 70' lang='grc' dir='ltr'><strong>κάγὼ</strong></span> <span class='ocrx_word' id='word_1_301' title='bbox 657 1309 684 1336; x_wconf 79' lang='grc' dir='ltr'>ἐν</span> <span class='ocrx_word' id='word_1_302' title='bbox 699 1311 780 1346; x_wconf 68' lang='grc' dir='ltr'>αὐτῷ,</span> <span class='ocrx_word' id='word_1_303' title='bbox 800 1319 812 1338; x_wconf 70' lang='grc' dir='ltr'><strong>ο</strong></span> 
     </span>
    </p>
   </div>
   <div class='ocr_carea' id='block_1_44' title="bbox 101 1349 889 1394">
    <p class='ocr_par' dir='ltr' id='par_1_44' title="bbox 101 1349 889 1394">
     <span class='ocr_line' id='line_1_44' title="bbox 101 1349 889 1394; baseline -0.003 -12"><span class='ocrx_word' id='word_1_304' title='bbox 101 1349 155 1384; x_wconf 79' lang='grc' dir='ltr'>κδ’.</span> <span class='ocrx_word' id='word_1_305' title='bbox 186 1355 216 1383; x_wconf 83' lang='grc' dir='ltr'><strong>Εἰ</strong></span> <span class='ocrx_word' id='word_1_306' title='bbox 238 1353 265 1382; x_wconf 72' lang='grc' dir='ltr'>δὲ</span> <span class='ocrx_word' id='word_1_307' title='bbox 294 1355 338 1382; x_wconf 85' lang='grc' dir='ltr'><strong>καὶ</strong></span> <span class='ocrx_word' id='word_1_308' title='bbox 359 1355 424 1394; x_wconf 81' lang='grc' dir='ltr'>πρὸς</span> <span class='ocrx_word' id='word_1_309' title='bbox 452 1355 501 1388; x_wconf 83' lang='grc' dir='ltr'><strong>τὴν</strong></span> <span class='ocrx_word' id='word_1_310' title='bbox 528 1357 581 1382; x_wconf 84' lang='grc' dir='ltr'>τῶν</span> <span class='ocrx_word' id='word_1_311' title='bbox 611 1353 755 1393; x_wconf 75' lang='grc' dir='ltr'>εἰρημένων</span> <span class='ocrx_word' id='word_1_312' title='bbox 782 1351 889 1390; x_wconf 86' lang='grc' dir='ltr'>δύναμιν</span> 
     </span>
    </p>
   </div>
   <div class='ocr_carea' id='block_1_45' title="bbox 59 1397 888 1438">
    <p class='ocr_par' dir='ltr' id='par_1_45' title="bbox 59 1397 888 1438">
     <span class='ocr_line' id='line_1_45' title="bbox 59 1397 888 1438; baseline -0.002 -12"><span class='ocrx_word' id='word_1_313' title='bbox 59 1397 286 1438; x_wconf 74' lang='grc' dir='ltr'>δυσανασχετεϊτε</span> <span class='ocrx_word' id='word_1_314' title='bbox 334 1399 378 1426; x_wconf 88' lang='grc' dir='ltr'><strong>καὶ</strong></span> <span class='ocrx_word' id='word_1_315' title='bbox 420 1398 574 1438; x_wconf 76' lang='grc' dir='ltr'>φιλονείκως</span> <span class='ocrx_word' id='word_1_316' title='bbox 618 1397 690 1438; x_wconf 81' lang='grc' dir='ltr'><strong>[ΑΙΙ.</strong></span> <span class='ocrx_word' id='word_1_317' title='bbox 733 1397 888 1438; x_wconf 76' lang='grc' dir='ltr'>φιλονίκως]</span> 
     </span>
    </p>
   </div>
   <div class='ocr_carea' id='block_1_46' title="bbox 60 1441 887 1482">
    <p class='ocr_par' dir='ltr' id='par_1_46' title="bbox 60 1441 887 1482">
     <span class='ocr_line' id='line_1_46' title="bbox 60 1441 887 1482; baseline -0.002 -11"><span class='ocrx_word' id='word_1_318' title='bbox 60 1442 233 1482; x_wconf 69' lang='grc' dir='ltr'>διενίστασθε,</span> <span class='ocrx_word' id='word_1_319' title='bbox 264 1443 334 1482; x_wconf 79' lang='grc' dir='ltr'>παρὰ</span> <span class='ocrx_word' id='word_1_320' title='bbox 372 1446 425 1471; x_wconf 86' lang='grc' dir='ltr'>τῶν</span> <span class='ocrx_word' id='word_1_321' title='bbox 461 1443 541 1482; x_wconf 84' lang='grc' dir='ltr'>ἁγίων</span> <span class='ocrx_word' id='word_1_322' title='bbox 582 1441 705 1482; x_wconf 79' lang='grc' dir='ltr'>λέγοντες</span> <span class='ocrx_word' id='word_1_323' title='bbox 733 1441 887 1470; x_wconf 74' lang='grc' dir='ltr'>ἀποστόλων</span> 
     </span>
    </p>
   </div>
   <div class='ocr_carea' id='block_1_47' title="bbox 60 1486 887 1530">
    <p class='ocr_par' dir='ltr' id='par_1_47' title="bbox 60 1486 887 1530">
     <span class='ocr_line' id='line_1_47' title="bbox 60 1486 887 1530; baseline -0.002 -14"><span class='ocrx_word' id='word_1_324' title='bbox 60 1487 163 1528; x_wconf 83' lang='grc' dir='ltr'>Πέτρου</span> <span class='ocrx_word' id='word_1_325' title='bbox 191 1488 236 1516; x_wconf 79' lang='grc' dir='ltr'><strong>καὶ</strong></span> <span class='ocrx_word' id='word_1_326' title='bbox 276 1488 380 1516; x_wconf 84' lang='grc' dir='ltr'>Παύλου</span> <span class='ocrx_word' id='word_1_327' title='bbox 422 1488 471 1522; x_wconf 75' lang='grc' dir='ltr'>τὴν</span> <span class='ocrx_word' id='word_1_328' title='bbox 512 1491 564 1516; x_wconf 84' lang='grc' dir='ltr'><strong>τῶν</strong></span> <span class='ocrx_word' id='word_1_329' title='bbox 598 1487 710 1530; x_wconf 35' lang='grc' dir='ltr'>’ἀζύμων</span> <span class='ocrx_word' id='word_1_330' title='bbox 745 1486 887 1526; x_wconf 76' lang='grc' dir='ltr'>παράδοσιν</span> 
     </span>
    </p>
   </div>
   <div class='ocr_carea' id='block_1_48' title="bbox 58 1531 888 1572">
    <p class='ocr_par' dir='ltr' id='par_1_48' title="bbox 58 1531 888 1572">
     <span class='ocr_line' id='line_1_48' title="bbox 58 1531 888 1572; baseline -0.002 -12"><span class='ocrx_word' id='word_1_331' title='bbox 58 1531 239 1572; x_wconf 69' lang='grc' dir='ltr'><strong>παραλαϐεῖν²</strong></span> <span class='ocrx_word' id='word_1_332' title='bbox 286 1533 467 1572; x_wconf 77' lang='grc' dir='ltr'>συνερχόμεθα</span> <span class='ocrx_word' id='word_1_333' title='bbox 502 1532 549 1561; x_wconf 81' lang='grc' dir='ltr'>κᾶν</span> <span class='ocrx_word' id='word_1_334' title='bbox 592 1532 676 1568; x_wconf 83' lang='grc' dir='ltr'>τούτῳ</span> <span class='ocrx_word' id='word_1_335' title='bbox 709 1535 743 1570; x_wconf 67' lang='grc' dir='ltr'>τῇ</span> <span class='ocrx_word' id='word_1_336' title='bbox 777 1531 888 1570; x_wconf 77' lang='grc' dir='ltr'><strong>ὑμετέρᾳ</strong></span> 
     </span>
    </p>
   </div>
   <div class='ocr_carea' id='block_1_49' title="bbox 58 1575 889 1616">
    <p class='ocr_par' dir='ltr' id='par_1_49' title="bbox 58 1575 889 1616">
     <span class='ocr_line' id='line_1_49' title="bbox 58 1575 889 1616; baseline -0.002 -12"><span class='ocrx_word' id='word_1_337' title='bbox 58 1576 234 1616; x_wconf 66' lang='grc' dir='ltr'>ἀδελιρότητι,</span> <span class='ocrx_word' id='word_1_338' title='bbox 257 1577 300 1605; x_wconf 86' lang='grc' dir='ltr'>καὶ</span> <span class='ocrx_word' id='word_1_339' title='bbox 329 1575 443 1614; x_wconf 77' lang='grc' dir='ltr'>δείξομεν</span> <span class='ocrx_word' id='word_1_340' title='bbox 473 1577 519 1604; x_wconf 81' lang='grc' dir='ltr'><strong>σὺν</strong></span> <span class='ocrx_word' id='word_1_341' title='bbox 547 1579 615 1616; x_wconf 64' lang='grc' dir='ltr'><strong>Θεῷ,</strong></span> <span class='ocrx_word' id='word_1_342' title='bbox 644 1576 703 1603; x_wconf 72' lang='grc' dir='ltr'>τινὰ</span> <span class='ocrx_word' id='word_1_343' title='bbox 737 1578 790 1603; x_wconf 83' lang='grc' dir='ltr'>τῶν</span> <span class='ocrx_word' id='word_1_344' title='bbox 818 1575 889 1614; x_wconf 73' lang='grc' dir='ltr'>παρὰ</span> 
     </span>
    </p>
   </div>
   <div class='ocr_carea' id='block_1_50' title="bbox 57 1619 887 1661">
    <p class='ocr_par' dir='ltr' id='par_1_50' title="bbox 57 1619 887 1661">
     <span class='ocr_line' id='line_1_50' title="bbox 57 1619 887 1661; baseline -0.002 -12"><span class='ocrx_word' id='word_1_345' title='bbox 57 1624 113 1649; x_wconf 78' lang='grc' dir='ltr'>τῶν</span> <span class='ocrx_word' id='word_1_346' title='bbox 150 1621 306 1649; x_wconf 80' lang='grc' dir='ltr'>ἀποστόλων</span> <span class='ocrx_word' id='word_1_347' title='bbox 341 1619 550 1661; x_wconf 78' lang='grc' dir='ltr'>παραδοθέντων,</span> <span class='ocrx_word' id='word_1_348' title='bbox 586 1619 629 1649; x_wconf 82' lang='grc' dir='ltr'><strong>ὑπ’</strong></span> <span class='ocrx_word' id='word_1_349' title='bbox 666 1620 771 1648; x_wconf 80' lang='grc' dir='ltr'>ἐκείνων</span> <span class='ocrx_word' id='word_1_350' title='bbox 806 1620 887 1648; x_wconf 68' lang='grc' dir='ltr'>αὐτῶν</span> 
     </span>
    </p>
   </div>
   <div class='ocr_carea' id='block_1_51' title="bbox 57 1664 888 1706">
    <p class='ocr_par' dir='ltr' id='par_1_51' title="bbox 57 1664 888 1706">
     <span class='ocr_line' id='line_1_51' title="bbox 57 1664 888 1706; baseline -0.004 -12"><span class='ocrx_word' id='word_1_351' title='bbox 57 1665 141 1695; x_wconf 80' lang='grc' dir='ltr'>πάλιν</span> <span class='ocrx_word' id='word_1_352' title='bbox 164 1664 334 1705; x_wconf 77' lang='grc' dir='ltr'>διορθωθέντα</span> <span class='ocrx_word' id='word_1_353' title='bbox 364 1665 434 1706; x_wconf 75' lang='grc' dir='ltr'><strong>[ΑΜ.</strong></span> <span class='ocrx_word' id='word_1_354' title='bbox 463 1665 638 1706; x_wconf 76' lang='grc' dir='ltr'>ἀναιρεθέντα]</span> <span class='ocrx_word' id='word_1_355' title='bbox 669 1666 713 1694; x_wconf 85' lang='grc' dir='ltr'><strong>καὶ</strong></span> <span class='ocrx_word' id='word_1_356' title='bbox 738 1675 888 1702; x_wconf 78' lang='grc' dir='ltr'>μεταποιη-</span> 
     </span>
    </p>
   </div>
   <div class='ocr_carea' id='block_1_52' title="bbox 56 1709 889 1751">
    <p class='ocr_par' dir='ltr' id='par_1_52' title="bbox 56 1709 889 1751">
     <span class='ocr_line' id='line_1_52' title="bbox 56 1709 889 1751; baseline -0.004 -12"><span class='ocrx_word' id='word_1_357' title='bbox 56 1710 137 1739; x_wconf 81' lang='grc' dir='ltr'>θέντα</span> <span class='ocrx_word' id='word_1_358' title='bbox 168 1712 232 1751; x_wconf 80' lang='grc' dir='ltr'>πρὸς</span> <span class='ocrx_word' id='word_1_359' title='bbox 263 1712 293 1739; x_wconf 75' lang='grc' dir='ltr'>τὸ</span> <span class='ocrx_word' id='word_1_360' title='bbox 323 1710 503 1751; x_wconf 70' lang='grc' dir='ltr'>εὐσεϐέστερον</span> <span class='ocrx_word' id='word_1_361' title='bbox 521 1721 528 1730; x_wconf 76' lang='grc'><strong><em>⁸</em></strong></span> <span class='ocrx_word' id='word_1_362' title='bbox 560 1713 605 1739; x_wconf 78' lang='grc' dir='ltr'>οἷα</span> <span class='ocrx_word' id='word_1_363' title='bbox 633 1713 682 1744; x_wconf 77' lang='grc' dir='ltr'>τῆς</span> <span class='ocrx_word' id='word_1_364' title='bbox 711 1710 747 1741; x_wconf 79' lang='grc' dir='ltr'>εἷς</span> <span class='ocrx_word' id='word_1_365' title='bbox 778 1709 889 1748; x_wconf 79' lang='grc' dir='ltr'>Χριστὸν</span> 
     </span>
    </p>
   </div>
   <div class='ocr_carea' id='block_1_53' title="bbox 57 1754 888 1796">
    <p class='ocr_par' dir='ltr' id='par_1_53' title="bbox 57 1754 888 1796">
     <span class='ocr_line' id='line_1_53' title="bbox 57 1754 888 1796; baseline -0.004 -12"><span class='ocrx_word' id='word_1_366' title='bbox 57 1756 176 1787; x_wconf 82' lang='grc' dir='ltr'>πίστεως</span> <span class='ocrx_word' id='word_1_367' title='bbox 205 1755 413 1796; x_wconf 71' lang='grc' dir='ltr'>κρατυνομένης,</span> <span class='ocrx_word' id='word_1_368' title='bbox 441 1757 485 1784; x_wconf 77' lang='grc' dir='ltr'><strong>καὶ</strong></span> <span class='ocrx_word' id='word_1_369' title='bbox 524 1759 572 1790; x_wconf 82' lang='grc' dir='ltr'>τῆς</span> <span class='ocrx_word' id='word_1_370' title='bbox 615 1754 774 1788; x_wconf 81' lang='grc' dir='ltr'>Ἐκκλησίας</span> <span class='ocrx_word' id='word_1_371' title='bbox 811 1756 888 1790; x_wconf 76' lang='grc' dir='ltr'>Θεοῦ,</span> 
     </span>
    </p>
   </div>
   <div class='ocr_carea' id='block_1_54' title="bbox 57 1798 889 1840">
    <p class='ocr_par' dir='ltr' id='par_1_54' title="bbox 57 1798 889 1840">
     <span class='ocr_line' id='line_1_54' title="bbox 57 1798 889 1840; baseline -0.002 -12"><span class='ocrx_word' id='word_1_372' title='bbox 57 1801 155 1840; x_wconf 75' lang='grc' dir='ltr'>χάριτι</span> <span class='ocrx_word' id='word_1_373' title='bbox 190 1800 380 1840; x_wconf 81' lang='grc' dir='ltr'>στερεουμένης</span> <span class='ocrx_word' id='word_1_374' title='bbox 422 1801 466 1828; x_wconf 80' lang='grc' dir='ltr'><strong>καὶ</strong></span> <span class='ocrx_word' id='word_1_375' title='bbox 510 1800 722 1838; x_wconf 81' lang='grc' dir='ltr'>πλατυνομένης.</span> <span class='ocrx_word' id='word_1_376' title='bbox 767 1799 815 1827; x_wconf 81' lang='grc' dir='ltr'><strong>Καὶ</strong></span> <span class='ocrx_word' id='word_1_377' title='bbox 859 1798 889 1826; x_wconf 73' lang='grc' dir='ltr'>τὸ</span> 
     </span>
    </p>
   </div>
   <div class='ocr_carea' id='block_1_55' title="bbox 57 1843 889 1885">
    <p class='ocr_par' dir='ltr' id='par_1_55' title="bbox 57 1843 889 1885">
     <span class='ocr_line' id='line_1_55' title="bbox 57 1843 889 1885; baseline -0.004 -13"><span class='ocrx_word' id='word_1_378' title='bbox 57 1843 202 1873; x_wconf 68' lang='grc' dir='ltr'>Σάϐϐατω</span> <span class='ocrx_word' id='word_1_379' title='bbox 231 1846 281 1885; x_wconf 76' lang='grc' dir='ltr'><strong>γὰρ</strong></span> <span class='ocrx_word' id='word_1_380' title='bbox 313 1845 362 1874; x_wconf 81' lang='grc' dir='ltr'>ἶσα</span> <span class='ocrx_word' id='word_1_381' title='bbox 392 1848 426 1884; x_wconf 79' lang='grc' dir='ltr'><strong>τῇ</strong></span> <span class='ocrx_word' id='word_1_382' title='bbox 452 1845 514 1884; x_wconf 77' lang='grc' dir='ltr'>ἁγίᾳ</span> <span class='ocrx_word' id='word_1_383' title='bbox 542 1848 659 1884; x_wconf 80' lang='grc' dir='ltr'>Κυριακῇ</span> <span class='ocrx_word' id='word_1_384' title='bbox 688 1843 889 1883; x_wconf 75' lang='grc' dir='ltr'>προσετάγημεν</span> 
     </span>
    </p>
   </div>
   <div class='ocr_carea' id='block_1_56' title="bbox 57 1887 889 1930">
    <p class='ocr_par' dir='ltr' id='par_1_56' title="bbox 57 1887 889 1930">
     <span class='ocr_line' id='line_1_56' title="bbox 57 1887 889 1930; baseline -0.004 -13"><span class='ocrx_word' id='word_1_385' title='bbox 57 1892 154 1927; x_wconf 79' lang='grc' dir='ltr'>τιμᾷν,</span> <span class='ocrx_word' id='word_1_386' title='bbox 186 1890 230 1918; x_wconf 86' lang='grc' dir='ltr'>καὶ</span> <span class='ocrx_word' id='word_1_387' title='bbox 257 1889 396 1930; x_wconf 61' lang='grc' dir='ltr'>φυλάττειν</span> <span class='ocrx_word' id='word_1_388' title='bbox 431 1890 475 1917; x_wconf 84' lang='grc' dir='ltr'><strong>καὶ</strong></span> <span class='ocrx_word' id='word_1_389' title='bbox 511 1889 593 1928; x_wconf 71' lang='grc' dir='ltr'>μηδὲν</span> <span class='ocrx_word' id='word_1_390' title='bbox 622 1888 649 1916; x_wconf 78' lang='grc' dir='ltr'>ἐν</span> <span class='ocrx_word' id='word_1_391' title='bbox 680 1888 751 1925; x_wconf 72' lang='grc' dir='ltr'>αύτῷ</span> <span class='ocrx_word' id='word_1_392' title='bbox 780 1887 889 1927; x_wconf 74' lang='grc' dir='ltr'>ἐργάζε-</span> 
     </span>
    </p>
   </div>
   <div class='ocr_carea' id='block_1_57' title="bbox 57 1931 889 1974">
    <p class='ocr_par' dir='ltr' id='par_1_57' title="bbox 57 1931 889 1974">
     <span class='ocr_line' id='line_1_57' title="bbox 57 1931 889 1974; baseline -0.005 -12"><span class='ocrx_word' id='word_1_393' title='bbox 57 1936 122 1962; x_wconf 84' lang='grc' dir='ltr'>σθαι</span> <span class='ocrx_word' id='word_1_394' title='bbox 141 1943 148 1951; x_wconf 85' lang='grc'><strong><em>⁸</em></strong></span> <span class='ocrx_word' id='word_1_395' title='bbox 178 1933 246 1962; x_wconf 78' lang='grc' dir='ltr'>ἀλλὰ</span> <span class='ocrx_word' id='word_1_396' title='bbox 273 1938 350 1963; x_wconf 78' lang='grc' dir='ltr'>τοῦτο</span> <span class='ocrx_word' id='word_1_397' title='bbox 378 1939 421 1964; x_wconf 81' lang='grc' dir='ltr'><strong>νῦν</strong></span> <span class='ocrx_word' id='word_1_398' title='bbox 453 1937 483 1964; x_wconf 65' lang='grc' dir='ltr'>οὗ</span> <span class='ocrx_word' id='word_1_399' title='bbox 511 1936 621 1974; x_wconf 80' lang='grc' dir='ltr'>γίνεται.</span> <span class='ocrx_word' id='word_1_400' title='bbox 652 1934 702 1963; x_wconf 79' lang='grc' dir='ltr'><strong>Καὶ</strong></span> <span class='ocrx_word' id='word_1_401' title='bbox 731 1932 828 1972; x_wconf 81' lang='grc' dir='ltr'>Πέτρος</span> <span class='ocrx_word' id='word_1_402' title='bbox 862 1931 889 1959; x_wconf 74' lang='grc' dir='ltr'><em>δὲ</em></span> 
     </span>
    </p>
   </div>
   <div class='ocr_carea' id='block_1_58' title="bbox 55 1977 890 2020">
    <p class='ocr_par' dir='ltr' id='par_1_58' title="bbox 55 1977 890 2020">
     <span class='ocr_line' id='line_1_58' title="bbox 55 1977 890 2020; baseline -0.008 -9"><span class='ocrx_word' id='word_1_403' title='bbox 55 1979 123 2010; x_wconf 73' lang='grc' dir='ltr'>τοὺς</span> <span class='ocrx_word' id='word_1_404' title='bbox 153 1978 179 2011; x_wconf 79' lang='grc' dir='ltr'><strong>ἐξ</strong></span> <span class='ocrx_word' id='word_1_405' title='bbox 204 1979 284 2008; x_wconf 79' lang='grc' dir='ltr'>ἐθνῶν</span> <span class='ocrx_word' id='word_1_406' title='bbox 314 1979 543 2020; x_wconf 76' lang='grc' dir='ltr'>προσερχομένους</span> <span class='ocrx_word' id='word_1_407' title='bbox 572 1982 606 2015; x_wconf 72' lang='grc' dir='ltr'>τῇ</span> <span class='ocrx_word' id='word_1_408' title='bbox 636 1978 777 2016; x_wconf 76' lang='grc' dir='ltr'>ἀμωμήτῳ</span> <span class='ocrx_word' id='word_1_409' title='bbox 804 1977 890 2006; x_wconf 80' lang='grc' dir='ltr'>πίστει</span> 
     </span>
    </p>
   </div>
   <div class='ocr_carea' id='block_1_59' title="bbox 54 2021 889 2064">
    <p class='ocr_par' dir='ltr' id='par_1_59' title="bbox 54 2021 889 2064">
     <span class='ocr_line' id='line_1_59' title="bbox 54 2021 889 2064; baseline -0.002 -13"><span class='ocrx_word' id='word_1_410' title='bbox 54 2027 113 2052; x_wconf 81' lang='grc' dir='ltr'>τῶν</span> <span class='ocrx_word' id='word_1_411' title='bbox 137 2026 313 2063; x_wconf 77' lang='grc' dir='ltr'>Χριστιανῶν,</span> <span class='ocrx_word' id='word_1_412' title='bbox 349 2025 380 2052; x_wconf 75' lang='grc' dir='ltr'>τὸ</span> <span class='ocrx_word' id='word_1_413' title='bbox 406 2028 511 2064; x_wconf 83' lang='grc' dir='ltr'>πρῶτον</span> <span class='ocrx_word' id='word_1_414' title='bbox 540 2024 704 2063; x_wconf 74' lang='grc' dir='ltr'><strong>περιέτεμνε⁷</strong></span> <span class='ocrx_word' id='word_1_415' title='bbox 735 2023 778 2051; x_wconf 79' lang='grc' dir='ltr'><strong>καὶ</strong></span> <span class='ocrx_word' id='word_1_416' title='bbox 806 2021 889 2053; x_wconf 60' lang='grc' dir='ltr'>οὕτως</span> 
     </span>
    </p>
   </div>
   <div class='ocr_carea' id='block_1_60' title="bbox 55 2067 888 2108">
    <p class='ocr_par' dir='ltr' id='par_1_60' title="bbox 55 2067 888 2108">
     <span class='ocr_line' id='line_1_60' title="bbox 55 2067 888 2108; baseline -0.002 -12"><span class='ocrx_word' id='word_1_417' title='bbox 55 2067 184 2104; x_wconf 75' lang='grc' dir='ltr'>ἒϐάπτιζε</span> <span class='ocrx_word' id='word_1_418' title='bbox 209 2067 270 2108; x_wconf 78' lang='grc'><strong>(31)</strong></span> <span class='ocrx_word' id='word_1_419' title='bbox 287 2079 294 2085; x_wconf 87' lang='lat'>&#39;</span> <span class='ocrx_word' id='word_1_420' title='bbox 326 2070 369 2097; x_wconf 86' lang='grc' dir='ltr'><strong>καὶ</strong></span> <span class='ocrx_word' id='word_1_421' title='bbox 398 2068 501 2100; x_wconf 81' lang='grc' dir='ltr'>Παῦλος</span> <span class='ocrx_word' id='word_1_422' title='bbox 531 2068 557 2097; x_wconf 74' lang='grc' dir='ltr'><strong>δὲ</strong></span> <span class='ocrx_word' id='word_1_423' title='bbox 586 2069 630 2096; x_wconf 81' lang='grc' dir='ltr'><strong>τὸν</strong></span> <span class='ocrx_word' id='word_1_424' title='bbox 663 2067 789 2105; x_wconf 81' lang='grc' dir='ltr'>Τιμόθεον</span> <span class='ocrx_word' id='word_1_425' title='bbox 810 2077 888 2106; x_wconf 91' lang='grc' dir='ltr'>περι-</span> 
     </span>
    </p>
   </div>
   <div class='ocr_carea' id='block_1_61' title="bbox 57 2111 888 2154">
    <p class='ocr_par' dir='ltr' id='par_1_61' title="bbox 57 2111 888 2154">
     <span class='ocr_line' id='line_1_61' title="bbox 57 2111 888 2154; baseline -0.002 -13"><span class='ocrx_word' id='word_1_426' title='bbox 57 2113 169 2151; x_wconf 80' lang='grc' dir='ltr'>έτεμεν.</span> <span class='ocrx_word' id='word_1_427' title='bbox 206 2111 290 2141; x_wconf 80' lang='grc' dir='ltr'>Ἀλλὰ</span> <span class='ocrx_word' id='word_1_428' title='bbox 322 2114 366 2141; x_wconf 86' lang='grc' dir='ltr'><strong>καὶ</strong></span> <span class='ocrx_word' id='word_1_429' title='bbox 401 2115 425 2142; x_wconf 77' lang='grc' dir='ltr'>οἱ</span> <span class='ocrx_word' id='word_1_430' title='bbox 449 2113 648 2154; x_wconf 81' lang='grc' dir='ltr'>κατηχούμενοι</span> <span class='ocrx_word' id='word_1_431' title='bbox 676 2118 888 2152; x_wconf 69' lang='grc' dir='ltr'>τριακονταετεῖς</span> 
     </span>
    </p>
   </div>
   <div class='ocr_carea' id='block_1_62' title="bbox 56 2156 888 2196">
    <p class='ocr_par' dir='ltr' id='par_1_62' title="bbox 56 2156 888 2196">
     <span class='ocr_line' id='line_1_62' title="bbox 56 2156 888 2196; baseline -0.001 -11"><span class='ocrx_word' id='word_1_432' title='bbox 56 2156 246 2193; x_wconf 72' lang='grc' dir='ltr'>ἐϐαπτίζοντο.</span> <span class='ocrx_word' id='word_1_433' title='bbox 277 2158 326 2187; x_wconf 78' lang='grc' dir='ltr'><strong>Καὶ</strong></span> <span class='ocrx_word' id='word_1_434' title='bbox 361 2157 442 2190; x_wconf 79' lang='grc' dir='ltr'>ἄλλας</span> <span class='ocrx_word' id='word_1_435' title='bbox 477 2159 550 2189; x_wconf 80' lang='grc' dir='ltr'>τινὰς</span> <span class='ocrx_word' id='word_1_436' title='bbox 591 2158 703 2196; x_wconf 75' lang='grc' dir='ltr'>νομικὰς</span> <span class='ocrx_word' id='word_1_437' title='bbox 730 2156 888 2196; x_wconf 69' lang='grc' dir='ltr'>παρατηρή-</span> 
     </span>
    </p>
   </div>
   <div class='ocr_carea' id='block_1_63' title="bbox 57 2201 888 2242">
    <p class='ocr_par' dir='ltr' id='par_1_63' title="bbox 57 2201 888 2242">
     <span class='ocr_line' id='line_1_63' title="bbox 57 2201 888 2242; baseline -0.002 -12"><span class='ocrx_word' id='word_1_438' title='bbox 57 2213 118 2233; x_wconf 86' lang='grc' dir='ltr'>σεις</span> <span class='ocrx_word' id='word_1_439' title='bbox 160 2203 183 2230; x_wconf 70' lang='grc' dir='ltr'>οἱ</span> <span class='ocrx_word' id='word_1_440' title='bbox 237 2203 403 2235; x_wconf 83' lang='grc' dir='ltr'>πιστεύοντες</span> <span class='ocrx_word' id='word_1_441' title='bbox 457 2202 610 2242; x_wconf 78' lang='grc' dir='ltr'>ἐφύλαττον.</span> <span class='ocrx_word' id='word_1_442' title='bbox 655 2202 704 2230; x_wconf 81' lang='grc' dir='ltr'>Καὶ</span> <span class='ocrx_word' id='word_1_443' title='bbox 752 2201 888 2241; x_wconf 70' lang='grc' dir='ltr'>ἀρχιερεῖς</span> 
     </span>
    </p>
   </div>
   <div class='ocr_carea' id='block_1_64' title="bbox 56 2245 890 2287">
    <p class='ocr_par' dir='ltr' id='par_1_64' title="bbox 56 2245 890 2287">
     <span class='ocr_line' id='line_1_64' title="bbox 56 2245 890 2287; baseline -0.001 -13"><span class='ocrx_word' id='word_1_444' title='bbox 56 2246 163 2287; x_wconf 69' lang='grc' dir='ltr'>γυναιξὶ</span> <span class='ocrx_word' id='word_1_445' title='bbox 197 2248 405 2287; x_wconf 76' lang='grc' dir='ltr'>συνεζεύγνυντο.</span> <span class='ocrx_word' id='word_1_446' title='bbox 443 2246 517 2276; x_wconf 80' lang='grc' dir='ltr'>Ἀλλ’</span> <span class='ocrx_word' id='word_1_447' title='bbox 559 2246 631 2276; x_wconf 63' lang='grc' dir='ltr'>οὐδὲν</span> <span class='ocrx_word' id='word_1_448' title='bbox 673 2245 730 2286; x_wconf 76' lang='grc' dir='ltr'>ἄρτι</span> <span class='ocrx_word' id='word_1_449' title='bbox 771 2249 890 2274; x_wconf 83' lang='grc' dir='ltr'>τοιοῦτον</span> 
     </span>
    </p>
   </div>
   <div class='ocr_carea' id='block_1_65' title="bbox 57 2289 890 2331">
    <p class='ocr_par' dir='ltr' id='par_1_65' title="bbox 57 2289 890 2331">
     <span class='ocr_line' id='line_1_65' title="bbox 57 2289 890 2331; baseline -0.001 -12"><span class='ocrx_word' id='word_1_450' title='bbox 57 2291 275 2331; x_wconf 72' lang='grc' dir='ltr'>ἐμπολιτεύεται,</span> <span class='ocrx_word' id='word_1_451' title='bbox 303 2295 354 2327; x_wconf 76' lang='grc' dir='ltr'>τῆς</span> <span class='ocrx_word' id='word_1_452' title='bbox 382 2297 429 2322; x_wconf 70' lang='grc' dir='ltr'>τοῦ</span> <span class='ocrx_word' id='word_1_453' title='bbox 457 2296 522 2322; x_wconf 82' lang='grc' dir='ltr'><strong>Θεοῦ</strong></span> <span class='ocrx_word' id='word_1_454' title='bbox 553 2291 724 2327; x_wconf 81' lang='grc' dir='ltr'>Ἐκκλησίας,</span> <span class='ocrx_word' id='word_1_455' title='bbox 747 2292 784 2323; x_wconf 87' lang='grc' dir='ltr'>ὡς</span> <span class='ocrx_word' id='word_1_456' title='bbox 812 2289 890 2330; x_wconf 72' lang='grc' dir='ltr'>εἴρη-</span> 
     </span>
    </p>
   </div>
   <div class='ocr_carea' id='block_1_66' title="bbox 56 2336 889 2378">
    <p class='ocr_par' dir='ltr' id='par_1_66' title="bbox 56 2336 889 2378">
     <span class='ocr_line' id='line_1_66' title="bbox 56 2336 889 2378; baseline -0.002 -12"><span class='ocrx_word' id='word_1_457' title='bbox 56 2349 118 2374; x_wconf 82' lang='grc' dir='ltr'>ται,</span> <span class='ocrx_word' id='word_1_458' title='bbox 135 2337 394 2377; x_wconf 72' lang='grc' dir='ltr'>ἰσχυροποιουμένης</span> <span class='ocrx_word' id='word_1_459' title='bbox 419 2338 463 2366; x_wconf 84' lang='grc' dir='ltr'><strong>καὶ</strong></span> <span class='ocrx_word' id='word_1_460' title='bbox 487 2337 689 2378; x_wconf 81' lang='grc' dir='ltr'>προκοπτούσης</span> <span class='ocrx_word' id='word_1_461' title='bbox 716 2336 758 2364; x_wconf 77' lang='grc' dir='ltr'>ἐπὶ</span> <span class='ocrx_word' id='word_1_462' title='bbox 772 2337 803 2364; x_wconf 76' lang='grc' dir='ltr'>τὸ</span> <span class='ocrx_word' id='word_1_463' title='bbox 816 2336 889 2365; x_wconf 79' lang='grc' dir='ltr'>ἐντε-</span> 
     </span>
    </p>
   </div>
   <div class='ocr_carea' id='block_1_67' title="bbox 58 2382 201 2423">
    <p class='ocr_par' dir='ltr' id='par_1_67' title="bbox 58 2382 201 2423">
     <span class='ocr_line' id='line_1_67' title="bbox 58 2382 201 2423; baseline 0.021 -13"><span class='ocrx_word' id='word_1_464' title='bbox 58 2382 201 2423; x_wconf 77' lang='grc' dir='ltr'>λέστερον.</span> 
     </span>
    </p>
   </div>
   <div class='ocr_carea' id='block_1_68' title="bbox 98 2421 889 2467">
    <p class='ocr_par' dir='ltr' id='par_1_68' title="bbox 98 2421 889 2467">
     <span class='ocr_line' id='line_1_68' title="bbox 98 2421 889 2467; baseline -0.001 -12"><span class='ocrx_word' id='word_1_465' title='bbox 98 2421 153 2458; x_wconf 44' lang='grc' dir='ltr'>αεί</span> <span class='ocrx_word' id='word_1_466' title='bbox 186 2428 235 2456; x_wconf 81' lang='grc' dir='ltr'><strong>Καὶ</strong></span> <span class='ocrx_word' id='word_1_467' title='bbox 263 2427 288 2455; x_wconf 89' lang='grc' dir='ltr'><strong>τί</strong></span> <span class='ocrx_word' id='word_1_468' title='bbox 329 2428 477 2467; x_wconf 68' lang='grc' dir='ltr'>θαυμαστὸν</span> <span class='ocrx_word' id='word_1_469' title='bbox 519 2427 538 2462; x_wconf 77' lang='grc' dir='ltr'>ἢ</span> <span class='ocrx_word' id='word_1_470' title='bbox 574 2427 658 2463; x_wconf 80' lang='grc' dir='ltr'>ξένον,</span> <span class='ocrx_word' id='word_1_471' title='bbox 696 2428 718 2456; x_wconf 78' lang='grc' dir='ltr'>εἰ</span> <span class='ocrx_word' id='word_1_472' title='bbox 744 2431 889 2461; x_wconf 82' lang='grc' dir='ltr'>τηνικαῦτα</span> 
     </span>
    </p>
   </div>
   <div class='ocr_carea' id='block_1_69' title="bbox 53 2472 888 2513">
    <p class='ocr_par' dir='ltr' id='par_1_69' title="bbox 53 2472 888 2513">
     <span class='ocr_line' id='line_1_69' title="bbox 53 2472 888 2513; baseline 0 -13"><span class='ocrx_word' id='word_1_473' title='bbox 53 2472 108 2510; x_wconf 74' lang='grc' dir='ltr'>μὲν</span> <span class='ocrx_word' id='word_1_474' title='bbox 144 2473 167 2500; x_wconf 85' lang='grc' dir='ltr'>οἱ</span> <span class='ocrx_word' id='word_1_475' title='bbox 197 2473 310 2510; x_wconf 78' lang='grc' dir='ltr'>μαθηταὶ</span> <span class='ocrx_word' id='word_1_476' title='bbox 336 2472 362 2500; x_wconf 76' lang='grc' dir='ltr'>ἐν</span> <span class='ocrx_word' id='word_1_477' title='bbox 391 2473 465 2513; x_wconf 83' lang='grc' dir='ltr'>ἀρχῇ</span> <span class='ocrx_word' id='word_1_478' title='bbox 489 2477 535 2502; x_wconf 79' lang='grc' dir='ltr'>τοῦ</span> <span class='ocrx_word' id='word_1_479' title='bbox 565 2473 746 2512; x_wconf 68' lang='grc' dir='ltr'>κηρύγματος,</span> <span class='ocrx_word' id='word_1_480' title='bbox 775 2475 809 2510; x_wconf 79' lang='grc' dir='ltr'>τῇ</span> <span class='ocrx_word' id='word_1_481' title='bbox 836 2474 888 2500; x_wconf 82' lang='grc' dir='ltr'>τῶν</span> 
     </span>
    </p>
   </div>
   <div class='ocr_carea' id='block_1_70' title="bbox 54 2516 889 2558">
    <p class='ocr_par' dir='ltr' id='par_1_70' title="bbox 54 2516 889 2558">
     <span class='ocr_line' id='line_1_70' title="bbox 54 2516 889 2558; baseline -0.001 -13"><span class='ocrx_word' id='word_1_482' title='bbox 54 2516 169 2546; x_wconf 82' lang='grc' dir='ltr'>πολλῶν</span> <span class='ocrx_word' id='word_1_483' title='bbox 198 2517 316 2554; x_wconf 83' lang='grc' dir='ltr'>ἀσθενείᾳ</span> <span class='ocrx_word' id='word_1_484' title='bbox 335 2516 599 2558; x_wconf 71' lang='grc' dir='ltr'>συγκαταϐαίνοντες,</span> <span class='ocrx_word' id='word_1_485' title='bbox 629 2517 688 2545; x_wconf 81' lang='grc' dir='ltr'>τινὰ</span> <span class='ocrx_word' id='word_1_486' title='bbox 714 2520 765 2545; x_wconf 85' lang='grc' dir='ltr'>τῶν</span> <span class='ocrx_word' id='word_1_487' title='bbox 793 2516 889 2554; x_wconf 83' lang='grc' dir='ltr'>ἐθίμων</span> 
     </span>
    </p>
   </div>
   <div class='ocr_carea' id='block_1_71' title="bbox 100 2595 717 2635">
    <p class='ocr_par' dir='ltr' id='par_1_71' title="bbox 100 2595 717 2635">
     <span class='ocr_line' id='line_1_71' title="bbox 100 2595 717 2635; baseline 0.002 -8"><span class='ocrx_word' id='word_1_488' title='bbox 100 2596 133 2621; x_wconf 65' lang='lat' dir='ltr'><strong>ilt3</strong></span> <span class='ocrx_word' id='word_1_489' title='bbox 145 2595 219 2628; x_wconf 90' lang='lat' dir='ltr'><strong>Luc.</strong></span> <span class='ocrx_word' id='word_1_490' title='bbox 234 2604 307 2635; x_wconf 78' lang='lat' dir='ltr'><strong>xm,</strong></span> <span class='ocrx_word' id='word_1_491' title='bbox 323 2595 374 2635; x_wconf 85' lang='lat'><strong>20,</strong></span> <span class='ocrx_word' id='word_1_492' title='bbox 391 2596 441 2628; x_wconf 83' lang='grc'><strong>15.</strong></span> <span class='ocrx_word' id='word_1_493' title='bbox 483 2596 513 2622; x_wconf 65' lang='grc'><strong>³9</strong></span> <span class='ocrx_word' id='word_1_494' title='bbox 525 2596 612 2629; x_wconf 85' lang='lat' dir='ltr'><strong>Joan.</strong></span> <span class='ocrx_word' id='word_1_495' title='bbox 628 2605 650 2634; x_wconf 84' lang='grc' dir='ltr'>ι,</span> <span class='ocrx_word' id='word_1_496' title='bbox 666 2596 717 2628; x_wconf 85' lang='grc'><strong>56.</strong></span> 
     </span>
    </p>
   </div>
   <div class='ocr_carea' id='block_1_72' title="bbox 422 1801 466 1828">
    <p class='ocr_par' dir='ltr' id='par_1_72' title="bbox 422 1801 466 1828">
     <span class='ocr_line' id='line_1_72' title="bbox 422 1801 466 1828; baseline 0 0"><span class='ocrx_word' id='word_1_497' title='bbox 422 1801 466 1828; x_wconf 80' lang='grc' dir='ltr'><strong>καὶ</strong></span> 
     </span>
    </p>
   </div>
   <div class='ocr_carea' id='block_1_73' title="bbox 929 992 1758 1039">
    <p class='ocr_par' dir='ltr' id='par_1_73' title="bbox 929 992 1758 1039">
     <span class='ocr_line' id='line_1_73' title="bbox 929 992 1758 1039; baseline 0.008 -17"><span class='ocrx_word' id='word_1_498' title='bbox 929 992 1133 1031; x_wconf 85' lang='lat' dir='ltr'><strong>subsistentia,</strong></span> <span class='ocrx_word' id='word_1_499' title='bbox 1151 994 1261 1035; x_wconf 86' lang='lat' dir='ltr'><strong>quique</strong></span> <span class='ocrx_word' id='word_1_500' title='bbox 1276 1004 1385 1036; x_wconf 92' lang='lat' dir='ltr'><strong>corpus</strong></span> <span class='ocrx_word' id='word_1_501' title='bbox 1401 997 1500 1027; x_wconf 88' lang='lat' dir='ltr'><strong>anima</strong></span> <span class='ocrx_word' id='word_1_502' title='bbox 1512 1001 1670 1039; x_wconf 84' lang='lat' dir='ltr'><strong>menteque</strong></span> <span class='ocrx_word' id='word_1_503' title='bbox 1685 1007 1758 1039; x_wconf 84' lang='lat' dir='ltr'><strong>prae-</strong></span> 
     </span>
    </p>
   </div>
   <div class='ocr_carea' id='block_1_74' title="bbox 929 1037 1756 1084">
    <p class='ocr_par' dir='ltr' id='par_1_74' title="bbox 929 1037 1756 1084">
     <span class='ocr_line' id='line_1_74' title="bbox 929 1037 1756 1084; baseline 0.008 -17"><span class='ocrx_word' id='word_1_504' title='bbox 929 1037 1023 1068; x_wconf 94' lang='lat' dir='ltr'><strong>ditum</strong></span> <span class='ocrx_word' id='word_1_505' title='bbox 1037 1047 1053 1069; x_wconf 94' lang='lat' dir='ltr'><strong>e</strong></span> <span class='ocrx_word' id='word_1_506' title='bbox 1069 1048 1188 1078; x_wconf 89' lang='lat' dir='ltr'><strong>semper</strong></span> <span class='ocrx_word' id='word_1_507' title='bbox 1203 1039 1328 1079; x_wconf 86' lang='lat' dir='ltr'><strong>Virgine</strong></span> <span class='ocrx_word' id='word_1_508' title='bbox 1344 1041 1514 1082; x_wconf 83' lang='lat' dir='ltr'><strong>assnmpsit,</strong></span> <span class='ocrx_word' id='word_1_509' title='bbox 1525 1037 1631 1073; x_wconf 76' lang='lat' dir='ltr'><strong>merito</strong></span> <span class='ocrx_word' id='word_1_510' title='bbox 1642 1037 1756 1084; x_wconf 73' lang='lat' dir='ltr'><strong>perpa-</strong></span> 
     </span>
    </p>
   </div>
   <div class='ocr_carea' id='block_1_75' title="bbox 929 1083 1754 1123">
    <p class='ocr_par' dir='ltr' id='par_1_75' title="bbox 929 1083 1754 1123">
     <span class='ocr_line' id='line_1_75' title="bbox 929 1083 1754 1123; baseline 0.008 -11"><span class='ocrx_word' id='word_1_511' title='bbox 929 1091 998 1113; x_wconf 86' lang='lat' dir='ltr'><strong>nem</strong></span> <span class='ocrx_word' id='word_1_512' title='bbox 1014 1083 1177 1123; x_wconf 84' lang='lat' dir='ltr'><strong>perfectum</strong></span> <span class='ocrx_word' id='word_1_513' title='bbox 1189 1084 1310 1115; x_wconf 86' lang='lat' dir='ltr'><strong>tradidit</strong></span> <span class='ocrx_word' id='word_1_514' title='bbox 1319 1085 1385 1116; x_wconf 90' lang='lat' dir='ltr'><strong>novi</strong></span> <span class='ocrx_word' id='word_1_515' title='bbox 1397 1087 1566 1118; x_wconf 90' lang='lat' dir='ltr'><strong>testamenti</strong></span> <span class='ocrx_word' id='word_1_516' title='bbox 1582 1083 1754 1118; x_wconf 84' lang='lat' dir='ltr'><strong>sacramen-</strong></span> 
     </span>
    </p>
   </div>
   <div class='ocr_carea' id='block_1_76' title="bbox 930 1128 1755 1172">
    <p class='ocr_par' dir='ltr' id='par_1_76' title="bbox 930 1128 1755 1172">
     <span class='ocr_line' id='line_1_76' title="bbox 930 1128 1755 1172; baseline 0.008 -15"><span class='ocrx_word' id='word_1_517' title='bbox 930 1132 1005 1165; x_wconf 89' lang='lat' dir='ltr'><strong>tum,</strong></span> <span class='ocrx_word' id='word_1_518' title='bbox 1022 1137 1110 1168; x_wconf 88' lang='lat' dir='ltr'><strong>quem</strong></span> <span class='ocrx_word' id='word_1_519' title='bbox 1127 1128 1279 1160; x_wconf 76' lang='lat' dir='ltr'><strong>benedixit</strong></span> <span class='ocrx_word' id='word_1_520' title='bbox 1291 1129 1453 1171; x_wconf 83' lang='lat' dir='ltr'><strong>fregitque,</strong></span> <span class='ocrx_word' id='word_1_521' title='bbox 1469 1131 1593 1163; x_wconf 90' lang='lat' dir='ltr'><strong>dicens:</strong></span> <span class='ocrx_word' id='word_1_522' title='bbox 1612 1133 1755 1172; x_wconf 76' lang='lat' dir='ltr'><strong>Accipite,</strong></span> 
     </span>
    </p>
   </div>
   <div class='ocr_carea' id='block_1_77' title="bbox 929 1173 1757 1218">
    <p class='ocr_par' dir='ltr' id='par_1_77' title="bbox 929 1173 1757 1218">
     <span class='ocr_line' id='line_1_77' title="bbox 929 1173 1757 1218; baseline 0.007 -16"><span class='ocrx_word' id='word_1_523' title='bbox 929 1173 1120 1218; x_wconf 65' lang='lat' dir='ltr'><strong>manducata,</strong></span> <span class='ocrx_word' id='word_1_524' title='bbox 1132 1173 1324 1213; x_wconf 82' lang='lat' dir='ltr'><strong>quiestpanis</strong></span> <span class='ocrx_word' id='word_1_525' title='bbox 1335 1175 1475 1212; x_wconf 64' lang='lat' dir='ltr'><strong>caelestis,</strong></span> <span class='ocrx_word' id='word_1_526' title='bbox 1488 1176 1596 1214; x_wconf 89' lang='lat' dir='ltr'><strong>vitalis,</strong></span> <span class='ocrx_word' id='word_1_527' title='bbox 1607 1177 1757 1218; x_wconf 85' lang='lat' dir='ltr'><strong>vitamque</strong></span> 
     </span>
    </p>
   </div>
   <div class='ocr_carea' id='block_1_78' title="bbox 929 1215 1759 1262">
    <p class='ocr_par' dir='ltr' id='par_1_78' title="bbox 929 1215 1759 1262">
     <span class='ocr_line' id='line_1_78' title="bbox 929 1215 1759 1262; baseline 0.007 -16"><span class='ocrx_word' id='word_1_528' title='bbox 929 1215 1058 1256; x_wconf 81' lang='lat' dir='ltr'><strong>largiens</strong></span> <span class='ocrx_word' id='word_1_529' title='bbox 1068 1218 1297 1250; x_wconf 83' lang='lat' dir='ltr'><strong>comedentibus</strong></span> <span class='ocrx_word' id='word_1_530' title='bbox 1308 1228 1376 1250; x_wconf 89' lang='lat' dir='ltr'><strong>eum</strong></span> <span class='ocrx_word' id='word_1_531' title='bbox 1391 1231 1398 1257; x_wconf 85' lang='lat'><strong>;</strong></span> <span class='ocrx_word' id='word_1_532' title='bbox 1410 1220 1488 1251; x_wconf 83' lang='lat' dir='ltr'><strong>sicut</strong></span> <span class='ocrx_word' id='word_1_533' title='bbox 1498 1221 1633 1253; x_wconf 84' lang='lat' dir='ltr'><strong>Christus</strong></span> <span class='ocrx_word' id='word_1_534' title='bbox 1649 1215 1759 1262; x_wconf 82' lang='lat' dir='ltr'><strong>promi-</strong></span> 
     </span>
    </p>
   </div>
   <div class='ocr_carea' id='block_1_79' title="bbox 930 1261 1757 1304">
    <p class='ocr_par' dir='ltr' id='par_1_79' title="bbox 930 1261 1757 1304">
     <span class='ocr_line' id='line_1_79' title="bbox 930 1261 1757 1304; baseline 0.007 -13"><span class='ocrx_word' id='word_1_535' title='bbox 930 1261 979 1299; x_wconf 92' lang='lat' dir='ltr'><strong>sit,</strong></span> <span class='ocrx_word' id='word_1_536' title='bbox 991 1262 1047 1293; x_wconf 90' lang='lat' dir='ltr'><strong>hoc</strong></span> <span class='ocrx_word' id='word_1_537' title='bbox 1054 1271 1193 1293; x_wconf 81' lang='lat' dir='ltr'><strong>sermone</strong></span> <span class='ocrx_word' id='word_1_538' title='bbox 1206 1272 1212 1294; x_wconf 91' lang='lat'><strong>:</strong></span> <span class='ocrx_word' id='word_1_539' title='bbox 1235 1264 1295 1300; x_wconf 69' lang='grc' dir='ltr'><strong>(Ιπιί</strong></span> <span class='ocrx_word' id='word_1_540' title='bbox 1304 1264 1571 1297; x_wconf 81' lang='lat' dir='ltr'><strong>manducatmeam</strong></span> <span class='ocrx_word' id='word_1_541' title='bbox 1582 1261 1716 1304; x_wconf 67' lang='lat' dir='ltr'><strong>carnem,</strong></span> <span class='ocrx_word' id='word_1_542' title='bbox 1729 1270 1757 1297; x_wconf 77' lang='lat' dir='ltr'><strong>et</strong></span> 
     </span>
    </p>
   </div>
   <div class='ocr_carea' id='block_1_80' title="bbox 931 1305 1755 1350">
    <p class='ocr_par' dir='ltr' id='par_1_80' title="bbox 931 1305 1755 1350">
     <span class='ocr_line' id='line_1_80' title="bbox 931 1305 1755 1350; baseline 0.005 -13"><span class='ocrx_word' id='word_1_543' title='bbox 931 1305 1109 1338; x_wconf 77' lang='lat' dir='ltr'><strong>bibitmeum</strong></span> <span class='ocrx_word' id='word_1_544' title='bbox 1115 1310 1305 1348; x_wconf 76' lang='lat' dir='ltr'><strong>sanguinem,</strong></span> <span class='ocrx_word' id='word_1_545' title='bbox 1314 1309 1610 1350; x_wconf 77' lang='lat' dir='ltr'><strong>iumemanet,etego</strong></span> <span class='ocrx_word' id='word_1_546' title='bbox 1617 1311 1647 1341; x_wconf 82' lang='lat' dir='ltr'><strong>in</strong></span> <span class='ocrx_word' id='word_1_547' title='bbox 1655 1310 1707 1341; x_wconf 78' lang='lat' dir='ltr'><strong>illo</strong></span> <span class='ocrx_word' id='word_1_548' title='bbox 1714 1311 1755 1340; x_wconf 70' lang='lat'><strong>29.</strong></span> 
     </span>
    </p>
   </div>
   <div class='ocr_carea' id='block_1_81' title="bbox 969 1350 1754 1394">
    <p class='ocr_par' dir='ltr' id='par_1_81' title="bbox 969 1350 1754 1394">
     <span class='ocr_line' id='line_1_81' title="bbox 969 1350 1754 1394; baseline 0.006 -13"><span class='ocrx_word' id='word_1_549' title='bbox 969 1351 1019 1382; x_wconf 70' lang='grc'><strong>24.</strong></span> <span class='ocrx_word' id='word_1_550' title='bbox 1036 1350 1121 1388; x_wconf 85' lang='lat' dir='ltr'><strong>Quod</strong></span> <span class='ocrx_word' id='word_1_551' title='bbox 1137 1352 1162 1382; x_wconf 91' lang='lat' dir='ltr'><strong>si</strong></span> <span class='ocrx_word' id='word_1_552' title='bbox 1177 1352 1318 1383; x_wconf 87' lang='lat' dir='ltr'><strong>adversus</strong></span> <span class='ocrx_word' id='word_1_553' title='bbox 1329 1353 1484 1384; x_wconf 89' lang='lat' dir='ltr'><strong>allatorum</strong></span> <span class='ocrx_word' id='word_1_554' title='bbox 1497 1355 1554 1384; x_wconf 94' lang='lat' dir='ltr'><strong>vim</strong></span> <span class='ocrx_word' id='word_1_555' title='bbox 1565 1364 1643 1394; x_wconf 62' lang='lat' dir='ltr'><strong>aegre</strong></span> <span class='ocrx_word' id='word_1_556' title='bbox 1651 1354 1754 1386; x_wconf 81' lang='lat' dir='ltr'><strong>feren-</strong></span> 
     </span>
    </p>
   </div>
   <div class='ocr_carea' id='block_1_82' title="bbox 931 1396 1756 1440">
    <p class='ocr_par' dir='ltr' id='par_1_82' title="bbox 931 1396 1756 1440">
     <span class='ocr_line' id='line_1_82' title="bbox 931 1396 1756 1440; baseline 0.007 -15"><span class='ocrx_word' id='word_1_557' title='bbox 931 1399 974 1426; x_wconf 88' lang='lat' dir='ltr'><strong>tes</strong></span> <span class='ocrx_word' id='word_1_558' title='bbox 985 1396 1292 1440; x_wconf 71' lang='lat' dir='ltr'><strong>contentionisamore</strong></span> <span class='ocrx_word' id='word_1_559' title='bbox 1299 1396 1455 1439; x_wconf 79' lang='lat' dir='ltr'><strong>obsistitis,</strong></span> <span class='ocrx_word' id='word_1_560' title='bbox 1464 1399 1698 1440; x_wconf 87' lang='lat' dir='ltr'><strong>asseveratisque</strong></span> <span class='ocrx_word' id='word_1_561' title='bbox 1705 1409 1756 1431; x_wconf 88' lang='lat' dir='ltr'><strong>vos</strong></span> 
     </span>
    </p>
   </div>
   <div class='ocr_carea' id='block_1_83' title="bbox 931 1436 1754 1480">
    <p class='ocr_par' dir='ltr' id='par_1_83' title="bbox 931 1436 1754 1480">
     <span class='ocr_line' id='line_1_83' title="bbox 931 1436 1754 1480; baseline 0.006 -14"><span class='ocrx_word' id='word_1_562' title='bbox 931 1445 947 1466; x_wconf 86' lang='lat' dir='ltr'><strong>a</strong></span> <span class='ocrx_word' id='word_1_563' title='bbox 961 1436 1072 1466; x_wconf 86' lang='lat' dir='ltr'><strong>sanctis</strong></span> <span class='ocrx_word' id='word_1_564' title='bbox 1087 1437 1229 1480; x_wconf 77' lang='lat' dir='ltr'><strong>apostolis</strong></span> <span class='ocrx_word' id='word_1_565' title='bbox 1243 1438 1331 1480; x_wconf 83' lang='lat' dir='ltr'><strong>Petro</strong></span> <span class='ocrx_word' id='word_1_566' title='bbox 1360 1442 1390 1469; x_wconf 90' lang='lat' dir='ltr'><strong>et</strong></span> <span class='ocrx_word' id='word_1_567' title='bbox 1412 1436 1503 1470; x_wconf 81' lang='lat' dir='ltr'><strong>Paulo</strong></span> <span class='ocrx_word' id='word_1_568' title='bbox 1519 1436 1673 1480; x_wconf 75' lang='lat' dir='ltr'><strong>accepisse</strong></span> <span class='ocrx_word' id='word_1_569' title='bbox 1687 1450 1754 1480; x_wconf 83' lang='lat' dir='ltr'><strong>azy—</strong></span> 
     </span>
    </p>
   </div>
   <div class='ocr_carea' id='block_1_84' title="bbox 931 1477 1750 1519">
    <p class='ocr_par' dir='ltr' id='par_1_84' title="bbox 931 1477 1750 1519">
     <span class='ocr_line' id='line_1_84' title="bbox 931 1477 1750 1519; baseline 0.006 -13"><span class='ocrx_word' id='word_1_570' title='bbox 931 1484 1044 1506; x_wconf 92' lang='lat' dir='ltr'><strong>morum</strong></span> <span class='ocrx_word' id='word_1_571' title='bbox 1061 1477 1250 1508; x_wconf 84' lang='lat' dir='ltr'><strong>traditionem</strong></span> <span class='ocrx_word' id='word_1_572' title='bbox 1264 1487 1271 1518; x_wconf 88' lang='lat'><strong>;</strong></span> <span class='ocrx_word' id='word_1_573' title='bbox 1286 1477 1315 1508; x_wconf 94' lang='lat' dir='ltr'><strong>in</strong></span> <span class='ocrx_word' id='word_1_574' title='bbox 1327 1487 1362 1509; x_wconf 91' lang='lat' dir='ltr'><strong>eo</strong></span> <span class='ocrx_word' id='word_1_575' title='bbox 1377 1488 1495 1519; x_wconf 88' lang='lat' dir='ltr'><strong>quoque</strong></span> <span class='ocrx_word' id='word_1_576' title='bbox 1509 1489 1577 1510; x_wconf 86' lang='lat' dir='ltr'><strong>cum</strong></span> <span class='ocrx_word' id='word_1_577' title='bbox 1593 1477 1689 1511; x_wconf 72' lang='lat' dir='ltr'><strong>vestra</strong></span> <span class='ocrx_word' id='word_1_578' title='bbox 1698 1477 1750 1511; x_wconf 73' lang='lat' dir='ltr'><strong>fra-</strong></span> 
     </span>
    </p>
   </div>
   <div class='ocr_carea' id='block_1_85' title="bbox 931 1520 1754 1565">
    <p class='ocr_par' dir='ltr' id='par_1_85' title="bbox 931 1520 1754 1565">
     <span class='ocr_line' id='line_1_85' title="bbox 931 1520 1754 1565; baseline 0.007 -15"><span class='ocrx_word' id='word_1_579' title='bbox 931 1520 1068 1551; x_wconf 89' lang='lat' dir='ltr'><strong>ternitate</strong></span> <span class='ocrx_word' id='word_1_580' title='bbox 1085 1521 1310 1561; x_wconf 83' lang='lat' dir='ltr'><strong>congredimur,</strong></span> <span class='ocrx_word' id='word_1_581' title='bbox 1343 1527 1372 1554; x_wconf 84' lang='lat' dir='ltr'><strong>et</strong></span> <span class='ocrx_word' id='word_1_582' title='bbox 1395 1523 1456 1554; x_wconf 90' lang='lat' dir='ltr'><strong>Deo</strong></span> <span class='ocrx_word' id='word_1_583' title='bbox 1469 1524 1629 1564; x_wconf 85' lang='lat' dir='ltr'><strong>adjuvante</strong></span> <span class='ocrx_word' id='word_1_584' title='bbox 1645 1525 1754 1565; x_wconf 88' lang='lat' dir='ltr'><strong>proba-</strong></span> 
     </span>
    </p>
   </div>
   <div class='ocr_carea' id='block_1_86' title="bbox 930 1564 1755 1609">
    <p class='ocr_par' dir='ltr' id='par_1_86' title="bbox 930 1564 1755 1609">
     <span class='ocr_line' id='line_1_86' title="bbox 930 1564 1755 1609; baseline 0.007 -14"><span class='ocrx_word' id='word_1_585' title='bbox 930 1564 1041 1602; x_wconf 88' lang='lat' dir='ltr'><strong>bimus,</strong></span> <span class='ocrx_word' id='word_1_586' title='bbox 1058 1566 1201 1597; x_wconf 89' lang='lat' dir='ltr'><strong>nonnulla</strong></span> <span class='ocrx_word' id='word_1_587' title='bbox 1217 1576 1320 1597; x_wconf 91' lang='lat' dir='ltr'><strong>eorum</strong></span> <span class='ocrx_word' id='word_1_588' title='bbox 1347 1577 1413 1608; x_wconf 68' lang='lat' dir='ltr'><strong>quae</strong></span> <span class='ocrx_word' id='word_1_589' title='bbox 1441 1567 1477 1598; x_wconf 93' lang='lat' dir='ltr'><strong>ab</strong></span> <span class='ocrx_word' id='word_1_590' title='bbox 1492 1569 1634 1609; x_wconf 85' lang='lat' dir='ltr'><strong>apostolis</strong></span> <span class='ocrx_word' id='word_1_591' title='bbox 1646 1564 1755 1601; x_wconf 84' lang='lat' dir='ltr'><strong>tradita</strong></span> 
     </span>
    </p>
   </div>
   <div class='ocr_carea' id='block_1_87' title="bbox 931 1609 1753 1653">
    <p class='ocr_par' dir='ltr' id='par_1_87' title="bbox 931 1609 1753 1653">
     <span class='ocr_line' id='line_1_87' title="bbox 931 1609 1753 1653; baseline 0.006 -13"><span class='ocrx_word' id='word_1_592' title='bbox 931 1609 1062 1648; x_wconf 81' lang='lat' dir='ltr'><strong>fuerunt,</strong></span> <span class='ocrx_word' id='word_1_593' title='bbox 1077 1620 1132 1651; x_wconf 88' lang='lat' dir='ltr'><strong>per</strong></span> <span class='ocrx_word' id='word_1_594' title='bbox 1152 1611 1233 1652; x_wconf 84' lang='lat' dir='ltr'><strong>ipsos</strong></span> <span class='ocrx_word' id='word_1_595' title='bbox 1249 1612 1370 1642; x_wconf 89' lang='lat' dir='ltr'><strong>eosdem</strong></span> <span class='ocrx_word' id='word_1_596' title='bbox 1387 1616 1489 1652; x_wconf 61' lang='lat' dir='ltr'><strong>pOstea</strong></span> <span class='ocrx_word' id='word_1_597' title='bbox 1503 1617 1637 1645; x_wconf 82' lang='lat' dir='ltr'><strong>correcta</strong></span> <span class='ocrx_word' id='word_1_598' title='bbox 1651 1613 1753 1653; x_wconf 83' lang='lat' dir='ltr'><strong>fuisse,</strong></span> 
     </span>
    </p>
   </div>
   <div class='ocr_carea' id='block_1_88' title="bbox 932 1655 1754 1698">
    <p class='ocr_par' dir='ltr' id='par_1_88' title="bbox 932 1655 1754 1698">
     <span class='ocr_line' id='line_1_88' title="bbox 932 1655 1754 1698; baseline 0.006 -13"><span class='ocrx_word' id='word_1_599' title='bbox 932 1657 962 1686; x_wconf 88' lang='lat' dir='ltr'><strong>et</strong></span> <span class='ocrx_word' id='word_1_600' title='bbox 977 1655 1013 1685; x_wconf 85' lang='lat' dir='ltr'><strong>ad</strong></span> <span class='ocrx_word' id='word_1_601' title='bbox 1030 1655 1173 1695; x_wconf 88' lang='lat' dir='ltr'><strong>majorem</strong></span> <span class='ocrx_word' id='word_1_602' title='bbox 1190 1655 1332 1696; x_wconf 85' lang='lat' dir='ltr'><strong>pietatem</strong></span> <span class='ocrx_word' id='word_1_603' title='bbox 1349 1657 1490 1688; x_wconf 88' lang='lat' dir='ltr'><strong>translata</strong></span> <span class='ocrx_word' id='word_1_604' title='bbox 1507 1669 1514 1687; x_wconf 90' lang='lat'><strong>:</strong></span> <span class='ocrx_word' id='word_1_605' title='bbox 1529 1658 1598 1698; x_wconf 91' lang='lat' dir='ltr'><strong>quia</strong></span> <span class='ocrx_word' id='word_1_606' title='bbox 1613 1658 1754 1690; x_wconf 90' lang='lat' dir='ltr'><strong>nimirum</strong></span> 
     </span>
    </p>
   </div>
   <div class='ocr_carea' id='block_1_89' title="bbox 931 1699 1755 1744">
    <p class='ocr_par' dir='ltr' id='par_1_89' title="bbox 931 1699 1755 1744">
     <span class='ocr_line' id='line_1_89' title="bbox 931 1699 1755 1744; baseline 0.007 -15"><span class='ocrx_word' id='word_1_607' title='bbox 931 1699 1006 1744; x_wconf 81' lang='lat' dir='ltr'><strong>ﬁdes</strong></span> <span class='ocrx_word' id='word_1_608' title='bbox 1019 1699 1050 1730; x_wconf 91' lang='lat' dir='ltr'><strong>in</strong></span> <span class='ocrx_word' id='word_1_609' title='bbox 1063 1700 1212 1731; x_wconf 89' lang='lat' dir='ltr'><strong>Christum</strong></span> <span class='ocrx_word' id='word_1_610' title='bbox 1229 1700 1423 1732; x_wconf 82' lang='lat' dir='ltr'><strong>corroborata</strong></span> <span class='ocrx_word' id='word_1_611' title='bbox 1438 1708 1494 1743; x_wconf 87' lang='lat' dir='ltr'><strong>est,</strong></span> <span class='ocrx_word' id='word_1_612' title='bbox 1511 1707 1541 1734; x_wconf 91' lang='lat' dir='ltr'><strong>et</strong></span> <span class='ocrx_word' id='word_1_613' title='bbox 1552 1703 1686 1734; x_wconf 90' lang='lat' dir='ltr'><strong>Ecclesia</strong></span> <span class='ocrx_word' id='word_1_614' title='bbox 1702 1713 1755 1744; x_wconf 89' lang='lat' dir='ltr'><strong>per</strong></span> 
     </span>
    </p>
   </div>
   <div class='ocr_carea' id='block_1_90' title="bbox 930 1743 1754 1786">
    <p class='ocr_par' dir='ltr' id='par_1_90' title="bbox 930 1743 1754 1786">
     <span class='ocr_line' id='line_1_90' title="bbox 930 1743 1754 1786; baseline 0.007 -12"><span class='ocrx_word' id='word_1_615' title='bbox 930 1743 986 1775; x_wconf 90' lang='lat' dir='ltr'><strong>Dei</strong></span> <span class='ocrx_word' id='word_1_616' title='bbox 1001 1744 1127 1784; x_wconf 81' lang='lat' dir='ltr'><strong>gratiam</strong></span> <span class='ocrx_word' id='word_1_617' title='bbox 1143 1745 1257 1775; x_wconf 88' lang='lat' dir='ltr'><strong>ﬁrmata</strong></span> <span class='ocrx_word' id='word_1_618' title='bbox 1267 1751 1357 1786; x_wconf 89' lang='lat' dir='ltr'><strong>atque</strong></span> <span class='ocrx_word' id='word_1_619' title='bbox 1368 1746 1496 1778; x_wconf 85' lang='lat' dir='ltr'><strong>dilatata.</strong></span> <span class='ocrx_word' id='word_1_620' title='bbox 1509 1747 1628 1779; x_wconf 90' lang='lat' dir='ltr'><strong>Etenim</strong></span> <span class='ocrx_word' id='word_1_621' title='bbox 1639 1743 1754 1779; x_wconf 84' lang='lat' dir='ltr'><strong>Sabba-</strong></span> 
     </span>
    </p>
   </div>
   <div class='ocr_carea' id='block_1_91' title="bbox 931 1788 1755 1833">
    <p class='ocr_par' dir='ltr' id='par_1_91' title="bbox 931 1788 1755 1833">
     <span class='ocr_line' id='line_1_91' title="bbox 931 1788 1755 1833; baseline 0.007 -15"><span class='ocrx_word' id='word_1_622' title='bbox 931 1792 992 1819; x_wconf 91' lang='lat' dir='ltr'><strong>tum</strong></span> <span class='ocrx_word' id='word_1_623' title='bbox 1011 1788 1073 1829; x_wconf 88' lang='lat' dir='ltr'><strong>pari</strong></span> <span class='ocrx_word' id='word_1_624' title='bbox 1101 1789 1215 1820; x_wconf 87' lang='lat' dir='ltr'><strong>honore</strong></span> <span class='ocrx_word' id='word_1_625' title='bbox 1243 1799 1309 1820; x_wconf 92' lang='lat' dir='ltr'><strong>cum</strong></span> <span class='ocrx_word' id='word_1_626' title='bbox 1336 1789 1492 1823; x_wconf 78' lang='lat' dir='ltr'><strong>Dominica</strong></span> <span class='ocrx_word' id='word_1_627' title='bbox 1515 1793 1657 1833; x_wconf 87' lang='lat' dir='ltr'><strong>prosequi</strong></span> <span class='ocrx_word' id='word_1_628' title='bbox 1677 1793 1755 1833; x_wconf 89' lang='lat' dir='ltr'><strong>jussi</strong></span> 
     </span>
    </p>
   </div>
   <div class='ocr_carea' id='block_1_92' title="bbox 931 1834 1753 1877">
    <p class='ocr_par' dir='ltr' id='par_1_92' title="bbox 931 1834 1753 1877">
     <span class='ocr_line' id='line_1_92' title="bbox 931 1834 1753 1877; baseline 0.007 -14"><span class='ocrx_word' id='word_1_629' title='bbox 931 1842 1044 1872; x_wconf 90' lang='lat' dir='ltr'><strong>sumus,</strong></span> <span class='ocrx_word' id='word_1_630' title='bbox 1064 1839 1094 1864; x_wconf 86' lang='lat' dir='ltr'><strong>et</strong></span> <span class='ocrx_word' id='word_1_631' title='bbox 1109 1843 1238 1872; x_wconf 85' lang='lat' dir='ltr'><strong>servare,</strong></span> <span class='ocrx_word' id='word_1_632' title='bbox 1251 1834 1386 1875; x_wconf 86' lang='lat' dir='ltr'><strong>nihilque</strong></span> <span class='ocrx_word' id='word_1_633' title='bbox 1398 1845 1432 1866; x_wconf 95' lang='lat' dir='ltr'><strong>eo</strong></span> <span class='ocrx_word' id='word_1_634' title='bbox 1444 1836 1493 1868; x_wconf 85' lang='lat' dir='ltr'><strong>die</strong></span> <span class='ocrx_word' id='word_1_635' title='bbox 1501 1839 1617 1877; x_wconf 89' lang='lat' dir='ltr'><strong>operari</strong></span> <span class='ocrx_word' id='word_1_636' title='bbox 1633 1846 1639 1869; x_wconf 93' lang='lat'><strong>:</strong></span> <span class='ocrx_word' id='word_1_637' title='bbox 1651 1847 1753 1868; x_wconf 88' lang='lat' dir='ltr'><strong>verum</strong></span> 
     </span>
    </p>
   </div>
   <div class='ocr_carea' id='block_1_93' title="bbox 931 1878 1754 1919">
    <p class='ocr_par' dir='ltr' id='par_1_93' title="bbox 931 1878 1754 1919">
     <span class='ocr_line' id='line_1_93' title="bbox 931 1878 1754 1919; baseline 0.006 -11"><span class='ocrx_word' id='word_1_638' title='bbox 931 1878 988 1908; x_wconf 90' lang='lat' dir='ltr'><strong>hoc</strong></span> <span class='ocrx_word' id='word_1_639' title='bbox 1004 1888 1082 1909; x_wconf 90' lang='lat' dir='ltr'><strong>nunc</strong></span> <span class='ocrx_word' id='word_1_640' title='bbox 1099 1887 1285 1919; x_wconf 85' lang='lat' dir='ltr'><strong>nequaquam</strong></span> <span class='ocrx_word' id='word_1_641' title='bbox 1312 1879 1497 1912; x_wconf 86' lang='lat' dir='ltr'><strong>observatur.</strong></span> <span class='ocrx_word' id='word_1_642' title='bbox 1511 1881 1556 1913; x_wconf 89' lang='lat' dir='ltr'><strong>Ad</strong></span> <span class='ocrx_word' id='word_1_643' title='bbox 1572 1882 1635 1913; x_wconf 69' lang='lat' dir='ltr'><strong>haec</strong></span> <span class='ocrx_word' id='word_1_644' title='bbox 1649 1882 1754 1913; x_wconf 89' lang='lat' dir='ltr'><strong>Petrus</strong></span> 
     </span>
    </p>
   </div>
   <div class='ocr_carea' id='block_1_94' title="bbox 932 1923 1753 1967">
    <p class='ocr_par' dir='ltr' id='par_1_94' title="bbox 932 1923 1753 1967">
     <span class='ocr_line' id='line_1_94' title="bbox 932 1923 1753 1967; baseline 0.006 -14"><span class='ocrx_word' id='word_1_645' title='bbox 932 1932 983 1954; x_wconf 91' lang='lat' dir='ltr'><strong>eos</strong></span> <span class='ocrx_word' id='word_1_646' title='bbox 999 1923 1049 1963; x_wconf 91' lang='lat' dir='ltr'><strong>qui</strong></span> <span class='ocrx_word' id='word_1_647' title='bbox 1074 1932 1107 1954; x_wconf 83' lang='lat' dir='ltr'><strong>ex</strong></span> <span class='ocrx_word' id='word_1_648' title='bbox 1134 1923 1272 1963; x_wconf 85' lang='lat' dir='ltr'><strong>gentibus</strong></span> <span class='ocrx_word' id='word_1_649' title='bbox 1300 1925 1486 1956; x_wconf 85' lang='lat' dir='ltr'><strong>accedebant</strong></span> <span class='ocrx_word' id='word_1_650' title='bbox 1511 1926 1547 1957; x_wconf 85' lang='lat' dir='ltr'><strong>ad</strong></span> <span class='ocrx_word' id='word_1_651' title='bbox 1572 1926 1753 1967; x_wconf 88' lang='lat' dir='ltr'><strong>inculpatam</strong></span> 
     </span>
    </p>
   </div>
   <div class='ocr_carea' id='block_1_95' title="bbox 932 1967 1753 2009">
    <p class='ocr_par' dir='ltr' id='par_1_95' title="bbox 932 1967 1753 2009">
     <span class='ocr_line' id='line_1_95' title="bbox 932 1967 1753 2009; baseline 0.006 -11"><span class='ocrx_word' id='word_1_652' title='bbox 932 1967 1167 1999; x_wconf 88' lang='lat' dir='ltr'><strong>Christianorum</strong></span> <span class='ocrx_word' id='word_1_653' title='bbox 1183 1968 1285 2006; x_wconf 85' lang='lat' dir='ltr'><strong>ﬁdem,</strong></span> <span class='ocrx_word' id='word_1_654' title='bbox 1301 1969 1430 2009; x_wconf 91' lang='lat' dir='ltr'><strong>primum</strong></span> <span class='ocrx_word' id='word_1_655' title='bbox 1443 1970 1684 2009; x_wconf 86' lang='lat' dir='ltr'><strong>circumcidebat,</strong></span> <span class='ocrx_word' id='word_1_656' title='bbox 1697 1972 1753 2003; x_wconf 87' lang='lat' dir='ltr'><strong>de-</strong></span> 
     </span>
    </p>
   </div>
   <div class='ocr_carea' id='block_1_96' title="bbox 932 2012 1754 2054">
    <p class='ocr_par' dir='ltr' id='par_1_96' title="bbox 932 2012 1754 2054">
     <span class='ocr_line' id='line_1_96' title="bbox 932 2012 1754 2054; baseline 0.007 -12"><span class='ocrx_word' id='word_1_657' title='bbox 932 2012 1000 2043; x_wconf 92' lang='lat' dir='ltr'><strong>inde</strong></span> <span class='ocrx_word' id='word_1_658' title='bbox 1007 2012 1190 2053; x_wconf 88' lang='lat' dir='ltr'><strong>baptizabat;</strong></span> <span class='ocrx_word' id='word_1_659' title='bbox 1202 2014 1331 2054; x_wconf 88' lang='lat' dir='ltr'><strong>itemque</strong></span> <span class='ocrx_word' id='word_1_660' title='bbox 1339 2013 1447 2045; x_wconf 86' lang='lat' dir='ltr'><strong>Paulus</strong></span> <span class='ocrx_word' id='word_1_661' title='bbox 1461 2015 1754 2048; x_wconf 80' lang='lat' dir='ltr'><strong>circumciditTimo-</strong></span> 
     </span>
    </p>
   </div>
   <div class='ocr_carea' id='block_1_97' title="bbox 931 2057 1755 2101">
    <p class='ocr_par' dir='ltr' id='par_1_97' title="bbox 931 2057 1755 2101">
     <span class='ocr_line' id='line_1_97' title="bbox 931 2057 1755 2101; baseline 0.006 -14"><span class='ocrx_word' id='word_1_662' title='bbox 931 2057 1044 2088; x_wconf 89' lang='lat' dir='ltr'><strong>theum.</strong></span> <span class='ocrx_word' id='word_1_663' title='bbox 1064 2057 1230 2094; x_wconf 87' lang='lat' dir='ltr'><strong>Quinetiam</strong></span> <span class='ocrx_word' id='word_1_664' title='bbox 1257 2059 1475 2100; x_wconf 78' lang='lat' dir='ltr'><strong>catechumeni,</strong></span> <span class='ocrx_word' id='word_1_665' title='bbox 1506 2069 1616 2091; x_wconf 89' lang='lat' dir='ltr'><strong>annum</strong></span> <span class='ocrx_word' id='word_1_666' title='bbox 1632 2065 1755 2101; x_wconf 79' lang='lat' dir='ltr'><strong>agentes</strong></span> 
     </span>
    </p>
   </div>
   <div class='ocr_carea' id='block_1_98' title="bbox 932 2101 1753 2146">
    <p class='ocr_par' dir='ltr' id='par_1_98' title="bbox 932 2101 1753 2146">
     <span class='ocr_line' id='line_1_98' title="bbox 932 2101 1753 2146; baseline 0.006 -14"><span class='ocrx_word' id='word_1_667' title='bbox 932 2101 1116 2146; x_wconf 82' lang='lat' dir='ltr'><strong>tricesimum</strong></span> <span class='ocrx_word' id='word_1_668' title='bbox 1132 2103 1364 2144; x_wconf 86' lang='lat' dir='ltr'><strong>baptizabantur.</strong></span> <span class='ocrx_word' id='word_1_669' title='bbox 1380 2104 1454 2135; x_wconf 74' lang='lat' dir='ltr'><strong>Alite</strong></span> <span class='ocrx_word' id='word_1_670' title='bbox 1478 2105 1628 2136; x_wconf 41' lang='lat' dir='ltr'><strong>nonnullae</strong></span> <span class='ocrx_word' id='word_1_671' title='bbox 1643 2106 1753 2146; x_wconf 81' lang='lat' dir='ltr'><strong>legales</strong></span> 
     </span>
    </p>
   </div>
   <div class='ocr_carea' id='block_1_99' title="bbox 931 2145 1752 2188">
    <p class='ocr_par' dir='ltr' id='par_1_99' title="bbox 931 2145 1752 2188">
     <span class='ocr_line' id='line_1_99' title="bbox 931 2145 1752 2188; baseline 0.006 -11"><span class='ocrx_word' id='word_1_672' title='bbox 931 2145 1318 2179; x_wconf 83' lang='lat' dir='ltr'><strong>observationesaﬁdelibus</strong></span> <span class='ocrx_word' id='word_1_673' title='bbox 1325 2149 1752 2188; x_wconf 88' lang='lat' dir='ltr'><strong>custodiebantur.Pontiﬁces,</strong></span> 
     </span>
    </p>
   </div>
   <div class='ocr_carea' id='block_1_100' title="bbox 931 2191 1753 2236">
    <p class='ocr_par' dir='ltr' id='par_1_100' title="bbox 931 2191 1753 2236">
     <span class='ocr_line' id='line_1_100' title="bbox 931 2191 1753 2236; baseline 0.006 -15"><span class='ocrx_word' id='word_1_674' title='bbox 931 2200 997 2222; x_wconf 92' lang='lat' dir='ltr'><strong>cum</strong></span> <span class='ocrx_word' id='word_1_675' title='bbox 1007 2191 1148 2222; x_wconf 87' lang='lat' dir='ltr'><strong>uxoribus</strong></span> <span class='ocrx_word' id='word_1_676' title='bbox 1159 2192 1380 2233; x_wconf 89' lang='lat' dir='ltr'><strong>copulabantur.</strong></span> <span class='ocrx_word' id='word_1_677' title='bbox 1399 2194 1483 2225; x_wconf 83' lang='lat' dir='ltr'><strong>Nunc</strong></span> <span class='ocrx_word' id='word_1_678' title='bbox 1488 2203 1575 2234; x_wconf 88' lang='lat' dir='ltr'><strong>porro</strong></span> <span class='ocrx_word' id='word_1_679' title='bbox 1584 2195 1658 2226; x_wconf 88' lang='lat' dir='ltr'><strong>nihil</strong></span> <span class='ocrx_word' id='word_1_680' title='bbox 1670 2196 1753 2236; x_wconf 88' lang='lat' dir='ltr'><strong>ejus-</strong></span> 
     </span>
    </p>
   </div>
   <div class='ocr_carea' id='block_1_101' title="bbox 933 2236 1752 2280">
    <p class='ocr_par' dir='ltr' id='par_1_101' title="bbox 933 2236 1752 2280">
     <span class='ocr_line' id='line_1_101' title="bbox 933 2236 1752 2280; baseline 0.006 -14"><span class='ocrx_word' id='word_1_681' title='bbox 933 2236 1051 2266; x_wconf 91' lang='lat' dir='ltr'><strong>modiiu</strong></span> <span class='ocrx_word' id='word_1_682' title='bbox 1064 2246 1119 2267; x_wconf 90' lang='lat' dir='ltr'><strong>usu</strong></span> <span class='ocrx_word' id='word_1_683' title='bbox 1132 2241 1177 2268; x_wconf 86' lang='lat' dir='ltr'><strong>est</strong></span> <span class='ocrx_word' id='word_1_684' title='bbox 1191 2261 1199 2276; x_wconf 88' lang='lat'><strong>,</strong></span> <span class='ocrx_word' id='word_1_685' title='bbox 1212 2237 1351 2278; x_wconf 84' lang='lat' dir='ltr'><strong>quoniam</strong></span> <span class='ocrx_word' id='word_1_686' title='bbox 1364 2244 1468 2270; x_wconf 87' lang='lat' dir='ltr'><strong>sancta</strong></span> <span class='ocrx_word' id='word_1_687' title='bbox 1478 2238 1532 2270; x_wconf 90' lang='lat' dir='ltr'><strong>Dei</strong></span> <span class='ocrx_word' id='word_1_688' title='bbox 1541 2239 1673 2271; x_wconf 88' lang='lat' dir='ltr'><strong>Ecclesia</strong></span> <span class='ocrx_word' id='word_1_689' title='bbox 1684 2243 1752 2280; x_wconf 74' lang='lat' dir='ltr'><strong>(jam</strong></span> 
     </span>
    </p>
   </div>
   <div class='ocr_carea' id='block_1_102' title="bbox 932 2281 1752 2325">
    <p class='ocr_par' dir='ltr' id='par_1_102' title="bbox 932 2281 1752 2325">
     <span class='ocr_line' id='line_1_102' title="bbox 932 2281 1752 2325; baseline 0.005 -13"><span class='ocrx_word' id='word_1_690' title='bbox 932 2281 1044 2312; x_wconf 91' lang='lat' dir='ltr'><strong>dictum</strong></span> <span class='ocrx_word' id='word_1_691' title='bbox 1059 2281 1122 2322; x_wconf 85' lang='lat' dir='ltr'><strong>fuit)</strong></span> <span class='ocrx_word' id='word_1_692' title='bbox 1137 2282 1246 2313; x_wconf 88' lang='lat' dir='ltr'><strong>robore</strong></span> <span class='ocrx_word' id='word_1_693' title='bbox 1261 2283 1363 2322; x_wconf 88' lang='lat' dir='ltr'><strong>crevit,</strong></span> <span class='ocrx_word' id='word_1_694' title='bbox 1379 2287 1468 2324; x_wconf 89' lang='lat' dir='ltr'><strong>atque</strong></span> <span class='ocrx_word' id='word_1_695' title='bbox 1491 2283 1528 2314; x_wconf 84' lang='lat' dir='ltr'><strong>ad</strong></span> <span class='ocrx_word' id='word_1_696' title='bbox 1543 2284 1752 2325; x_wconf 82' lang='lat' dir='ltr'><strong>perfectiorem</strong></span> 
     </span>
    </p>
   </div>
   <div class='ocr_carea' id='block_1_103' title="bbox 933 2325 1202 2367">
    <p class='ocr_par' dir='ltr' id='par_1_103' title="bbox 933 2325 1202 2367">
     <span class='ocr_line' id='line_1_103' title="bbox 933 2325 1202 2367; baseline 0.007 -11"><span class='ocrx_word' id='word_1_697' title='bbox 933 2325 1069 2367; x_wconf 88' lang='lat' dir='ltr'><strong>provenit</strong></span> <span class='ocrx_word' id='word_1_698' title='bbox 1082 2330 1202 2358; x_wconf 90' lang='lat' dir='ltr'><strong>statum.</strong></span> 
     </span>
    </p>
   </div>
   <div class='ocr_carea' id='block_1_104' title="bbox 971 2421 1754 2468">
    <p class='ocr_par' dir='ltr' id='par_1_104' title="bbox 971 2421 1754 2468">
     <span class='ocr_line' id='line_1_104' title="bbox 971 2421 1754 2468; baseline 0.005 -14"><span class='ocrx_word' id='word_1_699' title='bbox 971 2422 1021 2468; x_wconf 68' lang='grc'><strong>25.</strong></span> <span class='ocrx_word' id='word_1_700' title='bbox 1033 2421 1067 2453; x_wconf 90' lang='lat' dir='ltr'><strong>Et</strong></span> <span class='ocrx_word' id='word_1_701' title='bbox 1077 2422 1147 2463; x_wconf 92' lang='lat' dir='ltr'><strong>quid</strong></span> <span class='ocrx_word' id='word_1_702' title='bbox 1158 2422 1266 2454; x_wconf 90' lang='lat' dir='ltr'><strong>mirum</strong></span> <span class='ocrx_word' id='word_1_703' title='bbox 1279 2427 1329 2455; x_wconf 90' lang='lat' dir='ltr'><strong>aut</strong></span> <span class='ocrx_word' id='word_1_704' title='bbox 1340 2434 1459 2466; x_wconf 88' lang='lat' dir='ltr'><strong>novum,</strong></span> <span class='ocrx_word' id='word_1_705' title='bbox 1468 2426 1494 2457; x_wconf 87' lang='lat' dir='ltr'><strong>si</strong></span> <span class='ocrx_word' id='word_1_706' title='bbox 1516 2429 1586 2458; x_wconf 91' lang='lat' dir='ltr'><strong>tunc</strong></span> <span class='ocrx_word' id='word_1_707' title='bbox 1600 2427 1754 2468; x_wconf 86' lang='lat' dir='ltr'><strong>temporis,</strong></span> 
     </span>
    </p>
   </div>
   <div class='ocr_carea' id='block_1_105' title="bbox 930 2467 1755 2513">
    <p class='ocr_par' dir='ltr' id='par_1_105' title="bbox 930 2467 1755 2513">
     <span class='ocr_line' id='line_1_105' title="bbox 930 2467 1755 2513; baseline 0.007 -16"><span class='ocrx_word' id='word_1_708' title='bbox 930 2477 996 2498; x_wconf 92' lang='lat' dir='ltr'><strong>cum</strong></span> <span class='ocrx_word' id='word_1_709' title='bbox 1006 2467 1152 2513; x_wconf 85' lang='lat' dir='ltr'><strong>inciperet</strong></span> <span class='ocrx_word' id='word_1_710' title='bbox 1162 2467 1312 2508; x_wconf 86' lang='lat' dir='ltr'><strong>Evangelii</strong></span> <span class='ocrx_word' id='word_1_711' title='bbox 1324 2470 1505 2510; x_wconf 73' lang='lat' dir='ltr'><strong>praedicatio,</strong></span> <span class='ocrx_word' id='word_1_712' title='bbox 1516 2471 1665 2513; x_wconf 87' lang='lat' dir='ltr'><strong>discipuli,</strong></span> <span class='ocrx_word' id='word_1_713' title='bbox 1680 2472 1755 2503; x_wconf 92' lang='lat' dir='ltr'><strong>mul-</strong></span> 
     </span>
    </p>
   </div>
   <div class='ocr_carea' id='block_1_106' title="bbox 931 2512 1756 2558">
    <p class='ocr_par' dir='ltr' id='par_1_106' title="bbox 931 2512 1756 2558">
     <span class='ocr_line' id='line_1_106' title="bbox 931 2512 1756 2558; baseline 0.007 -16"><span class='ocrx_word' id='word_1_714' title='bbox 931 2515 1030 2543; x_wconf 91' lang='lat' dir='ltr'><strong>torum</strong></span> <span class='ocrx_word' id='word_1_715' title='bbox 1044 2512 1211 2544; x_wconf 89' lang='lat' dir='ltr'><strong>inﬁrmitati</strong></span> <span class='ocrx_word' id='word_1_716' title='bbox 1225 2522 1292 2545; x_wconf 88' lang='lat' dir='ltr'><strong>sese</strong></span> <span class='ocrx_word' id='word_1_717' title='bbox 1315 2512 1756 2558; x_wconf 28' lang='lat' dir='ltr'><strong>accommodantesppermise-</strong></span> 
     </span>
    </p>
   </div>
   <div class='ocr_carea' id='block_1_107' title="bbox 684 2660 1133 2703">
    <p class='ocr_par' dir='ltr' id='par_1_107' title="bbox 684 2660 1133 2703">
     <span class='ocr_line' id='line_1_107' title="bbox 684 2660 1133 2703; baseline 0 -9"><span class='ocrx_word' id='word_1_718' title='bbox 684 2662 769 2694; x_wconf 88' lang='lat' dir='ltr'><strong>Joau.</strong></span> <span class='ocrx_word' id='word_1_719' title='bbox 787 2661 872 2703; x_wconf 84' lang='lat' dir='ltr'><strong>Bapt.</strong></span> <span class='ocrx_word' id='word_1_720' title='bbox 888 2660 1030 2694; x_wconf 86' lang='lat' dir='ltr'><strong>Cotelerii</strong></span> <span class='ocrx_word' id='word_1_721' title='bbox 1045 2665 1133 2694; x_wconf 71' lang='lat' dir='ltr'><strong>notae.</strong></span> 
     </span>
    </p>
   </div>
   <div class='ocr_carea' id='block_1_108' title="bbox 102 2728 893 2770">
    <p class='ocr_par' dir='ltr' id='par_1_108' title="bbox 102 2728 893 2770">
     <span class='ocr_line' id='line_1_108' title="bbox 102 2728 893 2770; baseline 0 -10"><span class='ocrx_word' id='word_1_722' title='bbox 102 2728 170 2770; x_wconf 73' lang='grc'><strong>(29)</strong></span> <span class='ocrx_word' id='word_1_723' title='bbox 190 2741 204 2758; x_wconf 71' lang='grc' dir='ltr'><strong>α</strong></span> <span class='ocrx_word' id='word_1_724' title='bbox 221 2729 284 2759; x_wconf 82' lang='grc' dir='ltr'>Μεθ’</span> <span class='ocrx_word' id='word_1_725' title='bbox 297 2731 383 2769; x_wconf 85' lang='grc' dir='ltr'>ὑμῶν.</span> <span class='ocrx_word' id='word_1_726' title='bbox 398 2743 409 2761; x_wconf 80' lang='grc' dir='ltr'>ι)</span> <span class='ocrx_word' id='word_1_727' title='bbox 425 2731 549 2764; x_wconf 83' lang='lat' dir='ltr'><strong>Addunt</strong></span> <span class='ocrx_word' id='word_1_728' title='bbox 559 2731 646 2763; x_wconf 91' lang='lat' dir='ltr'><strong>codd.</strong></span> <span class='ocrx_word' id='word_1_729' title='bbox 658 2730 728 2767; x_wconf 72' lang='grc'><strong>912,</strong></span> <span class='ocrx_word' id='word_1_730' title='bbox 739 2731 831 2766; x_wconf 68' lang='grc'><strong>2473,</strong></span> <span class='ocrx_word' id='word_1_731' title='bbox 842 2731 893 2770; x_wconf 81' lang='grc' dir='ltr'>πρὸ</span> 
     </span>
    </p>
   </div>
   <div class='ocr_carea' id='block_1_109' title="bbox 59 2770 853 2812">
    <p class='ocr_par' dir='ltr' id='par_1_109' title="bbox 59 2770 853 2812">
     <span class='ocr_line' id='line_1_109' title="bbox 59 2770 853 2812; baseline 0.003 -12"><span class='ocrx_word' id='word_1_732' title='bbox 59 2775 111 2800; x_wconf 77' lang='grc' dir='ltr'>τοῦ</span> <span class='ocrx_word' id='word_1_733' title='bbox 127 2781 164 2812; x_wconf 19' lang='grc' dir='ltr'>μεν</span> <span class='ocrx_word' id='word_1_734' title='bbox 182 2773 277 2800; x_wconf 80' lang='grc' dir='ltr'>παθεῖν</span> <span class='ocrx_word' id='word_1_735' title='bbox 291 2780 298 2788; x_wconf 87' lang='grc'>·</span> <span class='ocrx_word' id='word_1_736' title='bbox 313 2776 479 2812; x_wconf 80' lang='lat' dir='ltr'><strong>antequam</strong></span> <span class='ocrx_word' id='word_1_737' title='bbox 493 2773 609 2812; x_wconf 58' lang='lat' dir='ltr'><strong>patiar,</strong></span> <span class='ocrx_word' id='word_1_738' title='bbox 626 2772 698 2804; x_wconf 89' lang='lat' dir='ltr'><strong>Luc.</strong></span> <span class='ocrx_word' id='word_1_739' title='bbox 714 2779 786 2809; x_wconf 82' lang='lat' dir='ltr'><strong>xxu,</strong></span> <span class='ocrx_word' id='word_1_740' title='bbox 803 2770 853 2802; x_wconf 78' lang='grc'><strong>15.</strong></span> 
     </span>
    </p>
   </div>
   <div class='ocr_carea' id='block_1_110' title="bbox 105 2811 893 2856">
    <p class='ocr_par' dir='ltr' id='par_1_110' title="bbox 105 2811 893 2856">
     <span class='ocr_line' id='line_1_110' title="bbox 105 2811 893 2856; baseline -0.004 -15"><span class='ocrx_word' id='word_1_741' title='bbox 105 2811 173 2851; x_wconf 73' lang='grc'><strong>[30)</strong></span> <span class='ocrx_word' id='word_1_742' title='bbox 188 2811 404 2856; x_wconf 36' lang='grc' dir='ltr'>ιιίΛανθανόντως</span> <span class='ocrx_word' id='word_1_743' title='bbox 419 2814 456 2845; x_wconf 88' lang='grc' dir='ltr'>εἷς</span> <span class='ocrx_word' id='word_1_744' title='bbox 471 2811 519 2856; x_wconf 69' lang='grc' dir='ltr'>τῇν</span> <span class='ocrx_word' id='word_1_745' title='bbox 534 2819 588 2856; x_wconf 46' lang='grc' dir='ltr'>τοῦ.</span> <span class='ocrx_word' id='word_1_746' title='bbox 601 2811 803 2856; x_wconf 63' lang='grc' dir='ltr'>Ἀπολλιναρίορ</span> <span class='ocrx_word' id='word_1_747' title='bbox 816 2822 893 2856; x_wconf 80' lang='grc' dir='ltr'>περι-</span> 
     </span>
    </p>
   </div>
   <div class='ocr_carea' id='block_1_111' title="bbox 58 2851 894 2891">
    <p class='ocr_par' dir='ltr' id='par_1_111' title="bbox 58 2851 894 2891">
     <span class='ocr_line' id='line_1_111' title="bbox 58 2851 894 2891; baseline 0.002 -12"><span class='ocrx_word' id='word_1_748' title='bbox 58 2852 169 2880; x_wconf 81' lang='grc' dir='ltr'>πὶπτειν</span> <span class='ocrx_word' id='word_1_749' title='bbox 186 2851 300 2891; x_wconf 66' lang='grc' dir='ltr'>α’ῗρεσιν.</span> <span class='ocrx_word' id='word_1_750' title='bbox 321 2864 331 2882; x_wconf 82' lang='grc' dir='ltr'><strong>ι</strong></span> <span class='ocrx_word' id='word_1_751' title='bbox 359 2852 473 2885; x_wconf 73' lang='lat' dir='ltr'><strong>(litatur</strong></span> <span class='ocrx_word' id='word_1_752' title='bbox 487 2853 566 2884; x_wconf 90' lang='lat' dir='ltr'><strong>hunc</strong></span> <span class='ocrx_word' id='word_1_753' title='bbox 580 2852 611 2883; x_wconf 93' lang='lat' dir='ltr'><strong>in</strong></span> <span class='ocrx_word' id='word_1_754' title='bbox 627 2851 894 2883; x_wconf 86' lang='lat' dir='ltr'><strong>modumadoctis-</strong></span> 
     </span>
    </p>
   </div>
   <div class='ocr_carea' id='block_1_112' title="bbox 56 2891 892 2932">
    <p class='ocr_par' dir='ltr' id='par_1_112' title="bbox 56 2891 892 2932">
     <span class='ocr_line' id='line_1_112' title="bbox 56 2891 892 2932; baseline 0.001 -10"><span class='ocrx_word' id='word_1_755' title='bbox 56 2891 140 2923; x_wconf 89' lang='lat' dir='ltr'><strong>simo</strong></span> <span class='ocrx_word' id='word_1_756' title='bbox 157 2891 338 2924; x_wconf 85' lang='lat' dir='ltr'><strong>Combeﬁsio</strong></span> <span class='ocrx_word' id='word_1_757' title='bbox 354 2893 485 2925; x_wconf 82' lang='lat' dir='ltr'><strong>Auctarii</strong></span> <span class='ocrx_word' id='word_1_758' title='bbox 499 2893 530 2932; x_wconf 82' lang='lat'><strong>2,</strong></span> <span class='ocrx_word' id='word_1_759' title='bbox 547 2894 605 2926; x_wconf 92' lang='lat' dir='ltr'><strong>col.</strong></span> <span class='ocrx_word' id='word_1_760' title='bbox 621 2893 679 2925; x_wconf 84' lang='grc'><strong>437</strong></span> <span class='ocrx_word' id='word_1_761' title='bbox 698 2900 706 2924; x_wconf 92' lang='lat'>:</span> <span class='ocrx_word' id='word_1_762' title='bbox 736 2891 892 2923; x_wconf 79' lang='grc' dir='ltr'>Πλανῶντες</span> 
     </span>
    </p>
   </div>
   <div class='ocr_carea' id='block_1_113' title="bbox 276 2951 575 2986">
    <p class='ocr_par' dir='ltr' id='par_1_113' title="bbox 276 2951 575 2986">
     <span class='ocr_line' id='line_1_113' title="bbox 276 2951 575 2986; baseline 0.003 -4"><span class='ocrx_word' id='word_1_763' title='bbox 276 2951 403 2985; x_wconf 76' lang='grc' dir='ltr'>ΡΑτιιοι..</span> <span class='ocrx_word' id='word_1_764' title='bbox 420 2952 475 2986; x_wconf 78' lang='lat' dir='ltr'><strong>Gn.</strong></span> <span class='ocrx_word' id='word_1_765' title='bbox 489 2951 575 2985; x_wconf 79' lang='lat' dir='ltr'><strong>CXX.</strong></span> 
     </span>
    </p>
   </div>
   <div class='ocr_carea' id='block_1_114' title="bbox 934 2727 1759 2769">
    <p class='ocr_par' dir='ltr' id='par_1_114' title="bbox 934 2727 1759 2769">
     <span class='ocr_line' id='line_1_114' title="bbox 934 2727 1759 2769; baseline 0.011 -15"><span class='ocrx_word' id='word_1_766' title='bbox 934 2731 971 2762; x_wconf 77' lang='grc' dir='ltr'><strong>εἷς</strong></span> <span class='ocrx_word' id='word_1_767' title='bbox 985 2730 1035 2763; x_wconf 73' lang='grc' dir='ltr'>τὴν</span> <span class='ocrx_word' id='word_1_768' title='bbox 1050 2727 1250 2769; x_wconf 66' lang='grc' dir='ltr'>’ᾼπολλιναρίου</span> <span class='ocrx_word' id='word_1_769' title='bbox 1265 2729 1429 2768; x_wconf 85' lang='grc' dir='ltr'>περιπίπτειν</span> <span class='ocrx_word' id='word_1_770' title='bbox 1456 2729 1571 2769; x_wconf 69' lang='grc' dir='ltr'>αἵρεσιν,</span> <span class='ocrx_word' id='word_1_771' title='bbox 1594 2729 1642 2762; x_wconf 85' lang='lat' dir='ltr'><strong>Ne</strong></span> <span class='ocrx_word' id='word_1_772' title='bbox 1655 2738 1759 2763; x_wconf 75' lang='lat' dir='ltr'><strong>errore</strong></span> 
     </span>
    </p>
   </div>
   <div class='ocr_carea' id='block_1_115' title="bbox 934 2768 1481 2809">
    <p class='ocr_par' dir='ltr' id='par_1_115' title="bbox 934 2768 1481 2809">
     <span class='ocr_line' id='line_1_115' title="bbox 934 2768 1481 2809; baseline 0 -8"><span class='ocrx_word' id='word_1_773' title='bbox 934 2771 968 2801; x_wconf 77' lang='lat' dir='ltr'><strong>in</strong></span> <span class='ocrx_word' id='word_1_774' title='bbox 983 2768 1167 2809; x_wconf 73' lang='lat' dir='ltr'><strong>Apollinarii</strong></span> <span class='ocrx_word' id='word_1_775' title='bbox 1180 2768 1315 2809; x_wconf 73' lang='lat' dir='ltr'><strong>incidant</strong></span> <span class='ocrx_word' id='word_1_776' title='bbox 1331 2769 1481 2801; x_wconf 62' lang='lat' dir='ltr'><strong>heresim.</strong></span> 
     </span>
    </p>
   </div>
   <div class='ocr_carea' id='block_1_116' title="bbox 934 2808 1757 2881">
    <p class='ocr_par' dir='ltr' id='par_1_116' title="bbox 934 2808 1757 2881">
     <span class='ocr_line' id='line_1_116' title="bbox 934 2808 1757 2881; baseline 0.007 -44"><span class='ocrx_word' id='word_1_777' title='bbox 934 2808 1041 2881; x_wconf 52' lang='lat'><strong>69?!)</strong></span> <span class='ocrx_word' id='word_1_778' title='bbox 1052 2820 1063 2838; x_wconf 76' lang='grc' dir='ltr'>α</span> <span class='ocrx_word' id='word_1_779' title='bbox 1079 2810 1127 2838; x_wconf 80' lang='grc' dir='ltr'><strong>Καὶ</strong></span> <span class='ocrx_word' id='word_1_780' title='bbox 1137 2809 1220 2842; x_wconf 59' lang='grc' dir='ltr'>οὕτως</span> <span class='ocrx_word' id='word_1_781' title='bbox 1233 2808 1367 2845; x_wconf 51' lang='lat' dir='ltr'><strong>tanta.</strong></span> <span class='ocrx_word' id='word_1_782' title='bbox 1390 2820 1405 2840; x_wconf 86' lang='grc'><strong>»</strong></span> <span class='ocrx_word' id='word_1_783' title='bbox 1424 2809 1578 2851; x_wconf 85' lang='lat' dir='ltr'><strong>Hujusque</strong></span> <span class='ocrx_word' id='word_1_784' title='bbox 1592 2810 1669 2842; x_wconf 81' lang='lat' dir='ltr'><strong>liber</strong></span> <span class='ocrx_word' id='word_1_785' title='bbox 1683 2810 1757 2852; x_wconf 73' lang='lat' dir='ltr'><strong>Reg.</strong></span> 
     </span>
    </p>
   </div>
   <div class='ocr_carea' id='block_1_117' title="bbox 1562 2954 1603 2985">
    <p class='ocr_par' dir='ltr' id='par_1_117' title="bbox 1562 2954 1603 2985">
     <span class='ocr_line' id='line_1_117' title="bbox 1562 2954 1603 2985; baseline 0 0"><span class='ocrx_word' id='word_1_786' title='bbox 1562 2954 1603 2985; x_wconf 74' lang='lat'><strong>25</strong></span> 
     </span>
    </p>
   </div>
  </div>
