1976 3067
228 165 287 198 815

229 232 442 264 sanctiﬁcatum
453 231 581 263 animam
596 234 686 268 tuam,
697 239 731 260 ac
745 227 933 269 persuadeat,
946 231 979 258 ut
991 235 1050 258 ma-
1060 235 1080 255 Α

1117 225 1248 267 νλάδελφον
1265 234 1273 241 ⁸

223 276 284 316 jori
299 286 366 308 cum
382 275 586 308 moderatione
601 280 631 306 et
641 273 846 305 condescensu
860 272 895 303 ad
905 281 954 302 res
968 280 1050 302 acce-

228 315 299 362 das;
315 321 481 362 praesertim
497 318 547 351 ubi
562 320 593 350 in
607 319 714 357 Deum,
728 318 804 349 sicut
815 318 876 357 jam
899 315 973 354 dixi,
990 325 1047 346 non

228 365 307 398 cadit
319 370 505 407 contempus.

226 495 429 528 Sanctissimi
438 494 596 526 Michaetis
610 451 822 534 (chhiepiscopi
839 491 1046 524 Constantino-

267 540 346 580 polis
355 548 442 572 ηουω
452 539 555 571 Romae
564 547 600 570 ac
613 538 785 569 (Βοανηῖηίσί
795 536 994 577 patriarchae,
1005 544 1049 567 ce-

267 586 399 625 rulam'i,
411 585 452 616 ad
462 584 590 616 Petrum
594 582 806 624 patriarcham
814 581 1048 613 Antiochenam.

267 675 299 705 1.
325 674 483 715 Nunquam
510 672 646 704 diabolus
670 670 786 702 absistit
806 669 923 701 insidiis
948 674 1050 715 contra

225 729 293 758 nos,
311 723 340 751 et
352 714 500 750 machinis
511 718 653 750 adversus
667 725 759 756 genus
783 716 957 753 humanum,
974 714 1046 745 bea—

225 764 354 802 tissime,
369 763 423 795 sed
443 762 572 794 subinde
587 761 684 793 varias
697 760 728 791 in
739 760 830 791 vitam
846 759 951 790 excitat
967 759 1047 790 cala-

227 809 356 848 mitates,
381 817 416 839 ac
437 807 595 838 innumera
619 805 752 846 quotidie
776 809 881 835 contra
911 804 1048 834 homines

677 162 885 196 MICHAELIS
905 160 1114 193 CERULARII
1134 159 1192 191 GP.
1214 157 1471 191 PATRIABGH/E

1853 149 1912 182 816

1323 224 1482 265 παρακαλῶν
1533 222 1712 264 παρακαλέσαι
1769 221 1818 254 τὴν
1862 218 1912 252 σὴν

1090 265 1255 310 ἧγιασμένην
1300 271 1403 310 ψυχὴν,
1449 270 1493 298 καὶ
1541 276 1632 297 πετο-αι
1675 265 1848 307 μετριώτερόν
1882 273 1911 291 τε

1089 309 1134 344 καὶ
1168 309 1461 355 συγκαταϐατικώτερον
1495 313 1627 343 συνελθεῖν
1671 323 1700 341 σε
1734 318 1792 344 τοῖς
1830 309 1913 348 πράγ-

1091 372 1167 399 μασι,
1183 362 1228 389 καὶ
1249 360 1349 399 μᾶλλον
1376 361 1405 389 οὗ
1430 361 1467 398 μή
1494 359 1548 388 ἐστι
1571 359 1647 394 Θεὸς,
1664 359 1701 390 ὼς
1723 356 1802 397 ἔφθην
1818 355 1910 393 εἰπὼν,

1089 406 1120 434 τὸ
1135 405 1381 446 περιφρονούμενον.

1481 445 1522 480 E'.

1094 506 1105 523 α
1139 491 1301 535 εΑγιωτάτου
1343 494 1455 534 Μιχαὴλ
1489 493 1698 534 ἀρχιεπισκόπου
1740 497 1911 521 Κωνσταντι-

1131 540 1280 572 νουπόλεως
1295 540 1355 572 νέας
1372 535 1477 577 εΡώμης
1490 540 1535 568 καὶ
1553 540 1733 576 οἱκουμενικοῦ
1745 536 1913 576 πατριάρχου

1130 588 1177 613 τοῦ
1198 584 1370 625 κηρουλαρίου
1390 586 1455 624 πρὸς
1479 585 1525 612 τὸν
1546 582 1712 623 Ἀντιοχείας
1742 581 1912 620 πατριάρχην

1131 629 1239 669 Πέτρον.
1266 642 1280 658 τι
1788 627 1793 632 ’

1131 668 1169 702 α’.
1197 675 1232 702 Οὔ
1262 674 1372 702 παύεταί
1399 684 1464 702 ποτε
1491 677 1544 702 τῶν
1573 673 1629 702 καθ’
1660 673 1736 710 ἡμῶν
1765 669 1913 699 ἐπιϐουλῶν

1090 718 1134 746 καὶ
1147 722 1199 746 τῶν
1214 719 1282 747 κατὰ
1296 722 1342 747 τοῦ
1369 719 1529 758 ἀνθρωπίνου
1558 718 1650 758 γένους
1679 719 1694 745 ὁ
1721 717 1838 755 πονηρὸς
1861 727 1914 752 μη-

1088 763 1266 803 χανημάτων,
1304 763 1500 803 μακαριώτατε,
1529 762 1623 791 ἄλλοτε
1657 761 1739 794 ἄλλας
1768 760 1912 799 ἐπεγείρων

1089 810 1128 844 τῷ
1162 808 1211 846 βίῳ
1245 808 1292 840 τὰς
1327 809 1472 848 συμφορὰς,
1503 809 1547 836 καὶ
1574 808 1653 847 μυρία
1680 806 1842 838 κεθεκάστην
1879 805 1914 832 τα

225 856 392 885 commovet
405 855 584 889 commenta,
602 860 653 891 per
662 851 825 881 eaomnino
841 858 895 880 nos
909 858 1048 890 quassare
1060 858 1078 883 Β

1117 853 1156 881 ιτὰ
1190 855 1243 880 τῶν
1273 853 1417 892 ἀνθρώπων
1449 853 1579 881 ἀνακινῶν
1614 851 1789 892 ἐφευρέματα,
1824 861 1912 878 κατα-

225 908 260 930 ac
280 897 411 938 dejicere
436 897 571 927 moliens.
592 896 627 927 Et
653 895 800 926 interdum
827 894 946 935 quidem
962 894 1045 931 alias,

226 943 315 984 plane
328 951 397 973 vero
413 942 556 978 inﬁnitas,
573 940 756 980 diversisque
771 938 966 979 temporibus,
983 947 1048 978 pro-

225 983 316 1019 cellas
329 986 394 1017 vitae
409 986 542 1017 immisit.
557 985 640 1016 Nunc
654 994 722 1015 vero
737 988 890 1024 postquam
909 987 969 1013 tum
984 983 1046 1013 hie-

225 1041 332 1063 reseou
347 1036 445 1062 amota
459 1035 528 1061 sunt
548 1029 696 1066 scandala,
710 1033 770 1059 tum
789 1028 961 1059 orthodoxm
977 1027 1046 1057 ﬁdei

225 1077 324 1108 fontes
334 1076 454 1116 copiose
465 1079 493 1106 et
505 1074 632 1106 ubertim
644 1074 680 1104 ad
696 1074 772 1104 ﬁnes
786 1076 872 1105 terrae
887 1072 1042 1103 difﬂuunt:

226 1121 364 1152 homines
375 1119 517 1160 quosdam
531 1118 741 1156 exsecrandos,
751 1118 870 1157 impios,
880 1120 909 1148 et
917 1127 974 1157 quo
986 1126 1045 1147 non

225 1175 277 1197 eos
292 1165 408 1206 piorum
419 1164 566 1205 quispiam
578 1162 770 1204 appellaverit
785 1161 929 1193 nomine?
943 1161 981 1192 ab
991 1160 1052 1193 0c-‘

225 1210 343 1241 cidente
364 1209 395 1241 in
417 1218 551 1248 magnam
571 1208 648 1239 hanc
662 1207 972 1248 propulitcivitatem;
995 1206 1045 1247 qui

224 1255 345 1295 quidem
357 1254 502 1285 adventus
514 1254 560 1284 sui
571 1262 690 1284 causam
702 1256 931 1293 praetexuerunl,
944 1261 960 1282 a
971 1261 1045 1292 papa

226 1300 332 1330 missos
343 1302 376 1330 Se
389 1307 465 1337 esse,
481 1307 581 1329 verum
603 1297 708 1337 Argyri
721 1297 832 1328 dolosis
845 1296 1045 1335 suggestioni—

224 1343 280 1374 bus
294 1343 488 1384 consiliisque
509 1343 546 1373 ad
563 1342 748 1382 imperialem
766 1341 870 1372 urbem
886 1345 1041 1378 venerunt,

224 1387 276 1419 ubi
301 1387 467 1429 ingentium
492 1386 700 1419 scandalorum
724 1395 828 1418 causas
853 1389 910 1416 tam
934 1385 965 1415 in
980 1385 1045 1416 aliis

224 1441 314 1473 quam
331 1432 473 1464 adversus
487 1432 582 1472 ipsam
599 1431 738 1471 pietatem
754 1431 825 1461 dare
850 1429 948 1461 conati
963 1434 1043 1461 sunt.

1087 898 1167 925 σείειν
1193 898 1295 929 τούτοις
1318 898 1425 930 πάντως
1446 899 1518 936 ἡμᾶς
1546 898 1589 925 καὶ
1616 895 1792 925 καταϐάλλειν
1821 895 1912 933 ἐκμη-

1088 943 1258 982 χανώμενος.
1282 944 1330 972 Καὶ
1358 942 1452 971 ἄλλοτε
1481 943 1528 981 μὲν
1557 942 1651 978 ἄλλας,
1677 942 1768 981 μυρίας
1790 940 1818 968 δὲ
1839 942 1912 972 πάν-

1087 998 1154 1023 τως,
1185 988 1228 1015 καὶ
1256 988 1324 1016 κατὰ
1362 987 1500 1028 διαφόρους
1537 986 1654 1027 καιροὺς,
1691 987 1738 1018 τὰς
1773 986 1913 1024 τρικυμίας

1087 1036 1126 1070 τῷ
1140 1033 1190 1070 βιῳ
1204 1032 1326 1072 ἐπήγειρε
1344 1043 1350 1049 ·
1380 1038 1424 1062 νῦν
1452 1032 1478 1060 δὲ
1507 1031 1550 1060 ὅτε
1579 1033 1623 1060 καὶ
1650 1032 1683 1060 τὰ
1703 1035 1756 1060 τῶν
1784 1031 1912 1071 αἱρέσεων

1087 1076 1204 1105 ἐκποδὼν
1240 1078 1363 1116 γεγόνασι
1395 1076 1525 1106 σκάνδαλα
1553 1078 1597 1106 καὶ
1626 1078 1652 1104 αἱ
1684 1079 1733 1110 τῆς
1762 1074 1913 1115 ὀρθοδοξίας

1085 1123 1170 1160 πηγαὶ
1195 1121 1313 1161 ἀφθόνως
1338 1123 1382 1150 καὶ
1409 1121 1527 1159 δαψιλῶς
1556 1123 1593 1154 εἰς
1620 1122 1653 1150 τὰ
1679 1125 1728 1155 τῆς
1753 1121 1912 1159 οἰκουμένης

1086 1164 1229 1205 διαρρέουσι
1265 1166 1375 1206 πέρατα,
1413 1166 1506 1206 ἄνδρας
1534 1167 1608 1198 τινὰς
1644 1166 1839 1205 ἀποτροπαίους
1869 1167 1913 1193 καὶ

1086 1208 1236 1247 δυσσεϐεῖς,
1264 1212 1308 1239 καὶ
1336 1211 1361 1238 τί
1389 1211 1438 1251 γὰρ
1467 1212 1514 1240 οὒκ
1541 1211 1572 1239 ἄν
1599 1223 1638 1243 τις
1668 1210 1780 1239 εὐσεϐῶν
1803 1211 1911 1242 τούτους

1086 1254 1290 1296 ἐξονομάσειεν;
1324 1255 1376 1284 ἀπὸ
1409 1259 1460 1289 τῆς
1494 1257 1614 1296 ἑσπερίου
1646 1257 1750 1295 μοίρας,
1787 1256 1824 1287 εἰς
1860 1256 1909 1288 τὴν

1086 1299 1267 1338 μεγαλόπολιν
1301 1300 1399 1334 ταύτην
1433 1300 1591 1338 συνήλασεν,
1634 1301 1717 1329 αἰτίαν
1763 1301 1812 1338 μὲν
1861 1303 1910 1333 τῆς

1086 1344 1173 1372 αὐτῶν
1208 1344 1319 1384 ἀφίξεως
1355 1345 1544 1383 σκηψαμένους
1579 1346 1609 1373 τὸ
1653 1346 1723 1384 παρὰ
1759 1349 1806 1373 τοῦ
1834 1345 1912 1373 πάπα

1086 1388 1281 1429 ἀποσταλῆναι,
1323 1389 1390 1417 ἀλλὰ
1427 1397 1489 1422 ταῖς
1532 1395 1578 1420 τοῦ
1619 1388 1745 1429 Ἀργυροῦ
1786 1388 1911 1429 δολεραῖς

1086 1433 1230 1468 ὑποθήκαις
1265 1436 1309 1463 καὶ
1343 1433 1505 1473 συμϐουλαῖς
1547 1435 1589 1467 εἴς
1633 1445 1662 1462 τε
1696 1435 1746 1468 τὴν
1788 1433 1911 1472 βασιλίδα

223 1477 301 1506 πόλιν
317 1477 504 1518 ἀφικομένους,
519 1477 563 1505 καὶ
585 1475 707 1516 μεγάλων
731 1475 883 1505 σκανδάλων
915 1475 1035 1515 ἀφορμὰς
1063 1478 1132 1506 κατά
1152 1489 1181 1506 τε
1206 1478 1295 1508 ἄλλων
1322 1481 1366 1509 καὶ
1386 1481 1454 1510 κατὰ
1481 1483 1531 1514 τῆς
1560 1479 1692 1512 ευσεϐείας
1720 1480 1802 1514 αὒτῆς
1824 1479 1913 1509 δοῦναι

223 1521 430 1554 σπουδάσαντας.

263 1566 294 1598 2.
306 1567 351 1598 Ac
366 1575 469 1598 eorum
480 1565 601 1606 quidem
612 1564 696 1610 dolos
709 1564 794 1610 alios,
807 1573 875 1610 cum
891 1564 1040 1595 machina-
1051 1571 1071 1596 C

1123 1562 1159 1606 β’.
1177 1568 1242 1602 Τοὺς
1255 1569 1304 1607 μὲν
1327 1569 1422 1603 ἄλλους
1438 1569 1529 1602 δόλους
1543 1572 1588 1600 καὶ
1608 1572 1656 1604 τὰς
1684 1570 1844 1610 δυστρόπους
1867 1566 1913 1598 καὶ

224 1611 357 1642 tionibus
372 1609 521 1652 perversis
533 1609 701 1650 ineptisque
716 1609 785 1650 quid
802 1609 906 1640 attinet
919 1618 1043 1640 enarra—

223 1666 257 1688 re
267 1656 281 1688 ἳ
292 1655 388 1697 thue
402 1655 508 1687 litterae
516 1664 590 1695 quas
598 1654 634 1685 ad
647 1664 701 1685 nos
710 1659 738 1685 et
749 1654 785 1685 ad
794 1657 944 1694 potentem
957 1663 1044 1685 sanc-

224 1706 347 1741 tumque
369 1704 502 1731 nostrum
528 1700 738 1740 imperatorem
762 1698 944 1736 detulerunt,
971 1709 1044 1730 con-

224 1746 299 1777 ﬁctae
313 1745 491 1784 exstiterint,
505 1744 669 1784 sigillorum
682 1743 784 1774 fraude
792 1748 821 1774 et
831 1743 1046 1775 adulteratione

224 1791 320 1831 palam
332 1791 504 1830 ﬁgmentum
515 1788 724 1820 convincinte‘?
735 1788 819 1825 Quod
830 1792 928 1819 autem
940 1788 1046 1819 ordine

225 1840 406 1875 postremum
424 1839 479 1872 est,
504 1834 707 1874 magnitudine
723 1833 844 1864 malitiae
858 1842 892 1863 ac
905 1833 1046 1873 nequitiae

224 1880 364 1921 primum,
378 1879 409 1910 id
425 1879 536 1919 scripto
552 1878 765 1919 representabo
782 1877 957 1918 perfectioni
976 1882 1044 1910 tuae.

264 2015 295 2047 3.
311 2015 469 2055 Postquam
485 2013 666 2054 deprehensi
680 2017 750 2044 sunt
764 2012 983 2044 fraudulentam
998 2012 1044 2043 fe-

224 2059 301 2091 cisse
315 2058 528 2100 perfectionem
544 2058 717 2099 litterasque
734 2058 866 2096 ﬁnxisse,
876 2058 972 2089 varios
983 2057 1047 2098 qui-

225 2104 294 2136 dem
309 2113 464 2135 sermones
479 2103 620 2144 superhia
635 2107 664 2134 et
677 2102 857 2134 conﬁdentia
872 2103 976 2143 plenos
990 2102 1045 2133 ad-

1084 1612 1235 1652 περιέργους
1262 1613 1348 1642 αὐτῶν
1367 1624 1373 1630 ·
1406 1615 1544 1655 μηχανὰς,
1575 1617 1619 1644 καὶ
1640 1617 1678 1648 ὡς
1699 1615 1716 1644 ἂ
1750 1614 1912 1655 ἐπεφέροντο

1086 1657 1151 1697 πρός
1187 1669 1215 1686 τε
1251 1659 1324 1696 ἡμᾶς
1357 1660 1402 1688 καὶ
1430 1660 1496 1699 πρὸς
1526 1661 1572 1688 τὸν
1598 1661 1724 1700 κραταιὸν
1759 1661 1805 1688 καὶ
1835 1660 1913 1698 ἅγιον

1087 1702 1163 1739 ἡμῶν
1222 1703 1400 1743 αὐτοκράτορα
1467 1705 1611 1744 γράμματα
1616 1727 1623 1741 ,
1689 1705 1913 1743 πεπλαστευμένα

1087 1745 1246 1785 ἐτύγχανον,
1279 1751 1328 1780 τῆς
1355 1751 1408 1776 τῶν
1429 1748 1577 1788 σφραγίδων
1606 1749 1747 1784 ἐπιϐουλῆς
1776 1761 1821 1778 και
1854 1760 1912 1778 πα-

1087 1792 1252 1830 ραποιήσεως
1282 1791 1423 1832 διαρρήδην
1448 1793 1626 1833 ἐπελεγξασης
1653 1795 1701 1829 τὴν
1736 1794 1911 1835 πλάστευσινι,

1085 1835 1111 1863 τί
1137 1834 1171 1881 ἂν
1183 1836 1226 1864 καὶ
1248 1835 1389 1876 διηγοίμην
1407 1847 1415 1878 ;
1440 1838 1454 1866 ὃ
1480 1837 1507 1866 δὲ
1533 1841 1567 1877 τῇ
1581 1839 1629 1877 μὲν
1650 1839 1721 1872 τάξει
1743 1834 1912 1881 τελευταῖον,

1086 1883 1124 1925 τῷ
1151 1878 1179 1907 δὲ
1207 1881 1311 1921 μεγέθει
1336 1884 1386 1917 τῆς
1411 1883 1504 1915 κακίας
1540 1885 1584 1913 καὶ
1605 1885 1733 1924 πονηρίας
1761 1878 1910 1925 πρωτεῦόν,

1086 1924 1155 1965 ἐστι,
1187 1930 1264 1956 τοῦτο
1290 1925 1332 1955 διὰ
1359 1929 1461 1968 γραφῆς
1489 1929 1653 1968 παραστήσω
1679 1932 1713 1968 τῇ
1804 1924 1912 1959 τελειόέ

1086 1980 1147 2003 τητι
1152 1990 1161 1999 ι

1127 2008 1165 2053 γ’,
1183 2009 1230 2047 (Ως
1253 2015 1302 2055 γὰρ
1331 2017 1374 2046 καὶ
1395 2017 1445 2051 τὴν
1471 2017 1556 2058 ἄφιξιν
1577 2017 1686 2058 δολερὰν
1719 2019 1913 2058 ποιησάμενοι,

1086 2058 1130 2103 καί
1165 2058 1198 2088 τὰ
1213 2060 1369 2103 ,γράμματα
1403 2060 1631 2100 πλαστευσάμενοι
1659 2062 1844 2103 ἐφωράθησαν,
1868 2066 1914 2093 καὶ

1087 2102 1183 2135 ἄλλους
1209 2102 1236 2131 δὲ
1264 2103 1359 2144 λόγους
1400 2106 1542 2146 ὑπεροψίας
1581 2109 1627 2136 καὶ
1660 2102 1770 2148 θράσους
1798 2110 1913 2147 μεστοὺς

223 2157 326 2180 versus
338 2153 450 2179 rectam
463 2148 551 2179 ﬁdem
563 2147 744 2179 addiderunt
757 2157 764 2178 :
779 2157 797 2193 τι
806 2147 893 2193 nobis
908 2148 1048 2188 deprava-

1117 2148 1156 2176 ιτὰ
1188 2150 1238 2181 τῆς
1259 2149 1408 2193 ,ὀρθοδόξου
1444 2152 1558 2184 πίστεως
1592 2147 1788 2193 ὑπηγόρεύοντο
1804 2163 1811 2171 '
1848 2154 1913 2193 παρ’

226 2198 284 2225 tam
299 2202 366 2225 esse
381 2193 603 2230 orthodoxiam,
623 2202 690 2223 cum
715 2192 746 2223 in
773 2192 850 2233 aliis,
878 2183 997 2223 tum'in
1013 2201 1047 2222 eo

1117 2199 1156 2221 ιτν
1183 2193 1232 2230 μὲν
1254 2183 1401 2234 διεφθάρθαι
1426 2196 1458 2224 τὸ
1484 2183 1701 2237 ὀρθόδοξονίδιάὶ
1725 2199 1758 2227 τά
1784 2209 1814 2227 τε
1829 2183 1900 2228 ἄλλά

225 2239 304 2280 quod
320 2238 462 2287 Spiritum
478 2223 613 2287 sancto
631 2223 864 2268 asseveremusa
874 2237 937 2287 solo
948 2237 1046 2274 Patre,
1058 2263 1080 2287 Β

1117 2238 1132 2265 ιὶ
1153 2237 1193 2287 ὅτι
1219 2237 1249 2266 ἐκ
1271 2223 1317 2267 rei")
1343 2223 1458 2280 ὶῙατρὸς,
1481 2223 1575 2283 μῑίνου,
1597 2223 1666 2271 ἀλλὰ
1695 2244 1735 2281 μὴ
1762 2244 1807 2271 καὶ
1821 2243 1853 2272 ἐκ
1866 2223 1915 2272 toi,»

226 2292 285 2315 non
296 2287 395 2314 autem
416 2283 532 2314 etiama
543 2282 618 2313 Filio
635 2283 817 2322 procedere;
834 2281 911 2322 apud
928 2291 960 2313 se
977 2291 1047 2312 vero
1058 2281 1079 2287 “’

1117 2285 1150 2310 ,οῦ
1162 2283 1192 2310 τὸ
1206 2286 1312 2329 Ιξνεῠμα
1335 2285 1365 2312 τὸ
1388 2284 1463 2324 ἅγιον
1478 2281 1663 2326 ἐκπορεύεσθαι
1686 2287 1799 2327 λέγομεν
1816 2298 1825 2305 ·
1848 2289 1914 2329 παρ’

225 2328 284 2360 hoc
307 2337 411 2359 sanum
435 2336 614 2368 permanere
628 2336 662 2358 ac
678 2327 795 2358 ﬁrmum
819 2326 1044 2368 pertendentes.

1117 2333 1194 2359 ποτοῖς
1218 2326 1245 2355 δὲ
1269 2328 1342 2368 ὖγιὲς
1357 2329 1428 2357 εἶναι
1443 2329 1632 2369 διασεινόμενοι
1653 2326 1731 2361 τοῦτο
1745 2334 1789 2361 καὶ
1805 2326 1915 2374 ἀπαρᾶ-

226 2373 374 2405 Jactanter
384 2372 472 2403 etiam
481 2372 621 2417 dixerunt
631 2380 664 2402 se
677 2372 823 2412 profectos
831 2371 867 2403 ad
878 2375 1046 2417 nostrorum

1117 2382 1224 2417 ιαυστον.
1244 2370 1412 2410 Ἐκόμπαζιιν
1435 2373 1473 2411 δὲ,
1502 2376 1546 2404 καὶ
1570 2377 1607 2409 ὡς
1635 2376 1677 2406 ἐπὶ
1701 2376 1836 2417 διορθώσει
1859 2370 1915 2406 τῶν

226 2417 442 2449 correctionem
454 2426 512 2447 non
525 2416 560 2447 ad
570 2416 793 2457 perversiouem
806 2426 938 2447 suorum.
948 2416 983 2446 Et
995 2426 1047 2447 nos

1117 2415 1221 2455 ιετέρω,
1240 2419 1295 2462 ,οὐκ
1322 2418 1366 2446 ἐπὶ
1393 2417 1536 2460 διαστροφῇ
1564 2424 1618 2449 τῶν
1646 2415 1749 2451 οἰκείων
1773 2423 1912 2462 ἀφίκοντο,

226 2462 348 2503 quidem
364 2471 468 2493 eorum
482 2454 662 2502 colloquium
678 2461 982 2502 congressionemque
993 2461 1048 2492 de-

1117 2454 1187 2508 [μετς
1218 2461 1266 2508 μὲν
1293 2463 1349 2508 τὴν
1384 2454 1475 2508 αὐτῶν.
1506 2454 1659 2507 ’συντυχίαν
1700 2454 1914 2508 παρῃτησάμεθα

226 2507 440 2552 ῑτεοιονίιῃυες
469 2506 633 2552 tamrquod
659 2506 734 2538 certi
760 2515 894 2537 essemus
922 2506 988 2552 illos
1002 2505 1048 2552 ab

1117 2505 1133 2552 ιὶ
1152 2505 1202 2540 τὴν
1218 2505 1328 2540 ἔντευξιν
1344 2516 1351 2523 ⁶
1380 2507 1423 2536 διά
1451 2520 1480 2537 τε
1506 2510 1538 2538 τὸ
1566 2505 1744 2549 ἀμεταθέτως
1760 2505 1852 2552 γέχεινή
1870 2515 1916 2542 αὖ·

224 2552 378 2593 impietate
400 2551 545 2582 dimoveri
570 2560 630 2582 non
653 2559 752 2591 posse,
780 2560 867 2591 quam
895 2550 966 2591 quia
985 2550 1050 2581 sine

225 2596 387 2628 beatudine
397 2600 458 2635 tua,
471 2595 646 2637 caeterisque
662 2595 859 2627 sanctissimis
874 2595 1049 2636 patriarchis

226 2641 399 2682 hujusmodi
414 2641 452 2673 de
473 2641 566 2673 rebus
588 2640 679 2672 verba
703 2650 770 2672 cum
790 2640 893 2680 legatis
907 2640 1048 2671 Romanis

225 2695 427 2723 commovere,
444 2686 613 2727 putavimus
629 2690 658 2718 et
672 2686 956 2725 omninoindignum
970 2695 1045 2724 esse,

227 2736 258 2764 et
273 2731 497 2769 consuetudini,
516 2741 581 2772 quae
597 2730 803 2772 superioribus
819 2730 1001 2771 temporibus
1018 2729 1049 2761 in

225 2776 396 2817 hujusmodi
407 2776 546 2815 obtinuit,
562 2776 744 2808 contrarium
760 2784 795 2807 ac
806 2775 932 2807 minime
947 2784 1050 2806 conve-

224 2830 323 2853 utens.

1089 2549 1150 2581 τοὺς
1178 2553 1228 2584 τῆς
1257 2551 1407 2585 δυσσεϐείας
1434 2556 1592 2596 παπετσθαι,
1622 2557 1666 2585 καὶ
1694 2556 1735 2586 ὅτι
1772 2549 1833 2587 $2qu
1863 2561 1915 2592 τῆς

1090 2596 1139 2627 σῆς
1162 2596 1369 2636 μακαριότητος,
1399 2599 1443 2627 καὶ
1471 2602 1524 2629 τῶν
1551 2600 1639 2629 ἄλλων
1667 2603 1823 2642 ἁγιωτάτων
1857 2615 1916 2632 πα-

1088 2643 1234 2689 τριαρχῶν,
1263 2642 1325 2689 -ιιερὶἶ
1350 2643 1477 2672 τοιούτων
1504 2644 1599 2685 λόγους
1623 2648 1688 2687 πρὸς
1712 2649 1773 2681 τοὺς
1797 2660 1917 2684 τοποτη-

1090 2685 1172 2735 pne-51:;
1193 2688 1250 2735 ῌτῆς
1280 2685 1386 2735 ’ξ’ώμης
1424 2688 1572 2735 ἀνακινεῖν,
1611 2685 1655 2720 καὶ
1690 2692 1794 2726 ἀνάξιον
1830 2694 1915 2735 ὅλως,

1090 2731 1149 2759 κατὶ
1176 2732 1210 2768 τῇ
1236 2731 1304 2760 κατὰ
1331 2732 1392 2764 τοὺς
1421 2732 1476 2764 ἅνω
1502 2735 1615 2774 χρόνους
1642 2736 1669 2765 ἐν
1700 2744 1759 2770 τοῖς
1784 2731 1917 2773 τοιούτοις

1090 2775 1245 2814 κρατησάσῃ
1267 2777 1388 2812 συνηθείᾳ
1407 2777 1522 2807 ἐναντίον
1546 2780 1589 2808 καὶ
1613 2781 1800 2816 ἀκατάλληλον
1826 2784 1917 2823 ἐνομί-

1090 2824 1180 2857 ζομεν,
