  <div class='ocr_page' id='page_1' title='image "/cluster/home/n/w/nwhite01/storage/ocr_20150623/120/njp.32101010943973/513.png"; bbox 0 0 1976 3067; ppageno 0'>
   <div class='ocr_carea' id='block_1_1' title="bbox 207 186 265 219">
    <p class='ocr_par' dir='ltr' id='par_1_1' title="bbox 207 186 265 219">
     <span class='ocr_line' id='line_1_1' title="bbox 207 186 265 219; baseline 0.017 -1"><span class='ocrx_word' id='word_1_1' title='bbox 207 186 265 219; x_wconf 87' lang='grc'><strong>819</strong></span> 
     </span>
    </p>
   </div>
   <div class='ocr_carea' id='block_1_2' title="bbox 864 185 1234 218">
    <p class='ocr_par' dir='ltr' id='par_1_2' title="bbox 864 185 1234 218">
     <span class='ocr_line' id='line_1_2' title="bbox 864 185 1234 218; baseline 0.003 -1"><span class='ocrx_word' id='word_1_2' title='bbox 864 185 1028 217; x_wconf 68' lang='grc' dir='ltr'><strong>ΞΑΜΟΝΕ</strong></span> <span class='ocrx_word' id='word_1_3' title='bbox 1048 185 1234 218; x_wconf 83' lang='lat' dir='ltr'><strong>GAZENSIS</strong></span> 
     </span>
    </p>
   </div>
   <div class='ocr_carea' id='block_1_3' title="bbox 1835 189 1900 222">
    <p class='ocr_par' dir='ltr' id='par_1_3' title="bbox 1835 189 1900 222">
     <span class='ocr_line' id='line_1_3' title="bbox 1835 189 1900 222; baseline -0.015 0"><span class='ocrx_word' id='word_1_4' title='bbox 1835 189 1900 222; x_wconf 69' lang='lat'><strong>820</strong></span> 
     </span>
    </p>
   </div>
   <div class='ocr_carea' id='block_1_4' title="bbox 205 249 1017 293">
    <p class='ocr_par' dir='ltr' id='par_1_4' title="bbox 205 249 1017 292">
     <span class='ocr_line' id='line_1_4' title="bbox 205 249 1017 292; baseline -0.001 -11"><span class='ocrx_word' id='word_1_5' title='bbox 205 251 352 289; x_wconf 86' lang='lat' dir='ltr'><strong>venerint,</strong></span> <span class='ocrx_word' id='word_1_6' title='bbox 378 252 582 292; x_wconf 84' lang='lat' dir='ltr'><strong>resposionem</strong></span> <span class='ocrx_word' id='word_1_7' title='bbox 606 250 794 282; x_wconf 79' lang='lat' dir='ltr'><strong>considerate</strong></span> <span class='ocrx_word' id='word_1_8' title='bbox 812 249 877 287; x_wconf 90' lang='lat' dir='ltr'><strong>des,</strong></span> <span class='ocrx_word' id='word_1_9' title='bbox 901 249 1017 290; x_wconf 81' lang='lat' dir='ltr'><strong>dignam</strong></span> 
     </span>
    </p>
   </div>
   <div class='ocr_carea' id='block_1_5' title="bbox 1104 249 1898 293">
    <p class='ocr_par' dir='ltr' id='par_1_5' title="bbox 1104 254 1898 293">
     <span class='ocr_line' id='line_1_5' title="bbox 1104 254 1898 293; baseline 0.001 -9"><span class='ocrx_word' id='word_1_10' title='bbox 1104 263 1114 284; x_wconf 76' lang='grc' dir='ltr'><strong>ς</strong></span> <span class='ocrx_word' id='word_1_11' title='bbox 1128 255 1177 287; x_wconf 79' lang='grc' dir='ltr'><strong>σῆς</strong></span> <span class='ocrx_word' id='word_1_12' title='bbox 1193 254 1413 293; x_wconf 72' lang='grc' dir='ltr'>μεγαλεπηϐόλου</span> <span class='ocrx_word' id='word_1_13' title='bbox 1425 257 1468 285; x_wconf 73' lang='grc' dir='ltr'><strong>καὶ</strong></span> <span class='ocrx_word' id='word_1_14' title='bbox 1478 257 1616 290; x_wconf 76' lang='grc' dir='ltr'><strong>θειοτάτης</strong></span> <span class='ocrx_word' id='word_1_15' title='bbox 1631 256 1746 290; x_wconf 77' lang='grc' dir='ltr'>διανοίας</span> <span class='ocrx_word' id='word_1_16' title='bbox 1759 258 1832 291; x_wconf 78' lang='grc' dir='ltr'>ἀξίαν</span> <span class='ocrx_word' id='word_1_17' title='bbox 1844 257 1898 293; x_wconf 80' lang='grc' dir='ltr'><strong>τήν</strong></span> 
     </span>
    </p>
   </div>
   <div class='ocr_carea' id='block_1_6' title="bbox 207 294 1026 337">
    <p class='ocr_par' dir='ltr' id='par_1_6' title="bbox 207 294 1026 337">
     <span class='ocr_line' id='line_1_6' title="bbox 207 294 1026 337; baseline -0.001 -11"><span class='ocrx_word' id='word_1_18' title='bbox 207 296 406 335; x_wconf 85' lang='lat' dir='ltr'><strong>magnanima,</strong></span> <span class='ocrx_word' id='word_1_19' title='bbox 423 296 678 337; x_wconf 86' lang='lat' dir='ltr'><strong>evperientissima</strong></span> <span class='ocrx_word' id='word_1_20' title='bbox 690 304 724 326; x_wconf 91' lang='lat' dir='ltr'><strong>ac</strong></span> <span class='ocrx_word' id='word_1_21' title='bbox 739 294 927 326; x_wconf 86' lang='lat' dir='ltr'><strong>divinissima</strong></span> <span class='ocrx_word' id='word_1_22' title='bbox 939 303 1026 326; x_wconf 90' lang='lat' dir='ltr'><strong>men-</strong></span> 
     </span>
    </p>
   </div>
   <div class='ocr_carea' id='block_1_7' title="bbox 207 344 502 371">
    <p class='ocr_par' dir='ltr' id='par_1_7' title="bbox 207 344 502 371">
     <span class='ocr_line' id='line_1_7' title="bbox 207 344 502 371; baseline 0 -1"><span class='ocrx_word' id='word_1_23' title='bbox 207 344 236 370; x_wconf 90' lang='lat' dir='ltr'><strong>te</strong></span> <span class='ocrx_word' id='word_1_24' title='bbox 252 345 310 371; x_wconf 88' lang='lat' dir='ltr'><strong>tua.</strong></span> <span class='ocrx_word' id='word_1_25' title='bbox 500 368 502 370; x_wconf 87' lang='lat'>.</span> 
     </span>
    </p>
   </div>
   <div class='ocr_carea' id='block_1_8' title="bbox 247 383 1024 425">
    <p class='ocr_par' dir='ltr' id='par_1_8' title="bbox 247 383 1024 425">
     <span class='ocr_line' id='line_1_8' title="bbox 247 383 1024 425; baseline -0.003 -9"><span class='ocrx_word' id='word_1_26' title='bbox 247 385 276 416; x_wconf 89' lang='lat'><strong>7.</strong></span> <span class='ocrx_word' id='word_1_27' title='bbox 297 387 386 416; x_wconf 89' lang='lat' dir='ltr'><strong>Porro</strong></span> <span class='ocrx_word' id='word_1_28' title='bbox 401 385 541 425; x_wconf 84' lang='lat' dir='ltr'><strong>epistolas</strong></span> <span class='ocrx_word' id='word_1_29' title='bbox 556 385 626 417; x_wconf 90' lang='lat' dir='ltr'><strong>istas</strong></span> <span class='ocrx_word' id='word_1_30' title='bbox 638 385 675 417; x_wconf 87' lang='lat' dir='ltr'><strong>ad</strong></span> <span class='ocrx_word' id='word_1_31' title='bbox 691 384 880 416; x_wconf 82' lang='lat' dir='ltr'><strong>beatissimos</strong></span> <span class='ocrx_word' id='word_1_32' title='bbox 896 383 1024 424; x_wconf 88' lang='lat' dir='ltr'><strong>patriar—</strong></span> 
     </span>
    </p>
   </div>
   <div class='ocr_carea' id='block_1_9' title="bbox 206 428 1024 466">
    <p class='ocr_par' dir='ltr' id='par_1_9' title="bbox 206 428 1024 466">
     <span class='ocr_line' id='line_1_9' title="bbox 206 428 1024 466; baseline -0.001 -7"><span class='ocrx_word' id='word_1_33' title='bbox 206 429 287 466; x_wconf 87' lang='lat' dir='ltr'><strong>chas,</strong></span> <span class='ocrx_word' id='word_1_34' title='bbox 301 430 422 460; x_wconf 86' lang='lat' dir='ltr'><strong>omnino</strong></span> <span class='ocrx_word' id='word_1_35' title='bbox 433 430 607 461; x_wconf 84' lang='lat' dir='ltr'><strong>consimiles</strong></span> <span class='ocrx_word' id='word_1_36' title='bbox 617 430 685 461; x_wconf 89' lang='lat' dir='ltr'><strong>huic</strong></span> <span class='ocrx_word' id='word_1_37' title='bbox 695 430 733 461; x_wconf 90' lang='lat' dir='ltr'><strong>ad</strong></span> <span class='ocrx_word' id='word_1_38' title='bbox 748 428 935 460; x_wconf 89' lang='lat' dir='ltr'><strong>sanctitatem</strong></span> <span class='ocrx_word' id='word_1_39' title='bbox 944 432 1024 459; x_wconf 92' lang='lat' dir='ltr'><strong>tuam</strong></span> 
     </span>
    </p>
   </div>
   <div class='ocr_carea' id='block_1_10' title="bbox 207 473 1025 515">
    <p class='ocr_par' dir='ltr' id='par_1_10' title="bbox 207 473 1025 515">
     <span class='ocr_line' id='line_1_10' title="bbox 207 473 1025 515; baseline 0 -11"><span class='ocrx_word' id='word_1_40' title='bbox 207 473 315 512; x_wconf 70' lang='lat' dir='ltr'><strong>missae,</strong></span> <span class='ocrx_word' id='word_1_41' title='bbox 332 475 400 515; x_wconf 85' lang='lat' dir='ltr'><strong>quia</strong></span> <span class='ocrx_word' id='word_1_42' title='bbox 425 475 575 505; x_wconf 88' lang='lat' dir='ltr'><strong>neminem</strong></span> <span class='ocrx_word' id='word_1_43' title='bbox 599 475 806 515; x_wconf 79' lang='lat' dir='ltr'><strong>religiosorum</strong></span> <span class='ocrx_word' id='word_1_44' title='bbox 833 473 1025 513; x_wconf 84' lang='lat' dir='ltr'><strong>fideliumque</strong></span> 
     </span>
    </p>
   </div>
   <div class='ocr_carea' id='block_1_11' title="bbox 207 517 1023 560">
    <p class='ocr_par' dir='ltr' id='par_1_11' title="bbox 207 517 1023 560">
     <span class='ocr_line' id='line_1_11' title="bbox 207 517 1023 560; baseline 0.001 -13"><span class='ocrx_word' id='word_1_45' title='bbox 207 520 375 550; x_wconf 88' lang='lat' dir='ltr'><strong>invenimus</strong></span> <span class='ocrx_word' id='word_1_46' title='bbox 393 519 442 560; x_wconf 89' lang='lat' dir='ltr'><strong>qui</strong></span> <span class='ocrx_word' id='word_1_47' title='bbox 462 519 591 551; x_wconf 88' lang='lat' dir='ltr'><strong>deferret</strong></span> <span class='ocrx_word' id='word_1_48' title='bbox 606 520 642 550; x_wconf 89' lang='lat' dir='ltr'><strong>iis</strong></span> <span class='ocrx_word' id='word_1_49' title='bbox 657 519 694 551; x_wconf 88' lang='lat' dir='ltr'><strong>ad</strong></span> <span class='ocrx_word' id='word_1_50' title='bbox 707 528 780 559; x_wconf 86' lang='lat' dir='ltr'><strong>quos</strong></span> <span class='ocrx_word' id='word_1_51' title='bbox 805 517 922 557; x_wconf 65' lang='lat' dir='ltr'><strong>scriptae</strong></span> <span class='ocrx_word' id='word_1_52' title='bbox 945 521 1023 555; x_wconf 86' lang='lat' dir='ltr'><strong>sunt,</strong></span> 
     </span>
    </p>
   </div>
   <div class='ocr_carea' id='block_1_12' title="bbox 207 562 1025 604">
    <p class='ocr_par' dir='ltr' id='par_1_12' title="bbox 207 562 1025 604">
     <span class='ocr_line' id='line_1_12' title="bbox 207 562 1025 604; baseline -0.004 -10"><span class='ocrx_word' id='word_1_53' title='bbox 207 567 263 594; x_wconf 63' lang='lat' dir='ltr'><strong>tuae</strong></span> <span class='ocrx_word' id='word_1_54' title='bbox 279 563 413 594; x_wconf 87' lang='lat' dir='ltr'><strong>misimus</strong></span> <span class='ocrx_word' id='word_1_55' title='bbox 430 564 601 604; x_wconf 85' lang='lat' dir='ltr'><strong>pcrfectioni</strong></span> <span class='ocrx_word' id='word_1_56' title='bbox 617 575 624 601; x_wconf 86' lang='lat'><strong>;</strong></span> <span class='ocrx_word' id='word_1_57' title='bbox 641 574 698 604; x_wconf 90' lang='lat' dir='ltr'><strong>quo</strong></span> <span class='ocrx_word' id='word_1_58' title='bbox 714 563 750 594; x_wconf 87' lang='lat' dir='ltr'><strong>ad</strong></span> <span class='ocrx_word' id='word_1_59' title='bbox 762 562 828 593; x_wconf 89' lang='lat' dir='ltr'><strong>illos</strong></span> <span class='ocrx_word' id='word_1_60' title='bbox 844 562 1025 592; x_wconf 74' lang='lat' dir='ltr'><strong>transmittas</strong></span> 
     </span>
    </p>
   </div>
   <div class='ocr_carea' id='block_1_13' title="bbox 208 606 1023 649">
    <p class='ocr_par' dir='ltr' id='par_1_13' title="bbox 208 606 1023 649">
     <span class='ocr_line' id='line_1_13' title="bbox 208 606 1023 649; baseline -0.001 -10"><span class='ocrx_word' id='word_1_61' title='bbox 208 618 262 648; x_wconf 79' lang='lat' dir='ltr'><strong>per</strong></span> <span class='ocrx_word' id='word_1_62' title='bbox 276 609 404 649; x_wconf 83' lang='lat' dir='ltr'><strong>aliquem</strong></span> <span class='ocrx_word' id='word_1_63' title='bbox 421 609 501 649; x_wconf 90' lang='lat' dir='ltr'><strong>pium</strong></span> <span class='ocrx_word' id='word_1_64' title='bbox 515 609 566 648; x_wconf 90' lang='lat' dir='ltr'><strong>qui</strong></span> <span class='ocrx_word' id='word_1_65' title='bbox 589 609 625 640; x_wconf 90' lang='lat' dir='ltr'><strong>ad</strong></span> <span class='ocrx_word' id='word_1_66' title='bbox 651 609 714 639; x_wconf 92' lang='lat' dir='ltr'><strong>loca</strong></span> <span class='ocrx_word' id='word_1_67' title='bbox 738 608 787 638; x_wconf 91' lang='lat' dir='ltr'><strong>illa</strong></span> <span class='ocrx_word' id='word_1_68' title='bbox 810 606 1023 647; x_wconf 79' lang='lat' dir='ltr'><strong>proficissetur.</strong></span> 
     </span>
    </p>
   </div>
   <div class='ocr_carea' id='block_1_14' title="bbox 208 651 1026 694">
    <p class='ocr_par' dir='ltr' id='par_1_14' title="bbox 208 651 1026 694">
     <span class='ocr_line' id='line_1_14' title="bbox 208 651 1026 694; baseline -0.005 -10"><span class='ocrx_word' id='word_1_69' title='bbox 208 655 353 684; x_wconf 73' lang='lat' dir='ltr'><strong>Praeterea</strong></span> <span class='ocrx_word' id='word_1_70' title='bbox 369 654 498 694; x_wconf 85' lang='lat' dir='ltr'><strong>propriis</strong></span> <span class='ocrx_word' id='word_1_71' title='bbox 514 653 619 684; x_wconf 84' lang='lat' dir='ltr'><strong>litteris</strong></span> <span class='ocrx_word' id='word_1_72' title='bbox 634 652 809 684; x_wconf 84' lang='lat' dir='ltr'><strong>admonebis</strong></span> <span class='ocrx_word' id='word_1_73' title='bbox 818 655 906 691; x_wconf 86' lang='lat' dir='ltr'><strong>atque</strong></span> <span class='ocrx_word' id='word_1_74' title='bbox 916 651 1026 681; x_wconf 81' lang='lat' dir='ltr'><strong>excita-</strong></span> 
     </span>
    </p>
   </div>
   <div class='ocr_carea' id='block_1_15' title="bbox 206 695 1024 738">
    <p class='ocr_par' dir='ltr' id='par_1_15' title="bbox 206 695 1024 738">
     <span class='ocr_line' id='line_1_15' title="bbox 206 695 1024 738; baseline -0.004 -10"><span class='ocrx_word' id='word_1_75' title='bbox 206 698 251 728; x_wconf 87' lang='lat' dir='ltr'><strong>bis</strong></span> <span class='ocrx_word' id='word_1_76' title='bbox 267 708 312 734; x_wconf 85' lang='lat' dir='ltr'><strong>eo,</strong></span> <span class='ocrx_word' id='word_1_77' title='bbox 331 703 362 729; x_wconf 90' lang='lat' dir='ltr'><strong>ut</strong></span> <span class='ocrx_word' id='word_1_78' title='bbox 376 697 471 728; x_wconf 88' lang='lat' dir='ltr'><strong>zelum</strong></span> <span class='ocrx_word' id='word_1_79' title='bbox 497 698 629 729; x_wconf 88' lang='lat' dir='ltr'><strong>divinum</strong></span> <span class='ocrx_word' id='word_1_80' title='bbox 658 707 710 738; x_wconf 88' lang='lat' dir='ltr'><strong>pro</strong></span> <span class='ocrx_word' id='word_1_81' title='bbox 737 700 819 727; x_wconf 91' lang='lat' dir='ltr'><strong>recto</strong></span> <span class='ocrx_word' id='word_1_82' title='bbox 843 695 979 735; x_wconf 75' lang='lat' dir='ltr'><strong>dogmate</strong></span> <span class='ocrx_word' id='word_1_83' title='bbox 995 699 1024 726; x_wconf 86' lang='lat' dir='ltr'><strong>et</strong></span> 
     </span>
    </p>
   </div>
   <div class='ocr_carea' id='block_1_16' title="bbox 204 742 1024 783">
    <p class='ocr_par' dir='ltr' id='par_1_16' title="bbox 204 742 1024 783">
     <span class='ocr_line' id='line_1_16' title="bbox 204 742 1024 783; baseline -0.005 -10"><span class='ocrx_word' id='word_1_84' title='bbox 204 743 352 782; x_wconf 86' lang='lat' dir='ltr'><strong>inculpata</strong></span> <span class='ocrx_word' id='word_1_85' title='bbox 367 743 542 783; x_wconf 78' lang='lat' dir='ltr'><strong>sinceraque</strong></span> <span class='ocrx_word' id='word_1_86' title='bbox 559 747 658 774; x_wconf 89' lang='lat' dir='ltr'><strong>nostra</strong></span> <span class='ocrx_word' id='word_1_87' title='bbox 674 742 731 773; x_wconf 80' lang='lat' dir='ltr'><strong>fide</strong></span> <span class='ocrx_word' id='word_1_88' title='bbox 755 744 916 780; x_wconf 84' lang='lat' dir='ltr'><strong>assumant,</strong></span> <span class='ocrx_word' id='word_1_89' title='bbox 935 744 1024 780; x_wconf 90' lang='lat' dir='ltr'><strong>utque</strong></span> 
     </span>
    </p>
   </div>
   <div class='ocr_carea' id='block_1_17' title="bbox 204 784 1023 827">
    <p class='ocr_par' dir='ltr' id='par_1_17' title="bbox 204 784 1023 827">
     <span class='ocr_line' id='line_1_17' title="bbox 204 784 1023 827; baseline -0.004 -10"><span class='ocrx_word' id='word_1_90' title='bbox 204 787 230 817; x_wconf 88' lang='lat' dir='ltr'><strong>si</strong></span> <span class='ocrx_word' id='word_1_91' title='bbox 246 787 319 818; x_wconf 89' lang='lat' dir='ltr'><strong>forte</strong></span> <span class='ocrx_word' id='word_1_92' title='bbox 334 787 371 818; x_wconf 90' lang='lat' dir='ltr'><strong>de</strong></span> <span class='ocrx_word' id='word_1_93' title='bbox 387 787 431 818; x_wconf 91' lang='lat' dir='ltr'><strong>eis</strong></span> <span class='ocrx_word' id='word_1_94' title='bbox 448 797 512 827; x_wconf 68' lang='lat' dir='ltr'><strong>quae</strong></span> <span class='ocrx_word' id='word_1_95' title='bbox 529 788 630 819; x_wconf 67' lang='lat' dir='ltr'><strong>Romae</strong></span> <span class='ocrx_word' id='word_1_96' title='bbox 654 791 736 826; x_wconf 83' lang='lat' dir='ltr'><strong>gesta</strong></span> <span class='ocrx_word' id='word_1_97' title='bbox 759 788 829 816; x_wconf 88' lang='lat' dir='ltr'><strong>sunt</strong></span> <span class='ocrx_word' id='word_1_98' title='bbox 849 784 1023 824; x_wconf 84' lang='lat' dir='ltr'><strong>interrogati</strong></span> 
     </span>
    </p>
   </div>
   <div class='ocr_carea' id='block_1_18' title="bbox 203 829 1022 870">
    <p class='ocr_par' dir='ltr' id='par_1_18' title="bbox 203 829 1022 870">
     <span class='ocr_line' id='line_1_18' title="bbox 203 829 1022 870; baseline -0.004 -8"><span class='ocrx_word' id='word_1_99' title='bbox 203 832 324 868; x_wconf 80' lang='lat' dir='ltr'><strong>fuerint,</strong></span> <span class='ocrx_word' id='word_1_100' title='bbox 341 832 521 862; x_wconf 87' lang='lat' dir='ltr'><strong>conveniens</strong></span> <span class='ocrx_word' id='word_1_101' title='bbox 535 832 571 863; x_wconf 88' lang='lat' dir='ltr'><strong>ad</strong></span> <span class='ocrx_word' id='word_1_102' title='bbox 590 841 653 869; x_wconf 91' lang='lat' dir='ltr'><strong>eos,</strong></span> <span class='ocrx_word' id='word_1_103' title='bbox 676 831 840 870; x_wconf 88' lang='lat' dir='ltr'><strong>ditumque,</strong></span> <span class='ocrx_word' id='word_1_104' title='bbox 864 829 942 860; x_wconf 85' lang='lat' dir='ltr'><strong>sicut</strong></span> <span class='ocrx_word' id='word_1_105' title='bbox 968 830 1022 860; x_wconf 92' lang='lat' dir='ltr'><strong>de-</strong></span> 
     </span>
    </p>
   </div>
   <div class='ocr_carea' id='block_1_19' title="bbox 203 879 683 919">
    <p class='ocr_par' dir='ltr' id='par_1_19' title="bbox 203 879 683 919">
     <span class='ocr_line' id='line_1_19' title="bbox 203 879 683 919; baseline 0.002 -10"><span class='ocrx_word' id='word_1_106' title='bbox 203 879 392 919; x_wconf 78' lang='lat' dir='ltr'><strong>claravimus,</strong></span> <span class='ocrx_word' id='word_1_107' title='bbox 409 879 479 909; x_wconf 90' lang='lat' dir='ltr'><strong>dent</strong></span> <span class='ocrx_word' id='word_1_108' title='bbox 494 888 683 919; x_wconf 90' lang='lat' dir='ltr'><strong>responsum.</strong></span> 
     </span>
    </p>
   </div>
   <div class='ocr_carea' id='block_1_20' title="bbox 203 921 1540 966">
    <p class='ocr_par' dir='ltr' id='par_1_20' title="bbox 203 921 1540 966">
     <span class='ocr_line' id='line_1_20' title="bbox 203 921 1540 966; baseline 0.001 -14"><span class='ocrx_word' id='word_1_109' title='bbox 203 925 394 964; x_wconf 73' lang='grc' dir='ltr'><strong>πεπραγμένων</strong></span> <span class='ocrx_word' id='word_1_110' title='bbox 429 924 598 964; x_wconf 54' lang='grc' dir='ltr'>ἐρωτηθὲεν,</span> <span class='ocrx_word' id='word_1_111' title='bbox 634 924 795 964; x_wconf 71' lang='grc' dir='ltr'>ἁρμόζουσαν</span> <span class='ocrx_word' id='word_1_112' title='bbox 830 924 895 961; x_wconf 80' lang='grc' dir='ltr'>πρὸς</span> <span class='ocrx_word' id='word_1_113' title='bbox 925 922 1016 954; x_wconf 59' lang='grc' dir='ltr'>αὒτοὺς</span> <span class='ocrx_word' id='word_1_114' title='bbox 1050 922 1094 950; x_wconf 78' lang='grc' dir='ltr'><strong>καὶ</strong></span> <span class='ocrx_word' id='word_1_115' title='bbox 1127 921 1287 962; x_wconf 77' lang='grc' dir='ltr'><strong>λεγομένην,</strong></span> <span class='ocrx_word' id='word_1_116' title='bbox 1316 924 1352 955; x_wconf 84' lang='grc' dir='ltr'><strong>ὡς</strong></span> <span class='ocrx_word' id='word_1_117' title='bbox 1384 923 1540 966; x_wconf 66' lang='grc' dir='ltr'>δεδήλωται,</span> 
     </span>
    </p>
   </div>
   <div class='ocr_carea' id='block_1_21' title="bbox 201 979 297 1008">
    <p class='ocr_par' dir='ltr' id='par_1_21' title="bbox 201 979 297 1008">
     <span class='ocr_line' id='line_1_21' title="bbox 201 979 297 1008; baseline 0.021 -12"><span class='ocrx_word' id='word_1_118' title='bbox 201 979 297 1008; x_wconf 84' lang='grc' dir='ltr'>κρισιν.</span> 
     </span>
    </p>
   </div>
   <div class='ocr_carea' id='block_1_22' title="bbox 1069 296 1284 337">
    <p class='ocr_par' dir='ltr' id='par_1_22' title="bbox 1069 296 1284 337">
     <span class='ocr_line' id='line_1_22' title="bbox 1069 296 1284 337; baseline 0.009 -13"><span class='ocrx_word' id='word_1_119' title='bbox 1069 296 1206 337; x_wconf 81' lang='grc' dir='ltr'>ἀπόκρισιν</span> <span class='ocrx_word' id='word_1_120' title='bbox 1220 297 1271 336; x_wconf 83' lang='grc' dir='ltr'>δῷς</span> <span class='ocrx_word' id='word_1_121' title='bbox 1277 323 1284 330; x_wconf 88' lang='grc'><em>,</em></span> 
     </span>
    </p>
   </div>
   <div class='ocr_carea' id='block_1_23' title="bbox 1107 381 1896 431">
    <p class='ocr_par' dir='ltr' id='par_1_23' title="bbox 1107 381 1896 431">
     <span class='ocr_line' id='line_1_23' title="bbox 1107 381 1896 431; baseline 0.005 -16"><span class='ocrx_word' id='word_1_122' title='bbox 1107 381 1141 422; x_wconf 82' lang='grc' dir='ltr'><strong>ζ’.</strong></span> <span class='ocrx_word' id='word_1_123' title='bbox 1171 387 1209 416; x_wconf 82' lang='grc' dir='ltr'><strong>Τὰ</strong></span> <span class='ocrx_word' id='word_1_124' title='bbox 1237 386 1264 416; x_wconf 74' lang='grc' dir='ltr'><strong>δὲ</strong></span> <span class='ocrx_word' id='word_1_125' title='bbox 1292 389 1358 428; x_wconf 82' lang='grc' dir='ltr'>πρὸς</span> <span class='ocrx_word' id='word_1_126' title='bbox 1384 390 1445 422; x_wconf 78' lang='grc' dir='ltr'>τοὺς</span> <span class='ocrx_word' id='word_1_127' title='bbox 1480 391 1700 430; x_wconf 81' lang='grc' dir='ltr'>μακαριωτάτους</span> <span class='ocrx_word' id='word_1_128' title='bbox 1722 390 1896 431; x_wconf 72' lang='grc' dir='ltr'>πατριάρχας</span> 
     </span>
    </p>
   </div>
   <div class='ocr_carea' id='block_1_24' title="bbox 1066 432 1894 473">
    <p class='ocr_par' dir='ltr' id='par_1_24' title="bbox 1066 432 1894 473">
     <span class='ocr_line' id='line_1_24' title="bbox 1066 432 1894 473; baseline 0.006 -14"><span class='ocrx_word' id='word_1_129' title='bbox 1066 432 1140 460; x_wconf 87' lang='grc' dir='ltr'>ταυτὶ</span> <span class='ocrx_word' id='word_1_130' title='bbox 1176 432 1330 473; x_wconf 65' lang='grc' dir='ltr'>γράμματα,</span> <span class='ocrx_word' id='word_1_131' title='bbox 1375 433 1580 473; x_wconf 80' lang='grc' dir='ltr'><strong>ἰσοδυναμοῦντα</strong></span> <span class='ocrx_word' id='word_1_132' title='bbox 1614 436 1683 464; x_wconf 71' lang='grc' dir='ltr'>κατὰ</span> <span class='ocrx_word' id='word_1_133' title='bbox 1723 436 1810 464; x_wconf 76' lang='grc' dir='ltr'>πάντα</span> <span class='ocrx_word' id='word_1_134' title='bbox 1852 439 1894 473; x_wconf 87' lang='grc' dir='ltr'>τῷ</span> 
     </span>
    </p>
   </div>
   <div class='ocr_carea' id='block_1_25' title="bbox 1066 476 1889 520">
    <p class='ocr_par' dir='ltr' id='par_1_25' title="bbox 1066 476 1889 520">
     <span class='ocr_line' id='line_1_25' title="bbox 1066 476 1889 520; baseline 0.006 -17"><span class='ocrx_word' id='word_1_135' title='bbox 1066 476 1130 515; x_wconf 81' lang='grc' dir='ltr'>πρὸς</span> <span class='ocrx_word' id='word_1_136' title='bbox 1157 476 1206 510; x_wconf 78' lang='grc' dir='ltr'><strong>τὴν</strong></span> <span class='ocrx_word' id='word_1_137' title='bbox 1233 477 1282 510; x_wconf 78' lang='grc' dir='ltr'><strong>σὴν</strong></span> <span class='ocrx_word' id='word_1_138' title='bbox 1317 479 1465 517; x_wconf 78' lang='grc' dir='ltr'>ἁγιωσύνην</span> <span class='ocrx_word' id='word_1_139' title='bbox 1500 479 1704 520; x_wconf 67' lang='grc' dir='ltr'>ἀπεσταλμένῳ,</span> <span class='ocrx_word' id='word_1_140' title='bbox 1734 480 1773 518; x_wconf 75' lang='grc' dir='ltr'>μὴ</span> <span class='ocrx_word' id='word_1_141' title='bbox 1795 480 1889 519; x_wconf 75' lang='grc' dir='ltr'>εὑρόν-</span> 
     </span>
    </p>
   </div>
   <div class='ocr_carea' id='block_1_26' title="bbox 1066 521 1890 556">
    <p class='ocr_par' dir='ltr' id='par_1_26' title="bbox 1066 521 1890 556">
     <span class='ocr_line' id='line_1_26' title="bbox 1066 521 1890 556; baseline 0.007 -9"><span class='ocrx_word' id='word_1_142' title='bbox 1066 531 1109 551; x_wconf 91' lang='grc' dir='ltr'><strong>τες</strong></span> <span class='ocrx_word' id='word_1_143' title='bbox 1130 521 1187 548; x_wconf 78' lang='grc' dir='ltr'>τινὰ</span> <span class='ocrx_word' id='word_1_144' title='bbox 1199 524 1252 549; x_wconf 83' lang='grc' dir='ltr'>τῶν</span> <span class='ocrx_word' id='word_1_145' title='bbox 1277 521 1393 551; x_wconf 64' lang='grc' dir='ltr'>εὒλαϐῶν</span> <span class='ocrx_word' id='word_1_146' title='bbox 1417 524 1460 552; x_wconf 81' lang='grc' dir='ltr'>καὶ</span> <span class='ocrx_word' id='word_1_147' title='bbox 1488 527 1589 552; x_wconf 81' lang='grc' dir='ltr'><strong>πιστῶν</strong></span> <span class='ocrx_word' id='word_1_148' title='bbox 1611 524 1644 552; x_wconf 87' lang='grc' dir='ltr'>δι’</span> <span class='ocrx_word' id='word_1_149' title='bbox 1669 526 1699 553; x_wconf 78' lang='grc' dir='ltr'>οὗ</span> <span class='ocrx_word' id='word_1_150' title='bbox 1724 528 1806 553; x_wconf 81' lang='grc' dir='ltr'>ταῦτα</span> <span class='ocrx_word' id='word_1_151' title='bbox 1828 532 1890 556; x_wconf 74' lang='grc' dir='ltr'>τοῖς</span> 
     </span>
    </p>
   </div>
   <div class='ocr_carea' id='block_1_27' title="bbox 1066 565 1890 609">
    <p class='ocr_par' dir='ltr' id='par_1_27' title="bbox 1066 565 1890 609">
     <span class='ocr_line' id='line_1_27' title="bbox 1066 565 1890 609; baseline 0.006 -17"><span class='ocrx_word' id='word_1_152' title='bbox 1066 565 1131 604; x_wconf 74' lang='grc' dir='ltr'>πρὸς</span> <span class='ocrx_word' id='word_1_153' title='bbox 1165 566 1209 597; x_wconf 73' lang='grc' dir='ltr'><strong>οὓς</strong></span> <span class='ocrx_word' id='word_1_154' title='bbox 1245 566 1397 607; x_wconf 66' lang='grc' dir='ltr'>ἐγραφήσαν</span> <span class='ocrx_word' id='word_1_155' title='bbox 1430 568 1546 606; x_wconf 76' lang='grc' dir='ltr'>πέμψαι.</span> <span class='ocrx_word' id='word_1_156' title='bbox 1645 572 1680 608; x_wconf 80' lang='grc' dir='ltr'><strong>σῇ</strong></span> <span class='ocrx_word' id='word_1_157' title='bbox 1706 569 1890 609; x_wconf 68' lang='grc' dir='ltr'><strong>πεπόμφαμεν</strong></span> 
     </span>
    </p>
   </div>
   <div class='ocr_carea' id='block_1_28' title="bbox 1065 609 1892 651">
    <p class='ocr_par' dir='ltr' id='par_1_28' title="bbox 1065 609 1892 651">
     <span class='ocr_line' id='line_1_28' title="bbox 1065 609 1892 651; baseline 0.005 -14"><span class='ocrx_word' id='word_1_158' title='bbox 1065 609 1237 643; x_wconf 81' lang='grc' dir='ltr'>τελειότητι·</span> <span class='ocrx_word' id='word_1_159' title='bbox 1260 611 1297 642; x_wconf 79' lang='grc' dir='ltr'>ὠς</span> <span class='ocrx_word' id='word_1_160' title='bbox 1322 611 1354 639; x_wconf 77' lang='grc' dir='ltr'><strong>ἂν</strong></span> <span class='ocrx_word' id='word_1_161' title='bbox 1369 611 1563 651; x_wconf 79' lang='grc' dir='ltr'>διαποθμεύσῃς</span> <span class='ocrx_word' id='word_1_162' title='bbox 1593 616 1624 643; x_wconf 74' lang='grc' dir='ltr'>αὖ</span> <span class='ocrx_word' id='word_1_163' title='bbox 1645 620 1704 645; x_wconf 70' lang='grc' dir='ltr'>τοϊς</span> <span class='ocrx_word' id='word_1_164' title='bbox 1734 617 1818 642; x_wconf 74' lang='grc' dir='ltr'>ταῦτα</span> <span class='ocrx_word' id='word_1_165' title='bbox 1846 613 1892 641; x_wconf 76' lang='grc' dir='ltr'><strong>δια</strong></span> 
     </span>
    </p>
   </div>
   <div class='ocr_carea' id='block_1_29' title="bbox 1064 654 1889 697">
    <p class='ocr_par' dir='ltr' id='par_1_29' title="bbox 1064 654 1889 697">
     <span class='ocr_line' id='line_1_29' title="bbox 1064 654 1889 697; baseline 0.005 -16"><span class='ocrx_word' id='word_1_166' title='bbox 1064 665 1135 687; x_wconf 86' lang='grc' dir='ltr'>τινος</span> <span class='ocrx_word' id='word_1_167' title='bbox 1176 654 1300 688; x_wconf 73' lang='grc' dir='ltr'>εὖλαϐοῡς</span> <span class='ocrx_word' id='word_1_168' title='bbox 1335 660 1385 685; x_wconf 88' lang='grc' dir='ltr'>τῶν</span> <span class='ocrx_word' id='word_1_169' title='bbox 1428 658 1492 697; x_wconf 78' lang='grc' dir='ltr'>πρὸς</span> <span class='ocrx_word' id='word_1_170' title='bbox 1532 658 1593 690; x_wconf 80' lang='grc' dir='ltr'>τοὺς</span> <span class='ocrx_word' id='word_1_171' title='bbox 1628 658 1726 689; x_wconf 89' lang='grc' dir='ltr'>τόπους</span> <span class='ocrx_word' id='word_1_172' title='bbox 1770 657 1889 690; x_wconf 58' lang='grc' dir='ltr'>ἐκείνως</span> 
     </span>
    </p>
   </div>
   <div class='ocr_carea' id='block_1_30' title="bbox 1064 699 1888 743">
    <p class='ocr_par' dir='ltr' id='par_1_30' title="bbox 1064 699 1888 743">
     <span class='ocr_line' id='line_1_30' title="bbox 1064 699 1888 743; baseline 0.005 -17"><span class='ocrx_word' id='word_1_173' title='bbox 1064 699 1272 738; x_wconf 70' lang='grc' dir='ltr'>ἀφικνουμένων,</span> <span class='ocrx_word' id='word_1_174' title='bbox 1295 702 1359 740; x_wconf 75' lang='grc' dir='ltr'>πρὸς</span> <span class='ocrx_word' id='word_1_175' title='bbox 1382 702 1426 732; x_wconf 81' lang='grc' dir='ltr'><strong>οὒς</strong></span> <span class='ocrx_word' id='word_1_176' title='bbox 1455 701 1654 736; x_wconf 76' lang='grc' dir='ltr'>ἀπεστάλησαν,</span> <span class='ocrx_word' id='word_1_177' title='bbox 1680 704 1749 742; x_wconf 82' lang='grc' dir='ltr'>Πρὸς</span> <span class='ocrx_word' id='word_1_178' title='bbox 1778 702 1818 743; x_wconf 62' lang='grc' dir='ltr'><strong>δὲ,</strong></span> <span class='ocrx_word' id='word_1_179' title='bbox 1841 703 1888 730; x_wconf 75' lang='grc' dir='ltr'><strong>καὶ</strong></span> 
     </span>
    </p>
   </div>
   <div class='ocr_carea' id='block_1_31' title="bbox 1064 743 1891 787">
    <p class='ocr_par' dir='ltr' id='par_1_31' title="bbox 1064 743 1891 787">
     <span class='ocr_line' id='line_1_31' title="bbox 1064 743 1891 787; baseline 0.005 -16"><span class='ocrx_word' id='word_1_180' title='bbox 1064 743 1160 775; x_wconf 77' lang='grc' dir='ltr'>οἰκείας</span> <span class='ocrx_word' id='word_1_181' title='bbox 1272 743 1305 772; x_wconf 74' lang='grc' dir='ltr'><strong>δι’</strong></span> <span class='ocrx_word' id='word_1_182' title='bbox 1341 746 1453 786; x_wconf 80' lang='grc' dir='ltr'>οἰκείας]</span> <span class='ocrx_word' id='word_1_183' title='bbox 1490 749 1606 787; x_wconf 71' lang='grc' dir='ltr'>γραφῆς,</span> <span class='ocrx_word' id='word_1_184' title='bbox 1638 747 1806 786; x_wconf 77' lang='grc' dir='ltr'>παραινέσεις</span> <span class='ocrx_word' id='word_1_185' title='bbox 1844 748 1891 775; x_wconf 81' lang='grc' dir='ltr'><strong>καὶ</strong></span> 
     </span>
    </p>
   </div>
   <div class='ocr_carea' id='block_1_32' title="bbox 1064 788 1891 831">
    <p class='ocr_par' dir='ltr' id='par_1_32' title="bbox 1064 788 1891 831">
     <span class='ocr_line' id='line_1_32' title="bbox 1064 788 1891 831; baseline 0.006 -16"><span class='ocrx_word' id='word_1_186' title='bbox 1064 788 1221 827; x_wconf 79' lang='grc' dir='ltr'>παραθήξεις</span> <span class='ocrx_word' id='word_1_187' title='bbox 1250 789 1343 821; x_wconf 68' lang='grc' dir='ltr'>αὐτοὺς</span> <span class='ocrx_word' id='word_1_188' title='bbox 1372 790 1453 826; x_wconf 81' lang='grc' dir='ltr'>ζῆλον</span> <span class='ocrx_word' id='word_1_189' title='bbox 1485 791 1571 820; x_wconf 72' lang='grc' dir='ltr'>ἔνθεον</span> <span class='ocrx_word' id='word_1_190' title='bbox 1598 790 1741 820; x_wconf 76' lang='grc' dir='ltr'>ἀναλαϐεῖν</span> <span class='ocrx_word' id='word_1_191' title='bbox 1762 792 1821 831; x_wconf 88' lang='grc' dir='ltr'>περὶ</span> <span class='ocrx_word' id='word_1_192' title='bbox 1842 795 1891 820; x_wconf 79' lang='grc' dir='ltr'>τοῦ</span> 
     </span>
    </p>
   </div>
   <div class='ocr_carea' id='block_1_33' title="bbox 1063 832 1887 875">
    <p class='ocr_par' dir='ltr' id='par_1_33' title="bbox 1063 832 1887 875">
     <span class='ocr_line' id='line_1_33' title="bbox 1063 832 1887 875; baseline 0.006 -15"><span class='ocrx_word' id='word_1_193' title='bbox 1063 833 1138 872; x_wconf 77' lang='grc' dir='ltr'>ὀρθοῦ</span> <span class='ocrx_word' id='word_1_194' title='bbox 1164 832 1295 872; x_wconf 75' lang='grc' dir='ltr'>δόγματος</span> <span class='ocrx_word' id='word_1_195' title='bbox 1329 835 1373 862; x_wconf 81' lang='grc' dir='ltr'><strong>καὶ</strong></span> <span class='ocrx_word' id='word_1_196' title='bbox 1400 837 1448 868; x_wconf 81' lang='grc' dir='ltr'>τῆς</span> <span class='ocrx_word' id='word_1_197' title='bbox 1479 835 1628 873; x_wconf 75' lang='grc' dir='ltr'>ἀμωμήτου</span> <span class='ocrx_word' id='word_1_198' title='bbox 1657 837 1701 865; x_wconf 80' lang='grc' dir='ltr'><strong>καὶ</strong></span> <span class='ocrx_word' id='word_1_199' title='bbox 1728 835 1887 875; x_wconf 78' lang='grc' dir='ltr'>εἰλικρινοῦς</span> 
     </span>
    </p>
   </div>
   <div class='ocr_carea' id='block_1_34' title="bbox 1063 877 1883 920">
    <p class='ocr_par' dir='ltr' id='par_1_34' title="bbox 1063 877 1883 920">
     <span class='ocr_line' id='line_1_34' title="bbox 1063 877 1883 920; baseline 0.005 -15"><span class='ocrx_word' id='word_1_200' title='bbox 1063 878 1140 915; x_wconf 79' lang='grc' dir='ltr'>ἡμῶν</span> <span class='ocrx_word' id='word_1_201' title='bbox 1165 879 1291 916; x_wconf 75' lang='grc' dir='ltr'>πίστεως,</span> <span class='ocrx_word' id='word_1_202' title='bbox 1323 880 1366 907; x_wconf 84' lang='grc' dir='ltr'><strong>καὶ</strong></span> <span class='ocrx_word' id='word_1_203' title='bbox 1395 879 1460 911; x_wconf 82' lang='grc' dir='ltr'>ἴσως</span> <span class='ocrx_word' id='word_1_204' title='bbox 1493 879 1551 919; x_wconf 78' lang='grc' dir='ltr'>εἴγε</span> <span class='ocrx_word' id='word_1_205' title='bbox 1573 881 1632 920; x_wconf 88' lang='grc' dir='ltr'>περὶ</span> <span class='ocrx_word' id='word_1_206' title='bbox 1652 883 1706 908; x_wconf 86' lang='grc' dir='ltr'>τῶν</span> <span class='ocrx_word' id='word_1_207' title='bbox 1734 880 1760 908; x_wconf 79' lang='grc' dir='ltr'>ἐν</span> <span class='ocrx_word' id='word_1_208' title='bbox 1790 877 1883 919; x_wconf 70' lang='grc' dir='ltr'>Ῥώμῃ</span> 
     </span>
    </p>
   </div>
   <div class='ocr_carea' id='block_1_35' title="bbox 1563 925 1889 961">
    <p class='ocr_par' dir='ltr' id='par_1_35' title="bbox 1563 925 1889 961">
     <span class='ocr_line' id='line_1_35' title="bbox 1563 925 1889 961; baseline 0 -8"><span class='ocrx_word' id='word_1_209' title='bbox 1563 926 1723 961; x_wconf 66' lang='grc' dir='ltr'>ποιήσασθαι</span> <span class='ocrx_word' id='word_1_210' title='bbox 1743 926 1793 959; x_wconf 73' lang='grc' dir='ltr'><strong>τὴν</strong></span> <span class='ocrx_word' id='word_1_211' title='bbox 1814 925 1889 954; x_wconf 80' lang='grc' dir='ltr'>ἀπό-</span> 
     </span>
    </p>
   </div>
   <div class='ocr_carea' id='block_1_36' title="bbox 243 1006 1017 1055">
    <p class='ocr_par' dir='ltr' id='par_1_36' title="bbox 243 1011 1017 1044">
     <span class='ocr_line' id='line_1_36' title="bbox 243 1011 1017 1044; baseline 0 -1"><span class='ocrx_word' id='word_1_212' title='bbox 243 1016 271 1044; x_wconf 91' lang='grc'><strong>8.</strong></span> <span class='ocrx_word' id='word_1_213' title='bbox 285 1013 327 1044; x_wconf 90' lang='lat' dir='ltr'><strong>De</strong></span> <span class='ocrx_word' id='word_1_214' title='bbox 339 1013 447 1044; x_wconf 85' lang='lat' dir='ltr'><strong>nostris</strong></span> <span class='ocrx_word' id='word_1_215' title='bbox 455 1017 552 1044; x_wconf 84' lang='lat' dir='ltr'><strong>autem</strong></span> <span class='ocrx_word' id='word_1_216' title='bbox 562 1012 597 1044; x_wconf 83' lang='lat' dir='ltr'><strong>ad</strong></span> <span class='ocrx_word' id='word_1_217' title='bbox 608 1013 827 1044; x_wconf 90' lang='lat' dir='ltr'><strong>sanctissimum</strong></span> <span class='ocrx_word' id='word_1_218' title='bbox 837 1011 1017 1043; x_wconf 67' lang='lat' dir='ltr'><strong>Alexandria</strong></span> 
     </span>
    </p>
   </div>
   <div class='ocr_carea' id='block_1_37' title="bbox 1104 1006 1889 1055">
    <p class='ocr_par' dir='ltr' id='par_1_37' title="bbox 1104 1006 1889 1055">
     <span class='ocr_line' id='line_1_37' title="bbox 1104 1006 1889 1055; baseline 0 -13"><span class='ocrx_word' id='word_1_219' title='bbox 1104 1006 1144 1045; x_wconf 70' lang='grc' dir='ltr'><strong>η’.</strong></span> <span class='ocrx_word' id='word_1_220' title='bbox 1175 1013 1235 1052; x_wconf 82' lang='grc' dir='ltr'>Περὶ</span> <span class='ocrx_word' id='word_1_221' title='bbox 1267 1012 1294 1041; x_wconf 76' lang='grc' dir='ltr'><strong>’δὲ</strong></span> <span class='ocrx_word' id='word_1_222' title='bbox 1322 1016 1368 1042; x_wconf 78' lang='grc' dir='ltr'>τοῦ</span> <span class='ocrx_word' id='word_1_223' title='bbox 1394 1015 1459 1054; x_wconf 78' lang='grc' dir='ltr'>πρὸς</span> <span class='ocrx_word' id='word_1_224' title='bbox 1480 1015 1524 1042; x_wconf 85' lang='grc' dir='ltr'><strong>τὸν</strong></span> <span class='ocrx_word' id='word_1_225' title='bbox 1546 1015 1703 1054; x_wconf 67' lang='grc' dir='ltr'>ἁγιώτατονη</span> <span class='ocrx_word' id='word_1_226' title='bbox 1717 1015 1889 1055; x_wconf 70' lang='grc' dir='ltr'>πατριάρχην</span> 
     </span>
    </p>
   </div>
   <div class='ocr_carea' id='block_1_38' title="bbox 203 1056 1022 1098">
    <p class='ocr_par' dir='ltr' id='par_1_38' title="bbox 203 1056 1022 1098">
     <span class='ocr_line' id='line_1_38' title="bbox 203 1056 1022 1098; baseline -0.004 -10"><span class='ocrx_word' id='word_1_227' title='bbox 203 1057 400 1097; x_wconf 79' lang='lat' dir='ltr'><strong>patriarcham</strong></span> <span class='ocrx_word' id='word_1_228' title='bbox 414 1058 626 1098; x_wconf 81' lang='lat' dir='ltr'><strong>litteris,etiam</strong></span> <span class='ocrx_word' id='word_1_229' title='bbox 640 1058 675 1088; x_wconf 91' lang='lat' dir='ltr'><strong>ad</strong></span> <span class='ocrx_word' id='word_1_230' title='bbox 688 1056 907 1088; x_wconf 87' lang='lat' dir='ltr'><strong>sanctissimum</strong></span> <span class='ocrx_word' id='word_1_231' title='bbox 919 1056 1022 1086; x_wconf 86' lang='lat' dir='ltr'><strong>Hiero-</strong></span> 
     </span>
    </p>
   </div>
   <div class='ocr_carea' id='block_1_39' title="bbox 201 1101 1022 1142">
    <p class='ocr_par' dir='ltr' id='par_1_39' title="bbox 201 1101 1022 1142">
     <span class='ocr_line' id='line_1_39' title="bbox 201 1101 1022 1142; baseline 0 -10"><span class='ocrx_word' id='word_1_232' title='bbox 201 1101 380 1142; x_wconf 83' lang='lat' dir='ltr'><strong>solymorum</strong></span> <span class='ocrx_word' id='word_1_233' title='bbox 408 1103 603 1142; x_wconf 83' lang='lat' dir='ltr'><strong>patriarcham</strong></span> <span class='ocrx_word' id='word_1_234' title='bbox 630 1101 825 1142; x_wconf 81' lang='lat' dir='ltr'><strong>scripsimus;</strong></span> <span class='ocrx_word' id='word_1_235' title='bbox 842 1110 899 1141; x_wconf 91' lang='lat' dir='ltr'><strong>quo</strong></span> <span class='ocrx_word' id='word_1_236' title='bbox 916 1101 940 1131; x_wconf 92' lang='lat' dir='ltr'><strong>si</strong></span> <span class='ocrx_word' id='word_1_237' title='bbox 957 1101 1022 1141; x_wconf 85' lang='lat' dir='ltr'><strong>ipse</strong></span> 
     </span>
    </p>
   </div>
   <div class='ocr_carea' id='block_1_40' title="bbox 201 1145 1019 1187">
    <p class='ocr_par' dir='ltr' id='par_1_40' title="bbox 201 1145 1019 1187">
     <span class='ocr_line' id='line_1_40' title="bbox 201 1145 1019 1187; baseline -0.001 -11"><span class='ocrx_word' id='word_1_238' title='bbox 201 1147 334 1177; x_wconf 86' lang='lat' dir='ltr'><strong>nancisci</strong></span> <span class='ocrx_word' id='word_1_239' title='bbox 364 1157 422 1177; x_wconf 91' lang='lat' dir='ltr'><strong>non</strong></span> <span class='ocrx_word' id='word_1_240' title='bbox 447 1148 577 1187; x_wconf 88' lang='lat' dir='ltr'><strong>potueris</strong></span> <span class='ocrx_word' id='word_1_241' title='bbox 606 1147 775 1178; x_wconf 79' lang='lat' dir='ltr'><strong>facilitatem</strong></span> <span class='ocrx_word' id='word_1_242' title='bbox 791 1145 856 1176; x_wconf 85' lang='lat' dir='ltr'><strong>illas</strong></span> <span class='ocrx_word' id='word_1_243' title='bbox 872 1145 1019 1182; x_wconf 86' lang='lat' dir='ltr'><strong>mittendi,</strong></span> 
     </span>
    </p>
   </div>
   <div class='ocr_carea' id='block_1_41' title="bbox 201 1190 1020 1231">
    <p class='ocr_par' dir='ltr' id='par_1_41' title="bbox 201 1190 1020 1231">
     <span class='ocr_line' id='line_1_41' title="bbox 201 1190 1020 1231; baseline -0.001 -10"><span class='ocrx_word' id='word_1_244' title='bbox 201 1191 265 1231; x_wconf 91' lang='lat' dir='ltr'><strong>ipse</strong></span> <span class='ocrx_word' id='word_1_245' title='bbox 280 1192 315 1222; x_wconf 87' lang='lat' dir='ltr'><strong>ad</strong></span> <span class='ocrx_word' id='word_1_246' title='bbox 333 1193 396 1231; x_wconf 83' lang='lat' dir='ltr'><strong>ejus</strong></span> <span class='ocrx_word' id='word_1_247' title='bbox 412 1192 625 1222; x_wconf 73' lang='lat' dir='ltr'><strong>beatitudinem</strong></span> <span class='ocrx_word' id='word_1_248' title='bbox 638 1191 753 1230; x_wconf 82' lang='lat' dir='ltr'><strong>dirigat.</strong></span> <span class='ocrx_word' id='word_1_249' title='bbox 766 1190 800 1221; x_wconf 85' lang='lat' dir='ltr'><strong>Et</strong></span> <span class='ocrx_word' id='word_1_250' title='bbox 811 1199 889 1221; x_wconf 92' lang='lat' dir='ltr'><strong>nunc</strong></span> <span class='ocrx_word' id='word_1_251' title='bbox 899 1190 1020 1230; x_wconf 90' lang='lat' dir='ltr'><strong>quidem</strong></span> 
     </span>
    </p>
   </div>
   <div class='ocr_carea' id='block_1_42' title="bbox 151 1235 1018 1275">
    <p class='ocr_par' dir='ltr' id='par_1_42' title="bbox 151 1235 1018 1275">
     <span class='ocr_line' id='line_1_42' title="bbox 151 1235 1018 1275; baseline -0.002 -9"><span class='ocrx_word' id='word_1_252' title='bbox 151 1240 154 1241; x_wconf 69' lang='lat'><strong><em>&#39;</em></strong></span> <span class='ocrx_word' id='word_1_253' title='bbox 202 1241 324 1275; x_wconf 79' lang='lat' dir='ltr'><strong>urgente</strong></span> <span class='ocrx_word' id='word_1_254' title='bbox 337 1237 549 1275; x_wconf 82' lang='lat' dir='ltr'><strong>profectionem</strong></span> <span class='ocrx_word' id='word_1_255' title='bbox 563 1246 646 1267; x_wconf 84' lang='lat' dir='ltr'><strong>suam</strong></span> <span class='ocrx_word' id='word_1_256' title='bbox 659 1235 820 1266; x_wconf 86' lang='lat' dir='ltr'><strong>sanctitatis</strong></span> <span class='ocrx_word' id='word_1_257' title='bbox 832 1239 888 1265; x_wconf 59' lang='lat' dir='ltr'><strong>tum</strong></span> <span class='ocrx_word' id='word_1_258' title='bbox 896 1244 1018 1274; x_wconf 83' lang='lat' dir='ltr'><strong>genero,</strong></span> 
     </span>
    </p>
   </div>
   <div class='ocr_carea' id='block_1_43' title="bbox 202 1280 1019 1321">
    <p class='ocr_par' dir='ltr' id='par_1_43' title="bbox 202 1280 1019 1321">
     <span class='ocr_line' id='line_1_43' title="bbox 202 1280 1019 1321; baseline -0.001 -11"><span class='ocrx_word' id='word_1_259' title='bbox 202 1281 302 1320; x_wconf 82' lang='lat' dir='ltr'><strong>paucis</strong></span> <span class='ocrx_word' id='word_1_260' title='bbox 331 1281 428 1311; x_wconf 68' lang='lat' dir='ltr'><strong>verbis</strong></span> <span class='ocrx_word' id='word_1_261' title='bbox 444 1291 478 1312; x_wconf 88' lang='lat' dir='ltr'><strong>ac</strong></span> <span class='ocrx_word' id='word_1_262' title='bbox 492 1281 589 1312; x_wconf 89' lang='lat' dir='ltr'><strong>obiter</strong></span> <span class='ocrx_word' id='word_1_263' title='bbox 600 1290 666 1321; x_wconf 67' lang='lat' dir='ltr'><strong>qua:</strong></span> <span class='ocrx_word' id='word_1_264' title='bbox 681 1283 845 1311; x_wconf 87' lang='lat' dir='ltr'><strong>evenerunt</strong></span> <span class='ocrx_word' id='word_1_265' title='bbox 867 1280 1019 1310; x_wconf 87' lang='lat' dir='ltr'><strong>enarravi-</strong></span> 
     </span>
    </p>
   </div>
   <div class='ocr_carea' id='block_1_44' title="bbox 201 1323 1018 1364">
    <p class='ocr_par' dir='ltr' id='par_1_44' title="bbox 201 1323 1018 1364">
     <span class='ocr_line' id='line_1_44' title="bbox 201 1323 1018 1364; baseline -0.001 -9"><span class='ocrx_word' id='word_1_266' title='bbox 201 1334 277 1355; x_wconf 83' lang='lat' dir='ltr'><strong>rnus.</strong></span> <span class='ocrx_word' id='word_1_267' title='bbox 290 1325 395 1356; x_wconf 84' lang='lat' dir='ltr'><strong>Postea</strong></span> <span class='ocrx_word' id='word_1_268' title='bbox 410 1335 491 1362; x_wconf 82' lang='lat' dir='ltr'><strong>vero,</strong></span> <span class='ocrx_word' id='word_1_269' title='bbox 508 1326 532 1356; x_wconf 91' lang='lat' dir='ltr'><strong>si</strong></span> <span class='ocrx_word' id='word_1_270' title='bbox 550 1333 688 1356; x_wconf 88' lang='lat' dir='ltr'><strong>necessse</strong></span> <span class='ocrx_word' id='word_1_271' title='bbox 703 1324 801 1362; x_wconf 89' lang='lat' dir='ltr'><strong>fuerit,</strong></span> <span class='ocrx_word' id='word_1_272' title='bbox 819 1323 913 1355; x_wconf 85' lang='lat' dir='ltr'><strong>fusius</strong></span> <span class='ocrx_word' id='word_1_273' title='bbox 929 1332 1018 1364; x_wconf 88' lang='lat' dir='ltr'><strong>aper—</strong></span> 
     </span>
    </p>
   </div>
   <div class='ocr_carea' id='block_1_45' title="bbox 201 1368 1019 1410">
    <p class='ocr_par' dir='ltr' id='par_1_45' title="bbox 201 1368 1019 1410">
     <span class='ocr_line' id='line_1_45' title="bbox 201 1368 1019 1410; baseline -0.001 -11"><span class='ocrx_word' id='word_1_274' title='bbox 201 1369 318 1410; x_wconf 81' lang='lat' dir='ltr'><strong>tiusque</strong></span> <span class='ocrx_word' id='word_1_275' title='bbox 334 1370 499 1401; x_wconf 72' lang='lat' dir='ltr'><strong>scribemus</strong></span> <span class='ocrx_word' id='word_1_276' title='bbox 515 1370 551 1400; x_wconf 89' lang='lat' dir='ltr'><strong>iis</strong></span> <span class='ocrx_word' id='word_1_277' title='bbox 561 1370 597 1400; x_wconf 87' lang='lat' dir='ltr'><strong>de</strong></span> <span class='ocrx_word' id='word_1_278' title='bbox 610 1370 699 1400; x_wconf 87' lang='lat' dir='ltr'><strong>rebus</strong></span> <span class='ocrx_word' id='word_1_279' title='bbox 714 1378 721 1400; x_wconf 76' lang='grc' dir='ltr'><strong>ε</strong></span> <span class='ocrx_word' id='word_1_280' title='bbox 736 1378 851 1399; x_wconf 90' lang='lat' dir='ltr'><strong>necnon</strong></span> <span class='ocrx_word' id='word_1_281' title='bbox 867 1368 1019 1399; x_wconf 86' lang='lat' dir='ltr'><strong>mittemus</strong></span> 
     </span>
    </p>
   </div>
   <div class='ocr_carea' id='block_1_46' title="bbox 200 1413 1018 1455">
    <p class='ocr_par' dir='ltr' id='par_1_46' title="bbox 200 1413 1018 1455">
     <span class='ocr_line' id='line_1_46' title="bbox 200 1413 1018 1455; baseline 0 -11"><span class='ocrx_word' id='word_1_282' title='bbox 200 1415 343 1454; x_wconf 85' lang='lat' dir='ltr'><strong>scriptum</strong></span> <span class='ocrx_word' id='word_1_283' title='bbox 374 1415 451 1455; x_wconf 77' lang='lat' dir='ltr'><strong>quod</strong></span> <span class='ocrx_word' id='word_1_284' title='bbox 477 1415 618 1445; x_wconf 85' lang='lat' dir='ltr'><strong>adversus</strong></span> <span class='ocrx_word' id='word_1_285' title='bbox 643 1423 696 1444; x_wconf 93' lang='lat' dir='ltr'><strong>nos</strong></span> <span class='ocrx_word' id='word_1_286' title='bbox 718 1413 886 1453; x_wconf 88' lang='lat' dir='ltr'><strong>depositum</strong></span> <span class='ocrx_word' id='word_1_287' title='bbox 911 1413 964 1444; x_wconf 88' lang='lat' dir='ltr'><strong>fuit</strong></span> <span class='ocrx_word' id='word_1_288' title='bbox 988 1413 1018 1444; x_wconf 93' lang='lat' dir='ltr'><strong>in</strong></span> 
     </span>
    </p>
   </div>
   <div class='ocr_carea' id='block_1_47' title="bbox 201 1457 1018 1499">
    <p class='ocr_par' dir='ltr' id='par_1_47' title="bbox 201 1457 1018 1499">
     <span class='ocr_line' id='line_1_47' title="bbox 201 1457 1018 1499; baseline 0.001 -12"><span class='ocrx_word' id='word_1_289' title='bbox 201 1461 320 1498; x_wconf 79' lang='lat' dir='ltr'><strong>mystica</strong></span> <span class='ocrx_word' id='word_1_290' title='bbox 343 1459 500 1499; x_wconf 84' lang='lat' dir='ltr'><strong>divinaque</strong></span> <span class='ocrx_word' id='word_1_291' title='bbox 527 1468 640 1489; x_wconf 82' lang='lat' dir='ltr'><strong>mensa.</strong></span> <span class='ocrx_word' id='word_1_292' title='bbox 657 1458 698 1489; x_wconf 91' lang='lat' dir='ltr'><strong>Ex</strong></span> <span class='ocrx_word' id='word_1_293' title='bbox 724 1467 781 1497; x_wconf 90' lang='lat' dir='ltr'><strong>quo</strong></span> <span class='ocrx_word' id='word_1_294' title='bbox 798 1457 881 1488; x_wconf 89' lang='lat' dir='ltr'><strong>dices</strong></span> <span class='ocrx_word' id='word_1_295' title='bbox 895 1457 1018 1488; x_wconf 87' lang='lat' dir='ltr'><strong>istorum</strong></span> 
     </span>
    </p>
   </div>
   <div class='ocr_carea' id='block_1_48' title="bbox 197 1501 1018 1543">
    <p class='ocr_par' dir='ltr' id='par_1_48' title="bbox 197 1501 1018 1543">
     <span class='ocr_line' id='line_1_48' title="bbox 197 1501 1018 1543; baseline 0.001 -11"><span class='ocrx_word' id='word_1_296' title='bbox 197 1502 228 1532; x_wconf 91' lang='lat' dir='ltr'><strong>in</strong></span> <span class='ocrx_word' id='word_1_297' title='bbox 245 1502 302 1532; x_wconf 62' lang='lat' dir='ltr'><strong>titie</strong></span> <span class='ocrx_word' id='word_1_298' title='bbox 319 1503 564 1542; x_wconf 80' lang='lat' dir='ltr'><strong>perversita&#39;em;</strong></span> <span class='ocrx_word' id='word_1_299' title='bbox 582 1502 719 1543; x_wconf 83' lang='lat' dir='ltr'><strong>quodque</strong></span> <span class='ocrx_word' id='word_1_300' title='bbox 735 1502 815 1531; x_wconf 91' lang='lat' dir='ltr'><strong>omni</strong></span> <span class='ocrx_word' id='word_1_301' title='bbox 832 1501 1018 1542; x_wconf 87' lang='lat' dir='ltr'><strong>imperitiaet</strong></span> 
     </span>
    </p>
   </div>
   <div class='ocr_carea' id='block_1_49' title="bbox 196 1546 1016 1588">
    <p class='ocr_par' dir='ltr' id='par_1_49' title="bbox 196 1546 1016 1588">
     <span class='ocr_line' id='line_1_49' title="bbox 196 1546 1016 1588; baseline 0 -11"><span class='ocrx_word' id='word_1_302' title='bbox 196 1547 371 1588; x_wconf 76' lang='lat' dir='ltr'><strong>rusticitate,</strong></span> <span class='ocrx_word' id='word_1_303' title='bbox 384 1548 455 1588; x_wconf 83' lang='lat' dir='ltr'><strong>imo,</strong></span> <span class='ocrx_word' id='word_1_304' title='bbox 468 1553 500 1578; x_wconf 91' lang='lat' dir='ltr'><strong>ut</strong></span> <span class='ocrx_word' id='word_1_305' title='bbox 515 1548 613 1578; x_wconf 88' lang='lat' dir='ltr'><strong>verius</strong></span> <span class='ocrx_word' id='word_1_306' title='bbox 627 1547 891 1587; x_wconf 41' lang='lat' dir='ltr'><strong>dicaturgstupore</strong></span> <span class='ocrx_word' id='word_1_307' title='bbox 910 1555 944 1577; x_wconf 90' lang='lat' dir='ltr'><strong>ac</strong></span> <span class='ocrx_word' id='word_1_308' title='bbox 960 1546 1016 1577; x_wconf 80' lang='lat' dir='ltr'><strong>de-</strong></span> 
     </span>
    </p>
   </div>
   <div class='ocr_carea' id='block_1_50' title="bbox 199 1591 544 1629">
    <p class='ocr_par' dir='ltr' id='par_1_50' title="bbox 199 1591 544 1629">
     <span class='ocr_line' id='line_1_50' title="bbox 199 1591 544 1629; baseline 0.003 -8"><span class='ocrx_word' id='word_1_309' title='bbox 199 1591 319 1629; x_wconf 86' lang='lat' dir='ltr'><strong>mentia,</strong></span> <span class='ocrx_word' id='word_1_310' title='bbox 333 1593 457 1623; x_wconf 83' lang='lat' dir='ltr'><strong>conferti</strong></span> <span class='ocrx_word' id='word_1_311' title='bbox 474 1592 544 1623; x_wconf 90' lang='lat' dir='ltr'><strong>sint.</strong></span> 
     </span>
    </p>
   </div>
   <div class='ocr_carea' id='block_1_51' title="bbox 235 1725 1018 1766">
    <p class='ocr_par' dir='ltr' id='par_1_51' title="bbox 235 1725 1018 1766">
     <span class='ocr_line' id='line_1_51' title="bbox 235 1725 1018 1766; baseline 0.001 -11"><span class='ocrx_word' id='word_1_312' title='bbox 235 1725 378 1756; x_wconf 91' lang='lat' dir='ltr'><strong>Dominus</strong></span> <span class='ocrx_word' id='word_1_313' title='bbox 391 1726 421 1756; x_wconf 95' lang='lat' dir='ltr'><strong>in</strong></span> <span class='ocrx_word' id='word_1_314' title='bbox 438 1734 584 1766; x_wconf 88' lang='lat' dir='ltr'><strong>prospera</strong></span> <span class='ocrx_word' id='word_1_315' title='bbox 599 1725 766 1757; x_wconf 91' lang='lat' dir='ltr'><strong>valetudine</strong></span> <span class='ocrx_word' id='word_1_316' title='bbox 782 1729 940 1757; x_wconf 89' lang='lat' dir='ltr'><strong>conservet</strong></span> <span class='ocrx_word' id='word_1_317' title='bbox 954 1734 1018 1766; x_wconf 89' lang='lat' dir='ltr'><strong>per-</strong></span> 
     </span>
    </p>
   </div>
   <div class='ocr_carea' id='block_1_52' title="bbox 195 1769 793 1811">
    <p class='ocr_par' dir='ltr' id='par_1_52' title="bbox 195 1769 793 1811">
     <span class='ocr_line' id='line_1_52' title="bbox 195 1769 793 1811; baseline 0.002 -12"><span class='ocrx_word' id='word_1_318' title='bbox 195 1769 352 1800; x_wconf 82' lang='lat' dir='ltr'><strong>fectionem</strong></span> <span class='ocrx_word' id='word_1_319' title='bbox 368 1774 460 1811; x_wconf 85' lang='lat' dir='ltr'><strong>tuam,</strong></span> <span class='ocrx_word' id='word_1_320' title='bbox 476 1774 610 1801; x_wconf 89' lang='lat' dir='ltr'><strong>orantem</strong></span> <span class='ocrx_word' id='word_1_321' title='bbox 627 1779 680 1811; x_wconf 90' lang='lat' dir='ltr'><strong>pro</strong></span> <span class='ocrx_word' id='word_1_322' title='bbox 696 1769 793 1800; x_wconf 91' lang='lat' dir='ltr'><strong>nobis.</strong></span> 
     </span>
    </p>
   </div>
   <div class='ocr_carea' id='block_1_53' title="bbox 1063 1055 1888 1098">
    <p class='ocr_par' dir='ltr' id='par_1_53' title="bbox 1063 1055 1888 1098">
     <span class='ocr_line' id='line_1_53' title="bbox 1063 1055 1888 1098; baseline 0.005 -14"><span class='ocrx_word' id='word_1_323' title='bbox 1063 1055 1256 1096; x_wconf 76' lang='grc' dir='ltr'>Ἀλεξανδρείας</span> <span class='ocrx_word' id='word_1_324' title='bbox 1292 1058 1422 1098; x_wconf 81' lang='grc' dir='ltr'>ἡμετέρου</span> <span class='ocrx_word' id='word_1_325' title='bbox 1458 1059 1615 1098; x_wconf 84' lang='grc' dir='ltr'>γράμματος</span> <span class='ocrx_word' id='word_1_326' title='bbox 1651 1060 1695 1087; x_wconf 87' lang='grc' dir='ltr'><strong>καὶ</strong></span> <span class='ocrx_word' id='word_1_327' title='bbox 1731 1071 1771 1096; x_wconf 85' lang='grc' dir='ltr'>τῳ</span> <span class='ocrx_word' id='word_1_328' title='bbox 1799 1060 1888 1098; x_wconf 83' lang='grc' dir='ltr'>ἁγιω-</span> 
     </span>
    </p>
   </div>
   <div class='ocr_carea' id='block_1_54' title="bbox 1062 1099 1887 1143">
    <p class='ocr_par' dir='ltr' id='par_1_54' title="bbox 1062 1099 1887 1143">
     <span class='ocr_line' id='line_1_54' title="bbox 1062 1099 1887 1143; baseline 0.004 -15"><span class='ocrx_word' id='word_1_329' title='bbox 1062 1101 1132 1138; x_wconf 79' lang='grc' dir='ltr'>τάτῳ</span> <span class='ocrx_word' id='word_1_330' title='bbox 1160 1102 1313 1143; x_wconf 76' lang='grc' dir='ltr'>πατριάρχῃ</span> <span class='ocrx_word' id='word_1_331' title='bbox 1330 1099 1515 1142; x_wconf 69' lang='grc' dir='ltr'>Ἱεροσολύμων</span> <span class='ocrx_word' id='word_1_332' title='bbox 1528 1104 1681 1143; x_wconf 75' lang='grc' dir='ltr'>ἐγράψαμεν</span> <span class='ocrx_word' id='word_1_333' title='bbox 1698 1112 1705 1119; x_wconf 89' lang='grc'><em>’</em></span> <span class='ocrx_word' id='word_1_334' title='bbox 1721 1105 1758 1136; x_wconf 83' lang='grc' dir='ltr'>ὡς</span> <span class='ocrx_word' id='word_1_335' title='bbox 1774 1104 1817 1143; x_wconf 79' lang='grc' dir='ltr'><strong>ἃν⁷</strong></span> <span class='ocrx_word' id='word_1_336' title='bbox 1840 1104 1887 1131; x_wconf 83' lang='grc' dir='ltr'>εἴ-</span> 
     </span>
    </p>
   </div>
   <div class='ocr_carea' id='block_1_55' title="bbox 1061 1145 1887 1188">
    <p class='ocr_par' dir='ltr' id='par_1_55' title="bbox 1061 1145 1887 1188">
     <span class='ocr_line' id='line_1_55' title="bbox 1061 1145 1887 1188; baseline 0.004 -15"><span class='ocrx_word' id='word_1_337' title='bbox 1061 1155 1111 1184; x_wconf 88' lang='grc' dir='ltr'><strong>περ</strong></span> <span class='ocrx_word' id='word_1_338' title='bbox 1125 1146 1202 1178; x_wconf 74' lang='grc' dir='ltr'>αὐτὸς</span> <span class='ocrx_word' id='word_1_339' title='bbox 1222 1145 1356 1187; x_wconf 82' lang='grc' dir='ltr'>δυσχερῶς</span> <span class='ocrx_word' id='word_1_340' title='bbox 1378 1154 1474 1188; x_wconf 73' lang='grc' dir='ltr'>τυχεῖν</span> <span class='ocrx_word' id='word_1_341' title='bbox 1501 1148 1599 1188; x_wconf 84' lang='grc' dir='ltr'>σχοίης</span> <span class='ocrx_word' id='word_1_342' title='bbox 1627 1149 1692 1187; x_wconf 65' lang='grc' dir='ltr'>πρὸς</span> <span class='ocrx_word' id='word_1_343' title='bbox 1721 1149 1799 1177; x_wconf 56' lang='lat' dir='ltr'><strong>dimov</strong></span> <span class='ocrx_word' id='word_1_344' title='bbox 1814 1148 1887 1176; x_wconf 82' lang='grc' dir='ltr'>ἆπο-</span> 
     </span>
    </p>
   </div>
   <div class='ocr_carea' id='block_1_56' title="bbox 1062 1189 1888 1232">
    <p class='ocr_par' dir='ltr' id='par_1_56' title="bbox 1062 1189 1888 1232">
     <span class='ocr_line' id='line_1_56' title="bbox 1062 1189 1888 1232; baseline 0.004 -15"><span class='ocrx_word' id='word_1_345' title='bbox 1062 1189 1165 1218; x_wconf 80' lang='grc' dir='ltr'>στεῖλαι</span> <span class='ocrx_word' id='word_1_346' title='bbox 1187 1191 1236 1224; x_wconf 76' lang='grc' dir='ltr'>τὴν</span> <span class='ocrx_word' id='word_1_347' title='bbox 1258 1193 1372 1232; x_wconf 72' lang='grc' dir='ltr'>γραφὴν,</span> <span class='ocrx_word' id='word_1_348' title='bbox 1398 1193 1475 1224; x_wconf 63' lang='grc' dir='ltr'>αὖτὶις</span> <span class='ocrx_word' id='word_1_349' title='bbox 1510 1193 1607 1226; x_wconf 74' lang='grc' dir='ltr'>ταύτην</span> <span class='ocrx_word' id='word_1_350' title='bbox 1633 1193 1699 1232; x_wconf 83' lang='grc' dir='ltr'>πρὸς</span> <span class='ocrx_word' id='word_1_351' title='bbox 1714 1193 1763 1226; x_wconf 79' lang='grc' dir='ltr'>τὴν</span> <span class='ocrx_word' id='word_1_352' title='bbox 1787 1192 1888 1222; x_wconf 75' lang='grc' dir='ltr'>ἐκείνου</span> 
     </span>
    </p>
   </div>
   <div class='ocr_carea' id='block_1_57' title="bbox 1062 1233 1885 1276">
    <p class='ocr_par' dir='ltr' id='par_1_57' title="bbox 1062 1233 1885 1276">
     <span class='ocr_line' id='line_1_57' title="bbox 1062 1233 1885 1276; baseline 0.005 -15"><span class='ocrx_word' id='word_1_353' title='bbox 1062 1233 1200 1272; x_wconf 74' lang='grc' dir='ltr'>διαϐιϐάσῃ</span> <span class='ocrx_word' id='word_1_354' title='bbox 1235 1237 1428 1275; x_wconf 80' lang='grc' dir='ltr'>μακαριότητα.</span> <span class='ocrx_word' id='word_1_355' title='bbox 1471 1238 1519 1266; x_wconf 80' lang='grc' dir='ltr'><strong>Καὶ</strong></span> <span class='ocrx_word' id='word_1_356' title='bbox 1553 1242 1596 1266; x_wconf 76' lang='grc' dir='ltr'>νῦν</span> <span class='ocrx_word' id='word_1_357' title='bbox 1632 1238 1693 1275; x_wconf 79' lang='grc' dir='ltr'>μὲν,</span> <span class='ocrx_word' id='word_1_358' title='bbox 1727 1248 1885 1276; x_wconf 84' lang='grc' dir='ltr'>κατεπειγο-</span> 
     </span>
    </p>
   </div>
   <div class='ocr_carea' id='block_1_58' title="bbox 1061 1278 1883 1321">
    <p class='ocr_par' dir='ltr' id='par_1_58' title="bbox 1061 1278 1883 1321">
     <span class='ocr_line' id='line_1_58' title="bbox 1061 1278 1883 1321; baseline 0.004 -15"><span class='ocrx_word' id='word_1_359' title='bbox 1061 1278 1140 1316; x_wconf 85' lang='grc' dir='ltr'>μένου</span> <span class='ocrx_word' id='word_1_360' title='bbox 1176 1285 1222 1310; x_wconf 78' lang='grc' dir='ltr'>τοῦ</span> <span class='ocrx_word' id='word_1_361' title='bbox 1257 1280 1375 1320; x_wconf 76' lang='grc' dir='ltr'>γαμϐροῦ</span> <span class='ocrx_word' id='word_1_362' title='bbox 1403 1284 1451 1315; x_wconf 82' lang='grc' dir='ltr'>τῆς</span> <span class='ocrx_word' id='word_1_363' title='bbox 1480 1282 1631 1321; x_wconf 72' lang='grc' dir='ltr'>ἁγιωσύνης</span> <span class='ocrx_word' id='word_1_364' title='bbox 1662 1293 1708 1310; x_wconf 78' lang='grc' dir='ltr'><strong>σου</strong></span> <span class='ocrx_word' id='word_1_365' title='bbox 1742 1283 1807 1321; x_wconf 79' lang='grc' dir='ltr'>πρὸς</span> <span class='ocrx_word' id='word_1_366' title='bbox 1833 1283 1883 1316; x_wconf 81' lang='grc' dir='ltr'>τὴν</span> 
     </span>
    </p>
   </div>
   <div class='ocr_carea' id='block_1_59' title="bbox 1060 1322 1883 1366">
    <p class='ocr_par' dir='ltr' id='par_1_59' title="bbox 1060 1322 1883 1366">
     <span class='ocr_line' id='line_1_59' title="bbox 1060 1322 1883 1366; baseline 0.005 -16"><span class='ocrx_word' id='word_1_367' title='bbox 1060 1322 1199 1363; x_wconf 67' lang='grc' dir='ltr'>ἐξέλευσιν,</span> <span class='ocrx_word' id='word_1_368' title='bbox 1216 1324 1243 1352; x_wconf 82' lang='grc' dir='ltr'>ἐν</span> <span class='ocrx_word' id='word_1_369' title='bbox 1258 1324 1376 1363; x_wconf 71' lang='grc' dir='ltr'>ἐπιτόμῳ</span> <span class='ocrx_word' id='word_1_370' title='bbox 1397 1327 1440 1354; x_wconf 84' lang='grc' dir='ltr'>καὶ</span> <span class='ocrx_word' id='word_1_371' title='bbox 1463 1326 1530 1354; x_wconf 73' lang='grc' dir='ltr'>κατὰ</span> <span class='ocrx_word' id='word_1_372' title='bbox 1556 1325 1670 1366; x_wconf 82' lang='grc' dir='ltr'>παρόδον</span> <span class='ocrx_word' id='word_1_373' title='bbox 1697 1326 1731 1355; x_wconf 70' lang='grc' dir='ltr'><strong>τὰ</strong></span> <span class='ocrx_word' id='word_1_374' title='bbox 1757 1337 1883 1365; x_wconf 80' lang='grc' dir='ltr'>πεπραγ-</span> 
     </span>
    </p>
   </div>
   <div class='ocr_carea' id='block_1_60' title="bbox 1060 1367 1883 1410">
    <p class='ocr_par' dir='ltr' id='par_1_60' title="bbox 1060 1367 1883 1410">
     <span class='ocr_line' id='line_1_60' title="bbox 1060 1367 1883 1410; baseline 0.005 -15"><span class='ocrx_word' id='word_1_375' title='bbox 1060 1367 1126 1405; x_wconf 80' lang='grc' dir='ltr'>μένα</span> <span class='ocrx_word' id='word_1_376' title='bbox 1161 1367 1340 1407; x_wconf 77' lang='grc' dir='ltr'>διεξήλθομεν,</span> <span class='ocrx_word' id='word_1_377' title='bbox 1377 1371 1449 1398; x_wconf 77' lang='grc' dir='ltr'>Μετὰ</span> <span class='ocrx_word' id='word_1_378' title='bbox 1485 1369 1512 1398; x_wconf 75' lang='grc' dir='ltr'><strong>δὲ</strong></span> <span class='ocrx_word' id='word_1_379' title='bbox 1545 1374 1621 1399; x_wconf 82' lang='grc' dir='ltr'>τοῦτο</span> <span class='ocrx_word' id='word_1_380' title='bbox 1649 1370 1810 1410; x_wconf 73' lang='grc' dir='ltr'>πλατύτερον</span> <span class='ocrx_word' id='word_1_381' title='bbox 1837 1372 1883 1399; x_wconf 75' lang='grc' dir='ltr'>καὶ</span> 
     </span>
    </p>
   </div>
   <div class='ocr_carea' id='block_1_61' title="bbox 1061 1412 1884 1455">
    <p class='ocr_par' dir='ltr' id='par_1_61' title="bbox 1061 1412 1884 1455">
     <span class='ocr_line' id='line_1_61' title="bbox 1061 1412 1884 1455; baseline 0.004 -15"><span class='ocrx_word' id='word_1_382' title='bbox 1061 1412 1229 1452; x_wconf 74' lang='grc' dir='ltr'>σαφέστερον,</span> <span class='ocrx_word' id='word_1_383' title='bbox 1258 1414 1327 1454; x_wconf 70' lang='grc' dir='ltr'>εἴγε,</span> <span class='ocrx_word' id='word_1_384' title='bbox 1353 1413 1452 1452; x_wconf 74' lang='grc' dir='ltr'>δεήσει,</span> <span class='ocrx_word' id='word_1_385' title='bbox 1483 1414 1670 1453; x_wconf 79' lang='grc' dir='ltr'>ἒπιστελοῦμεν</span> <span class='ocrx_word' id='word_1_386' title='bbox 1692 1416 1758 1454; x_wconf 79' lang='grc' dir='ltr'>πρὸς</span> <span class='ocrx_word' id='word_1_387' title='bbox 1780 1415 1809 1443; x_wconf 78' lang='grc' dir='ltr'>σὲ</span> <span class='ocrx_word' id='word_1_388' title='bbox 1823 1417 1884 1455; x_wconf 83' lang='grc' dir='ltr'>περὶ</span> 
     </span>
    </p>
   </div>
   <div class='ocr_carea' id='block_1_62' title="bbox 1059 1457 1883 1497">
    <p class='ocr_par' dir='ltr' id='par_1_62' title="bbox 1059 1457 1883 1497">
     <span class='ocr_line' id='line_1_62' title="bbox 1059 1457 1883 1497; baseline 0.005 -13"><span class='ocrx_word' id='word_1_389' title='bbox 1059 1457 1158 1484; x_wconf 84' lang='grc' dir='ltr'>τούτων</span> <span class='ocrx_word' id='word_1_390' title='bbox 1175 1465 1182 1472; x_wconf 82' lang='grc'><strong><em>⁸</em></strong></span> <span class='ocrx_word' id='word_1_391' title='bbox 1200 1457 1401 1491; x_wconf 75' lang='grc' dir='ltr'>ἀποστείλαντες</span> <span class='ocrx_word' id='word_1_392' title='bbox 1417 1460 1460 1487; x_wconf 79' lang='grc' dir='ltr'>καὶ</span> <span class='ocrx_word' id='word_1_393' title='bbox 1484 1461 1547 1489; x_wconf 73' lang='grc' dir='ltr'>αὐτὸ</span> <span class='ocrx_word' id='word_1_394' title='bbox 1575 1460 1606 1488; x_wconf 65' lang='grc' dir='ltr'><strong>τὶν</strong></span> <span class='ocrx_word' id='word_1_395' title='bbox 1629 1458 1688 1488; x_wconf 84' lang='grc' dir='ltr'>καθ’</span> <span class='ocrx_word' id='word_1_396' title='bbox 1712 1460 1789 1497; x_wconf 79' lang='grc' dir='ltr'>ἡμῶν</span> <span class='ocrx_word' id='word_1_397' title='bbox 1811 1459 1883 1488; x_wconf 77' lang='grc' dir='ltr'>ἀπο-</span> 
     </span>
    </p>
   </div>
   <div class='ocr_carea' id='block_1_63' title="bbox 1059 1500 1882 1543">
    <p class='ocr_par' dir='ltr' id='par_1_63' title="bbox 1059 1500 1882 1543">
     <span class='ocr_line' id='line_1_63' title="bbox 1059 1500 1882 1543; baseline 0.005 -15"><span class='ocrx_word' id='word_1_398' title='bbox 1059 1501 1132 1529; x_wconf 73' lang='grc' dir='ltr'>τεθὲν</span> <span class='ocrx_word' id='word_1_399' title='bbox 1159 1500 1301 1542; x_wconf 68' lang='grc' dir='ltr'>ἔγγραφον,</span> <span class='ocrx_word' id='word_1_400' title='bbox 1339 1503 1366 1531; x_wconf 82' lang='grc' dir='ltr'>ἐν</span> <span class='ocrx_word' id='word_1_401' title='bbox 1393 1507 1428 1542; x_wconf 78' lang='grc' dir='ltr'><strong>τῇ</strong></span> <span class='ocrx_word' id='word_1_402' title='bbox 1457 1507 1573 1543; x_wconf 75' lang='grc' dir='ltr'>μυστικῇ</span> <span class='ocrx_word' id='word_1_403' title='bbox 1603 1505 1646 1532; x_wconf 83' lang='grc' dir='ltr'><strong>καὶ</strong></span> <span class='ocrx_word' id='word_1_404' title='bbox 1673 1504 1729 1539; x_wconf 77' lang='grc' dir='ltr'>θείᾳ</span> <span class='ocrx_word' id='word_1_405' title='bbox 1754 1504 1882 1543; x_wconf 79' lang='grc' dir='ltr'>τραπέζῃ,</span> 
     </span>
    </p>
   </div>
   <div class='ocr_carea' id='block_1_64' title="bbox 1058 1546 1884 1589">
    <p class='ocr_par' dir='ltr' id='par_1_64' title="bbox 1058 1546 1884 1589">
     <span class='ocr_line' id='line_1_64' title="bbox 1058 1546 1884 1589; baseline 0.004 -15"><span class='ocrx_word' id='word_1_406' title='bbox 1058 1546 1107 1575; x_wconf 82' lang='grc' dir='ltr'><strong>Καὶ</strong></span> <span class='ocrx_word' id='word_1_407' title='bbox 1136 1547 1244 1585; x_wconf 73' lang='grc' dir='ltr'>μαθήσῃ</span> <span class='ocrx_word' id='word_1_408' title='bbox 1265 1547 1296 1575; x_wconf 75' lang='grc' dir='ltr'>ἐκ</span> <span class='ocrx_word' id='word_1_409' title='bbox 1327 1548 1419 1577; x_wconf 76' lang='grc' dir='ltr'>τούτου</span> <span class='ocrx_word' id='word_1_410' title='bbox 1454 1550 1484 1577; x_wconf 80' lang='grc' dir='ltr'>τὸ</span> <span class='ocrx_word' id='word_1_411' title='bbox 1512 1548 1669 1589; x_wconf 68' lang='grc' dir='ltr'>διάστροφον</span> <span class='ocrx_word' id='word_1_412' title='bbox 1695 1549 1794 1576; x_wconf 85' lang='grc' dir='ltr'>τούτων</span> <span class='ocrx_word' id='word_1_413' title='bbox 1823 1550 1884 1588; x_wconf 81' lang='grc' dir='ltr'>περὶ</span> 
     </span>
    </p>
   </div>
   <div class='ocr_carea' id='block_1_65' title="bbox 1056 1591 1884 1633">
    <p class='ocr_par' dir='ltr' id='par_1_65' title="bbox 1056 1591 1884 1633">
     <span class='ocr_line' id='line_1_65' title="bbox 1056 1591 1884 1633; baseline 0.004 -15"><span class='ocrx_word' id='word_1_414' title='bbox 1056 1591 1105 1624; x_wconf 81' lang='grc' dir='ltr'>τὴν</span> <span class='ocrx_word' id='word_1_415' title='bbox 1134 1591 1221 1619; x_wconf 86' lang='grc' dir='ltr'>πίστιν</span> <span class='ocrx_word' id='word_1_416' title='bbox 1237 1599 1244 1607; x_wconf 87' lang='grc'><strong>·</strong></span> <span class='ocrx_word' id='word_1_417' title='bbox 1273 1593 1316 1620; x_wconf 82' lang='grc' dir='ltr'><strong>καὶ</strong></span> <span class='ocrx_word' id='word_1_418' title='bbox 1343 1593 1379 1624; x_wconf 84' lang='grc' dir='ltr'>ὡς</span> <span class='ocrx_word' id='word_1_419' title='bbox 1404 1593 1514 1630; x_wconf 81' lang='grc' dir='ltr'>ἀμαθίας</span> <span class='ocrx_word' id='word_1_420' title='bbox 1547 1593 1637 1626; x_wconf 72' lang='grc' dir='ltr'>πάσης</span> <span class='ocrx_word' id='word_1_421' title='bbox 1671 1594 1715 1621; x_wconf 85' lang='grc' dir='ltr'><strong>καὶ</strong></span> <span class='ocrx_word' id='word_1_422' title='bbox 1747 1593 1884 1633; x_wconf 81' lang='grc' dir='ltr'>ἀγροικίας</span> 
     </span>
    </p>
   </div>
   <div class='ocr_carea' id='block_1_66' title="bbox 1058 1635 1879 1678">
    <p class='ocr_par' dir='ltr' id='par_1_66' title="bbox 1058 1635 1879 1678">
     <span class='ocr_line' id='line_1_66' title="bbox 1058 1635 1879 1678; baseline 0.004 -15"><span class='ocrx_word' id='word_1_423' title='bbox 1058 1635 1150 1673; x_wconf 88' lang='grc' dir='ltr'>πολλῷ</span> <span class='ocrx_word' id='word_1_424' title='bbox 1165 1635 1192 1664; x_wconf 74' lang='grc' dir='ltr'><strong>δὲ</strong></span> <span class='ocrx_word' id='word_1_425' title='bbox 1214 1637 1311 1677; x_wconf 70' lang='grc' dir='ltr'>εἰπεῖν,</span> <span class='ocrx_word' id='word_1_426' title='bbox 1327 1637 1509 1676; x_wconf 73' lang='grc' dir='ltr'>ἀναισθησίας,</span> <span class='ocrx_word' id='word_1_427' title='bbox 1535 1638 1578 1666; x_wconf 77' lang='grc' dir='ltr'><strong>καὶ</strong></span> <span class='ocrx_word' id='word_1_428' title='bbox 1599 1638 1747 1678; x_wconf 74' lang='grc' dir='ltr'>ἀφροσύνης</span> <span class='ocrx_word' id='word_1_429' title='bbox 1768 1638 1879 1673; x_wconf 79' lang='grc' dir='ltr'>πεπλή-</span> 
     </span>
    </p>
   </div>
   <div class='ocr_carea' id='block_1_67' title="bbox 1059 1691 1798 1719">
    <p class='ocr_par' dir='ltr' id='par_1_67' title="bbox 1059 1691 1798 1719">
     <span class='ocr_line' id='line_1_67' title="bbox 1059 1691 1798 1719; baseline 0.003 -12"><span class='ocrx_word' id='word_1_430' title='bbox 1059 1691 1154 1719; x_wconf 86' lang='grc' dir='ltr'>ρωνται</span> <span class='ocrx_word' id='word_1_431' title='bbox 1159 1701 1168 1709; x_wconf 77' lang='grc' dir='ltr'><strong><em>ο</em></strong></span> <span class='ocrx_word' id='word_1_432' title='bbox 1795 1692 1798 1695; x_wconf 91' lang='grc'><strong><em>“</em></strong></span> 
     </span>
    </p>
   </div>
   <div class='ocr_carea' id='block_1_68' title="bbox 1101 1721 1878 1769">
    <p class='ocr_par' dir='ltr' id='par_1_68' title="bbox 1101 1721 1878 1769">
     <span class='ocr_line' id='line_1_68' title="bbox 1101 1721 1878 1769; baseline 0.004 -16"><span class='ocrx_word' id='word_1_433' title='bbox 1101 1721 1129 1754; x_wconf 79' lang='grc' dir='ltr'><strong>ιΟ</strong></span> <span class='ocrx_word' id='word_1_434' title='bbox 1145 1725 1237 1765; x_wconf 76' lang='grc' dir='ltr'>Κύριος</span> <span class='ocrx_word' id='word_1_435' title='bbox 1252 1725 1279 1754; x_wconf 78' lang='grc' dir='ltr'>ἐν</span> <span class='ocrx_word' id='word_1_436' title='bbox 1294 1726 1367 1765; x_wconf 82' lang='grc' dir='ltr'>ὑγεία</span> <span class='ocrx_word' id='word_1_437' title='bbox 1393 1726 1544 1768; x_wconf 67' lang='grc' dir='ltr'>διαφυλάξαι</span> <span class='ocrx_word' id='word_1_438' title='bbox 1568 1728 1617 1761; x_wconf 76' lang='grc' dir='ltr'><strong>τὴν</strong></span> <span class='ocrx_word' id='word_1_439' title='bbox 1639 1728 1690 1761; x_wconf 83' lang='grc' dir='ltr'><strong>σὴν</strong></span> <span class='ocrx_word' id='word_1_440' title='bbox 1710 1726 1878 1769; x_wconf 80' lang='grc' dir='ltr'><strong>τελειότητα⁷</strong></span> 
     </span>
    </p>
   </div>
   <div class='ocr_carea' id='block_1_69' title="bbox 1059 1770 1390 1810">
    <p class='ocr_par' dir='ltr' id='par_1_69' title="bbox 1059 1770 1390 1810">
     <span class='ocr_line' id='line_1_69' title="bbox 1059 1770 1390 1810; baseline 0.003 -12"><span class='ocrx_word' id='word_1_441' title='bbox 1059 1770 1207 1810; x_wconf 72' lang='grc' dir='ltr'>εὐχομένην</span> <span class='ocrx_word' id='word_1_442' title='bbox 1221 1771 1286 1809; x_wconf 71' lang='grc' dir='ltr'>ὑπὲρ</span> <span class='ocrx_word' id='word_1_443' title='bbox 1301 1771 1378 1808; x_wconf 80' lang='grc' dir='ltr'>ἡμῶν</span> <span class='ocrx_word' id='word_1_444' title='bbox 1384 1795 1390 1802; x_wconf 93' lang='grc'>,</span> 
     </span>
    </p>
   </div>
   <div class='ocr_carea' id='block_1_70' title="bbox 1318 1861 1856 1883">
    <p class='ocr_par' dir='ltr' id='par_1_70' title="bbox 1318 1861 1856 1883">
     <span class='ocr_line' id='line_1_70' title="bbox 1318 1861 1856 1883; baseline 0.006 -6"><span class='ocrx_word' id='word_1_445' title='bbox 1318 1861 1856 1883; x_wconf 50' lang='grc'><strong>*-</strong></span> 
     </span>
    </p>
   </div>
   <div class='ocr_carea' id='block_1_71' title="bbox 883 1927 1181 1952">
    <p class='ocr_par' dir='ltr' id='par_1_71' title="bbox 883 1927 1181 1952">
     <span class='ocr_line' id='line_1_71' title="bbox 883 1927 1181 1952; baseline -0.003 0"><span class='ocrx_word' id='word_1_446' title='bbox 883 1927 964 1952; x_wconf 80' lang='lat' dir='ltr'><strong>ANNO</strong></span> <span class='ocrx_word' id='word_1_447' title='bbox 986 1927 1078 1952; x_wconf 77' lang='grc' dir='ltr'><strong>ΒΟΜΙΝ</strong></span> <span class='ocrx_word' id='word_1_448' title='bbox 1080 1928 1090 1952; x_wconf 86' lang='grc' dir='ltr'><strong>Ι</strong></span> <span class='ocrx_word' id='word_1_449' title='bbox 1109 1927 1181 1951; x_wconf 75' lang='lat' dir='ltr'><strong>MLVI</strong></span> 
     </span>
    </p>
   </div>
   <div class='ocr_carea' id='block_1_72' title="bbox 718 2011 1348 2115">
    <p class='ocr_par' dir='ltr' id='par_1_72' title="bbox 718 2011 1348 2115">
     <span class='ocr_line' id='line_1_72' title="bbox 718 2011 1348 2115; baseline 0 0"><span class='ocrx_word' id='word_1_450' title='bbox 718 2011 876 2115; x_wconf 83' lang='lat' dir='ltr'><strong>SA</strong></span> <span class='ocrx_word' id='word_1_451' title='bbox 891 2011 1348 2115; x_wconf 84' lang='lat' dir='ltr'>MONAS</span> 
     </span>
    </p>
   </div>
   <div class='ocr_carea' id='block_1_73' title="bbox 461 2183 1605 2240">
    <p class='ocr_par' dir='ltr' id='par_1_73' title="bbox 461 2183 1605 2240">
     <span class='ocr_line' id='line_1_73' title="bbox 461 2183 1605 2240; baseline 0.002 -2"><span class='ocrx_word' id='word_1_452' title='bbox 461 2183 794 2239; x_wconf 84' lang='lat' dir='ltr'><strong>GAZENSIS</strong></span> <span class='ocrx_word' id='word_1_453' title='bbox 846 2183 1190 2238; x_wconf 87' lang='lat' dir='ltr'><strong>CIVITATIS</strong></span> <span class='ocrx_word' id='word_1_454' title='bbox 1234 2183 1605 2240; x_wconf 89' lang='lat' dir='ltr'><strong>EPISCOPUS</strong></span> 
     </span>
    </p>
   </div>
   <div class='ocr_carea' id='block_1_74' title="bbox 919 2377 1146 2421">
    <p class='ocr_par' dir='ltr' id='par_1_74' title="bbox 919 2377 1146 2421">
     <span class='ocr_line' id='line_1_74' title="bbox 919 2377 1146 2421; baseline -0.004 0"><span class='ocrx_word' id='word_1_455' title='bbox 919 2377 1146 2421; x_wconf 83' lang='lat' dir='ltr'><strong>NOTITIA</strong></span> 
     </span>
    </p>
   </div>
   <div class='ocr_carea' id='block_1_75' title="bbox 443 2473 1606 2518">
    <p class='ocr_par' dir='ltr' id='par_1_75' title="bbox 443 2473 1606 2518">
     <span class='ocr_line' id='line_1_75' title="bbox 443 2473 1606 2518; baseline -0.003 -6"><span class='ocrx_word' id='word_1_456' title='bbox 443 2478 595 2518; x_wconf 83' lang='lat' dir='ltr'><strong>(Galland.</strong></span> <span class='ocrx_word' id='word_1_457' title='bbox 614 2480 753 2511; x_wconf 87' lang='lat' dir='ltr'><strong>Veterum</strong></span> <span class='ocrx_word' id='word_1_458' title='bbox 768 2479 889 2510; x_wconf 81' lang='lat' dir='ltr'><strong>Palmm</strong></span> <span class='ocrx_word' id='word_1_459' title='bbox 904 2475 1045 2508; x_wconf 88' lang='lat' dir='ltr'><strong>Biblioth.</strong></span> <span class='ocrx_word' id='word_1_460' title='bbox 1062 2479 1084 2508; x_wconf 84' lang='lat' dir='ltr'><strong>t.</strong></span> <span class='ocrx_word' id='word_1_461' title='bbox 1099 2473 1174 2513; x_wconf 81' lang='lat' dir='ltr'><strong>XIV,</strong></span> <span class='ocrx_word' id='word_1_462' title='bbox 1191 2474 1301 2516; x_wconf 80' lang='lat' dir='ltr'><strong>proleg.</strong></span> <span class='ocrx_word' id='word_1_463' title='bbox 1322 2485 1351 2516; x_wconf 93' lang='lat' dir='ltr'><strong>p.</strong></span> <span class='ocrx_word' id='word_1_464' title='bbox 1368 2475 1418 2507; x_wconf 87' lang='lat' dir='ltr'><strong>Vll</strong></span> <span class='ocrx_word' id='word_1_465' title='bbox 1433 2480 1463 2507; x_wconf 91' lang='lat' dir='ltr'><strong>et</strong></span> <span class='ocrx_word' id='word_1_466' title='bbox 1478 2485 1507 2517; x_wconf 88' lang='lat' dir='ltr'><strong>p.</strong></span> <span class='ocrx_word' id='word_1_467' title='bbox 1523 2475 1606 2516; x_wconf 75' lang='lat'><strong>223.)</strong></span> 
     </span>
    </p>
   </div>
   <div class='ocr_carea' id='block_1_76' title="bbox 222 2649 1869 2691">
    <p class='ocr_par' dir='ltr' id='par_1_76' title="bbox 222 2649 1869 2691">
     <span class='ocr_line' id='line_1_76' title="bbox 222 2649 1869 2691; baseline 0.001 -8"><span class='ocrx_word' id='word_1_468' title='bbox 222 2653 288 2684; x_wconf 86' lang='lat' dir='ltr'><strong>Fuit</strong></span> <span class='ocrx_word' id='word_1_469' title='bbox 304 2653 406 2685; x_wconf 78' lang='lat' dir='ltr'><strong>beatus</strong></span> <span class='ocrx_word' id='word_1_470' title='bbox 421 2654 566 2685; x_wconf 90' lang='lat' dir='ltr'><strong>Samonas</strong></span> <span class='ocrx_word' id='word_1_471' title='bbox 581 2652 721 2685; x_wconf 80' lang='lat' dir='ltr'><strong>Gazensis</strong></span> <span class='ocrx_word' id='word_1_472' title='bbox 734 2652 765 2683; x_wconf 90' lang='lat' dir='ltr'><strong>in</strong></span> <span class='ocrx_word' id='word_1_473' title='bbox 780 2651 934 2683; x_wconf 64' lang='lat' dir='ltr'><strong>Palaestina</strong></span> <span class='ocrx_word' id='word_1_474' title='bbox 948 2651 1107 2691; x_wconf 88' lang='lat' dir='ltr'><strong>episcopus</strong></span> <span class='ocrx_word' id='word_1_475' title='bbox 1117 2649 1196 2681; x_wconf 85' lang='lat' dir='ltr'><strong>circa</strong></span> <span class='ocrx_word' id='word_1_476' title='bbox 1207 2651 1246 2691; x_wconf 74' lang='grc' dir='ltr'><strong>Α.</strong></span> <span class='ocrx_word' id='word_1_477' title='bbox 1259 2650 1292 2681; x_wconf 92' lang='lat' dir='ltr'>C.</span> <span class='ocrx_word' id='word_1_478' title='bbox 1309 2650 1395 2687; x_wconf 81' lang='grc'><strong>1056,</strong></span> <span class='ocrx_word' id='word_1_479' title='bbox 1413 2651 1496 2691; x_wconf 90' lang='lat' dir='ltr'><strong>cujus</strong></span> <span class='ocrx_word' id='word_1_480' title='bbox 1507 2654 1599 2683; x_wconf 83' lang='lat' dir='ltr'><strong>exstat</strong></span> <span class='ocrx_word' id='word_1_481' title='bbox 1610 2651 1719 2691; x_wconf 84' lang='lat' dir='ltr'><strong>passim</strong></span> <span class='ocrx_word' id='word_1_482' title='bbox 1729 2652 1831 2683; x_wconf 75' lang='lat' dir='ltr'><strong>Graece</strong></span> <span class='ocrx_word' id='word_1_483' title='bbox 1839 2657 1869 2684; x_wconf 86' lang='lat' dir='ltr'><strong>et</strong></span> 
     </span>
    </p>
   </div>
   <div class='ocr_carea' id='block_1_77' title="bbox 179 2690 1870 2735">
    <p class='ocr_par' dir='ltr' id='par_1_77' title="bbox 179 2690 1870 2735">
     <span class='ocr_line' id='line_1_77' title="bbox 179 2690 1870 2735; baseline -0.001 -11"><span class='ocrx_word' id='word_1_484' title='bbox 179 2693 469 2735; x_wconf 16' lang='lat' dir='ltr'><strong>Latinerrdisputatio</strong></span> <span class='ocrx_word' id='word_1_485' title='bbox 494 2695 628 2735; x_wconf 73' lang='lat' dir='ltr'><strong>quaedam</strong></span> <span class='ocrx_word' id='word_1_486' title='bbox 645 2693 787 2735; x_wconf 80' lang='lat' dir='ltr'><strong>adversus</strong></span> <span class='ocrx_word' id='word_1_487' title='bbox 811 2690 987 2724; x_wconf 83' lang='lat' dir='ltr'><strong>Achmetem</strong></span> <span class='ocrx_word' id='word_1_488' title='bbox 1002 2690 1235 2735; x_wconf 67' lang='lat' dir='ltr'><strong>Saracenurnde</strong></span> <span class='ocrx_word' id='word_1_489' title='bbox 1262 2690 1461 2735; x_wconf 55' lang='lat' dir='ltr'><strong>Eucharistia.</strong></span> <span class='ocrx_word' id='word_1_490' title='bbox 1478 2691 1503 2722; x_wconf 80' lang='grc' dir='ltr'><strong>Α</strong></span> <span class='ocrx_word' id='word_1_491' title='bbox 1517 2690 1676 2735; x_wconf 45' lang='lat' dir='ltr'><strong>Saracenis</strong></span> <span class='ocrx_word' id='word_1_492' title='bbox 1691 2691 1870 2735; x_wconf 85' lang='lat' dir='ltr'><strong>interfectus</strong></span> 
     </span>
    </p>
   </div>
   <div class='ocr_carea' id='block_1_78' title="bbox 180 2729 1865 2773">
    <p class='ocr_par' dir='ltr' id='par_1_78' title="bbox 180 2729 1865 2773">
     <span class='ocr_line' id='line_1_78' title="bbox 180 2729 1865 2773; baseline -0.001 -9"><span class='ocrx_word' id='word_1_493' title='bbox 180 2733 235 2764; x_wconf 84' lang='lat' dir='ltr'><strong>fuit</strong></span> <span class='ocrx_word' id='word_1_494' title='bbox 250 2729 404 2773; x_wconf 76' lang='lat' dir='ltr'><strong>religionis</strong></span> <span class='ocrx_word' id='word_1_495' title='bbox 418 2729 517 2766; x_wconf 78' lang='lat' dir='ltr'><strong>causa.</strong></span> <span class='ocrx_word' id='word_1_496' title='bbox 537 2733 632 2770; x_wconf 87' lang='lat' dir='ltr'><strong>Quare</strong></span> <span class='ocrx_word' id='word_1_497' title='bbox 648 2734 726 2765; x_wconf 89' lang='lat' dir='ltr'><strong>inter</strong></span> <span class='ocrx_word' id='word_1_498' title='bbox 740 2732 843 2764; x_wconf 88' lang='lat' dir='ltr'><strong>beatos</strong></span> <span class='ocrx_word' id='word_1_499' title='bbox 859 2735 1001 2772; x_wconf 80' lang='lat' dir='ltr'><strong>martyres</strong></span> <span class='ocrx_word' id='word_1_500' title='bbox 1015 2735 1153 2773; x_wconf 81' lang='lat' dir='ltr'><strong>recenset</strong></span> <span class='ocrx_word' id='word_1_501' title='bbox 1169 2731 1250 2762; x_wconf 91' lang='lat' dir='ltr'><strong>illum</strong></span> <span class='ocrx_word' id='word_1_502' title='bbox 1264 2729 1329 2762; x_wconf 86' lang='lat' dir='ltr'><strong>Nic.</strong></span> <span class='ocrx_word' id='word_1_503' title='bbox 1346 2731 1516 2773; x_wconf 83' lang='lat' dir='ltr'><strong>Comnenus</strong></span> <span class='ocrx_word' id='word_1_504' title='bbox 1532 2732 1586 2772; x_wconf 83' lang='lat' dir='ltr'><strong>(a).</strong></span> <span class='ocrx_word' id='word_1_505' title='bbox 1601 2731 1693 2762; x_wconf 90' lang='lat' dir='ltr'><strong>Totus</strong></span> <span class='ocrx_word' id='word_1_506' title='bbox 1709 2732 1739 2762; x_wconf 92' lang='lat' dir='ltr'><strong>in</strong></span> <span class='ocrx_word' id='word_1_507' title='bbox 1755 2740 1794 2773; x_wconf 84' lang='lat' dir='ltr'><strong>eo</strong></span> <span class='ocrx_word' id='word_1_508' title='bbox 1809 2736 1865 2772; x_wconf 87' lang='lat' dir='ltr'><strong>est,</strong></span> 
     </span>
    </p>
   </div>
   <div class='ocr_carea' id='block_1_79' title="bbox 180 2771 1866 2815">
    <p class='ocr_par' dir='ltr' id='par_1_79' title="bbox 180 2771 1866 2815">
     <span class='ocr_line' id='line_1_79' title="bbox 180 2771 1866 2815; baseline -0.001 -11"><span class='ocrx_word' id='word_1_509' title='bbox 180 2777 212 2815; x_wconf 69' lang='lat' dir='ltr'><strong>ut</strong></span> <span class='ocrx_word' id='word_1_510' title='bbox 226 2771 330 2815; x_wconf 80' lang='lat' dir='ltr'><strong>probet</strong></span> <span class='ocrx_word' id='word_1_511' title='bbox 345 2784 450 2815; x_wconf 91' lang='lat' dir='ltr'><strong>panem</strong></span> <span class='ocrx_word' id='word_1_512' title='bbox 465 2785 499 2806; x_wconf 85' lang='lat' dir='ltr'><strong>ac</strong></span> <span class='ocrx_word' id='word_1_513' title='bbox 515 2774 613 2806; x_wconf 90' lang='lat' dir='ltr'><strong>vinum</strong></span> <span class='ocrx_word' id='word_1_514' title='bbox 630 2783 683 2814; x_wconf 89' lang='lat' dir='ltr'><strong>per</strong></span> <span class='ocrx_word' id='word_1_515' title='bbox 697 2773 860 2815; x_wconf 84' lang='lat' dir='ltr'><strong>sacerdotis</strong></span> <span class='ocrx_word' id='word_1_516' title='bbox 876 2771 1136 2815; x_wconf 51' lang='lat' dir='ltr'><strong>enumerationem</strong></span> <span class='ocrx_word' id='word_1_517' title='bbox 1142 2780 1326 2815; x_wconf 76' lang='lat' dir='ltr'><strong>verum_esse</strong></span> <span class='ocrx_word' id='word_1_518' title='bbox 1335 2775 1364 2802; x_wconf 89' lang='lat' dir='ltr'><strong>et</strong></span> <span class='ocrx_word' id='word_1_519' title='bbox 1372 2771 1521 2815; x_wconf 77' lang='lat' dir='ltr'><strong>integrum</strong></span> <span class='ocrx_word' id='word_1_520' title='bbox 1530 2771 1639 2815; x_wconf 71' lang='lat' dir='ltr'><strong>Corpus</strong></span> <span class='ocrx_word' id='word_1_521' title='bbox 1647 2781 1682 2803; x_wconf 87' lang='lat' dir='ltr'><strong>ac</strong></span> <span class='ocrx_word' id='word_1_522' title='bbox 1691 2771 1866 2811; x_wconf 83' lang='lat' dir='ltr'><strong>sanguinem</strong></span> 
     </span>
    </p>
   </div>
   <div class='ocr_carea' id='block_1_80' title="bbox 174 2811 1863 2860">
    <p class='ocr_par' dir='ltr' id='par_1_80' title="bbox 174 2811 1863 2860">
     <span class='ocr_line' id='line_1_80' title="bbox 174 2811 1863 2860; baseline -0.001 -16"><span class='ocrx_word' id='word_1_523' title='bbox 174 2811 306 2860; x_wconf 46' lang='lat' dir='ltr'><strong>gemini;</strong></span> <span class='ocrx_word' id='word_1_524' title='bbox 322 2811 365 2845; x_wconf 68' lang='grc' dir='ltr'><strong>ΑΒ</strong></span> <span class='ocrx_word' id='word_1_525' title='bbox 380 2815 465 2860; x_wconf 77' lang='lat' dir='ltr'><strong>quod</strong></span> <span class='ocrx_word' id='word_1_526' title='bbox 480 2811 890 2860; x_wconf 41' lang='lat' dir='ltr'><strong>suadendum&#39;ltlahomet‘ano</strong></span> <span class='ocrx_word' id='word_1_527' title='bbox 908 2811 1023 2844; x_wconf 90' lang='lat' dir='ltr'><strong>homini</strong></span> <span class='ocrx_word' id='word_1_528' title='bbox 1037 2811 1138 2843; x_wconf 85' lang='lat' dir='ltr'><strong>hebeti</strong></span> <span class='ocrx_word' id='word_1_529' title='bbox 1152 2821 1187 2843; x_wconf 86' lang='lat' dir='ltr'><strong>ac</strong></span> <span class='ocrx_word' id='word_1_530' title='bbox 1200 2811 1434 2854; x_wconf 87' lang='lat' dir='ltr'><strong>rudi,exemplis</strong></span> <span class='ocrx_word' id='word_1_531' title='bbox 1441 2811 1535 2844; x_wconf 80' lang='lat' dir='ltr'><strong>utitur</strong></span> <span class='ocrx_word' id='word_1_532' title='bbox 1549 2811 1684 2853; x_wconf 87' lang='lat' dir='ltr'><strong>apprime</strong></span> <span class='ocrx_word' id='word_1_533' title='bbox 1694 2821 1863 2851; x_wconf 77' lang='lat' dir='ltr'><strong>congruen-</strong></span> 
     </span>
    </p>
   </div>
   <div class='ocr_carea' id='block_1_81' title="bbox 175 2853 928 2895">
    <p class='ocr_par' dir='ltr' id='par_1_81' title="bbox 175 2853 928 2895">
     <span class='ocr_line' id='line_1_81' title="bbox 175 2853 928 2895; baseline 0 -11"><span class='ocrx_word' id='word_1_534' title='bbox 175 2853 266 2885; x_wconf 87' lang='lat' dir='ltr'><strong>tibus.</strong></span> <span class='ocrx_word' id='word_1_535' title='bbox 283 2854 356 2885; x_wconf 89' lang='lat' dir='ltr'><strong>Eam</strong></span> <span class='ocrx_word' id='word_1_536' title='bbox 371 2853 599 2895; x_wconf 86' lang='lat' dir='ltr'><strong>disputationem</strong></span> <span class='ocrx_word' id='word_1_537' title='bbox 615 2865 651 2886; x_wconf 87' lang='lat' dir='ltr'><strong>ex</strong></span> <span class='ocrx_word' id='word_1_538' title='bbox 665 2854 774 2886; x_wconf 87' lang='lat' dir='ltr'><strong>itinere</strong></span> <span class='ocrx_word' id='word_1_539' title='bbox 790 2853 902 2886; x_wconf 86' lang='lat' dir='ltr'><strong>habuit.</strong></span> <span class='ocrx_word' id='word_1_540' title='bbox 922 2878 928 2884; x_wconf 91' lang='lat'><em>.</em></span> 
     </span>
    </p>
   </div>
   <div class='ocr_carea' id='block_1_82' title="bbox 212 2917 711 2962">
    <p class='ocr_par' dir='ltr' id='par_1_82' title="bbox 212 2917 711 2962">
     <span class='ocr_line' id='line_1_82' title="bbox 212 2917 711 2962; baseline 0.008 -13"><span class='ocrx_word' id='word_1_541' title='bbox 212 2917 259 2959; x_wconf 91' lang='lat' dir='ltr'><strong>(a)</strong></span> <span class='ocrx_word' id='word_1_542' title='bbox 273 2918 401 2952; x_wconf 63' lang='lat' dir='ltr'><strong>Predot.</strong></span> <span class='ocrx_word' id='word_1_543' title='bbox 419 2924 541 2961; x_wconf 77' lang='lat' dir='ltr'><strong>mystag.</strong></span> <span class='ocrx_word' id='word_1_544' title='bbox 559 2931 624 2962; x_wconf 71' lang='lat' dir='ltr'><strong>pag.</strong></span> <span class='ocrx_word' id='word_1_545' title='bbox 640 2922 711 2953; x_wconf 73' lang='grc'><strong>407.</strong></span> 
     </span>
    </p>
   </div>
  </div>
