1976 3067
75 146 143 178 821

668 154 717 184 DE
745 153 1001 185 SAGRAMENTO
1022 151 1186 184 ALTARIS

1710 142 1769 176 822

379 287 552 352 ΤΟΥ
601 288 1064 380 ΜΑΚΑΡΙΟΥ
1114 286 1480 353 ΣΑΜΩΝΑ

726 415 996 441 ΑΡΧΙΕΠΙΣΚΟΠΟΥ
1019 415 1125 440 ΓΑΖΗΣ

312 503 566 547 ΔΙΑΛΕΞΙΣ

613 505 759 548 ΠΡΟΣ
807 506 994 548 ΑΧΜΕΔ
1038 506 1149 548 TON

1196 503 1536 547 ΣΑΡΑΚΗΝΟΝ

781 602 1062 628 ΑΠΟΔΕΙΚΝῙὈΥΣΑ

464 644 529 682 TON
552 656 616 682 mo
639 657 702 682 τον
724 657 843 682 ιΕνΕΩΣ
866 657 884 682 u

943 655 1160 681 I‘PI‘OI‘MENON
1183 655 1290 680 APTON
1315 654 1370 679 ΚΑΙ

363 710 474 745 OlNON,
501 710 593 735 ΣΩΜΑ
617 712 674 736 ΚΜ
696 710 778 736 ΛῙΜΑ
802 709 972 736 ΑΛΗΘΙΝΟΝ
995 709 1051 734 ΚΑΙ
1075 707 1275 734 ΟΛΟΚΛΗΡΟΝ
1297 708 1386 733 EINM
1408 708 1471 733 ΤΟΓ

651 763 768 788 ΚΥΡΙοΥ
791 762 887 787 ΗΜΩΝ

500 955 788 1028 ΒΕΑΤΙ

912 762 1012 787 ῘΗΣΟΥ
1033 761 1186 789 ΧΡιΣΤοΥ.

901 955 1330 1028 SAMON/E

731 1090 916 1123 GAZENSIS
937 1090 1104 1122 EPISCOPI

224 1193 677 1249 DISCEPTATIO
723 1192 864 1247 CUM

911 1191 1199 1246 ACHMED
1244 1194 1323 1246 SA
1336 1193 1612 1247 RACENO

767 1311 924 1336 PERSPIGUE
945 1311 1056 1336 DOCENS

425 1387 556 1418 PANEM
578 1387 625 1418 AC
647 1386 788 1426 VINUM,
811 1385 1024 1421 UTRUMQUE
1045 1385 1119 1416 PER
1141 1386 1390 1418 SACERDOTEM

238 1439 529 1479 CONSECRATUM,
552 1439 687 1471 VERUM
709 1438 798 1470 ESSE
820 1439 871 1469 ET
892 1438 1098 1470 INTEGRUM
1120 1439 1266 1471 CORPUS
1287 1440 1332 1471 AC
1354 1441 1580 1472 SANGUINEM

618 1491 757 1524 DOMINI
778 1490 920 1524 NOSTRI
941 1490 1029 1522 JESU
1051 1491 1207 1523 CHRISTI

107 1674 304 1715 Ἐτυγχάνομὲν
332 1687 396 1705 ποτε
429 1678 599 1717 πορευόμενοι
628 1678 677 1711 τὴν
706 1678 741 1708 εἰς
782 1679 885 1713 Εμεσαν

67 1721 135 1758 μετὰ
165 1720 271 1749 πολλων
286 1720 374 1749 ἄλλων
402 1723 443 1750 uni
463 1726 496 1761 τῇ
518 1723 623 1757 συνήθει
647 1720 757 1754 διαλέξει
780 1723 815 1758 τῇ
828 1718 887 1748 καθ’

67 1764 126 1793 ὁδὸν
164 1767 326 1804 παραμύθιον
369 1765 433 1804 ob!“
477 1767 624 1806 χρώμενοι,
663 1766 723 1805 περὶ
757 1763 886 1805 διαφόρων

66 1809 224 1847 ὑποθέσεων,
247 1810 328 1850 πέρσιν
341 1815 388 1840 τοῦ
411 1810 514 1843 δέοντος
536 1811 563 1838 ἐν
585 1811 704 1846 συνουσίᾳ
719 1809 859 1847 διήλθομεν
877 1817 884 1824 ·

67 1853 93 1886 ἐξ
118 1855 154 1883 ὧν
175 1855 218 1882 καί
240 1866 280 1887 τις
302 1856 382 1895 σοφὸς
404 1855 468 1895 ἀνὴρ
493 1857 536 1884 καὶ
560 1855 663 1895 λόγιος,
687 1855 840 1894 Σαρικηνῖις
856 1854 886 1882 τὸ

67 1898 155 1936 νὲνος,
175 1900 210 1932 εἷς
226 1900 275 1933 τὴν
289 1903 342 1927 τῶν
357 1901 507 1940 μυστηρίων
528 1900 651 1940 διήγησιν
675 1900 793 1939 τραπεὶς,
810 1899 885 1938 ἠρώ-

67 1954 145 1977 τησεν
173 1944 231 1982 ἐμὲ,
258 1946 352 1973 οὑτωσὶ
381 1945 488 1985 φάσκων
505 1954 514 1963 ο
544 1946 592 1973 Διὰ
627 1946 662 1982 τί,
699 1945 721 1973 ὦ
747 1943 884 1979 ἐπίσκοπε,

66 1988 142 2025 ὑμεῖς
170 1990 192 2017 οἱ
219 1990 300 2029 ἱερεῖς
328 1989 467 2026 ἐμπιίζετε
494 1990 554 2021 τοὺς
587 1989 768 2029 Χριστιανοὺς,
793 1989 839 2016 τὸν
861 1987 886 2020 ἐξ

66 2033 173 2073 ἀλεύρου
205 2034 358 2071 ὀπτώμενον
380 2033 458 2074 ἄρτον
490 2034 582 2065 αὖτοϊς
609 2034 676 2062 κατὰ
707 2031 793 2073 βραχὺ
815 2033 886 2072 μερί-

66 2082 164 2115 ζοντες,
201 2079 244 2106 καί
288 2081 365 2116 σῶμα
410 2082 522 2118 Χριστοῦ
567 2079 751 2116 ὀνομάζοντες,
794 2077 886 2117 ἄφεσιν

67 2123 198 2162 ἁμαρτιῶν
220 2123 348 2163 παρέχειν
372 2124 449 2163 af;th
474 2129 532 2155 τοῖς
554 2121 784 2161 μεταλαμϐάνουσι
805 2121 885 2150 δυνά-

67 2178 143 2204 μενον
156 2166 362 2199 διαϐεϐαιοῦντες
380 2177 388 2208 ;
413 2161 477 2208 Ἆρα
498 2168 515 2202 ἢ
539 2168 607 2206 ὑμᾶς
624 2167 716 2199 αὐτοὺς
732 2167 883 2206 ἐμπαίζετε,

69 2212 86 2246 ἢ
99 2223 157 2244 τους
172 2213 209 2240 ὦν
223 2212 321 2253 ἕρχετε
337 2222 345 2252 ς

105 2305 277 2332 ΣΑΜΩΝΑΣ.
302 2302 351 2331 Καὶ
379 2303 404 2330 τί
435 2301 544 2342 λέγεις;
575 2301 652 2342 ἄρτος
682 2302 712 2330 οὗ
741 2301 791 2341 γὰρ
819 2305 884 2330 Θεοῦ

68 2349 141 2384 mium
156 2356 165 2386 ;

106 2395 233 2420 ΑΧΜΕΔ.
258 2387 396 2432 Ἑκάτερον
411 2392 502 2431 ἀπορῶ
527 2391 607 2431 μέρος
631 2391 818 2431 ἀποκρίνασθαι
834 2393 883 2425 τῆς

68 2436 239 2477 ἀντιφάσεως.

107 2485 159 2511 EA.
176 2482 304 2510 Τοσοῦτόν
320 2493 349 2510 σε
370 2482 388 2516 ἡ
411 2482 500 2520 μήτηρ
515 2493 561 2510 σου
575 2481 732 2521 γεγέννηκεν
749 2490 757 2521 ;

109 2575 164 2601 AX.
181 2572 259 2611 Οὖχί.

107 2621 159 2648 ΣΑ.
181 2615 265 2645 Ἀλλὰ
279 2616 360 2645 πόσον
377 2627 385 2656 ς

107 2665 161 2692 AX.
177 2661 305 2701 Σμικρόν.

107 2710 160 2737 EA.
177 2707 226 2735 Κιὶ
246 2706 284 2738 τίς
300 2717 329 2734 σε
351 2705 490 2746 ἐμεγὲθυνε
507 2717 515 2746 ς

107 2755 160 2780 AX.
177 2754 242 2779 θεοῦ
255 2750 388 2791 θέλοντος,
411 2752 428 2786 ἡ
450 2753 546 2792 τροφή.

107 2801 160 2826 ΣΛ.
176 2798 274 2825 οὐκοῦν
289 2794 367 2836 ἄρτος
389 2807 429 2825 σοι
445 2796 536 2835 γέγονε
558 2799 636 2834 σῶμα
650 2805 658 2836 ;

107 2845 160 2872 AX.
184 2841 311 2881 Σύμφημι
317 2865 324 2873 ,

895 1680 917 1704 Α
967 1675 1133 1716 Aliquando
1152 1675 1227 1708 forte
1243 1677 1509 1716 proﬁciscebamur
1526 1678 1662 1709 Emesam
1679 1688 1747 1710 cum

930 1719 1029 1750 multis
1043 1719 1120 1756 aliis,
1137 1724 1166 1751 et
1181 1721 1317 1752 familiari
1343 1722 1490 1762 colloquio
1506 1721 1543 1753 de
1559 1722 1647 1753 variis
1663 1727 1750 1763 atque

929 1763 1053 1795 diversis
1065 1764 1155 1795 rebus
1166 1769 1294 1806 utentes,
1311 1767 1388 1806 quod
1407 1776 1460 1797 nos
1475 1767 1504 1796 in
1521 1766 1628 1797 itinere
1643 1776 1747 1798 conso-

929 1808 1055 1846 labatur,
1070 1809 1148 1840 ultra
1162 1819 1251 1850 quam
1267 1810 1368 1842 decuit
1392 1811 1421 1842 in
1446 1820 1584 1842 sermone
1600 1812 1750 1852 progressi

927 1862 1029 1883 sumus
1046 1862 1053 1885 :
1072 1863 1107 1884 ex
1131 1863 1258 1895 quorum
1285 1864 1409 1886 numero
1432 1856 1476 1886 vir
1499 1856 1617 1896 quidam
1641 1856 1748 1887 doctus

927 1902 1016 1938 atque
1026 1898 1297 1940 facundus,genere
1306 1901 1484 1940 Saracenus,
1498 1901 1534 1931 ad
1547 1901 1747 1932 narrationem

929 1943 1136 1983 mysteriorum
1153 1954 1324 1982 conversus,
1343 1954 1391 1976 me
1413 1945 1604 1984 interrogavit
1620 1945 1666 1976 his
1680 1954 1747 1976 ver-

929 1987 991 2019 bis:
1008 1987 1106 2019 Heus!
1126 1999 1161 2020 ex
1182 1993 1210 2020 te
1233 1989 1337 2020 audire
1353 1990 1452 2027 velim,
1471 1990 1621 2030 episcopo,
1639 1999 1747 2030 quam-

928 2032 1029 2063 obrem
1052 2042 1103 2064 vos
1123 2033 1303 2065 sacerdotes
1324 2034 1499 2065 Christianis
1525 2034 1658 2071 illuditis,
1676 2034 1746 2065 dum

929 2085 1033 2117 panem
1050 2087 1083 2109 ex
1099 2078 1194 2109 farina
1217 2081 1332 2109 coctum
1357 2079 1400 2109 eis
1423 2079 1558 2109 minutim
1586 2079 1748 2119 partientes

927 2130 1093 2163 corpusque
1107 2122 1216 2154 Christi
1231 2123 1432 2162 nominantes,
1449 2123 1657 2154 remissionem
1675 2133 1746 2164 pec-

926 2170 1057 2198 catorum
1077 2167 1219 2199 exhibere
1241 2177 1328 2208 posse
1351 2168 1388 2198 iis
1410 2168 1460 2208 qui
1486 2177 1552 2198 eum
1584 2168 1743 2209 recipiunt,

926 2211 1252 2244 conﬁrmatis.Vobisne
1267 2212 1341 2252 ipsis
1364 2212 1499 2249 illuditis,
1514 2222 1549 2243 an
1566 2213 1602 2243 iis
1619 2213 1648 2244 in
1668 2222 1746 2253 quos

927 2256 1042 2287 habetis
1058 2257 1216 2297 imperium
1229 2257 1244 2287 ?

966 2300 1157 2334 SAMONAS.
1181 2301 1256 2338 Quid
1278 2302 1406 2333 narras?
1432 2301 1556 2343 pani>ne
1572 2301 1624 2332 Dei
1639 2311 1746 2342 corpus

894 2341 914 2366 Β
926 2345 1054 2377 efﬁcitur
1064 2346 1080 2376 ?

967 2390 1133 2423 ACHMED.
1150 2392 1183 2423 In
1194 2391 1298 2422 ultram
1316 2395 1428 2432 partem
1441 2391 1685 2423 contradictionis
1700 2401 1748 2423 re-

927 2435 1101 2476 spondeam.
1118 2435 1192 2467 mihi
1206 2436 1352 2468 incertum
1369 2440 1424 2473 est,

966 2479 1051 2512 SAM.
1076 2480 1246 2512 Tantumne
1273 2485 1401 2522 quantus
1422 2490 1454 2512 es
1481 2485 1510 2512 te
1529 2481 1631 2520 genuit
1652 2486 1747 2514 mater

927 2528 976 2556 tua
985 2525 998 2556 ?

965 2569 1051 2602 ACH.
1075 2570 1209 2603 Minime.

966 2614 1051 2646 SAM.
1076 2614 1133 2646 Sed
1150 2620 1293 2656 quantum
1305 2615 1321 2646 ?

966 2659 1051 2692 ΑΕΗ.
1073 2660 1242 2699 Parvulum,

965 2705 1054 2737 SAM.
1078 2705 1149 2742 Quis
1163 2706 1234 2738 tein
1249 2707 1483 2746 magnitudinem
1499 2707 1541 2738 ita
1555 2707 1718 2748 produxit?

963 2749 1050 2782 ΑΕΗ.
1073 2750 1267 2790 Alimentum,
1285 2753 1347 2783 Deo
1363 2751 1404 2782 ita
1416 2756 1576 2784 annuente.

964 2794 1054 2827 SAM.
1078 2797 1153 2835 Ergo
1169 2795 1253 2836 panis
1267 2795 1318 2827 tibi
1333 2796 1365 2827 in
1380 2804 1489 2837 corpus
1503 2805 1663 2828 conversus
1679 2798 1744 2830 est?

965 2839 1049 2872 ΑΕΗ.
1073 2841 1116 2872 Ita
1127 2849 1246 2881 prorsus
1261 2840 1409 2872 existimo.
