1976 3067
180 151 238 184 827

832 157 997 189 SAMONIE
1017 156 1202 190 GAZENSIS

1802 150 1868 186 828

179 216 260 265 ibiet
274 219 362 251 simul
377 224 480 253 natura
492 222 600 254 adsunt
614 223 730 264 riliquae
750 223 818 255 duas
840 223 991 264 insepara-

1092 224 1218 265 σύνεισιν,
1233 225 1269 257 ὡς
1299 224 1500 265 συνδημιουργοὶ
1524 226 1568 253 καὶ
1593 230 1639 255 τοῦ
1667 225 1765 256 παντὸς
1791 235 1864 264 προ-

180 261 292 310 biliter,
302 268 442 310 tanquam
453 261 683 307 cooperatrices,
695 277 807 309 suaque
817 261 1001 310 providentia

178 308 400 342 universitatem
416 315 617 344 creaturarum
633 308 835 345 moderantes.

219 352 306 385 ACH.
325 354 420 386 Probe
434 364 542 388 arcana
561 365 719 388 memoras.
735 358 794 389 Sed
810 367 864 390 cur
878 357 998 390 tandem

179 396 313 442 Christus
326 399 447 432 tradidit
461 410 573 442 corpus
588 411 675 434 suum
686 402 835 435 edendum
847 403 877 435 in
892 413 925 435 se
935 413 999 436 cre-

179 441 319 474 dentibus
328 446 342 474 ?

220 486 306 520 SAM.
323 489 468 534 lnetl‘abili
490 500 559 532 erga
586 501 640 523 nos
655 491 848 533 benignitate,
866 493 999 534 miraque

179 531 404 573 dispensatione
418 531 589 568 factumiest
610 545 617 569 :
639 531 745 578 partim
761 537 798 568 ad
813 531 999 569 eversionem

180 578 407 622 contrariarium
424 584 613 620 potestatum;
633 582 739 622 partim
756 586 785 613 et
799 582 835 613 ad
845 591 999 614 conserva-

181 621 291 667 tionem
307 623 414 655 animae
429 629 538 657 nostrae
552 621 639 657 simul
655 632 685 657 et
696 627 830 667 corporis
844 637 850 657 :
868 627 999 667 quando-

179 666 300 712 quidem
313 677 373 700 non
388 670 516 711 amplius
531 671 594 702 ﬁeri
611 675 737 712 poterat,
749 666 780 702 ut
795 666 928 703 Christus
940 681 998 704 una

179 710 334 757 nobiscum
347 713 379 744 in
395 710 472 746 terra
494 710 689 757 corporaliter
701 720 881 754 versaretur,
899 721 928 748 et
940 717 998 748 ha-

178 754 286 787 bitaret
300 767 393 799 usque
407 760 443 791 ad
460 754 745 792 consummationem
760 761 871 799 saeculi,
890 766 919 792 et
931 771 998 792 om-

179 799 302 846 nifarios
331 804 451 836 morbos
476 810 593 837 nostros
616 805 741 846 singulis
756 805 838 836 horis
853 812 971 838 sanaret
989 819 996 839 :

179 845 258 892 hunc
270 855 340 892 sane
351 848 389 879 ob
401 858 521 881 causam
532 845 738 892 Omnipotens,
749 860 816 882 cum
827 851 865 882 sit
873 851 996 882 multum

1040 268 1171 302 νοητικαί.

1080 360 1136 387 AX.
1161 357 1255 390 Καλὼς
1269 358 1302 387 τὰ
1323 357 1460 398 ἀπόρρητα
1474 357 1607 399 διεξέρχῃ.
1625 357 1708 387 Ἀλλὰ
1721 359 1746 387 τί
1760 357 1862 393 δήποτε

1040 401 1054 430 ὁ
1068 403 1177 440 Χριστὸς
1192 404 1223 431 τὸ
1245 406 1322 441 σῶμα
1345 403 1423 432 αὐτοῦ
1446 403 1538 432 ἐσθίειν
1559 411 1619 436 τοῖς
1645 405 1681 436 εἰς
1707 404 1786 433 αὐτὸν
1800 414 1862 432 πισ-

1039 446 1140 474 τεύουσι
1155 446 1305 487 παρέδωκεν
1322 458 1330 489 ς

1081 495 1134 522 ΣΑ.
1165 490 1285 531 Ἀῤῥήτῳ
1321 492 1500 533 φιλανθρωπίᾳ
1530 494 1574 522 καὶ
1612 496 1748 533 θαυμαστῇ
1784 495 1863 523 οἷκο-

1041 536 1118 573 νομίᾳ
1150 535 1254 576 ἐγένετο
1271 545 1278 552 ⁶
1315 540 1393 566 τοῦτο
1427 538 1476 575 μὲν
1511 539 1575 578 πρὸς
1613 539 1768 579 ἀπατροπὴν
1809 542 1864 567 τῶν

1039 580 1162 610 ἐναντίων
1198 581 1344 623 δυνάμεων,
1379 587 1454 612 τοῦτο
1492 582 1519 611 δὲ
1550 584 1593 612 καὶ
1628 584 1664 616 εἷς
1693 585 1863 622 περιποίησιν

1039 626 1116 663 ἡμῶν
1143 628 1235 667 ψυχῆς
1264 627 1320 665 ἅμα
1333 628 1378 655 καί
1392 627 1514 665 σώματος
1531 634 1540 643 '
1564 627 1655 662 ἐπειδὴ
1683 629 1729 657 οὔκ
1758 629 1791 662 ἦν
1819 627 1863 656 δυ-

1041 671 1117 698 νατὸν
1147 670 1185 699 ἔτι
1220 672 1264 700 καὶ
1290 675 1450 709 σωματικῶς
1478 673 1545 711 ἡμῖν
1574 679 1633 705 τοῖς
1667 673 1709 701 ἐπὶ
1736 676 1787 713 γῆς
1814 674 1862 702 τὸν

1040 715 1151 754 Χριστὸν
1186 715 1266 756 μέχρι
1301 716 1451 749 συντολείας
1486 721 1532 746 τοῦ
1559 718 1654 749 αἰῶνος
1682 719 1863 758 συναναστρέ-

1039 762 1131 799 φεσθαι
1173 761 1216 789 καὶ
1253 760 1411 800 συνδιάγειν,
1447 763 1490 790 καὶ
1528 762 1575 794 τὰς
1611 762 1736 794 παντοίας
1766 763 1860 795 νόσους

1038 805 1116 842 ἡμῶν
1141 805 1240 844 ἑκάστῃ
1268 806 1323 846 ὥρᾳ
1352 807 1448 836 tam.
1482 807 1531 835 Διὰ
1548 810 1625 836 τοῦτο
1645 808 1730 836 τοίνυν
1757 819 1862 837 παντο-

1039 848 1150 887 ὂύναμος
1174 849 1211 878 ὢν
1240 851 1283 878 καὶ
1311 850 1564 891 πολυεύσπλαγχνος
1591 852 1635 880 καὶ
1663 852 1861 892 φιλάνθρωπος,

178 890 361 930 misericors,
379 893 524 936 clemens,
540 890 630 936 atque
639 895 797 934 benignus,
810 895 903 927 noluit
916 905 969 928 nos
982 907 991 928 ε

1077 905 1087 921 ι
1107 893 1242 930 ἠϐουλήθη
1265 896 1337 932 ἡμᾶς
1362 896 1401 933 μὴ
1429 890 1585 936 χωρίζεσθαι
1612 890 1776 934 ἀπ’-αὐτοῦ,
1800 896 1863 925 ἀλλ’

179 943 211 965 se
226 937 358 976 separari
374 948 381 970 :
398 939 451 970 sed
473 940 597 981 perinde
616 945 705 981 atque
717 940 794 971 ﬁlios
807 949 878 971 suos
897 950 998 972 secum

179 988 246 1026 esse
272 990 326 1021 per
350 983 606 1025 participationem
630 990 719 1026 atque
749 985 997 1017 communionem

179 1024 267 1071 hujus
283 1027 368 1065 panis
381 1024 469 1070 atque
484 1030 542 1061 vini
559 1035 588 1062 et
603 1024 699 1071 aqua},
718 1039 754 1061 eo
771 1030 849 1070 quod
871 1039 919 1061 res
935 1031 998 1062 ista).

178 1068 353 1116 familiarius
365 1068 474 1106 naturae
482 1079 589 1106 nostrae
596 1068 830 1115 congruant,nec
840 1075 995 1116 quisquam

174 1122 225 1146 eas
236 1115 368 1148 fastidiat
378 1122 428 1149 aut
439 1124 622 1158 exsecretur,
632 1121 732 1160 quaain
743 1129 852 1160 corpus
862 1120 955 1160 ipsius
967 1124 996 1151 et

174 1161 348 1199 sanguinem
372 1168 525 1195 mutantur
548 1165 646 1196 divina
670 1165 789 1204 virtute,
811 1165 894 1204 juxta
914 1164 994 1196 illlus

174 1210 365 1246 prmeeptum,
379 1209 458 1247 quod
471 1210 559 1241 etiam
576 1209 655 1240 cedit
665 1210 695 1240 in
706 1209 915 1240 remissionem
927 1219 995 1250 pec-

173 1254 308 1281 catorum
322 1255 352 1283 et
364 1253 394 1284 in
407 1253 494 1284 vitam
507 1258 661 1295 aeternam,
671 1263 705 1285 ac
715 1254 745 1284 in
758 1254 877 1285 tutelam
889 1254 995 1285 animm

174 1297 202 1325 et
213 1297 357 1336 corporis,
370 1297 460 1337 digne
470 1298 544 1330 illud
556 1309 622 1330 cum
634 1299 754 1330 sincera
769 1299 827 1329 ﬁde
835 1308 993 1329 assumen-

172 1339 261 1370 tibus.
275 1340 348 1372 Nisi
364 1344 443 1373 enim
462 1344 732 1383 mundun-avaritia,
747 1343 853 1383 inquit,
869 1352 993 1374 carnem

173 1384 251 1416 Filii
261 1386 404 1426 hominis,
413 1392 442 1420 et
453 1388 587 1420 biberitis
596 1390 660 1427 eius
672 1388 862 1428 sanguinem,
875 1397 935 1419 non
941 1388 994 1418 ha-

173 1429 279 1461 bebz'tt's
295 1432 389 1463 vitam
400 1435 432 1463 in
442 1434 559 1465 vobis'l.
569 1433 715 1469 Quocirca
736 1433 821 1463 nobis
839 1432 880 1463 ila
898 1433 991 1463 tradi—

173 1477 235 1504 tum
247 1478 278 1506 et
293 1480 428 1508 servatur
438 1480 468 1509 et
478 1477 551 1509 citra
564 1478 653 1508 ullam
672 1477 903 1508 controversiam
923 1486 991 1508 cre-

173 1517 263 1556 ditur,
280 1520 360 1560 quod
375 1521 440 1561 ipse
456 1523 582 1563 venerit,
592 1522 677 1561 juxta
688 1521 771 1553 Pauli
783 1530 889 1552 vocem
903 1522 930 1552 8.

212 1563 297 1596 ΑΒΗ.
308 1564 446 1598 Haeccine
454 1567 682 1598 communicatio
693 1570 722 1597 et
732 1566 911 1597 sacriﬁcium
921 1575 990 1597 cor-

173 1608 255 1647 poris
269 1614 300 1640 et
314 1610 465 1650 sanguinis
481 1611 602 1652 Christi,
618 1610 698 1651 quod
712 1610 825 1641 offertis
848 1610 990 1641 sacerdo-

173 1657 230 1694 tes,
242 1663 385 1686 verumne
398 1660 442 1686 est
458 1656 568 1688 Christi
591 1665 701 1696 corpus
716 1659 746 1686 et
759 1656 878 1694 sanguis
892 1664 990 1693 verus,

173 1707 209 1728 an
226 1700 379 1740 exemplar
393 1701 530 1741 corporis
547 1701 623 1741 ejus,
642 1700 768 1740 perinde
778 1704 866 1740 atque
876 1699 991 1731 sacriﬁ-

172 1742 250 1773 cium
264 1743 352 1781 hirci.
371 1747 449 1786 quod
464 1745 559 1778 Judaei
576 1745 728 1777 otl‘erunt?

212 1787 298 1820 SAM.
311 1789 397 1822 Absit
408 1791 484 1830 quod
497 1799 551 1821 nos
561 1790 746 1831 appellemus
758 1789 909 1829 exemplar
924 1799 992 1820 cor-

172 1833 253 1873 p0ris
268 1834 388 1874 Christi,
403 1839 534 1866 sanctam
551 1835 803 1870 communionem,
821 1839 870 1865 aut
886 1844 993 1874 panem

170 1878 295 1915 nudum,
308 1884 357 1910 aut
368 1881 503 1920 ﬁguram,
514 1885 564 1911 aut
578 1880 737 1918 imaginem
754 1888 761 1910 :
778 1879 911 1920 quinimo
923 1888 993 1910 cor-

171 1932 226 1963 pus
240 1923 337 1964 ipsum
353 1934 468 1964 revera,
481 1929 510 1956 et
522 1925 696 1965 sanguinem
713 1924 821 1955 Christi
832 1923 885 1956 Dei
900 1924 994 1954 nostri

170 1977 188 1998 a
205 1969 266 2000 Deo
281 1973 464 2010 assumptum
489 1969 680 2010 assumimus,
706 1969 757 2009 qui
780 1968 951 1999 incarnatus
966 1973 995 1999 et

170 2013 287 2052 genitus
317 2018 362 2045 est
377 2023 411 2045 ex
433 2019 536 2046 sancta
561 2014 614 2045 Dei
639 2014 792 2045 Genitrice
817 2022 993 2053 semperque

169 2058 283 2098 virgine
297 2059 401 2092 Maria.
419 2059 468 2092 Sic
484 2061 564 2091 enim
590 2059 750 2097 credimus,
765 2063 793 2090 et
814 2059 854 2089 ita
870 2058 993 2098 proﬁte-

171 2113 237 2134 mur
248 2104 336 2144 juxta
345 2114 445 2135 vocem
462 2105 555 2145 ipsius
568 2104 688 2142 Christi,
706 2113 792 2144 quam
811 2103 847 2134 ad
857 2103 992 2143 discipu-

170 2148 214 2179 los
226 2149 254 2179 in
266 2159 350 2180 coena
362 2150 413 2180 illa
428 2149 559 2190 mystica,
580 2150 699 2180 tradens
711 2149 755 2180 eis
771 2158 877 2189 panem
894 2148 989 2178 viviﬁ-

1040 939 1076 970 ὡς
1099 938 1177 967 τέκνα
1197 941 1267 977 αὐτῷ
1289 946 1405 968 συνεῖναι
1435 939 1477 968 διὰ
1502 943 1551 973 τῆς
1581 943 1702 980 μετοχῆς
1727 941 1772 969 καὶ
1800 953 1863 970 κοι-

1039 983 1132 1016 νωνίας
1167 984 1258 1013 τούτου
1291 990 1336 1014 τοῦ
1371 984 1449 1024 ἄρτου
1485 985 1529 1012 καὶ
1564 990 1610 1014 τοῦ
1644 984 1718 1014 οἴνου
1743 986 1787 1014 καὶ
1814 990 1863 1015 τοῦ

1038 1025 1143 1068 ὕδατος,
1171 1029 1207 1060 ὡς
1235 1029 1429 1068 συνηθεστέρων
1457 1029 1539 1057 ὄντων
1560 1032 1593 1068 τῇ
1621 1029 1737 1070 ἡμετέρα
1771 1031 1861 1071 φύσει,

1037 1073 1082 1100 καὶ
1097 1073 1136 1110 μὴ
1150 1072 1310 1111 βδελυκτῶν,
1334 1075 1370 1106 εἰς
1386 1077 1465 1112 σῶμα
1492 1076 1581 1109 αὐτοῦ,
1607 1075 1651 1102 καὶ
1674 1077 1744 1112 αἷμα
1771 1086 1859 1113 μετα-

1036 1115 1207 1155 ϐαλλομένων
1240 1118 1296 1154 Θείᾳ
1329 1117 1436 1156 δυνάμει
1465 1119 1532 1146 κατὰ
1559 1118 1609 1152 τὴν
1638 1120 1716 1148 αὐτοῦ
1744 1120 1861 1159 πρόστα-

1035 1159 1073 1192 ξιν
1090 1170 1098 1178 ·
1137 1163 1151 1190 ὃ
1185 1163 1229 1191 καὶ
1266 1163 1302 1195 εἷς
1341 1162 1433 1203 ἄφεσιν
1466 1164 1602 1203 ἁμαρτιῶν
1638 1165 1681 1191 καὶ
1720 1164 1756 1196 εἰς
1785 1165 1860 1200 ζωὴν

1035 1206 1152 1246 αἰώνιον,
1188 1208 1232 1236 καὶ
1263 1207 1441 1247 φυλακτήριον
1469 1210 1561 1248 ψυχῆς
1595 1219 1623 1236 τε
1654 1209 1698 1236 καὶ
1732 1209 1860 1246 σώματος

1034 1257 1093 1282 τοῖς
1122 1252 1207 1280 πίστει
1234 1251 1311 1285 ἀξίως
1340 1251 1571 1290 μεταλαμϐάνουσι
1600 1253 1723 1292 γίνεται·
1757 1265 1770 1281 ι
1795 1252 1860 1282 Ἐὰν

1035 1295 1085 1335 γὰρ
1113 1296 1153 1333 μὴ
1181 1296 1295 1336 φάγητε,
1335 1297 1398 1338 ἔφη,
1436 1299 1486 1330 τὴν
1521 1298 1605 1337 σάρκα
1631 1300 1678 1326 τοῦ
1717 1299 1777 1326 Υἱοῦ
1811 1302 1860 1327 τοῦ

1034 1339 1180 1380 ἀνθρώπου,
1220 1342 1263 1369 καὶ
1298 1342 1376 1375 πίητε
1412 1343 1489 1371 αὐτοῦ
1523 1342 1555 1370 τὸ
1591 1344 1672 1380 αἷμα,
1701 1342 1749 1370 οὐκ
1777 1341 1858 1383 ἔχετε

1034 1384 1105 1418 ζωὴν
1120 1384 1147 1412 ἐν
1163 1385 1279 1417 ἑαυτοῖς.
1298 1396 1311 1412 ι
1344 1385 1391 1414 Διὸ
1412 1386 1455 1414 καὶ
1473 1386 1541 1423 ἡμῖν
1556 1385 1624 1414 οὕτω
1640 1385 1796 1425 παραδοθὲν,
1811 1387 1856 1414 καὶ

1033 1428 1189 1466 φυλάττεται
1210 1431 1254 1458 καὶ
1280 1429 1464 1470 ἀναμφιϐόδως
1489 1430 1651 1470 πιστεύεται,
1677 1429 1756 1470 ἄχρις
1777 1432 1807 1459 οὗ
1822 1430 1854 1459 ἂν

1033 1473 1111 1506 αὐτὸς
1127 1473 1201 1514 ἔλθῃ,
1216 1475 1283 1503 κατὰ
1297 1476 1347 1509 τὴν
1362 1478 1407 1504 τοῦ
1423 1474 1525 1504 Παύλου
1540 1476 1642 1515 φωνήν.

1072 1566 1131 1594 AX.
1155 1562 1227 1597 Αὕτη
1250 1564 1300 1603 ἆρα
1328 1565 1345 1598 ἡ
1373 1565 1495 1592 κοινωνία
1523 1565 1567 1592 καὶ
1588 1565 1606 1599 ἡ
1633 1564 1707 1593 θυσία
1727 1567 1774 1592 τοῦ
1802 1565 1856 1592 σώ-

1034 1618 1117 1645 ματος
1142 1609 1186 1636 καὶ
1216 1609 1331 1646 α”ματος
1359 1612 1404 1638 τοῦ
1433 1613 1556 1648 Χριστοῦ,
1586 1609 1619 1642 ἢν
1641 1609 1802 1649 προσφέρετε
1831 1611 1856 1638 οἱ

1033 1653 1126 1692 ἱερεῖς,
1162 1656 1240 1691 σῶμα
1267 1655 1311 1682 καὶ
1340 1655 1409 1692 αἷμα
1437 1654 1561 1688 ἀληθινόν
1598 1654 1652 1682 ἐστι
1680 1657 1808 1694 Χριστοῦ,
1837 1654 1856 1688 ἢ

1033 1697 1170 1730 ἀντίτυπος
1197 1703 1243 1728 τοῦ
1283 1699 1406 1737 σώματος
1447 1700 1537 1736 αὐτοῦ,
1576 1699 1612 1730 ὡς
1654 1699 1671 1733 ἡ
1700 1699 1773 1726 θυσία
1808 1702 1858 1727 τοῦ

1034 1743 1130 1782 τράγου
1144 1743 1177 1776 ἣν
1192 1742 1314 1772 Ἰουδαῖοι
1336 1744 1495 1783 προσάγουσι
1513 1753 1521 1784 ς

1076 1791 1132 1818 EA.
1156 1789 1200 1822 Μὴ
1229 1788 1331 1827 γένοιτο
1358 1789 1430 1826 ἡμᾶς
1458 1790 1543 1817 εἰπεῖν
1571 1788 1710 1816 ἀντίτυπον
1731 1792 1776 1817 τοῦ
1797 1788 1855 1816 σώ-

1035 1843 1118 1870 ματος
1153 1835 1199 1860 τοῦ
1226 1835 1339 1872 Χριστοῦ
1367 1834 1417 1863 τὴν
1453 1832 1528 1871 ἁγίαν
1553 1832 1702 1869 κοινωνίαν,
1729 1831 1747 1866 ἢ
1776 1831 1856 1870 ψιλὸν

1037 1875 1051 1885 ll
1157 1877 1170 1888 u
1229 1877 1234 1887 γ
1383 1878 1389 1886 ι
1418 1877 1422 1887 ι
1502 1877 1508 1886 9
1549 1876 1556 1886 ι
1597 1877 1604 1886 ν
1629 1877 1635 1886 ε
1679 1877 1685 1886 ς
1734 1880 1747 1884 ~
1848 1878 1855 1886 ι

1035 1887 1124 1916 αρτον,
1155 1889 1171 1911 η
1206 1887 1298 1912 τυπον,
1322 1877 1340 1911 ἢ
1369 1888 1467 1913 εικονα,
1497 1876 1547 1905 αλλ
1578 1887 1642 1905 αυτο
1661 1888 1692 1904 το
1714 1888 1790 1914 σωμα
1812 1888 1857 1905 και

1035 1924 1105 1959 αἷμα
1132 1921 1237 1955 ἀληθῶς
1267 1926 1378 1962 Χριστοῦ
1416 1925 1461 1951 τοῦ
1499 1925 1564 1950 Θεοῦ
1590 1922 1667 1960 ἡμῶν
1695 1920 1856 1959 τεθεωμένον

1036 1965 1259 2005 μεταλαμϐάνειν,
1299 1972 1346 1997 τοῦ
1384 1966 1561 2007 σαρκωθὲντος
1598 1967 1642 1994 καὶ
1685 1965 1856 2006 γεννηθέντος

1035 2011 1065 2040 ἐκ
1099 2015 1148 2046 τῆς
1181 2013 1257 2052 ἁγίας
1292 2012 1420 2041 Θεοτόκου
1448 2012 1492 2040 καὶ
1526 2011 1696 2052 ὰειπαρθένου
1729 2013 1830 2050 Μαρίας
1847 2021 1855 2027 ·

1035 2058 1104 2085 οὒτω
1125 2058 1174 2097 γὰρ
1194 2057 1364 2095 πιστεύομεν,
1394 2057 1438 2084 καὶ
1467 2055 1550 2088 οὕτως
1578 2056 1760 2096 ὁμολογοῦμεν
1790 2056 1858 2084 κατὰ

1031 2101 1081 2135 τὴν
1113 2103 1203 2141 φωνὴν
1239 2103 1318 2130 αὐτοῦ
1346 2105 1468 2140 Χριστοῦ,
1504 2102 1523 2134 ἦ
1552 2102 1617 2141 πρὸς
1646 2101 1706 2133 τοὺς
1736 2101 1857 2139 μαθητὰς

1032 2146 1074 2174 ἐπὶ
1112 2151 1157 2176 τοῦ
1191 2146 1295 2176 δείπνου
1333 2150 1379 2174 τοῦ
1422 2151 1548 2184 μυστικοῦ
1580 2145 1734 2184 μεταδιδοὺς
1764 2146 1856 2177 αὐτοῖς

169 2197 297 2235 cantem,
311 2184 521 2235 pronuntiabat
533 2204 540 2226 :
553 2184 696 2235 Accipite,
713 2184 933 2233 combdite,hoc
949 2196 990 2223 est

1077 2206 1078 2211 η
1099 2192 1228 2227 ζωοποιὸν
1245 2191 1332 2231 ἄρτον,
1349 2190 1423 2230 ἔλεγε
1441 2201 1449 2209 ·
1470 2201 1484 2221 ι
1512 2190 1623 2228 Λάϐετε,
1654 2191 1762 2231 φάγετε,
1780 2191 1858 2219 τοῦτό

169 2247 275 2280 corpus
291 2240 422 2271 meum9.
435 2239 580 2272 Similiter
600 2244 629 2270 et
648 2239 772 2270 calicem
794 2238 837 2269 eis
858 2237 990 2277 tradens,

167 2283 281 2324 inquit:
294 2284 354 2316 Hic
363 2288 406 2316 est
415 2288 540 2324 sanguis
547 2293 631 2316 meus
643 2284 684 2316 10.
696 2283 760 2315 Non
769 2283 861 2314 dixit:
876 2283 940 2314 Hoc
948 2286 992 2313 est

169 2329 321 2370 exemplar
333 2330 389 2361 mei
404 2330 536 2370 corporis
548 2334 576 2360 et
588 2329 753 2369 sanguinis,
770 2332 821 2358 aut
835 2327 943 2366 imago.
958 2326 992 2357 Et

169 2373 199 2404 in
212 2374 361 2414 plerisque
378 2375 445 2406 aliis
466 2375 538 2406 locis
558 2378 672 2405 constat
687 2373 836 2405 Christum
854 2372 964 2403 dixisse
982 2382 989 2401 :

170 2419 228 2456 Qui
242 2420 409 2451 manducat
421 2429 518 2451 meam
538 2428 659 2451 carnem
672 2422 700 2450 et
714 2418 788 2450 bibit
803 2425 901 2448 meum
916 2425 992 2448 san-

167 2465 304 2504 guinem,
326 2465 418 2496 habet
434 2465 526 2497 vitam
547 2468 692 2496 aeternam
703 2464 740 2495 ¹¹.
763 2463 908 2494 Caeterum
925 2471 992 2492 cum

168 2508 296 2549 ipsemet
319 2509 453 2541 Christus
478 2510 665 2547 testiﬁcetur,
693 2517 801 2548 corpus
826 2516 911 2538 suum
927 2515 993 2536 esse

169 2563 278 2585 revera
287 2557 316 2585 et
328 2555 514 2595 sanguinem,
528 2555 556 2586 id
569 2555 646 2595 quod
662 2563 715 2584 nos
727 2552 831 2584 ﬁdeles
840 2550 993 2582 offerendo

167 2600 360 2638 assumimus,
382 2600 454 2641 quid
470 2599 599 2640 amplius
614 2603 659 2630 est
672 2607 747 2639 opus
762 2597 799 2628 de
816 2597 872 2628 hac
887 2605 920 2626 re
936 2595 993 2641 dn-

168 2643 274 2683 bitare,
289 2645 314 2676 si
331 2639 423 2678 Deum
441 2649 470 2676 et
484 2639 590 2676 Filium
618 2643 671 2676 Dei
694 2643 790 2683 ipsum
811 2651 878 2672 esse
893 2639 994 2671 credi-

170 2699 234 2720 mus
245 2690 260 2721 ?
275 2690 305 2722 Si
317 2691 396 2721 enim
411 2699 446 2721 ex
458 2689 551 2721 nihilo
563 2689 706 2719 mundum
718 2686 862 2723 condidit,
880 2690 909 2716 et
923 2694 991 2715 ver-

169 2733 237 2765 bum
252 2736 316 2775 cjus
333 2745 432 2766 verum
460 2738 514 2772 est,
537 2734 646 2771 vivum,
671 2733 772 2764 eilicax
789 2736 875 2772 a‘que
891 2729 991 2761 omni-

207 2820 222 2844 7
237 2818 322 2852 Joan.
342 2829 381 2858 γι,
398 2820 449 2852 54.
492 2820 507 2845 8
522 2819 534 2851 Ι
549 2819 614 2852 Cor.
633 2828 672 2855 Iv,
689 2819 718 2849 ὕ.

761 2817 777 2842 9
792 2817 881 2849 Matth
911 2824 991 2856 xxvr,
1007 2815 1056 2846 "26.

1033 2237 1085 2274 μού
1100 2236 1154 2264 ἐστι
1170 2237 1200 2265 τὸ
1215 2240 1304 2275 σῶμα,
1325 2246 1336 2264 α
1359 2232 1495 2268 ιΩσειύντως
1510 2237 1555 2264 καὶ
1570 2237 1600 2263 τὸ
1621 2236 1747 2275 ποτήριον
1770 2246 1856 2273 μετι-

1033 2280 1116 2312 διδοὺς
1131 2282 1235 2320 αὐτοῖς,
1265 2281 1330 2321 φησί
1347 2290 1355 2298 ·
1384 2290 1398 2310 ι
1424 2280 1505 2310 Τοῦτό
1520 2280 1572 2318 μού
1599 2280 1655 2308 ἐστι
1683 2281 1714 2308 τὸ
1741 2282 1825 2318 αἷμα.
1842 2291 1857 2307 ι

1033 2328 1087 2355 Οὔκ
1105 2328 1177 2362 εἰπε,
1209 2326 1293 2355 Ταῦτό
1308 2326 1359 2364 μού
1386 2325 1441 2354 ἐστι
1470 2326 1500 2353 τὸ
1525 2325 1659 2353 ἐντίτυπον
1674 2329 1719 2354 τοῦ
1735 2325 1861 2362 σώματος

1032 2372 1076 2399 καὶ
1091 2376 1136 2401 τοῦ
1152 2371 1280 2409 αἵματος,
1304 2371 1322 2405 ἣ
1335 2372 1352 2405 ἡ
1369 2370 1458 2401 εἰκών,
1475 2371 1525 2399 Καὶ
1549 2370 1576 2398 ὲν
1600 2370 1700 2409 ἑτέροις
1717 2369 1744 2397 δὲ
1759 2369 1864 2398 πλείοσι

1033 2416 1125 2448 τόποις
1158 2417 1277 2456 φαίνεται
1304 2417 1318 2444 ὁ
1353 2415 1464 2455 Χριστὸς
1495 2415 1587 2450 εἰπὼν,
1616 2414 1657 2442 ὅτι
1695 2409 1724 2443 ιΟ
1750 2415 1861 2454 τρώγων
1894 2426 1897 2427 ⁷

1035 2472 1085 2499 μου
1106 2461 1155 2494 τὴν
1184 2461 1267 2500 σάρκα
1288 2461 1331 2488 καὶ
1361 2460 1442 2488 πίνων
1474 2471 1525 2497 μου
1546 2460 1577 2487 τὸ
1598 2461 1680 2497 αἷμα,
1707 2459 1766 2499 ἔχει
1788 2460 1860 2495 ζωὴν

1034 2506 1149 2537 αἰώνίον,
1169 2517 1181 2533 n
1206 2506 1316 2543 Λοιπὸν,
1346 2504 1426 2533 αῦτοῦ
1445 2507 1491 2532 τοῦ
1513 2508 1626 2544 Χριστοῦ
1649 2507 1856 2544 μαρτυροῦντος,

1035 2549 1076 2579 ὅτι
1105 2553 1183 2588 σῶμα
1210 2551 1287 2579 αὐτοῦ
1315 2549 1384 2577 ἐστιν
1419 2547 1524 2582 ἀληθῶς
1558 2550 1601 2577 καὶ
1629 2551 1712 2586 αϊμα,
1749 2548 1813 2588 ὅπερ
1835 2551 1859 2577 οἱ

1035 2596 1123 2623 πιστοὶ
1156 2595 1334 2634 προσάγοντες
1370 2592 1619 2632 μεταλαμϐάνομεν,
1658 2594 1683 2622 τί
1710 2592 1751 2621 δεῖ
1779 2593 1859 2622 πλέον

1035 2641 1094 2679 περὶ
1107 2640 1199 2668 τούτου
1214 2638 1402 2680 ἆμεριϐάλλειν,
1425 2638 1447 2665 εἰ
1476 2639 1540 2666 Θεὸν
1572 2639 1616 2667 καὶ
1645 2639 1705 2666 Υἱὸν
1728 2641 1774 2666 τοῦ
1794 2641 1860 2666 Θεοῦ

1037 2686 1113 2712 εὼτὸν
1142 2685 1213 2713 εἶναι
1241 2684 1425 2722 πιστεύομεν,
1458 2684 1487 2711 El
1515 2684 1564 2722 γὰρ
1592 2683 1621 2711 ἐκ
1643 2686 1689 2711 τοῦ
1717 2683 1755 2719 μὴ
1785 2683 1859 2714 ὄντος

1034 2731 1077 2758 τὶν
1104 2729 1204 2767 κόσμον
1239 2729 1380 2767 πεποίηκε,
1417 2728 1460 2754 καὶ
1491 2729 1504 2756 ὁ
1541 2729 1618 2758 αὐτοῦ
1652 2727 1732 2767 λόγος
1758 2727 1861 2762 ἀληίιλς

1102 2814 1129 2839 ¹0
1144 2814 1216 2846 ibid.
1234 2814 1283 2846 28.
1328 2814 1353 2839 ί¹
1369 2813 1456 2846 Joan-
1474 2821 1515 2849 Vt.
1532 2812 1582 2844 55.
