1976 3067
804 281 884 305 ANNO
907 281 1008 305 DOMINI
1029 281 1101 304 MLVI

449 369 664 454 LEO
737 369 1399 455 AGHRIDANU
1419 369 1474 454 S

845 618 1068 660 NO'I‘I'I‘IA

507 711 630 743 iFahric.
650 711 791 743 Bibliolh.
808 712 902 744 Graec.
920 711 968 743 ed.
986 711 1102 742 Harles.
1122 715 1193 742 tom.
1209 709 1272 751 VII,
1291 722 1318 752 p.
1336 713 1404 743 715ι

157 889 227 925 Leo,
239 889 431 929 Bulgarorum
439 889 693 930 archiepiscopus,
706 889 875 922 Latinorum
888 899 956 922 acer
967 890 1164 927 adversarius,
1175 890 1214 921 de
1226 890 1311 930 Cujus
1322 888 1440 929 scriptis
1451 890 1561 920 Gaveus
1571 890 1606 920 ad
1618 899 1655 921 an
1666 892 1699 922 C.
1711 892 1782 922 1051
1791 921 1799 933 ,

115 933 166 973 qui
179 937 260 964 recte
275 933 478 965 Achridenum
493 934 554 965 sive
568 934 778 966 Achridanum
793 936 933 975 appellat,
952 935 991 975 (tu
1006 934 1179 966 auctoritate
1193 933 1340 974 Sigeberti
1355 933 1577 965 Gemblacensis
1592 944 1656 974 cap.
1676 937 1743 972 147,
1758 936 1801 967 De

114 979 311 1018 scriptoribus
320 978 539 1015 ecclesiasticis,
552 979 619 1018 quia
631 979 824 1018 Bulgarorum
835 980 1052 1020 archiepiscopi
1065 979 1145 1010 circa
1157 979 1185 1010 itl
1199 978 1342 1018 temporis
1350 978 1590 1010 Achridesedem
1604 980 1752 1011 habedant
1761 980 1801 1021 (ὁ)

116 1022 223 1054 Contra
239 1023 319 1054 hunc
334 1024 464 1055 Leonem
477 1023 681 1055 Achridanum
692 1024 812 1064 scripsit
825 1024 882 1055 Leo
894 1024 931 1055 IX
943 1033 1026 1064 papa.
1042 1024 1146 1055 Nullus
1156 1024 1206 1054 illo
1218 1027 1267 1054 aut
1285 1023 1424 1054 furiosior
1437 1027 1487 1054 aut
1506 1025 1684 1064 petulantior
1700 1030 1802 1056 contra

114 1067 234 1099 Latinos
245 1067 373 1108 scripsit,
387 1067 489 1108 judice
505 1067 567 1098 Nic.
582 1068 745 1105 Comneno,
763 1078 818 1108 pag
835 1070 902 1106 185,
917 1069 969 1099 ubi
984 1069 1056 1099 citat
1070 1069 1135 1108 ejus
1150 1069 1191 1100 Dc
1203 1069 1392 1107 processione
1407 1068 1542 1107 Spiritus
1556 1071 1657 1100 sancti
1672 1070 1750 1110 quod
1766 1079 1801 1101 cx

115 1113 178 1143 solo
189 1115 274 1144 Patre
284 1113 436 1154 procedat,
449 1117 477 1144 et
486 1113 538 1144 lib.
549 1122 557 1144 l
569 1114 681 1144 (ἰωήν-α
692 1123 873 1153 azymorum
885 1123 971 1145 usum
984 1114 1014 1144 in
1027 1113 1061 1144 S.
1079 1113 1287 1152 Eucharistz'a,
1299 1112 1329 1143 id
1339 1122 1404 1152 pag.
1422 1113 1487 1144 188.
1499 1112 1601 1144 Trium
1614 1114 1678 1154 ejus
1688 1114 1801 1154 Episto-

116 1156 209 1187 larum
227 1158 263 1188 da
278 1158 386 1198 azymis
411 1158 521 1189 mentio
545 1157 575 1188 in
592 1158 737 1197 Beverigii
751 1158 818 1190 cod.
836 1168 983 1189 canonum
1000 1161 1071 1189 tom.
1089 1157 1134 1194 II;
1166 1159 1193 1188 in
1210 1157 1305 1188 Alexii
1320 1157 1450 1188 Aristeni
1465 1157 1591 1198 Synopsi
1605 1158 1801 1197 Epistolarum

115 1201 337 1240 canonicarum,
355 1202 405 1233 ubi
419 1211 453 1233 ex
466 1202 562 1242 prima
573 1202 654 1233 locus
667 1203 801 1241 affertur,
815 1203 871 1234 Dd.
889 1203 907 1235 3
923 1204 951 1235 ὁ.
968 1203 1012 1234 Ex
1027 1202 1152 1242 epistola
1168 1202 1264 1242 prima
1282 1205 1308 1232 θ’
1326 1201 1411 1232 tertia
1427 1202 1515 1232 etiam
1531 1202 1653 1234 Allatius
1672 1205 1714 1235 De
1729 1213 1801 1235 wn-

115 1255 216 1283 sensu,
241 1256 306 1287 pag.
324 1247 401 1279 1163
417 1250 446 1277 et
472 1247 558 1278 1167.
574 1246 703 1286 Epistola
725 1247 760 1277 ad
775 1247 933 1288 Joannem,
956 1247 1140 1278 Tranensem
1156 1247 1187 1277 in
1202 1246 1306 1286 Apulia
1332 1246 1517 1286 episcopum,
1544 1248 1700 1287 acerrima,
1717 1258 1803 1288 quam

117 1299 165 1321 an.
182 1292 256 1322 1053
265 1292 405 1322 adversus
416 1291 536 1322 Latinos
551 1291 680 1331 scripsit,
694 1295 789 1322 exstat
804 1301 837 1322 ex
850 1291 1004 1323 Humberti
1020 1291 1122 1330 Legati
1134 1291 1271 1322 versione
1288 1290 1390 1321 Latina
1404 1291 1481 1330 apud
1497 1291 1657 1322 Baronium
1673 1293 1708 1323 ad
1721 1293 1803 1324 illum

115 1345 236 1373 annum,
255 1346 284 1366 n.
301 1336 340 1366 ‘33
354 1345 418 1376 seq.
435 1345 501 1366 cum
518 1335 624 1367 Léonis
639 1335 685 1371 IX,
704 1346 797 1376 papm,
815 1336 947 1377 Epistola
961 1336 1103 1368 Gerularii
1117 1341 1145 1366 et
1160 1336 1248 1375 hujus
1260 1335 1367 1366 Leonis
1383 1335 1532 1371 inauditis,
1546 1340 1576 1365 ut
1591 1336 1640 1373 ait,
1656 1346 1801 1376 praesum—

117 1380 266 1420 ptionibus
280 1381 425 1420 opposita,
441 1390 506 1420 quae
520 1385 612 1411 exstat
629 1381 716 1411 etiam
734 1381 762 1411 in
780 1381 867 1412 tomis
882 1381 1098 1418 Conciliorum,
1117 1384 1191 1412 tom.
1210 1380 1244 1411 lX
1257 1380 1376 1416 Lnbbei,
1392 1389 1456 1420 pag.
1470 1380 1540 1416 949,
1555 1385 1584 1410 et
1597 1385 1667 1411 tom.
1681 1381 1719 1412 VI
1727 1381 1804 1412 Har-

116 1425 199 1455 duini
217 1435 244 1465 p.
262 1425 332 1456 9'27.
350 1426 489 1461 (ΡΑηῐιια)
507 1442 544 1447 -
560 1424 592 1455 In
609 1425 696 1456 codd.
715 1427 794 1457 Mon.
809 1426 1019 1457 Bavar.1l9et
1034 1424 1100 1464 113,
1114 1424 1222 1456 Leonis
1232 1424 1366 1465 archiep.
1380 1424 1535 1464 Bnlgariaa,
1549 1425 1679 1464 Epistula
1689 1426 1726 1457 de
1738 1436 1804 1466 azy-

116 1469 172 1498 mis
190 1474 218 1500 et
232 1469 367 1500 Sabbatis
384 1469 473 1500 missa
487 1469 522 1499 ad
539 1470 698 1508 quemdam
714 1469 799 1501 Rom.
819 1470 1000 1511 pontiﬁcem.
1017 1470 1089 1505 (Cat.
1105 1469 1192 1500 codd.
1208 1470 1260 1500 Gr.
1274 1478 1340 1510 pag.
1357 1469 1395 1500 43
1407 1474 1436 1500 et
1451 1469 1513 1504 44.)
1526 1486 1557 1491 -
1571 1470 1683 1501 Eadem
1695 1470 1724 1501 in
1735 1471 1804 1506 cod,

117 1513 211 1545 Paris.
230 1514 319 1551 1315,
337 1523 366 1544 n.
383 1514 414 1551 2,
432 1513 504 1544 bibl.
523 1513 604 1553 publ.
622 1531 656 1536 —
673 1513 858 1545 Vindobonaa
873 1515 903 1546 in
917 1514 987 1546 dod.
1005 1514 1074 1551 157,
1091 1523 1121 1544 n.
1139 1514 1188 1552 18,
1200 1513 1344 1553 Excerpta
1354 1522 1388 1544 ex
1399 1513 1506 1543 Leonis
1517 1514 1720 1554 metropolitaz,
1734 1514 1805 1545 alio-

116 1565 241 1598 rumque
255 1558 424 1589 Graecorum
447 1557 586 1596 scriptor.
610 1557 750 1598 operibus
774 1563 876 1589 contra
892 1558 1010 1590 Latinos
1032 1559 1070 1588 de
1087 1558 1275 1598 processione
1292 1557 1420 1598 Spiri'us
1445 1557 1549 1598 sancti,
1567 1559 1604 1589 de
1629 1559 1748 1599 azymis,
1765 1559 1803 1590 de

113 1601 242 1643 jejunio,
260 1602 407 1642 Sabbatis,
424 1606 481 1633 etc.
498 1601 648 1640 (Lambcc.
674 1602 840 1634 Comment.
857 1602 912 1635 vol.
930 1603 979 1640 IV,
996 1613 1025 1642 p.
1053 1602 1139 1642 339.)
1156 1620 1191 1625 —
1209 1602 1241 1633 In
1258 1603 1324 1633 cod.
1342 1602 1484 1633 Escorial.
1510 1603 1676 1634 membran.
1697 1603 1806 1634 Leonis

116 1647 249 1687 archiep.
263 1646 419 1685 Bulgaria),
429 1645 567 1686 Epistolae
580 1650 639 1677 tres
652 1646 689 1676 de
700 1647 787 1677 annis
801 1652 829 1678 et
841 1647 988 1679 Sabbatis.
1001 1646 1073 1677 Item
1085 1646 1123 1677 de
1131 1646 1335 1686 designatione
1353 1646 1538 1686 etsull‘ragio,
1551 1648 1708 1687 electione,
1726 1652 1803 1679 statu

117 1694 148 1721 et
171 1691 330 1732 privilegiis
346 1690 598 1730 metropolitarum
625 1691 928 1732 archiepiscoporum.
946 1692 983 1724 Et
1002 1691 1040 1722 de
1056 1692 1193 1722 universo
1221 1691 1423 1723 ecclesiastico
1447 1695 1525 1722 statu
1540 1696 1570 1723 et
1585 1693 1703 1730 ordine,
1729 1696 1804 1724 teste

118 1734 223 1767 Pluero
239 1737 268 1767 in
285 1735 389 1768 Itiner.
405 1745 461 1776 per
475 1735 607 1774 Hispali.
625 1745 655 1775 p.
674 1736 742 1768 179.
758 1735 882 1776 tHARL.)

159 1846 204 1884 (τι)
221 1847 277 1878 Leo
303 1846 508 1883 Achridanus,
535 1855 552 1876 a
578 1846 690 1887 Leone,
716 1846 940 1887 archiepiscopo
1023 1847 1065 1887 (ὁ)
1080 1846 1156 1879 Vile
1172 1846 1417 1887 Dissertationem
1432 1846 1575 1886 operibus
1589 1845 1802 1887 Theophylacti

119 1887 272 1958 Βυιεδῦῇίὲί
285 1887 374 1959 n‘ilaled
389 1886 581 1958 (iistinguitur
595 1885 625 1916 in
640 1885 743 1918 Indice
766 1885 940 1918 Nesseliaho
983 1885 1177 1927 praemissim,
1196 1891 1267 1919 tom.
1285 1886 1412 1918 CXXIII.
1432 1885 1514 1919 (intr.
1532 1888 1620 1918 PATn.

118 1936 190 1957 mss.
228 1937 236 1958 ι
273 1952 280 1959 .
324 1937 354 1958 in
377 1937 394 1958 ο
420 1952 426 1958 .

407 2162 697 2248 LEON
706 2160 807 2246 IS
882 2161 1469 2248 ACHRIDAN
1477 2161 1514 2246 Ι

830 2315 1097 2360 EPISTOLA

274 2415 365 2486 ΑΪ)
407 2431 738 2487 JOANNEM
787 2431 1175 2488 EPISCOPUM
1219 2430 1649 2487 TRANENSEM

821 2547 946 2590 (Scripta
958 2558 986 2580 a.
1005 2548 1109 2588 1053.)

161 2727 255 2769 Hujus
270 2728 411 2769 epistolae,
429 2730 538 2761 Latine
554 2739 588 2760 ex
602 2728 760 2761 Humberti
774 2728 933 2760 cardinalis
946 2728 1085 2760 versione
1100 2729 1177 2769 apud
1192 2729 1352 2761 Baronium
1362 2732 1391 2760 et
1405 2727 1553 2760 Canisium
1562 2726 1659 2764 editae,
1670 2725 1806 2758 Grmcum

123 2779 234 2807 textum
249 2775 379 2806 nondum
396 2775 544 2815 vulgatum
561 2784 595 2806 ex
611 2775 678 2806 cod.
693 2774 808 2806 Monac.
825 2775 883 2806 286
898 2775 993 2806 chart.
1010 2783 1079 2805 saec.
1095 2783 1146 2812 xv,
1163 2775 1186 2805 1.
1201 2775 1271 2812 277,
1292 2774 1446 2815 exscripsit
1454 2771 1645 2804 etnObiscum
1658 2770 1808 2802 humanis-

125 2821 201 2852 sime
216 2820 444 2852 communicavit
459 2821 496 2852 Dr
510 2821 534 2852 J.
552 2819 793 2860 Hergenroelher,
812 2819 842 2850 in
859 2819 1057 2851 Universitate
1069 2818 1313 2860 Wirceburgensi
1324 2819 1486 2860 professor.
1498 2816 1651 2849 Michaelis
1662 2815 1808 2848 Cerularii

122 2875 232 2898 nomen
245 2865 278 2897 in
291 2865 486 2907 inscriptione
500 2865 617 2906 penitus
630 2864 724 2896 deest.
