  <div class='ocr_page' id='page_1' title='image "/cluster/home/n/w/nwhite01/storage/ocr_20150623/120/njp.32101010943973/526.png"; bbox 0 0 1976 3067; ppageno 0'>
   <div class='ocr_carea' id='block_1_1' title="bbox 53 189 833 225">
    <p class='ocr_par' dir='ltr' id='par_1_1' title="bbox 53 189 833 221">
     <span class='ocr_line' id='line_1_1' title="bbox 53 189 833 221; baseline 0.001 -1"><span class='ocrx_word' id='word_1_1' title='bbox 53 189 115 220; x_wconf 71' lang='grc'><strong>845</strong></span> <span class='ocrx_word' id='word_1_2' title='bbox 830 192 833 221; x_wconf 79' lang='grc' dir='ltr'><strong>ἶ</strong></span> 
     </span>
    </p>
   </div>
   <div class='ocr_carea' id='block_1_2' title="bbox 973 189 1753 225">
    <p class='ocr_par' dir='ltr' id='par_1_2' title="bbox 973 192 1753 225">
     <span class='ocr_line' id='line_1_2' title="bbox 973 192 1753 225; baseline 0.003 -2"><span class='ocrx_word' id='word_1_3' title='bbox 973 192 990 223; x_wconf 55' lang='grc'><strong>1</strong></span> <span class='ocrx_word' id='word_1_4' title='bbox 1694 192 1753 225; x_wconf 82' lang='grc'><strong>846</strong></span> 
     </span>
    </p>
   </div>
   <div class='ocr_carea' id='block_1_3' title="bbox 56 253 1751 298">
    <p class='ocr_par' dir='ltr' id='par_1_3' title="bbox 56 253 1751 298">
     <span class='ocr_line' id='line_1_3' title="bbox 56 253 1751 298; baseline 0.001 -11"><span class='ocrx_word' id='word_1_5' title='bbox 56 256 252 294; x_wconf 75' lang='lat' dir='ltr'><strong>solutionem,</strong></span> <span class='ocrx_word' id='word_1_6' title='bbox 269 257 377 288; x_wconf 80' lang='lat' dir='ltr'><strong>iterum</strong></span> <span class='ocrx_word' id='word_1_7' title='bbox 394 260 499 298; x_wconf 90' lang='lat' dir='ltr'><strong>sponte</strong></span> <span class='ocrx_word' id='word_1_8' title='bbox 509 257 773 288; x_wconf 90' lang='lat' dir='ltr'><strong>anathematizasse</strong></span> <span class='ocrx_word' id='word_1_9' title='bbox 789 258 888 288; x_wconf 83' lang='lat' dir='ltr'><strong>omnia</strong></span> <span class='ocrx_word' id='word_1_10' title='bbox 899 258 979 290; x_wconf 91' lang='lat' dir='ltr'><strong>dicta</strong></span> <span class='ocrx_word' id='word_1_11' title='bbox 994 262 1022 289; x_wconf 91' lang='lat' dir='ltr'><strong>et</strong></span> <span class='ocrx_word' id='word_1_12' title='bbox 1036 257 1113 289; x_wconf 80' lang='lat' dir='ltr'><strong>facta</strong></span> <span class='ocrx_word' id='word_1_13' title='bbox 1123 257 1168 288; x_wconf 89' lang='lat' dir='ltr'><strong>vel</strong></span> <span class='ocrx_word' id='word_1_14' title='bbox 1181 260 1294 288; x_wconf 83' lang='lat' dir='ltr'><strong>tentata</strong></span> <span class='ocrx_word' id='word_1_15' title='bbox 1301 255 1445 287; x_wconf 86' lang='lat' dir='ltr'><strong>adversus</strong></span> <span class='ocrx_word' id='word_1_16' title='bbox 1453 253 1621 287; x_wconf 81' lang='lat' dir='ltr'><strong>Romanam</strong></span> <span class='ocrx_word' id='word_1_17' title='bbox 1637 257 1751 297; x_wconf 89' lang='lat' dir='ltr'><strong>sedem,</strong></span> 
     </span>
    </p>
   </div>
   <div class='ocr_carea' id='block_1_4' title="bbox 56 299 1752 342">
    <p class='ocr_par' dir='ltr' id='par_1_4' title="bbox 56 299 1752 342">
     <span class='ocr_line' id='line_1_4' title="bbox 56 299 1752 342; baseline 0.001 -10"><span class='ocrx_word' id='word_1_18' title='bbox 56 301 165 341; x_wconf 88' lang='lat' dir='ltr'><strong>sicque</strong></span> <span class='ocrx_word' id='word_1_19' title='bbox 181 302 218 333; x_wconf 89' lang='lat' dir='ltr'><strong>ab</strong></span> <span class='ocrx_word' id='word_1_20' title='bbox 234 302 277 333; x_wconf 92' lang='lat' dir='ltr'><strong>eis</strong></span> <span class='ocrx_word' id='word_1_21' title='bbox 292 302 322 332; x_wconf 92' lang='lat' dir='ltr'><strong>in</strong></span> <span class='ocrx_word' id='word_1_22' title='bbox 337 302 578 333; x_wconf 85' lang='lat' dir='ltr'><strong>communionem</strong></span> <span class='ocrx_word' id='word_1_23' title='bbox 595 305 762 342; x_wconf 88' lang='lat' dir='ltr'><strong>receptum,</strong></span> <span class='ocrx_word' id='word_1_24' title='bbox 780 302 917 333; x_wconf 80' lang='lat' dir='ltr'><strong>ell‘ectum</strong></span> <span class='ocrx_word' id='word_1_25' title='bbox 934 312 1001 333; x_wconf 90' lang='lat' dir='ltr'><strong>esse</strong></span> <span class='ocrx_word' id='word_1_26' title='bbox 1016 312 1118 333; x_wconf 90' lang='lat' dir='ltr'><strong>eorum</strong></span> <span class='ocrx_word' id='word_1_27' title='bbox 1126 302 1301 333; x_wconf 84' lang='lat' dir='ltr'><strong>familiarem</strong></span> <span class='ocrx_word' id='word_1_28' title='bbox 1314 300 1454 339; x_wconf 90' lang='lat' dir='ltr'><strong>amicum,</strong></span> <span class='ocrx_word' id='word_1_29' title='bbox 1469 299 1574 331; x_wconf 87' lang='lat' dir='ltr'><strong>scribit</strong></span> <span class='ocrx_word' id='word_1_30' title='bbox 1589 299 1752 342; x_wconf 88' lang='lat' dir='ltr'><strong>Wibertus,</strong></span> 
     </span>
    </p>
   </div>
   <div class='ocr_carea' id='block_1_5' title="bbox 55 343 1751 387">
    <p class='ocr_par' dir='ltr' id='par_1_5' title="bbox 55 343 1751 387">
     <span class='ocr_line' id='line_1_5' title="bbox 55 343 1751 387; baseline 0.002 -12"><span class='ocrx_word' id='word_1_31' title='bbox 55 345 88 376; x_wconf 91' lang='lat' dir='ltr'><strong>in</strong></span> <span class='ocrx_word' id='word_1_32' title='bbox 106 346 176 376; x_wconf 88' lang='lat' dir='ltr'><strong>Vita</strong></span> <span class='ocrx_word' id='word_1_33' title='bbox 190 347 222 378; x_wconf 92' lang='lat' dir='ltr'><strong>S.</strong></span> <span class='ocrx_word' id='word_1_34' title='bbox 240 346 358 384; x_wconf 84' lang='lat' dir='ltr'><strong>Leonis,</strong></span> <span class='ocrx_word' id='word_1_35' title='bbox 375 346 412 386; x_wconf 92' lang='lat' dir='ltr'><strong>Il,</strong></span> <span class='ocrx_word' id='word_1_36' title='bbox 429 348 457 378; x_wconf 83' lang='grc'><strong>5.</strong></span> <span class='ocrx_word' id='word_1_37' title='bbox 476 347 556 378; x_wconf 88' lang='lat' dir='ltr'><strong>Idem</strong></span> <span class='ocrx_word' id='word_1_38' title='bbox 572 346 672 383; x_wconf 82' lang='lat' dir='ltr'><strong>tradit,</strong></span> <span class='ocrx_word' id='word_1_39' title='bbox 688 346 864 378; x_wconf 85' lang='lat' dir='ltr'><strong>invectivam</strong></span> <span class='ocrx_word' id='word_1_40' title='bbox 878 347 1116 387; x_wconf 78' lang='lat' dir='ltr'><strong>Responsionem</strong></span> <span class='ocrx_word' id='word_1_41' title='bbox 1132 346 1300 377; x_wconf 87' lang='lat' dir='ltr'><strong>cancellarii</strong></span> <span class='ocrx_word' id='word_1_42' title='bbox 1314 344 1440 376; x_wconf 84' lang='lat' dir='ltr'><strong>Romani</strong></span> <span class='ocrx_word' id='word_1_43' title='bbox 1459 343 1619 385; x_wconf 87' lang='lat' dir='ltr'><strong>Friderici,</strong></span> <span class='ocrx_word' id='word_1_44' title='bbox 1636 345 1751 379; x_wconf 64' lang='lat' dir='ltr'><strong>Nicelaa</strong></span> 
     </span>
    </p>
   </div>
   <div class='ocr_carea' id='block_1_6' title="bbox 58 388 1754 433">
    <p class='ocr_par' dir='ltr' id='par_1_6' title="bbox 58 388 1754 433">
     <span class='ocr_line' id='line_1_6' title="bbox 58 388 1754 433; baseline 0.002 -13"><span class='ocrx_word' id='word_1_45' title='bbox 58 391 248 430; x_wconf 85' lang='lat' dir='ltr'><strong>oppositam,</strong></span> <span class='ocrx_word' id='word_1_46' title='bbox 260 391 350 422; x_wconf 82' lang='lat' dir='ltr'><strong>fuisse</strong></span> <span class='ocrx_word' id='word_1_47' title='bbox 363 391 399 421; x_wconf 87' lang='lat' dir='ltr'><strong>de</strong></span> <span class='ocrx_word' id='word_1_48' title='bbox 410 391 512 423; x_wconf 89' lang='lat' dir='ltr'><strong>Latino</strong></span> <span class='ocrx_word' id='word_1_49' title='bbox 522 391 684 422; x_wconf 86' lang='lat' dir='ltr'><strong>translatan</strong></span> <span class='ocrx_word' id='word_1_50' title='bbox 696 389 797 422; x_wconf 65' lang='lat' dir='ltr'><strong>Graece</strong></span> <span class='ocrx_word' id='word_1_51' title='bbox 806 395 835 422; x_wconf 91' lang='lat' dir='ltr'><strong>et</strong></span> <span class='ocrx_word' id='word_1_52' title='bbox 843 400 941 421; x_wconf 87' lang='lat' dir='ltr'><strong>coram</strong></span> <span class='ocrx_word' id='word_1_53' title='bbox 955 391 1135 431; x_wconf 83' lang='lat' dir='ltr'><strong>imperatore</strong></span> <span class='ocrx_word' id='word_1_54' title='bbox 1146 391 1298 421; x_wconf 85' lang='lat' dir='ltr'><strong>recitatam</strong></span> <span class='ocrx_word' id='word_1_55' title='bbox 1313 388 1467 427; x_wconf 85' lang='lat' dir='ltr'><strong>;Micetam</strong></span> <span class='ocrx_word' id='word_1_56' title='bbox 1483 397 1552 419; x_wconf 88' lang='lat' dir='ltr'><strong>vero</strong></span> <span class='ocrx_word' id='word_1_57' title='bbox 1562 395 1698 422; x_wconf 90' lang='lat' dir='ltr'><strong>eoactum</strong></span> <span class='ocrx_word' id='word_1_58' title='bbox 1712 392 1754 433; x_wconf 79' lang='lat'><strong>(2)</strong></span> 
     </span>
    </p>
   </div>
   <div class='ocr_carea' id='block_1_7' title="bbox 54 432 1748 476">
    <p class='ocr_par' dir='ltr' id='par_1_7' title="bbox 54 432 1748 476">
     <span class='ocr_line' id='line_1_7' title="bbox 54 432 1748 476; baseline 0.002 -11"><span class='ocrx_word' id='word_1_59' title='bbox 54 434 204 466; x_wconf 86' lang='lat' dir='ltr'><strong>damnare</strong></span> <span class='ocrx_word' id='word_1_60' title='bbox 223 440 251 466; x_wconf 88' lang='lat' dir='ltr'><strong>et</strong></span> <span class='ocrx_word' id='word_1_61' title='bbox 267 436 442 466; x_wconf 87' lang='lat' dir='ltr'><strong>comburere</strong></span> <span class='ocrx_word' id='word_1_62' title='bbox 455 445 508 466; x_wconf 84' lang='lat' dir='ltr'><strong>sua</strong></span> <span class='ocrx_word' id='word_1_63' title='bbox 520 436 640 476; x_wconf 84' lang='lat' dir='ltr'><strong>scripta,</strong></span> <span class='ocrx_word' id='word_1_64' title='bbox 658 435 757 466; x_wconf 87' lang='lat' dir='ltr'><strong>habita</strong></span> <span class='ocrx_word' id='word_1_65' title='bbox 771 436 972 476; x_wconf 81' lang='lat' dir='ltr'><strong>disputatione</strong></span> <span class='ocrx_word' id='word_1_66' title='bbox 987 436 1064 476; x_wconf 87' lang='lat' dir='ltr'><strong>apud</strong></span> <span class='ocrx_word' id='word_1_67' title='bbox 1083 435 1293 467; x_wconf 79' lang='lat' dir='ltr'><strong>monasterium</strong></span> <span class='ocrx_word' id='word_1_68' title='bbox 1310 432 1406 466; x_wconf 89' lang='lat' dir='ltr'><strong>Studii</strong></span> <span class='ocrx_word' id='word_1_69' title='bbox 1428 433 1459 463; x_wconf 90' lang='lat' dir='ltr'><strong>in</strong></span> <span class='ocrx_word' id='word_1_70' title='bbox 1479 433 1553 464; x_wconf 90' lang='lat' dir='ltr'><strong>urbe</strong></span> <span class='ocrx_word' id='word_1_71' title='bbox 1577 436 1748 468; x_wconf 85' lang='lat' dir='ltr'><strong>CPolitana.</strong></span> 
     </span>
    </p>
   </div>
   <div class='ocr_carea' id='block_1_8' title="bbox 60 477 1756 521">
    <p class='ocr_par' dir='ltr' id='par_1_8' title="bbox 60 477 1756 521">
     <span class='ocr_line' id='line_1_8' title="bbox 60 477 1756 521; baseline -0.001 -11"><span class='ocrx_word' id='word_1_72' title='bbox 60 480 182 519; x_wconf 65' lang='grc' dir='ltr'><strong>(ΕΑΒΗ.)</strong></span> <span class='ocrx_word' id='word_1_73' title='bbox 197 481 281 513; x_wconf 83' lang='lat' dir='ltr'><strong>Conf.</strong></span> <span class='ocrx_word' id='word_1_74' title='bbox 294 481 331 511; x_wconf 90' lang='lat' dir='ltr'><strong>de</strong></span> <span class='ocrx_word' id='word_1_75' title='bbox 344 481 396 511; x_wconf 88' lang='lat' dir='ltr'><strong>illo</strong></span> <span class='ocrx_word' id='word_1_76' title='bbox 409 481 486 513; x_wconf 89' lang='lat' dir='ltr'><strong>Guil.</strong></span> <span class='ocrx_word' id='word_1_77' title='bbox 499 482 588 518; x_wconf 82' lang='lat' dir='ltr'><strong>Cave,</strong></span> <span class='ocrx_word' id='word_1_78' title='bbox 604 481 688 512; x_wconf 81' lang='lat' dir='ltr'><strong>Hist.</strong></span> <span class='ocrx_word' id='word_1_79' title='bbox 706 481 764 513; x_wconf 82' lang='lat' dir='ltr'><strong>litt.</strong></span> <span class='ocrx_word' id='word_1_80' title='bbox 780 481 838 512; x_wconf 87' lang='lat' dir='ltr'><em>SS.</em></span> <span class='ocrx_word' id='word_1_81' title='bbox 859 481 939 513; x_wconf 86' lang='lat' dir='ltr'><strong>Eccl.</strong></span> <span class='ocrx_word' id='word_1_82' title='bbox 953 486 1032 512; x_wconf 89' lang='lat' dir='ltr'><strong>tome</strong></span> <span class='ocrx_word' id='word_1_83' title='bbox 1047 481 1083 518; x_wconf 92' lang='lat' dir='ltr'><strong>II,</strong></span> <span class='ocrx_word' id='word_1_84' title='bbox 1101 491 1130 521; x_wconf 93' lang='lat' dir='ltr'><strong>p.</strong></span> <span class='ocrx_word' id='word_1_85' title='bbox 1148 481 1223 521; x_wconf 77' lang='lat'><strong>136&#39;,</strong></span> <span class='ocrx_word' id='word_1_86' title='bbox 1237 479 1395 517; x_wconf 82' lang='lat' dir='ltr'><strong>Hamberg.</strong></span> <span class='ocrx_word' id='word_1_87' title='bbox 1409 477 1440 509; x_wconf 88' lang='lat' dir='ltr'><strong>Z.</strong></span> <span class='ocrx_word' id='word_1_88' title='bbox 1452 477 1489 508; x_wconf 89' lang='lat' dir='ltr'><strong>N.</strong></span> <span class='ocrx_word' id='word_1_89' title='bbox 1509 477 1560 518; x_wconf 90' lang='lat' dir='ltr'><strong>III,</strong></span> <span class='ocrx_word' id='word_1_90' title='bbox 1583 489 1612 519; x_wconf 93' lang='lat' dir='ltr'><strong>p.</strong></span> <span class='ocrx_word' id='word_1_91' title='bbox 1630 481 1709 520; x_wconf 76' lang='lat'><strong>759;</strong></span> <span class='ocrx_word' id='word_1_92' title='bbox 1727 486 1756 513; x_wconf 69' lang='lat' dir='ltr'><strong>et</strong></span> 
     </span>
    </p>
   </div>
   <div class='ocr_carea' id='block_1_9' title="bbox 59 521 1754 566">
    <p class='ocr_par' dir='ltr' id='par_1_9' title="bbox 59 521 1754 566">
     <span class='ocr_line' id='line_1_9' title="bbox 59 521 1754 566; baseline 0.001 -10"><span class='ocrx_word' id='word_1_93' title='bbox 59 524 156 563; x_wconf 85' lang='lat' dir='ltr'><strong>Saxii,</strong></span> <span class='ocrx_word' id='word_1_94' title='bbox 176 526 282 557; x_wconf 86' lang='lat' dir='ltr'><strong>Onom.</strong></span> <span class='ocrx_word' id='word_1_95' title='bbox 297 525 332 562; x_wconf 87' lang='lat' dir='ltr'><strong>II,</strong></span> <span class='ocrx_word' id='word_1_96' title='bbox 351 536 380 565; x_wconf 96' lang='lat' dir='ltr'><strong>p.</strong></span> <span class='ocrx_word' id='word_1_97' title='bbox 402 526 453 557; x_wconf 83' lang='grc'>181</span> <span class='ocrx_word' id='word_1_98' title='bbox 470 535 477 564; x_wconf 92' lang='grc'>;</span> <span class='ocrx_word' id='word_1_99' title='bbox 496 525 677 557; x_wconf 85' lang='lat' dir='ltr'><strong>Schroeckh.</strong></span> <span class='ocrx_word' id='word_1_100' title='bbox 694 525 763 556; x_wconf 82' lang='lat' dir='ltr'><strong>His.</strong></span> <span class='ocrx_word' id='word_1_101' title='bbox 780 526 849 558; x_wconf 90' lang='lat' dir='ltr'><strong>eccl.</strong></span> <span class='ocrx_word' id='word_1_102' title='bbox 860 525 960 566; x_wconf 84' lang='lat' dir='ltr'><strong>XXIV,</strong></span> <span class='ocrx_word' id='word_1_103' title='bbox 976 536 1005 566; x_wconf 90' lang='lat' dir='ltr'><strong>p.</strong></span> <span class='ocrx_word' id='word_1_104' title='bbox 1018 526 1076 556; x_wconf 65' lang='lat'><strong>219</strong></span> <span class='ocrx_word' id='word_1_105' title='bbox 1090 535 1154 566; x_wconf 88' lang='lat' dir='ltr'><strong>seq.</strong></span> <span class='ocrx_word' id='word_1_106' title='bbox 1167 542 1205 547; x_wconf 92' lang='lat'><strong><em>—</em></strong></span> <span class='ocrx_word' id='word_1_107' title='bbox 1218 525 1332 557; x_wconf 67' lang='lat' dir='ltr'><strong>Niceten</strong></span> <span class='ocrx_word' id='word_1_108' title='bbox 1342 521 1501 560; x_wconf 86' lang='lat' dir='ltr'><strong>Pectorati,</strong></span> <span class='ocrx_word' id='word_1_109' title='bbox 1517 522 1623 555; x_wconf 88' lang='lat' dir='ltr'><strong>Libell.</strong></span> <span class='ocrx_word' id='word_1_110' title='bbox 1651 531 1754 558; x_wconf 87' lang='lat' dir='ltr'><strong>contra</strong></span> 
     </span>
    </p>
   </div>
   <div class='ocr_carea' id='block_1_10' title="bbox 60 567 1752 611">
    <p class='ocr_par' dir='ltr' id='par_1_10' title="bbox 60 567 1752 611">
     <span class='ocr_line' id='line_1_10' title="bbox 60 567 1752 611; baseline 0.002 -11"><span class='ocrx_word' id='word_1_111' title='bbox 60 569 187 601; x_wconf 88' lang='lat' dir='ltr'><strong>Latinos</strong></span> <span class='ocrx_word' id='word_1_112' title='bbox 203 571 299 602; x_wconf 89' lang='lat' dir='ltr'><strong>editus</strong></span> <span class='ocrx_word' id='word_1_113' title='bbox 314 575 343 601; x_wconf 92' lang='lat' dir='ltr'><strong>et</strong></span> <span class='ocrx_word' id='word_1_114' title='bbox 358 569 394 601; x_wconf 92' lang='lat' dir='ltr'><strong>ab</strong></span> <span class='ocrx_word' id='word_1_115' title='bbox 410 570 610 611; x_wconf 85' lang='lat' dir='ltr'><strong>apocrisiariis</strong></span> <span class='ocrx_word' id='word_1_116' title='bbox 626 570 795 610; x_wconf 71' lang='lat' dir='ltr'><strong>apostolicae</strong></span> <span class='ocrx_word' id='word_1_117' title='bbox 805 570 885 602; x_wconf 91' lang='lat' dir='ltr'><strong>sedis</strong></span> <span class='ocrx_word' id='word_1_118' title='bbox 899 571 985 603; x_wconf 86' lang='lat' dir='ltr'><strong>CPoli</strong></span> <span class='ocrx_word' id='word_1_119' title='bbox 1005 575 1151 611; x_wconf 89' lang='lat' dir='ltr'><strong>repertus,</strong></span> <span class='ocrx_word' id='word_1_120' title='bbox 1174 570 1275 601; x_wconf 88' lang='lat' dir='ltr'><strong>Latine</strong></span> <span class='ocrx_word' id='word_1_121' title='bbox 1295 578 1362 599; x_wconf 89' lang='lat' dir='ltr'><strong>cum</strong></span> <span class='ocrx_word' id='word_1_122' title='bbox 1381 567 1567 611; x_wconf 81' lang='lat' dir='ltr'><strong>Refutatione</strong></span> <span class='ocrx_word' id='word_1_123' title='bbox 1583 568 1752 610; x_wconf 84' lang='lat' dir='ltr'><strong>Humberti,</strong></span> 
     </span>
    </p>
   </div>
   <div class='ocr_carea' id='block_1_11' title="bbox 61 610 1753 656">
    <p class='ocr_par' dir='ltr' id='par_1_11' title="bbox 61 610 1753 656">
     <span class='ocr_line' id='line_1_11' title="bbox 61 610 1753 656; baseline 0.002 -12"><span class='ocrx_word' id='word_1_124' title='bbox 61 614 160 645; x_wconf 86' lang='lat' dir='ltr'><strong>Patris</strong></span> <span class='ocrx_word' id='word_1_125' title='bbox 178 615 330 655; x_wconf 83' lang='lat' dir='ltr'><strong>purpurati</strong></span> <span class='ocrx_word' id='word_1_126' title='bbox 347 615 395 655; x_wconf 91' lang='lat' dir='ltr'><strong>(de</strong></span> <span class='ocrx_word' id='word_1_127' title='bbox 410 610 467 655; x_wconf 89' lang='lat' dir='ltr'><strong>quo</strong></span> <span class='ocrx_word' id='word_1_128' title='bbox 483 615 548 646; x_wconf 88' lang='lat' dir='ltr'><strong>vide</strong></span> <span class='ocrx_word' id='word_1_129' title='bbox 559 614 639 646; x_wconf 88' lang='lat' dir='ltr'><strong>Saxii</strong></span> <span class='ocrx_word' id='word_1_130' title='bbox 651 615 762 646; x_wconf 84' lang='lat' dir='ltr'><strong>Onom.</strong></span> <span class='ocrx_word' id='word_1_131' title='bbox 781 614 817 647; x_wconf 92' lang='grc' dir='ltr'>ΙΙ.</span> <span class='ocrx_word' id='word_1_132' title='bbox 835 625 864 655; x_wconf 84' lang='grc' dir='ltr'><strong>ρ.</strong></span> <span class='ocrx_word' id='word_1_133' title='bbox 881 615 949 654; x_wconf 82' lang='grc'>180,</span> <span class='ocrx_word' id='word_1_134' title='bbox 968 610 1083 656; x_wconf 82' lang='lat' dir='ltr'><strong>etquos</strong></span> <span class='ocrx_word' id='word_1_135' title='bbox 1098 615 1148 646; x_wconf 88' lang='lat' dir='ltr'><strong>ille</strong></span> <span class='ocrx_word' id='word_1_136' title='bbox 1165 614 1276 654; x_wconf 89' lang='lat' dir='ltr'><strong>laudat)</strong></span> <span class='ocrx_word' id='word_1_137' title='bbox 1298 613 1329 644; x_wconf 90' lang='lat' dir='ltr'><strong>in</strong></span> <span class='ocrx_word' id='word_1_138' title='bbox 1355 614 1394 643; x_wconf 85' lang='lat' dir='ltr'><strong>ﬂ.</strong></span> <span class='ocrx_word' id='word_1_139' title='bbox 1424 610 1634 656; x_wconf 17' lang='lat' dir='ltr'><strong>Canisiiilect.</strong></span> <span class='ocrx_word' id='word_1_140' title='bbox 1652 617 1753 656; x_wconf 82' lang='lat' dir='ltr'><strong>antiq.</strong></span> 
     </span>
    </p>
   </div>
   <div class='ocr_carea' id='block_1_12' title="bbox 61 655 1755 700">
    <p class='ocr_par' dir='ltr' id='par_1_12' title="bbox 61 655 1755 700">
     <span class='ocr_line' id='line_1_12' title="bbox 61 655 1755 700; baseline 0.001 -11"><span class='ocrx_word' id='word_1_141' title='bbox 61 663 138 690; x_wconf 92' lang='lat' dir='ltr'><strong>tom.</strong></span> <span class='ocrx_word' id='word_1_142' title='bbox 155 659 206 696; x_wconf 91' lang='lat' dir='ltr'><strong>III,</strong></span> <span class='ocrx_word' id='word_1_143' title='bbox 224 670 254 700; x_wconf 95' lang='lat' dir='ltr'><strong>p.</strong></span> <span class='ocrx_word' id='word_1_144' title='bbox 271 659 340 699; x_wconf 90' lang='lat'><strong>308,</strong></span> <span class='ocrx_word' id='word_1_145' title='bbox 355 660 388 690; x_wconf 85' lang='lat' dir='ltr'><strong>ed</strong></span> <span class='ocrx_word' id='word_1_146' title='bbox 406 660 539 698; x_wconf 71' lang='lat' dir='ltr'><strong>Basnage</strong></span> <span class='ocrx_word' id='word_1_147' title='bbox 564 677 601 682; x_wconf 98' lang='lat'>—</span> <span class='ocrx_word' id='word_1_148' title='bbox 625 659 765 699; x_wconf 82' lang='lat' dir='ltr'><strong>Ejusdem</strong></span> <span class='ocrx_word' id='word_1_149' title='bbox 782 669 903 691; x_wconf 85' lang='lat' dir='ltr'><strong>carmen</strong></span> <span class='ocrx_word' id='word_1_150' title='bbox 920 655 1080 691; x_wconf 84' lang='lat' dir='ltr'><strong>iambicum</strong></span> <span class='ocrx_word' id='word_1_151' title='bbox 1099 660 1129 690; x_wconf 90' lang='lat' dir='ltr'><strong>in</strong></span> <span class='ocrx_word' id='word_1_152' title='bbox 1147 659 1318 690; x_wconf 89' lang='lat' dir='ltr'><strong>Simeonem</strong></span> <span class='ocrx_word' id='word_1_153' title='bbox 1342 656 1508 700; x_wconf 77' lang='lat' dir='ltr'><strong>Juniorem,</strong></span> <span class='ocrx_word' id='word_1_154' title='bbox 1536 655 1586 687; x_wconf 87' lang='lat' dir='ltr'><strong>Gr.</strong></span> <span class='ocrx_word' id='word_1_155' title='bbox 1602 661 1631 689; x_wconf 90' lang='lat' dir='ltr'><strong>et</strong></span> <span class='ocrx_word' id='word_1_156' title='bbox 1644 658 1706 690; x_wconf 87' lang='lat' dir='ltr'><strong>Lat.</strong></span> <span class='ocrx_word' id='word_1_157' title='bbox 1723 655 1755 691; x_wconf 80' lang='lat' dir='ltr'><strong>in</strong></span> 
     </span>
    </p>
   </div>
   <div class='ocr_carea' id='block_1_13' title="bbox 61 699 1754 744">
    <p class='ocr_par' dir='ltr' id='par_1_13' title="bbox 61 699 1754 744">
     <span class='ocr_line' id='line_1_13' title="bbox 61 699 1754 744; baseline -0.001 -10"><span class='ocrx_word' id='word_1_158' title='bbox 61 704 97 734; x_wconf 93' lang='lat' dir='ltr'><strong>L.</strong></span> <span class='ocrx_word' id='word_1_159' title='bbox 117 699 233 741; x_wconf 74' lang='lat' dir='ltr'><strong>Allatii,</strong></span> <span class='ocrx_word' id='word_1_160' title='bbox 251 703 387 735; x_wconf 83' lang='lat' dir='ltr'><strong>Diatribc</strong></span> <span class='ocrx_word' id='word_1_161' title='bbox 395 705 430 735; x_wconf 90' lang='lat' dir='ltr'><strong>dc</strong></span> <span class='ocrx_word' id='word_1_162' title='bbox 439 704 649 744; x_wconf 85' lang='lat' dir='ltr'><strong>Symeonibus,</strong></span> <span class='ocrx_word' id='word_1_163' title='bbox 661 713 734 744; x_wconf 85' lang='lat' dir='ltr'><strong>page</strong></span> <span class='ocrx_word' id='word_1_164' title='bbox 750 704 815 736; x_wconf 86' lang='grc'>168.</span> <span class='ocrx_word' id='word_1_165' title='bbox 826 723 864 728; x_wconf 90' lang='lat'><strong><em>—</em></strong></span> <span class='ocrx_word' id='word_1_166' title='bbox 875 704 908 736; x_wconf 92' lang='lat' dir='ltr'><strong>In</strong></span> <span class='ocrx_word' id='word_1_167' title='bbox 926 714 997 742; x_wconf 87' lang='lat' dir='ltr'><strong>mss,</strong></span> <span class='ocrx_word' id='word_1_168' title='bbox 1015 705 1263 736; x_wconf 89' lang='lat' dir='ltr'><strong>codicibusLaur.</strong></span> <span class='ocrx_word' id='word_1_169' title='bbox 1273 702 1414 734; x_wconf 84' lang='lat' dir='ltr'><strong>Mediceis</strong></span> <span class='ocrx_word' id='word_1_170' title='bbox 1424 699 1633 734; x_wconf 84' lang='lat' dir='ltr'><strong>etVindobon.</strong></span> <span class='ocrx_word' id='word_1_171' title='bbox 1644 706 1754 736; x_wconf 77' lang='lat' dir='ltr'><strong>Caesar.</strong></span> 
     </span>
    </p>
   </div>
   <div class='ocr_carea' id='block_1_14' title="bbox 60 745 1755 788">
    <p class='ocr_par' dir='ltr' id='par_1_14' title="bbox 60 745 1755 788">
     <span class='ocr_line' id='line_1_14' title="bbox 60 745 1755 788; baseline 0.001 -9"><span class='ocrx_word' id='word_1_172' title='bbox 60 752 221 780; x_wconf 87' lang='lat' dir='ltr'><strong>servantur</strong></span> <span class='ocrx_word' id='word_1_173' title='bbox 231 749 311 779; x_wconf 88' lang='lat' dir='ltr'><strong>varia</strong></span> <span class='ocrx_word' id='word_1_174' title='bbox 324 759 332 786; x_wconf 87' lang='lat'><strong>;</strong></span> <span class='ocrx_word' id='word_1_175' title='bbox 343 765 381 770; x_wconf 99' lang='lat'>—</span> <span class='ocrx_word' id='word_1_176' title='bbox 392 749 425 780; x_wconf 89' lang='lat' dir='ltr'><strong>In</strong></span> <span class='ocrx_word' id='word_1_177' title='bbox 437 749 502 779; x_wconf 92' lang='lat' dir='ltr'><strong>cod.</strong></span> <span class='ocrx_word' id='word_1_178' title='bbox 521 748 600 780; x_wconf 87' lang='lat' dir='ltr'><strong>Med.</strong></span> <span class='ocrx_word' id='word_1_179' title='bbox 614 749 662 785; x_wconf 86' lang='grc'>19,</span> <span class='ocrx_word' id='word_1_180' title='bbox 676 758 706 780; x_wconf 90' lang='lat' dir='ltr'><strong>n.</strong></span> <span class='ocrx_word' id='word_1_181' title='bbox 724 748 752 786; x_wconf 85' lang='lat'><strong>3,</strong></span> <span class='ocrx_word' id='word_1_182' title='bbox 761 749 863 781; x_wconf 87' lang='lat' dir='ltr'><strong>etcod.</strong></span> <span class='ocrx_word' id='word_1_183' title='bbox 875 750 1046 781; x_wconf 85' lang='lat' dir='ltr'><strong>Vindobon.</strong></span> <span class='ocrx_word' id='word_1_184' title='bbox 1059 751 1129 784; x_wconf 71' lang='grc'><strong>240,</strong></span> <span class='ocrx_word' id='word_1_185' title='bbox 1144 752 1214 787; x_wconf 87' lang='lat' dir='ltr'><strong>n.6,</strong></span> <span class='ocrx_word' id='word_1_186' title='bbox 1225 749 1335 788; x_wconf 89' lang='lat' dir='ltr'><strong>Opusc.</strong></span> <span class='ocrx_word' id='word_1_187' title='bbox 1345 745 1502 784; x_wconf 87' lang='lat' dir='ltr'><strong>ineditum,</strong></span> <span class='ocrx_word' id='word_1_188' title='bbox 1515 747 1755 786; x_wconf 88' lang='lat' dir='ltr'><strong>capitumasceti-</strong></span> 
     </span>
    </p>
   </div>
   <div class='ocr_carea' id='block_1_15' title="bbox 59 789 1753 834">
    <p class='ocr_par' dir='ltr' id='par_1_15' title="bbox 59 789 1753 834">
     <span class='ocr_line' id='line_1_15' title="bbox 59 789 1753 834; baseline -0.001 -10"><span class='ocrx_word' id='word_1_189' title='bbox 59 803 167 824; x_wconf 89' lang='lat' dir='ltr'><strong>corum</strong></span> <span class='ocrx_word' id='word_1_190' title='bbox 185 798 243 824; x_wconf 86' lang='lat' dir='ltr'><strong>tres</strong></span> <span class='ocrx_word' id='word_1_191' title='bbox 254 793 405 824; x_wconf 58' lang='lat' dir='ltr'><strong>centuriae.</strong></span> <span class='ocrx_word' id='word_1_192' title='bbox 416 793 452 824; x_wconf 88' lang='lat' dir='ltr'><strong>V.</strong></span> <span class='ocrx_word' id='word_1_193' title='bbox 466 793 591 824; x_wconf 85' lang='lat' dir='ltr'><strong>Bandin.</strong></span> <span class='ocrx_word' id='word_1_194' title='bbox 605 793 698 825; x_wconf 83' lang='lat' dir='ltr'><strong>Codd.</strong></span> <span class='ocrx_word' id='word_1_195' title='bbox 710 795 760 825; x_wconf 87' lang='lat' dir='ltr'><strong>Gr.</strong></span> <span class='ocrx_word' id='word_1_196' title='bbox 777 794 849 825; x_wconf 90' lang='lat' dir='ltr'><strong>bibl.</strong></span> <span class='ocrx_word' id='word_1_197' title='bbox 861 795 999 826; x_wconf 87' lang='lat' dir='ltr'><strong>Laurent.</strong></span> <span class='ocrx_word' id='word_1_198' title='bbox 1012 795 1044 826; x_wconf 95' lang='lat' dir='ltr'><strong>L.</strong></span> <span class='ocrx_word' id='word_1_199' title='bbox 1060 805 1088 834; x_wconf 90' lang='lat' dir='ltr'><strong>p.</strong></span> <span class='ocrx_word' id='word_1_200' title='bbox 1102 794 1171 834; x_wconf 71' lang='lat'>262,</span> <span class='ocrx_word' id='word_1_201' title='bbox 1184 797 1212 825; x_wconf 91' lang='lat' dir='ltr'><strong>et</strong></span> <span class='ocrx_word' id='word_1_202' title='bbox 1222 792 1361 824; x_wconf 88' lang='lat' dir='ltr'><strong>Lambec.</strong></span> <span class='ocrx_word' id='word_1_203' title='bbox 1375 791 1490 834; x_wconf 80' lang='lat' dir='ltr'><strong>Comm.</strong></span> <span class='ocrx_word' id='word_1_204' title='bbox 1502 789 1540 821; x_wconf 88' lang='lat' dir='ltr'><strong>de</strong></span> <span class='ocrx_word' id='word_1_205' title='bbox 1551 790 1625 825; x_wconf 87' lang='lat' dir='ltr'><strong>bibl.</strong></span> <span class='ocrx_word' id='word_1_206' title='bbox 1646 793 1753 826; x_wconf 67' lang='lat' dir='ltr'><strong>Cwsar,</strong></span> 
     </span>
    </p>
   </div>
   <div class='ocr_carea' id='block_1_16' title="bbox 61 833 1755 878">
    <p class='ocr_par' dir='ltr' id='par_1_16' title="bbox 61 833 1755 878">
     <span class='ocr_line' id='line_1_16' title="bbox 61 833 1755 878; baseline 0.001 -9"><span class='ocrx_word' id='word_1_207' title='bbox 61 837 98 875; x_wconf 86' lang='lat' dir='ltr'><strong>V,</strong></span> <span class='ocrx_word' id='word_1_208' title='bbox 113 848 144 878; x_wconf 91' lang='lat' dir='ltr'><strong>p.</strong></span> <span class='ocrx_word' id='word_1_209' title='bbox 159 838 277 869; x_wconf 77' lang='lat'><strong>216.-</strong></span> <span class='ocrx_word' id='word_1_210' title='bbox 294 837 328 868; x_wconf 89' lang='lat' dir='ltr'><strong>In</strong></span> <span class='ocrx_word' id='word_1_211' title='bbox 339 838 404 868; x_wconf 90' lang='lat' dir='ltr'><strong>cod.</strong></span> <span class='ocrx_word' id='word_1_212' title='bbox 418 837 515 868; x_wconf 88' lang='lat' dir='ltr'><strong>nedic.</strong></span> <span class='ocrx_word' id='word_1_213' title='bbox 532 838 578 875; x_wconf 87' lang='grc'><strong>16,</strong></span> <span class='ocrx_word' id='word_1_214' title='bbox 592 838 683 875; x_wconf 71' lang='lat' dir='ltr'><strong>n.95,</strong></span> <span class='ocrx_word' id='word_1_215' title='bbox 695 838 767 878; x_wconf 90' lang='lat' dir='ltr'><strong>plut.</strong></span> <span class='ocrx_word' id='word_1_216' title='bbox 778 839 808 876; x_wconf 84' lang='lat'><strong>9,</strong></span> <span class='ocrx_word' id='word_1_217' title='bbox 821 843 850 869; x_wconf 88' lang='lat' dir='ltr'><strong>et</strong></span> <span class='ocrx_word' id='word_1_218' title='bbox 869 839 1002 871; x_wconf 82' lang='lat' dir='ltr'><strong>Caesareo</strong></span> <span class='ocrx_word' id='word_1_219' title='bbox 1024 833 1090 869; x_wconf 82' lang='lat' dir='ltr'><strong>cod.</strong></span> <span class='ocrx_word' id='word_1_220' title='bbox 1102 833 1172 876; x_wconf 76' lang='grc'>217,</span> <span class='ocrx_word' id='word_1_221' title='bbox 1188 848 1216 869; x_wconf 92' lang='lat' dir='ltr'><strong>n.</strong></span> <span class='ocrx_word' id='word_1_222' title='bbox 1240 838 1290 875; x_wconf 73' lang='grc'><strong>21,</strong></span> <span class='ocrx_word' id='word_1_223' title='bbox 1311 841 1398 876; x_wconf 90' lang='lat' dir='ltr'><strong>atque</strong></span> <span class='ocrx_word' id='word_1_224' title='bbox 1424 833 1491 864; x_wconf 86' lang='lat' dir='ltr'><strong>cod.</strong></span> <span class='ocrx_word' id='word_1_225' title='bbox 1511 834 1582 878; x_wconf 69' lang='lat'><strong>233,</strong></span> <span class='ocrx_word' id='word_1_226' title='bbox 1610 846 1642 868; x_wconf 88' lang='lat' dir='ltr'><strong>n.</strong></span> <span class='ocrx_word' id='word_1_227' title='bbox 1670 839 1699 878; x_wconf 90' lang='lat'><strong>7,</strong></span> <span class='ocrx_word' id='word_1_228' title='bbox 1718 839 1755 869; x_wconf 93' lang='lat' dir='ltr'><strong>ad</strong></span> 
     </span>
    </p>
   </div>
   <div class='ocr_carea' id='block_1_17' title="bbox 61 877 1756 923">
    <p class='ocr_par' dir='ltr' id='par_1_17' title="bbox 61 877 1756 923">
     <span class='ocr_line' id='line_1_17' title="bbox 61 877 1756 923; baseline 0.001 -10"><span class='ocrx_word' id='word_1_229' title='bbox 61 877 185 914; x_wconf 85' lang='lat' dir='ltr'><strong>Latinos</strong></span> <span class='ocrx_word' id='word_1_230' title='bbox 197 883 239 914; x_wconf 86' lang='lat' dir='ltr'><strong>De</strong></span> <span class='ocrx_word' id='word_1_231' title='bbox 249 882 503 922; x_wconf 73' lang='lat' dir='ltr'><strong>azymis,jejunio</strong></span> <span class='ocrx_word' id='word_1_232' title='bbox 516 882 655 914; x_wconf 86' lang='lat' dir='ltr'><strong>Sabbatti</strong></span> <span class='ocrx_word' id='word_1_233' title='bbox 664 877 824 923; x_wconf 16' lang='lat' dir='ltr'><strong>etinuptiis</strong></span> <span class='ocrx_word' id='word_1_234' title='bbox 833 885 1033 915; x_wconf 79' lang='lat' dir='ltr'><strong>sacerdotum.</strong></span> <span class='ocrx_word' id='word_1_235' title='bbox 1057 883 1193 923; x_wconf 86' lang='lat' dir='ltr'><strong>(Bandin.</strong></span> <span class='ocrx_word' id='word_1_236' title='bbox 1208 883 1249 914; x_wconf 89' lang='lat' dir='ltr'><strong>ib.</strong></span> <span class='ocrx_word' id='word_1_237' title='bbox 1263 892 1291 922; x_wconf 97' lang='lat' dir='ltr'><strong>p.</strong></span> <span class='ocrx_word' id='word_1_238' title='bbox 1304 882 1382 916; x_wconf 75' lang='lat'><strong>415;</strong></span> <span class='ocrx_word' id='word_1_239' title='bbox 1397 883 1425 909; x_wconf 89' lang='lat' dir='ltr'><strong>et</strong></span> <span class='ocrx_word' id='word_1_240' title='bbox 1437 877 1574 910; x_wconf 87' lang='lat' dir='ltr'><strong>Lambec.</strong></span> <span class='ocrx_word' id='word_1_241' title='bbox 1590 880 1637 920; x_wconf 89' lang='lat' dir='ltr'><strong>V.,</strong></span> <span class='ocrx_word' id='word_1_242' title='bbox 1654 892 1683 923; x_wconf 90' lang='lat' dir='ltr'><strong>p.</strong></span> <span class='ocrx_word' id='word_1_243' title='bbox 1692 877 1756 915; x_wconf 17' lang='lat' dir='ltr'><strong>V263</strong></span> 
     </span>
    </p>
   </div>
   <div class='ocr_carea' id='block_1_18' title="bbox 62 923 1755 968">
    <p class='ocr_par' dir='ltr' id='par_1_18' title="bbox 62 923 1755 968">
     <span class='ocr_line' id='line_1_18' title="bbox 62 923 1755 968; baseline -0.002 -11"><span class='ocrx_word' id='word_1_244' title='bbox 62 937 129 968; x_wconf 86' lang='lat' dir='ltr'><strong>seq.</strong></span> <span class='ocrx_word' id='word_1_245' title='bbox 147 937 182 958; x_wconf 89' lang='lat' dir='ltr'><strong>ac</strong></span> <span class='ocrx_word' id='word_1_246' title='bbox 195 937 224 967; x_wconf 94' lang='lat' dir='ltr'><strong>p.</strong></span> <span class='ocrx_word' id='word_1_247' title='bbox 236 927 368 965; x_wconf 77' lang='lat'><strong>476.)—</strong></span> <span class='ocrx_word' id='word_1_248' title='bbox 382 926 414 957; x_wconf 92' lang='lat' dir='ltr'><strong>In</strong></span> <span class='ocrx_word' id='word_1_249' title='bbox 430 926 496 957; x_wconf 92' lang='lat' dir='ltr'><strong>cod.</strong></span> <span class='ocrx_word' id='word_1_250' title='bbox 515 926 562 963; x_wconf 90' lang='lat'><strong>30,</strong></span> <span class='ocrx_word' id='word_1_251' title='bbox 577 926 649 966; x_wconf 90' lang='lat' dir='ltr'><strong>plut.</strong></span> <span class='ocrx_word' id='word_1_252' title='bbox 664 927 712 966; x_wconf 90' lang='lat'><strong>10,</strong></span> <span class='ocrx_word' id='word_1_253' title='bbox 733 927 905 967; x_wconf 72' lang='grc' dir='ltr'><strong>θδῐἚκλογὴ</strong></span> <span class='ocrx_word' id='word_1_254' title='bbox 926 928 1054 968; x_wconf 88' lang='lat' dir='ltr'><strong>capitum</strong></span> <span class='ocrx_word' id='word_1_255' title='bbox 1076 937 1110 958; x_wconf 88' lang='lat' dir='ltr'><strong>ex</strong></span> <span class='ocrx_word' id='word_1_256' title='bbox 1133 927 1241 958; x_wconf 85' lang='lat' dir='ltr'><strong>sanctis</strong></span> <span class='ocrx_word' id='word_1_257' title='bbox 1259 925 1407 957; x_wconf 88' lang='lat' dir='ltr'><strong>Patribus.</strong></span> <span class='ocrx_word' id='word_1_258' title='bbox 1430 923 1578 965; x_wconf 70' lang='lat' dir='ltr'><strong>Praafatio,</strong></span> <span class='ocrx_word' id='word_1_259' title='bbox 1595 936 1660 966; x_wconf 72' lang='lat' dir='ltr'><strong>quae</strong></span> <span class='ocrx_word' id='word_1_260' title='bbox 1675 937 1755 968; x_wconf 66' lang='lat' dir='ltr'><strong>prag-</strong></span> 
     </span>
    </p>
   </div>
   <div class='ocr_carea' id='block_1_19' title="bbox 61 969 1755 1012">
    <p class='ocr_par' dir='ltr' id='par_1_19' title="bbox 61 969 1755 1012">
     <span class='ocr_line' id='line_1_19' title="bbox 61 969 1755 1012; baseline 0.001 -10"><span class='ocrx_word' id='word_1_261' title='bbox 61 972 155 1010; x_wconf 90' lang='lat' dir='ltr'><strong>cedit,</strong></span> <span class='ocrx_word' id='word_1_262' title='bbox 172 971 396 1002; x_wconf 80' lang='lat' dir='ltr'><strong>aMontfaucon.</strong></span> <span class='ocrx_word' id='word_1_263' title='bbox 411 970 442 1001; x_wconf 88' lang='lat' dir='ltr'><strong>in</strong></span> <span class='ocrx_word' id='word_1_264' title='bbox 456 971 548 1002; x_wconf 83' lang='lat' dir='ltr'><strong>Calai.</strong></span> <span class='ocrx_word' id='word_1_265' title='bbox 561 970 698 1001; x_wconf 86' lang='lat' dir='ltr'><strong>tribuitur</strong></span> <span class='ocrx_word' id='word_1_266' title='bbox 712 970 832 1002; x_wconf 76' lang='lat' dir='ltr'><strong>Nicetze.</strong></span> <span class='ocrx_word' id='word_1_267' title='bbox 855 974 896 1004; x_wconf 85' lang='lat' dir='ltr'><strong>Ex</strong></span> <span class='ocrx_word' id='word_1_268' title='bbox 911 971 1013 1002; x_wconf 88' lang='lat' dir='ltr'><strong>Niceta</strong></span> <span class='ocrx_word' id='word_1_269' title='bbox 1030 977 1128 1003; x_wconf 89' lang='lat' dir='ltr'><strong>autem</strong></span> <span class='ocrx_word' id='word_1_270' title='bbox 1151 972 1275 1012; x_wconf 87' lang='lat' dir='ltr'><strong>aliisque</strong></span> <span class='ocrx_word' id='word_1_271' title='bbox 1295 970 1489 1010; x_wconf 86' lang='lat' dir='ltr'><strong>scriptoribus</strong></span> <span class='ocrx_word' id='word_1_272' title='bbox 1507 969 1615 1001; x_wconf 87' lang='lat' dir='ltr'><strong>eceles.</strong></span> <span class='ocrx_word' id='word_1_273' title='bbox 1629 981 1755 1011; x_wconf 90' lang='lat' dir='ltr'><strong>quorum</strong></span> 
     </span>
    </p>
   </div>
   <div class='ocr_carea' id='block_1_20' title="bbox 61 1014 1753 1055">
    <p class='ocr_par' dir='ltr' id='par_1_20' title="bbox 61 1014 1753 1055">
     <span class='ocr_line' id='line_1_20' title="bbox 61 1014 1753 1055; baseline 0 -8"><span class='ocrx_word' id='word_1_274' title='bbox 61 1017 186 1047; x_wconf 84' lang='lat' dir='ltr'><strong>nomina</strong></span> <span class='ocrx_word' id='word_1_275' title='bbox 197 1016 228 1046; x_wconf 91' lang='lat' dir='ltr'><strong>in</strong></span> <span class='ocrx_word' id='word_1_276' title='bbox 240 1017 376 1055; x_wconf 83' lang='lat' dir='ltr'><strong>margine</strong></span> <span class='ocrx_word' id='word_1_277' title='bbox 387 1019 456 1046; x_wconf 88' lang='lat' dir='ltr'><strong>sunt</strong></span> <span class='ocrx_word' id='word_1_278' title='bbox 471 1015 610 1055; x_wconf 87' lang='lat' dir='ltr'><strong>ascripta,</strong></span> <span class='ocrx_word' id='word_1_279' title='bbox 626 1016 770 1047; x_wconf 85' lang='lat' dir='ltr'><strong>adornata</strong></span> <span class='ocrx_word' id='word_1_280' title='bbox 785 1021 828 1047; x_wconf 89' lang='lat' dir='ltr'><strong>est</strong></span> <span class='ocrx_word' id='word_1_281' title='bbox 845 1017 908 1048; x_wconf 66' lang='lat' dir='ltr'><strong>haec</strong></span> <span class='ocrx_word' id='word_1_282' title='bbox 919 1017 1065 1054; x_wconf 90' lang='lat' dir='ltr'><strong>collectio,</strong></span> <span class='ocrx_word' id='word_1_283' title='bbox 1080 1020 1155 1048; x_wconf 90' lang='lat' dir='ltr'><strong>teste</strong></span> <span class='ocrx_word' id='word_1_284' title='bbox 1169 1016 1294 1047; x_wconf 91' lang='lat' dir='ltr'><strong>Bandin.</strong></span> <span class='ocrx_word' id='word_1_285' title='bbox 1307 1015 1328 1047; x_wconf 94' lang='lat' dir='ltr'><strong>l.</strong></span> <span class='ocrx_word' id='word_1_286' title='bbox 1339 1025 1366 1045; x_wconf 91' lang='lat' dir='ltr'><strong>c.</strong></span> <span class='ocrx_word' id='word_1_287' title='bbox 1387 1024 1418 1054; x_wconf 89' lang='lat' dir='ltr'><strong>p.</strong></span> <span class='ocrx_word' id='word_1_288' title='bbox 1435 1014 1495 1046; x_wconf 78' lang='grc'><strong>494</strong></span> <span class='ocrx_word' id='word_1_289' title='bbox 1509 1024 1622 1055; x_wconf 81' lang='lat' dir='ltr'><strong>seq.——</strong></span> <span class='ocrx_word' id='word_1_290' title='bbox 1634 1015 1668 1046; x_wconf 92' lang='lat' dir='ltr'><strong>In</strong></span> <span class='ocrx_word' id='word_1_291' title='bbox 1683 1017 1753 1050; x_wconf 88' lang='lat' dir='ltr'><strong>cod.</strong></span> 
     </span>
    </p>
   </div>
   <div class='ocr_carea' id='block_1_21' title="bbox 60 1059 1752 1102">
    <p class='ocr_par' dir='ltr' id='par_1_21' title="bbox 60 1059 1752 1102">
     <span class='ocr_line' id='line_1_21' title="bbox 60 1059 1752 1102; baseline 0 -10"><span class='ocrx_word' id='word_1_292' title='bbox 60 1062 172 1092; x_wconf 79' lang='lat' dir='ltr'><strong>Caesar.</strong></span> <span class='ocrx_word' id='word_1_293' title='bbox 186 1060 313 1091; x_wconf 91' lang='lat' dir='ltr'><strong>Vindob.</strong></span> <span class='ocrx_word' id='word_1_294' title='bbox 327 1059 397 1096; x_wconf 67' lang='lat'><strong>283,</strong></span> <span class='ocrx_word' id='word_1_295' title='bbox 410 1069 440 1092; x_wconf 90' lang='lat' dir='ltr'><strong>n.</strong></span> <span class='ocrx_word' id='word_1_296' title='bbox 453 1060 482 1100; x_wconf 85' lang='lat'><strong>9,</strong></span> <span class='ocrx_word' id='word_1_297' title='bbox 496 1064 540 1090; x_wconf 91' lang='lat' dir='ltr'><strong>est</strong></span> <span class='ocrx_word' id='word_1_298' title='bbox 552 1059 684 1099; x_wconf 83' lang='lat' dir='ltr'><strong>ejusdem</strong></span> <span class='ocrx_word' id='word_1_299' title='bbox 695 1059 794 1091; x_wconf 90' lang='lat' dir='ltr'><strong>Oratio</strong></span> <span class='ocrx_word' id='word_1_300' title='bbox 807 1061 900 1100; x_wconf 86' lang='lat' dir='ltr'><strong>prima</strong></span> <span class='ocrx_word' id='word_1_301' title='bbox 911 1061 1055 1092; x_wconf 90' lang='lat' dir='ltr'><strong>invectiva</strong></span> <span class='ocrx_word' id='word_1_302' title='bbox 1066 1065 1168 1092; x_wconf 86' lang='lat' dir='ltr'><strong>contra</strong></span> <span class='ocrx_word' id='word_1_303' title='bbox 1176 1060 1381 1100; x_wconf 88' lang='lat' dir='ltr'><strong>blasphemam</strong></span> <span class='ocrx_word' id='word_1_304' title='bbox 1390 1059 1600 1090; x_wconf 84' lang='lat' dir='ltr'><strong>Armeniorum</strong></span> <span class='ocrx_word' id='word_1_305' title='bbox 1609 1060 1752 1102; x_wconf 61' lang='lat' dir='ltr'><strong>heresin,</strong></span> 
     </span>
    </p>
   </div>
   <div class='ocr_carea' id='block_1_22' title="bbox 60 1102 1754 1146">
    <p class='ocr_par' dir='ltr' id='par_1_22' title="bbox 60 1102 1754 1146">
     <span class='ocr_line' id='line_1_22' title="bbox 60 1102 1754 1146; baseline 0.001 -10"><span class='ocrx_word' id='word_1_306' title='bbox 60 1111 92 1136; x_wconf 90' lang='lat' dir='ltr'><strong>ut</strong></span> <span class='ocrx_word' id='word_1_307' title='bbox 102 1105 208 1136; x_wconf 89' lang='lat' dir='ltr'><strong>scribit</strong></span> <span class='ocrx_word' id='word_1_308' title='bbox 218 1105 356 1136; x_wconf 80' lang='lat' dir='ltr'><strong>Lambec.</strong></span> <span class='ocrx_word' id='word_1_309' title='bbox 372 1105 406 1141; x_wconf 90' lang='lat' dir='ltr'><strong>V,</strong></span> <span class='ocrx_word' id='word_1_310' title='bbox 429 1114 458 1144; x_wconf 93' lang='lat' dir='ltr'><strong>p.</strong></span> <span class='ocrx_word' id='word_1_311' title='bbox 481 1104 552 1135; x_wconf 76' lang='grc'>477.</span> <span class='ocrx_word' id='word_1_312' title='bbox 574 1121 613 1126; x_wconf 89' lang='grc'><strong>-</strong></span> <span class='ocrx_word' id='word_1_313' title='bbox 630 1104 662 1135; x_wconf 91' lang='lat' dir='ltr'><strong>In</strong></span> <span class='ocrx_word' id='word_1_314' title='bbox 685 1105 750 1135; x_wconf 92' lang='lat' dir='ltr'><strong>cod.</strong></span> <span class='ocrx_word' id='word_1_315' title='bbox 771 1105 840 1143; x_wconf 73' lang='lat'><strong>256,</strong></span> <span class='ocrx_word' id='word_1_316' title='bbox 862 1115 892 1137; x_wconf 92' lang='lat' dir='ltr'><strong>n.</strong></span> <span class='ocrx_word' id='word_1_317' title='bbox 913 1106 950 1136; x_wconf 85' lang='grc'>18</span> <span class='ocrx_word' id='word_1_318' title='bbox 966 1106 1110 1146; x_wconf 85' lang='lat' dir='ltr'><strong>Excerpta</strong></span> <span class='ocrx_word' id='word_1_319' title='bbox 1126 1114 1161 1135; x_wconf 81' lang='lat' dir='ltr'><strong>ex</strong></span> <span class='ocrx_word' id='word_1_320' title='bbox 1177 1104 1407 1141; x_wconf 83' lang='lat' dir='ltr'><strong>Photii,Nicetae</strong></span> <span class='ocrx_word' id='word_1_321' title='bbox 1418 1102 1550 1134; x_wconf 84' lang='lat' dir='ltr'><strong>Stethati</strong></span> <span class='ocrx_word' id='word_1_322' title='bbox 1565 1104 1754 1146; x_wconf 87' lang='lat' dir='ltr'><strong>aliorumque</strong></span> 
     </span>
    </p>
   </div>
   <div class='ocr_carea' id='block_1_23' title="bbox 61 1147 1751 1190">
    <p class='ocr_par' dir='ltr' id='par_1_23' title="bbox 61 1147 1751 1190">
     <span class='ocr_line' id='line_1_23' title="bbox 61 1147 1751 1190; baseline 0.001 -9"><span class='ocrx_word' id='word_1_323' title='bbox 61 1149 235 1182; x_wconf 63' lang='lat' dir='ltr'><strong>Graecorum</strong></span> <span class='ocrx_word' id='word_1_324' title='bbox 251 1159 320 1190; x_wconf 92' lang='lat' dir='ltr'><strong>opp.</strong></span> <span class='ocrx_word' id='word_1_325' title='bbox 338 1153 441 1180; x_wconf 88' lang='lat' dir='ltr'><strong>contra</strong></span> <span class='ocrx_word' id='word_1_326' title='bbox 456 1149 587 1186; x_wconf 89' lang='lat' dir='ltr'><strong>Latinos,</strong></span> <span class='ocrx_word' id='word_1_327' title='bbox 603 1148 639 1179; x_wconf 81' lang='lat' dir='ltr'><strong>de</strong></span> <span class='ocrx_word' id='word_1_328' title='bbox 648 1152 837 1188; x_wconf 85' lang='lat' dir='ltr'><strong>processione</strong></span> <span class='ocrx_word' id='word_1_329' title='bbox 851 1150 984 1189; x_wconf 74' lang='lat' dir='ltr'><strong>Spiritus</strong></span> <span class='ocrx_word' id='word_1_330' title='bbox 998 1151 1104 1186; x_wconf 85' lang='lat' dir='ltr'><strong>sancti,</strong></span> <span class='ocrx_word' id='word_1_331' title='bbox 1118 1150 1155 1180; x_wconf 91' lang='lat' dir='ltr'><strong>de</strong></span> <span class='ocrx_word' id='word_1_332' title='bbox 1173 1149 1304 1189; x_wconf 83' lang='lat' dir='ltr'><strong>azymis,</strong></span> <span class='ocrx_word' id='word_1_333' title='bbox 1319 1153 1374 1179; x_wconf 86' lang='lat' dir='ltr'><strong>etc.</strong></span> <span class='ocrx_word' id='word_1_334' title='bbox 1397 1147 1548 1188; x_wconf 84' lang='lat' dir='ltr'><strong>(Lambec.</strong></span> <span class='ocrx_word' id='word_1_335' title='bbox 1562 1147 1612 1186; x_wconf 88' lang='lat' dir='ltr'><strong>IV,</strong></span> <span class='ocrx_word' id='word_1_336' title='bbox 1626 1159 1655 1190; x_wconf 92' lang='lat' dir='ltr'><strong>p.</strong></span> <span class='ocrx_word' id='word_1_337' title='bbox 1670 1149 1751 1190; x_wconf 85' lang='lat'>339).</span> 
     </span>
    </p>
   </div>
   <div class='ocr_carea' id='block_1_24' title="bbox 62 1192 1755 1234">
    <p class='ocr_par' dir='ltr' id='par_1_24' title="bbox 62 1192 1755 1234">
     <span class='ocr_line' id='line_1_24' title="bbox 62 1192 1755 1234; baseline 0.001 -9"><span class='ocrx_word' id='word_1_338' title='bbox 62 1212 103 1217; x_wconf 97' lang='lat'><strong>—</strong></span> <span class='ocrx_word' id='word_1_339' title='bbox 111 1194 146 1226; x_wconf 92' lang='lat' dir='ltr'><strong>In</strong></span> <span class='ocrx_word' id='word_1_340' title='bbox 157 1195 225 1226; x_wconf 91' lang='lat' dir='ltr'><strong>cod.</strong></span> <span class='ocrx_word' id='word_1_341' title='bbox 237 1195 277 1224; x_wconf 74' lang='grc'><strong>45</strong></span> <span class='ocrx_word' id='word_1_342' title='bbox 297 1203 327 1224; x_wconf 92' lang='lat' dir='ltr'><strong>n.</strong></span> <span class='ocrx_word' id='word_1_343' title='bbox 338 1194 388 1225; x_wconf 79' lang='lat'><strong>56.</strong></span> <span class='ocrx_word' id='word_1_344' title='bbox 402 1193 515 1225; x_wconf 77' lang='lat' dir='ltr'><strong>Nicetae</strong></span> <span class='ocrx_word' id='word_1_345' title='bbox 531 1192 655 1224; x_wconf 84' lang='lat' dir='ltr'><strong>Stethati</strong></span> <span class='ocrx_word' id='word_1_346' title='bbox 667 1193 801 1224; x_wconf 86' lang='lat' dir='ltr'><strong>centuria</strong></span> <span class='ocrx_word' id='word_1_347' title='bbox 812 1194 898 1224; x_wconf 88' lang='lat' dir='ltr'><strong>tertia</strong></span> <span class='ocrx_word' id='word_1_348' title='bbox 909 1194 1119 1234; x_wconf 88' lang='lat' dir='ltr'><strong>Epistolarum,</strong></span> <span class='ocrx_word' id='word_1_349' title='bbox 1133 1193 1273 1234; x_wconf 73' lang='lat' dir='ltr'><strong>Epistolas</strong></span> <span class='ocrx_word' id='word_1_350' title='bbox 1283 1193 1342 1224; x_wconf 91' lang='lat' dir='ltr'><strong>ires</strong></span> <span class='ocrx_word' id='word_1_351' title='bbox 1353 1193 1564 1224; x_wconf 78' lang='lat' dir='ltr'><strong>decanonibus</strong></span> <span class='ocrx_word' id='word_1_352' title='bbox 1574 1194 1755 1226; x_wconf 75' lang='lat' dir='ltr'><strong>ecclesiasti-</strong></span> 
     </span>
    </p>
   </div>
   <div class='ocr_carea' id='block_1_25' title="bbox 62 1236 1755 1278">
    <p class='ocr_par' dir='ltr' id='par_1_25' title="bbox 62 1236 1755 1278">
     <span class='ocr_line' id='line_1_25' title="bbox 62 1236 1755 1278; baseline 0.001 -8"><span class='ocrx_word' id='word_1_353' title='bbox 62 1240 117 1271; x_wconf 85' lang='lat' dir='ltr'><strong>cis.</strong></span> <span class='ocrx_word' id='word_1_354' title='bbox 135 1239 288 1278; x_wconf 89' lang='lat' dir='ltr'><strong>(Lambec.</strong></span> <span class='ocrx_word' id='word_1_355' title='bbox 307 1237 385 1274; x_wconf 84' lang='lat' dir='ltr'><strong>VIII.</strong></span> <span class='ocrx_word' id='word_1_356' title='bbox 400 1248 429 1278; x_wconf 87' lang='lat' dir='ltr'><strong>p.</strong></span> <span class='ocrx_word' id='word_1_357' title='bbox 446 1238 501 1269; x_wconf 74' lang='lat'><strong>941</strong></span> <span class='ocrx_word' id='word_1_358' title='bbox 521 1237 597 1278; x_wconf 85' lang='lat' dir='ltr'><strong>seq.)</strong></span> <span class='ocrx_word' id='word_1_359' title='bbox 618 1256 652 1260; x_wconf 94' lang='lat'><strong>—</strong></span> <span class='ocrx_word' id='word_1_360' title='bbox 666 1237 700 1268; x_wconf 89' lang='lat' dir='ltr'><strong>In</strong></span> <span class='ocrx_word' id='word_1_361' title='bbox 715 1237 781 1268; x_wconf 88' lang='lat' dir='ltr'><strong>cod.</strong></span> <span class='ocrx_word' id='word_1_362' title='bbox 797 1237 920 1270; x_wconf 89' lang='lat' dir='ltr'><strong>Barocc.</strong></span> <span class='ocrx_word' id='word_1_363' title='bbox 937 1239 976 1270; x_wconf 86' lang='lat'><strong>69</strong></span> <span class='ocrx_word' id='word_1_364' title='bbox 996 1238 1070 1270; x_wconf 90' lang='lat' dir='ltr'><strong>bibl.</strong></span> <span class='ocrx_word' id='word_1_365' title='bbox 1087 1238 1201 1270; x_wconf 89' lang='lat' dir='ltr'><strong>Bodlei.</strong></span> <span class='ocrx_word' id='word_1_366' title='bbox 1218 1237 1330 1268; x_wconf 85' lang='lat' dir='ltr'><strong>Nicetae</strong></span> <span class='ocrx_word' id='word_1_367' title='bbox 1344 1236 1491 1269; x_wconf 84' lang='lat' dir='ltr'><strong>Pectorati</strong></span> <span class='ocrx_word' id='word_1_368' title='bbox 1514 1238 1649 1269; x_wconf 87' lang='lat' dir='ltr'><strong>centuria</strong></span> <span class='ocrx_word' id='word_1_369' title='bbox 1667 1247 1698 1271; x_wconf 79' lang='lat' dir='ltr'><strong>ii.</strong></span> <span class='ocrx_word' id='word_1_370' title='bbox 1715 1257 1755 1263; x_wconf 92' lang='lat'><strong><em>—</em></strong></span> 
     </span>
    </p>
   </div>
   <div class='ocr_carea' id='block_1_26' title="bbox 52 1280 832 1324">
    <p class='ocr_par' dir='ltr' id='par_1_26' title="bbox 52 1282 832 1324">
     <span class='ocr_line' id='line_1_26' title="bbox 52 1282 832 1324; baseline -0.004 -8"><span class='ocrx_word' id='word_1_371' title='bbox 52 1283 204 1324; x_wconf 63' lang='lat' dir='ltr'><strong>Ejusdem</strong></span> <span class='ocrx_word' id='word_1_372' title='bbox 220 1285 280 1323; x_wconf 81' lang='grc' dir='ltr'><strong>Περὶ</strong></span> <span class='ocrx_word' id='word_1_373' title='bbox 292 1286 338 1311; x_wconf 79' lang='grc' dir='ltr'><strong>τοῦ</strong></span> <span class='ocrx_word' id='word_1_374' title='bbox 352 1283 411 1311; x_wconf 78' lang='grc' dir='ltr'><strong>κατ’</strong></span> <span class='ocrx_word' id='word_1_375' title='bbox 427 1283 525 1312; x_wconf 70' lang='grc' dir='ltr'><strong>εἰκόνα.</strong></span> <span class='ocrx_word' id='word_1_376' title='bbox 544 1300 577 1305; x_wconf 90' lang='lat'><strong>——</strong></span> <span class='ocrx_word' id='word_1_377' title='bbox 589 1283 669 1313; x_wconf 91' lang='lat' dir='ltr'><strong>Inter</strong></span> <span class='ocrx_word' id='word_1_378' title='bbox 681 1282 770 1313; x_wconf 86' lang='lat' dir='ltr'><strong>codd.</strong></span> <span class='ocrx_word' id='word_1_379' title='bbox 783 1282 832 1313; x_wconf 78' lang='lat' dir='ltr'><strong>N01</strong></span> 
     </span>
    </p>
   </div>
   <div class='ocr_carea' id='block_1_27' title="bbox 973 1280 1753 1324">
    <p class='ocr_par' dir='ltr' id='par_1_27' title="bbox 973 1280 1753 1323">
     <span class='ocr_line' id='line_1_27' title="bbox 973 1280 1753 1323; baseline 0.004 -10"><span class='ocrx_word' id='word_1_380' title='bbox 973 1292 1023 1313; x_wconf 73' lang='lat' dir='ltr'><strong>zec.</strong></span> <span class='ocrx_word' id='word_1_381' title='bbox 1037 1282 1114 1322; x_wconf 83' lang='lat' dir='ltr'><strong>(Cat.</strong></span> <span class='ocrx_word' id='word_1_382' title='bbox 1129 1283 1216 1314; x_wconf 79' lang='lat' dir='ltr'><strong>codd&#39;</strong></span> <span class='ocrx_word' id='word_1_383' title='bbox 1231 1282 1356 1322; x_wconf 74' lang='lat' dir='ltr'><strong>Angliaa,</strong></span> <span class='ocrx_word' id='word_1_384' title='bbox 1372 1286 1442 1320; x_wconf 90' lang='lat' dir='ltr'><strong>tom,</strong></span> <span class='ocrx_word' id='word_1_385' title='bbox 1456 1280 1493 1319; x_wconf 90' lang='grc' dir='ltr'><strong>Η,</strong></span> <span class='ocrx_word' id='word_1_386' title='bbox 1506 1290 1535 1321; x_wconf 88' lang='lat' dir='ltr'><strong>p.</strong></span> <span class='ocrx_word' id='word_1_387' title='bbox 1550 1282 1600 1322; x_wconf 81' lang='lat'><strong>84)</strong></span> <span class='ocrx_word' id='word_1_388' title='bbox 1617 1292 1647 1314; x_wconf 93' lang='lat' dir='ltr'><strong>n.</strong></span> <span class='ocrx_word' id='word_1_389' title='bbox 1663 1283 1753 1323; x_wconf 76' lang='grc'>3434,</span> 
     </span>
    </p>
   </div>
   <div class='ocr_carea' id='block_1_28' title="bbox 64 1325 1755 1366">
    <p class='ocr_par' dir='ltr' id='par_1_28' title="bbox 64 1325 1755 1366">
     <span class='ocr_line' id='line_1_28' title="bbox 64 1325 1755 1366; baseline 0.001 -7"><span class='ocrx_word' id='word_1_390' title='bbox 64 1328 184 1359; x_wconf 87' lang='lat' dir='ltr'><strong>Nicetas</strong></span> <span class='ocrx_word' id='word_1_391' title='bbox 199 1327 380 1364; x_wconf 88' lang='lat' dir='ltr'><strong>Pectoratus,</strong></span> <span class='ocrx_word' id='word_1_392' title='bbox 393 1326 430 1357; x_wconf 93' lang='lat' dir='ltr'><strong>de</strong></span> <span class='ocrx_word' id='word_1_393' title='bbox 443 1325 752 1365; x_wconf 73' lang='lat' dir='ltr'><strong>cmlestiHierarchia,</strong></span> <span class='ocrx_word' id='word_1_394' title='bbox 765 1326 918 1358; x_wconf 85' lang='lat' dir='ltr'><strong>etNicetas</strong></span> <span class='ocrx_word' id='word_1_395' title='bbox 928 1327 1080 1366; x_wconf 86' lang='lat' dir='ltr'><strong>diaconus,</strong></span> <span class='ocrx_word' id='word_1_396' title='bbox 1098 1327 1134 1358; x_wconf 92' lang='lat' dir='ltr'><strong>ad</strong></span> <span class='ocrx_word' id='word_1_397' title='bbox 1153 1327 1285 1358; x_wconf 85' lang='lat' dir='ltr'><strong>Nicetam</strong></span> <span class='ocrx_word' id='word_1_398' title='bbox 1308 1327 1494 1358; x_wconf 87' lang='lat' dir='ltr'><strong>Pectoratum</strong></span> <span class='ocrx_word' id='word_1_399' title='bbox 1520 1343 1559 1349; x_wconf 96' lang='lat'><strong><em>—</em></strong></span> <span class='ocrx_word' id='word_1_400' title='bbox 1573 1328 1706 1366; x_wconf 89' lang='lat' dir='ltr'><strong>Taurini,</strong></span> <span class='ocrx_word' id='word_1_401' title='bbox 1723 1329 1755 1360; x_wconf 88' lang='lat' dir='ltr'><strong>in</strong></span> 
     </span>
    </p>
   </div>
   <div class='ocr_carea' id='block_1_29' title="bbox 64 1370 1755 1414">
    <p class='ocr_par' dir='ltr' id='par_1_29' title="bbox 64 1370 1755 1414">
     <span class='ocr_line' id='line_1_29' title="bbox 64 1370 1755 1414; baseline 0.001 -10"><span class='ocrx_word' id='word_1_402' title='bbox 64 1373 137 1404; x_wconf 88' lang='lat' dir='ltr'><strong>bibl.</strong></span> <span class='ocrx_word' id='word_1_403' title='bbox 151 1372 224 1412; x_wconf 86' lang='lat' dir='ltr'><strong>Reg.</strong></span> <span class='ocrx_word' id='word_1_404' title='bbox 240 1372 308 1403; x_wconf 89' lang='lat' dir='ltr'><strong>cod.</strong></span> <span class='ocrx_word' id='word_1_405' title='bbox 322 1371 389 1408; x_wconf 88' lang='lat'><strong>180,</strong></span> <span class='ocrx_word' id='word_1_406' title='bbox 403 1374 463 1402; x_wconf 86' lang='lat' dir='ltr'><strong>tres</strong></span> <span class='ocrx_word' id='word_1_407' title='bbox 474 1370 621 1402; x_wconf 82' lang='lat' dir='ltr'><strong>Centuriae</strong></span> <span class='ocrx_word' id='word_1_408' title='bbox 630 1371 826 1409; x_wconf 88' lang='lat' dir='ltr'><strong>capitulorum</strong></span> <span class='ocrx_word' id='word_1_409' title='bbox 841 1371 1050 1402; x_wconf 88' lang='lat' dir='ltr'><strong>asceticorum.</strong></span> <span class='ocrx_word' id='word_1_410' title='bbox 1065 1389 1102 1394; x_wconf 97' lang='lat'><strong>—</strong></span> <span class='ocrx_word' id='word_1_411' title='bbox 1115 1371 1186 1403; x_wconf 88' lang='lat' dir='ltr'><strong>Cod.</strong></span> <span class='ocrx_word' id='word_1_412' title='bbox 1201 1371 1271 1412; x_wconf 74' lang='lat'><strong>200,</strong></span> <span class='ocrx_word' id='word_1_413' title='bbox 1292 1382 1321 1403; x_wconf 92' lang='lat' dir='ltr'><strong>n.</strong></span> <span class='ocrx_word' id='word_1_414' title='bbox 1346 1371 1396 1409; x_wconf 84' lang='grc'><strong>13,</strong></span> <span class='ocrx_word' id='word_1_415' title='bbox 1421 1374 1450 1401; x_wconf 88' lang='lat' dir='ltr'><strong>et</strong></span> <span class='ocrx_word' id='word_1_416' title='bbox 1464 1371 1534 1408; x_wconf 78' lang='lat'><strong>288,</strong></span> <span class='ocrx_word' id='word_1_417' title='bbox 1557 1371 1607 1403; x_wconf 87' lang='lat' dir='ltr'><strong>fol.</strong></span> <span class='ocrx_word' id='word_1_418' title='bbox 1626 1374 1694 1414; x_wconf 81' lang='grc'>134,</span> <span class='ocrx_word' id='word_1_419' title='bbox 1710 1374 1755 1405; x_wconf 86' lang='lat' dir='ltr'><strong>De</strong></span> 
     </span>
    </p>
   </div>
   <div class='ocr_carea' id='block_1_30' title="bbox 63 1415 1755 1458">
    <p class='ocr_par' dir='ltr' id='par_1_30' title="bbox 63 1415 1755 1458">
     <span class='ocr_line' id='line_1_30' title="bbox 63 1415 1755 1458; baseline 0 -9"><span class='ocrx_word' id='word_1_420' title='bbox 63 1419 194 1458; x_wconf 77' lang='lat' dir='ltr'><strong>azymis,</strong></span> <span class='ocrx_word' id='word_1_421' title='bbox 206 1418 243 1448; x_wconf 90' lang='lat' dir='ltr'><strong>de</strong></span> <span class='ocrx_word' id='word_1_422' title='bbox 248 1418 365 1457; x_wconf 74' lang='lat' dir='ltr'><strong>jejunio</strong></span> <span class='ocrx_word' id='word_1_423' title='bbox 376 1415 501 1448; x_wconf 89' lang='lat' dir='ltr'><strong>Sabbati</strong></span> <span class='ocrx_word' id='word_1_424' title='bbox 510 1416 584 1447; x_wconf 82' lang='lat' dir='ltr'><strong>etde</strong></span> <span class='ocrx_word' id='word_1_425' title='bbox 598 1417 712 1456; x_wconf 75' lang='lat' dir='ltr'><strong>nuptiis</strong></span> <span class='ocrx_word' id='word_1_426' title='bbox 727 1417 928 1448; x_wconf 83' lang='lat' dir='ltr'><strong>sacerdotum.</strong></span> <span class='ocrx_word' id='word_1_427' title='bbox 939 1434 976 1439; x_wconf 89' lang='lat'><strong>-—</strong></span> <span class='ocrx_word' id='word_1_428' title='bbox 988 1417 1055 1447; x_wconf 91' lang='lat' dir='ltr'><strong>cod.</strong></span> <span class='ocrx_word' id='word_1_429' title='bbox 1071 1417 1142 1454; x_wconf 78' lang='lat'><strong>332,</strong></span> <span class='ocrx_word' id='word_1_430' title='bbox 1154 1418 1199 1448; x_wconf 89' lang='lat' dir='ltr'><strong>De</strong></span> <span class='ocrx_word' id='word_1_431' title='bbox 1209 1417 1312 1448; x_wconf 80' lang='lat' dir='ltr'><strong>anima</strong></span> <span class='ocrx_word' id='word_1_432' title='bbox 1323 1420 1351 1448; x_wconf 87' lang='lat' dir='ltr'><strong>et</strong></span> <span class='ocrx_word' id='word_1_433' title='bbox 1361 1417 1396 1447; x_wconf 86' lang='lat' dir='ltr'><strong>de</strong></span> <span class='ocrx_word' id='word_1_434' title='bbox 1401 1416 1543 1456; x_wconf 80' lang='lat' dir='ltr'><strong>paradiso</strong></span> <span class='ocrx_word' id='word_1_435' title='bbox 1556 1426 1563 1457; x_wconf 87' lang='lat'>;</span> <span class='ocrx_word' id='word_1_436' title='bbox 1575 1420 1707 1455; x_wconf 84' lang='lat' dir='ltr'><strong>tertium,</strong></span> <span class='ocrx_word' id='word_1_437' title='bbox 1724 1419 1755 1450; x_wconf 88' lang='lat' dir='ltr'><strong>in</strong></span> 
     </span>
    </p>
   </div>
   <div class='ocr_carea' id='block_1_31' title="bbox 63 1459 1754 1501">
    <p class='ocr_par' dir='ltr' id='par_1_31' title="bbox 63 1459 1754 1501">
     <span class='ocr_line' id='line_1_31' title="bbox 63 1459 1754 1501; baseline 0.001 -8"><span class='ocrx_word' id='word_1_438' title='bbox 63 1462 214 1494; x_wconf 84' lang='lat' dir='ltr'><strong>Prooemio</strong></span> <span class='ocrx_word' id='word_1_439' title='bbox 222 1465 436 1492; x_wconf 86' lang='lat' dir='ltr'><strong>memorantum</strong></span> <span class='ocrx_word' id='word_1_440' title='bbox 446 1470 549 1500; x_wconf 87' lang='lat' dir='ltr'><strong>opusc.</strong></span> <span class='ocrx_word' id='word_1_441' title='bbox 560 1461 928 1501; x_wconf 85' lang='lat' dir='ltr'><strong>Dehierarchiaangelica</strong></span> <span class='ocrx_word' id='word_1_442' title='bbox 940 1465 968 1492; x_wconf 88' lang='lat' dir='ltr'><strong>et</strong></span> <span class='ocrx_word' id='word_1_443' title='bbox 976 1462 1140 1492; x_wconf 81' lang='lat' dir='ltr'><strong>ecclesiast.</strong></span> <span class='ocrx_word' id='word_1_444' title='bbox 1153 1461 1379 1492; x_wconf 89' lang='lat' dir='ltr'><strong>Desideraturin</strong></span> <span class='ocrx_word' id='word_1_445' title='bbox 1391 1461 1440 1491; x_wconf 91' lang='lat' dir='ltr'><strong>illo</strong></span> <span class='ocrx_word' id='word_1_446' title='bbox 1450 1460 1516 1491; x_wconf 93' lang='lat' dir='ltr'><strong>cod.</strong></span> <span class='ocrx_word' id='word_1_447' title='bbox 1529 1459 1565 1491; x_wconf 88' lang='lat' dir='ltr'><strong>V.</strong></span> <span class='ocrx_word' id='word_1_448' title='bbox 1576 1462 1670 1492; x_wconf 85' lang='lat' dir='ltr'><strong>Catal.</strong></span> <span class='ocrx_word' id='word_1_449' title='bbox 1678 1463 1754 1494; x_wconf 91' lang='lat' dir='ltr'><strong>codd</strong></span> 
     </span>
    </p>
   </div>
   <div class='ocr_carea' id='block_1_32' title="bbox 63 1504 1753 1547">
    <p class='ocr_par' dir='ltr' id='par_1_32' title="bbox 63 1504 1753 1547">
     <span class='ocr_line' id='line_1_32' title="bbox 63 1504 1753 1547; baseline 0.001 -9"><span class='ocrx_word' id='word_1_450' title='bbox 63 1507 114 1538; x_wconf 89' lang='lat' dir='ltr'><strong>Gr.</strong></span> <span class='ocrx_word' id='word_1_451' title='bbox 124 1509 213 1538; x_wconf 87' lang='lat' dir='ltr'><strong>Taur.</strong></span> <span class='ocrx_word' id='word_1_452' title='bbox 228 1517 257 1547; x_wconf 91' lang='lat' dir='ltr'><strong>p.</strong></span> <span class='ocrx_word' id='word_1_453' title='bbox 267 1506 337 1543; x_wconf 67' lang='lat'><strong>969,</strong></span> <span class='ocrx_word' id='word_1_454' title='bbox 347 1506 414 1544; x_wconf 74' lang='lat'><strong>2&#39;78,</strong></span> <span class='ocrx_word' id='word_1_455' title='bbox 428 1506 498 1542; x_wconf 73' lang='lat'><strong>384,</strong></span> <span class='ocrx_word' id='word_1_456' title='bbox 509 1506 579 1537; x_wconf 79' lang='grc'><strong>415.</strong></span> <span class='ocrx_word' id='word_1_457' title='bbox 593 1524 627 1529; x_wconf 91' lang='grc'><strong><em>-</em></strong></span> <span class='ocrx_word' id='word_1_458' title='bbox 642 1505 675 1536; x_wconf 92' lang='lat' dir='ltr'><strong>In</strong></span> <span class='ocrx_word' id='word_1_459' title='bbox 687 1505 754 1537; x_wconf 91' lang='lat' dir='ltr'><strong>cod.</strong></span> <span class='ocrx_word' id='word_1_460' title='bbox 767 1505 880 1536; x_wconf 87' lang='lat' dir='ltr'><strong>Veneto</strong></span> <span class='ocrx_word' id='word_1_461' title='bbox 892 1505 1050 1537; x_wconf 88' lang='lat' dir='ltr'><strong>Marciano.</strong></span> <span class='ocrx_word' id='word_1_462' title='bbox 1065 1507 1134 1538; x_wconf 81' lang='grc'><strong>575.</strong></span> <span class='ocrx_word' id='word_1_463' title='bbox 1149 1505 1258 1537; x_wconf 75' lang='lat' dir='ltr'><strong>Nicetm</strong></span> <span class='ocrx_word' id='word_1_464' title='bbox 1275 1506 1400 1537; x_wconf 83' lang='lat' dir='ltr'><strong>Stethali</strong></span> <span class='ocrx_word' id='word_1_465' title='bbox 1412 1504 1468 1545; x_wconf 87' lang='lat' dir='ltr'><strong>Op.</strong></span> <span class='ocrx_word' id='word_1_466' title='bbox 1481 1505 1518 1536; x_wconf 90' lang='lat' dir='ltr'><strong>In</strong></span> <span class='ocrx_word' id='word_1_467' title='bbox 1528 1505 1753 1541; x_wconf 71' lang='lat' dir='ltr'><strong>Hexaemeron.</strong></span> 
     </span>
    </p>
   </div>
   <div class='ocr_carea' id='block_1_33' title="bbox 62 1550 842 1592">
    <p class='ocr_par' dir='ltr' id='par_1_33' title="bbox 62 1550 842 1592">
     <span class='ocr_line' id='line_1_33' title="bbox 62 1550 842 1592; baseline -0.003 -9"><span class='ocrx_word' id='word_1_468' title='bbox 62 1552 176 1583; x_wconf 89' lang='lat' dir='ltr'><strong>Divitur</strong></span> <span class='ocrx_word' id='word_1_469' title='bbox 190 1552 220 1582; x_wconf 93' lang='lat' dir='ltr'><strong>in</strong></span> <span class='ocrx_word' id='word_1_470' title='bbox 236 1551 334 1592; x_wconf 82' lang='lat' dir='ltr'><strong>capita</strong></span> <span class='ocrx_word' id='word_1_471' title='bbox 352 1552 388 1582; x_wconf 89' lang='grc'>15</span> <span class='ocrx_word' id='word_1_472' title='bbox 413 1560 538 1591; x_wconf 89' lang='lat' dir='ltr'><strong>quorum</strong></span> <span class='ocrx_word' id='word_1_473' title='bbox 564 1551 693 1591; x_wconf 91' lang='lat' dir='ltr'><strong>primum</strong></span> <span class='ocrx_word' id='word_1_474' title='bbox 722 1550 842 1581; x_wconf 88' lang='lat' dir='ltr'><strong>inscribi</strong></span> 
     </span>
    </p>
   </div>
   <div class='ocr_carea' id='block_1_34' title="bbox 975 1550 1755 1592">
    <p class='ocr_par' dir='ltr' id='par_1_34' title="bbox 975 1551 1755 1591">
     <span class='ocr_line' id='line_1_34' title="bbox 975 1551 1755 1591; baseline 0.004 -13"><span class='ocrx_word' id='word_1_475' title='bbox 975 1563 1020 1590; x_wconf 76' lang='grc' dir='ltr'><strong>γος</strong></span> <span class='ocrx_word' id='word_1_476' title='bbox 1044 1552 1101 1590; x_wconf 73' lang='grc' dir='ltr'><strong>περὶ</strong></span> <span class='ocrx_word' id='word_1_477' title='bbox 1119 1554 1209 1591; x_wconf 74' lang='grc' dir='ltr'><strong>ψυχῆς</strong></span> <span class='ocrx_word' id='word_1_478' title='bbox 1234 1553 1278 1579; x_wconf 65' lang='grc' dir='ltr'><strong>καὶ</strong></span> <span class='ocrx_word' id='word_1_479' title='bbox 1301 1554 1405 1590; x_wconf 78' lang='grc' dir='ltr'><strong>πρῶτον</strong></span> <span class='ocrx_word' id='word_1_480' title='bbox 1427 1552 1486 1590; x_wconf 84' lang='grc' dir='ltr'>περὶ</span> <span class='ocrx_word' id='word_1_481' title='bbox 1502 1551 1638 1590; x_wconf 75' lang='grc' dir='ltr'><strong>ἀγγέλων,</strong></span> <span class='ocrx_word' id='word_1_482' title='bbox 1656 1570 1697 1576; x_wconf 90' lang='lat'>—</span> <span class='ocrx_word' id='word_1_483' title='bbox 1710 1553 1755 1585; x_wconf 70' lang='lat' dir='ltr'><strong>De</strong></span> 
     </span>
    </p>
   </div>
   <div class='ocr_carea' id='block_1_35' title="bbox 61 1595 1753 1637">
    <p class='ocr_par' dir='ltr' id='par_1_35' title="bbox 61 1595 1753 1637">
     <span class='ocr_line' id='line_1_35' title="bbox 61 1595 1753 1637; baseline 0.001 -9"><span class='ocrx_word' id='word_1_484' title='bbox 61 1597 207 1636; x_wconf 83' lang='lat' dir='ltr'><strong>paradiso</strong></span> <span class='ocrx_word' id='word_1_485' title='bbox 219 1596 365 1632; x_wconf 81' lang='lat' dir='ltr'><strong>terrestri,</strong></span> <span class='ocrx_word' id='word_1_486' title='bbox 379 1595 475 1636; x_wconf 87' lang='lat' dir='ltr'><strong>capita</strong></span> <span class='ocrx_word' id='word_1_487' title='bbox 489 1596 519 1626; x_wconf 78' lang='grc'><strong>5.</strong></span> <span class='ocrx_word' id='word_1_488' title='bbox 536 1613 576 1619; x_wconf 90' lang='lat'><strong>—-—</strong></span> <span class='ocrx_word' id='word_1_489' title='bbox 596 1596 683 1626; x_wconf 87' lang='lat' dir='ltr'><strong>Aliud</strong></span> <span class='ocrx_word' id='word_1_490' title='bbox 695 1605 769 1636; x_wconf 91' lang='lat' dir='ltr'><strong>opus</strong></span> <span class='ocrx_word' id='word_1_491' title='bbox 790 1597 819 1625; x_wconf 91' lang='lat' dir='ltr'><strong>in</strong></span> <span class='ocrx_word' id='word_1_492' title='bbox 841 1605 905 1635; x_wconf 87' lang='lat' dir='ltr'><strong>cap.</strong></span> <span class='ocrx_word' id='word_1_493' title='bbox 932 1598 950 1626; x_wconf 92' lang='lat'><strong>8</strong></span> <span class='ocrx_word' id='word_1_494' title='bbox 970 1595 1174 1636; x_wconf 89' lang='lat' dir='ltr'><strong>distributum,</strong></span> <span class='ocrx_word' id='word_1_495' title='bbox 1199 1605 1324 1635; x_wconf 90' lang='lat' dir='ltr'><strong>quorum</strong></span> <span class='ocrx_word' id='word_1_496' title='bbox 1346 1595 1474 1635; x_wconf 90' lang='lat' dir='ltr'><strong>primum</strong></span> <span class='ocrx_word' id='word_1_497' title='bbox 1496 1595 1674 1637; x_wconf 89' lang='lat' dir='ltr'><strong>inscriptum</strong></span> <span class='ocrx_word' id='word_1_498' title='bbox 1686 1602 1753 1637; x_wconf 87' lang='lat' dir='ltr'><strong>est;</strong></span> 
     </span>
    </p>
   </div>
   <div class='ocr_carea' id='block_1_36' title="bbox 65 1639 845 1680">
    <p class='ocr_par' dir='ltr' id='par_1_36' title="bbox 65 1640 845 1680">
     <span class='ocr_line' id='line_1_36' title="bbox 65 1640 845 1680; baseline -0.001 -11"><span class='ocrx_word' id='word_1_499' title='bbox 65 1642 147 1680; x_wconf 81' lang='grc' dir='ltr'>Λόγος</span> <span class='ocrx_word' id='word_1_500' title='bbox 163 1642 348 1680; x_wconf 78' lang='grc' dir='ltr'><strong>οροτρεπτικὸς</strong></span> <span class='ocrx_word' id='word_1_501' title='bbox 362 1642 397 1673; x_wconf 73' lang='grc' dir='ltr'><strong>εἰς</strong></span> <span class='ocrx_word' id='word_1_502' title='bbox 420 1640 572 1678; x_wconf 71' lang='grc' dir='ltr'><strong>μετάνοιπν,</strong></span> <span class='ocrx_word' id='word_1_503' title='bbox 591 1644 648 1672; x_wconf 79' lang='lat' dir='ltr'><strong>elc.</strong></span> <span class='ocrx_word' id='word_1_504' title='bbox 666 1640 701 1671; x_wconf 71' lang='grc' dir='ltr'><strong>ν.</strong></span> <span class='ocrx_word' id='word_1_505' title='bbox 718 1641 786 1671; x_wconf 81' lang='lat' dir='ltr'><strong>Car.</strong></span> <span class='ocrx_word' id='word_1_506' title='bbox 803 1650 845 1671; x_wconf 70' lang='grc' dir='ltr'><strong>ρο(</strong></span> 
     </span>
    </p>
   </div>
   <div class='ocr_carea' id='block_1_37' title="bbox 972 1639 1752 1680">
    <p class='ocr_par' dir='ltr' id='par_1_37' title="bbox 976 1640 1752 1680">
     <span class='ocr_line' id='line_1_37' title="bbox 976 1640 1752 1680; baseline 0.005 -10"><span class='ocrx_word' id='word_1_507' title='bbox 976 1641 1082 1671; x_wconf 89' lang='lat' dir='ltr'><strong>Venet.</strong></span> <span class='ocrx_word' id='word_1_508' title='bbox 1102 1650 1131 1680; x_wconf 90' lang='lat' dir='ltr'><strong>p.</strong></span> <span class='ocrx_word' id='word_1_509' title='bbox 1148 1640 1218 1680; x_wconf 85' lang='grc'>301,</span> <span class='ocrx_word' id='word_1_510' title='bbox 1240 1640 1291 1671; x_wconf 89' lang='lat' dir='ltr'><strong>ubi</strong></span> <span class='ocrx_word' id='word_1_511' title='bbox 1311 1640 1463 1671; x_wconf 82' lang='lat' dir='ltr'><strong>confector</strong></span> <span class='ocrx_word' id='word_1_512' title='bbox 1485 1640 1631 1680; x_wconf 79' lang='lat' dir='ltr'><strong>catalogi:</strong></span> <span class='ocrx_word' id='word_1_513' title='bbox 1652 1654 1665 1670; x_wconf 84' lang='grc'><strong>«</strong></span> <span class='ocrx_word' id='word_1_514' title='bbox 1682 1641 1752 1674; x_wconf 66' lang='lat' dir='ltr'><strong>Haec</strong></span> 
     </span>
    </p>
   </div>
   <div class='ocr_carea' id='block_1_38' title="bbox 64 1684 1752 1726">
    <p class='ocr_par' dir='ltr' id='par_1_38' title="bbox 64 1684 1752 1726">
     <span class='ocr_line' id='line_1_38' title="bbox 64 1684 1752 1726; baseline 0.001 -10"><span class='ocrx_word' id='word_1_515' title='bbox 64 1684 185 1722; x_wconf 72' lang='lat' dir='ltr'><strong>Nieetm,</strong></span> <span class='ocrx_word' id='word_1_516' title='bbox 202 1685 254 1721; x_wconf 86' lang='lat' dir='ltr'><strong>ait,</strong></span> <span class='ocrx_word' id='word_1_517' title='bbox 271 1693 361 1724; x_wconf 87' lang='lat' dir='ltr'><strong>opera</strong></span> <span class='ocrx_word' id='word_1_518' title='bbox 375 1693 435 1714; x_wconf 91' lang='lat' dir='ltr'><strong>non</strong></span> <span class='ocrx_word' id='word_1_519' title='bbox 450 1690 646 1715; x_wconf 80' lang='lat' dir='ltr'><strong>recensentur</strong></span> <span class='ocrx_word' id='word_1_520' title='bbox 660 1694 677 1714; x_wconf 88' lang='lat' dir='ltr'><strong>a</strong></span> <span class='ocrx_word' id='word_1_521' title='bbox 702 1684 948 1715; x_wconf 88' lang='lat' dir='ltr'><strong>bibliothecarum</strong></span> <span class='ocrx_word' id='word_1_522' title='bbox 964 1685 1171 1725; x_wconf 85' lang='lat' dir='ltr'><strong>scriptoribus,</strong></span> <span class='ocrx_word' id='word_1_523' title='bbox 1187 1694 1261 1725; x_wconf 89' lang='lat' dir='ltr'><strong>quos</strong></span> <span class='ocrx_word' id='word_1_524' title='bbox 1276 1685 1416 1715; x_wconf 87' lang='lat' dir='ltr'><strong>vidimus.</strong></span> <span class='ocrx_word' id='word_1_525' title='bbox 1433 1696 1445 1712; x_wconf 78' lang='grc' dir='ltr'><strong><em>υ</em></strong></span> <span class='ocrx_word' id='word_1_526' title='bbox 1457 1685 1518 1715; x_wconf 92' lang='lat' dir='ltr'><strong>Sed</strong></span> <span class='ocrx_word' id='word_1_527' title='bbox 1528 1685 1627 1716; x_wconf 82' lang='lat' dir='ltr'><strong>forsan</strong></span> <span class='ocrx_word' id='word_1_528' title='bbox 1645 1687 1752 1726; x_wconf 83' lang='lat' dir='ltr'><strong>partim</strong></span> 
     </span>
    </p>
   </div>
   <div class='ocr_carea' id='block_1_39' title="bbox 64 1729 1756 1772">
    <p class='ocr_par' dir='ltr' id='par_1_39' title="bbox 64 1729 1756 1772">
     <span class='ocr_line' id='line_1_39' title="bbox 64 1729 1756 1772; baseline 0.002 -12"><span class='ocrx_word' id='word_1_529' title='bbox 64 1734 162 1770; x_wconf 84' lang='lat' dir='ltr'><strong>partes</strong></span> <span class='ocrx_word' id='word_1_530' title='bbox 178 1729 388 1770; x_wconf 85' lang='lat' dir='ltr'><strong>opusculorum</strong></span> <span class='ocrx_word' id='word_1_531' title='bbox 404 1733 482 1766; x_wconf 90' lang='lat' dir='ltr'><strong>sunt,</strong></span> <span class='ocrx_word' id='word_1_532' title='bbox 501 1729 606 1768; x_wconf 89' lang='lat' dir='ltr'><strong>partim</strong></span> <span class='ocrx_word' id='word_1_533' title='bbox 619 1729 723 1759; x_wconf 89' lang='lat' dir='ltr'><strong>eadem</strong></span> <span class='ocrx_word' id='word_1_534' title='bbox 733 1729 876 1768; x_wconf 83' lang='lat' dir='ltr'><strong>opuscula</strong></span> <span class='ocrx_word' id='word_1_535' title='bbox 887 1729 960 1768; x_wconf 87' lang='lat' dir='ltr'><strong>ipsa,</strong></span> <span class='ocrx_word' id='word_1_536' title='bbox 971 1739 1035 1769; x_wconf 73' lang='lat' dir='ltr'><strong>qure</strong></span> <span class='ocrx_word' id='word_1_537' title='bbox 1047 1734 1108 1760; x_wconf 91' lang='lat' dir='ltr'><strong>tum</strong></span> <span class='ocrx_word' id='word_1_538' title='bbox 1121 1730 1150 1760; x_wconf 92' lang='lat' dir='ltr'><strong>in</strong></span> <span class='ocrx_word' id='word_1_539' title='bbox 1164 1729 1229 1760; x_wconf 84' lang='lat' dir='ltr'><strong>cod.</strong></span> <span class='ocrx_word' id='word_1_540' title='bbox 1240 1729 1333 1760; x_wconf 85' lang='lat' dir='ltr'><strong>Paris.</strong></span> <span class='ocrx_word' id='word_1_541' title='bbox 1347 1739 1414 1759; x_wconf 88' lang='lat' dir='ltr'><strong>mox</strong></span> <span class='ocrx_word' id='word_1_542' title='bbox 1427 1730 1619 1760; x_wconf 88' lang='lat' dir='ltr'><strong>memorando</strong></span> <span class='ocrx_word' id='word_1_543' title='bbox 1630 1731 1756 1772; x_wconf 87' lang='lat' dir='ltr'><strong>aliisque</strong></span> 
     </span>
    </p>
   </div>
   <div class='ocr_carea' id='block_1_40' title="bbox 65 1773 1756 1816">
    <p class='ocr_par' dir='ltr' id='par_1_40' title="bbox 65 1773 1756 1816">
     <span class='ocr_line' id='line_1_40' title="bbox 65 1773 1756 1816; baseline 0.002 -12"><span class='ocrx_word' id='word_1_544' title='bbox 65 1774 266 1811; x_wconf 89' lang='lat' dir='ltr'><strong>nominantur,</strong></span> <span class='ocrx_word' id='word_1_545' title='bbox 283 1778 346 1805; x_wconf 87' lang='lat' dir='ltr'><strong>tum</strong></span> <span class='ocrx_word' id='word_1_546' title='bbox 362 1783 427 1814; x_wconf 85' lang='lat' dir='ltr'><strong>quae</strong></span> <span class='ocrx_word' id='word_1_547' title='bbox 442 1773 473 1803; x_wconf 91' lang='lat' dir='ltr'><strong>in</strong></span> <span class='ocrx_word' id='word_1_548' title='bbox 489 1773 562 1803; x_wconf 90' lang='lat' dir='ltr'><strong>bibl.</strong></span> <span class='ocrx_word' id='word_1_549' title='bbox 576 1773 719 1805; x_wconf 87' lang='lat' dir='ltr'><strong>Eseurial.</strong></span> <span class='ocrx_word' id='word_1_550' title='bbox 736 1777 863 1804; x_wconf 87' lang='lat' dir='ltr'><strong>exstare.</strong></span> <span class='ocrx_word' id='word_1_551' title='bbox 877 1779 907 1804; x_wconf 91' lang='lat' dir='ltr'><strong>et</strong></span> <span class='ocrx_word' id='word_1_552' title='bbox 921 1783 938 1803; x_wconf 86' lang='lat' dir='ltr'><strong>a</strong></span> <span class='ocrx_word' id='word_1_553' title='bbox 953 1773 1058 1804; x_wconf 90' lang='lat' dir='ltr'><strong>Pluero</strong></span> <span class='ocrx_word' id='word_1_554' title='bbox 1070 1774 1189 1811; x_wconf 64' lang='lat' dir='ltr'><strong>Nicetm,</strong></span> <span class='ocrx_word' id='word_1_555' title='bbox 1205 1774 1361 1810; x_wconf 86' lang='lat' dir='ltr'><strong>monacho,</strong></span> <span class='ocrx_word' id='word_1_556' title='bbox 1379 1773 1507 1813; x_wconf 75' lang='lat' dir='ltr'><strong>ascripta</strong></span> <span class='ocrx_word' id='word_1_557' title='bbox 1522 1774 1612 1806; x_wconf 79' lang='lat' dir='ltr'><strong>fuisse</strong></span> <span class='ocrx_word' id='word_1_558' title='bbox 1621 1785 1710 1816; x_wconf 86' lang='lat' dir='ltr'><strong>supra</strong></span> <span class='ocrx_word' id='word_1_559' title='bbox 1724 1777 1756 1808; x_wconf 87' lang='lat' dir='ltr'><strong>in</strong></span> 
     </span>
    </p>
   </div>
   <div class='ocr_carea' id='block_1_41' title="bbox 66 1817 1755 1858">
    <p class='ocr_par' dir='ltr' id='par_1_41' title="bbox 66 1817 1755 1858">
     <span class='ocr_line' id='line_1_41' title="bbox 66 1817 1755 1858; baseline 0.002 -9"><span class='ocrx_word' id='word_1_560' title='bbox 66 1818 169 1850; x_wconf 85' lang='lat' dir='ltr'><strong>Niceta</strong></span> <span class='ocrx_word' id='word_1_561' title='bbox 183 1818 339 1858; x_wconf 87' lang='lat' dir='ltr'><strong>monacho,</strong></span> <span class='ocrx_word' id='word_1_562' title='bbox 358 1817 497 1849; x_wconf 88' lang='lat' dir='ltr'><strong>vidimus.</strong></span> <span class='ocrx_word' id='word_1_563' title='bbox 511 1818 679 1848; x_wconf 86' lang='lat' dir='ltr'><strong>—Parisiis</strong></span> <span class='ocrx_word' id='word_1_564' title='bbox 693 1820 720 1849; x_wconf 94' lang='lat' dir='ltr'><strong>in</strong></span> <span class='ocrx_word' id='word_1_565' title='bbox 735 1818 806 1849; x_wconf 90' lang='lat' dir='ltr'><strong>bibl.</strong></span> <span class='ocrx_word' id='word_1_566' title='bbox 821 1817 904 1858; x_wconf 93' lang='lat' dir='ltr'><strong>publ.</strong></span> <span class='ocrx_word' id='word_1_567' title='bbox 918 1818 984 1850; x_wconf 87' lang='lat' dir='ltr'><strong>cod.</strong></span> <span class='ocrx_word' id='word_1_568' title='bbox 997 1818 1066 1855; x_wconf 70' lang='grc'>362,</span> <span class='ocrx_word' id='word_1_569' title='bbox 1082 1828 1110 1849; x_wconf 93' lang='lat' dir='ltr'><strong>n.</strong></span> <span class='ocrx_word' id='word_1_570' title='bbox 1128 1818 1174 1855; x_wconf 89' lang='grc'>13,</span> <span class='ocrx_word' id='word_1_571' title='bbox 1189 1818 1285 1858; x_wconf 84' lang='lat' dir='ltr'><strong>capita</strong></span> <span class='ocrx_word' id='word_1_572' title='bbox 1301 1818 1484 1848; x_wconf 83' lang='lat' dir='ltr'><strong>asceticasin</strong></span> <span class='ocrx_word' id='word_1_573' title='bbox 1495 1823 1554 1850; x_wconf 87' lang='lat' dir='ltr'><strong>tres</strong></span> <span class='ocrx_word' id='word_1_574' title='bbox 1564 1821 1697 1851; x_wconf 84' lang='lat' dir='ltr'><strong>centuria</strong></span> <span class='ocrx_word' id='word_1_575' title='bbox 1708 1822 1755 1852; x_wconf 91' lang='lat' dir='ltr'><strong>di-</strong></span> 
     </span>
    </p>
   </div>
   <div class='ocr_carea' id='block_1_42' title="bbox 66 1862 1756 1903">
    <p class='ocr_par' dir='ltr' id='par_1_42' title="bbox 66 1862 1756 1903">
     <span class='ocr_line' id='line_1_42' title="bbox 66 1862 1756 1903; baseline 0.004 -11"><span class='ocrx_word' id='word_1_576' title='bbox 66 1863 139 1894; x_wconf 85' lang='lat' dir='ltr'><strong>visa.</strong></span> <span class='ocrx_word' id='word_1_577' title='bbox 155 1880 185 1885; x_wconf 91' lang='lat'><strong>-</strong></span> <span class='ocrx_word' id='word_1_578' title='bbox 200 1863 233 1894; x_wconf 94' lang='lat' dir='ltr'><strong>In</strong></span> <span class='ocrx_word' id='word_1_579' title='bbox 244 1862 310 1892; x_wconf 91' lang='lat' dir='ltr'><strong>cod.</strong></span> <span class='ocrx_word' id='word_1_580' title='bbox 325 1863 454 1900; x_wconf 70' lang='lat' dir='ltr'><strong>2747,n.</strong></span> <span class='ocrx_word' id='word_1_581' title='bbox 467 1863 498 1898; x_wconf 72' lang='lat'><strong>2,</strong></span> <span class='ocrx_word' id='word_1_582' title='bbox 508 1862 637 1893; x_wconf 89' lang='lat' dir='ltr'><strong>IiberDe</strong></span> <span class='ocrx_word' id='word_1_583' title='bbox 646 1864 791 1902; x_wconf 78' lang='lat' dir='ltr'><strong>paradiso</strong></span> <span class='ocrx_word' id='word_1_584' title='bbox 803 1862 1011 1898; x_wconf 85' lang='lat' dir='ltr'><strong>intcllcctuali,</strong></span> <span class='ocrx_word' id='word_1_585' title='bbox 1023 1863 1221 1903; x_wconf 74' lang='lat' dir='ltr'><strong>Delibertatc,</strong></span> <span class='ocrx_word' id='word_1_586' title='bbox 1235 1863 1278 1894; x_wconf 89' lang='lat' dir='ltr'><strong>De</strong></span> <span class='ocrx_word' id='word_1_587' title='bbox 1287 1866 1400 1893; x_wconf 78' lang='lat' dir='ltr'><strong>natura</strong></span> <span class='ocrx_word' id='word_1_588' title='bbox 1412 1864 1577 1901; x_wconf 82' lang='lat' dir='ltr'><strong>actionum,</strong></span> <span class='ocrx_word' id='word_1_589' title='bbox 1593 1864 1756 1898; x_wconf 74' lang='lat' dir='ltr'><strong>Deanimw</strong></span> 
     </span>
    </p>
   </div>
   <div class='ocr_carea' id='block_1_43' title="bbox 64 1905 1754 1949">
    <p class='ocr_par' dir='ltr' id='par_1_43' title="bbox 64 1905 1754 1949">
     <span class='ocr_line' id='line_1_43' title="bbox 64 1905 1754 1949; baseline 0.001 -10"><span class='ocrx_word' id='word_1_590' title='bbox 64 1907 266 1947; x_wconf 76' lang='lat' dir='ltr'><strong>facultatibus</strong></span> <span class='ocrx_word' id='word_1_591' title='bbox 277 1910 306 1937; x_wconf 87' lang='lat' dir='ltr'><strong>et</strong></span> <span class='ocrx_word' id='word_1_592' title='bbox 317 1907 464 1938; x_wconf 85' lang='lat' dir='ltr'><strong>oratione.</strong></span> <span class='ocrx_word' id='word_1_593' title='bbox 478 1924 516 1929; x_wconf 90' lang='lat'><strong><em>-—</em></strong></span> <span class='ocrx_word' id='word_1_594' title='bbox 529 1906 695 1947; x_wconf 82' lang='lat' dir='ltr'><strong>Symeonis,</strong></span> <span class='ocrx_word' id='word_1_595' title='bbox 708 1907 850 1946; x_wconf 78' lang='lat' dir='ltr'><strong>theologi,</strong></span> <span class='ocrx_word' id='word_1_596' title='bbox 862 1906 927 1938; x_wconf 87' lang='lat' dir='ltr'><strong>Vita</strong></span> <span class='ocrx_word' id='word_1_597' title='bbox 937 1916 953 1937; x_wconf 89' lang='lat' dir='ltr'><strong>a</strong></span> <span class='ocrx_word' id='word_1_598' title='bbox 964 1905 1066 1938; x_wconf 87' lang='lat' dir='ltr'><strong>Niceta</strong></span> <span class='ocrx_word' id='word_1_599' title='bbox 1078 1908 1210 1938; x_wconf 75' lang='lat' dir='ltr'><strong>Slethato</strong></span> <span class='ocrx_word' id='word_1_600' title='bbox 1223 1908 1343 1947; x_wconf 89' lang='lat' dir='ltr'><strong>scripta.</strong></span> <span class='ocrx_word' id='word_1_601' title='bbox 1358 1907 1392 1939; x_wconf 92' lang='lat' dir='ltr'><strong>V.</strong></span> <span class='ocrx_word' id='word_1_602' title='bbox 1405 1907 1497 1938; x_wconf 75' lang='lat' dir='ltr'><strong>FABR.</strong></span> <span class='ocrx_word' id='word_1_603' title='bbox 1507 1910 1539 1940; x_wconf 91' lang='lat' dir='ltr'><strong>B.</strong></span> <span class='ocrx_word' id='word_1_604' title='bbox 1558 1909 1610 1941; x_wconf 87' lang='lat' dir='ltr'><strong>Gr.</strong></span> <span class='ocrx_word' id='word_1_605' title='bbox 1621 1909 1679 1941; x_wconf 90' lang='lat' dir='ltr'><strong>vol.</strong></span> <span class='ocrx_word' id='word_1_606' title='bbox 1691 1910 1754 1949; x_wconf 89' lang='lat' dir='ltr'><strong>VII,</strong></span> 
     </span>
    </p>
   </div>
   <div class='ocr_carea' id='block_1_44' title="bbox 67 1950 1754 1993">
    <p class='ocr_par' dir='ltr' id='par_1_44' title="bbox 67 1950 1754 1993">
     <span class='ocr_line' id='line_1_44' title="bbox 67 1950 1754 1993; baseline 0.001 -10"><span class='ocrx_word' id='word_1_607' title='bbox 67 1953 108 1983; x_wconf 89' lang='lat' dir='ltr'><strong>De</strong></span> <span class='ocrx_word' id='word_1_608' title='bbox 127 1951 232 1993; x_wconf 84' lang='lat' dir='ltr'><strong>elogiis</strong></span> <span class='ocrx_word' id='word_1_609' title='bbox 252 1952 390 1991; x_wconf 75' lang='lat' dir='ltr'><strong>citusque</strong></span> <span class='ocrx_word' id='word_1_610' title='bbox 412 1950 465 1982; x_wconf 90' lang='lat' dir='ltr'><strong>SS.</strong></span> <span class='ocrx_word' id='word_1_611' title='bbox 492 1960 521 1991; x_wconf 89' lang='lat' dir='ltr'><strong>p.</strong></span> <span class='ocrx_word' id='word_1_612' title='bbox 550 1951 618 1987; x_wconf 80' lang='lat' dir='ltr'><strong>H2,</strong></span> <span class='ocrx_word' id='word_1_613' title='bbox 647 1951 694 1983; x_wconf 90' lang='lat' dir='ltr'><strong>ed.</strong></span> <span class='ocrx_word' id='word_1_614' title='bbox 709 1956 764 1983; x_wconf 86' lang='lat' dir='ltr'><strong>vet.</strong></span> <span class='ocrx_word' id='word_1_615' title='bbox 783 1961 791 1989; x_wconf 89' lang='lat'><strong>;</strong></span> <span class='ocrx_word' id='word_1_616' title='bbox 817 1956 845 1982; x_wconf 88' lang='lat' dir='ltr'><strong>et</strong></span> <span class='ocrx_word' id='word_1_617' title='bbox 860 1951 916 1982; x_wconf 90' lang='lat' dir='ltr'><strong>vol.</strong></span> <span class='ocrx_word' id='word_1_618' title='bbox 933 1950 1009 1989; x_wconf 81' lang='lat' dir='ltr'><strong>VIII,</strong></span> <span class='ocrx_word' id='word_1_619' title='bbox 1028 1952 1136 1991; x_wconf 81' lang='lat' dir='ltr'><strong>p.136.</strong></span> <span class='ocrx_word' id='word_1_620' title='bbox 1155 1952 1233 1982; x_wconf 88' lang='lat' dir='ltr'><strong>inter</strong></span> <span class='ocrx_word' id='word_1_621' title='bbox 1246 1951 1383 1983; x_wconf 78' lang='lat' dir='ltr'><strong>Melodos</strong></span> <span class='ocrx_word' id='word_1_622' title='bbox 1400 1952 1577 1985; x_wconf 74' lang='lat' dir='ltr'><strong>Graecorum</strong></span> <span class='ocrx_word' id='word_1_623' title='bbox 1592 1953 1658 1993; x_wconf 87' lang='lat' dir='ltr'><strong>Nic,</strong></span> <span class='ocrx_word' id='word_1_624' title='bbox 1674 1954 1706 1986; x_wconf 91' lang='lat' dir='ltr'><strong>in</strong></span> <span class='ocrx_word' id='word_1_625' title='bbox 1721 1954 1754 1985; x_wconf 90' lang='lat' dir='ltr'><strong>Ii-</strong></span> 
     </span>
    </p>
   </div>
   <div class='ocr_carea' id='block_1_45' title="bbox 68 1994 1232 2037">
    <p class='ocr_par' dir='ltr' id='par_1_45' title="bbox 68 1994 1232 2037">
     <span class='ocr_line' id='line_1_45' title="bbox 68 1994 1232 2037; baseline 0 -10"><span class='ocrx_word' id='word_1_626' title='bbox 68 1996 152 2028; x_wconf 90' lang='lat' dir='ltr'><strong>brum</strong></span> <span class='ocrx_word' id='word_1_627' title='bbox 168 1997 345 2037; x_wconf 78' lang='lat' dir='ltr'><strong>hymnorum</strong></span> <span class='ocrx_word' id='word_1_628' title='bbox 362 1994 518 2036; x_wconf 83' lang='lat' dir='ltr'><strong>Symeonis</strong></span> <span class='ocrx_word' id='word_1_629' title='bbox 532 1995 638 2036; x_wconf 48' lang='lat' dir='ltr'><strong>mslin</strong></span> <span class='ocrx_word' id='word_1_630' title='bbox 653 1995 726 2028; x_wconf 90' lang='lat' dir='ltr'><strong>bibl.</strong></span> <span class='ocrx_word' id='word_1_631' title='bbox 743 1996 858 2028; x_wconf 90' lang='lat' dir='ltr'><strong>Bodlei.</strong></span> <span class='ocrx_word' id='word_1_632' title='bbox 873 1996 939 2028; x_wconf 90' lang='lat' dir='ltr'><strong>cod.</strong></span> <span class='ocrx_word' id='word_1_633' title='bbox 957 1996 975 2026; x_wconf 85' lang='lat'>5</span> <span class='ocrx_word' id='word_1_634' title='bbox 988 1995 1097 2027; x_wconf 89' lang='lat' dir='ltr'><strong>Barroc</strong></span> <span class='ocrx_word' id='word_1_635' title='bbox 1113 1996 1232 2037; x_wconf 52' lang='lat' dir='ltr'><strong>(Hann)</strong></span> 
     </span>
    </p>
   </div>
   <div class='ocr_carea' id='block_1_46' title="bbox 106 2061 1754 2104">
    <p class='ocr_par' dir='ltr' id='par_1_46' title="bbox 106 2061 1754 2104">
     <span class='ocr_line' id='line_1_46' title="bbox 106 2061 1754 2104; baseline 0.002 -11"><span class='ocrx_word' id='word_1_636' title='bbox 106 2061 501 2104; x_wconf 59' lang='lat' dir='ltr'><strong>(2LAbimp.Constantino,</strong></span> <span class='ocrx_word' id='word_1_637' title='bbox 518 2062 888 2104; x_wconf 76' lang='lat' dir='ltr'><strong>monomacho,_hortanti-</strong></span> <span class='ocrx_word' id='word_1_638' title='bbox 929 2061 1122 2104; x_wconf 17' lang='lat' dir='ltr'><strong>licaeilegatis.</strong></span> <span class='ocrx_word' id='word_1_639' title='bbox 1139 2064 1174 2093; x_wconf 92' lang='lat' dir='ltr'><strong>V.</strong></span> <span class='ocrx_word' id='word_1_640' title='bbox 1192 2062 1300 2104; x_wconf 78' lang='lat' dir='ltr'><strong>Baron.</strong></span> <span class='ocrx_word' id='word_1_641' title='bbox 1316 2063 1398 2094; x_wconf 82' lang='lat' dir='ltr'><strong>Ann.</strong></span> <span class='ocrx_word' id='word_1_642' title='bbox 1423 2063 1528 2095; x_wconf 85' lang='lat' dir='ltr'><strong>eccles.</strong></span> <span class='ocrx_word' id='word_1_643' title='bbox 1551 2067 1624 2096; x_wconf 92' lang='lat' dir='ltr'><strong>tom.</strong></span> <span class='ocrx_word' id='word_1_644' title='bbox 1649 2063 1700 2104; x_wconf 82' lang='lat' dir='ltr'><strong>XI,</strong></span> <span class='ocrx_word' id='word_1_645' title='bbox 1725 2075 1754 2097; x_wconf 87' lang='lat' dir='ltr'><strong>a.</strong></span> 
     </span>
    </p>
   </div>
   <div class='ocr_carea' id='block_1_47' title="bbox 67 2101 847 2144">
    <p class='ocr_par' dir='ltr' id='par_1_47' title="bbox 67 2101 847 2144">
     <span class='ocr_line' id='line_1_47' title="bbox 67 2101 847 2144; baseline -0.001 -10"><span class='ocrx_word' id='word_1_646' title='bbox 67 2103 122 2135; x_wconf 88' lang='lat' dir='ltr'><strong>bus</strong></span> <span class='ocrx_word' id='word_1_647' title='bbox 136 2101 302 2134; x_wconf 83' lang='lat' dir='ltr'><strong>Humberto</strong></span> <span class='ocrx_word' id='word_1_648' title='bbox 318 2102 479 2141; x_wconf 85' lang='lat' dir='ltr'><strong>cardinale,</strong></span> <span class='ocrx_word' id='word_1_649' title='bbox 493 2103 668 2143; x_wconf 72' lang='lat' dir='ltr'><strong>caeterisque</strong></span> <span class='ocrx_word' id='word_1_650' title='bbox 678 2102 757 2134; x_wconf 89' lang='lat' dir='ltr'><strong>sedis</strong></span> <span class='ocrx_word' id='word_1_651' title='bbox 765 2107 847 2144; x_wconf 89' lang='lat' dir='ltr'><strong>apost</strong></span> 
     </span>
    </p>
   </div>
   <div class='ocr_carea' id='block_1_48' title="bbox 561 2101 1341 2144">
    <p class='ocr_par' dir='ltr' id='par_1_48' title="bbox 561 2101 1341 2144">
     <span class='ocr_line' id='line_1_48' title="bbox 561 2101 1341 2144; baseline 0.001 -11"><span class='ocrx_word' id='word_1_652' title='bbox 561 2103 668 2143; x_wconf 57' lang='lat' dir='ltr'><strong>trisque</strong></span> <span class='ocrx_word' id='word_1_653' title='bbox 678 2102 757 2134; x_wconf 90' lang='lat' dir='ltr'><strong>sedis</strong></span> <span class='ocrx_word' id='word_1_654' title='bbox 765 2107 884 2144; x_wconf 88' lang='lat' dir='ltr'><strong>aposto-</strong></span> <span class='ocrx_word' id='word_1_655' title='bbox 928 2103 1019 2144; x_wconf 75' lang='grc'>1054,</span> <span class='ocrx_word' id='word_1_656' title='bbox 1036 2101 1066 2135; x_wconf 84' lang='lat' dir='ltr'><strong>n.</strong></span> <span class='ocrx_word' id='word_1_657' title='bbox 1084 2103 1136 2142; x_wconf 72' lang='grc'><strong>20,</strong></span> <span class='ocrx_word' id='word_1_658' title='bbox 1153 2103 1201 2135; x_wconf 76' lang='grc'>21.</span> <span class='ocrx_word' id='word_1_659' title='bbox 1222 2103 1341 2143; x_wconf 59' lang='lat' dir='ltr'><strong>(Ilum)</strong></span> 
     </span>
    </p>
   </div>
   <div class='ocr_carea' id='block_1_49' title="bbox 607 2258 1216 2315">
    <p class='ocr_par' dir='ltr' id='par_1_49' title="bbox 607 2258 1216 2315">
     <span class='ocr_line' id='line_1_49' title="bbox 607 2258 1216 2315; baseline 0.003 -2"><span class='ocrx_word' id='word_1_660' title='bbox 607 2258 895 2314; x_wconf 90' lang='lat' dir='ltr'><strong>NOTITIA</strong></span> <span class='ocrx_word' id='word_1_661' title='bbox 937 2259 1216 2315; x_wconf 83' lang='lat' dir='ltr'><strong>ALTERA</strong></span> 
     </span>
    </p>
   </div>
   <div class='ocr_carea' id='block_1_50' title="bbox 188 2373 1634 2416">
    <p class='ocr_par' dir='ltr' id='par_1_50' title="bbox 188 2373 1634 2416">
     <span class='ocr_line' id='line_1_50' title="bbox 188 2373 1634 2416; baseline -0.001 -8"><span class='ocrx_word' id='word_1_662' title='bbox 188 2375 239 2415; x_wconf 78' lang='lat' dir='ltr'><strong>(Ex</strong></span> <span class='ocrx_word' id='word_1_663' title='bbox 255 2375 354 2407; x_wconf 86' lang='lat' dir='ltr'><strong>Leone</strong></span> <span class='ocrx_word' id='word_1_664' title='bbox 369 2373 477 2407; x_wconf 81' lang='lat' dir='ltr'><strong>Allatio</strong></span> <span class='ocrx_word' id='word_1_665' title='bbox 491 2375 522 2406; x_wconf 88' lang='lat' dir='ltr'><strong>iu</strong></span> <span class='ocrx_word' id='word_1_666' title='bbox 536 2374 670 2408; x_wconf 87' lang='lat' dir='ltr'><strong>Diatriba</strong></span> <span class='ocrx_word' id='word_1_667' title='bbox 683 2374 722 2406; x_wconf 90' lang='lat' dir='ltr'><strong>de</strong></span> <span class='ocrx_word' id='word_1_668' title='bbox 737 2374 861 2415; x_wconf 88' lang='lat' dir='ltr'><strong>Nicetis,</strong></span> <span class='ocrx_word' id='word_1_669' title='bbox 876 2375 956 2416; x_wconf 89' lang='lat' dir='ltr'><strong>apud</strong></span> <span class='ocrx_word' id='word_1_670' title='bbox 971 2375 1079 2407; x_wconf 84' lang='lat' dir='ltr'><strong>Maium</strong></span> <span class='ocrx_word' id='word_1_671' title='bbox 1093 2375 1235 2408; x_wconf 88' lang='lat' dir='ltr'><strong>Biblioth.</strong></span> <span class='ocrx_word' id='word_1_672' title='bbox 1253 2385 1327 2407; x_wconf 87' lang='lat' dir='ltr'><strong>nova</strong></span> <span class='ocrx_word' id='word_1_673' title='bbox 1342 2376 1475 2416; x_wconf 81' lang='lat' dir='ltr'><strong>Patrum,</strong></span> <span class='ocrx_word' id='word_1_674' title='bbox 1494 2380 1554 2409; x_wconf 91' lang='lat' dir='ltr'><strong>tom</strong></span> <span class='ocrx_word' id='word_1_675' title='bbox 1569 2374 1634 2416; x_wconf 88' lang='lat' dir='ltr'><strong>VI.)</strong></span> 
     </span>
    </p>
   </div>
   <div class='ocr_carea' id='block_1_51' title="bbox 108 2517 1755 2557">
    <p class='ocr_par' dir='ltr' id='par_1_51' title="bbox 108 2517 1755 2557">
     <span class='ocr_line' id='line_1_51' title="bbox 108 2517 1755 2557; baseline 0.001 -7"><span class='ocrx_word' id='word_1_676' title='bbox 108 2519 219 2551; x_wconf 83' lang='lat' dir='ltr'><strong>Nicetae</strong></span> <span class='ocrx_word' id='word_1_677' title='bbox 232 2517 369 2549; x_wconf 89' lang='lat' dir='ltr'><strong>monachi</strong></span> <span class='ocrx_word' id='word_1_678' title='bbox 384 2517 490 2549; x_wconf 83' lang='lat' dir='ltr'><strong>scribit</strong></span> <span class='ocrx_word' id='word_1_679' title='bbox 504 2517 690 2549; x_wconf 82' lang='lat' dir='ltr'><strong>Possevimus</strong></span> <span class='ocrx_word' id='word_1_680' title='bbox 702 2518 732 2549; x_wconf 92' lang='lat' dir='ltr'><strong>in</strong></span> <span class='ocrx_word' id='word_1_681' title='bbox 745 2518 904 2549; x_wconf 84' lang='lat' dir='ltr'><strong>biblitheca</strong></span> <span class='ocrx_word' id='word_1_682' title='bbox 913 2517 1062 2550; x_wconf 88' lang='lat' dir='ltr'><strong>Sl&#39;ortiana</strong></span> <span class='ocrx_word' id='word_1_683' title='bbox 1073 2518 1177 2550; x_wconf 86' lang='lat' dir='ltr'><strong>haberi</strong></span> <span class='ocrx_word' id='word_1_684' title='bbox 1185 2519 1252 2552; x_wconf 88' lang='lat' dir='ltr'><strong>cod.</strong></span> <span class='ocrx_word' id='word_1_685' title='bbox 1267 2520 1324 2551; x_wconf 84' lang='grc'>106</span> <span class='ocrx_word' id='word_1_686' title='bbox 1338 2520 1381 2551; x_wconf 83' lang='lat' dir='ltr'><strong>De</strong></span> <span class='ocrx_word' id='word_1_687' title='bbox 1392 2520 1497 2551; x_wconf 85' lang='lat' dir='ltr'><strong>anima</strong></span> <span class='ocrx_word' id='word_1_688' title='bbox 1508 2519 1622 2551; x_wconf 83' lang='lat' dir='ltr'><strong>librum</strong></span> <span class='ocrx_word' id='word_1_689' title='bbox 1635 2529 1731 2551; x_wconf 83' lang='lat' dir='ltr'><strong>unum</strong></span> <span class='ocrx_word' id='word_1_690' title='bbox 1743 2531 1755 2557; x_wconf 84' lang='lat'><strong>,-</strong></span> 
     </span>
    </p>
   </div>
   <div class='ocr_carea' id='block_1_52' title="bbox 71 2563 1759 2604">
    <p class='ocr_par' dir='ltr' id='par_1_52' title="bbox 71 2563 1759 2604">
     <span class='ocr_line' id='line_1_52' title="bbox 71 2563 1759 2604; baseline -0.001 -8"><span class='ocrx_word' id='word_1_691' title='bbox 71 2566 115 2597; x_wconf 88' lang='lat' dir='ltr'><strong>De</strong></span> <span class='ocrx_word' id='word_1_692' title='bbox 120 2565 264 2604; x_wconf 85' lang='lat' dir='ltr'><strong>paradiso</strong></span> <span class='ocrx_word' id='word_1_693' title='bbox 275 2563 557 2603; x_wconf 86' lang='lat' dir='ltr'><strong>contemplationem</strong></span> <span class='ocrx_word' id='word_1_694' title='bbox 569 2563 738 2602; x_wconf 64' lang='lat' dir='ltr'><strong>;Epistolas</strong></span> <span class='ocrx_word' id='word_1_695' title='bbox 746 2564 873 2603; x_wconf 79' lang='lat' dir='ltr'><strong>aliquot;</strong></span> <span class='ocrx_word' id='word_1_696' title='bbox 886 2565 927 2594; x_wconf 87' lang='lat' dir='ltr'><strong>De</strong></span> <span class='ocrx_word' id='word_1_697' title='bbox 936 2564 1130 2594; x_wconf 80' lang='lat' dir='ltr'><strong>hierarchiis.</strong></span> <span class='ocrx_word' id='word_1_698' title='bbox 1141 2564 1224 2595; x_wconf 90' lang='lat' dir='ltr'><strong>Hunc</strong></span> <span class='ocrx_word' id='word_1_699' title='bbox 1236 2574 1322 2604; x_wconf 89' lang='lat' dir='ltr'><strong>porro</strong></span> <span class='ocrx_word' id='word_1_700' title='bbox 1331 2563 1462 2595; x_wconf 81' lang='lat' dir='ltr'><strong>Nicetam</strong></span> <span class='ocrx_word' id='word_1_701' title='bbox 1471 2573 1536 2595; x_wconf 85' lang='lat' dir='ltr'><strong>esse</strong></span> <span class='ocrx_word' id='word_1_702' title='bbox 1546 2565 1722 2595; x_wconf 88' lang='lat' dir='ltr'><strong>monachum</strong></span> <span class='ocrx_word' id='word_1_703' title='bbox 1729 2569 1759 2595; x_wconf 90' lang='lat' dir='ltr'><strong>et</strong></span> 
     </span>
    </p>
   </div>
   <div class='ocr_carea' id='block_1_53' title="bbox 73 2607 1758 2651">
    <p class='ocr_par' dir='ltr' id='par_1_53' title="bbox 73 2607 1758 2651">
     <span class='ocr_line' id='line_1_53' title="bbox 73 2607 1758 2651; baseline -0.001 -11"><span class='ocrx_word' id='word_1_704' title='bbox 73 2609 273 2651; x_wconf 79' lang='lat' dir='ltr'><strong>presbyterum</strong></span> <span class='ocrx_word' id='word_1_705' title='bbox 287 2607 393 2646; x_wconf 86' lang='lat' dir='ltr'><strong>Studii,</strong></span> <span class='ocrx_word' id='word_1_706' title='bbox 407 2613 604 2647; x_wconf 83' lang='lat' dir='ltr'><strong>cognomento</strong></span> <span class='ocrx_word' id='word_1_707' title='bbox 616 2607 791 2646; x_wconf 89' lang='lat' dir='ltr'><strong>Stethatum,</strong></span> <span class='ocrx_word' id='word_1_708' title='bbox 802 2609 910 2647; x_wconf 80' lang='lat' dir='ltr'><strong>colligo</strong></span> <span class='ocrx_word' id='word_1_709' title='bbox 921 2618 955 2639; x_wconf 88' lang='lat' dir='ltr'><strong>ex</strong></span> <span class='ocrx_word' id='word_1_710' title='bbox 967 2608 1066 2640; x_wconf 84' lang='lat' dir='ltr'><strong>indice</strong></span> <span class='ocrx_word' id='word_1_711' title='bbox 1083 2618 1138 2640; x_wconf 88' lang='lat' dir='ltr'><strong>ms.</strong></span> <span class='ocrx_word' id='word_1_712' title='bbox 1152 2608 1254 2640; x_wconf 59' lang='grc' dir='ltr'><strong>(Ξῖ-δὲεο</strong></span> <span class='ocrx_word' id='word_1_713' title='bbox 1266 2609 1454 2640; x_wconf 67' lang='lat' dir='ltr'><strong>blbliothecaa</strong></span> <span class='ocrx_word' id='word_1_714' title='bbox 1464 2609 1637 2647; x_wconf 87' lang='lat' dir='ltr'><strong>Escurialis,</strong></span> <span class='ocrx_word' id='word_1_715' title='bbox 1654 2610 1684 2640; x_wconf 90' lang='lat' dir='ltr'><strong>in</strong></span> <span class='ocrx_word' id='word_1_716' title='bbox 1700 2619 1758 2650; x_wconf 89' lang='lat' dir='ltr'><strong>qua</strong></span> 
     </span>
    </p>
   </div>
   <div class='ocr_carea' id='block_1_54' title="bbox 73 2652 853 2693">
    <p class='ocr_par' dir='ltr' id='par_1_54' title="bbox 73 2652 853 2693">
     <span class='ocr_line' id='line_1_54' title="bbox 73 2652 853 2693; baseline -0.004 -8"><span class='ocrx_word' id='word_1_717' title='bbox 73 2655 146 2686; x_wconf 92' lang='lat' dir='ltr'><strong>inter</strong></span> <span class='ocrx_word' id='word_1_718' title='bbox 160 2654 216 2684; x_wconf 82' lang='lat' dir='ltr'><strong>alia</strong></span> <span class='ocrx_word' id='word_1_719' title='bbox 231 2653 357 2684; x_wconf 86' lang='lat' dir='ltr'><strong>Stethati</strong></span> <span class='ocrx_word' id='word_1_720' title='bbox 372 2656 400 2683; x_wconf 91' lang='lat' dir='ltr'><strong>et</strong></span> <span class='ocrx_word' id='word_1_721' title='bbox 415 2652 478 2683; x_wconf 64' lang='lat' dir='ltr'><strong>haec</strong></span> <span class='ocrx_word' id='word_1_722' title='bbox 495 2657 688 2683; x_wconf 88' lang='lat' dir='ltr'><strong>recensentur</strong></span> <span class='ocrx_word' id='word_1_723' title='bbox 702 2661 709 2683; x_wconf 90' lang='lat'>:</span> <span class='ocrx_word' id='word_1_724' title='bbox 726 2654 787 2692; x_wconf 71' lang='grc' dir='ltr'>Περὶ</span> <span class='ocrx_word' id='word_1_725' title='bbox 807 2656 853 2693; x_wconf 63' lang='grc' dir='ltr'>ψυ,</span> 
     </span>
    </p>
   </div>
   <div class='ocr_carea' id='block_1_55' title="bbox 978 2652 1758 2693">
    <p class='ocr_par' dir='ltr' id='par_1_55' title="bbox 978 2653 1758 2693">
     <span class='ocr_line' id='line_1_55' title="bbox 978 2653 1758 2693; baseline 0 -12"><span class='ocrx_word' id='word_1_726' title='bbox 978 2661 980 2680; x_wconf 84' lang='lat'><strong>‘.</strong></span> <span class='ocrx_word' id='word_1_727' title='bbox 1003 2653 1158 2693; x_wconf 62' lang='grc' dir='ltr'><strong>παρκδείσου</strong></span> <span class='ocrx_word' id='word_1_728' title='bbox 1177 2665 1183 2672; x_wconf 86' lang='grc'>·</span> <span class='ocrx_word' id='word_1_729' title='bbox 1202 2655 1237 2687; x_wconf 80' lang='grc' dir='ltr'><strong>εἰς</strong></span> <span class='ocrx_word' id='word_1_730' title='bbox 1261 2657 1310 2687; x_wconf 72' lang='grc' dir='ltr'><strong>τῆς</strong></span> <span class='ocrx_word' id='word_1_731' title='bbox 1327 2654 1445 2693; x_wconf 67' lang='grc' dir='ltr'>οὒρανίκν</span> <span class='ocrx_word' id='word_1_732' title='bbox 1468 2655 1511 2682; x_wconf 61' lang='lat' dir='ltr'><strong>sui.</strong></span> <span class='ocrx_word' id='word_1_733' title='bbox 1534 2654 1758 2688; x_wconf 68' lang='grc' dir='ltr'><strong>ἐικλησιαστικὴν</strong></span> 
     </span>
    </p>
   </div>
   <div class='ocr_carea' id='block_1_56' title="bbox 73 2697 1758 2740">
    <p class='ocr_par' dir='ltr' id='par_1_56' title="bbox 73 2697 1758 2740">
     <span class='ocr_line' id='line_1_56' title="bbox 73 2697 1758 2740; baseline -0.001 -10"><span class='ocrx_word' id='word_1_734' title='bbox 73 2701 215 2740; x_wconf 69' lang='grc' dir='ltr'><strong>ἱερπιρχίαν.</strong></span> <span class='ocrx_word' id='word_1_735' title='bbox 233 2698 279 2729; x_wconf 89' lang='lat' dir='ltr'><strong>De</strong></span> <span class='ocrx_word' id='word_1_736' title='bbox 295 2698 418 2735; x_wconf 86' lang='lat' dir='ltr'><strong>anima;</strong></span> <span class='ocrx_word' id='word_1_737' title='bbox 433 2698 478 2728; x_wconf 89' lang='lat' dir='ltr'><strong>De</strong></span> <span class='ocrx_word' id='word_1_738' title='bbox 487 2697 635 2738; x_wconf 81' lang='lat' dir='ltr'><strong>paradiso</strong></span> <span class='ocrx_word' id='word_1_739' title='bbox 647 2706 656 2728; x_wconf 90' lang='lat'><strong><em>:</em></strong></span> <span class='ocrx_word' id='word_1_740' title='bbox 668 2698 705 2729; x_wconf 86' lang='lat' dir='ltr'><strong>In</strong></span> <span class='ocrx_word' id='word_1_741' title='bbox 715 2698 859 2728; x_wconf 73' lang='lat' dir='ltr'><strong>caelestem</strong></span> <span class='ocrx_word' id='word_1_742' title='bbox 874 2701 903 2729; x_wconf 89' lang='lat' dir='ltr'><strong>et</strong></span> <span class='ocrx_word' id='word_1_743' title='bbox 915 2698 1143 2730; x_wconf 81' lang='lat' dir='ltr'><strong>ecclesiasticam</strong></span> <span class='ocrx_word' id='word_1_744' title='bbox 1154 2699 1372 2729; x_wconf 71' lang='lat' dir='ltr'><strong>liierarchiam.</strong></span> <span class='ocrx_word' id='word_1_745' title='bbox 1388 2697 1483 2733; x_wconf 87' lang='lat' dir='ltr'><strong>Quare</strong></span> <span class='ocrx_word' id='word_1_746' title='bbox 1494 2698 1532 2729; x_wconf 93' lang='lat' dir='ltr'><strong>de</strong></span> <span class='ocrx_word' id='word_1_747' title='bbox 1542 2698 1599 2728; x_wconf 91' lang='lat' dir='ltr'><strong>hoc</strong></span> <span class='ocrx_word' id='word_1_748' title='bbox 1611 2697 1758 2735; x_wconf 83' lang='lat' dir='ltr'><strong>Stethato,</strong></span> 
     </span>
    </p>
   </div>
   <div class='ocr_carea' id='block_1_57' title="bbox 75 2742 1760 2785">
    <p class='ocr_par' dir='ltr' id='par_1_57' title="bbox 75 2742 1760 2785">
     <span class='ocr_line' id='line_1_57' title="bbox 75 2742 1760 2785; baseline -0.001 -11"><span class='ocrx_word' id='word_1_749' title='bbox 75 2753 138 2785; x_wconf 63' lang='lat' dir='ltr'><strong>quae</strong></span> <span class='ocrx_word' id='word_1_750' title='bbox 150 2743 225 2774; x_wconf 91' lang='lat' dir='ltr'><strong>libro</strong></span> <span class='ocrx_word' id='word_1_751' title='bbox 238 2752 268 2780; x_wconf 87' lang='lat' dir='ltr'><strong>ll,</strong></span> <span class='ocrx_word' id='word_1_752' title='bbox 281 2743 323 2774; x_wconf 86' lang='lat' dir='ltr'><strong>De</strong></span> <span class='ocrx_word' id='word_1_753' title='bbox 348 2743 541 2773; x_wconf 81' lang='lat' dir='ltr'><strong>consensione</strong></span> <span class='ocrx_word' id='word_1_754' title='bbox 561 2743 733 2782; x_wconf 81' lang='lat' dir='ltr'><strong>ustriusque</strong></span> <span class='ocrx_word' id='word_1_755' title='bbox 754 2742 886 2774; x_wconf 74' lang='lat' dir='ltr'><strong>ecclesia:</strong></span> <span class='ocrx_word' id='word_1_756' title='bbox 906 2743 1091 2783; x_wconf 84' lang='lat' dir='ltr'><strong>scripsimus,</strong></span> <span class='ocrx_word' id='word_1_757' title='bbox 1117 2743 1146 2774; x_wconf 94' lang='lat' dir='ltr'><strong>in</strong></span> <span class='ocrx_word' id='word_1_758' title='bbox 1170 2745 1299 2775; x_wconf 86' lang='lat' dir='ltr'><strong>medium</strong></span> <span class='ocrx_word' id='word_1_759' title='bbox 1322 2743 1529 2783; x_wconf 86' lang='lat' dir='ltr'><strong>proferamus:</strong></span> <span class='ocrx_word' id='word_1_760' title='bbox 1557 2743 1621 2773; x_wconf 82' lang='lat' dir='ltr'><strong>Hoc</strong></span> <span class='ocrx_word' id='word_1_761' title='bbox 1641 2743 1760 2781; x_wconf 84' lang='lat' dir='ltr'><strong>nefario</strong></span> 
     </span>
    </p>
   </div>
   <div class='ocr_carea' id='block_1_58' title="bbox 76 2786 1758 2828">
    <p class='ocr_par' dir='ltr' id='par_1_58' title="bbox 76 2786 1758 2828">
     <span class='ocr_line' id='line_1_58' title="bbox 76 2786 1758 2828; baseline -0.002 -8"><span class='ocrx_word' id='word_1_762' title='bbox 76 2788 222 2821; x_wconf 77' lang='lat' dir='ltr'><strong>Cerularii</strong></span> <span class='ocrx_word' id='word_1_763' title='bbox 231 2786 379 2828; x_wconf 74' lang='lat' dir='ltr'><strong>exemplo,</strong></span> <span class='ocrx_word' id='word_1_764' title='bbox 392 2787 448 2818; x_wconf 87' lang='lat' dir='ltr'><strong>alii</strong></span> <span class='ocrx_word' id='word_1_765' title='bbox 459 2796 574 2827; x_wconf 86' lang='lat' dir='ltr'><strong>quoque</strong></span> <span class='ocrx_word' id='word_1_766' title='bbox 585 2788 617 2818; x_wconf 88' lang='lat' dir='ltr'><strong>in</strong></span> <span class='ocrx_word' id='word_1_767' title='bbox 627 2787 760 2823; x_wconf 79' lang='lat' dir='ltr'><strong>Graecia,</strong></span> <span class='ocrx_word' id='word_1_768' title='bbox 770 2789 823 2827; x_wconf 86' lang='lat' dir='ltr'><strong>qui</strong></span> <span class='ocrx_word' id='word_1_769' title='bbox 833 2796 899 2818; x_wconf 82' lang='lat' dir='ltr'><strong>seco</strong></span> <span class='ocrx_word' id='word_1_770' title='bbox 909 2796 1003 2827; x_wconf 84' lang='lat' dir='ltr'><strong>usque</strong></span> <span class='ocrx_word' id='word_1_771' title='bbox 1014 2789 1119 2818; x_wconf 79' lang='lat' dir='ltr'><strong>tacitos</strong></span> <span class='ocrx_word' id='word_1_772' title='bbox 1129 2797 1163 2819; x_wconf 86' lang='lat' dir='ltr'><strong>ac</strong></span> <span class='ocrx_word' id='word_1_773' title='bbox 1174 2791 1341 2819; x_wconf 81' lang='lat' dir='ltr'><strong>reverentes</strong></span> <span class='ocrx_word' id='word_1_774' title='bbox 1353 2788 1576 2827; x_wconf 77' lang='lat' dir='ltr'><strong>continuerunt,</strong></span> <span class='ocrx_word' id='word_1_775' title='bbox 1584 2787 1698 2818; x_wconf 84' lang='lat' dir='ltr'><strong>rubore</strong></span> <span class='ocrx_word' id='word_1_776' title='bbox 1704 2795 1758 2817; x_wconf 77' lang='lat' dir='ltr'><strong>ea:-</strong></span> 
     </span>
    </p>
   </div>
   <div class='ocr_carea' id='block_1_59' title="bbox 73 2831 1761 2873">
    <p class='ocr_par' dir='ltr' id='par_1_59' title="bbox 73 2831 1761 2873">
     <span class='ocr_line' id='line_1_59' title="bbox 73 2831 1761 2873; baseline -0.002 -7"><span class='ocrx_word' id='word_1_777' title='bbox 73 2831 271 2873; x_wconf 80' lang='lat' dir='ltr'><strong>cusso,palum</strong></span> <span class='ocrx_word' id='word_1_778' title='bbox 280 2840 341 2862; x_wconf 87' lang='lat' dir='ltr'><strong>non</strong></span> <span class='ocrx_word' id='word_1_779' title='bbox 348 2840 401 2863; x_wconf 86' lang='lat' dir='ltr'><strong>ore</strong></span> <span class='ocrx_word' id='word_1_780' title='bbox 408 2831 461 2862; x_wconf 85' lang='lat' dir='ltr'><strong>sed</strong></span> <span class='ocrx_word' id='word_1_781' title='bbox 467 2833 587 2872; x_wconf 80' lang='lat' dir='ltr'><strong>scriptis</strong></span> <span class='ocrx_word' id='word_1_782' title='bbox 593 2832 681 2863; x_wconf 86' lang='lat' dir='ltr'><strong>editis</strong></span> <span class='ocrx_word' id='word_1_783' title='bbox 690 2835 722 2862; x_wconf 82' lang='lat' dir='ltr'><strong>in</strong></span> <span class='ocrx_word' id='word_1_784' title='bbox 732 2831 900 2863; x_wconf 84' lang='lat' dir='ltr'><strong>Romanam</strong></span> <span class='ocrx_word' id='word_1_785' title='bbox 908 2831 1075 2864; x_wconf 81' lang='lat' dir='ltr'><strong>Ecclesium</strong></span> <span class='ocrx_word' id='word_1_786' title='bbox 1082 2831 1234 2864; x_wconf 81' lang='lat' dir='ltr'><strong>oblatrure</strong></span> <span class='ocrx_word' id='word_1_787' title='bbox 1245 2835 1398 2873; x_wconf 79' lang='lat' dir='ltr'><strong>cwperunt</strong></span> <span class='ocrx_word' id='word_1_788' title='bbox 1407 2840 1416 2869; x_wconf 86' lang='lat'><strong><em>;</em></strong></span> <span class='ocrx_word' id='word_1_789' title='bbox 1424 2832 1592 2872; x_wconf 81' lang='lat' dir='ltr'><strong>eaqueipsa</strong></span> <span class='ocrx_word' id='word_1_790' title='bbox 1598 2835 1690 2862; x_wconf 68' lang='lat' dir='ltr'><strong>(ctare</strong></span> <span class='ocrx_word' id='word_1_791' title='bbox 1702 2832 1761 2863; x_wconf 85' lang='lat' dir='ltr'><strong>Ce-</strong></span> 
     </span>
    </p>
   </div>
   <div class='ocr_carea' id='block_1_60' title="bbox 72 2876 1759 2918">
    <p class='ocr_par' dir='ltr' id='par_1_60' title="bbox 72 2876 1759 2918">
     <span class='ocr_line' id='line_1_60' title="bbox 72 2876 1759 2918; baseline -0.003 -7"><span class='ocrx_word' id='word_1_792' title='bbox 72 2876 437 2916; x_wconf 80' lang='lat' dir='ltr'><strong>ruIariiNicetasquidam</strong></span> <span class='ocrx_word' id='word_1_793' title='bbox 446 2884 487 2907; x_wconf 71' lang='lat' dir='ltr'><strong>ex</strong></span> <span class='ocrx_word' id='word_1_794' title='bbox 494 2880 675 2908; x_wconf 76' lang='lat' dir='ltr'><strong>monasterio</strong></span> <span class='ocrx_word' id='word_1_795' title='bbox 685 2876 800 2913; x_wconf 85' lang='lat' dir='ltr'><strong>Studii,</strong></span> <span class='ocrx_word' id='word_1_796' title='bbox 812 2881 1008 2918; x_wconf 82' lang='lat' dir='ltr'><strong>cognomento</strong></span> <span class='ocrx_word' id='word_1_797' title='bbox 1014 2876 1180 2914; x_wconf 82' lang='lat' dir='ltr'><strong>Stcthatus,</strong></span> <span class='ocrx_word' id='word_1_798' title='bbox 1192 2886 1281 2917; x_wconf 89' lang='lat' dir='ltr'><strong>quem</strong></span> <span class='ocrx_word' id='word_1_799' title='bbox 1293 2877 1399 2908; x_wconf 83' lang='lat' dir='ltr'><strong>Latine</strong></span> <span class='ocrx_word' id='word_1_800' title='bbox 1406 2876 1551 2908; x_wconf 68' lang='lat' dir='ltr'><strong>diwerunt</strong></span> <span class='ocrx_word' id='word_1_801' title='bbox 1560 2877 1759 2913; x_wconf 85' lang='lat' dir='ltr'><strong>Pectoratum,</strong></span> 
     </span>
    </p>
   </div>
   <div class='ocr_carea' id='block_1_61' title="bbox 74 2920 1763 2963">
    <p class='ocr_par' dir='ltr' id='par_1_61' title="bbox 74 2920 1763 2963">
     <span class='ocr_line' id='line_1_61' title="bbox 74 2920 1763 2963; baseline -0.003 -7"><span class='ocrx_word' id='word_1_802' title='bbox 74 2923 163 2956; x_wconf 83' lang='lat' dir='ltr'><strong>multa</strong></span> <span class='ocrx_word' id='word_1_803' title='bbox 170 2923 349 2955; x_wconf 85' lang='lat' dir='ltr'><strong>Latinorum</strong></span> <span class='ocrx_word' id='word_1_804' title='bbox 354 2945 363 2959; x_wconf 89' lang='lat'><strong>,</strong></span> <span class='ocrx_word' id='word_1_805' title='bbox 369 2924 398 2952; x_wconf 87' lang='lat' dir='ltr'><strong>et</strong></span> <span class='ocrx_word' id='word_1_806' title='bbox 401 2922 576 2962; x_wconf 74' lang='lat' dir='ltr'><strong>prwcipued</strong></span> <span class='ocrx_word' id='word_1_807' title='bbox 579 2931 594 2953; x_wconf 88' lang='lat' dir='ltr'><strong>e</strong></span> <span class='ocrx_word' id='word_1_808' title='bbox 601 2921 723 2963; x_wconf 84' lang='lat' dir='ltr'><strong>Spiritu</strong></span> <span class='ocrx_word' id='word_1_809' title='bbox 729 2926 833 2954; x_wconf 84' lang='lat' dir='ltr'><strong>sancta</strong></span> <span class='ocrx_word' id='word_1_810' title='bbox 838 2946 846 2962; x_wconf 90' lang='lat'><strong>,</strong></span> <span class='ocrx_word' id='word_1_811' title='bbox 851 2922 888 2953; x_wconf 83' lang='lat' dir='ltr'><strong>de</strong></span> <span class='ocrx_word' id='word_1_812' title='bbox 893 2923 1024 2962; x_wconf 82' lang='lat' dir='ltr'><strong>azymis.</strong></span> <span class='ocrx_word' id='word_1_813' title='bbox 1034 2922 1070 2953; x_wconf 81' lang='lat' dir='ltr'><strong>de</strong></span> <span class='ocrx_word' id='word_1_814' title='bbox 1075 2922 1216 2962; x_wconf 83' lang='lat' dir='ltr'><strong>Sabbato,</strong></span> <span class='ocrx_word' id='word_1_815' title='bbox 1224 2927 1253 2955; x_wconf 87' lang='lat' dir='ltr'><strong>et</strong></span> <span class='ocrx_word' id='word_1_816' title='bbox 1258 2924 1376 2963; x_wconf 81' lang='lat' dir='ltr'><strong>nuptiis</strong></span> <span class='ocrx_word' id='word_1_817' title='bbox 1380 2920 1570 2953; x_wconf 78' lang='lat' dir='ltr'><strong>sacerdotum</strong></span> <span class='ocrx_word' id='word_1_818' title='bbox 1581 2921 1763 2952; x_wconf 82' lang='lat' dir='ltr'><strong>criminatus</strong></span> 
     </span>
    </p>
   </div>
  </div>
