1976 3067
67 177 136 210 853

70 254 137 283 σοι),
176 245 223 272 οὐκ
251 242 350 283 ἔκρυψα
372 243 397 271 ἒν
423 246 458 281 τῇ
486 241 576 282 καρδίᾳ
600 253 661 281 μου,
692 242 741 275 τὴν
777 240 900 276 ἀλήθειάν

70 299 124 316 σου
150 289 194 316 καὶ
222 289 253 316 τὸ
282 287 411 326 σωτήριόν
427 298 473 316 σου
489 287 555 315 εἶπα
572 295 578 301 '
610 288 656 316 οὒκ
671 286 769 325 ἔκρυψα
784 287 813 313 τὸ
829 285 901 317 ἔλεός

72 343 125 361 σου
152 333 198 361 καὶ
225 333 274 366 τὴν
303 332 428 366 ἆληθειάν
466 342 512 360 σου
547 331 600 359 ἀπὸ
635 332 791 370 συναγωγῆς

73 376 143 411 λῆς.
171 387 182 405 ιι

119 417 159 460 β’.
177 420 264 462 Ἀρχὴ
286 427 331 452 τοῦ
345 422 413 451 κατὰ
428 422 493 450 Θεὸν
522 421 589 459 βίου,
616 422 633 455 ἡ
659 420 771 448 καθόλου
792 424 838 448 τοῦ
853 421 902 448 κό-

75 477 150 504 σμου
166 468 248 506 φυγή,
276 467 347 500 Αὕτη
373 466 400 494 δέ
428 466 498 494 ἐστιν
519 468 536 500 ἡ
558 469 609 494 τῶν
638 465 793 503 θελημάτων
821 465 903 505 ἄρνη-

75 523 121 544 σις
137 515 188 545 τῆς
203 514 307 552 ψυχῆς,
332 511 376 539 καὶ
399 516 445 541 τοῦ
469 516 567 551 χοῖκοῦ
582 511 748 551 φρονήματος
772 511 789 544 ἡ
818 510 903 547 μετά-

75 559 152 588 θεσις
171 565 178 572 ·
209 555 242 584 δι’
272 558 305 590 ἧς
336 557 378 584 ἐπὶ
407 557 437 584 τὸ
457 558 530 584 θεῖον
557 555 748 596 ἀνα-τρέχοντες
770 555 903 595 φρόνημα,

76 601 254 639 πνευματικοὶ
269 601 298 629 ὲκ
314 604 444 641 σαρκικῶν
459 601 595 639 γινόμεθα,
626 600 791 640 νεκρούμενοι
807 599 854 637 μὲν
872 602 906 637 τῇ

77 647 159 686 σαρκὶ
173 647 216 674 καὶ
236 650 275 684 τῷ
289 646 615 685 κόσμῳᾹζωοποιούμενοι
645 644 671 672 δὲ
761 647 848 685 ψυχῇ,
879 643 906 671 ἐν

78 694 188 731 Χριστῷ
201 692 245 719 καὶ
257 694 296 728 τῷ
308 691 451 728 Πνεύματι.

125 730 163 774 γ’.
193 735 260 769 Δόξα
289 736 381 775 ψυχῆς
406 735 464 774 περὶ
498 739 563 765 Θεοῦ
589 734 717 773 ἀψευδὴς,
747 735 791 763 καὶ
818 735 905 766 πίστις

79 778 228 812 ἐνδιάθετος
267 779 295 808 ἐν
336 780 529 818 καταφρονήσει
567 782 620 807 τῶν
663 778 814 818 ὁρωμένων,
863 780 906 807 καὶ

79 823 176 864 πρᾶξις
215 825 311 864 ἀρετῆς
338 823 473 864 φιλαυτίας
508 824 596 857 πάσης
632 823 831 863 κεχωρισμένη,
862 823 906 852 ἕν-

79 880 182 908 τριτον,
219 870 288 898 κατὰ
315 870 359 897 τὸν
389 869 560 907 Σολομῶντα,
584 870 709 906 σπαρτίον
727 877 733 884 ’
758 869 771 896 ὃ
800 868 905 908 ταχέως

79 915 112 942 οὗ
146 914 290 954 ῥαγήσεται
327 914 398 954 παρὰ
440 917 493 942 τῶν
533 914 689 952 πνευμάτων
730 916 779 948 τῆς

81 959 156 998 ρίας.

124 998 159 1034 δ’.
192 1005 280 1032 Πίστει
311 1003 358 1035 τὰς
392 1002 504 1041 ἀμοιϐὰς
533 1003 671 1040 ἐλπίζομεν
700 1006 752 1032 τῶν
780 1003 905 1040 καμάτων

80 1047 242 1087 ἀπολαϐεῖν,
272 1047 311 1076 διὸ
352 1049 396 1076 καὶ
437 1048 548 1088 φέρομεν
590 1048 649 1080 τοὺς

832 330 902 359 πολ-

822 925 906 947 πονη-

692 1048 787 1079 πιίνοος
814 1047 906 1083 ῥᾳδίως

81 1097 137 1121 τῶν
176 1093 288 1133 ἀρετῶν.
325 1089 390 1122 Ὑπὸ
433 1093 459 1121 δὲ
494 1097 538 1121 τοῦ
577 1094 645 1121 θείου
686 1093 905 1133 πληροερορούμε-

82 1149 124 1167 νοι
180 1138 342 1176 Πνεύματος,
399 1141 432 1176 τῇ
488 1138 581 1177 ἀγάπῃ
624 1138 785 1176 πτερούμεθα

82 1182 162 1213 Θεόν.

128 1221 162 1258 ε’.
187 1229 244 1268 Οὒχ
264 1227 326 1257 ὅταν
354 1228 405 1256 ὑπὸ
426 1227 562 1266 λογισμῶν
586 1227 766 1268 ἐνοχλούμεθα
789 1227 905 1266 ἀκαθάρ-

86 1283 152 1310 των,
179 1271 230 1306 ἤδη
259 1273 302 1300 καὶ
328 1273 376 1305 τῆς
391 1275 444 1300 τῶν
459 1272 632 1312 ἐνεργούντων
656 1272 689 1300 τὰ
717 1271 803 1312 φαῦλα
831 1272 906 1311 μερί-

85 1315 129 1348 δος
155 1317 278 1355 γινόμεθα
295 1325 303 1333 ⁸
326 1315 386 1344 ἀλλ’
413 1316 474 1345 ὅταν
499 1322 544 1346 τοῦ
567 1317 644 1345 τόνου
659 1316 755 1350 ἑαυτῆς
771 1315 909 1356 ὑποχαλά-

86 1372 156 1390 σασα
176 1362 193 1395 ἡ
210 1362 297 1401 ψυχὴ,
314 1362 358 1390 καὶ
383 1363 397 1390 ὁ
424 1365 494 1398 νοῦς,
515 1361 540 1394 ἐξ
567 1361 741 1400 ἠμελημένης
769 1362 813 1389 καὶ
841 1361 908 1389 ἁκο-

88 1405 187 1434 λᾶστου
207 1405 319 1442 διαίτης,
336 1406 458 1438 θολώδεις
484 1406 533 1440 ἕξει
557 1407 601 1435 καὶ
623 1405 742 1438 σκιώδεις
766 1406 812 1438 τὰς
841 1417 909 1446 φαν-

87 1451 192 1490 τασίας,
222 1452 266 1479 καὶ
293 1453 316 1479 οἱ
344 1452 418 1480 πόνοι
450 1454 500 1484 τῆς
538 1451 633 1490 ἀρετῆς
662 1451 688 1479 ἐν
716 1451 826 1490 ῥᾳθυμίᾳ
860 1451 909 1483 τῆς

90 1495 204 1534 μελέτης
232 1496 275 1524 καὶ
302 1499 455 1536 προσευχῆς
491 1495 657 1534 ἐπιλείψωσι,
688 1500 837 1529 Τηνικαῦτα
866 1496 911 1523 καὶ

90 1541 129 1577 μὴ
170 1540 334 1580 ἐνεργοῦντες
380 1542 412 1569 τὰ
451 1541 547 1581 φαῦλα,

89 1585 116 1613 ἐν
158 1592 219 1617 ταῖς
260 1584 368 1620 ἡδοναῖς
414 1586 538 1618 ἑκουσίως
580 1584 772 1623 ἱλυσπωμένων
812 1584 911 1613 ταττό-

92 1633 169 1669 μεθα.

841 1137 905 1176 πρὸς

128 1670 180 1712 ς’,
212 1675 345 1703 Λυθὲντων
366 1674 468 1715 δὲξτῶν
497 1675 616 1716 χαλινῶν
637 1679 689 1704 τῶν
717 1675 913 1714 ἡγεμονικωτέ-

87 1731 138 1760 ρων
167 1721 324 1758 αἰσθήσεων,
354 1721 445 1749 αὐτίκα
474 1722 518 1750 καὶ
549 1721 640 1749 παθὼν
670 1720 846 1751 ἐπανάστασις
869 1721 913 1758 γί-

87 1775 169 1803 νεται,
206 1765 250 1794 καὶ
279 1767 296 1800 ἡ
332 1769 383 1793 τῶν
419 1765 660 1806 ἆνδραποόεστὲρων
688 1765 835 1799 αἰσθήσεων
867 1777 914 1794 κι-

88 1817 172 1839 νεῖται
210 1810 336 1850 ἐνέργεια.
369 1811 454 1839 Εῗωθε
482 1811 532 1850 γάρ
560 1821 616 1842 πως
645 1811 662 1844 ἡ
695 1810 795 1838 τούτων
818 1809 916 1849 ἀλογία

91 1858 143 1883 τῶν
177 1857 226 1888 τῆς
262 1854 413 1894 ἐγκρατείας
447 1855 554 1883 λυθεῖσα
581 1854 695 1894 δεσμῶν,
731 1861 792 1886 ταῖς
821 1855 915 1883 αἰτίαις

93 1900 243 1939 ἐπισκιρτᾷν
257 1904 308 1928 τῶν
335 1902 436 1936 παθῶν,
459 1901 502 1928 καὶ
528 1901 563 1931 ὡς
589 1899 616 1927 ἐν
639 1900 791 1936 θανασίμοις
821 1901 913 1932 αὔταῖς

91 1943 272 1973 ἐπιϐόσκεσθαι
298 1945 388 1981 πὸαις,
419 1945 462 1972 καὶ
487 1945 603 1981 τοσούτῳ
638 1943 750 1981 μᾶλλον,
780 1943 840 1972 ὅσον
871 1951 915 1977 καὶ

89 1990 106 2023 ἡ
150 1988 236 2021 ἄνεσις
277 1989 451 2028 χρονιώτερον
495 1989 662 2019 ἐπιτείνεται,
701 1989 736 2017 Οὔ
777 1989 826 2028 γὰρ
866 1989 914 2016 αν-

93 2034 196 2074 έχεται,
232 2033 291 2062 καθ’
319 2035 356 2062 ὧν
391 2038 505 2074 φυσικῶς
544 2033 602 2074 ἔχει
643 2033 693 2066 τὴν
734 2032 828 2073 ὄρεξιν,
873 2033 918 2061 λυ-

91 2082 168 2108 θεῖσα
224 2082 277 2107 τῶν
317 2079 448 2119 χαλινῶν,
493 2079 550 2117 ¹τὴν
600 2077 699 2116 μέθεξιν
749 2078 915 2118 ἀποκραύσα-

93 2125 160 2153 σθαι.

128 2164 162 2204 ζ’.
178 2171 235 2198 Τῶν
262 2169 420 2205 αἰσθήσεων,
443 2170 469 2196 αἱ
491 2168 539 2206 μὲν
557 2170 642 2198 αὐτῶν
656 2167 805 2207 λογικαίτέ
821 2170 884 2197 εἰσιν
902 2178 909 2185 ⁸

560 173 830 207 PRACTICORUM
853 172 1023 203 CAPITUM
1046 173 1243 204 CENTURIA
1265 173 1278 203 Ι

1708 170 1768 202 854

913 243 933 266 Α
944 238 1015 315 dixli.
1031 240 1096 271 Non
1111 238 1255 270 abscondi
1271 238 1505 271 misericordiam
1515 242 1593 270 tuam
1602 247 1620 269 a
1632 237 1766 269 concilio

943 294 992 315 mu
1006 288 1034 315 to
1049 285 1071 315 ¹.
1091 296 1104 312 »

943 285 1034 316 multo
1049 285 1071 315 ¹.
1091 296 1104 312 »

983 418 1014 450 2.
1030 418 1149 449 Initium
1170 419 1236 449 vitae
1252 418 1361 449 divina:
1381 422 1425 449 est
1447 417 1537 449 totius
1563 417 1667 448 mundi
1686 417 1766 457 fuga.

915 486 918 489 .
944 462 1012 493 Ilaec
1033 467 1130 493 autem
1154 467 1197 493 est
1224 463 1380 502 abnegatio
1405 462 1585 493 voluntatem
1603 463 1720 499 animae,
1739 465 1769 493 et

947 508 1056 538 terreni
1076 507 1196 548 spiritus
1217 507 1393 544 immutatio,
1418 517 1470 547 per
1484 517 1572 547 quam
1588 507 1618 537 in
1633 507 1767 539 divinum

947 551 1088 592 Spiritum
1103 553 1263 588 avolantes,
1280 552 1448 593 spirituales
1464 561 1497 583 ex
1513 551 1684 583 carnalibus
1699 561 1772 583 eva-

947 597 1055 637 dimus,
1071 597 1231 628 morientes
1244 598 1325 628 carni
1340 602 1369 628 et
1384 597 1507 633 mundo,
1522 597 1655 628 viventes
1668 601 1768 628 autem

947 641 1053 672 animae
1067 642 1098 672 in
1114 643 1230 674 Christo
1247 646 1276 673 et
1288 641 1400 683 Spiritu
1416 646 1531 674 sancto.

987 732 1016 763 3.
1034 731 1133 763 Gloria
1147 732 1253 763 animae
1266 732 1303 762 de
1319 731 1379 762 Deo
1395 741 1454 762 non
1471 731 1548 768 ﬁcta,
1564 730 1637 761 ﬁdes
1653 730 1771 762 sincera

948 776 976 807 in
991 781 1162 817 contemptu
1178 776 1385 814 visibilium,et
1401 776 1499 816 praxis
1512 776 1628 806 virtutis
1639 775 1675 806 ab
1688 772 1769 806 omni

947 831 1048 852 amore
1073 821 1193 862 proprio
1215 826 1379 862 segregata,
1397 821 1444 852 hic
1461 825 1505 852 est
1529 820 1635 861 triplex
1651 829 1668 851 a
1683 820 1770 852 Salo-

918 885 937 909 B
949 875 1035 896 mone
1050 866 1183 897 laudatus
1205 866 1364 904 funiculus,
1381 866 1431 906 qui
1447 865 1569 896 difficile
1588 865 1738 906 rumpitur
1751 874 1771 895 a

949 911 1084 951 malignis
1099 911 1267 952 spiritibus.

986 1003 1015 1033 4.
1032 1001 1282 1032 Fidemercedem
1295 1001 1429 1032 laborum
1446 1000 1532 1032 nobis
1544 999 1770 1031 retribuendam

947 1055 1111 1086 speramus,
1136 1046 1262 1086 ideoque
1282 1046 1398 1077 labores
1415 1047 1557 1077 virtutum
1573 1045 1659 1076 facile
1676 1045 1769 1075 sull'e-

947 1092 1051 1122 rimus.
1084 1091 1204 1122 Fiducia
1231 1090 1489 1132 autemaSpiritu
1517 1094 1620 1121 sancto
1649 1088 1767 1129 repleti,

948 1135 1090 1167 charitate
1105 1135 1288 1174 volamusrad
1305 1136 1410 1166 Deum.

988 1228 1017 1258 5,
1036 1227 1099 1257 Non
1116 1226 1233 1266 quando
1250 1225 1476 1265 cogitationibus
1493 1224 1700 1265 perturbamur
1711 1223 1770 1254 im-

949 1272 1042 1313 puris,
1062 1272 1122 1312 jam
1140 1271 1218 1301 inter
1231 1271 1373 1302 facientes
1389 1271 1464 1301 mala
1480 1275 1593 1310 partem
1610 1269 1770 1305 habemus,

950 1317 1001 1348 sed
1018 1316 1134 1356 quando
1150 1316 1187 1346 de
1204 1315 1328 1355 pristina
1347 1315 1453 1345 virtute
1469 1314 1611 1345 deficiens
1633 1313 1732 1344 anima
1744 1315 1773 1343 et

950 1362 1081 1402 spiritus,
1092 1365 1212 1401 propter
1223 1359 1404 1390 indolentem
1419 1360 1653 1399 dissolutamque
1665 1358 1771 1402 vitam,

951 1401 1085 1438 cmnosas
1114 1405 1233 1435 habebit
1249 1409 1278 1435 et
1288 1404 1463 1443 caliginosas
1478 1404 1635 1443 imagines,
1648 1407 1678 1434 et
1694 1401 1772 1433 labo-

952 1461 1000 1483 res
1014 1451 1130 1482 virtutis
1147 1451 1174 1480 in
1191 1449 1370 1489 negligentia
1383 1448 1581 1480 meditationis
1591 1453 1619 1479 et
1630 1447 1773 1478 orationis

953 1496 1121 1527 cessabunt.
1138 1495 1232 1535 Tunc,
1249 1494 1318 1524 licet
1332 1503 1423 1533 opera
1449 1503 1507 1524 non
1527 1493 1667 1524 facientes
1683 1492 1771 1530 mala,

598 1541 625 1569 ἐν
665 1544 698 1579 τῇ
741 1541 817 1581 χώρᾳ
859 1543 909 1568 τῶν

976 1552 982 1572 ι
1011 1550 1114 1572 eorum
1146 1548 1271 1570 numero
1300 1539 1350 1579 qui
1374 1538 1405 1569 in
1432 1537 1630 1579 voluptatibus
1651 1537 1726 1568 ultro
1742 1545 1775 1568 se

952 1586 1094 1624 volutant,
1110 1584 1292 1615 ordinamur.

994 1677 1024 1708 6.
1042 1674 1151 1707 Solutis
1166 1678 1265 1704 autem
1281 1673 1374 1704 frenis
1386 1682 1526 1704 sensuum
1538 1672 1658 1713 imperii
1672 1671 1776 1703 nimio—

955 1731 1036 1760 rum,
1053 1719 1151 1750 statim
1176 1723 1205 1749 et
1228 1718 1381 1758 cupidates
1409 1718 1576 1757 insurgunt,
1596 1721 1626 1748 et
1639 1716 1778 1748 fortiores

960 1766 1138 1798 suscitantur
1160 1773 1301 1794 sensuum
1328 1763 1415 1793 vires.
1441 1762 1538 1793 Solem
1556 1762 1636 1792 enim
1651 1761 1774 1792 istorum

958 1811 1084 1851 insania,
1109 1808 1313 1848 temperantiae
1337 1807 1431 1838 soluta
1454 1807 1589 1844 vinculis,
1614 1807 1644 1837 in
1660 1806 1778 1846 objecta

956 1856 1152 1898 cupiditantes
1177 1853 1334 1898 excitantia
1357 1861 1489 1898 praeceps
1515 1851 1648 1898 ferri,”in
1671 1851 1778 1891 hisque

957 1895 1104 1942 pestiferis
1128 1899 1211 1939 quasi
1237 1897 1316 1938 pasci
1344 1897 1470 1937 pabulis,
1497 1900 1526 1926 et
1550 1895 1777 1942 quidemutanto

958 1940 1059 1985 inagis,
1077 1949 1186 1985 quanto
1203 1943 1311 1973 diutius
1326 1942 1466 1972 relaxatio
1483 1940 1777 1981 producitur.Neque

960 1991 1038 2021 enim
1064 1984 1202 2024 sustinet,
1221 1987 1313 2018 frenis
1332 1987 1437 2021 soluta,
1454 1995 1504 2016 res
1527 1994 1543 2015 a
1558 1994 1590 2015 se
1604 1984 1732 2025 rejicere
1747 1985 1777 2015 in

959 2044 1030 2076 quas
1046 2033 1208 2064 naturalem
1225 2032 1314 2062 habet
1327 2030 1568 2071 propensionem.

992 2169 1021 2200 7.
1046 2168 1125 2199 Inler
1152 2175 1270 2200 sensus,
1299 2165 1348 2196 alii
1373 2168 1442 2195 sunt
1465 2163 1636 2204 rationales,
1663 2163 1781 2195 scilicet

91 2214 192 2255 ὅρασις,
222 2214 303 2250 ἀκοὴ,
338 2214 381 2241 καὶ
410 2216 463 2241 τῶν
492 2211 580 2240 ἄλλων
609 2212 782 2253 ἐμφιλόσοφοί
810 2225 837 2242 τε
866 2215 908 2242 καὶ

980 2223 1029 2243 sus
1046 2217 1074 2243 et
1089 2212 1218 2249 auditus,
1238 2211 1288 2251 qui
1304 2210 1502 2250 philosophiae
1517 2209 1676 2250 acimperii
1693 2218 1781 2249 capa-

91 2259 312 2298 ἧγεμονικώτεραι
330 2267 336 2275 ·

846 2270 890 2286 ’,μευ
895 2276 910 2281 -

95 2281 312 2298 ..μμηηηωηρω
356 2281 380 2286 ...
398 2281 432 2296 Π--
462 2281 552 2297 -..ηπ
581 2281 622 2286 η...
647 2281 788 2292 ...φεμ-η,
853 2281 890 2298 ,γη

95 2316 144 2341 σις,
175 2303 314 2344 ὄσφρησις,
351 2303 404 2343 ἁφὴ
432 2303 498 2342 πρὸς
533 2303 674 2341 ὒπηρεσίαν
704 2306 755 2331 τῶν
785 2303 910 2343 λογικῶν,

94 2345 208 2388 Ὀρεῦμεν
236 2349 285 2388 γὰρ
310 2349 413 2387 πρῶτον
442 2348 486 2376 καὶ
513 2347 654 2385 ἀκσύομεν,
677 2348 720 2376 καὶ
749 2347 832 2379 οὕτως
863 2349 914 2376 ὑπὸ

91 2392 228 2432 τοῦλόγου
251 2393 410 2430 κινούμενοι,
438 2393 573 2430 ἁπτόμεθα
600 2403 628 2420 τε
656 2393 701 2420 τοῖν
727 2393 911 2432 προκειμένου

95 2439 135 2466 καὶ
150 2437 361 2478 ὀσφραινόμενοι,
385 2440 418 2475 τῇ
445 2437 531 2476 γεύσει
560 2435 688 2474 διδοῦμεν.
723 2438 768 2464 Διὸ
789 2438 831 2465 καὶ
860 2441 912 2465 τῶν

95 2483 155 2521 δύω,
180 2481 352 2518 ζωοδέστατοί
368 2483 431 2510 εἰσιν
461 2483 485 2510 αἱ
512 2488 596 2521 τρετς,
627 2482 670 2509 καὶ
698 2481 830 2521 ἀτεχνῶς,
862 2482 910 2510 ἀν-

95 2526 330 2566 δραποδωδέστατοι
347 2535 355 2543 ·

356 2260 380 2286 αἱ
398 2257 432 2296 ,δὲ
460 2257 552 2297 ἄλογοι
579 2259 622 2286 καὶ
645 2257 789 2292 κτηνώδεις
807 2266 813 2273 ·

386 2527 443 2566 περὶ
477 2527 507 2559 ἃς
536 2529 588 2554 τῶν
616 2526 772 2565 θρεμμάτων
794 2527 837 2554 καὶ
859 2528 909 2559 θη-

96 2573 153 2612 ρίων
194 2572 227 2599 τὰ
268 2570 516 2610 γαστριμαργότατα
557 2570 600 2598 καὶ
639 2571 911 2598 συνουσιαστικώτατα

95 2617 239 2650 πεπόνηται
263 2615 377 2654 μάλιστα
395 2624 401 2630 ·
427 2614 460 2643 δι’
476 2615 540 2649 ὅλης
555 2616 605 2654 γὰρ
618 2615 719 2654 ἡμέρας
741 2616 784 2643 καὶ
806 2616 909 2655 νυκτὸς,

95 2663 111 2696 ἢ
126 2665 226 2702 τροφῶν
255 2660 398 2696 ἀπλήστως
430 2660 596 2700 ἐμφορεῖται,
616 2660 634 2694 ἢ
658 2660 722 2699 πρὸς
752 2660 799 2691 τὰς
821 2660 913 2699 ὀχείας

95 2708 170 2746 ὁρμᾷ.

133 2746 173 2785 η’.
211 2746 240 2780 I0
268 2751 315 2782 τὰς
343 2750 472 2790 ἐνεργείας
501 2753 554 2778 τῶν
576 2750 652 2781 ἐκτὸς
681 2749 825 2784 αἰσθήσεων
848 2750 914 2788 πρὸς

98 2796 141 2828 τὰς
178 2794 249 2824 ἔνδον
276 2794 374 2834 τρέψας
403 2795 550 2832 αἰσθήσεις,
580 2795 623 2822 καὶ
651 2794 699 2827 τὴν
735 2793 783 2831 μὲν
810 2793 913 2832 ὅρασιν,

137 2862 240 2895 ¹Ρεδ1.
256 2870 355 2900 xxxrx,
377 2861 426 2900 10,
444 2863 492 2893 ll.

953 2258 1049 2289 ciores
1064 2261 1132 2288 sunt
1145 2265 1232 2297 quam
1249 2256 1369 2293 caeteri;
1385 2255 1435 2286 alii
1449 2264 1518 2285 vero
1534 2259 1601 2285 sunt
1618 2253 1778 2285 irrationa—

955 2303 1041 2338 biles,
1058 2307 1086 2332 et
1101 2301 1255 2342 animales,
1277 2307 1308 2331 ut
1331 2304 1444 2340 gustus,
1471 2300 1594 2330 olfactus
1616 2303 1645 2330 et
1671 2302 1777 2337 tactus,

957 2348 995 2378 ad
1011 2346 1202 2378 rationalibus
1225 2345 1448 2376 inserviendum
1466 2344 1617 2375 destinati.
1633 2343 1778 2375 Videmus

959 2392 1038 2423 enim
1056 2391 1182 2432 primum
1209 2395 1237 2421 et
1260 2390 1408 2427 audimur,
1432 2390 1535 2430 sicque
1561 2389 1676 2420 ratione
1694 2388 1777 2426 moti,

956 2438 1069 2476 objecta
1085 2436 1243 2475 tangimus,
1260 2435 1419 2466 adoramur
1443 2439 1473 2465 et
1496 2434 1595 2474 gustui
1620 2433 1776 2465 tradimus.

955 2481 1054 2521 Itaque
1070 2491 1104 2511 ex
1119 2480 1237 2511 duobus
1253 2489 1394 2511 sensuum
1410 2479 1580 2518 generibus,
1599 2482 1658 2509 tres
1680 2482 1779 2518 poste-

954 2527 1049 2556 riores
1064 2529 1132 2556 sunt
1147 2527 1275 2556 maxime
1292 2524 1430 2555 bestiales
1444 2533 1478 2554 ac
1491 2532 1611 2564 prorsus
1628 2523 1752 2554 serviles
1770 2531 1778 2554 :

953 2571 1061 2611 quippe
1075 2579 1150 2610 quos
1167 2569 1315 2610 imprimis
1327 2573 1464 2599 exercent
1476 2569 1612 2608 jumenta
1626 2571 1655 2598 et
1666 2576 1774 2608 pecora

954 2616 1049 2646 ventri
1069 2620 1098 2646 et
1119 2615 1222 2645 veneri
1249 2614 1375 2644 maxime
1404 2613 1597 2654 indulgentia,
1625 2622 1694 2644 nam
1722 2612 1775 2643 diu

957 2664 1106 2700 noctuque
1121 2659 1166 2690 vel
1180 2659 1346 2690 insatiabile
1361 2658 1435 2690 cibis
1447 2658 1603 2690 eﬂarciunt
1618 2657 1777 2694 abdomen,

957 2705 1001 2736 vel
1019 2705 1048 2735 in
1062 2704 1235 2735 coucubitus
1251 2703 1378 2734 irruunt.

997 2750 1026 2781 8.
1046 2749 1102 2785 Qui
1117 2758 1235 2779 sensum
1251 2753 1441 2779 externorum
1456 2747 1642 2788 operationes
1656 2745 1778 2784 adsen-

957 2804 1007 2825 sus
1033 2794 1166 2825 internos
1192 2793 1347 2830 convertit,
1375 2797 1406 2824 et
1428 2793 1520 2824 visum
1545 2792 1582 2823 ad
1596 2791 1781 2823 intellectum
