1976 3067
798 276 879 300 ANNO
900 277 1002 300 DOMINI
1023 276 1095 300 MLVI

443 363 657 448 LEO
730 364 1393 450 ACHRIDANU
1412 364 1468 449 S

838 613 1061 656 NO'I'ITIA

501 706 615 738 tFabric
644 706 784 738 Biblioth.
802 706 896 739 Graec.
914 707 962 738 ed.
980 706 1095 741 Harles,
1115 710 1186 737 tom.
1203 705 1265 747 VII,
1284 717 1312 747 p.
1330 708 1398 739 7l5n

150 884 220 919 Leo,
232 883 424 924 Bulgarorum
432 884 686 925 archiepiscopus,
701 884 869 916 Latinorum
882 894 950 916 acer
960 885 1157 923 adversarius,
1168 885 1207 916 de
1219 885 1304 924 cujus
1315 884 1433 929 scriptis
1444 886 1555 916 Caveus
1564 885 1600 916 ad
1611 895 1648 917 an
1659 888 1692 918 C.
1704 888 1776 918 1051
1785 917 1792 929 ,

105 928 158 968 qui
171 932 253 959 recte
268 928 471 960 Achridenum
486 929 548 960 sive
561 929 771 960 Achritlanum
786 931 927 970 appellat,
945 930 984 969 (at
1000 929 1172 960 auctoritate
1186 929 1333 969 Sigeberti
1349 928 1570 961 Gemblacensis
1585 940 1649 970 cap.
1669 933 1737 968 147,
1751 932 1795 963 De

105 974 305 1013 scriptoribus
314 973 532 1009 ecclesiasticis,
545 974 613 1013 quia
625 974 817 1013 Bulgarorum
829 975 1045 1015 archiepiscopi
1058 975 1138 1005 circa
1150 974 1179 1005 Ill
1192 973 1335 1014 temporis
1344 973 1584 1006 Achridesedem
1598 976 1746 1007 babedant
1755 976 1795 1017 (b)

106 1017 216 1048 Contra
232 1018 312 1049 hunc
328 1018 457 1050 Leonem
471 1017 674 1049 Achridanum
685 1019 804 1060 scripsit
818 1019 875 1050 Leo
887 1019 924 1050 IX
936 1029 1019 1059 papa.
1035 1019 1139 1050 Nullus
1149 1019 1199 1050 illo
1211 1022 1261 1050 aut
1278 1018 1417 1049 furiosior
1430 1023 1481 1049 aut
1499 1020 1678 1059 petulantior
1693 1026 1796 1052 contra

105 1061 228 1094 Latinos
238 1062 367 1103 scripsit,
380 1062 482 1102 judice
498 1062 561 1093 Nic.
575 1063 738 1100 Comneno,
757 1073 811 1104 pag
828 1065 896 1101 185,
910 1064 962 1095 ubi
977 1064 1049 1094 citat
1063 1064 1128 1103 ejus
1142 1064 1184 1095 De
1196 1065 1385 1103 processione
1400 1063 1535 1103 Spiritus
1550 1067 1650 1096 sancti
1665 1067 1744 1106 quod
1759 1076 1795 1097 ex

106 1107 171 1138 solo
183 1109 268 1139 Patre
277 1108 428 1148 procedat,
441 1112 470 1139 et
479 1107 531 1139 lib.
542 1117 551 1139 ι
562 1108 674 1139 Contra
685 1118 866 1148 azymorum
877 1109 1007 1140 usumin
1020 1109 1054 1139 S.
1071 1109 1281 1147 Eucharistia,
1293 1108 1322 1138 id
1332 1117 1397 1148 pag.
1414 1109 1480 1140 188.
1493 1108 1594 1139 Trium
1608 1110 1671 1150 ejus
1681 1110 1794 1150 Episto-

107 1151 202 1181 larum
220 1152 256 1182 da
271 1153 379 1192 azymis
404 1152 514 1184 mentio
538 1152 568 1183 in
585 1153 730 1192 Beverigii
744 1153 811 1185 cod.
829 1163 976 1184 canonum
993 1157 1064 1184 tom.
1083 1152 1127 1190 Il;
1159 1154 1186 1184 in
1202 1153 1298 1184 Alexii
1313 1152 1443 1183 Aristeni
1459 1152 1583 1194 Synopsi
1598 1154 1794 1193 Epistolarum

107 1196 330 1234 canonicarum,
349 1197 398 1228 ubi
412 1205 446 1228 ex
459 1197 555 1237 prima
566 1197 648 1228 locus
659 1198 794 1236 affertur,
808 1199 864 1229 Dd.
882 1198 900 1230 3
916 1199 944 1230 Ι).
961 1198 1005 1229 Ex
1020 1197 1145 1238 epistola
1160 1197 1257 1238 prima
1275 1201 1301 1227 c’
1319 1197 1405 1228 tertia
1420 1197 1508 1228 etiam
1524 1198 1646 1229 Allatius
1665 1201 1707 1230 De
1722 1209 1794 1231 con-

106 1249 209 1277 sensu,
234 1250 300 1281 pag.
317 1242 394 1273 1163
410 1245 439 1272 et
464 1241 550 1273 1167.
567 1241 696 1281 Epistola
718 1242 753 1272 ad
768 1242 926 1283 Joannem,
949 1242 1132 1273 Tranensem
1149 1242 1179 1272 in
1194 1242 1299 1282 Apulia
1325 1241 1509 1282 episcopum,
1537 1244 1693 1283 acerrima,
1710 1253 1796 1284 quam

108 1293 159 1316 an.
175 1286 250 1316 1033
259 1286 398 1316 adversus
409 1286 528 1316 Latinos
543 1285 673 1326 scripsit,
687 1290 782 1317 exstat
797 1296 830 1317 ex
843 1287 997 1318 Humberti
1013 1286 1115 1325 Legati
1127 1287 1264 1318 versione
1281 1285 1383 1317 Latina
1397 1287 1474 1326 apud
1489 1287 1650 1318 Baronium
1667 1289 1701 1319 ad
1714 1289 1796 1319 illum

107 1339 229 1368 annum,
248 1340 278 1360 η.
294 1330 333 1360 Ὲ3
347 1339 411 1370 seq.
428 1339 494 1360 cum
511 1329 617 1361 Léonis
631 1330 678 1366 lX,
697 1341 789 1371 papae,
808 1331 940 1371 Epistola
953 1331 1096 1364 Cerularii
1110 1336 1138 1361 et
1153 1331 1241 1370 hujus
1253 1330 1360 1362 Leonis
1376 1330 1526 1367 inauditis,
1539 1335 1569 1361 ut
1583 1331 1633 1368 ait,
1649 1342 1794 1372 prtesum—

109 1374 259 1414 ptionibus
273 1376 418 1415 opposita,
434 1384 499 1415 qua:
514 1379 606 1405 exstat
622 1375 709 1406 etiam
726 1376 755 1406 in
773 1377 860 1406 tomis
875 1376 1091 1413 Conciliorum,
1110 1379 1184 1407 tom.
1203 1375 1237 1407 IX
1250 1375 1369 1412 Lubbei,
1384 1384 1450 1416 pag.
1463 1376 1533 1412 949,
1548 1381 1577 1406 et
1589 1381 1660 1406 tum.
1674 1376 1712 1408 VI
1720 1377 1797 1408 Har-

108 1419 192 1449 duini
210 1429 237 1459 p.
255 1419 325 1451 9‘27.
343 1420 482 1456 (Fanum)
500 1436 537 1442 -—
553 1419 585 1450 In
602 1419 689 1452 codd.
707 1422 787 1452 Mon.
802 1421 1012 1452 BavarJtﬁet
1027 1420 1093 1460 H3,
1107 1419 1215 1451 Leonis
1224 1420 1358 1460 archiep.
1372 1420 1527 1460 Bulgaria},
1542 1421 1671 1460 Epistula
1682 1422 1719 1452 de
1731 1431 1798 1462 azy-

109 1463 165 1493 mis
183 1469 211 1494 et
226 1463 359 1495 Sabbatis
376 1464 466 1494 missa
479 1463 515 1494 ad
532 1465 691 1503 quemdam
707 1464 793 1496 Rom.
811 1465 993 1506 pontiﬁcem.
1010 1465 1082 1501 (Cat.
1098 1464 1185 1496 codd.
1201 1465 1253 1495 Gr.
1267 1474 1332 1505 pag.
1349 1465 1388 1496 43
1399 1470 1429 1496 et
1444 1465 1505 1501 44.)
1518 1482 1550 1487 «-
1564 1466 1676 1497 Eadem
1688 1466 1717 1496 in
1728 1467 1796 1502 cod.

110 1508 204 1540 l’aris.
223 1509 312 1546 1315,
330 1517 360 1538 n.
376 1509 406 1546 2,
425 1507 497 1538 bibl.
516 1508 598 1548 pubi.
615 1526 650 1531 —
666 1507 851 1540 Vindobona:
866 1511 895 1540 in
910 1509 980 1541 dod.
998 1509 1067 1546 l5'l,
1084 1518 1114 1540 n.
1132 1509 1181 1547 18,
1193 1508 1336 1549 Excerpta
1347 1518 1381 1540 ex
1392 1508 1499 1539 Leonis
1510 1510 1713 1550 metropolilaa,
1727 1510 1798 1541 alio-

109 1560 234 1593 rumque
248 1552 417 1584 Graecorum
440 1551 578 1591 scriptor.
604 1552 743 1593 operibus
767 1558 869 1584 contra
885 1553 1003 1585 Latinos
1025 1554 1062 1584 de
1079 1553 1268 1593 processione
1285 1553 1413 1594 Spiri'us
1437 1553 1542 1594 sancti,
1559 1555 1597 1585 de
1622 1555 1741 1595 azymis,
1758 1555 1796 1586 de

106 1596 235 1637 jejunio,
253 1596 400 1637 Sabbatis,
416 1600 474 1628 etc.
491 1596 641 1634 (Lambec.
668 1597 833 1628 Comment.
849 1597 905 1630 vol.
922 1598 972 1635 IV,
989 1608 1018 1638 p.
1046 1597 1132 1637 339.)
1149 1615 1184 1621 —
1202 1597 1234 1628 In
1251 1599 1316 1628 cod.
1334 1597 1476 1628 Escorial.
1502 1599 1669 1630 membran.
1689 1599 1798 1630 Leonis

110 1641 241 1681 urshiep.
256 1641 411 1680 Bulgarize,
422 1640 560 1681 Epistolaz
573 1645 632 1672 tres
646 1641 683 1671 de
693 1642 780 1672 annis
794 1647 822 1673 et
833 1642 980 1674 Sabbatis.
993 1641 1065 1673 Item
1078 1641 1115 1672 de
1124 1642 1328 1682 designatione
1345 1641 1530 1682 etsutIragio,
1543 1644 1701 1682 electione,
1719 1648 1796 1675 statu

111 1689 141 1715 et
164 1686 323 1726 privilegiis
338 1685 591 1724 metropolitarum
618 1685 920 1727 archiepiscoporum.
939 1687 976 1718 Et
995 1687 1032 1717 de
1048 1687 1186 1718 universo
1214 1687 1415 1718 ecclesiastico
1440 1691 1517 1718 statu
1533 1692 1563 1719 et
1578 1689 1695 1726 ordine,
1721 1692 1797 1720 teste

112 1729 216 1762 Pluero
232 1731 260 1762 in
278 1729 382 1762 Itincr.
397 1739 454 1770 per
467 1729 599 1770 Hispali.
618 1740 647 1770 p.
667 1731 734 1763 179.
751 1731 874 1772 diam.)

152 1841 196 1883 (α)
213 1841 270 1883 Leo
295 1840 500 1883 Achrigtanus,
516 1850 544 1883 Va
570 1841 695 1883 Leone,
708 1841 932 1883 archiepiscopo
1016 1842 1058 1883 (ὁ)
1073 1842 1148 1875 Vile
1164 1842 1408 1883 Dissertationgem
1424 1841 1567 1882 operibus
1581 1841 1795 1883 Theophylacti

113 1881 265 1953 Βυιεεὲξίξι,
278 1881 367 1954 rqraled
382 1881 573 1952 (Lislinguitur
587 1881 618 1911 in
633 1880 735 1913 Indice
758 1880 932 1914 Nesseliano
975 1880 1169 1922 praemissam,
1189 1887 1259 1914 tom.
1277 1881 1404 1914 CXXIII.
1425 1880 1506 1915 Enn.
1525 1884 1613 1914 PATR.

111 1930 183 1952 mss.
220 1932 229 1952 Ι.
265 1947 272 1953 .
317 1931 347 1953 ιη
370 1931 387 1952 0
413 1947 419 1953 .

399 2157 689 2243 LEON
699 2155 799 2241 IS
875 2157 1461 2243 ACHBIDAN
1469 2157 1506 2241 Ι

823 2311 1089 2355 EPISTOLA

265 2410 357 2480 AD
400 2426 731 2482 JOANNEM
779 2427 1167 2483 EPISCOPUM
1211 2426 1641 2482 TRANENSEM

813 2543 938 2585 (Scripta
951 2553 978 2576 a.
997 2543 1101 2583 1053.)

153 2722 247 2764 Hujus
262 2723 403 2764 epistolae,
420 2724 530 2756 Latine
546 2734 580 2755 ex
594 2723 752 2756 Humberti
766 2724 925 2755 cardinalis
938 2724 1078 2755 versione
1092 2724 1169 2764 apud
1184 2724 1344 2756 Baronium
1353 2728 1383 2756 et
1397 2723 1544 2756 Canisium
1553 2722 1652 2760 editae,
1662 2721 1798 2754 Graecum

118 2775 225 2802 textum
241 2769 372 2801 nondum
388 2770 536 2809 vulgatum
553 2779 587 2801 ex
603 2770 670 2801 cod.
686 2769 800 2801 Monac.
816 2771 875 2802 286
890 2771 985 2802 chart.
1002 2779 1071 2801 saec.
1087 2779 1137 2807 xv,
1155 2770 1178 2801 f.
1193 2771 1263 2807 277,
1283 2770 1438 2811 exscripsit
1446 2774 1475 2800 et
1483 2767 1637 2800 nobiscum
1649 2766 1800 2798 humanis-

120 2816 192 2847 sime
207 2815 436 2847 communicavit
451 2816 488 2847 υτ
501 2816 525 2847 J.
543 2814 785 2855 Hergenraether,
804 2814 834 2846 in
850 2814 1050 2847 Universitate
1061 2814 1305 2855 Wircehurgensi
1315 2815 1478 2856 professor.
1489 2813 1642 2845 Michaelis
1653 2811 1800 2844 Cerularii

117 2870 222 2893 nomen
237 2860 269 2891 in
283 2860 477 2901 inscriptione
491 2860 609 2901 penitus
621 2860 716 2891 deest.
