1976 3067
38 181 101 213 845
816 182 976 215 ΝΟΤΙΤΙΑ
1680 183 1740 217 846

40 249 238 287 solutionem,
255 249 362 280 iterum
380 252 484 289 sponte
495 249 758 280 anathematizasse
774 249 874 280 omnia
885 249 965 281 dicta
980 253 1008 280 et
1022 249 1098 280 facta
1109 249 1154 280 vel
1167 252 1280 280 tentata
1287 246 1431 279 adversus
1439 245 1606 278 Romanam
1623 249 1737 289 sedem,

41 293 151 334 sicque
168 294 203 325 ab
220 294 263 325 eis
277 294 308 324 in
324 294 564 325 communionem
581 296 748 334 receptum,
766 294 902 325 eﬂ‘ectum
920 303 986 325 esse
1002 303 1104 325 eorum
1112 293 1287 324 familiarem
1300 291 1440 331 amicum,
1455 291 1559 322 scribit
1575 291 1738 333 Wibertus,

41 338 74 368 in
92 338 162 368 Vita
176 339 208 370 S.
226 338 344 376 Leonis,
361 337 398 378 Il,
415 340 444 370 5.
461 338 542 369 Idem
559 338 657 374 tradit,
673 338 849 369 invectivam
864 338 1102 379 Responsionem
1117 337 1286 369 cancellarii
1301 335 1426 367 Romani
1445 335 1606 378 Friderici,
1622 337 1737 371 Nicelze

45 383 233 422 oppositam,
246 383 336 413 fuisse
349 382 385 413 de
396 383 498 414 Latino
509 382 669 413 translatan
681 381 782 413 Graece
792 386 820 413 et
829 392 927 413 coram
941 383 1121 423 imperatorc
1132 382 1284 413 recitatam
1300 380 1453 425 ',Micetam
1468 389 1537 410 vero
1548 386 1684 413 eoactum
1698 384 1740 425 (2)

40 426 189 458 damnare
208 432 237 458 et
252 428 428 458 comburere
441 437 494 458 sua
506 427 625 467 scripta,
644 426 743 457 habita
757 427 958 467 disputatione
973 428 1049 468 apud
1069 427 1279 458 monasterium
1297 424 1392 457 Studii
1414 424 1445 454 in
1465 425 1539 456 urbe
1562 424 1735 460 CPolitana.

47 473 168 511 (FABR.)
183 473 267 505 Cani.
280 473 316 504 de
329 473 382 504 illo
394 473 473 505 Guil.
485 474 573 509 Cave,
590 472 674 504 Hist.
692 472 750 504 litt.
767 473 824 503 SS.
845 473 925 504 Eccl.
939 477 1018 503 tome
1033 472 1068 510 ΙΙ,
1087 483 1115 513 p.
1134 473 1209 513 136;
1223 470 1382 509 Hamberg.
1395 469 1426 501 Z.
1439 468 1475 500 N.
1495 468 1546 510 III,
1569 480 1598 511 p.
1616 473 1695 512 759;
1713 478 1742 505 et

45 517 141 555 Saxii,
162 518 268 550 Onam.
283 517 318 554 ΙΙ,
337 527 365 558 p.
387 519 439 548 181
455 527 463 556 ;
481 516 663 548 Schroeckh.
681 517 749 548 His.
766 517 835 549 εδει.
845 517 946 558 XXIV,
963 518 1062 558 p.219
1076 527 1139 557 seq.
1152 533 1191 539 —
1204 516 1318 549 Niceta;
1328 513 1487 552 Pectorati,
1503 514 1609 548 Libell.
1637 523 1741 550 contra

47 562 173 593 Latinos
189 563 284 594 editus
300 567 328 593 et
344 561 380 592 ab
395 561 596 603 apocrisiariis
612 561 781 601 apostolicae
791 561 871 593 sedis
884 563 971 594 CPoli
991 566 1137 602 repertus,
1160 561 1261 593 Latine
1281 569 1349 591 cum
1367 558 1553 603 Reiutatione
1570 560 1738 602 Humberti,

47 606 146 637 Patris
163 607 315 648 purpurati
333 606 381 647 (de
395 602 453 647 quo
469 606 534 637 vide
545 606 625 637 Saxii
637 606 748 638 Onom.
767 605 803 638 H.
822 616 850 647 p.
867 607 936 645 180,
954 611 984 638 et
995 617 1069 647 quos
1083 607 1134 637 ille.
1150 606 1261 645 laudat)
1284 604 1315 635 in
1341 605 1393 648 ﬂ.
1411 602 1620 648 CanisiiiLect.
1638 608 1739 648 antiq.

47 655 124 682 tom.
142 651 192 688 ΠΙ,
211 661 240 692 p.
257 651 326 691 308,
341 652 374 682 ed
391 652 525 690 Basnage
550 668 587 674 —
611 650 751 691 Ejusdem
768 660 889 682 carmen
906 651 1066 682 iambicum
1085 651 1114 682 in
1133 651 1304 682 Simeonem
1328 647 1494 692 Iuniorem,
1522 647 1572 679 Gr.
1588 653 1618 680 et
1629 650 1693 682 Lat.
1709 647 1741 682 in

48 696 83 726 L.
103 690 219 733 Allatii,
236 695 372 727 Dialribe
380 696 416 727 dc
424 690 721 736 Symeonibus,page
736 696 850 728 168.—
861 696 894 727 In
912 706 983 734 mss,
1001 693 1400 728 codicibusLaur.Mediceis
1411 690 1618 726 etVindobon.
1630 697 1740 728 Caesar.

46 744 207 771 servantur
218 740 296 771 varia
310 750 367 778 ;—
378 741 410 772 In
422 740 488 771 cod.
507 740 585 772 Med.
600 741 648 778 19,
663 750 692 772 n.
709 740 738 778 3,
747 741 849 773 etcod.
861 741 1031 773 Vindobon.
1045 742 1115 777 240,
1130 744 1199 778 n.6,
1210 741 1321 780 Opusc.
1331 737 1489 776 ineditum,
1501 738 1630 778 capitum
1637 742 1741 772 asceti-

46 795 152 816 corum
171 789 229 816 tres
240 785 391 816 centuriae.
402 784 437 816 V.
452 785 577 816 Bandin.
591 785 683 817 Codd.
696 787 746 817 Gr.
763 786 835 817 bibl.
847 786 986 817 Laurent.
998 786 1031 818 L.
1045 796 1074 825 p.
1088 786 1157 826 262,
1169 790 1198 816 et
1208 784 1348 816 Lambec.
1361 782 1477 826 Comm.
1488 780 1527 812 de
1537 782 1611 816 bibl.
1632 784 1739 818 Caesar.

47 829 84 867 V,
100 840 131 870 p.
145 830 264 861 2‘16.—
281 828 313 860 In
325 829 390 860 cod.
404 829 501 860 nedic.
519 830 564 866 16,
578 830 794 870 η.25,ρ1υῑ.9,
808 835 836 861 et
855 831 988 863 Casareo
1010 824 1158 867 coil.2t7,
1173 840 1202 860 n.
1225 829 1276 867 21,
1296 832 1384 868 atque
1411 824 1477 870 crod.
1497 825 1569 870 233,
1596 837 1629 859 n.
1656 830 1686 869 7,
1705 830 1741 861 ad

47 868 171 905 Latinos
184 875 225 905 De
235 873 489 913 azymis,jejunio
502 873 641 906 Sabbatti
650 868 810 914 et'nuptiis
820 876 1019 906 sacerdotum.
1043 875 1180 915 (Bandin.
1194 875 1235 906 ib.
1249 884 1277 914 p.
1290 874 1349 904 415
1361 882 1369 907 ;
1383 868 1560 915 etLambec.
1577 871 1624 911 V.,
1640 883 1669 914 p.
1678 868 1742 906 V263

48 929 115 960 seq.
134 929 168 950 ac
180 929 210 959 p.
222 919 355 957 476.)—
368 918 400 948 In
416 918 482 949 cod.
501 918 548 954 30,
563 918 635 958 plut.
650 919 698 958 10,
719 923 763 949 est
775 919 891 959 Ἐκλογὴ
911 914 1096 960 ςᾶρὶῐυιηνθχ
1118 918 1227 950 sanctis
1245 917 1393 950 Patribus.
1417 914 1564 957 Prwt‘atio,
1582 927 1647 958 quae
1662 928 1741 959 pm-

48 964 141 1002 cedit,
158 973 175 994 a
186 963 381 994 Montt‘aucon.
397 962 428 993 in
442 962 534 994 Calal.
546 961 685 993 tribuitur
698 962 818 994 Nicetae.
841 966 883 996 Ex
897 963 999 994 Niceta
1016 969 1114 995 autem
1137 963 1261 1004 aliisque
1281 961 1475 1002 scriptoribus
1493 961 1601 993 eceles.
1615 972 1741 1002 quorum

47 1009 172 1039 nomina
184 1008 214 1038 in
227 1009 361 1047 margine
373 1011 442 1038 sunt
457 1007 595 1047 ascripta,
612 1007 756 1038 adornata
770 1012 814 1039 est
831 1009 894 1040 hinc
905 1009 1051 1046 collectio,
1066 1012 1140 1040 teste
1154 1008 1280 1039 Bandin.
1293 1007 1313 1039 l.
1325 1016 1351 1037 c.
1373 1016 1404 1046 p.
1421 1006 1481 1037 494
1495 1015 1608 1046 seq.—
1621 1007 1654 1038 In
1669 1008 1739 1042 cod.

46 1054 159 1084 Caesar.
172 1052 300 1083 Vindob.
313 1051 383 1088 283,
396 1061 426 1084 η.
439 1052 468 1092 9,
482 1055 526 1082 est
537 1051 670 1091 ejusdem
682 1051 780 1083 Oratio
793 1053 886 1092 prima
897 1053 1040 1084 invectiva
1052 1057 1153 1084 contra
1162 1052 1367 1092 blasphemam
1376 1050 1586 1081 Armeniorum
1595 1051 1738 1094 haeresin,

47 1103 79 1128 ut
89 1097 194 1128 scribit
204 1097 341 1128 Lambec.
358 1097 392 1133 V,
415 1105 444 1136 p.
467 1096 538 1127 477.
560 1113 598 1118 ——
615 1095 648 1126 In
670 1096 737 1127 cod.
757 1097 827 1134 256,
848 1107 878 1129 n.
899 1098 936 1127 18
952 1098 1096 1137 Excerpta
1112 1107 1146 1128 ex
1163 1097 1270 1133 Photii,
1284 1096 1393 1126 Nicetze
1404 1094 1536 1126 Stethati
1551 1095 1740 1138 aliorumque

48 1141 222 1174 Graecorum
238 1151 306 1182 opp.
324 1145 427 1172 contra
442 1140 573 1178 Latinos,
589 1140 625 1171 de
633 1143 824 1180 processione
837 1141 971 1181 Spiritus
984 1143 1090 1178 sancti,
1104 1141 1140 1172 de
1159 1141 1291 1181 azymis,
1305 1145 1359 1172 etc.
1383 1139 1534 1179 (Lambec.
1548 1139 1598 1178 IV,
1612 1151 1642 1181 p.
1656 1140 1738 1182 339).

48 1204 89 1209 —
98 1186 133 1218 In
144 1186 211 1218 cod.
223 1186 263 1216 45
283 1195 313 1216 n.
324 1186 374 1216 56.
389 1185 501 1216 Nicetae
516 1184 641 1216 Stethati
653 1185 787 1216 centuria
798 1186 885 1216 tertia
895 1185 1106 1226 Epistolarum,
1119 1185 1259 1226 Epistolas
1270 1185 1329 1216 ires
1339 1185 1376 1216 de
1382 1184 1550 1215 canonibus
1560 1186 1741 1218 ecclesiasti-

48 1232 103 1263 cis.
121 1230 274 1271 (Lambec.
293 1229 371 1266 VIII.
386 1240 416 1270 p.
432 1230 487 1261 941
506 1229 583 1269 seq.)
603 1248 638 1252 —
652 1229 686 1260 In
701 1229 767 1260 cod.
782 1229 906 1262 Barocc.
923 1231 963 1261 69
982 1230 1057 1262 bibl.
1073 1230 1187 1261 Bodlei.
1204 1229 1316 1260 Nicetaa
1330 1228 1477 1260 Pectorati
1500 1230 1635 1261 centuria
1653 1239 1685 1262 ll.
1702 1248 1741 1254 —

38 1275 190 1315 Ejusdem
207 1276 267 1315 Περὶ
278 1278 324 1303 τοῦ
339 1275 397 1303 κατ’
413 1275 511 1304 εἰκόνα.
530 1292 563 1297 -
575 1275 656 1305 Inter
667 1274 756 1305 codd.
769 1274 818 1305 N01

958 1284 1009 1305 aec.
1024 1274 1100 1314 (Cat.
1115 1275 1202 1306 codd'
1216 1274 1342 1314 Anglite,
1358 1277 1428 1312 tom,
1442 1272 1479 1311 II,
1492 1282 1521 1313 p.
1536 1274 1586 1314 S4)
1603 1283 1632 1306 n.
1649 1275 1738 1315 3434,

50 1319 171 1351 Nicetas
186 1319 366 1356 Pectoratus,
379 1318 416 1349 de
428 1318 542 1349 caelesti
553 1317 737 1357 Hierarchia,
750 1318 904 1350 etNicetas
914 1319 1067 1358 diaconus,
1084 1319 1120 1350 ad
1139 1319 1271 1350 Nicetam
1293 1319 1480 1350 Pectoratum
1506 1335 1545 1341 -
1559 1320 1693 1358 Taurini,
1709 1320 1742 1352 in

51 1365 124 1396 bibl.
138 1364 211 1404 Reg.
226 1364 295 1395 cod.
309 1363 376 1400 180,
390 1366 449 1394 tres
461 1363 607 1394 Centuriae
616 1363 812 1402 capitulorum
827 1364 1036 1395 asceticorum.
1051 1381 1088 1386 —-
1101 1363 1172 1394 Cod.
1187 1363 1257 1404 200,
1278 1374 1307 1395 n.
1332 1363 1382 1401 13,
1407 1366 1435 1393 et
1450 1363 1520 1400 288,
1543 1363 1593 1395 fol.
1612 1365 1680 1406 134,
1696 1366 1742 1397 De

50 1410 180 1450 azymis,
193 1409 229 1440 de
235 1410 351 1449 jejunio
362 1407 487 1440 Sabbati
496 1408 569 1439 etde
584 1409 698 1448 nuptiis
713 1409 914 1440 sacerdotum.
925 1426 963 1431 -—
974 1408 1042 1439 cod.
1058 1408 1127 1446 332,
1141 1409 1185 1440 De
1195 1409 1298 1440 anima
1309 1412 1337 1440 et
1347 1409 1382 1439 de
1387 1408 1529 1448 paradiso
1542 1418 1549 1449 ;
1562 1412 1692 1448 tertium,
1710 1411 1741 1442 in

50 1454 201 1486 Prooemio
209 1457 422 1484 memorantum
432 1462 535 1493 opusc.
546 1453 771 1484 Dchierarchia
778 1453 915 1493 angelica
926 1457 954 1484 et
963 1454 1127 1484 ecclesiast.
1139 1453 1365 1484 Desideraturin
1377 1453 1426 1483 illo
1436 1452 1502 1483 cod.
1516 1451 1551 1483 V.
1562 1454 1656 1484 Catal.
1664 1455 1741 1486 codd

50 1499 101 1530 Gr.
111 1500 200 1530 Taur.
215 1508 244 1539 p.
253 1498 324 1535 269,
333 1498 400 1536 278,
415 1497 484 1534 384,
496 1497 565 1529 415.
579 1515 614 1521 --
629 1497 661 1528 In
673 1498 740 1529 cod.
753 1497 866 1528 Veneto
878 1498 1037 1529 Marciano.
1051 1499 1120 1529 575.
1136 1497 1244 1528 Nicetae
1260 1497 1386 1529 Stethati
1399 1496 1454 1537 0p.
1467 1497 1504 1528 In
1514 1497 1739 1533 Hexaemeron.

49 1544 163 1575 Divitur
177 1543 207 1574 in
223 1543 321 1583 capita
339 1544 375 1574 15
399 1552 524 1583 quorum
550 1543 679 1583 primum
708 1543 829 1573 inscribi

961 1555 1007 1582 γος
1030 1544 1088 1582 περὶ
1105 1546 1196 1583 ψυχῆς
1220 1545 1264 1571 xxi
1287 1546 1391 1582 πρῶτον
1414 1544 1472 1582 περὶ
1488 1543 1623 1582 ἀγγέλων,
1642 1562 1682 1567 -
1695 1545 1741 1577 Da

47 1589 194 1627 paradiso
205 1588 352 1624 terrestri,
366 1588 462 1627 capita
476 1589 505 1618 5.
523 1605 562 1611 —
583 1587 669 1618 Aliud
682 1597 755 1628 opus
776 1589 805 1618 in
827 1597 891 1628 cap.
918 1590 937 1619 8
957 1588 1160 1628 distributum,
1186 1597 1310 1627 quorum
1332 1587 1461 1628 primum
1482 1587 1660 1628 inscriptum
1672 1594 1739 1629 est;

51 1634 135 1672 Λόγος
151 1633 336 1672 οροτρεπτικὸς
348 1634 384 1665 εἰς
407 1633 559 1670 μετάνοιαν,
577 1636 635 1665 etc,
652 1632 687 1663 ν.
704 1634 772 1663 Car.
789 1642 831 1663 cci

962 1634 1068 1663 Venet.
1087 1642 1117 1672 p.
1135 1632 1205 1672 301,
1227 1632 1278 1663 ubi
1297 1632 1450 1663 confector
1471 1632 1617 1672 catalogi:
1638 1646 1651 1662 α
1668 1634 1738 1666 Haec

50 1676 172 1714 Nieetae,
189 1677 241 1713 ait,
258 1685 348 1716 opera
362 1685 422 1706 non
436 1682 633 1707 recensentur
647 1686 663 1707 ει
689 1676 934 1707 bibliothecarum
950 1677 1156 1717 scriptoribus,
1173 1686 1247 1717 quos
1263 1677 1402 1707 vidimus.
1419 1689 1431 1704 η
1444 1677 1504 1707 Sed
1514 1677 1613 1708 forsan
1631 1679 1738 1718 partim

52 1726 150 1762 partes
165 1720 375 1761 opusculorum
390 1724 468 1758 sunt,
487 1721 592 1760 partim
606 1721 709 1751 eadem
719 1722 862 1761 opuscula
874 1721 946 1761 ipsa,
958 1731 1021 1761 qum
1033 1727 1094 1752 tum
1107 1722 1136 1752 in
1150 1722 1215 1752 cod.
1227 1721 1319 1752 Paris.
1334 1731 1400 1752 mox
1413 1722 1605 1752 memorando
1616 1723 1742 1764 aliisque

52 1766 253 1803 nominantur,
271 1769 333 1796 tum
348 1774 414 1805 quae
428 1765 460 1794 in
475 1764 548 1795 bibl.
562 1765 706 1797 Eseurial.
722 1769 850 1796 exstare.
863 1771 894 1796 et
908 1775 924 1795 a
940 1765 1044 1796 Pluero
1056 1766 1176 1804 Nicetre,
1191 1766 1348 1802 monacho,
1365 1765 1493 1805 ascripta
1508 1766 1599 1798 fuisse
1607 1777 1695 1808 supra
1710 1768 1742 1799 in

53 1811 155 1842 Niceta
170 1810 327 1849 monacho,
344 1809 484 1841 vidimus.
497 1826 536 1831 —
546 1809 666 1840 Parisiis
679 1811 706 1841 in
722 1810 793 1841 bibl.
808 1809 890 1850 publ.
905 1810 971 1841 cod.
984 1810 1052 1847 362,
1068 1820 1097 1840 ιι.
1114 1811 1160 1848 13,
1175 1810 1271 1850 capita
1288 1810 1470 1840 asceticasin
1481 1815 1540 1842 tres
1550 1813 1683 1843 centuria
1694 1813 1741 1844 di-

53 1856 126 1886 visa.
142 1872 171 1877 -
187 1855 219 1886 In
231 1854 297 1884 cod.
312 1854 401 1892 2747,
411 1864 441 1884 u.
453 1855 484 1890 2,
495 1853 571 1884 liber
578 1853 624 1885 De
632 1855 778 1894 paradiso
789 1854 997 1890 intcllectuali,
1010 1854 1208 1895 Delibertatc,
1222 1855 1265 1886 De
1274 1858 1386 1885 natura
1398 1856 1564 1894 actionum,
1578 1856 1742 1890 Deanimw

51 1899 253 1940 facultatibus
264 1903 293 1929 et
304 1899 451 1930 oratione.
464 1916 502 1921 —-
515 1898 682 1938 Symeonis,
694 1899 836 1938 theologi,
848 1898 914 1929 Vita
924 1908 940 1928 a
950 1898 1053 1929 Niceta
1064 1900 1197 1930 Stethato
1209 1900 1329 1939 scripta.
1344 1899 1379 1930 V.
1391 1898 1483 1930 FAnn.
1494 1902 1525 1932 B.
1544 1902 1596 1933 Gr.
1607 1902 1665 1934 vol.
1677 1901 1739 1941 VII,

53 1945 95 1975 De
114 1943 218 1985 elogiis
239 1944 376 1983 vitasque
399 1942 452 1974 SS.
478 1953 508 1983 p.
536 1943 604 1979 142,
634 1943 681 1974 ed.
695 1947 751 1974 vet.
770 1952 778 1980 ;
804 1947 832 1973 et
846 1943 903 1974 vol.
920 1942 995 1981 VIII,
1014 1944 1122 1983 p.136.
1142 1944 1220 1974 inter
1232 1943 1369 1975 Metodos
1386 1944 1563 1977 Graecorum
1577 1945 1643 1985 Nic,
1660 1946 1691 1977 in
1706 1946 1740 1977 li-

54 1989 138 2020 brum
155 1989 331 2029 hymnorum
348 1986 504 2028 Symeonis
519 1988 624 2028 ms.1in
639 1987 712 2019 bibl.
730 1987 845 2019 Bodlei.
859 1987 926 2020 cod.
944 1988 962 2018 5
975 1987 1084 2020 Barroc
1099 1988 1218 2029 (ΗΑιιιη)

93 2053 187 2096 (2)__Ab
198 2054 271 2096 imp.
284 2053 487 2096 Constantino,
505 2053 874 2096 monomacho,_bortanti-
916 2053 1108 2096 licaeilegatis.
1125 2055 1161 2096 γ.
1178 2054 1287 2096 Baron.
1302 2054 1384 2085 Ann.
1409 2055 1514 2087 eccles.
1537 2059 1610 2088 tom.
1635 2055 1685 2096 XI,
1711 2067 1740 2089 a.

54 2095 109 2128 bus
123 2093 289 2126 Humberto
304 2093 466 2133 cardinale,
479 2094 655 2135 caaterisque
664 2094 743 2126 sedis
752 2098 834 2136 apost

547 2094 655 2135 trisque
664 2094 743 2126 sedis
752 2098 871 2136 aposto-
915 2095 1006 2135 1054,
1023 2093 1052 2127 i1.
1070 2095 1121 2133 20,
1139 2095 1187 2127 21.
1208 2094 1327 2135 (Hum)

593 2250 882 2306 NOTITIA
924 2251 1203 2306 ALTERA

174 2367 225 2408 (Ex
241 2368 340 2399 Leone
354 2366 463 2399 Allatio
477 2367 509 2399 iu
523 2366 658 2400 Diatriba
671 2366 709 2399 de
724 2366 848 2406 Nicetis,
864 2366 943 2408 apud
957 2366 1066 2399 Maium
1080 2367 1221 2400 Biblioth.
1240 2377 1314 2400 nova
1328 2368 1462 2408 Patrum,
1480 2371 1541 2401 tom
1556 2366 1620 2408 VI.)

96 2511 206 2542 Nicetm
218 2510 355 2542 monachi
370 2509 477 2541 scribit
490 2509 677 2542 Possevimus
689 2509 720 2540 in
731 2509 891 2541 biblitheca
900 2509 1050 2541 Siortiana
1061 2509 1164 2542 haberi
1173 2511 1239 2542 cod.
1254 2512 1310 2543 106
1324 2511 1367 2542 De
1378 2512 1483 2542 anima
1495 2511 1608 2542 librum
1622 2520 1718 2543 unum
1730 2522 1742 2548 ;

57 2558 102 2588 De
108 2556 250 2596 paradiso
261 2555 544 2595 contemplationem
556 2555 725 2594 ;Epistolas
733 2555 860 2595 aliquot;
873 2556 914 2585 De
924 2555 1117 2586 liierarchiis.
1128 2555 1211 2586 Hunc
1223 2565 1308 2596 porro
1317 2555 1448 2586 Nicetam
1457 2565 1523 2586 esse
1532 2557 1707 2586 monachum
1715 2560 1746 2587 et

60 2601 260 2643 presbyterum
273 2600 380 2638 Sludii,
393 2605 590 2639 cognomento
602 2599 778 2637 Stelhatum,
789 2599 897 2639 colligo
908 2609 943 2630 ex
955 2599 1054 2631 indice
1070 2610 1126 2631 ms.
1139 2599 1241 2632 Grmco
1253 2600 1441 2631 blbliothecze
1451 2600 1623 2638 Escurialis,
1640 2601 1670 2630 in
1686 2610 1744 2640 qua

59 2647 134 2677 inter
147 2645 203 2676 alia
217 2644 343 2676 Stethati
359 2649 387 2675 et
401 2644 464 2675 haec
481 2649 675 2676 recensentur
689 2654 696 2675 :
713 2646 774 2685 Περὶ
795 2648 839 2685 eo,

964 2649 967 2673 ἰ
990 2644 1146 2685 πχρκδείσου
1164 2656 1170 2663 ·
1189 2647 1224 2678 εἰς
1248 2648 1297 2679 τῆς
1314 2646 1432 2685 οὗραινίιν
1454 2647 1497 2674 καὶ
1520 2645 1744 2679 ἐικλησιαστικὴν

60 2692 202 2731 ἱεραρχίαν.
220 2690 266 2721 De
282 2691 404 2728 animo;
420 2691 464 2720 De
473 2690 621 2730 paradiso
634 2698 643 2720 :
655 2690 691 2721 In
702 2689 846 2720 caelestem
862 2693 890 2720 et
902 2690 1130 2721 ecclesiasticam
1141 2690 1358 2721 [iterat-chiam.
1374 2689 1470 2726 Quare
1481 2690 1518 2721 de
1529 2690 1585 2721 hoc
1598 2688 1744 2727 Stethato,

61 2745 124 2777 quie
137 2735 211 2766 libro
224 2735 310 2772 u,De
334 2735 528 2766 consensione
547 2736 720 2774 ustriusque
741 2734 874 2766 ecclesiae
893 2734 1078 2775 scripsimus,
1103 2735 1133 2765 in
1157 2736 1286 2766 medium
1309 2735 1515 2775 proferamus:
1543 2735 1607 2765 Hoc
1627 2735 1747 2773 nefario

63 2779 209 2812 Cerutarii
218 2778 365 2820 exemplo,
378 2779 434 2810 alii
445 2788 560 2819 quoque
572 2780 604 2810 in
614 2779 747 2815 Graecia,
757 2780 810 2819 qui
820 2787 886 2810 seco
897 2788 990 2818 usque
1001 2780 1105 2810 tacitas
1116 2788 1150 2810 ac
1161 2783 1328 2811 reverentes
1339 2779 1562 2819 continuarent,
1571 2778 1685 2810 rubore
1691 2787 1745 2810 ear:-

59 2834 148 2860 cusso,
155 2824 257 2865 palam
267 2832 327 2854 non
334 2832 387 2855 ore
395 2824 447 2854 sed
453 2825 573 2864 scriptis
580 2824 668 2855 editis
677 2827 708 2854 in
719 2823 888 2854 Romanam
895 2823 1030 2854 Ecclesia
1035 2833 1063 2855 m
1069 2823 1134 2855 obla
1139 2828 1222 2855 trare
1233 2827 1384 2864 coeperunt
1394 2824 1579 2864 ;eaqueipsa
1585 2827 1677 2855 tetare
1689 2825 1747 2855 Ce-

58 2868 423 2907 rulariiNicetasquidam
432 2877 474 2899 ex
480 2871 662 2900 monasterio
672 2868 787 2905 Studii,
799 2867 1168 2909 cognomentoStethatus,
1179 2878 1269 2909 quem
1280 2869 1385 2900 Latine
1393 2868 1538 2900 dixerunt
1546 2869 1732 2900 Pectoratum
1739 2893 1746 2905 ,

61 2914 150 2947 multa
157 2915 336 2947 Latinorum
341 2937 350 2951 ,
356 2914 538 2954 etprwcipue
542 2914 581 2946 de
588 2914 710 2955 Spiritu
716 2918 820 2946 sancto
825 2938 832 2955 ,
838 2914 875 2945 de
880 2913 1012 2953 azymis.
1022 2913 1057 2944 de
1063 2913 1203 2953 Sabbato,
1211 2918 1241 2946 et
1246 2915 1362 2954 nuptiis
1367 2913 1557 2945 sacerdotum
1568 2913 1749 2945 criminatus
