1976 3067
81 157 148 190 853

83 234 150 263 σου,
188 226 235 253 οὐκ
263 222 362 263 ἔκρυψα
383 223 410 250 ὲν
435 226 470 261 τῇ
497 221 588 262 καρδίᾳ
612 233 672 261 μου,
703 222 752 255 τὴν
788 220 912 256 ἀλήθειάν

84 279 137 296 σου
162 269 206 296 καὶ
234 269 265 296 τὸ
294 267 423 307 σωτήριόν
439 279 485 296 σου
500 267 566 295 εἶπα
584 275 590 281 ·
621 269 668 295 οὒκ
682 265 781 305 ἔκρυψα
796 267 825 293 τὸ
841 265 912 296 ἔλεός

85 324 138 341 σου
165 313 209 342 καὶ
237 313 286 347 τὴν
315 312 439 346 ἀληθειαν
477 323 523 340 σου
558 311 611 339 ἀπὸ
646 313 803 350 συναγωγῆς
844 310 913 339 πολ-

86 357 155 392 λῆς.
182 369 194 386 ι

132 397 171 440 β’.
188 401 276 442 Ἀρχὴ
297 407 343 432 τοῦ
357 402 424 431 κατὰ
440 402 504 430 Θεὸν
534 401 600 439 βίου,
670 400 782 429 καθόλου
804 404 850 429 τοῦ
865 401 914 429 κό-

87 457 162 484 σμου
178 448 259 486 φυγή.
288 447 358 480 Αὕτη
384 446 411 474 δέ
440 446 509 474 ἐστιν
530 448 547 480 ἡ
569 449 620 474 τῶν
649 445 804 483 θελημάτων
833 445 914 485 ἄρνη-

88 504 134 524 σις
149 495 199 525 τῆς
215 494 318 532 ψυχῆς,
344 492 387 519 καὶ
410 496 456 520 τοῦ
480 496 578 532 χοϊκοῦ
593 491 759 531 φρονήματος
783 491 801 524 ἡ
830 490 914 528 μετά-

88 539 164 568 θεσις
183 545 190 552 ·
221 535 253 564 δι’
284 539 317 571 ἦς
347 536 390 564 ἐπὶ
418 537 448 564 τὸ
469 538 541 564 θεῖον
569 535 759 576 ἀνατρέχοντες
781 535 914 575 φρόνημα,

88 581 265 620 πνευματικοὶ
280 581 309 609 ἐκ
325 584 455 621 σαρκικῶν
470 581 606 620 γινόμεθα,
637 581 802 620 νεκρούμενοι
819 580 866 618 μὲν
883 582 917 617 τῇ

89 628 170 666 σαρκὶ
184 627 228 655 καὶ
248 630 286 664 τῷ
301 626 626 666 κόσμιρ,ζζωοποιούμενοι
656 625 682 653 δὲ
710 628 744 664 τῇ
772 627 860 665 ψυλῇ,
891 624 917 651 ἐν

90 674 199 711 Χριστῷ
213 672 256 700 καὶ
268 675 306 709 τῷ
319 672 463 709 Πνεύματι.

137 711 174 755 γ’.
205 715 271 749 Δόξα
300 717 392 756 ψυχῆς
417 715 475 754 περὶ
509 719 574 745 Θεοῦ
601 714 728 753 ἀψευδὴς,
758 715 802 743 καὶ
830 715 917 745 πίστις

91 759 239 792 ἐνδιάθετος
279 759 306 788 ἐν
347 760 540 799 καταφρονήσει
578 763 631 787 τῶν
674 759 825 799 ὁρωμένων,
874 759 918 787 καὶ

92 803 188 844 πρᾶξις
226 805 322 844 ἀρετῆς
348 804 484 844 φιλαυτίας
520 804 607 838 πάσης
643 804 842 844 κεχωρισμένη,
873 803 917 831 ἕν-

91 860 194 888 τριτον,
231 850 298 878 κατὰ
326 850 370 878 τὸν
401 849 572 887 Σολομῶντα,
596 850 720 886 σπαρτίον
738 857 744 864 '
769 849 783 876 ὃ
811 849 916 888 ταχέως

91 895 124 922 οὖ
158 895 301 934 ῥαγήσεται
338 894 409 934 παρὰ
451 897 504 922 τῶν
544 894 700 932 πνευμάτων
741 896 790 928 τῆς

93 940 168 978 ρίας.

135 978 160 1011 δ,

833 905 917 927 πονη-

203 984 292 1012 Πίστει
323 983 369 1015 τὰς
403 982 515 1022 ἀμοιϐὰς
543 983 682 1021 ἐλπίζομεν
711 986 763 1012 τῶν
791 983 916 1021 καμάτων

91 1027 253 1066 ἀπολαϐεῖν,
284 1027 321 1056 διὸ
363 1029 406 1056 καὶ
448 1028 559 1069 φέρομεν
601 1029 660 1060 τοὺς
703 1029 798 1060 πόνους
825 1027 916 1063 ῥᾳδίως

92 1076 148 1101 τῶν
188 1073 299 1113 ἀρετῶν.
337 1069 402 1101 ἰ’πὸ
444 1072 470 1101 δὲ

93 1129 136 1146 νοι
192 1118 353 1156 Πνεύματος,
410 1121 444 1156 τῇ

94 1162 173 1193 Θεόν.

505 1077 549 1102 τοῦ
588 1074 656 1101 θείου
697 1073 915 1113 πληροφορούμε-

499 1118 592 1157 ἀγάπῃ
635 1118 796 1157 πτερούμεθα
852 1118 916 1157 πρὸς

139 1201 173 1238 ε’.
198 1209 256 1248 Οὐχ
275 1207 337 1236 ὅταν
366 1208 416 1236 ὑπὸ
437 1207 573 1247 λογισμῶν
598 1207 778 1248 ἐνοχλούμεθα
800 1207 916 1247 ἀκαθάρ-

97 1263 164 1290 των,
190 1251 241 1286 ἤδη
270 1253 313 1280 καὶ
339 1254 388 1285 τῆς
402 1256 455 1281 τῶν
471 1253 643 1292 ἐνεργούντων
667 1253 699 1281 τὰ
728 1251 814 1292 φαῦλα
842 1253 917 1291 μερί-

96 1295 141 1328 δος
167 1297 290 1335 γινόμεθα
306 1306 314 1313 ·
337 1296 396 1324 ἀλλ’
424 1297 486 1325 ὅταν
510 1302 556 1327 τοῦ
579 1297 655 1326 τόνου
670 1297 766 1330 ἑαυτῆς
782 1296 920 1337 ὑποχαλά-

97 1352 167 1370 σασα
187 1342 204 1375 ἡ
221 1342 308 1381 ψυχὴ,
326 1343 369 1370 καὶ
395 1343 408 1370 ὁ
435 1346 506 1378 νοῦς,
526 1341 552 1374 ἐξ
578 1341 752 1380 ἡμελημένης
780 1342 823 1370 καὶ
853 1342 919 1370 ἀκο-

99 1385 197 1415 λάστου
218 1385 330 1422 διαίτης,
347 1386 470 1418 θολώδεις
495 1386 545 1420 ἕξει
568 1388 612 1415 καὶ
634 1386 753 1419 σκιώδεις
777 1387 823 1418 τὰς
852 1397 920 1426 φαν-

97 1431 203 1471 τασίας,
233 1433 277 1459 καὶ
304 1433 327 1460 οἱ
355 1432 429 1460 πόνοι
462 1434 511 1465 τῆς
549 1431 645 1470 ἀρετῆς
673 1432 699 1460 ἐν
727 1432 836 1470 ῥᾳθυμίᾳ
871 1432 920 1463 τὴς

101 1476 214 1514 μελέτης
243 1477 286 1504 καὶ
313 1479 467 1517 προσευχῆς
502 1476 668 1515 ἐπιλείψωσι,
700 1481 848 1510 Τηνικαῦτα
877 1476 921 1504 καὶ

101 1521 140 1558 μὴ
181 1521 345 1561 ἐνεργοῦντες
391 1522 423 1550 τὰ
463 1521 558 1562 φαῦλα,

100 1566 127 1593 ἐν
169 1572 230 1598 ταῖς
271 1565 380 1600 ἡδοναῖς
426 1566 550 1598 ἑκουσίως
591 1565 782 1604 ἱλυσπωμένων
824 1565 922 1594 ταττό-

103 1613 167 1649 μεθα
173 1632 180 1640 .

139 1651 191 1693 ς’.
223 1655 356 1684 Λυθέντων
377 1655 479 1695 δὲξτῶν
508 1655 627 1697 χαλινῶν
648 1659 700 1685 τῶν
729 1655 924 1695 ἡγεμονικωτέ-

97 1711 149 1740 ρων
178 1701 335 1738 αἰσθήσεων,
365 1701 457 1730 αὔτικα
486 1703 529 1730 καὶ
561 1702 652 1730 παθὼν
681 1701 857 1732 ἐπανάστασις
880 1702 924 1739 γί-

98 1756 180 1783 νεται⁷
217 1746 261 1774 καὶ
290 1748 307 1781 ἡ
343 1750 394 1774 τῶν
430 1745 671 1786 ἀνδραποδεστέρων
699 1746 846 1780 αἰσθήσεων
878 1757 924 1774 κι-

99 1798 183 1819 νεῖται
220 1791 347 1831 ἐνέργεια.
380 1791 466 1820 Εἴωθε
494 1792 543 1831 γάρ
571 1802 628 1822 πως
656 1792 673 1825 ἡ
707 1791 806 1819 τούτων
830 1790 927 1830 ἀλογία

102 1839 154 1863 τῶν
188 1838 237 1869 τῆς
273 1835 424 1874 ἐγκρατεῖας
458 1835 565 1864 λυθεῖσα
592 1834 706 1874 δεσμῶν,
742 1841 804 1866 ταῖς
832 1835 926 1863 αἰτίαις

104 1881 254 1919 ἐπισκιρτᾷν
268 1884 320 1909 τῶν
346 1882 447 1917 παθῶν,
470 1881 514 1909 καὶ
539 1881 575 1912 ὼς
601 1880 627 1907 ἐν
650 1881 802 1917 θανασίμοις
832 1881 924 1913 αὖταῖς

101 1924 282 1953 ἐπιϐόσκεσθαι
310 1925 399 1961 minue,
430 1926 473 1953 καὶ
499 1925 614 1962 τοσούτῳ
649 1923 761 1962 μᾶλλον,
791 1923 851 1953 ὅσον
882 1931 926 1957 καὶ

99 1971 116 2004 ἡ
160 1968 246 2001 ἄνεσις
288 1970 462 2009 χρονιώτερον
506 1969 672 2000 ἐπιτείνεται.
712 1970 748 1997 Οὔ
788 1969 837 2009 γὰρ
877 1970 925 1996 ἀν-

103 2015 207 2055 έχεται,
243 2014 303 2042 καθ’
330 2015 366 2043 ὧν
402 2018 516 2055 φυσικῶς
555 2013 613 2054 ἔχει
654 2014 704 2046 τὴν
745 2012 839 2054 ὄρεξιν,
884 2014 929 2041 λυ-

102 2063 180 2089 θεῖσα
235 2063 287 2088 τῶν
328 2059 459 2099 χαλινῶν,
503 2060 561 2098 ’τὴν
611 2058 710 2097 μέθεξιν
759 2058 926 2098 ἆποκραύσα-

103 2106 171 2134 σθαι.

138 2144 173 2185 ζ’.
188 2151 246 2178 Τῶν
274 2149 431 2186 αἰσθήσεων,
455 2151 480 2177 αἱ
503 2148 550 2187 μὲν
568 2151 652 2178 αὐτῶν
667 2148 772 2188 λογικαί
787 2149 816 2177 τέ
832 2151 895 2178 εἰσιν
913 2159 920 2165 ·

572 153 842 188 PRAGTICORUM
865 152 1034 184 CAPITUM
1057 153 1254 185 CENTURIA
1276 153 1289 183 Ι

1719 151 1779 182 854

924 223 944 246 Α
955 218 1027 294 dixli.
1042 220 1108 251 Non
1122 218 1267 251 abscondi
1282 218 1516 250 misericordiam
1527 223 1604 250 tuam
1614 227 1631 249 a
1643 217 1778 249 concilio

954 274 1003 294 mu
1018 268 1046 294 to
1061 265 1083 294 1.
1103 276 1116 292 »

954 265 1046 296 multo
1061 265 1083 296 1.
1103 276 1116 292 »

995 398 1025 429 2.
1043 398 1160 429 Initium
1181 399 1248 429 vita:
1263 398 1373 429 divinae
1393 401 1437 429 est
1459 398 1548 429 totius
1575 397 1679 428 mundi
1698 397 1778 437 fuga.

927 466 930 470 .
956 442 1024 473 Haec
1044 447 1141 474 autem
1166 447 1209 474 est
1236 443 1391 483 abnegatio
1417 443 1597 473 voluntatem
1614 443 1732 480 animae,
1751 445 1780 473 et

958 488 1068 518 terreni
1087 488 1207 528 spiritus
1228 487 1404 525 immutatio,
1429 497 1481 528 per
1496 497 1583 527 quam
1600 487 1629 518 in
1645 487 1778 518 divinum

958 531 1099 572 Spiritum
1115 533 1274 569 avolantes,
1291 532 1460 573 spirituales
1475 542 1509 563 ex
1524 532 1695 563 carnalibus
1711 541 1784 563 eva-

959 577 1067 617 dimus,
1083 577 1243 608 morientes
1255 578 1336 608 carni
1351 582 1380 608 et
1396 578 1518 614 mundo,
1534 577 1666 608 viventes
1680 581 1779 608 autem

958 622 1065 652 anima),
1078 622 1109 653 in
1125 623 1241 654 Christo
1258 626 1287 653 et
1299 622 1411 664 Spiritu
1427 626 1542 654 sancto.

999 712 1028 743 3.
1046 711 1145 743 Gloria
1159 712 1265 743 animae
1278 712 1315 743 de
1329 711 1390 743 Deo
1406 721 1465 743 non
1481 712 1560 748 ﬁcta,
1575 711 1649 742 ﬁdes
1665 711 1782 742 sincera

959 756 988 787 in
1003 761 1174 797 conteman
1190 757 1397 794 visibilium,et
1412 757 1511 797 praxis
1524 756 1639 787 virtutis
1650 755 1687 786 ab
1700 755 1781 786 omni

959 811 1059 832 amore
1085 801 1204 842 proprio
1227 806 1390 842 segregata,
1407 802 1456 832 hic
1472 805 1516 832 est
1540 801 1646 841 triplex
1663 809 1680 831 a
1694 800 1782 832 Salo-

929 865 948 889 Β
960 856 1047 877 mone
1061 846 1195 877 laudatus
1217 846 1375 885 funiculus,
1393 846 1443 887 qui
1458 846 1580 877 difﬁcile
1600 845 1750 886 rumpitur
1763 854 1782 875 a

960 891 1095 931 malignis
1111 891 1279 931 spiritibus.

997 983 1026 1013 4.
1043 981 1294 1012 Fidemercedem
1307 981 1441 1012 laborum
1457 980 1544 1012 nobis
1556 979 1781 1011 retribuendam

958 1036 1122 1067 speramus,
1147 1026 1274 1066 ideoque
1293 1026 1410 1057 labores
1427 1026 1568 1057 virtutum
1585 1024 1670 1056 facile
1687 1024 1780 1055 suffo-

958 1072 1062 1102 rimus.
1095 1071 1217 1102 Fiducia
1242 1075 1340 1102 autem
1356 1071 1500 1112 aSpiritu
1529 1074 1631 1101 sancto
1660 1069 1778 1110 repleti,

959 1116 1101 1147 charitate
1116 1116 1300 1155 volamusad
1316 1116 1421 1146 Deum.

998 1209 1028 1238 5.
1048 1207 1110 1238 Non
1128 1207 1245 1247 quando
1261 1206 1487 1246 cogitationibus
1503 1204 1711 1246 perturbamur
1723 1203 1782 1234 im-

961 1253 1053 1293 puris,
1074 1253 1134 1292 jam
1151 1252 1229 1282 inter
1242 1252 1384 1282 facientes
1400 1251 1475 1281 mala
1491 1255 1604 1291 partem
1622 1249 1781 1286 habemus,

961 1297 1013 1328 sed
1029 1297 1145 1337 quando
1161 1296 1198 1326 de
1215 1295 1338 1335 pristina
1357 1296 1464 1326 virtute
1480 1295 1623 1326 deﬁciens
1644 1293 1743 1324 anima
1755 1295 1785 1323 et

961 1343 1092 1382 spiritus,
1103 1345 1222 1382 propter
1234 1340 1415 1371 indolentem
1430 1340 1665 1379 dissolutamque
1677 1338 1782 1377 vitam,

962 1396 1097 1418 commas
1125 1385 1244 1416 habebit
1261 1385 1474 1424 etcaliginosas
1488 1385 1647 1424 imagines,
1660 1388 1689 1415 et
1705 1382 1783 1413 labo-

962 1442 1011 1464 res
1026 1431 1141 1462 virtutis
1158 1432 1185 1461 in
1202 1430 1381 1469 negligentia
1394 1429 1592 1460 meditationis
1602 1432 1630 1459 et
1641 1427 1784 1459 orationis

963 1476 1132 1508 cessabunt.
1149 1476 1243 1514 Tunc,
1260 1475 1329 1505 licet
1344 1483 1434 1514 opera
1460 1484 1518 1504 non
1538 1474 1678 1504 facientes
1694 1473 1783 1511 mala,

609 1521 637 1550 έν
677 1525 710 1560 τῇ
752 1521 828 1561 χώρᾳ
869 1519 994 1553 “main
1023 1530 1125 1552 eorum
1158 1529 1282 1550 numero
1311 1519 1361 1560 qui
1385 1519 1415 1549 in
1444 1518 1641 1559 voluptatibus
1661 1518 1738 1548 ultro
1753 1526 1786 1548 se

963 1566 1104 1605 volutant,
1122 1565 1303 1596 ordinamur.

1005 1658 1035 1689 6.
1052 1655 1162 1687 Solutis
1178 1659 1276 1685 autem
1292 1653 1385 1685 frenis
1397 1663 1537 1685 sensuum
1549 1652 1669 1693 imperii
1683 1652 1787 1683 nimio-

967 1712 1047 1741 rum,
1064 1700 1163 1731 statim
1187 1703 1216 1730 et
1239 1699 1392 1739 cupidates
1420 1698 1587 1738 insurgunt,
1606 1701 1637 1729 et
1650 1697 1790 1728 fortiores

971 1747 1148 1779 suscitantur
1171 1753 1313 1775 sensuum
1339 1744 1426 1774 vires;
1451 1743 1548 1774 Solem
1566 1743 1647 1773 enim
1661 1742 1786 1773 istorum

969 1793 1094 1832 insania,
1121 1789 1324 1829 temperantiae
1348 1788 1442 1819 soluta
1465 1788 1600 1825 vinculis,
1625 1787 1654 1818 in
1671 1787 1790 1827 objecta

966 1838 1163 1878 cupiditanles
1188 1834 1345 1865 excitantia
1367 1841 1499 1874 praeceps
1525 1832 1611 1878 ferri,
1626 1832 1660 1878 in
1682 1833 1789 1872 hisque

969 1876 1115 1923 pestiferis
1138 1880 1222 1919 quasi
1248 1878 1327 1919 pasci
1354 1877 1480 1918 pabulis,
1508 1880 1537 1907 et
1559 1876 1788 1923 rquidemﬁtanto

969 1921 1069 1965 inagis,
1087 1929 1197 1965 quanto
1214 1923 1322 1954 diutius
1337 1922 1477 1953 relaxatio
1494 1921 1788 1962 producitur.Neque

971 1971 1049 2001 enim
1075 1969 1214 2005 sustinet,
1232 1967 1324 1998 frenis
1343 1967 1449 2002 soluta,
1465 1976 1514 1997 res
1537 1976 1554 1996 a
1569 1975 1602 1996 se
1615 1965 1743 2006 rejicere
1758 1966 1789 1996 in

970 2024 1041 2056 quas
1057 2013 1220 2045 naturalem
1236 2013 1324 2043 habet
1338 2011 1578 2052 propensionem.

1003 2149 1032 2179 7.
1057 2149 1136 2180 Inter
1163 2155 1281 2181 sensus.
1310 2145 1359 2176 alii
1384 2148 1453 2175 sunt
1476 2144 1647 2186 rationales,
1675 2145 1792 2177 scilicet

101 2194 203 2235 ὅρασις,
233 2194 314 2231 ἀκοὴ,
349 2195 392 2222 καὶ
422 2197 475 2221 τῶν
504 2192 591 2221 ἄλλων
620 2192 793 2233 ἐμφιλόσοφοί
820 2205 848 2222 τε
877 2195 919 2222 καὶ

990 2203 1039 2224 sus
1057 2198 1084 2223 et
1100 2192 1230 2229 auditus,
1249 2192 1299 2231 qui
1316 2191 1514 2231 philosophia:
1528 2190 1687 2230 acimperii
1705 2199 1792 2230 capa-

101 2240 323 2279 ἧγεμονικώτεραι
341 2247 348 2255 ·
366 2241 391 2267 αἱ
409 2238 443 2277 ,δὲ
472 2238 563 2277 ἄλογοι
590 2239 634 2266 καὶ
656 2237 800 2271 κτηνώδεις
818 2247 824 2253 ·
857 2243 921 2278 γεῦ-

105 2296 155 2322 σις,
185 2284 324 2324 ὄσφρησις,
361 2283 415 2323 ἁφὴ
443 2284 508 2323 πρὸς
544 2283 684 2321 ὑπηρεσίαν
715 2287 766 2311 τῶν
796 2283 921 2323 λογικῶν,

104 2326 219 2368 Ὀρῶμεν
247 2329 296 2368 γὰρ
321 2330 424 2367 πρῶτον
453 2329 496 2356 καὶ
524 2328 665 2365 ἀκσύομεν,
688 2329 731 2356 καὶ
760 2327 843 2360 οὕτως
874 2329 926 2356 ὑπὸ

101 2374 239 2413 τοῦλόγου
263 2374 421 2410 κινούμενοι,
449 2372 584 2410 ἁπτόμεθα
610 2384 639 2400 τε
667 2373 712 2400 τοῦ
738 2373 922 2412 προκειμένου

105 2419 145 2448 καὶ
160 2418 372 2458 ὀσφραινόμενοι,
396 2421 429 2456 τῇ
455 2418 542 2456 γεύσει
571 2416 699 2455 διδοῦμεν,
733 2418 779 2445 Διὸ
800 2419 842 2445 καὶ
871 2421 922 2445 τῶν

105 2463 166 2501 δύω,
191 2462 442 2498 ζωοόέστατοίεῖσιν
472 2463 496 2491 αἱ
523 2469 607 2501 τρεῖς,
638 2462 680 2489 καὶ
709 2462 841 2502 ἀτεχνῶς,
873 2462 921 2489 ἀν-

105 2506 341 2547 δραποδωδέστατοι
358 2516 365 2523 ·
397 2508 454 2546 περὶ
488 2507 519 2539 ἃς
547 2509 600 2534 τῶν
627 2506 784 2545 θρεμμάτων
805 2508 848 2535 καὶ
869 2509 920 2539 θη-

106 2553 164 2592 ρίων
205 2552 238 2580 τὰ
279 2551 527 2591 γαστριμαργότατα
568 2551 611 2578 καὶ
650 2551 921 2579 συνουσιαστικώτατχ

105 2598 250 2630 πεπόνηται
274 2596 388 2634 μάλιστα
406 2605 413 2611 ·
438 2595 472 2623 δι’
487 2595 552 2629 ὅλης
567 2596 616 2635 γὰρ
629 2595 730 2635 ἡμέρας
752 2596 794 2623 καὶ
817 2597 920 2635 νυκτὸς,

105 2643 236 2682 ἣτροφῶν
266 2641 409 2676 ἀπλήστως
441 2640 606 2681 ἐμφορεῖται,
627 2640 645 2674 ἢ
669 2641 733 2680 πρὸς
763 2641 810 2672 τὰς
832 2641 924 2680 ὀχείας

105 2689 181 2727 ὁρμξι-

144 2726 184 2765 η’.
221 2726 250 2760 ι0
278 2731 326 2763 τὰς
354 2731 483 2771 ἐνεργείας
512 2733 565 2758 τῶν
587 2730 663 2762 ἐκτὸς
692 2730 836 2765 αἰσθήσεων
859 2730 924 2769 πρὸς

108 2776 151 2808 τὰς
189 2774 260 2804 ἔνδον
286 2775 385 2814 τρέψας
413 2775 561 2812 αἰσθήσεις,
592 2775 634 2802 καὶ
662 2775 710 2808 τὴν
746 2774 794 2811 μὲν
822 2773 923 2812 ὅρασιν,

147 2844 157 2865 ί
173 2843 252 2875 Psal.
267 2850 366 2881 xxxrx,
387 2841 437 2880 10,
454 2843 503 2874 11,

964 2239 1059 2269 ciores
1075 2242 1143 2268 sunt
1156 2246 1243 2277 quam
1260 2236 1359 2267 ca‘teri
1373 2246 1380 2273 ;
1396 2235 1446 2266 alii
1461 2245 1529 2266 vero
1545 2239 1612 2266 sunt
1629 2234 1789 2266 irrationa-

966 2283 1052 2319 biles,
1069 2287 1096 2313 et
1111 2281 1267 2321 animales,
1289 2288 1319 2311 ut
1341 2284 1455 2320 gustus,
1482 2280 1605 2311 olfactus
1628 2283 1656 2311 et
1683 2284 1788 2318 tactus,

968 2328 1006 2359 ad
1022 2326 1213 2358 rationalibus
1235 2325 1459 2356 inserviendum
1477 2325 1628 2356 destinati.
1644 2324 1789 2355 Videmus

970 2372 1049 2404 enim
1067 2371 1193 2412 primum
1219 2375 1248 2402 et
1271 2370 1419 2407 audimur,
1444 2370 1546 2410 sicque
1573 2370 1687 2400 ratione
1705 2369 1789 2406 moti,

966 2418 1080 2457 objecta
1095 2417 1254 2455 tangimus,
1271 2415 1430 2446 adoramur
1455 2419 1485 2445 et
1507 2415 1607 2454 gustui
1631 2414 1787 2445 tradimus.

966 2462 1065 2502 Itaque
1081 2471 1115 2492 ex
1130 2461 1248 2491 duobus
1264 2469 1404 2491 sensuum
1421 2459 1591 2498 generibus,
1610 2462 1670 2490 tres
1691 2462 1790 2499 poste-

964 2507 1059 2537 riores
1075 2510 1143 2536 sunt
1158 2507 1286 2536 maxime
1303 2504 1441 2535 bestiales
1456 2514 1489 2535 ac
1502 2513 1622 2545 prorsus
1639 2503 1763 2534 serviles
1781 2512 1789 2534 :

964 2551 1072 2592 quippe
1086 2560 1161 2590 quos
1178 2549 1326 2590 imprimis
1338 2554 1476 2580 exercent
1487 2550 1623 2590 jumenta
1638 2552 1666 2580 et
1677 2556 1785 2588 pecora

965 2596 1060 2626 ventri
1081 2600 1109 2626 et
1130 2595 1233 2625 veneri
1260 2594 1386 2625 maxime
1415 2593 1609 2634 indulgentia,
1636 2602 1705 2624 nam
1733 2593 1787 2623 diu

968 2645 1117 2680 noctuque
1132 2640 1176 2670 vel
1190 2639 1357 2670 insatiabile
1373 2639 1447 2670 cibis
1459 2639 1614 2671 eﬁ'arciunt
1630 2637 1788 2674 abdomen,

968 2685 1012 2716 vel
1031 2685 1059 2715 in
1073 2685 1246 2715 concubitus
1262 2684 1390 2715 irruunt.

1007 2731 1036 2762 8.
1057 2729 1112 2765 Qui
1127 2738 1247 2759 sensum
1262 2733 1453 2760 externorum
1468 2727 1653 2769 operationes
1667 2726 1789 2765 ad_sen-

967 2784 1017 2805 sus
1043 2774 1177 2805 internos
1203 2773 1358 2811 convertit,
1387 2777 1418 2805 et
1440 2773 1532 2805 visum
1557 2773 1593 2804 ad
1607 2772 1791 2804 intellectum
