1976 3067
196 132 255 166 859

843 137 994 170 NIGETKE
1016 136 1229 170 PEGTORATI

1826 139 1891 172 860

195 200 360 232 secundum
375 204 508 232 naturam
518 207 683 240 moveatur,
695 203 741 234 vel
753 204 904 244 jumento,
921 203 1023 234 bestiae

1109 205 1169 234 τικὸν
1197 206 1240 234 καὶ
1274 206 1498 246 θεολογιχώτατον
1535 207 1627 247 μέσον,
1670 206 1807 247 δειχθῆναι
1843 207 1892 235 τὸν

195 254 230 276 ac
242 245 368 277 daemoni
383 246 500 287 similis,
529 247 555 278 si
580 247 616 279 ab
639 247 744 280 ordine
768 252 879 280 natura:
895 257 1018 289 perver-

197 293 284 322 tatur.

239 379 285 411 17.
302 379 365 411 Nisi
374 380 440 420 quis
453 380 535 420 prius
548 381 629 412 vires
640 381 747 414 animae
757 392 818 414 sua:
825 392 878 424 per
894 382 1020 414 laborio-

197 432 259 454 sam
269 424 490 464 paennitentiam
500 426 705 457 etcontinuum
715 428 889 460 exercitium
901 437 1022 459 conver-

196 469 338 514 sas,tales
350 469 482 501 eii‘ecerit
494 471 598 512 quales
609 471 696 504 nobis
720 474 748 504 in
771 473 917 514 principio
940 473 1023 504 dedit

195 513 286 559 Deus,
299 514 416 554 quando
427 515 522 547 Adam
535 516 690 556 plasmavit
704 530 711 554 ;
726 522 755 548 et
765 513 946 559 spiraculum
957 517 1022 548 vita:

194 558 251 599 ipsi
280 558 452 599 inspiravit;
479 570 648 602 nuncquam
676 558 809 603 seipsum
842 571 1023 602 cognoscere

195 603 314 648 poterit,
332 613 387 635 nec
416 609 531 645 partem
558 606 734 638 rationalem
764 617 780 638 a
810 607 1022 648 cupiditatibus

197 647 333 687 liberam,
351 649 526 690 modestam,
550 660 609 681 non
634 651 791 690 curiosam,
819 647 878 683 non
894 652 1020 692 tristem,

197 691 377 733 simplicem,
409 694 565 732 humilem,
609 695 715 728 invidae
745 701 774 727 et
798 691 1023 728 obtrectationis

197 741 348 782 expertem
365 742 394 769 et
407 739 506 770 omnia
532 740 658 780 cogitata
683 742 877 782 captivantem
902 741 932 772 in
948 741 1023 772 obe-

197 781 332 813 dientian
356 782 478 821 Christi,
510 785 674 825 possidere.
701 781 760 817 Sed
776 795 872 827 neque
895 786 1025 817 animam

198 835 281 858 suam
296 827 449 858 ardentem
465 837 680 870 accensamque
696 830 748 861 Dei
758 840 860 862 amore
875 830 1025 870 reperiet;

199 873 509 913 nequetemperantize
532 874 589 905 ﬁne
606 879 833 915 petergressam,
854 879 1023 907 contentam

199 915 315 954 oblatis,
333 922 363 948 et
391 917 498 958 quietis
519 923 688 950 sanctorum
720 920 870 960 cupidam.
899 919 985 956 Quod
999 920 1025 951 si

198 961 273 992 hiaec
288 962 387 992 omnia
398 971 457 993 non
468 962 585 1001 habeat,
601 973 698 1005 neque
713 974 764 995 cor
779 964 1024 1005 suumﬁmansue-

199 1009 272 1043 tum,
290 1006 446 1046 paciﬁcum
459 1007 590 1049 sineira,
607 1008 802 1050 beneﬁcium,
818 1009 884 1040 sine
897 1013 1023 1040 conten-

199 1049 291 1088 tione,
303 1050 422 1091 plenum
438 1051 652 1084 misericordiae
664 1057 693 1084 et
705 1053 862 1084 hilaritatis
871 1053 1024 1094 possidere

199 1095 319 1136 poterit,
337 1095 406 1136 quia
422 1096 506 1127 sicin
528 1097 657 1137 seipsam
683 1097 831 1130 dividetur
855 1098 967 1136 anima,
995 1102 1024 1129 et

200 1144 321 1180 propter
341 1140 447 1171 virium
474 1142 726 1182 perturbationem
757 1143 862 1183 privita
892 1143 1024 1174 manebit

199 1184 312 1216 lumine
328 1184 456 1226 Spiritus
472 1188 581 1218 sancti.

244 1275 290 1306 18.
306 1275 363 1312 Qui
375 1285 433 1306 non
454 1276 498 1307 sic
527 1277 683 1317 primaeva):
695 1277 818 1317 originis
840 1278 931 1309 decus
946 1278 977 1308 in
992 1287 1024 1308 se

201 1324 370 1360 recuperat,
388 1324 417 1352 et
431 1321 480 1362 qui
505 1331 625 1362 semper
649 1322 798 1353 deformat
824 1322 1024 1353 characterem

203 1364 342 1404 imaginis
361 1365 439 1396 illius
449 1366 500 1406 qui
514 1367 645 1407 desuper
670 1367 766 1408 ipsum
789 1367 825 1398 ad
841 1377 924 1398 suam
940 1367 1025 1398 simi-

201 1407 357 1440 litudinem
369 1411 489 1448 creavit,
507 1412 655 1452 quomodo
681 1407 808 1452 unquam
824 1412 902 1442 uniri
919 1411 1027 1452 poterit

203 1453 231 1484 ei
245 1462 262 1484 a
275 1463 332 1495 quo
347 1463 380 1485 se
395 1456 542 1496 separavit
571 1457 752 1488 characteris
768 1456 1023 1495 dissimilitudine,

203 1501 232 1528 et
248 1497 295 1528 cui
311 1499 460 1539 oppositas
486 1505 623 1540 tamquan
649 1510 717 1531 vero
744 1501 849 1532 lumini
874 1500 1022 1538 tenebras,

202 1541 316 1574 lumine
331 1543 461 1575 extincto
491 1545 523 1576 in
545 1555 577 1576 se
597 1545 737 1576 attraxit?
761 1545 825 1576 Non
842 1545 942 1576 unitus
956 1554 1025 1576 vero

204 1587 264 1618 eia
278 1597 336 1628 que
363 1589 541 1630 principium
561 1590 664 1621 habuit
694 1590 875 1627 substantiae,
898 1594 954 1621 eta
969 1599 1026 1630 quo

205 1642 240 1664 ex
256 1634 351 1665 nihilo
379 1640 529 1667 extractus
553 1635 686 1667 substitit
711 1640 738 1667 et
749 1636 947 1667 exsistentiam
959 1645 1027 1666 sor-

207 1678 276 1709 titus
292 1684 348 1719 est,
381 1689 479 1711 nonne
503 1684 706 1721 sequestratus
733 1685 870 1721 tanquam
897 1680 1029 1712 Creatori

206 1722 382 1761 disstmiliis,
390 1725 598 1765 reprobabitur
606 1729 619 1757 ?
629 1725 918 1766 Liquetvitlentibus,
927 1725 1028 1756 etiam-

206 1768 230 1798 si
247 1778 300 1808 ego
317 1769 432 1801 sileam.

250 1815 296 1845 19.
327 1814 441 1851 Qantliu
483 1816 635 1847 materiam
672 1816 840 1856 passionum
881 1815 911 1846 in
941 1815 1029 1847 nobis

207 1857 362 1896 habemus,
393 1864 421 1890 et
445 1860 571 1901 objectis
600 1871 649 1892 eas
683 1861 878 1892 excitantibus
905 1861 1031 1892 libenter

205 1902 402 1941 adliceremus,
430 1905 492 1936 haec
521 1906 760 1947 nonstuden'es
777 1911 926 1942 excutere,
955 1907 1031 1944 viget

209 1952 311 1979 contra
328 1959 380 1980 nos
396 1949 512 1981 illarum
542 1951 593 1988 vis,
624 1951 714 1982 robur
739 1951 875 1982 videlicet
891 1960 928 1982 ex
944 1950 1030 1981 nobis

210 1993 369 2032 hauriens;
387 1995 437 2026 ubi
454 2005 521 2027 vero
538 2006 588 2027 eas
599 2006 615 2027 ιι
631 1996 716 2026 nobis
727 1995 924 2032 avcllerimus,
936 1999 963 2026 et
980 2005 1031 2026 cor

210 2041 391 2080 pmnitentiae
405 2043 542 2083 lacrymis
560 2043 824 2083 purificaverimus,
835 2042 1030 2073 abhorrentes

207 2085 293 2116 etiam
305 2095 322 2117 a
335 2096 435 2118 rerum
466 2087 624 2119 visibilium
641 2087 768 2123 ,fa‘lacia
788 2091 857 2117 tunc
886 2086 1031 2117 Parucleti

1062 248 1209 288 ἄνθρωπον,
1233 254 1281 285 τῆς
1310 255 1362 279 τῶν
1390 255 1490 280 πιστῶν
1519 251 1688 288 Ἐκκλησίας,
1718 252 1786 279 κατὰ
1811 252 1890 291 φύσιν

1061 294 1224 334 κινούμενον,
1242 296 1259 330 ἢ
1282 295 1405 330 κτηνώὸη
1428 297 1471 325 καὶ
1495 295 1613 336 θηριώδη
1641 297 1685 325 καὶ
1711 295 1888 334 δαιμονιώδη,

1061 339 1097 371 εἷς
1112 340 1141 381 το
1156 341 1227 379 παρὰ
1248 341 1324 380 φύσιν
1338 341 1582 381 παρατρεπόμενον.

1102 378 1146 419 ιζ’.
1173 385 1202 413 Εἰ
1231 387 1268 423 μή
1298 397 1337 418 τις
1367 390 1470 425 πρῶτον
1499 386 1545 418 τας
1571 385 1693 424 δυνάμεις
1715 388 1764 419 τῆς
1793 387 1889 425 ψυχῆς

1062 429 1154 457 ἑαυτοῦ
1189 428 1223 457 δι’
1256 430 1381 458 ἐπιπόνου
1410 431 1550 468 μετανοίας
1578 432 1622 459 καὶ
1651 431 1774 460 συντόνου
1798 430 1890 464 ἀσκή-

1062 484 1128 505 σεως
1164 475 1286 508 τοιαύτας
1314 476 1497 515 μεταστρέψας
1527 475 1693 512 ἀποτελέσει,
1729 475 1790 506 οἵας
1818 476 1889 512 ἡμῖν

1063 517 1088 550 ἐξ
1110 518 1198 558 ἀρχῆς
1215 518 1324 548 δέδωκεν
1348 521 1361 548 ὁ
1383 521 1448 552 Θεὸς
1474 521 1519 549 τὸν
1543 520 1628 558 Ἀδὰμ
1652 520 1888 559 πλαστουργήσας,

1063 563 1106 590 καὶ
1127 563 1211 597 πνοὴν
1237 567 1308 600 ζωῆς
1328 563 1483 602 ἐμπυσήσας
1505 565 1588 603 αὐτῷ,
1611 564 1669 594 οὔδε
1697 565 1789 592 ἑαυτὸν
1816 567 1891 603 γνῶ-

1064 618 1104 635 ναι
1132 607 1250 648 ἰσχύσειὲ
1280 620 1345 637 ποτε
1362 619 1370 627 '
1400 608 1457 638 οῦδὲ
1484 610 1529 637 τὸν
1560 610 1738 649 αὐτοκράτορα
1759 608 1892 647 λογισμὸν

1063 655 1114 680 τῶν
1144 654 1233 680 παθῶν
1257 651 1363 693 ἄτυφον,
1400 653 1565 694 ἀπερίεργον,
1599 654 1745 693 ἀπόνηρον,
1775 652 1892 690 ἁπλοῦν,

1063 697 1266 736 ταπεινόφρονα,
1297 698 1390 738 φθόνου
1423 699 1465 726 καὶ
1492 699 1634 737 βασκανίας
1665 699 1753 734 ἐκτὸς,
1783 698 1892 732 κτήσα-

1065 742 1135 778 σθαι,
1162 745 1214 769 πᾶν
1238 742 1326 780 νόημα
1362 742 1593 782 αὶχμαλωτίζοντα
1628 744 1664 775 εἷς
1691 744 1740 777 τὴν
1768 741 1891 774 ὑπακοὴν

1066 789 1112 813 τοῦ
1139 789 1263 825 Χριστοῦ.
1294 786 1367 815 Ἀλλ’
1390 787 1447 816 οὐδὲ
1468 788 1517 822 τὴν
1540 788 1632 818 ἑαυτοῦ
1659 788 1750 828 ψυχὴν
1779 787 1891 815 ἐκκαιο-

1069 829 1151 867 μένην
1186 831 1229 858 καὶ
1255 831 1473 870 τωρπολουμένην
1499 833 1602 872 εὑρήσει
1639 833 1674 864 εἷς
1704 833 1754 866 τὴν
1782 831 1892 870 ἀγάπην

1066 877 1111 902 τοῦ
1124 878 1201 915 Θεοῦ,
1225 876 1293 913 μήτε
1321 877 1382 908 τοὺς
1411 877 1486 916 ὅρους
1515 880 1564 911 τῆς
1593 877 1744 917 ἐγκρατείας
1765 875 1894 916 ὑπερϐαί-

1065 930 1170 958 νουσαν,
1212 921 1254 948 καὶ
1297 921 1462 961 ἁρχουμένην
1504 929 1563 954 τοτς
1607 921 1804 962 προκειμένοις,
1847 922 1894 948 καὶ

1066 967 1118 992 τῶν
1148 965 1227 1004 ἁγίων
1257 964 1400 1004 ἔπιεμένην
1422 969 1471 1000 τῆς
1500 967 1701 998 καταπαύσεως.
1740 967 1768 994 Εἰ
1796 965 1824 993 δὲ
1852 965 1893 1002 μὴ

1066 1008 1135 1036 οἸτω
1166 1009 1290 1038 κτάσεται
1332 1016 1422 1046 ταῦτα,
1468 1010 1525 1039 οὐδὲ
1566 1012 1615 1045 τὴν
1652 1012 1745 1040 ἑαυτοῦ
1784 1009 1894 1050 καρδίαν

1064 1061 1188 1093 πραεῖαν,
1206 1056 1352 1095 εἰρηνικὴν,
1368 1056 1509 1095 ἀόργητον,
1528 1057 1664 1096 χρηστὴν,
1685 1055 1804 1095 ἄμαχον,
1823 1065 1893 1093 μεσ-

1063 1099 1113 1132 τὴν
1129 1099 1216 1131 ἐλέους
1242 1101 1286 1128 καὶ
1311 1100 1480 1141 ἱλαρότητος,
1505 1102 1649 1136 κτήσασθαί
1674 1112 1739 1129 ποτε
1755 1100 1891 1139 δυνηθείη,

1065 1143 1133 1172 οὕτω
1148 1145 1336 1180 στασιαζούσης
1353 1146 1410 1174 καθ’
1425 1146 1521 1180 ἑαυτῆς
1543 1149 1592 1179 τῆς
1609 1149 1712 1186 ψυχῆς,
1730 1147 1774 1174 καὶ
1789 1145 1831 1173 διὰ
1845 1156 1893 1172 τα-

1065 1189 1152 1228 ραχὴν
1168 1192 1220 1216 τῶν
1235 1189 1382 1230 δυνάμεων,
1398 1190 1541 1230 ἆχωρήτου
1553 1191 1694 1229 μενούσης,
1712 1194 1764 1219 τῶν
1779 1191 1892 1219 ἀκτίνων

1065 1238 1110 1262 τοῦ
1131 1234 1295 1271 Πνεύματος,

1108 1272 1158 1311 ιη’.
1190 1274 1217 1307 ’0
1233 1279 1272 1316 μὴ
1297 1279 1364 1308 οὕτω
1386 1283 1434 1314 τῆς
1461 1279 1577 1312 παλαιᾶς
1604 1280 1733 1320 εὐγενείας
1762 1280 1890 1318 ἀπολαμ-

1066 1321 1152 1351 ϐάνων
1187 1323 1214 1352 ἐν
1241 1325 1326 1362 ἐαυτῷ
1353 1326 1402 1358 τὴν
1437 1325 1603 1365 εὐπρέπειαν,
1640 1326 1684 1354 καὶ
1711 1326 1771 1357 τοὺς
1801 1336 1893 1365 χαρα-

1066 1371 1166 1406 κτῆρας
1188 1369 1419 1409 ἀναμορφούμενος
1452 1370 1492 1398 ἀεὶ
1519 1372 1568 1403 τῆς
1597 1371 1697 1402 εἰκόνος
1718 1374 1764 1398 τοὺ
1793 1370 1892 1398 ἀνωθεν

1067 1413 1145 1441 αὐτὸν
1187 1413 1247 1442 καθ’
1295 1415 1440 1452 ὁμοιότητα
1483 1415 1575 1444 ἑαυτοῦ
1609 1415 1890 1454 πλαστουργήσαντος,

1066 1460 1124 1489 πῶς
1161 1457 1265 1486 δυνατόν
1301 1470 1366 1487 ποτε
1403 1460 1546 1496 ἑνωθῆναι,
1575 1461 1604 1488 οὗ
1632 1459 1768 1493 διέστησεν
1798 1460 1893 1488 ἑαυτὸν

1067 1505 1100 1540 τῇ
1126 1505 1178 1530 τῶν
1200 1504 1379 1543 χαρακτήρων
1405 1504 1601 1545 ἆνομοιότητι,
1633 1505 1677 1533 καὶ
1705 1507 1727 1542 ᾦ
1758 1508 1813 1545 φῶς
1835 1504 1892 1533 ὄντι

1067 1546 1235 1579 ἀποσϐεσθεὶς
1251 1551 1296 1576 τοῦ
1321 1549 1420 1588 φωτὸς,
1450 1550 1481 1577 τὸ
1510 1548 1624 1578 ἐναντίον
1653 1550 1689 1580 εὶς
1719 1549 1810 1578 ἑαυτὸν
1841 1549 1894 1578 ἒπ-

1068 1591 1201 1620 εσπάσατο
1219 1601 1226 1608 ·
1243 1593 1281 1631 μὴ
1297 1593 1400 1625 ἐνωθεὶς
1422 1592 1449 1620 δὲ
1474 1592 1499 1626 ἐξ
1522 1595 1552 1622 οὗ
1574 1594 1623 1627 τὴν
1645 1594 1733 1634 ἀρχὴν
1756 1593 1820 1634 ἔσχε
1841 1597 1893 1628 τῆς

1067 1637 1248 1674 ὑποστάσεως,
1271 1639 1316 1666 καὶ
1337 1637 1400 1678 παρ’
1419 1639 1449 1666 οὗ
1476 1638 1501 1671 ἐξ
1523 1639 1569 1667 οὐκ
1597 1639 1680 1666 ὀντων
1708 1639 1820 1678 ὑπέστη,
1849 1639 1894 1667 χαὶ

1068 1683 1119 1710 τῶν
1148 1681 1230 1710 ὄντων
1252 1682 1406 1722 ἐκράτησεν,
1429 1683 1479 1723 ἆρά
1499 1694 1550 1711 που
1570 1684 1677 1721 τμηθεὶς
1704 1684 1740 1715 ὡς
1765 1683 1892 1721 ἀνόμοιος

1068 1730 1105 1764 τῷ
1119 1728 1278 1760 πεποιηκότι
1293 1728 1432 1767 ῥιφήσεται
1446 1738 1453 1768 ;
1477 1727 1565 1762 Δῆλον
1586 1735 1644 1760 τοῖς
1660 1729 1751 1768 ορωσι,
1767 1728 1815 1756 κᾶν
1840 1728 1894 1767 ἐγὼ

1069 1772 1157 1806 σιωπῆ
1161 1783 1259 1809 σῳμαι.

1111 1811 1155 1847 ιϐ’.
1174 1808 1240 1849 "Em;
1262 1817 1310 1854 μὲν
1324 1817 1370 1848 τὰς
1385 1817 1448 1850 ὕλας
1470 1817 1497 1845 ἐν
1512 1818 1617 1848 ἑαυτοῖς
1642 1817 1741 1857 ἔχομεν
1769 1821 1822 1846 τῶν
1844 1829 1896 1846 πα-

1070 1862 1132 1898 θὼν,
1162 1862 1205 1889 καὶ
1234 1862 1280 1894 τὰς
1310 1863 1408 1890 τούτων
1438 1863 1520 1894 αἰτίας
1547 1861 1692 1893 αὗτοοελὼς
1722 1863 1894 1901 περιεπομεν,

1071 1905 1257 1935 ἀποτείσασθαι
1287 1908 1382 1938 ταύτας
1419 1908 1457 1944 μὴ
1492 1907 1705 1946 προαιρούμενοι,
1734 1907 1821 1946 ἰσχύει
1851 1908 1896 1935 αὖ·

1070 1953 1122 1978 τῶν
1136 1951 1194 1979 καθ’
1215 1952 1292 1988 ἡμῶν
1306 1953 1349 1979 καὶ
1366 1952 1382 1985 ἡ
1404 1950 1525 1991 δύναμις,
1554 1952 1584 1979 τὸ
1612 1951 1714 1991 ἰσχύειν
1740 1950 1896 1989 λαμϐάνου-

1071 2006 1103 2022 σα
1135 1995 1235 2029 δηλαδὴ
1264 1995 1289 2028 ἐξ
1317 1997 1406 2033 ἡμῶν.
1443 1994 1526 2024 ’ἐπὰν
1555 1995 1582 2023 δὲ
1617 1996 1713 2027 ταύτας
1741 1995 1766 2028 ἐξ
1795 1996 1896 2024 ἑαυτῶν

1071 2040 1269 2080 ἁποῤῥὶψωμεν,
1298 2042 1341 2069 καὶ
1369 2041 1418 2074 τὴν
1445 2039 1552 2080 καρδίαν
1587 2048 1645 2071 τοῖς
1675 2043 1724 2073 τῆς
1753 2041 1895 2077 μετανοίας

1071 2084 1176 2123 ὂάλρυσι
1193 2087 1372 2124 χαθαρϐὦμεν.
1389 2086 1549 2123 μισήσαντες
1565 2085 1608 2113 καὶ
1623 2085 1672 2118 τὴν
1688 2088 1739 2112 τῶν
1754 2085 1896 2123 ὁρωμένων

208 2131 372 2170 praesentia;
399 2132 557 2172 participes
586 2133 689 2169 simus,
718 2132 810 2163 Deum
837 2131 970 2162 videntes
999 2131 1027 2162 iu

1113 2130 1188 2167 itm,
1205 2133 1350 2163 τηνικαῦτα
1371 2132 1420 2163 τῆς
1445 2133 1491 2158 τοῦ
1517 2129 1690 2169 Παρακλήτου
1705 2129 1847 2169 παρουσίας
1870 2129 1897 2157 ἐν

210 2175 322 2206 lumine
338 2176 477 2208 invisibili
491 2177 527 2208 ab
540 2187 633 2218 eoque
649 2177 716 2208 visi.

250 2265 300 2298 20.
309 2266 362 2302 Qui
372 2266 511 2297 mundani
520 2275 626 2297 sensus
633 2266 930 2306 \‘incularupuerunt,
945 2265 1030 2296 liberi

208 2310 246 2342 ab
262 2312 342 2342 omni
369 2320 509 2341 sensuum
534 2312 674 2342 servitute
696 2312 816 2351 degunt,
830 2311 883 2342 SOlt
899 2310 1031 2351 Spirutui

211 2356 353 2393 viventes,
371 2360 399 2387 et
415 2365 483 2386 cum
499 2356 562 2395 ipso
589 2360 811 2393 conversantes,
829 2360 929 2394 utpote
943 2355 979 2385 al)
996 2364 1030 2385 eo

210 2401 292 2437 moti,
308 2410 359 2440 per
373 2410 462 2441 quem
479 2400 779 2432 consubstantialibus
796 2400 874 2432 l’atri
894 2405 922 2431 et
932 2399 1030 2430 Verbo

211 2446 363 2486 conjungi,
382 2449 410 2476 et
427 2454 518 2476 unum
534 2445 688 2486 Spiritum,
716 2446 798 2486 juxta
822 2445 939 2476 beatum
958 2446 1031 2476 l’au-

210 2491 299 2530 lum5,
317 2492 432 2522 eﬂicere
443 2490 549 2520 solent.
566 2489 621 2526 Qui
637 2490 756 2531 quidem
773 2500 831 2521 non
846 2492 939 2520 solum
952 2489 1033 2520 inex-

211 2535 386 2576 pugnabiles
397 2535 669 2572 suntdmmonibus,
683 2535 735 2566 sed
756 2535 869 2566 etiamt‘
886 2534 1030 2565 rmitlabi-

212 2581 266 2618 les,
280 2585 417 2620 tanquam
435 2579 512 2619 ignis
522 2579 613 2610 divini
638 2580 806 2620 participes,
826 2585 854 2610 et
868 2579 941 2619 ipsis
956 2579 1032 2618 ignis

211 2625 332 2657 realiter
347 2625 425 2656 facti.

250 2714 300 2746 2t.
318 2714 425 2746 Tactus
436 2724 495 2745 non
504 2713 626 2754 estquid
639 2713 769 2755 partiale,
785 2713 815 2744 in
827 2722 884 2744 una
901 2713 1034 2754 Corporis

211 2762 295 2799 parte
311 2768 394 2790 suam
408 2759 466 2790 vim
483 2768 638 2797 exercens,
669 2763 700 2790 ut
714 2758 822 2800 reliqui
842 2767 960 2797 sensus,
982 2759 1034 2790 sed

250 2826 374 2858 “Cor.
390 2834 442 2858 ιω.
462 2827 511 2859 11.

1071 2174 1171 2211 μεθέξει
1199 2175 1334 2214 γινόμεθα,
1369 2175 1433 2203 θεὸν
1462 2175 1573 2213 ὁρῶντες
1598 2174 1624 2202 ἐν
1653 2175 1719 2214 φωτὶ
1748 2172 1826 2211 ἀϊδίῳ
1854 2176 1899 2202 καὶ

1072 2220 1200 2259 ὁρώμενοι
1221 2219 1265 2248 ὑπ’
1281 2220 1369 2250 αὒτοῧ.

1110 2259 1148 2295 χ’.
1187 2266 1216 2293 Οἱ
1251 2267 1299 2298 τῆς
1326 2264 1491 2303 παγκοσμίου
1526 2264 1671 2298 αἰσθήσεως
1701 2263 1824 2302 ῥήξαντες
1865 2264 1899 2291 τὰ

1072 2308 1166 2347 δεσμὰ,
1198 2309 1224 2336 ἐν
1260 2308 1389 2344 ἐλευθερίᾳ
1423 2308 1511 2341 πάσης
1548 2307 1664 2340 δουλείας
1692 2306 1809 2346 διάγουσι
1844 2311 1900 2336 τῶν

1072 2355 1230 2389 αἰσθήσεων,
1260 2353 1333 2391 μόνῳ
1362 2357 1399 2391 τῷ
1433 2353 1561 2390 πνεύματι
1600 2356 1708 2388 ζῶντες,
1746 2353 1790 2380 καὶ
1827 2352 1900 2390 αὖτῴ

1075 2397 1308 2437 προσομιλοῦντες,
1335 2399 1371 2428 ὡς
1407 2396 1450 2425 ὑπ’
1488 2397 1587 2425 ἐκείνου
1614 2397 1772 2434 κινούμενοι,
1806 2395 1839 2424 δι’
1869 2399 1900 2426 οὗ

1072 2444 1117 2471 καὶ
1147 2451 1205 2474 τοῖς
1228 2442 1375 2480 ὁμοουσῖοίς
1406 2442 1498 2480 Πατρὶ,
1534 2443 1577 2469 καὶ
1608 2442 1696 2481 Λόγῳ,
1726 2441 1901 2471 συνάπτεσθαί

1073 2501 1130 2520 πως
1168 2489 1284 2524 εἰώθασι,
1315 2488 1358 2515 καὶ
1385 2486 1412 2514 ἓν
1451 2490 1567 2524 Πνεῦμα,
1607 2487 1674 2514 κατᾶ
1700 2486 1746 2514 τὸν
1782 2484 1898 2523 Παῦλον,

1073 2532 1271 2562 ἀποτελεῖσθαι.
1314 2533 1346 2560 Οἳ
1387 2532 1430 2559 καὶ
1468 2531 1496 2559 οὗ
1545 2531 1625 2568 μόνον
1668 2530 1810 2570 ἀχείρωτοι(
1850 2531 1900 2558 εἱσι

1074 2577 1206 2617 δαίμοσιν,
1234 2575 1301 2604 ἀλλὰ
1328 2577 1372 2604 καί
1404 2575 1518 2616 φοϐεροὶ,
1556 2577 1592 2608 ὡς
1629 2573 1825 2613 μεταλαϐόντες
1853 2580 1900 2604 τοῦ

1073 2624 1140 2652 θείου
1189 2622 1282 2661 πυρὸς,
1331 2621 1376 2649 καὶ
1423 2624 1474 2660 πῦρ
1516 2620 1674 2660 αὐτόχρημα
1717 2620 1900 2660 χρηματίσαν-

1073 2679 1129 2699 τες.

1115 2707 1172 2743 καί
1197 2707 1228 2741 Ἠ
1251 2711 1318 2752 ἁφὴ,
1342 2711 1372 2739 οὗ
1401 2711 1496 2750 μερική
1518 2709 1557 2741 τίς
1582 2709 1651 2738 ἐστιν
1681 2709 1708 2737 ἐν
1730 2713 1769 2747 τῷ
1795 2709 1898 2747 σώματι

1076 2757 1103 2786 ἐν
1131 2758 1168 2786 ἑνὶ
1197 2755 1270 2796 μέρει
1300 2756 1351 2790 τὴν
1378 2755 1474 2788 ἑαυτῆς
1502 2754 1646 2794 ἐνέργειαν,
1675 2753 1764 2794 ὥσπερ
1792 2755 1819 2782 αἱ
1846 2753 1901 2783 λοι-
