1976 3067
190 149 248 182 867
844 145 996 180 NICETE
1019 146 1230 179 PECTOBATI
1828 147 1895 180 868

189 217 371 249 eversionem
390 216 470 255 boni,
490 225 543 256 per
557 224 624 257 quae
638 215 748 247 luteam
760 219 789 246 et
801 215 957 246 informem
971 223 997 245 τε

1074 214 1106 245 ἧς
1131 213 1275 252 ἁμαρτίας,
1298 214 1415 243 κάτωθεν
1439 213 1538 254 ἔχουσα
1559 215 1590 242 τὸ
1614 212 1742 246 δυσσῶδες
1765 214 1810 242 καὶ
1837 217 1889 249 ζο-

187 271 334 303 cuperans
348 261 456 292 veteris
484 261 614 292 hominis
643 261 815 301 imaginem,
831 269 899 292 vera
914 260 997 298 caligt

1072 258 1137 297 ἱρὸν,
1167 265 1282 298 γεωργεῖ
1307 260 1337 288 τὸ
1371 266 1451 297 μῖσος
1479 260 1526 287 καὶ
1552 259 1602 292 τὴν
1632 259 1804 298 ἀποστροφὴν
1834 259 1888 287 τοῦ

187 302 380 347 ἢιίρινοχίῐηο,
395 310 425 337 et
452 306 594 346 operibus
622 305 780 346 verbisque
810 305 921 336 vitiosis
938 315 997 336 cor-

1072 302 1131 331 λιλοῦ
1146 311 1152 318 ⁸
1176 302 1211 330 δι’
1225 304 1258 336 ἧς
1274 304 1324 337 τὴν
1346 305 1448 344 χοϊκ-ὶιν
1475 304 1695 343 ἂναμορφουμένη
1724 304 1769 332 καὶ
1790 303 1885 343 ἄμορ-

187 351 299 391 rumpit
312 351 426 382 animas
438 350 588 391 simplices
606 354 635 381 et
645 350 811 381 imbecilles
826 350 997 390 impellitqm

1072 357 1098 374 ον
1114 347 1201 375 εἰκόνα
1215 351 1260 375 τοῦ
1275 347 1401 386 παλαιοῦ,
1418 350 1512 380 σκότος
1535 348 1695 388 αὒτόχρημα
1717 355 1776 380 τοῖς
1802 347 1883 381 πλη-

186 396 222 426 ad
237 395 290 426 Dei
305 395 518 436 blasphemiam
532 405 538 412 ·
568 399 597 426 et
619 395 661 425 sic
676 395 725 426 ubi
741 399 835 426 morte
851 400 993 436 occupatu

1072 391 1166 426 ιπὶζουσι
1203 392 1313 431 γίνεται,
1343 394 1388 421 καὶ
1416 396 1449 431 τῇ
1477 396 1530 421 τῶν
1559 393 1665 432 φαύλων
1691 393 1798 432 ἐργασίᾳ
1835 393 1884 420 καὶ

186 440 295 479 anima,
313 440 353 471 ibi
368 435 504 471 similiter
519 440 710 471 mulationem
727 439 850 472 invenit.
926 435 933 436 ί

1072 436 1151 476 me,
1168 435 1304 477 διαφθείρει
1334 439 1424 477 ψυχὰς
1450 437 1600 470 ἀπλάστους
1629 439 1672 466 καὶ
1691 437 1883 476 ἀστηρίκτους,

1051 483 1094 510 καὶ
1109 488 1178 509 κινεῖ
1193 483 1260 511 κατὰ
1273 486 1320 511 τοῦ
1341 486 1406 510 Θεοῦ
1420 482 1589 522 βλασφημίαν
1605 491 1614 500 ο
1636 483 1680 510 καὶ
1695 482 1777 514 οὕτως
1792 481 1819 509 ἐν
1837 483 1884 512 οἷς

227 619 278 650 33.
304 620 363 656 Qui
392 619 484 650 malas
512 619 580 650 colit
609 619 813 659 cogitationes,
847 619 1008 649 obscurum

185 663 364 704 tristemque
378 663 434 694 sibi
449 663 542 695 efficit
566 663 690 704 vultum,
723 667 752 693 et
774 663 903 702 linguam
919 663 1009 694 habet

185 709 308 748 hymnos
323 708 439 739 divinos
467 712 625 744 tacentem,
656 712 686 738 et
710 708 840 747 ingratus
868 708 948 738 aditu
964 712 1009 739 est

185 752 324 784 omnibus
336 752 574 784 occurrentibus.
587 752 641 789 Qui
653 757 774 783 econtra
786 754 877 783 bonas
886 753 1008 783 immor-

184 797 318 838 talesque
326 798 424 828 cordis
434 797 547 838 plantas
557 798 636 835 colit,
645 807 793 828 amcenum
802 797 1006 837 et:radiantem

184 842 272 873 habet
295 842 419 879 vultum,
444 847 473 873 et
501 851 640 873 canoram
670 843 706 872 ad
737 851 841 882 preces
866 842 1006 881 linguam,

184 890 338 927 totumque
374 887 503 928 seipsum
542 887 571 917 in
599 887 823 918 conversatione
848 887 1006 927 jucundis-

184 931 292 962 simum
312 942 318 961 :
337 931 377 961 ita
391 935 423 962 ut
444 931 514 962 inde
542 931 622 962 clare
649 932 744 962 oculis
760 935 858 972 pateat
872 931 1007 972 quisnam

183 975 311 1016 impuris
337 976 435 1007 adhuc
462 976 605 1007 inserviat
628 976 856 1015 cogitationibus
879 976 1009 1016 tyranni-

182 1029 283 1060 caaque
296 1020 407 1052 terreni
421 1029 526 1051 sensus
537 1021 594 1060 legi
605 1021 765 1062 subjaceat,
778 1021 915 1062 quisnam
931 1021 1008 1052 liber

181 1064 219 1095 ab
241 1064 408 1096 istiusmodi
436 1065 577 1096 servitute
601 1065 677 1097 vivat
705 1065 760 1096 sub
789 1066 853 1105 lege
873 1065 1005 1106 spiritus,

179 1109 262 1149 juxta
271 1110 435 1150 sapientem
449 1110 636 1142 Salomonem
651 1119 657 1142 :
676 1121 687 1139 ιι
701 1110 758 1142 Cor
775 1111 906 1150 gaudens
918 1111 1006 1142 exhi-

181 1155 256 1185 larat
270 1154 375 1186 faciem
394 1163 402 1193 ;
427 1154 458 1185 in
483 1164 612 1187 mterore
635 1155 726 1186 animi
750 1155 891 1195 dojicitur
914 1155 1006 1196 spiri-

184 1202 230 1230 tus
246 1199 272 1230 4.
290 1209 305 1230 )

223 1332 274 1365 34.
291 1332 347 1364 Per
358 1334 470 1374 praxim
478 1334 616 1374 perfecta:
624 1334 811 1375 cupiditates,
831 1343 885 1375 per
895 1333 1007 1375 praxim

184 1378 273 1409 etiam
301 1383 452 1410 sanantur.
478 1378 559 1410 Sicut
581 1379 660 1409 enim
687 1378 926 1419 intemperantia,
955 1387 1008 1408 vo-

185 1422 295 1463 luptas,
327 1423 404 1462 gula,
432 1423 490 1454 vita
517 1423 613 1454 mollis
652 1426 681 1453 et
707 1423 849 1454 dissoluta
878 1423 1009 1454 habitum

183 1467 400 1507 cupiditatibus
416 1468 572 1508 perficiunt
585 1468 616 1498 in
632 1468 743 1499 anima.
761 1477 884 1508 eamque
895 1467 931 1498 ad
945 1476 1010 1506 per-

183 1521 286 1544 versas
302 1512 437 1543 actiones
456 1513 618 1544 inducunt:
638 1513 682 1544 sic
704 1513 849 1553 angustia,
880 1511 1008 1550 labores,

187 1560 218 1588 et
232 1557 316 1587 luctae
331 1557 501 1597 spirituales
527 1558 742 1598 impassibilem
772 1558 851 1588 illam
868 1557 1008 1594 reddunt,

183 1611 217 1633 ac
233 1602 271 1633 de
286 1601 423 1642 passione
438 1603 469 1633 in
484 1602 750 1644 impassibilitatem
766 1604 958 1634 transierunt.

225 1691 275 1724 35.
294 1691 418 1728 Quando
442 1692 549 1732 aliquis
573 1696 696 1733 propter
724 1692 899 1723 laboriosam
914 1691 1010 1722 conti-

1052 525 1082 554 ἂν
1097 527 1147 554 ὑπὸ
1163 530 1207 554 τοῦ
1221 527 1331 556 θανάτου
1347 526 1505 567 καταληφθῂ
1526 528 1543 561 ἡ
1567 527 1655 567 ψυχὴ,
1673 527 1716 555 καὶ
1738 527 1786 558 τὰς
1802 526 1884 564 ἀμοι-

1052 570 1100 602 ϐὰς
1116 570 1254 610 ἀναλόγως
1269 572 1393 611 εὕρίσκει.

1089 610 1143 654 λγ’.
1178 611 1205 644 ’0
1237 618 1290 643 τῶν
1325 616 1431 656 φαύλων
1460 616 1567 645 ἐννοιῶν
1598 617 1714 655 γεωργὸς
1750 615 1882 656 ζοφώδεις

1049 660 1127 688 αὺτοῦ
1141 667 1258 688 ποιεῖται
1286 662 1330 688 καὶ
1359 661 1469 700 στυγνὰς
1499 662 1546 693 τὰς
1575 661 1651 693 ἐκτὸς
1679 660 1767 698 ὅψεις,
1802 660 1885 689 ἄναυ-

1049 703 1091 732 δόν
1113 715 1141 732 τε
1156 705 1205 738 τὴν
1219 705 1340 744 γλῶτταν
1367 705 1425 745 ἔχει
1451 708 1503 733 τῶν
1524 707 1601 734 θείων
1627 705 1726 743 ὕμνων,
1747 705 1792 732 καὶ
1814 704 1881 732 δυσ-

1050 750 1199 783 απάντητός
1214 749 1268 778 ἐστι
1290 753 1369 778 πᾶσιν
1399 751 1435 782 εἷς
1465 750 1598 790 ἐντυχίαν.
1623 749 1652 779 Ὀ
1680 749 1707 777 δὲ
1736 752 1789 777 τῶν
1806 749 1880 788 ἀγα-

1048 795 1099 821 θῶν
1138 795 1182 822 καὶ
1222 795 1356 823 ἀθανάτων
1398 798 1495 834 φωτῶν
1531 795 1649 835 γεωργὸς
1684 794 1732 828 τῆς
1769 793 1879 833 καρδίας

1049 839 1168 878 χαροπὸν
1193 840 1236 867 καὶ
1257 840 1457 878 γεγαννωμένον
1488 840 1546 879 ἔχει
1570 841 1601 868 τὸ
1629 839 1782 878 πρόσωπον,
1806 837 1878 876 μελ-

1049 882 1115 919 ῳδόν
1138 894 1167 911 τε
1195 885 1231 915 εἰς
1261 883 1363 918 δεήσεις
1392 885 1441 918 τὴν
1472 884 1592 924 γλῶτταν
1621 885 1710 924 αὐτοῦ,
1739 884 1783 912 καὶ
1814 883 1877 911 ὅλον

1050 928 1141 956 ἑαυτὸν
1163 929 1199 960 εἷς
1228 928 1332 966 ὁμιλίαν
1362 928 1488 962 ἡδύτατον
1507 939 1512 945 ·
1537 931 1575 961 ὡς
1601 930 1710 969 φανερὸν
1737 929 1808 957 εἶναι
1833 928 1878 955 καὶ

1049 972 1163 1009 γίνεσθαι
1187 979 1245 1004 τοῖς
1274 974 1369 1012 ὁρῶσιν
1398 973 1513 1002 ἐντεῦθεν
1544 973 1645 1014 καλῶς,
1674 974 1751 1001 αὐτόν
1779 984 1808 1000 τε
1830 974 1877 1000 τὸν

1047 1017 1098 1044 ὑπὸ
1127 1015 1242 1046 δουλείαν
1267 1017 1304 1045 ἴτι
1332 1021 1384 1046 τῶν
1412 1018 1567 1058 ἀκαθάρτων
1598 1018 1661 1046 ὄντα
1694 1019 1796 1057 παθῶν,
1829 1023 1876 1049 καὶ

1047 1061 1093 1089 ὑπ’
1122 1063 1239 1101 ἀνάγκην
1262 1067 1308 1091 τοῦ
1334 1063 1416 1101 νόμου
1443 1063 1570 1092 τελοῦντα
1600 1069 1646 1093 τοῦ
1673 1062 1787 1103 γεώδους
1813 1073 1878 1102 φρο-

1047 1107 1177 1144 νήματος.
1221 1109 1270 1136 Καὶ
1318 1109 1363 1136 τὸν
1412 1107 1615 1148 ἐλευθερωθέντα
1657 1108 1706 1142 τῆς
1749 1108 1875 1140 τοιαύτης

1048 1149 1177 1189 δουλείας,
1204 1153 1254 1180 ὑπὸ
1281 1156 1326 1180 τοῦ
1363 1154 1445 1191 νόμου
1477 1157 1522 1182 τοῦ
1557 1154 1719 1193 πνεύματος,
1742 1152 1810 1181 κατὰ
1829 1154 1876 1179 τὸν

1049 1197 1128 1236 σοφὸν
1156 1196 1317 1235 Σολομῶντα
1334 1205 1341 1212 ⁸
1365 1208 1377 1228 ι
1412 1197 1525 1237 Καρδίας
1555 1198 1776 1238 εὖφραινομένης,
1806 1195 1874 1224 θάλ-

1047 1239 1087 1268 λει
1134 1241 1275 1280 πρόσωπον
1291 1251 1297 1258 ·
1341 1241 1367 1269 ἐν
1410 1240 1437 1269 δὲ
1481 1241 1575 1274 λύπαις
1617 1242 1710 1277 οὔσης,
1755 1240 1872 1280 στυγνά-

1048 1289 1100 1320 ζει.
1117 1297 1131 1313 ι)

1091 1324 1143 1358 λδ”
1173 1331 1211 1359 Τὰ
1240 1331 1398 1371 ἐμπράκτως
1432 1331 1576 1369 τελούμενα
1608 1331 1679 1364 πάθη
1715 1330 1872 1369 ἐμπράκτως

1050 1375 1093 1402 καὶ
1120 1368 1319 1414 θεραπεύονται,
1350 1368 1446 1415 ’Ὠσπερ
1479 1377 1525 1416 ραρ
1558 1375 1680 1415 ἀκρασία,
1716 1368 1800 1409 ἡδονὴ
1829 1374 1873 1402 καὶ

1051 1418 1210 1459 ἀδδηφαγία,
1233 1422 1276 1448 καὶ
1307 1421 1362 1458 βίος
1390 1420 1492 1459 ἀμελὴς
1521 1422 1565 1449 καὶ
1592 1419 1795 1460 διακεχυμένος,
1823 1419 1872 1452 τὴν

1052 1464 1253 1502 ἒμπαθεστάτην
1274 1464 1326 1497 ἕξιν
1347 1465 1518 1494 ἀποτελοῦσιν
1539 1465 1565 1493 ἐν
1592 1468 1625 1503 τῇ
1649 1467 1738 1504 ψυχῇ,
1766 1465 1810 1492 καὶ
1836 1464 1873 1494 εἷς

1021 1510 1157 1551 ρπράξεις
1180 1511 1292 1544 ἀτόπους
1318 1512 1399 1546 αὑτὴν
1426 1511 1544 1551 ἄγουσιν,
1575 1511 1643 1540 οὕτω
1673 1511 1801 1542 στένωσις
1829 1510 1872 1538 καὶ

1053 1555 1202 1595 ἐγκράτεια,
1225 1557 1301 1585 πόνοι
1323 1557 1366 1584 καὶ
1387 1557 1488 1596 ἀγῶνες
1515 1557 1698 1594 πνευματικοὶ,
1725 1555 1773 1589 τὴν
1802 1554 1873 1582 ἀπά-

1052 1602 1123 1630 θειαν
1137 1605 1333 1641 περιποιοῦνται
1360 1602 1438 1640 αὐτῇ,
1462 1602 1506 1629 καὶ
1530 1600 1555 1634 ἐξ
1576 1601 1719 1639 ἐμπαθείας
1742 1601 1778 1632 εἱς
1800 1599 1871 1629 ἀπά-

1052 1647 1124 1674 θειαν
1138 1648 1219 1686 αὐτὴν
1235 1646 1434 1686 μεταφέρουσιν.

1091 1685 1141 1720 λε’.
1167 1683 1242 1720 ’ὃταν
1257 1691 1282 1724 ἐξ
1306 1691 1431 1720 ἐπιπόνου
1454 1701 1493 1723 τις
1515 1691 1559 1719 καὶ
1585 1692 1708 1719 συντόνου
1734 1689 1873 1723 ἀσκήσεως

184 1745 334 1776 nuamque
348 1736 474 1767 ascesim
492 1746 597 1777 magna
607 1737 685 1768 dona
701 1747 717 1768 a
729 1737 789 1768 Deo
805 1736 941 1777 accipere
956 1744 997 1776 pe‘

1072 1739 1155 1774 υρεῶν
1190 1735 1314 1776 μεγάλων
1351 1736 1421 1775 παρὰ
1461 1739 1525 1764 Θεοῦ
1563 1735 1604 1763 διὰ
1631 1734 1871 1774 ταπεινοφροσύνης

185 1781 385 1812 humilitatem
401 1781 560 1820 meruit,ac
578 1786 680 1822 postea
699 1782 770 1813 inde
785 1781 934 1819 revulsus,
952 1791 1007 1812 cu—

184 1825 340 1866 pipitatum
355 1835 388 1856 ac
403 1826 570 1858 daemonum
595 1827 696 1858 ferula;
720 1826 843 1857 traditus
863 1830 917 1863 est,
935 1825 1008 1856 sciat

181 1879 214 1901 se
243 1870 332 1901 fuisse
354 1871 473 1912 elatum,
500 1881 606 1911 magna
620 1872 657 1903 de
673 1881 706 1902 se
721 1871 958 1912 praesumpsisse,
979 1873 1008 1902 et

179 1915 254 1947 alias
268 1920 457 1956 aspernatum
468 1925 546 1947 esse.
556 1916 621 1948 Non
632 1917 719 1948 aliter
731 1916 819 1956 igitur
833 1914 1007 1956 hujusmodi

180 1960 228 1991 vir
242 1961 399 1992 sanitatem
413 1961 604 2001 recuperabit
619 1968 647 1993 et
663 1961 870 1992 liberationem
885 1969 902 1991 a
918 1960 1005 2000 cupi-

179 2004 321 2036 ditatibus
335 2005 548 2047 daemoniisque
564 2007 651 2038 vitam
681 2016 764 2038 suam
781 2005 1004 2042 cobibentibus,

180 2059 270 2091 quam
294 2050 448 2082 redeundo
475 2060 529 2092 per
553 2052 756 2093 paenitentiam
783 2050 819 2082 ad
848 2049 1005 2091 pristinum

179 2099 302 2135 statum,
318 2099 346 2126 et
361 2095 579 2136 interponendo
596 2100 735 2138 tanquam
751 2096 877 2137 optimas
891 2094 1006 2126 media-

183 2139 273 2171 trices
288 2140 486 2172 humilitatem
503 2145 532 2172 et
547 2142 674 2183 propriae
701 2140 871 2181 exiguitatis
885 2140 1008 2179 agnitio-

181 2194 262 2225 nem,
279 2194 332 2226 per
346 2193 421 2225 quas
447 2185 572 2226 quilibet
600 2187 630 2218 in
658 2186 851 2218 fundamento
865 2185 1005 2216 virtutum

182 2229 261 2262 bene
289 2229 452 2270 stabilitas,
485 2231 567 2263 omni
590 2240 657 2264 sese
679 2235 815 2263 creatura
831 2230 1005 2262 inferiorem

149 2289 153 2292 -
182 2275 341 2307 existimat.

219 2320 268 2353 36.
285 2321 380 2362 Eque
391 2321 501 2353 malum
514 2325 559 2353 est
580 2321 658 2364 apud
673 2323 766 2354 Deum
778 2325 807 2354 et
822 2322 959 2353 homines
973 2323 1005 2353 in

1051 1779 1161 1820 ἀξιωθῇ,
1203 1781 1264 1809 εἶτα
1304 1781 1438 1820 ὑποσυρεὶς
1474 1780 1586 1818 ἐκεῖθεν,
1622 1781 1730 1808 πάθεσιν
1767 1778 1870 1809 ἔκδοτος

1049 1824 1157 1864 γένηται
1186 1826 1230 1854 καὶ
1257 1824 1361 1863 δαίμοσι
1390 1824 1556 1863 παιδευταῖς,
1587 1825 1654 1852 ἴστω
1678 1825 1770 1854 ἑαυτὸν
1795 1825 1872 1861 ὑψω-

1048 1869 1136 1910 θὲντσι,
1171 1871 1215 1898 καὶ
1242 1870 1347 1910 μεγάλα
1370 1872 1428 1910 περὶ
1464 1871 1556 1898 ἑαυτοῦ
1585 1869 1717 1905 οἰηθέντα,
1747 1870 1791 1897 καὶ
1819 1869 1870 1896 τῶν

1048 1913 1135 1943 ἄλλων
1177 1915 1370 1955 κατεπαρθέντα
1387 1925 1395 1934 ’
1438 1914 1579 1954 οὖδαμόθεν
1620 1915 1664 1943 οὖν
1707 1913 1815 1952 ἄλλοθεν
1857 1914 1871 1941 ὁ

1047 1963 1164 1992 τοιοῦτος
1193 1961 1297 2000 εὑρήσει
1324 1961 1372 1994 τὴν
1398 1961 1535 2000 θεραπείαν
1561 1961 1604 1988 καὶ
1631 1959 1790 1998 ἀπαλλαγὴν
1819 1958 1872 1986 τῶν

1048 2004 1213 2043 συνεχόντων
1242 2007 1321 2034 αὐτοῦ
1347 2005 1396 2039 τὴν
1431 2005 1501 2041 ζωὴν
1536 2005 1626 2033 παθῶν
1654 2005 1698 2032 καὶ
1726 2003 1869 2041 δαιμόνων,

1047 2047 1107 2076 ἀλλ’
1121 2048 1140 2082 ἢ
1162 2049 1215 2077 ἀπὸ
1242 2055 1288 2079 τοῦ
1315 2049 1474 2089 ἀναδραμεῖν
1495 2049 1572 2078 αὐτὸν
1600 2048 1642 2077 διὰ
1670 2048 1810 2087 μετανοίας
1835 2048 1870 2079 εἷς

1048 2093 1098 2127 τὴν
1112 2094 1221 2133 πρώτην
1247 2094 1420 2135 κατάστασιν,
1447 2095 1492 2123 καὶ
1513 2095 1663 2134 χρήσασθαι
1693 2094 1788 2132 μεσίτῃ
1816 2103 1868 2120 κα-

1047 2137 1098 2179 λῷ,
1127 2141 1162 2177 τῇ
1193 2140 1349 2168 ταπεινώσει
1377 2140 1421 2168 καὶ
1448 2142 1483 2178 τῇ
1516 2139 1656 2179 ἐπιγνώσει
1684 2141 1736 2167 τῶν
1766 2137 1866 2166 οἰκείων

1047 2183 1150 2223 μέτρων
1167 2193 1176 2202 ·
1206 2182 1240 2211 δι’
1260 2183 1293 2217 ἧς
1319 2187 1372 2216 πᾶς
1394 2185 1408 2212 ὁ
1429 2184 1568 2222 ἱστάμενος
1589 2183 1678 2215 καλῶς
1708 2182 1734 2211 ἐν
1757 2185 1794 2220 τῷ
1822 2184 1869 2210 θε-

1047 2227 1131 2266 μελίῳ
1156 2231 1209 2257 τῶν
1243 2228 1355 2268 ἀρετῶν,
1392 2229 1516 2258 ὑποκάτω
1549 2229 1641 2258 ἑαυτὸν
1677 2228 1735 2269 ἔχει
1781 2227 1870 2261 πάσης

1046 2273 1168 2306 κτίσεως,

1085 2313 1153 2355 λς’.
1181 2323 1237 2348 Ισον
1265 2319 1347 2348 κακόν
1375 2318 1430 2348 ἐστι
1459 2320 1530 2359 παρὰ
1554 2322 1612 2357 Θεῷ
1639 2319 1683 2347 καὶ
1710 2318 1868 2357 ἀνθρώποις,

1016 2215 1038 2241 D

178 2365 295 2398 Christo
323 2367 465 2404 viventes,
493 2367 543 2407 qui
572 2363 724 2398 luxuriosa
751 2367 828 2398 fovet
855 2366 997 2398 desideri;

1072 2366 1109 2391 'ucn
1137 2363 1204 2392 κατὰ
1232 2364 1356 2404 Χριστὸν,
1385 2365 1416 2392 τὸ
1444 2365 1488 2393 καὶ
1509 2364 1615 2403 ἐμπαθῆ
1635 2374 1695 2392 τινα
1716 2364 1787 2392 εἶναι
1807 2370 1870 2395 ταῖς

177 2411 286 2443 mentis
301 2411 536 2452 operationibus,
554 2415 583 2444 et
600 2411 651 2453 qui
665 2411 837 2443 intumescit
862 2411 893 2442 in
909 2411 1003 2443 virtu-

177 2455 256 2487 tibus
267 2456 373 2496 spiritu
383 2457 634 2498 przesumptionis.
651 2456 909 2494 Quemadmodum
922 2457 1003 2488 enim

175 2510 242 2541 quae
252 2501 302 2532 ille
312 2501 343 2532 in
354 2502 470 2533 occulto
490 2501 560 2533 facit
580 2511 616 2533 ac
638 2506 788 2543 perpetrat
799 2506 882 2542 turpe
898 2505 942 2533 est
957 2503 1002 2534 vel

175 2545 289 2587 dicere,
305 2546 345 2577 ita
360 2550 389 2577 et
413 2547 504 2586 hujus
530 2556 582 2578 cor
605 2548 762 2579 exaltatum
788 2547 892 2578 sordes
908 2551 952 2579 est
970 2547 1002 2578 in

175 2595 338 2632 conspectu
353 2591 418 2623 Dei.
435 2592 471 2622 Et
486 2591 563 2623 sicut
589 2591 641 2623 ille
656 2591 864 2623 abominabilis
880 2596 924 2623 est
939 2593 1001 2624 Deo

174 2635 206 2666 in
216 2637 362 2677 requiem,
377 2637 417 2668 ita
429 2636 522 2677 et_hic
536 2636 673 2678 impurus
683 2641 728 2670 est
740 2646 840 2668 coram
849 2636 922 2677 Deo,
932 2637 1001 2679 quia

175 2685 221 2713 est
233 2682 392 2724 superbus.

215 2882 232 2909 4
245 2884 330 2916 Prov.
347 2891 398 2922 xv,
414 2885 465 2916 t3.

1045 2407 1152 2448 πράξεσι
1193 2409 1304 2448 γνώμης
1339 2408 1478 2450 ἀκολασίᾳ,
1521 2410 1566 2438 καὶ
1607 2407 1806 2452 πεφυσιιωμὲνον
1843 2407 1870 2435 ἐν

1044 2445 1105 2485 ταῖς
1120 2445 1228 2493 ἀρεταῖς
1308 2456 1357 2488 τῆς
1387 2445 1499 2489 οἰήσεως
1530 2445 1670 2492 πνεύματί.
1699 2445 1745 2482 “Ov
1773 2452 1870 2492 τρόπον

1045 2499 1094 2537 γὰρ
1122 2503 1168 2528 τοῦ
1193 2498 1299 2538 πρώτου
1332 2499 1365 2528 τὰ
1402 2499 1563 2540 ἐμπράκτως
1600 2500 1644 2527 καὶ
1677 2500 1762 2538 κρυφῆ
1793 2498 1869 2537 γινό-

1044 2553 1110 2581 μενα
1138 2543 1249 2583 αἰσχρόν
1271 2543 1326 2572 ἐστι
1354 2544 1398 2572 καὶ
1426 2544 1525 2585 λέγειν,
1558 2543 1626 2573 οὕτω
1647 2544 1691 2572 καὶ
1712 2543 1758 2571 τοῦ
1785 2541 1870 2571 δευτέ-

1043 2599 1088 2628 ρου
1126 2588 1159 2616 τὰ
1194 2589 1326 2626 ὑψώματα
1366 2591 1416 2623 τῆς
1453 2588 1559 2629 καρδίας
1602 2587 1769 2628 βδελύγματα
1803 2588 1867 2615 εἰσιν

1043 2632 1154 2661 ἐνώπιον
1197 2636 1243 2661 τοῦ
1279 2637 1356 2665 Θεοῦ.
1392 2635 1441 2663 Καὶ
1483 2634 1572 2674 ὥσπερ
1612 2633 1715 2665 ἐκεῖνος
1757 2632 1867 2672 ἀποτρό-

1041 2688 1119 2710 παιος
1150 2681 1188 2716 τῷ
1224 2681 1281 2715 Θεῷ
1307 2679 1343 2711 εἷς
1373 2678 1532 2720 ἀνάπαυσιν,
1555 2678 1596 2707 διὰ
1624 2679 1655 2707 τὺ
1690 2678 1760 2706 εἶναι
1789 2678 1866 2705 αὐτὸν

1040 2723 1136 2763 σάρκα,
1159 2723 1226 2752 κατὰ
1257 2723 1287 2751 τὸ
1321 2723 1422 2763 λόγιον,
1451 2724 1520 2753 οὕτω
1547 2725 1591 2752 καὶ
1615 2723 1690 2756 οὗτος
1718 2723 1789 2762 παρὰ
1810 2727 1865 2751 Ku-

1038 2768 1086 2808 ρίῳ
1125 2767 1282 2808 ἀκάθαρτος,
1325 2767 1368 2797 διὰ
1415 2769 1446 2796 τὸ
1496 2770 1566 2798 εἶναι
1607 2769 1685 2798 αὐτὸν
1726 2768 1865 2808 ὑπερήφα-

1038 2827 1095 2847 νον.
