1976 3067
68 178 134 211 869

113 243 167 284 λζ’.

69 294 190 334 ἁμαρτία
207 304 213 311 ”
243 294 311 323 ἀλλὰ
332 295 420 335 ἕτερον
446 299 535 336 τοῦτο,
559 297 602 323 καὶ
623 294 688 323 ἄλλο
716 295 814 325 ἐκεῖνο.
843 295 901 323 Πά-

69 339 117 369 θος
142 339 190 376 μὲν
219 339 263 368 οὖν
284 340 338 368 ἐστι
360 342 390 368 τὸ
416 340 457 369 ἐπὶ
487 341 579 380 ψυχὴν
607 341 760 377 κινούμενον
776 350 783 358 '
811 339 902 379 πρᾶξις

71 382 101 410 δὲ
118 383 283 425 ἐφάμαρτος,
305 386 323 419 ἦ
339 385 381 413 ἐπὶ
403 386 432 413 τὸ
461 389 539 423 σῶμα
553 385 720 424 θεωρουμενη
738 393 744 399 ·
769 387 827 413 οἷον
847 383 903 425 φιλ-

72 426 180 465 ηδονία,
216 429 383 469 φιλαργυρία⁷
426 431 470 458 καὶ
511 426 653 469 φιλοδοξία,
689 430 760 462 πάθη
796 428 904 469 χαλεπά

73 471 131 500 ἐστι
169 476 217 507 τῆς
248 476 339 514 ψυχῆς
358 483 364 491 ⁸

74 517 175 556 ἀδικία,
209 519 314 558 πράξεις
341 520 502 560 ἐφάρμαρτοι
531 522 580 552 τῆς
612 519 706 558 σαρκός
725 527 732 534 ”
770 518 903 555 ἐπιθυμία,

73 562 169 598 θυμὸς,
200 563 243 589 καὶ
273 563 463 603 ὑπερηφάνεια,
493 564 564 596 πάθη
601 565 703 602 ψυχης,
735 563 805 602 παρὰ
831 562 905 601 φύσιν

74 609 129 633 τῶν
159 605 292 644 δυνάμεων
329 608 490 645 κινουμένων
525 609 606 641 αὒτῆς
625 615 631 622 ¹
671 607 765 647 [mi-Li:
803 605 830 634 δὲ
863 608 906 634 καὶ

75 650 170 689 φόνος,
194 651 282 686 κλοπὴ
298 653 341 680 καὶ
357 652 436 692 μέθη,
467 653 511 680 καὶ
535 651 560 679 εἴ
584 663 608 679 τι
634 651 700 680 ἄλλο
714 651 756 679 διὰ
778 654 824 679 τοῦ
849 650 905 678 σώ-

75 706 163 732 ματος
192 697 347 736 πράττεται,
378 697 481 736 πράξεις
523 696 668 736 ἐφάμαρτοι
709 697 752 724 καὶ
787 694 907 735 χαλεπαὶ

74 742 126 772 τῆς
143 741 251 780 σαρκός.

117 779 174 817 λη’.
193 790 270 824 Τρεῖς
301 786 365 814 εἰσιν
392 787 415 814 οἱ
443 786 618 825 γενικώτατοι
640 786 746 813 πάντων
768 787 820 812 τῶν
849 795 904 811 πα-

72 829 126 856 θῶν
159 828 263 870 ἕξαρχοι
283 838 289 844 ”
321 832 362 858 καὶ
390 837 462 870 τρετς
494 833 519 858 αἱ
547 830 606 858 κατ’
636 831 719 858 αὐτῶν
734 827 902 865 παρατάξεις,

396 475 502 515 πορνεία
536 473 575 512 δὲ,
612 475 656 502 καὶ
684 472 831 510 πλεονεξία,
861 477 906 504 καὶ

579 180 849 214 PRAGTICORUM
871 180 1040 214 CAPITUM
1063 181 1258 215 CENTURIA
1281 183 1294 214 Ι

199 249 235 278 Οἶ)
266 250 315 290 γὰρ
337 250 363 278 εἴ
391 261 416 289 τι
445 250 538 288 πάθος,
571 254 647 279 τοῦτο
675 250 719 278 καὶ
748 249 931 289 ἕμπρακτοςᾼ

1710 184 1770 219 870

981 249 1031 280 37.
1048 249 1111 280 Non
1125 250 1203 290 quod
1220 249 1366 291 cupiditas
1392 249 1429 281 sit
1452 255 1534 282 actus
1560 252 1684 292 peccati,
1716 254 1767 285 sed

943 292 1022 324 aliud
1033 293 1091 328 hic.
1105 294 1183 324 aliud
1195 294 1243 326 illa
1256 299 1311 326 est.
1324 295 1475 335 Cupiditas
1487 300 1530 326 est
1544 301 1639 327 motus
1650 298 1765 329 animm.

945 342 1027 368 actus
1043 338 1269 378 peccaminosus
1285 339 1320 369 ad
1338 349 1444 380 corpus
1459 345 1581 380 spectat.
1599 342 1648 372 Sic
1666 342 1768 381 libido,

946 382 1066 413 avaritia
1082 388 1107 412 et
1119 383 1240 413 ambitio
1257 388 1324 413 sunt
1341 393 1434 423 prava:
1451 385 1627 425 cupiditates
1642 387 1770 425 animm;

946 426 1099 457 fornicatio
1112 432 1222 465 autem,
1236 428 1304 458 boni
1317 428 1405 458 alieni
1418 430 1570 469 usurpatio
1583 435 1611 461 et
1626 431 1771 471 injustitia

948 476 1017 502 sunt
1032 472 1232 511 peccaminosi
1255 473 1352 503 carnis
1378 478 1484 504 actus:
1516 474 1768 516 concupiscentia,

947 516 990 546 ira
1005 520 1033 546 et
1048 517 1197 557 superbia,
1214 517 1391 557 cupiditates
1415 523 1483 549 sunt
1498 520 1603 550 animze
1618 521 1771 553 facultates

947 570 1013 590 suas
1030 565 1132 592 contra
1148 568 1283 592 naturam
1315 563 1480 601 moventis;
1505 564 1682 596 adulterium
1699 576 1768 597 vero

947 610 976 636 et
991 607 1097 642 credes,
1115 607 1221 637 furtum
1249 611 1277 637 et
1302 607 1439 645 ebrietas,
1470 613 1499 639 et
1528 610 1643 650 quidvis
1659 611 1737 641 aliud
1753 621 1769 642 a

948 659 1071 700 corpore
1097 656 1254 691 patratum,
1298 653 1497 692 peccaminosi
1531 658 1600 684 sunt
1628 655 1769 697 pravique

948 703 1046 725 carnis
1060 700 1153 727 actus.

987 783 1037 814 38.
1053 784 1126 816 Tres
1142 790 1209 816 sunt
1223 786 1442 825 generalissimi
1472 788 1673 820 universarum
1691 792 1770 832 cupi-

946 828 1070 860 ditatum
1086 830 1189 867 duccs,
1207 835 1236 861 et
1263 834 1323 861 tres
1354 836 1455 862 contra
1479 842 1529 863 eos
1557 834 1648 872 acies,
1666 840 1694 865 et
1710 828 1770 867 tres

72 873 118 900 καὶ
144 881 216 912 τρεῖς
244 876 267 902 οἱ
296 875 396 903 τούτων
425 874 666 914 καταγωνιζόμενοί
689 886 717 902 τε
743 874 786 902 καὶ
810 884 898 901 κατα-

978 877 1139 922 nt,_nempe
1152 875 1310 916 incipiens,
1327 876 1486 914 proﬁciens
1505 881 1532 908 et
1548 879 1707 918 perfectus,
1720 886 1769 922 qui

75 915 220 950 ϐάλλοντες
238 927 244 933 ³
270 921 283 947 ὁ
308 921 491 959 εἰσαγωγικὸς,
523 921 536 947 ὁ
559 919 652 957 μέσος⁷
683 920 726 947 καὶ
748 920 762 946 ὁ
778 917 877 949 τέλειος
894 925 902 933 ·

76 962 123 988 τὸν
151 965 200 996 τῆς
229 963 391 1004 φιληδονίαις,
422 965 467 992 τὸν
496 967 545 998 τῆς
573 964 756 1004 φιλαργδρίας,
787 963 830 991 καὶ
859 963 904 990 τὸν

77 1009 128 1040 τῆς
153 1007 299 1049 φιλοδοξίας
313 1010 468 1049 τρικέφαλον
483 1008 623 1049 δράκοντα,

118 1047 169 1082 λθ’.
186 1055 244 1093 Οὐχ
266 1056 306 1086 εἷς
319 1055 362 1082 καὶ
378 1056 392 1082 ὁ
408 1053 485 1086 αὐτὸς
510 1054 582 1093 ἀγὼν
606 1060 664 1085 τοῖς
691 1054 758 1093 τρισὶ
772 1052 838 1080 κατὰ
852 1054 905 1080 τῶν

77 1100 156 1136 τριῶν
185 1098 276 1138 ἀρχῶν
300 1099 344 1127 καὶ
370 1098 503 1136 δυνάμεων
533 1102 578 1127 τοῦ
595 1097 800 1144 ’ξξονδσιάζοντος
822 1097 904 1125 πνεύ-

78 1152 173 1182 ματος,
203 1135 263 1171 ἄλλ’
293 1143 372 1176 ἄλλος
394 1144 437 1172 καὶ
471 1143 564 1176 ἄλλος.
595 1135 698 1175 Ἄλλως
726 1143 793 1171 κατὰ
820 1153 902 1181 στρα-

79 1187 222 1225 τευομένης
237 1191 285 1222 τῆς
300 1191 362 1227 μιᾶς
377 1190 420 1217 καὶ
436 1192 497 1228 μιᾶς
513 1189 613 1217 τούτων
631 1188 719 1228 ἀρχῆς
734 1186 776 1227 ὑφ’
791 1187 903 1215 ἑκάστου

78 1234 124 1258 τοῦ
134 1233 199 1271 πρὸς
212 1233 260 1266 τὴν
273 1234 366 1273 μάχην
378 1233 458 1267 αὐτῆς
473 1233 612 1271 ἱσταμένου
627 1234 670 1261 καὶ
680 1230 903 1269 καθοπλιζομένου

81 1279 196 1315 φυσικῶς
218 1281 257 1315 τῷ
271 1276 363 1315 δικαίῳ
378 1280 462 1316 θυμῷ.

120 1316 160 1359 μ’.
180 1317 208 1350 ιΟ
223 1322 280 1362 ἄρτι
294 1324 359 1363 πρὸς
383 1324 443 1355 τοὺς
469 1324 573 1363 ἀγῶνας
602 1326 651 1357 τῆς
681 1321 813 1354 εὐσεϐείας
840 1321 906 1349 ἀπο-

946 926 996 947 eos
1012 918 1173 957 debellant,
1202 929 1237 950 ac
1266 924 1457 960 prosternunt
1484 922 1644 962 tricipitem
1660 918 1770 957 amoris

946 962 1140 1004 voluptatum,
1169 965 1362 1005 pecuniaeque
1377 969 1407 996 et
1431 966 1578 997 honorum
1595 967 1768 1002 draconem.

988 1052 1036 1084 39.
1051 1052 1112 1084 Non
1126 1063 1217 1085 unum
1229 1058 1257 1085 et
1268 1053 1347 1085 idem
1360 1058 1404 1085 est
1420 1054 1512 1086 tribus
1527 1060 1678 1088 certamen
1694 1068 1768 1090 con-

946 1105 992 1131 tra
1015 1102 1075 1128 tres
1099 1097 1190 1129 duces
1214 1103 1243 1129 et
1266 1099 1414 1130 exercitus
1442 1101 1550 1131 summi
1579 1101 1768 1142 imperatoris

944 1142 1076 1183 spiritus,
1089 1143 1142 1173 sed
1152 1143 1231 1173 aliud
1245 1147 1273 1174 et
1288 1143 1380 1174 aliud.
1394 1143 1490 1174 Aliter
1506 1150 1652 1184 pugnatur
1667 1153 1770 1179 contra

945 1196 1049 1223 unum,
1061 1191 1089 1217 et
1100 1187 1186 1218 aliter
1196 1192 1297 1218 contra
1307 1187 1432 1219 alterum
1445 1188 1553 1220 ducum
1576 1191 1626 1231 qui
1642 1192 1771 1224 militant

945 1231 999 1262 sub
1015 1231 1138 1270 singulis
1156 1232 1293 1272 perfectis
1308 1242 1359 1264 eos
1373 1233 1409 1264 ad
1434 1233 1567 1274 praelium
1591 1235 1768 1269 ducentibus

947 1281 976 1307 et
987 1276 1067 1316 justa
1081 1277 1254 1309 fortitudine
1270 1278 1444 1309 naturaliter
1457 1278 1588 1310 armatis.

988 1322 1038 1353 40.
1055 1321 1110 1358 Qui
1128 1332 1221 1363 nuper
1246 1322 1282 1352 ad
1305 1331 1413 1362 agones
1442 1322 1558 1363 pietatis
1589 1333 1621 1355 se
1636 1325 1767 1366 nudavit,

80 1365 235 1405 θυσάμενος,
278 1369 321 1396 καὶ
358 1369 531 1409 εἰσαγωτγικὸς
571 1368 608 1397 ὢν
655 1369 720 1408 πρὸς
762 1365 906 1406 παράταξιν

82 1414 134 1439 τῶν
155 1414 255 1453 παθῶν,
278 1413 346 1441 γατὰ
368 1417 414 1442 τοῦ
438 1414 586 1451 πνεύματος
609 1413 657 1447 τῆς
683 1411 833 1453 φιληδονίας
848 1414 904 1439 πᾶ-

947 1366 1056 1406 quique
1071 1367 1175 1407 incipit
1190 1376 1318 1407 pugnam
1337 1371 1439 1398 contra
1453 1368 1639 1408 cupiditates,
1657 1371 1768 1402 adver-

947 1419 997 1441 sus
1010 1411 1133 1442 luxuriae
1148 1412 1283 1452 spiritum
1301 1412 1409 1442 lnctam
1425 1421 1543 1443 omnem
1559 1413 1669 1454 dirigit,
1684 1416 1768 1447 totis-

83 1467 130 1484 σαν
145 1457 214 1497 αἴρει
243 1457 292 1491 τὴν
314 1458 407 1498 μάχην
428 1458 517 1496 αυτοῦ,
548 1459 593 1486 καὶ
620 1457 727 1489 δυνατὸς
757 1456 798 1484 διὰ
816 1457 903 1489 πάσης

977 1465 1004 1485 ie
1019 1455 1129 1487 viribus
1146 1465 1198 1497 per
1212 1456 1304 1487 multa
1316 1460 1462 1487 tormenta
1476 1462 1579 1488 contra
1587 1468 1654 1490 eum
1665 1460 1770 1492 decer-

83 1502 257 1534 κακοπαθείας
292 1502 350 1531 κατ’
387 1503 465 1531 αὒτοὺ
500 1503 676 1543 ἐκστρατεύει,
720 1502 818 1541 σάρκας
856 1501 903 1539 μὲν

978 1503 998 1537 ι,
1024 1509 1143 1531 carnem
1173 1505 1337 1532 extenuans
1365 1501 1543 1532 abstinendo
1569 1503 1655 1545 cibis,
1686 1505 1769 1536 humi

82 1552 142 1577 ταῖς
163 1546 274 1579 ἀσιτίαις
303 1547 422 1582 ἐκτήκων
449 1555 510 1579 ταῖς
539 1547 708 1588 χαμευνίαις,
730 1554 791 1578 ταῖς
821 1546 903 1586 ἀγρυ-

977 1544 1092 1583 ibando,
1111 1549 1199 1576 totam
1216 1550 1332 1577 noctem
1348 1546 1378 1576 in
1392 1545 1499 1585 vigiliis
1511 1552 1541 1578 et
1551 1549 1684 1580 oratione
1695 1559 1768 1581 con-

81 1590 180 1628 πνίαις,
204 1593 248 1619 καὶ
268 1598 329 1624 ταῖς
357 1593 501 1632 παννύχοις
529 1592 644 1630 δεήσεσι,
673 1591 764 1631 ψυχὴν
790 1590 817 1618 δὲ
838 1601 902 1620 συν-

977 1581 1090 1620 imendo
1109 1599 1116 1627 ;
1137 1590 1265 1621 animam
1281 1600 1350 1621 vero
1379 1581 1536 1622 conterens
1560 1593 1769 1625 recordatione

80 1634 174 1674 τρίϐων
190 1639 224 1674 τῇ
240 1637 334 1675 μνήμη
355 1639 408 1664 τῶν
435 1643 481 1667 τοῦ
507 1636 568 1673 ᾅδου
597 1639 708 1674 ποινῶν,
731 1637 774 1664 καὶ
802 1639 835 1674 τῇ
857 1638 903 1663 τοῦ

977 1643 1099 1665 enarum
1115 1634 1224 1666 inferni
1239 1639 1268 1666 et
1281 1635 1383 1666 mortis
1396 1636 1599 1674 meditatione,
1612 1644 1639 1668 et
1652 1648 1669 1669 a
1680 1639 1769 1670 corde

79 1680 190 1708 θανάτου
207 1680 317 1719 μελέτῃ,
337 1682 382 1710 καὶ
395 1682 444 1716 τὴν
459 1681 564 1722 καρδίαν
579 1682 749 1721 ἀποσμήχων
764 1685 809 1710 τοῦ
822 1681 903 1719 ῥύπου

977 1683 1101 1718 :tergens
1117 1689 1170 1720 per
1182 1680 1363 1720 poenitentiae
1375 1680 1518 1721 lacrymas
1526 1682 1644 1713 sordem
1656 1684 1769 1724 copulae

80 1726 133 1751 τῶν
148 1723 316 1763 συνδυασμῶν
338 1727 381 1755 καὶ
409 1726 623 1766 συγκαταθέσεων
650 1725 692 1754 διὰ
713 1725 829 1765 δακρύων
856 1727 903 1758 τῆς

992 1725 1163 1755 commercii
1179 1725 1316 1757 carnalis.

81 1770 232 1806 μετανοίας.

121 1809 178 1852 μα’.
197 1810 226 1843 εΟ
240 1816 304 1855 πρὸς
326 1817 356 1844 τὸ
373 1815 452 1853 μέσον
474 1818 523 1849 τῆς
549 1815 638 1856 ἀρχῆς
663 1814 837 1852 μεταθέμενος
854 1814 903 1847 τὴν

81 1858 210 1898 ἐπίϐασιν,
227 1861 270 1888 καὶ
297 1861 356 1893 τοὺς
384 1861 492 1900 ἱδρῶτας
520 1861 579 1892 τοὺς
609 1860 677 1888 κατὰ
705 1863 748 1887 τοῦ
766 1858 907 1900 φιληδόνου

78 1905 226 1942 πνεύματος
255 1904 297 1934 διὰ
325 1909 371 1934 τοῦ
397 1906 514 1945 σπόγγου
545 1908 594 1939 τῆς
630 1905 740 1942 πρώτης
779 1903 908 1937 ἀπαθείας

78 1948 292 1991 ῃπομαξάμενος,
313 1950 371 1991 ὂίρτι
392 1950 420 1978 δὲ
443 1951 502 1982 τοὺς
527 1949 678 1990 ὀφθαλμοὺς
696 1949 908 1989 ἆποτιαλυφθεὶς,

76 1994 180 2026 καὶτὰς
204 1995 294 2035 φύσεις
322 1997 384 2036 ὁρᾷν
409 1999 460 2024 τῶν
483 1995 564 2024 ὄντων
588 1993 744 2035 ἀρξάμενος,
771 1995 840 2022 κατὰ
862 1998 903 2022 τοῐ

977 1997 1070 2024 ituras
1085 1993 1274 2025 considerare
1291 1994 1411 2034 incepit,
1429 1998 1531 2025 contra
1544 1995 1682 2035 spiritum
1694 1996 1770 2028 difﬁ-

81 2038 228 2077 πνεύματος
264 2043 312 2075 τῆς
341 2041 450 2069 ἀπίστου
477 2040 648 2081 φιλαργυρίας
677 2039 747 2075 αἴρει
775 2039 809 2067 τὰ
839 2038 903 2067 ὅπλα

977 2038 1047 2068 antis
1071 2037 1198 2069 avaritiae
1221 2039 1296 2070 tollit
1318 2048 1400 2070 arma
1420 2038 1501 2076 ﬁdei,
1533 2043 1663 2072 mentem
1685 2050 1767 2072 suam

80 2085 129 2117 τῆς
144 2085 269 2124 πίστεως,
285 2087 330 2114 τὸν
352 2091 411 2116 νοῦν
427 2086 476 2124 μὲν
500 2086 606 2123 ἆνυψῶν
628 2085 720 2114 ἑαυτοῦ
747 2087 782 2123 τῇ
805 2083 903 2122 μελέτῃ

977 2092 1066 2114 evans
1079 2082 1272 2115 meditatione
1287 2082 1454 2114 divinorum
1470 2092 1606 2123 operum,
1622 2085 1768 2116 rationem

83 2132 135 2157 τῶν
170 2131 244 2159 θείων
279 2131 452 2171 πραγμάτων,
492 2131 537 2158 τὸν
565 2129 592 2158 δὲ
627 2129 706 2170 λόγον
741 2130 903 2169 παραθήγων

977 2132 1062 2161 ntam
1086 2133 1115 2160 et
1136 2129 1338 2170 perspicacem
1364 2129 1494 2161 reddens
1518 2129 1554 2161 ad
1580 2130 1768 2170 explicandas

81 2180 141 2206 τοῖς
155 2173 245 2214 λόγοις
260 2178 310 2209 τῆς
334 2176 455 2213 κτίσεως,
486 2176 531 2204 καὶ
552 2176 588 2207 εἷς
607 2175 637 2203 τὸ
665 2175 712 2207 τὰς
734 2174 823 2215 φύσεις
853 2175 903 2202 αὖ-

977 2178 1149 2205 ‘eaturarum
1165 2174 1295 2206 rationes
1310 2183 1344 2205 ac
1362 2178 1491 2212 naturas,
1522 2178 1551 2205 et
1565 2174 1694 2206 animam
1710 2175 1768 2206 du-

81 2222 133 2247 τῶν
158 2218 336 2260 ἐκδιηγεῖσθαι
364 2219 509 2260 διατρανῶν
527 2229 535 2238 '
557 2220 607 2254 τὴν
629 2219 656 2247 δὲ
687 2220 778 2260 ψυχὴν
799 2219 903 2258 ἀνάγων

977 2228 1017 2249 ens
1032 2228 1049 2249 a
1063 2218 1227 2250 visibilibus
1241 2219 1277 2250 ad
1307 2217 1500 2249 invisibilium
1524 2218 1627 2257 ardua,
1644 2220 1770 2251 credens

988 1814 1037 1844 4i.
1056 1813 1110 1850 Qui
1127 1814 1163 1845 de
1177 1814 1259 1846 initio
1275 1815 1311 1846 ad
1328 1815 1458 1846 medium
1481 1825 1599 1856 gressus
1613 1818 1768 1855 convertit,

949 1857 1140 1899 sudoresquze
1155 1859 1186 1889 in
1202 1859 1339 1890 luctando
1369 1864 1470 1891 contra
1499 1861 1621 1892 luxuria:
1635 1861 1770 1902 spiritum

951 1901 1066 1948 elicitos
1092 1904 1195 1943 prima;
1222 1904 1465 1945 impassibilitatis
1489 1906 1612 1945 spongia
1637 1901 1768 1948 extersit,

951 1947 1063 1987 quique
1090 1954 1229 1980 recenter
1255 1949 1456 1989 discooperuit
1483 1950 1583 1981 oculos
1609 1947 1770 1992 rerumque

81 2267 116 2302 τῇ
137 2265 222 2293 πίστει
236 2265 289 2294 ἀπὸ
303 2268 355 2294 τῶν
380 2265 532 2305 ὁρωμένων,
559 2265 602 2293 ἐπὶ
627 2265 659 2294 τὰ
681 2264 736 2302 ὕψη
752 2267 805 2292 τῶν
820 2264 903 2303 ἀορά-

82 2319 146 2348 των,
169 2310 213 2338 καὶ
233 2311 328 2339 πείθων
351 2311 430 2339 αὐτὸν
451 2311 523 2339 εἶναι
551 2310 713 2350 προνοητὴν,
738 2310 783 2338 τὸν
806 2309 835 2337 ἐκ
858 2314 904 2338 τοῦ

82 2353 121 2392 μὴ
142 2353 216 2388 ὄντος
239 2356 274 2388 εἷς
299 2356 329 2383 τὸ
351 2355 422 2384 εἶναι
443 2356 476 2383 τὰ
494 2355 581 2384 πάντα
606 2354 796 2394 παραγαγόντα
824 2355 899 2392 Θεὸν,

78 2400 130 2427 τῶν
145 2399 247 2428 οἰκείων
268 2399 363 2440 ἔργων,
388 2401 432 2429 καὶ
460 2399 526 2434 ὅλην
555 2400 604 2434 τὴν
629 2398 720 2428 ἐλπίδα
749 2402 833 2428 ποιῶν
855 2399 905 2432 τῆς

81 2443 167 2472 ἐνθέου
182 2446 264 2480 ζωῆς.

120 2483 178 2527 μβ..
198 2485 225 2518 Ὀ
243 2490 274 2517 τὸ
300 2489 381 2528 μέσον
402 2488 444 2517 διὰ
466 2489 574 2528 θεωρίας
602 2489 646 2516 καὶ
670 2488 795 2521 ἀπαθείας
824 2488 905 2528 περά-

80 2544 140 2569 σας,
176 2534 219 2561 καὶ
254 2534 284 2561 τὸ
314 2533 450 2567 ἀπατηλὸν
483 2533 634 2572 ὑπερκύψας
663 2535 712 2566 τῆς
739 2533 905 2572 παγκοσμίου

81 2578 237 2618 αἰσθήσεως,
254 2577 310 2617 ἄρτι
333 2577 359 2606 δὲ
382 2578 450 2616 μετὰ
470 2577 516 2606 τοῦ
539 2576 620 2616 λόγου
645 2579 694 2610 τῆς
717 2577 840 2616 γνώσεως
862 2580 907 2607 καὶ

80 2625 129 2655 τῆς
145 2621 320 2651 ὲνυποστάτου
335 2626 400 2651 Θεοῦ
426 2622 529 2663 σοφίας,
554 2626 591 2659 τῷ
615 2622 705 2662 γνόφῳ
734 2624 783 2654 τῆς
811 2621 905 2650 θεολο-

82 2667 140 2706 γίας
168 2666 261 2705 εἰσδὺς,
300 2668 368 2697 κατὰ
404 2671 450 2696 τοῦ
488 2667 637 2704 πνεύματος
665 2669 714 2700 τῆς
743 2665 904 2707 φιλοδοξίας,

81 2711 162 2751 αἴρει,
178 2711 284 2750 δυνάμει
305 2715 354 2746 τῆς
377 2712 628 2752 ταπεινοφροσύνης,
651 2711 684 2740 τὰ
707 2710 787 2749 ὅπλα,
814 2712 906 2752 ψυχὴν

83 2757 130 2794 μὲν
163 2756 190 2784 ἐν
218 2764 279 2790 ταῖς
309 2759 394 2797 ἱεραῖς
426 2756 607 2794 ἆποκαλύψεσι
642 2756 823 2794 κατανύσσων,
859 2757 904 2784 καὶ

84 2800 178 2842 δάκρυα
193 2802 318 2842 προχέειν
340 2802 476 2835 ἀνωδύνως
490 2804 574 2831 ποιῶν
590 2809 598 2818 ⁶
626 2802 657 2829 τὸ
685 2800 712 2829 δέ
727 2812 757 2840 γε
779 2801 903 2841 φρόνημα

946 2263 1138 2304 providentiae
1152 2264 1208 2296 Dei
1222 2263 1302 2295 illius
1315 2264 1364 2304 qui
1381 2263 1500 2304 propria
1515 2264 1690 2304 operatione
1704 2273 1767 2296 om-

944 2308 1047 2384 giaex
1067 2308 1160 2339 nihilo
1180 2308 1284 2340 adiens
1299 2308 1410 2346 eduxit,
1434 2312 1522 2350 atque
1537 2312 1596 2340 tota
1610 2319 1664 2350 spe
1679 2309 1766 2341 vitam

969 2362 1089 2384 mnam.

969 2362 1089 2385 mnam.

985 2486 1100 2524 42.Qui
1109 2487 1264 2520 dimidium
1272 2498 1329 2529 ope
1344 2487 1602 2528 contemplationis
1615 2492 1644 2520 et
1655 2489 1769 2530 impas‘

948 2531 1095 2564 sibilitatis
1111 2533 1238 2571 transiit,
1269 2533 1473 2574 fallaciamque
1499 2543 1605 2565 sensus
1629 2534 1771 2566 mundani

949 2586 1160 2619 supergressus
1171 2582 1224 2615 est,
1237 2587 1271 2609 ac
1281 2582 1428 2617 recenter,
1439 2577 1560 2617 juvante
1569 2578 1666 2609 Verbo
1676 2579 1771 2610 scien-

948 2622 996 2653 tiae
1012 2626 1040 2653 et
1056 2623 1204 2663 personali
1227 2622 1280 2653 Dei
1299 2621 1458 2663 Sapientia,
1477 2622 1602 2654 obscura
1616 2623 1770 2663 ingressus

948 2671 993 2698 est
1007 2667 1163 2707 theologia:
1183 2667 1332 2708 mysteria,
1345 2671 1446 2698 contra
1458 2667 1594 2707 spiritum
1610 2668 1769 2708 superbiae,

947 2712 1118 2744 humilitate
1129 2712 1314 2750 obﬁrmatus,
1330 2721 1412 2743 arma
1428 2712 1514 2750 tollit,
1530 2712 1658 2744 animam
1674 2712 1705 2743 in
1720 2712 1769 2744 di-

947 2756 1023 2787 vinis
1048 2757 1278 2789 revelationibus
1313 2766 1527 2798 compungens,
1567 2757 1769 2798 lacrymasque

944 2801 1010 2833 sine
1025 2801 1128 2833 dolore
1144 2801 1279 2840 eliciens,
1302 2802 1433 2834 animum
1457 2811 1525 2834 vero
1551 2802 1696 2833 memoria
1709 2802 1768 2835 hu-
