1976 3067
122 186 183 220 897

620 185 892 218 PRACTICORUM
913 184 1082 218 CAPITUM
1105 187 1302 219 CENTURIA
1322 187 1335 218 Ι

1756 186 1816 220 898

123 254 234 285 σκότους
263 254 410 292 πνεύματα,
435 255 471 286 ὡς
502 255 516 282 ὁ
545 253 623 293 λόγος
652 253 681 282 ἐκ
713 254 804 292 πείρας
829 254 951 282 ὑπονοεῖν

1015 263 1156 293 temones,
1169 257 1200 284 ut
1211 253 1287 284 ratio
1299 253 1336 284 de
1347 253 1530 294 experientia
1540 254 1691 294 conjicere
1707 258 1814 294 potest,

124 297 228 327 δίδωσιν
253 307 259 314 ·
291 298 347 326 εἴτε
386 303 463 328 τοῦτο
502 299 677 338 φαντάζονται,
722 299 772 331 τῆς
807 299 951 333 αἰσθήσεως

123 343 373 381 ὑποκλεπτομὲνης,
409 342 464 371 εἴτε
506 343 549 370 καὶ
579 343 614 374 εἷς
649 347 724 371 τοῦτο
766 342 952 382 κατακριθέντι

125 388 179 416 ἀπὸ
208 389 257 421 τῆς
294 388 377 416 πάλαι
407 387 574 419 ἐκπτώσεως.
599 386 672 420 Πλὴν
703 386 775 424 ὅμως
800 386 950 424 συμπλέκε-

127 434 186 460 σθαι
218 435 253 470 τῇ
288 432 422 471 ἐναγωνίῳ
473 431 606 471 ἑφορμῶσι
656 433 744 471 ψυχῇ,
792 431 951 470 τρεπομένου

125 477 208 514 αὒτῇς
223 477 289 516 πρὸς
312 476 392 504 ὕπνον
416 481 462 506 τοῦ
486 475 577 506 δούλου
599 476 720 514 σώματος
745 485 752 492 ’
769 475 783 503 ὅ
797 477 840 504 καὶ
855 475 950 513 δοκιμή

125 532 166 552 τις
181 521 252 549 εἶναί
288 532 332 558 μοι
354 520 427 549 δοκεῖ
451 523 555 560 ψυχῆς,
583 520 640 559 ἄρτι
669 520 810 559 γινομένης
831 521 951 559 ὑπεράνω

125 566 175 598 τῆς
200 569 246 594 τοῦ
274 565 396 602 σώματος
428 564 613 596 ταπεινώ-εως
631 575 637 581 ·
655 566 691 596 ὡς
714 564 744 592 ἄν
767 565 798 592 τὸ
817 562 950 601 θομοειδὲς

127 611 208 643 αὐτῆς
231 610 274 637 καὶ
295 608 425 648 ἀνδρεῖον,
452 608 524 640 ὅπως
553 609 611 648 ἔχοι
638 610 705 636 κατὰ
739 612 792 636 τῶν
826 609 950 636 τοιούτων

127 652 289 694 ἀποδειχθῇ,
331 653 506 681 ἀπειλούντων
537 655 603 691 αὐτῇ
632 654 662 681 τὰ
690 654 793 693 φρικτὰ,
828 653 855 680 ἐν
879 654 952 690 θυμῷ

128 698 172 726 καὶ
199 698 278 735 μανία
302 697 389 735 πολλῇ
406 707 413 714 ’
437 699 507 731 οἶςή
528 697 603 737 ἔρωτι
628 698 779 737 τετρωμένη
804 701 879 733 Θεοῦ,
908 701 951 728 καὶ

130 748 192 773 ταῖς
215 748 334 781 γενικαῖς
355 743 462 781 ἀρεταῖς
491 741 685 779 πεπυκνωμέθη
705 744 792 782 ψυχὴ,
815 742 844 770 οὗ
872 742 950 780 μόνον

129 790 168 824 τῷ
207 786 299 823 δικαίῳ
342 787 416 824 θυμῷ
452 786 646 823 ἀντιτάσσεται,
684 785 751 814 ἀλλά
779 787 821 814 καὶ
862 787 952 814 τύπτει

130 831 251 870 τούτους,
274 830 301 858 εἴ
316 842 356 863 τις
373 830 398 858 ἐν
413 831 504 862 αὐτοῖς
520 830 642 864 αἴσθησις
665 830 692 858 ἐν
721 832 759 867 τῷ
773 829 859 858 δοκεῖν
874 830 952 870 ἀφει-

128 874 180 906 δῶς
205 875 381 914 ἀπογεωθεῒσι
404 878 438 913 τῇ
460 875 588 903 ἐκπτώπει
613 879 660 904 τοῦ
681 874 786 914 πρώτου
808 876 852 902 καὶ
886 875 953 902 θείου

128 919 227 959 φωτός.

170 959 242 1002 4ς”,
261 965 313 1004 Πρὸ
326 967 375 998 τῆς
401 963 555 1002 συμπλοκῆς
581 965 625 992 καὶ
652 966 702 997 τῆς
724 964 807 998 ἥττης
823 963 950 995 πολλάκις

127 1010 151 1037 οἱ
166 1007 287 1046 δαίμονες
321 1010 371 1042 την
399 1008 522 1042 αἴσθησιν
559 1011 606 1042 τῆς
628 1011 719 1048 ψυχῆς
754 1008 950 1048 ἐκταράττουσι,

131 1054 175 1081 καὶ
197 1054 241 1081 τὸν
266 1053 347 1082 ὕπνον
368 1053 421 1082 ἀπὸ
441 1056 494 1081 τῶν
517 1053 652 1093 βλεφάρων
678 1053 846 1092 ἁρπάζουσιν.
870 1052 952 1081 Ἀλλὰ

128 1098 239 1137 θάρσους
269 1099 312 1126 καὶ
360 1097 477 1137 ἀνδρείας
507 1099 525 1132 ἡ
561 1098 612 1126 ὐπὸ
652 1101 698 1126 τοῦ
727 1098 877 1135 Πνεύματος
905 1101 951 1125 τοῦ

130 1142 204 1181 ἁγίου
239 1141 437 1182 πεπληρωμένη
466 1143 554 1182 ψυχὴ,
585 1142 679 1181 ἀλογετ
697 1142 744 1180 μὲν
777 1143 827 1176 τῆς
854 1142 952 1170 τούτων

129 1186 222 1227 ἐφόδου
235 1188 278 1215 καὶ
293 1191 387 1226 πικρᾶς
418 1187 524 1224 μανίας,
560 1187 587 1215 ἐν
615 1186 641 1214 δὲ
669 1190 707 1223 τῷ
730 1190 852 1223 ζωοποιῷ
880 1186 953 1224 μόνῳ

129 1232 214 1269 τόπῳ,
237 1233 281 1260 καὶ
295 1235 328 1270 τῇ
353 1231 490 1266 ἐπικλήσει
516 1235 562 1260 τοῦ
586 1231 673 1264 Ἰησοῦ
694 1232 737 1259 καὶ
765 1235 840 1271 Θεου,
867 1231 914 1262 τάς
925 1242 953 1259 τε

130 1276 273 1316 φαντασίας
301 1278 387 1306 αὐτῶν
416 1275 524 1316 διαλύει,
553 1277 597 1304 καὶ
623 1277 728 1307 τούτους
756 1275 811 1313 ἅμα
839 1275 954 1316 φυγάδας

129 1320 268 1349 ἀποτελεῖ.

173 1360 234 1402 ζἠΙ.
272 1365 301 1393 Ei
329 1365 361 1393 τὰ
397 1365 478 1393 σκύλα
516 1370 691 1404 προνομεῦσαι
727 1367 779 1392 τῶν
820 1363 953 1401 πολεμίων

130 1409 298 1446 πνευμάτων,
329 1409 359 1437 ἐκ
387 1412 534 1449 πρακτικῆς
564 1408 668 1442 ἐξῆλθες
705 1408 870 1449 φιλοσοφίας,
906 1408 954 1447 ὅρα

128 1455 174 1482 καὶ
195 1454 311 1494 πρόσεχε
341 1461 398 1486 τοῖς
425 1454 517 1486 ὅπλοις
541 1455 632 1483 ἑαυτὸν
657 1454 782 1482 πάντοθεν
807 1457 854 1482 τοῦ
869 1453 954 1481 ῐῐνεύ-

131 1509 214 1537 ματος
229 1498 401 1531 καθοπλίσας.
431 1499 514 1531 Οἶδας
542 1500 591 1538 γὰρ
625 1500 702 1526 τίνων
730 1499 762 1526 τὰ
795 1499 876 1532 σκεύη
905 1498 954 1537 ἀρ-

131 1543 215 1571 πάσαι
251 1543 434 1582 προεθυμήθης
462 1551 469 1558 ⁹
503 1543 637 1581 πολεμίων
674 1543 723 1580 μὲν
751 1542 819 1570 ἀλλὰ
853 1545 955 1576 νοητῶν

993 297 1054 328 sive
1064 307 1176 328 meram
1186 298 1345 328 exhibeant
1353 298 1483 338 speciem
1492 299 1628 330 sensibus
1638 299 1732 330 illusis
1756 299 1816 330 sive

993 342 1028 372 ad
1047 343 1101 372 hoc
1112 342 1222 374 fuerint
1237 342 1368 374 damnati
1384 347 1504 383 propter
1516 344 1670 384 antiquum
1685 344 1815 382 lapsum.

993 386 1141 426 Quidquid
1160 386 1209 419 sit.
1226 396 1294 416 cum
1311 386 1407 417 anima
1433 397 1559 427 pugnam
1574 398 1732 419 conserere
1743 388 1816 418 ado-

993 431 1119 467 riuntur,
1137 440 1221 461 verso
1244 431 1280 461 ad
1300 441 1437 463 somnum
1464 432 1574 463 famulo
1591 433 1656 472 ejus
1670 442 1815 473 corpore:

992 475 1082 515 idque
1093 475 1166 505 mihi
1178 475 1294 506 videtur
1307 485 1373 506 esse
1394 475 1533 516 probatio
1544 476 1661 516 anitute,
1679 487 1818 508 recenter

992 529 1082 559 supra
1096 519 1229 560 corporis
1245 520 1385 551 vililatem
1402 521 1496 558 elatae,
1509 525 1539 551 ut
1561 526 1658 561 pateat
1670 522 1765 562 qualis
1781 523 1818 553 sit

992 563 1056 603 ejus
1065 564 1203 594 fortitudo
1211 568 1240 594 et
1247 564 1372 595 virilitas
1380 565 1694 597 adversusistiusmodi
1703 567 1815 606 hostes,

991 608 1041 648 qui
1054 608 1210 638 horribilia
1240 608 1296 648 ipsi
1327 609 1478 640 minantur
1509 619 1575 640 cum
1603 610 1646 641 ira
1672 616 1701 642 et
1718 611 1818 642 furore

995 661 1100 691 magno
1114 664 1119 682 :
1137 662 1211 692 quos
1227 652 1347 692 quidem
1363 663 1464 684 amore
1479 655 1612 685 vulnerat
1625 654 1725 685 divino
1738 665 1816 695 prae-

993 696 1149 736 cipuisque
1164 701 1266 727 ornata
1294 697 1463 734 virtutibus,
1489 707 1547 728 non
1573 698 1669 729 solum
1686 709 1817 739 congruo

994 745 1102 780 pugnat
1118 741 1228 778 animo,
1240 741 1292 771 sed
1303 741 1391 771 etiam
1402 743 1538 782 percutit,
1554 742 1577 773 si
1587 743 1653 783 quis
1663 744 1700 774 sit
1712 754 1818 775 sensus

995 786 1024 816 in
1036 785 1093 816 eis:
1104 786 1214 826 quippe
1227 787 1520 826 quosimmisericors
1529 787 1558 818 in
1569 788 1668 828 specie
1678 789 1819 820 severitas

995 830 1032 860 ob
1048 830 1161 871 lapsum
1179 831 1318 871 repulita
1344 831 1482 871 primaevo
1508 832 1667 873 divinoque
1692 833 1818 865 lumine.

1035 965 1085 996 9'7.
1102 964 1178 995 Ante
1191 973 1383 1004 congressum
1397 968 1426 996 et
1441 965 1557 996 cladem
1577 975 1656 1007 saepe
1671 966 1818 998 daemonia

994 1019 1100 1041 sensus
1115 1008 1222 1040 anima:
1236 1009 1366 1046 turbant,
1394 1013 1423 1040 et
1446 1020 1582 1041 somnum
1606 1011 1642 1042 ab
1658 1011 1752 1042 oculis
1767 1021 1817 1042 ra-

994 1054 1090 1094 piunt,
1120 1052 1177 1084 Sed
1203 1054 1384 1085 confidentia
1409 1059 1438 1085 et
1462 1054 1635 1086 fortitudine
1663 1065 1680 1086 a
1705 1054 1818 1096 Spiritu

992 1103 1092 1130 sancto
1113 1098 1227 1139 repleta
1243 1099 1354 1139 anima,
1376 1098 1502 1138 despicit
1526 1100 1649 1130 istorum
1665 1100 1817 1132 incursum

992 1143 1191 1183 acerbumque
1206 1143 1348 1179 furorem.
1365 1143 1395 1174 in
1415 1145 1541 1184 soloque
1557 1145 1672 1176 vivifico
1687 1146 1770 1185 signa
1787 1150 1816 1177 et

994 1188 1180 1219 invocatione
1194 1187 1311 1219 Domini
1326 1188 1395 1219 Jesu
1413 1190 1615 1229 phantasmata
1632 1199 1733 1221 eorum
1750 1190 1814 1221 dis-

994 1233 1072 1273 sipat
1087 1242 1197 1273 eosque
1211 1234 1298 1264 simul
1316 1233 1345 1264 in
1361 1234 1458 1273 fugam
1475 1236 1632 1266 convertit.

1034 1363 1084 1394 98.
1101 1363 1131 1394 Si
1147 1364 1242 1403 spolia
1265 1363 1447 1404 praedaturus
1472 1363 1709 1395 adversariorum
1726 1364 1815 1405 spiri-

997 1412 1077 1438 tuum
1094 1417 1110 1437 ο
1126 1407 1254 1447 practira
1269 1408 1377 1438 exieris
1395 1408 1591 1449 philosophia.
1606 1409 1674 1439 vide
1689 1413 1718 1439 et
1731 1418 1813 1448 cave,

996 1461 1062 1482 cum
1079 1457 1110 1482 te
1125 1456 1216 1482 totum
1243 1451 1334 1482 armis
1360 1452 1488 1491 Spiritus
1517 1453 1610 1484 sancti
1638 1453 1814 1484 accinxeris.

998 1495 1114 1526 Etenim
1137 1495 1195 1526 scis
1220 1503 1346 1535 quorttm
1370 1504 1437 1526 vasa
1461 1497 1594 1537 diripere
1619 1497 1732 1538 cupias,
1749 1507 1817 1528 nam

996 1544 1100 1570 contra
1116 1540 1215 1570 hostes
1230 1539 1363 1579 quidem,
1379 1539 1432 1570 sed
1449 1541 1617 1580 spirituales
1632 1546 1661 1573 et
1681 1542 1817 1581 incorpo-

130 1588 174 1615 καὶ
200 1587 332 1627 ἀσάρκων,
364 1589 377 1615 ὁ
405 1588 471 1625 μετὰ
499 1589 622 1625 σώματος
647 1587 684 1615 ἔτι
710 1590 749 1635 ῖῷ
777 1586 883 1625 βασιλεῖ
902 1590 955 1615 τῶν

1015 1594 1076 1625 eos,
1093 1589 1123 1615 tu
1138 1585 1236 1635 adhuc
1246 1593 1370 1634 corpore
1382 1583 1503 1634 indutus
1513 1586 1567 1617 sub
1579 1596 1649 1626 rege
1660 1586 1816 1627 spirituum

130 1632 286 1670 πνευμάτων
315 1633 358 1660 καὶ
387 1632 445 1669 Θεῷ
465 1633 680 1672 στρατευόμενος.
721 1632 783 1660 Ἶσθι
827 1632 876 1671 γὰρ
917 1633 953 1662 ὡς

131 1677 284 1715 πικρότερον
312 1676 330 1710 ἢ
365 1677 490 1716 πρότερον
529 1676 744 1716 ἐκστρατεύσωσι
785 1677 853 1704 κατὰ
894 1679 951 1715 σοῦ,

132 1721 176 1749 καὶ
204 1720 298 1749 πολλοὶ
327 1727 387 1752 ταῖς
416 1722 483 1749 κατὰ
523 1724 571 1750 σοῦ
607 1722 762 1760 γενήσονται
788 1728 928 1760 μηχαναῖς
945 1730 953 1738 '

134 1764 184 1796 ἕως
199 1765 217 1798 ἢ
242 1765 364 1798 λαθόντες
386 1765 413 1793 ἐν
435 1769 473 1803 τῷ
497 1766 530 1793 τὰ
558 1765 640 1794 οκύλα
667 1764 871 1805 προσαπολύειν.
889 1766 956 1803 μετά

131 1810 231 1838 τούτων
247 1821 276 1838 σε
305 1809 466 1850 δορυάλωτον
495 1811 680 1851 ἀφαρπάσωσι,
710 1811 754 1838 γ;ὶ
783 1809 884 1843 πολλῆς
908 1821 957 1838 πι-

132 1855 205 1894 κρίας
234 1855 281 1888 τὴν
305 1856 397 1895 ψυχήν
421 1866 467 1883 σου
496 1854 684 1894 πληρώσωσιν,
711 1854 729 1888 ἧ
757 1861 852 1887 κακοῖς
866 1865 895 1882 σε
916 1853 959 1882 καὶ

133 1899 271 1938 ὁδυνηροτς
306 1899 524 1928 καθυποϐάλλωσι
560 1907 731 1940 πειρασμῃῖς,
768 1900 804 1931 εἰς
829 1899 955 1927 σκώλοπι

132 1943 181 1977 τῆς
197 1945 292 1983 σαρκὸς
307 1955 353 1972 σου
365 1946 407 1972 καὶ
422 1945 550 1974 κάκωσιν,

175 1983 231 2026 4οη
249 1989 285 2017 0-3
312 1987 416 2017 δύναται
444 1989 521 2028 πηγὴ
550 1989 635 2028 ἀγαθή
665 1989 768 2026 νάματα
796 1987 957 2028 Θολερά’καὶ

134 2032 220 2069 ὀξώδη
249 2033 390 2073 πηγάζειν,
418 2033 484 2067 ὕλης
506 2033 636 2071 κοσμικῆς
673 2033 838 2061 ἀποπνέοντα
862 2041 868 2047 “
897 2031 956 2061 οὸδὲ

134 2077 224 2117 καρδία
239 2077 314 2109 ἐκτὸς
328 2081 376 2111 τῆς
399 2078 533 2116 βασιλείας
556 2078 619 2106 οὖσα
647 2081 700 2106 τῶν
725 2078 850 2118 οὐρανῶν,
867 2078 956 2117 ῥεῖθρα

134 2125 206 2158 ζωῆς
231 2133 297 2151 ποτε
318 2124 386 2155 θείας
415 2121 557 2163 ἐκϐλύζειν,
597 2122 704 2151 εὐωδίαν
742 2123 822 2162 μύρου
861 2126 956 2156 νοητοῦ

134 2167 336 2204 ἆναπὲμποντα.
366 2168 437 2202 Μήτι
471 2168 531 2207 γὰρ,
570 2168 660 2208 φησὶν,
690 2168 707 2202 ἡ
737 2167 814 2207 πηγὴ
849 2166 878 2194 ἐκ
905 2170 955 2200 τῆς

997 1633 1026 1659 et
1041 1630 1102 1661 Deo
1118 1629 1238 1660 militas.
1255 1629 1337 1660 Scito
1353 1628 1433 1659 enim
1450 1639 1501 1660 eos
1514 1631 1616 1662 acrius
1631 1640 1719 1671 quam
1732 1635 1819 1662 antea

996 1677 1099 1704 contra
1114 1678 1141 1704 te
1154 1678 1346 1715 pugnaturos,
1377 1674 1516 1714 variaque
1539 1675 1753 1714 excogitaturos
1768 1675 1819 1706 ad-

996 1727 1097 1749 versus
1113 1723 1142 1750 te
1156 1723 1374 1758 stratagemata,
1392 1718 1488 1749 donec
1511 1721 1556 1751 vel
1579 1720 1673 1760 spolia
1688 1729 1817 1760 recupe-

998 1763 1092 1794 rando
1109 1763 1234 1794 inscium
1251 1767 1279 1794 te
1287 1763 1375 1794 simul
1387 1773 1454 1794 cum
1470 1764 1516 1795 his
1528 1765 1673 1804 captivum
1689 1765 1818 1805 rapiant,

1000 1808 1150 1848 multaque
1164 1807 1362 1839 amaritudine
1375 1808 1505 1838 animam
1520 1813 1598 1839 tuam
1614 1809 1761 1849 repleam,
1774 1809 1818 1840 vel

1001 1852 1086 1883 malis
1101 1858 1129 1883 te
1162 1852 1338 1893 molestique
1368 1853 1509 1893 dejiciant
1538 1853 1759 1891 tentationibus,
1783 1853 1820 1884 ad

1002 1897 1208 1937 ﬂagellandam
1224 1907 1343 1929 carnem
1360 1901 1438 1928 tuam
1454 1897 1542 1938 eique
1556 1897 1737 1929 nocendum.

1037 1987 1086 2018 99.
1105 1988 1171 2018 Non
1184 1991 1278 2027 potest
1291 1988 1354 2018 fons
1369 1987 1465 2018 bonus
1489 1987 1567 2018 rivos
1585 1987 1721 2018 emittere
1738 1987 1820 2018 luto-

996 2041 1045 2062 sos
1059 2032 1224 2072 fetidosque
1240 2039 1269 2062 et
1287 2032 1389 2063 tnundi
1411 2033 1510 2063 faecem
1538 2031 1708 2072 spirantes;
1723 2041 1821 2072 neque

996 2077 1249 2116 animusaregno
1277 2077 1418 2108 coalorum
1445 2076 1582 2107 exsulans
1610 2081 1724 2108 scatere
1756 2077 1822 2108 vitae

998 2121 1105 2152 divinae
1119 2122 1238 2152 ﬂuentis
1267 2131 1386 2153 suavem
1408 2121 1603 2162 spiritualium
1620 2121 1744 2152 odorum
1759 2121 1821 2152 fra-

999 2166 1143 2205 grantiam
1160 2166 1341 2197 balantibus.
1359 2168 1446 2204 Nam,
1463 2171 1495 2198 ut
1512 2166 1623 2196 dictum
1638 2171 1692 2207 est,
1714 2178 1724 2194 tl
1739 2176 1822 2197 num-

135 2213 215 2245 αὐτῆς
237 2212 305 2246 ὀπῆς
320 2212 390 2252 βρύει
405 2213 436 2240 τὸ
457 2211 539 2251 γλυκὺ
567 2213 611 2240 καὶ
635 2213 665 2240 τὸ
680 2213 773 2252 πικρὸν
788 2222 795 2252 ς
820 2212 864 2245 Μὴ
879 2211 957 2240 δύνα-

1015 2211 1070 2251 μιὶό
1086 2210 1151 2241 fons
1165 2211 1202 2242 de
1217 2212 1322 2242 eodem
1337 2211 1481 2242 foramine
1508 2220 1643 2242 emanam
1657 2211 1775 2242 dulcem
1791 2216 1822 2243 et

134 2267 177 2284 ται
199 2257 278 2295 βάτος
314 2256 402 2288 ἐλαίας
430 2256 550 2293 ποιῆσαι,
575 2257 592 2291 ἣ
619 2257 747 2295 βαλάνους
775 2257 871 2296 ἐλαίας
905 2256 959 2285 03-

135 2312 187 2334 τως
202 2301 260 2331 οὐδὲ
284 2301 361 2340 πηγὴ
385 2301 432 2339 μία
457 2300 574 2341 καρδίας,
600 2302 715 2341 πονηρὸν
739 2303 782 2330 καὶ
807 2302 901 2341 ἀγαθὸν
917 2301 959 2330 ἐπὶ

135 2347 165 2374 τὸ
181 2346 243 2374 αὐτὸ
267 2353 355 2374 τεκεῖν
379 2346 467 2384 νόημα
484 2356 490 2362 ·
514 2345 574 2374 ἀλλ’
592 2347 605 2374 ὁ
627 2346 674 2384 μὲν
701 2346 798 2386 ἀγαθὸς
824 2345 958 2385 ἄνθρωπος

136 2391 165 2419 ἐκ
191 2395 237 2419 τοῦ
258 2391 355 2431 ἀγαθοῦ
376 2393 506 2429 θησαυροῦ
531 2393 580 2424 τῆς
615 2390 720 2431 καρδίας
749 2391 827 2419 αὐτοῦ
856 2390 956 2431 ἐκφέρει

135 2437 168 2464 τὰ
197 2436 281 2476 ἀγαθά
298 2445 305 2453 ·
323 2437 336 2464 ὃ
358 2434 384 2464 δὲ
413 2436 528 2475 πονηρὸς
557 2435 587 2463 ἐκ
612 2439 658 2464 τοῦ
685 2441 800 2475 πονηροῦ
827 2437 957 2475 θησαυροῦ

135 2483 185 2514 τῆς
198 2480 303 2520 καρδίας
334 2481 412 2509 αὒτοῦ
438 2480 539 2520 ἐκφέρει
558 2480 591 2507 τὰ
618 2481 734 2520 πονηρὰ,
763 2481 900 2520 κατὰ-τήν
914 2484 960 2509 τοῦ

139 2526 229 2565 Κυρίον
235 2527 345 2566 Δφωνήν.

177 2565 212 2609 ρ’,
234 2562 335 2610 Ὥσπερ
350 2569 474 2598 ἀδύνατον
493 2569 581 2600 ἐλαίου
605 2570 649 2598 καὶ
678 2571 758 2609 πυρὸς
787 2569 847 2598 ἄνευ
862 2569 960 2611 λύχνου

137 2616 266 2656 καίεσθαι,
282 2616 326 2643 καὶ
353 2615 452 2655 φαίνειν
474 2622 534 2647 τοῖς
560 2615 586 2644 ἐν
607 2618 640 2654 τῇ
663 2615 741 2655 οἰκίᾳ,
766 2615 833 2643 οὕτω
853 2616 896 2643 καὶ
911 2617 959 2653 ψυ-

139 2661 194 2701 χὴν
218 2661 361 2701 ἀμήχανον
390 2659 450 2689 ἄνευ
469 2662 539 2689 θείου
561 2661 712 2699 Πνεῦματος
734 2661 779 2688 καὶ
805 2661 896 2698 πυρὸς,
926 2661 959 2689 τὰ

139 2707 197 2734 θεῖα
232 2706 387 2745 τρανότερον
428 2705 594 2746 φθέγγεσθαι,
618 2706 662 2733 καὶ
697 2705 816 2744 φωταειν
856 2705 959 2745 ἀνθρώ-

138 2762 216 2783 πους.
240 2753 294 2779 Πᾶν
308 2751 358 2790 γὰρ
372 2749 484 2790 δώρημα
511 2749 623 2788 τέλειον,
650 2748 747 2778 ἄνωθέν
771 2749 842 2777 ἐστιν
863 2749 893 2778 ἐκ
913 2754 960 2779 τοῦ

179 2842 204 2863 δι
219 2842 281 2874 Jac.
298 2850 344 2881 tn,
359 2842 409 2874 Η.
451 2841 479 2864 ⁸²
491 2841 593 2874 Matth.
608 2849 662 2881 xu,
675 2842 695 2872 3
710 2841 728 2872 5
742 2849 751 2879 ;
767 2841 840 2874 Luc.
857 2849 898 2882 VI,
914 2841 966 2874 45.

1001 2264 1130 2286 amaram
1147 2256 1282 2296 aquam?“
1296 2256 1311 2285 ‘2
1327 2269 1338 2283 η
1357 2255 1504 2296 Numquid
1518 2260 1616 2296 potest
1631 2255 1722 2286 rubus
1730 2256 1822 2287 olivas

999 2300 1109 2340 facere,
1121 2300 1297 2340 autglandes
1306 2301 1404 2332 oliva?
1416 2302 1458 2332 ita
1474 2309 1528 2332 nec
1544 2310 1621 2331 unus
1635 2300 1701 2331 fons
1723 2301 1822 2332 cordis

999 2343 1094 2375 bonas
1107 2348 1136 2375 et
1150 2345 1241 2375 malas
1256 2345 1334 2376 circa
1352 2345 1430 2377 idem
1447 2345 1612 2386 producere
1629 2349 1726 2385 potest
1740 2346 1821 2385 cogi-

1000 2389 1126 2420 tationes
1139 2399 1147 2426 ;
1159 2389 1210 2420 sed
1229 2402 1243 2417 «
1256 2389 1350 2420 bonus
1360 2390 1448 2421 homo
1460 2390 1497 2421 de
1508 2390 1584 2421 bono
1602 2390 1742 2421 thesauro
1758 2399 1822 2421 cor-

1001 2434 1047 2465 dis
1062 2434 1107 2464 sui
1133 2435 1244 2474 profert
1270 2434 1358 2473 bona,
1390 2439 1417 2465 et
1447 2435 1542 2466 malus
1571 2435 1658 2465 homo
1684 2435 1720 2466 de
1744 2435 1822 2466 mulo

1003 2479 1141 2510 thesauro
1157 2479 1254 2510 cordis
1269 2480 1313 2510 sui
1331 2479 1444 2520 profert
1456 2479 1552 2520 ‘mala,
1573 2492 1586 2508 »
1601 2480 1689 2520 juxta
1705 2479 1824 2510 Domini

1001 2533 1106 2555 vocem
1115 2523 1158 2555 32.

1042 2569 1110 2600 100.
1134 2569 1217 2600 Sicut
1232 2578 1290 2600 non
1305 2573 1401 2610 potest
1417 2569 1482 2600 sine
1494 2569 1560 2600 oleo
1576 2573 1605 2600 et
1620 2569 1687 2608 igne
1702 2568 1825 2599 lucerna

1002 2614 1135 2652 accendi,
1153 2617 1183 2644 et
1197 2613 1319 2645 illucerc
1333 2614 1369 2645 iis
1393 2614 1442 2654 qui
1455 2618 1523 2645 sunt
1539 2615 1568 2644 in
1589 2614 1689 2650 domo,
1706 2613 1750 2644 sic
1764 2622 1824 2644 non

1002 2664 1097 2701 potest
1111 2660 1210 2691 anima
1235 2660 1301 2691 sine
1324 2661 1422 2691 divino
1446 2660 1558 2701 Spiritu
1580 2664 1609 2691 et
1635 2660 1703 2699 igne
1726 2659 1824 2690 divina

1002 2705 1080 2736 clare
1091 2705 1240 2746 explicare
1246 2705 1430 2736 etillustrare
1436 2704 1704 2736 homines.Etenim
1715 2713 1825 2735 (omne

1001 2750 1112 2781 donum
1121 2750 1283 2790 perfectum
1293 2750 1448 2782 desursum
1456 2754 1511 2788 est,
1519 2748 1706 2782 descendens
1714 2757 1731 2780 ι
1739 2750 1825 2781 Patre
