  <div class='ocr_page' id='page_1' title='image "/cluster/home/n/w/nwhite01/storage/ocr_20150623/120/njp.32101010943973/570.png"; bbox 0 0 1976 3067; ppageno 0'>
   <div class='ocr_carea' id='block_1_1' title="bbox 85 174 142 206">
    <p class='ocr_par' dir='ltr' id='par_1_1' title="bbox 85 174 142 206">
     <span class='ocr_line' id='line_1_1' title="bbox 85 174 142 206; baseline -0.018 0"><span class='ocrx_word' id='word_1_1' title='bbox 85 174 142 206; x_wconf 80' lang='grc'><strong>901</strong></span> 
     </span>
    </p>
   </div>
   <div class='ocr_carea' id='block_1_2' title="bbox 82 241 906 282">
    <p class='ocr_par' dir='ltr' id='par_1_2' title="bbox 82 241 906 282">
     <span class='ocr_line' id='line_1_2' title="bbox 82 241 906 282; baseline -0.002 -12"><span class='ocrx_word' id='word_1_2' title='bbox 82 243 245 274; x_wconf 74' lang='grc' dir='ltr'>κατάστασις</span> <span class='ocrx_word' id='word_1_3' title='bbox 273 243 372 271; x_wconf 86' lang='grc' dir='ltr'>τούτων</span> <span class='ocrx_word' id='word_1_4' title='bbox 401 244 449 280; x_wconf 81' lang='grc' dir='ltr'>μὲν</span> <span class='ocrx_word' id='word_1_5' title='bbox 492 241 563 271; x_wconf 69' lang='grc' dir='ltr'>οὐδὲν</span> <span class='ocrx_word' id='word_1_6' title='bbox 593 243 650 271; x_wconf 80' lang='grc' dir='ltr'>οὸτε</span> <span class='ocrx_word' id='word_1_7' title='bbox 687 241 761 282; x_wconf 71' lang='grc' dir='ltr'>ἔχειν</span> <span class='ocrx_word' id='word_1_8' title='bbox 795 243 906 281; x_wconf 70' lang='grc' dir='ltr'>αἱρεῖται</span> 
     </span>
    </p>
   </div>
   <div class='ocr_carea' id='block_1_3' title="bbox 82 286 909 326">
    <p class='ocr_par' dir='ltr' id='par_1_3' title="bbox 82 286 909 326">
     <span class='ocr_line' id='line_1_3' title="bbox 82 286 909 326; baseline 0 -12"><span class='ocrx_word' id='word_1_9' title='bbox 82 288 143 315; x_wconf 81' lang='grc' dir='ltr'>οὔτε</span> <span class='ocrx_word' id='word_1_10' title='bbox 171 288 236 326; x_wconf 69' lang='grc' dir='ltr'>πρὸς</span> <span class='ocrx_word' id='word_1_11' title='bbox 265 286 332 316; x_wconf 60' lang='grc' dir='ltr'>οὕτω</span> <span class='ocrx_word' id='word_1_12' title='bbox 353 288 422 315; x_wconf 81' lang='grc' dir='ltr'><strong>κακά</strong></span> <span class='ocrx_word' id='word_1_13' title='bbox 457 288 640 326; x_wconf 74' lang='grc' dir='ltr'>καταγένεσθαι</span> <span class='ocrx_word' id='word_1_14' title='bbox 673 287 706 314; x_wconf 76' lang='grc' dir='ltr'><strong>τὰ</strong></span> <span class='ocrx_word' id='word_1_15' title='bbox 743 287 878 326; x_wconf 67' lang='grc' dir='ltr'>ἀμφότερα</span> <span class='ocrx_word' id='word_1_16' title='bbox 903 297 909 303; x_wconf 89' lang='grc'><strong>·</strong></span> 
     </span>
    </p>
   </div>
   <div class='ocr_carea' id='block_1_4' title="bbox 85 326 911 372">
    <p class='ocr_par' dir='ltr' id='par_1_4' title="bbox 85 326 911 372">
     <span class='ocr_line' id='line_1_4' title="bbox 85 326 911 372; baseline -0.001 -13"><span class='ocrx_word' id='word_1_17' title='bbox 85 330 149 360; x_wconf 80' lang='grc' dir='ltr'>ἀλλ’</span> <span class='ocrx_word' id='word_1_18' title='bbox 165 331 215 365; x_wconf 81' lang='grc' dir='ltr'><strong>ὅλη</strong></span> <span class='ocrx_word' id='word_1_19' title='bbox 245 326 281 360; x_wconf 82' lang='grc' dir='ltr'>δι’</span> <span class='ocrx_word' id='word_1_20' title='bbox 307 331 371 360; x_wconf 78' lang='grc' dir='ltr'>ὅλου</span> <span class='ocrx_word' id='word_1_21' title='bbox 403 331 535 372; x_wconf 78' lang='grc' dir='ltr'>ἐλεύθερός</span> <span class='ocrx_word' id='word_1_22' title='bbox 571 331 625 359; x_wconf 78' lang='grc' dir='ltr'>ἐστι</span> <span class='ocrx_word' id='word_1_23' title='bbox 655 331 754 365; x_wconf 71' lang='grc' dir='ltr'>ταῦτης</span> <span class='ocrx_word' id='word_1_24' title='bbox 775 331 911 368; x_wconf 67' lang='grc' dir='ltr'>κάκείνης,</span> 
     </span>
    </p>
   </div>
   <div class='ocr_carea' id='block_1_5' title="bbox 83 375 910 416">
    <p class='ocr_par' dir='ltr' id='par_1_5' title="bbox 83 375 910 416">
     <span class='ocr_line' id='line_1_5' title="bbox 83 375 910 416; baseline 0 -12"><span class='ocrx_word' id='word_1_25' title='bbox 83 375 191 416; x_wconf 76' lang='grc' dir='ltr'>πτέρυξι</span> <span class='ocrx_word' id='word_1_26' title='bbox 247 377 482 416; x_wconf 83' lang='grc' dir='ltr'>περιηργυρωμένη</span> <span class='ocrx_word' id='word_1_27' title='bbox 532 376 657 415; x_wconf 52' lang='grc' dir='ltr'>ἀγάπηςς</span> <span class='ocrx_word' id='word_1_28' title='bbox 693 377 736 404; x_wconf 88' lang='grc' dir='ltr'><strong>καὶ</strong></span> <span class='ocrx_word' id='word_1_29' title='bbox 774 377 910 411; x_wconf 75' lang='grc' dir='ltr'><strong>ἀπαθείας,</strong></span> 
     </span>
    </p>
   </div>
   <div class='ocr_carea' id='block_1_6' title="bbox 85 421 911 461">
    <p class='ocr_par' dir='ltr' id='par_1_6' title="bbox 85 421 911 461">
     <span class='ocr_line' id='line_1_6' title="bbox 85 421 911 461; baseline 0 -12"><span class='ocrx_word' id='word_1_30' title='bbox 85 421 286 461; x_wconf 69' lang='grc' dir='ltr'>ἱνιτεριπταμὲνη</span> <span class='ocrx_word' id='word_1_31' title='bbox 331 425 384 450; x_wconf 84' lang='grc' dir='ltr'>τῶν</span> <span class='ocrx_word' id='word_1_32' title='bbox 437 421 604 461; x_wconf 64' lang='grc' dir='ltr'>ἀμφοτέρων,</span> <span class='ocrx_word' id='word_1_33' title='bbox 657 422 725 459; x_wconf 77' lang='grc' dir='ltr'>μήτε</span> <span class='ocrx_word' id='word_1_34' title='bbox 762 422 911 461; x_wconf 79' lang='grc' dir='ltr'>πράττουσά</span> 
     </span>
    </p>
   </div>
   <div class='ocr_carea' id='block_1_7' title="bbox 86 465 910 505">
    <p class='ocr_par' dir='ltr' id='par_1_7' title="bbox 86 465 910 505">
     <span class='ocr_line' id='line_1_7' title="bbox 86 465 910 505; baseline 0 -12"><span class='ocrx_word' id='word_1_35' title='bbox 86 476 113 493; x_wconf 83' lang='grc' dir='ltr'><strong>τι</strong></span> <span class='ocrx_word' id='word_1_36' title='bbox 126 468 179 494; x_wconf 86' lang='grc' dir='ltr'>τῶν</span> <span class='ocrx_word' id='word_1_37' title='bbox 203 465 437 505; x_wconf 81' lang='grc' dir='ltr'>ἀπηγορευμένων,</span> <span class='ocrx_word' id='word_1_38' title='bbox 465 466 507 494; x_wconf 84' lang='grc' dir='ltr'><strong>καὶ</strong></span> <span class='ocrx_word' id='word_1_39' title='bbox 535 466 584 499; x_wconf 78' lang='grc' dir='ltr'>τὴν</span> <span class='ocrx_word' id='word_1_40' title='bbox 606 465 697 505; x_wconf 81' lang='grc' dir='ltr'><strong>ἀργίαν</strong></span> <span class='ocrx_word' id='word_1_41' title='bbox 726 465 910 505; x_wconf 74' lang='grc' dir='ltr'>ἀποφεύγουσα</span> 
     </span>
    </p>
   </div>
   <div class='ocr_carea' id='block_1_8' title="bbox 87 521 258 541">
    <p class='ocr_par' dir='ltr' id='par_1_8' title="bbox 87 521 258 541">
     <span class='ocr_line' id='line_1_8' title="bbox 87 521 258 541; baseline 0.006 -4"><span class='ocrx_word' id='word_1_42' title='bbox 87 521 142 537; x_wconf 89' lang='grc' dir='ltr'><strong>των</strong></span> <span class='ocrx_word' id='word_1_43' title='bbox 156 521 247 538; x_wconf 76' lang='grc' dir='ltr'>κακων</span> <span class='ocrx_word' id='word_1_44' title='bbox 251 533 258 541; x_wconf 82' lang='grc'>.</span> 
     </span>
    </p>
   </div>
   <div class='ocr_carea' id='block_1_9' title="bbox 129 549 909 595">
    <p class='ocr_par' dir='ltr' id='par_1_9' title="bbox 129 549 909 595">
     <span class='ocr_line' id='line_1_9' title="bbox 129 549 909 595; baseline 0.001 -13"><span class='ocrx_word' id='word_1_45' title='bbox 129 549 153 582; x_wconf 85' lang='grc' dir='ltr'>ε’</span> <span class='ocrx_word' id='word_1_46' title='bbox 167 556 196 583; x_wconf 79' lang='grc' dir='ltr'><strong>Οἱ</strong></span> <span class='ocrx_word' id='word_1_47' title='bbox 210 558 341 594; x_wconf 83' lang='grc' dir='ltr'>σαρκικῶς</span> <span class='ocrx_word' id='word_1_48' title='bbox 365 558 473 591; x_wconf 84' lang='grc' dir='ltr'>ζῶντες,</span> <span class='ocrx_word' id='word_1_49' title='bbox 498 556 541 583; x_wconf 81' lang='grc' dir='ltr'><strong>καὶ</strong></span> <span class='ocrx_word' id='word_1_50' title='bbox 569 554 637 583; x_wconf 84' lang='grc' dir='ltr'>πολὺ</span> <span class='ocrx_word' id='word_1_51' title='bbox 671 557 702 584; x_wconf 82' lang='grc' dir='ltr'>τὸ</span> <span class='ocrx_word' id='word_1_52' title='bbox 729 558 777 588; x_wconf 83' lang='grc' dir='ltr'>τῆς</span> <span class='ocrx_word' id='word_1_53' title='bbox 814 556 909 595; x_wconf 82' lang='grc' dir='ltr'>σαρκὸς</span> 
     </span>
    </p>
   </div>
   <div class='ocr_carea' id='block_1_10' title="bbox 86 599 906 640">
    <p class='ocr_par' dir='ltr' id='par_1_10' title="bbox 86 599 906 640">
     <span class='ocr_line' id='line_1_10' title="bbox 86 599 906 640; baseline 0 -13"><span class='ocrx_word' id='word_1_54' title='bbox 86 599 210 639; x_wconf 78' lang='grc' dir='ltr'>φρόνημα</span> <span class='ocrx_word' id='word_1_55' title='bbox 248 599 412 637; x_wconf 72' lang='grc' dir='ltr'><strong>ἐπικείμενον</strong></span> <span class='ocrx_word' id='word_1_56' title='bbox 454 599 481 627; x_wconf 75' lang='grc' dir='ltr'>ἐν</span> <span class='ocrx_word' id='word_1_57' title='bbox 518 599 623 631; x_wconf 71' lang='grc' dir='ltr'>ἑαυτοῖς</span> <span class='ocrx_word' id='word_1_58' title='bbox 657 599 776 640; x_wconf 68' lang='grc' dir='ltr'>ἔχοντες,</span> <span class='ocrx_word' id='word_1_59' title='bbox 813 601 906 639; x_wconf 77' lang='grc' dir='ltr'>σάρκες</span> 
     </span>
    </p>
   </div>
   <div class='ocr_carea' id='block_1_11' title="bbox 87 643 909 684">
    <p class='ocr_par' dir='ltr' id='par_1_11' title="bbox 87 643 909 684">
     <span class='ocr_line' id='line_1_11' title="bbox 87 643 909 684; baseline 0.001 -13"><span class='ocrx_word' id='word_1_60' title='bbox 87 643 249 684; x_wconf 72' lang='grc' dir='ltr'>αὖτόχρημα</span> <span class='ocrx_word' id='word_1_61' title='bbox 262 643 347 684; x_wconf 69' lang='grc' dir='ltr'>ὄντες,</span> <span class='ocrx_word' id='word_1_62' title='bbox 364 646 394 673; x_wconf 69' lang='grc' dir='ltr'><strong>ού</strong></span> <span class='ocrx_word' id='word_1_63' title='bbox 416 643 535 673; x_wconf 82' lang='grc' dir='ltr'>δύνανται</span> <span class='ocrx_word' id='word_1_64' title='bbox 561 644 651 684; x_wconf 83' lang='grc' dir='ltr'>ἀρέσαι</span> <span class='ocrx_word' id='word_1_65' title='bbox 675 648 732 682; x_wconf 85' lang='grc' dir='ltr'><strong>Θεῷ</strong></span> <span class='ocrx_word' id='word_1_66' title='bbox 750 654 756 660; x_wconf 93' lang='grc'><strong>·</strong></span> <span class='ocrx_word' id='word_1_67' title='bbox 780 645 909 673; x_wconf 82' lang='grc' dir='ltr'>σχοτεινοὶ</span> 
     </span>
    </p>
   </div>
   <div class='ocr_carea' id='block_1_12' title="bbox 87 689 909 729">
    <p class='ocr_par' dir='ltr' id='par_1_12' title="bbox 87 689 909 729">
     <span class='ocr_line' id='line_1_12' title="bbox 87 689 909 729; baseline 0.001 -13"><span class='ocrx_word' id='word_1_68' title='bbox 87 689 139 728; x_wconf 87' lang='grc' dir='ltr'><strong>γάρ</strong></span> <span class='ocrx_word' id='word_1_69' title='bbox 154 689 202 716; x_wconf 85' lang='grc' dir='ltr'>εἶσι</span> <span class='ocrx_word' id='word_1_70' title='bbox 229 696 288 720; x_wconf 80' lang='grc' dir='ltr'>τοῖς</span> <span class='ocrx_word' id='word_1_71' title='bbox 316 689 478 729; x_wconf 65' lang='grc' dir='ltr'><strong>φροννιςμιιισι⁷</strong></span> <span class='ocrx_word' id='word_1_72' title='bbox 499 691 543 717; x_wconf 78' lang='grc' dir='ltr'>καὶ</span> <span class='ocrx_word' id='word_1_73' title='bbox 564 692 617 718; x_wconf 83' lang='grc' dir='ltr'>τῶν</span> <span class='ocrx_word' id='word_1_74' title='bbox 645 689 756 717; x_wconf 78' lang='grc' dir='ltr'>ἀκτίνων</span> <span class='ocrx_word' id='word_1_75' title='bbox 782 694 828 718; x_wconf 77' lang='grc' dir='ltr'>τοῦ</span> <span class='ocrx_word' id='word_1_76' title='bbox 841 690 909 718; x_wconf 76' lang='grc' dir='ltr'>θείου</span> 
     </span>
    </p>
   </div>
   <div class='ocr_carea' id='block_1_13' title="bbox 88 733 908 774">
    <p class='ocr_par' dir='ltr' id='par_1_13' title="bbox 88 733 908 774">
     <span class='ocr_line' id='line_1_13' title="bbox 88 733 908 774; baseline 0.002 -14"><span class='ocrx_word' id='word_1_77' title='bbox 88 733 176 773; x_wconf 70' lang='grc' dir='ltr'>φωτὸς</span> <span class='ocrx_word' id='word_1_78' title='bbox 192 734 298 761; x_wconf 80' lang='grc' dir='ltr'>πάντων</span> <span class='ocrx_word' id='word_1_79' title='bbox 325 733 468 774; x_wconf 77' lang='grc' dir='ltr'>ἀμέτοχοι.</span> <span class='ocrx_word' id='word_1_80' title='bbox 492 735 529 762; x_wconf 79' lang='grc' dir='ltr'>Τὰ</span> <span class='ocrx_word' id='word_1_81' title='bbox 553 735 603 774; x_wconf 82' lang='grc' dir='ltr'><strong>γὰρ</strong></span> <span class='ocrx_word' id='word_1_82' title='bbox 622 733 827 774; x_wconf 68' lang='grc' dir='ltr'><strong>ἐπιπροσθοῦντα</strong></span> <span class='ocrx_word' id='word_1_83' title='bbox 843 734 908 773; x_wconf 63' lang='grc' dir='ltr'>νέφη</span> 
     </span>
    </p>
   </div>
   <div class='ocr_carea' id='block_1_14' title="bbox 88 778 912 818">
    <p class='ocr_par' dir='ltr' id='par_1_14' title="bbox 88 778 912 818">
     <span class='ocr_line' id='line_1_14' title="bbox 88 778 912 818; baseline 0.001 -12"><span class='ocrx_word' id='word_1_84' title='bbox 88 781 143 806; x_wconf 83' lang='grc' dir='ltr'>τῶν</span> <span class='ocrx_word' id='word_1_85' title='bbox 182 779 283 816; x_wconf 84' lang='grc' dir='ltr'>παθῶν,</span> <span class='ocrx_word' id='word_1_86' title='bbox 324 778 412 817; x_wconf 77' lang='grc' dir='ltr'>ὥσπερ</span> <span class='ocrx_word' id='word_1_87' title='bbox 452 778 542 816; x_wconf 78' lang='grc' dir='ltr'>ὑψηλὰ</span> <span class='ocrx_word' id='word_1_88' title='bbox 588 789 667 818; x_wconf 75' lang='grc' dir='ltr'>τενχη</span> <span class='ocrx_word' id='word_1_89' title='bbox 709 779 912 818; x_wconf 64' lang='grc' dir='ltr'>ἀποτειχίζοντα</span> 
     </span>
    </p>
   </div>
   <div class='ocr_carea' id='block_1_15' title="bbox 89 822 911 864">
    <p class='ocr_par' dir='ltr' id='par_1_15' title="bbox 89 822 911 864">
     <span class='ocr_line' id='line_1_15' title="bbox 89 822 911 864; baseline 0.001 -14"><span class='ocrx_word' id='word_1_90' title='bbox 89 822 200 862; x_wconf 79' lang='grc' dir='ltr'>ἔχοντες</span> <span class='ocrx_word' id='word_1_91' title='bbox 229 823 276 855; x_wconf 72' lang='grc' dir='ltr'>τὰς</span> <span class='ocrx_word' id='word_1_92' title='bbox 304 822 476 860; x_wconf 82' lang='grc' dir='ltr'>λαμπηδόνας</span> <span class='ocrx_word' id='word_1_93' title='bbox 505 827 551 852; x_wconf 82' lang='grc' dir='ltr'>τοῦ</span> <span class='ocrx_word' id='word_1_94' title='bbox 578 824 737 862; x_wconf 76' lang='grc' dir='ltr'>πνεύματος,</span> <span class='ocrx_word' id='word_1_95' title='bbox 768 824 911 864; x_wconf 66' lang='grc' dir='ltr'>ἀφώτιστοι</span> 
     </span>
    </p>
   </div>
   <div class='ocr_carea' id='block_1_16' title="bbox 89 866 911 907">
    <p class='ocr_par' dir='ltr' id='par_1_16' title="bbox 89 866 911 907">
     <span class='ocr_line' id='line_1_16' title="bbox 89 866 911 907; baseline 0.001 -12"><span class='ocrx_word' id='word_1_96' title='bbox 89 866 252 905; x_wconf 77' lang='grc' dir='ltr'>διαμένουσι.</span> <span class='ocrx_word' id='word_1_97' title='bbox 279 867 361 907; x_wconf 87' lang='grc' dir='ltr'>Πηροὶ</span> <span class='ocrx_word' id='word_1_98' title='bbox 389 866 415 895; x_wconf 75' lang='grc' dir='ltr'><strong>δὲ</strong></span> <span class='ocrx_word' id='word_1_99' title='bbox 444 868 490 900; x_wconf 77' lang='grc' dir='ltr'><strong>τὰς</strong></span> <span class='ocrx_word' id='word_1_100' title='bbox 521 869 651 903; x_wconf 73' lang='grc' dir='ltr'>αἰσθήσεις</span> <span class='ocrx_word' id='word_1_101' title='bbox 676 867 747 901; x_wconf 82' lang='grc' dir='ltr'>ὀ’ντε;</span> <span class='ocrx_word' id='word_1_102' title='bbox 775 871 828 896; x_wconf 79' lang='grc' dir='ltr'>τῶν</span> <span class='ocrx_word' id='word_1_103' title='bbox 842 867 911 896; x_wconf 78' lang='grc' dir='ltr'>ἰδίων</span> 
     </span>
    </p>
   </div>
   <div class='ocr_carea' id='block_1_17' title="bbox 90 910 913 952">
    <p class='ocr_par' dir='ltr' id='par_1_17' title="bbox 90 910 913 952">
     <span class='ocr_line' id='line_1_17' title="bbox 90 910 913 952; baseline 0.001 -13"><span class='ocrx_word' id='word_1_104' title='bbox 90 914 198 952; x_wconf 81' lang='grc' dir='ltr'>ψυχῶν.</span> <span class='ocrx_word' id='word_1_105' title='bbox 222 913 252 941; x_wconf 68' lang='grc' dir='ltr'>οὔ</span> <span class='ocrx_word' id='word_1_106' title='bbox 279 910 398 940; x_wconf 72' lang='grc' dir='ltr'>δύνανται</span> <span class='ocrx_word' id='word_1_107' title='bbox 421 913 485 952; x_wconf 82' lang='grc' dir='ltr'>πρὸς</span> <span class='ocrx_word' id='word_1_108' title='bbox 515 913 548 940; x_wconf 79' lang='grc' dir='ltr'><strong>τὰ</strong></span> <span class='ocrx_word' id='word_1_109' title='bbox 573 913 655 946; x_wconf 74' lang='grc' dir='ltr'>νοητὰ</span> <span class='ocrx_word' id='word_1_110' title='bbox 679 912 766 946; x_wconf 74' lang='grc' dir='ltr'>κάλλη</span> <span class='ocrx_word' id='word_1_111' title='bbox 788 916 833 940; x_wconf 74' lang='grc' dir='ltr'>τοῦ</span> <span class='ocrx_word' id='word_1_112' title='bbox 848 913 913 941; x_wconf 79' lang='grc' dir='ltr'><strong>Θεοῦ</strong></span> 
     </span>
    </p>
   </div>
   <div class='ocr_carea' id='block_1_18' title="bbox 90 943 944 996">
    <p class='ocr_par' dir='ltr' id='par_1_18' title="bbox 90 943 944 996">
     <span class='ocr_line' id='line_1_18' title="bbox 90 943 944 996; baseline 0.001 -12"><span class='ocrx_word' id='word_1_113' title='bbox 90 943 242 996; x_wconf 53' lang='grc' dir='ltr'>ἀνέξιεὺσαι,</span> <span class='ocrx_word' id='word_1_114' title='bbox 280 957 323 984; x_wconf 78' lang='grc' dir='ltr'>καὶ</span> <span class='ocrx_word' id='word_1_115' title='bbox 344 957 374 984; x_wconf 82' lang='grc' dir='ltr'><strong>τὸ</strong></span> <span class='ocrx_word' id='word_1_116' title='bbox 390 943 447 996; x_wconf 63' lang='grc' dir='ltr'>φῶς</span> <span class='ocrx_word' id='word_1_117' title='bbox 470 955 535 985; x_wconf 72' lang='grc' dir='ltr'>ὶὸετν</span> <span class='ocrx_word' id='word_1_118' title='bbox 569 959 619 989; x_wconf 79' lang='grc' dir='ltr'>τῆς</span> <span class='ocrx_word' id='word_1_119' title='bbox 644 957 770 990; x_wconf 77' lang='grc' dir='ltr'>ἀληθινῆς</span> <span class='ocrx_word' id='word_1_120' title='bbox 791 961 829 995; x_wconf 85' lang='grc' dir='ltr'>τῷ</span> <span class='ocrx_word' id='word_1_121' title='bbox 857 943 944 985; x_wconf 64' lang='grc' dir='ltr'>ὁντιθ</span> 
     </span>
    </p>
   </div>
   <div class='ocr_carea' id='block_1_19' title="bbox 90 1001 912 1041">
    <p class='ocr_par' dir='ltr' id='par_1_19' title="bbox 90 1001 912 1041">
     <span class='ocr_line' id='line_1_19' title="bbox 90 1001 912 1041; baseline 0.001 -12"><span class='ocrx_word' id='word_1_122' title='bbox 90 1001 170 1037; x_wconf 74' lang='grc' dir='ltr'>ζωῆς,</span> <span class='ocrx_word' id='word_1_123' title='bbox 209 1002 252 1029; x_wconf 81' lang='grc' dir='ltr'>καὶ</span> <span class='ocrx_word' id='word_1_124' title='bbox 285 1001 406 1040; x_wconf 73' lang='grc' dir='ltr'>ὑπεράνω</span> <span class='ocrx_word' id='word_1_125' title='bbox 449 1001 569 1040; x_wconf 79' lang='grc' dir='ltr'>γενέσθαι</span> <span class='ocrx_word' id='word_1_126' title='bbox 607 1005 659 1030; x_wconf 83' lang='grc' dir='ltr'>τῶν</span> <span class='ocrx_word' id='word_1_127' title='bbox 699 1002 839 1041; x_wconf 79' lang='grc' dir='ltr'>ὑρωμένων</span> <span class='ocrx_word' id='word_1_128' title='bbox 864 1003 912 1035; x_wconf 78' lang='grc' dir='ltr'>τῆς</span> 
     </span>
    </p>
   </div>
   <div class='ocr_carea' id='block_1_20' title="bbox 89 1044 911 1080">
    <p class='ocr_par' dir='ltr' id='par_1_20' title="bbox 89 1044 911 1080">
     <span class='ocr_line' id='line_1_20' title="bbox 89 1044 911 1080; baseline 0.001 -7"><span class='ocrx_word' id='word_1_129' title='bbox 89 1046 285 1078; x_wconf 83' lang='grc' dir='ltr'>ταπεινώσεως.</span> <span class='ocrx_word' id='word_1_130' title='bbox 315 1044 389 1074; x_wconf 80' lang='grc' dir='ltr'>Ἀλλ’</span> <span class='ocrx_word' id='word_1_131' title='bbox 427 1048 486 1074; x_wconf 82' lang='grc' dir='ltr'>οἷον</span> <span class='ocrx_word' id='word_1_132' title='bbox 514 1046 743 1080; x_wconf 84' lang='grc' dir='ltr'>ἀποκτηνωθέντες</span> <span class='ocrx_word' id='word_1_133' title='bbox 777 1047 821 1074; x_wconf 79' lang='grc' dir='ltr'>καὶ</span> <span class='ocrx_word' id='word_1_134' title='bbox 862 1046 911 1074; x_wconf 80' lang='grc' dir='ltr'>αἵ-</span> 
     </span>
    </p>
   </div>
   <div class='ocr_carea' id='block_1_21' title="bbox 91 1092 912 1131">
    <p class='ocr_par' dir='ltr' id='par_1_21' title="bbox 91 1092 912 1131">
     <span class='ocr_line' id='line_1_21' title="bbox 91 1092 912 1131; baseline 0.001 -12"><span class='ocrx_word' id='word_1_135' title='bbox 91 1093 183 1124; x_wconf 81' lang='grc' dir='ltr'>σθησις</span> <span class='ocrx_word' id='word_1_136' title='bbox 211 1092 349 1131; x_wconf 79' lang='grc' dir='ltr'>γεγονότες</span> <span class='ocrx_word' id='word_1_137' title='bbox 377 1096 423 1120; x_wconf 81' lang='grc' dir='ltr'>τοῦ</span> <span class='ocrx_word' id='word_1_138' title='bbox 470 1092 581 1130; x_wconf 85' lang='grc' dir='ltr'>κόσμου,</span> <span class='ocrx_word' id='word_1_139' title='bbox 618 1098 675 1124; x_wconf 72' lang='grc' dir='ltr'>τοῖς</span> <span class='ocrx_word' id='word_1_140' title='bbox 704 1092 839 1125; x_wconf 74' lang='grc' dir='ltr'>αἰσθητοῖς</span> <span class='ocrx_word' id='word_1_141' title='bbox 869 1093 912 1120; x_wconf 74' lang='grc' dir='ltr'><strong>καὶ</strong></span> 
     </span>
    </p>
   </div>
   <div class='ocr_carea' id='block_1_22' title="bbox 92 1135 912 1176">
    <p class='ocr_par' dir='ltr' id='par_1_22' title="bbox 92 1135 912 1176">
     <span class='ocr_line' id='line_1_22' title="bbox 92 1135 912 1176; baseline 0 -12"><span class='ocrx_word' id='word_1_142' title='bbox 92 1135 263 1176; x_wconf 75' lang='grc' dir='ltr'>ἀνθρωπίνοις</span> <span class='ocrx_word' id='word_1_143' title='bbox 307 1137 452 1176; x_wconf 79' lang='grc' dir='ltr'>πράγμασι,</span> <span class='ocrx_word' id='word_1_144' title='bbox 497 1137 528 1164; x_wconf 75' lang='grc' dir='ltr'>τὸ</span> <span class='ocrx_word' id='word_1_145' title='bbox 571 1140 617 1164; x_wconf 81' lang='grc' dir='ltr'>τοῦ</span> <span class='ocrx_word' id='word_1_146' title='bbox 652 1136 732 1175; x_wconf 82' lang='grc' dir='ltr'>λόγου</span> <span class='ocrx_word' id='word_1_147' title='bbox 775 1136 912 1174; x_wconf 80' lang='grc' dir='ltr'>δεσμοῦσιν</span> 
     </span>
    </p>
   </div>
   <div class='ocr_carea' id='block_1_23' title="bbox 92 1179 913 1221">
    <p class='ocr_par' dir='ltr' id='par_1_23' title="bbox 92 1179 913 1221">
     <span class='ocr_line' id='line_1_23' title="bbox 92 1179 913 1221; baseline 0.001 -13"><span class='ocrx_word' id='word_1_148' title='bbox 92 1179 204 1218; x_wconf 75' lang='grc' dir='ltr'>ἀξίωμα,</span> <span class='ocrx_word' id='word_1_149' title='bbox 240 1182 282 1209; x_wconf 83' lang='grc' dir='ltr'><strong>καὶ</strong></span> <span class='ocrx_word' id='word_1_150' title='bbox 313 1182 356 1209; x_wconf 71' lang='grc' dir='ltr'>τὸν</span> <span class='ocrx_word' id='word_1_151' title='bbox 389 1181 479 1221; x_wconf 80' lang='grc' dir='ltr'>ἀγῶνα</span> <span class='ocrx_word' id='word_1_152' title='bbox 515 1182 601 1209; x_wconf 68' lang='grc' dir='ltr'>πάντα</span> <span class='ocrx_word' id='word_1_153' title='bbox 640 1182 704 1220; x_wconf 82' lang='grc' dir='ltr'>πρὸς</span> <span class='ocrx_word' id='word_1_154' title='bbox 732 1182 766 1209; x_wconf 74' lang='grc' dir='ltr'>τὰ</span> <span class='ocrx_word' id='word_1_155' title='bbox 793 1182 913 1221; x_wconf 78' lang='grc' dir='ltr'>ὁρώμενα</span> 
     </span>
    </p>
   </div>
   <div class='ocr_carea' id='block_1_24' title="bbox 93 1224 913 1266">
    <p class='ocr_par' dir='ltr' id='par_1_24' title="bbox 93 1224 913 1266">
     <span class='ocr_line' id='line_1_24' title="bbox 93 1224 913 1266; baseline 0.001 -13"><span class='ocrx_word' id='word_1_156' title='bbox 93 1226 138 1253; x_wconf 88' lang='grc' dir='ltr'><strong>καὶ</strong></span> <span class='ocrx_word' id='word_1_157' title='bbox 164 1225 318 1266; x_wconf 70' lang='grc' dir='ltr'>φθειρόμενα</span> <span class='ocrx_word' id='word_1_158' title='bbox 349 1225 467 1266; x_wconf 69' lang='grc' dir='ltr'>ἔχουσιν,</span> <span class='ocrx_word' id='word_1_159' title='bbox 495 1225 622 1260; x_wconf 74' lang='grc' dir='ltr'>ἀλλήλοις</span> <span class='ocrx_word' id='word_1_160' title='bbox 649 1224 690 1253; x_wconf 72' lang='grc' dir='ltr'>διὰ</span> <span class='ocrx_word' id='word_1_161' title='bbox 719 1229 799 1254; x_wconf 73' lang='grc' dir='ltr'>ταῦτα</span> <span class='ocrx_word' id='word_1_162' title='bbox 820 1226 913 1266; x_wconf 79' lang='grc' dir='ltr'>μαχό-</span> 
     </span>
    </p>
   </div>
   <div class='ocr_carea' id='block_1_25' title="bbox 95 1269 917 1310">
    <p class='ocr_par' dir='ltr' id='par_1_25' title="bbox 95 1269 917 1310">
     <span class='ocr_line' id='line_1_25' title="bbox 95 1269 917 1310; baseline 0.001 -13"><span class='ocrx_word' id='word_1_163' title='bbox 95 1281 182 1310; x_wconf 82' lang='grc' dir='ltr'>μενοι,</span> <span class='ocrx_word' id='word_1_164' title='bbox 206 1271 248 1298; x_wconf 80' lang='grc' dir='ltr'><strong>καὶ</strong></span> <span class='ocrx_word' id='word_1_165' title='bbox 269 1271 333 1310; x_wconf 76' lang='grc' dir='ltr'>ὑπὲρ</span> <span class='ocrx_word' id='word_1_166' title='bbox 359 1274 411 1299; x_wconf 82' lang='grc' dir='ltr'>τῶν</span> <span class='ocrx_word' id='word_1_167' title='bbox 439 1271 564 1299; x_wconf 82' lang='grc' dir='ltr'>τοιούτων</span> <span class='ocrx_word' id='word_1_168' title='bbox 592 1269 644 1298; x_wconf 72' lang='grc' dir='ltr'>ἔσθ’</span> <span class='ocrx_word' id='word_1_169' title='bbox 668 1270 711 1298; x_wconf 80' lang='grc' dir='ltr'><strong>ὅτε</strong></span> <span class='ocrx_word' id='word_1_170' title='bbox 727 1271 833 1303; x_wconf 74' lang='grc' dir='ltr'>καὶτὰς</span> <span class='ocrx_word' id='word_1_171' title='bbox 854 1270 917 1303; x_wconf 75' lang='grc' dir='ltr'>ἰδίας</span> 
     </span>
    </p>
   </div>
   <div class='ocr_carea' id='block_1_26' title="bbox 95 1314 917 1356">
    <p class='ocr_par' dir='ltr' id='par_1_26' title="bbox 95 1314 917 1356">
     <span class='ocr_line' id='line_1_26' title="bbox 95 1314 917 1356; baseline 0 -13"><span class='ocrx_word' id='word_1_172' title='bbox 95 1316 186 1355; x_wconf 75' lang='grc' dir='ltr'>ψυχὰς</span> <span class='ocrx_word' id='word_1_173' title='bbox 213 1315 335 1351; x_wconf 78' lang='grc' dir='ltr'>τιθέντες,</span> <span class='ocrx_word' id='word_1_174' title='bbox 359 1315 534 1356; x_wconf 76' lang='grc' dir='ltr'>ἀντεχόμενοι</span> <span class='ocrx_word' id='word_1_175' title='bbox 562 1315 723 1355; x_wconf 77' lang='grc' dir='ltr'>χρημάτων,</span> <span class='ocrx_word' id='word_1_176' title='bbox 748 1314 837 1352; x_wconf 75' lang='grc' dir='ltr'>δόξης,</span> <span class='ocrx_word' id='word_1_177' title='bbox 874 1316 917 1343; x_wconf 84' lang='grc' dir='ltr'><strong>καὶ</strong></span> 
     </span>
    </p>
   </div>
   <div class='ocr_carea' id='block_1_27' title="bbox 94 1358 917 1400">
    <p class='ocr_par' dir='ltr' id='par_1_27' title="bbox 94 1358 917 1400">
     <span class='ocr_line' id='line_1_27' title="bbox 94 1358 917 1400; baseline -0.001 -12"><span class='ocrx_word' id='word_1_178' title='bbox 94 1358 197 1394; x_wconf 76' lang='grc' dir='ltr'>ἡδονῶν</span> <span class='ocrx_word' id='word_1_179' title='bbox 225 1361 273 1392; x_wconf 80' lang='grc' dir='ltr'>τῆς</span> <span class='ocrx_word' id='word_1_180' title='bbox 304 1361 409 1400; x_wconf 77' lang='grc' dir='ltr'><strong>σαρκὸς⁷</strong></span> <span class='ocrx_word' id='word_1_181' title='bbox 439 1360 482 1387; x_wconf 88' lang='grc' dir='ltr'><strong>καὶ</strong></span> <span class='ocrx_word' id='word_1_182' title='bbox 508 1360 604 1397; x_wconf 83' lang='grc' dir='ltr'>ζημίαν</span> <span class='ocrx_word' id='word_1_183' title='bbox 641 1359 762 1399; x_wconf 72' lang='grc' dir='ltr'>μεγάλην</span> <span class='ocrx_word' id='word_1_184' title='bbox 787 1360 836 1393; x_wconf 75' lang='grc' dir='ltr'><strong>τὴν</strong></span> <span class='ocrx_word' id='word_1_185' title='bbox 864 1363 917 1388; x_wconf 86' lang='grc' dir='ltr'>τῶν</span> 
     </span>
    </p>
   </div>
   <div class='ocr_carea' id='block_1_28' title="bbox 93 1404 917 1445">
    <p class='ocr_par' dir='ltr' id='par_1_28' title="bbox 93 1404 917 1445">
     <span class='ocr_line' id='line_1_28' title="bbox 93 1404 917 1445; baseline 0 -13"><span class='ocrx_word' id='word_1_186' title='bbox 93 1405 218 1433; x_wconf 76' lang='grc' dir='ltr'>τοιούτων</span> <span class='ocrx_word' id='word_1_187' title='bbox 243 1404 392 1445; x_wconf 78' lang='grc' dir='ltr'>ἀποτυχίαν</span> <span class='ocrx_word' id='word_1_188' title='bbox 413 1405 566 1444; x_wconf 76' lang='grc' dir='ltr'>ἡγούμενοι.</span> <span class='ocrx_word' id='word_1_189' title='bbox 599 1405 666 1442; x_wconf 77' lang='grc' dir='ltr'>Πρὸς</span> <span class='ocrx_word' id='word_1_190' title='bbox 693 1405 724 1432; x_wconf 75' lang='grc' dir='ltr'><strong>οὒ</strong></span> <span class='ocrx_word' id='word_1_191' title='bbox 751 1404 859 1436; x_wconf 75' lang='grc' dir='ltr'>εἰκότως</span> <span class='ocrx_word' id='word_1_192' title='bbox 881 1405 917 1437; x_wconf 84' lang='grc' dir='ltr'>ὡς</span> 
     </span>
    </p>
   </div>
   <div class='ocr_carea' id='block_1_29' title="bbox 94 1448 917 1489">
    <p class='ocr_par' dir='ltr' id='par_1_29' title="bbox 94 1448 917 1489">
     <span class='ocr_line' id='line_1_29' title="bbox 94 1448 917 1489; baseline 0.001 -13"><span class='ocrx_word' id='word_1_193' title='bbox 94 1449 124 1477; x_wconf 78' lang='grc' dir='ltr'>ἐκ</span> <span class='ocrx_word' id='word_1_194' title='bbox 138 1449 281 1488; x_wconf 85' lang='grc' dir='ltr'>προσώπου</span> <span class='ocrx_word' id='word_1_195' title='bbox 305 1452 351 1477; x_wconf 77' lang='grc' dir='ltr'>τοῦ</span> <span class='ocrx_word' id='word_1_196' title='bbox 374 1453 439 1478; x_wconf 78' lang='grc' dir='ltr'>Θεοῦ</span> <span class='ocrx_word' id='word_1_197' title='bbox 467 1450 497 1477; x_wconf 82' lang='grc' dir='ltr'>τὸ</span> <span class='ocrx_word' id='word_1_198' title='bbox 518 1450 683 1489; x_wconf 74' lang='grc' dir='ltr'>προφητικὸν</span> <span class='ocrx_word' id='word_1_199' title='bbox 711 1448 799 1477; x_wconf 78' lang='grc' dir='ltr'>ἐκεῖνο</span> <span class='ocrx_word' id='word_1_200' title='bbox 828 1449 917 1488; x_wconf 86' lang='grc' dir='ltr'>λόγιον</span> 
     </span>
    </p>
   </div>
   <div class='ocr_carea' id='block_1_30' title="bbox 99 1493 920 1532">
    <p class='ocr_par' dir='ltr' id='par_1_30' title="bbox 99 1493 920 1532">
     <span class='ocr_line' id='line_1_30' title="bbox 99 1493 920 1532; baseline 0.001 -11"><span class='ocrx_word' id='word_1_201' title='bbox 99 1493 215 1532; x_wconf 80' lang='grc' dir='ltr'>λεγεται,</span> <span class='ocrx_word' id='word_1_202' title='bbox 255 1504 266 1521; x_wconf 79' lang='grc' dir='ltr'>α</span> <span class='ocrx_word' id='word_1_203' title='bbox 285 1494 321 1523; x_wconf 77' lang='grc' dir='ltr'>Οὐ</span> <span class='ocrx_word' id='word_1_204' title='bbox 347 1494 385 1531; x_wconf 77' lang='grc' dir='ltr'>μὴ</span> <span class='ocrx_word' id='word_1_205' title='bbox 422 1494 502 1531; x_wconf 89' lang='grc' dir='ltr'>μείνει</span> <span class='ocrx_word' id='word_1_206' title='bbox 539 1495 568 1521; x_wconf 76' lang='grc' dir='ltr'><strong>τὸ</strong></span> <span class='ocrx_word' id='word_1_207' title='bbox 591 1494 696 1532; x_wconf 76' lang='grc' dir='ltr'><strong>[[νεῦμά</strong></span> <span class='ocrx_word' id='word_1_208' title='bbox 725 1505 774 1531; x_wconf 84' lang='grc' dir='ltr'><strong>μου</strong></span> <span class='ocrx_word' id='word_1_209' title='bbox 807 1494 834 1522; x_wconf 78' lang='grc' dir='ltr'>ἐν</span> <span class='ocrx_word' id='word_1_210' title='bbox 862 1501 920 1526; x_wconf 75' lang='grc' dir='ltr'>τοῖς</span> 
     </span>
    </p>
   </div>
   <div class='ocr_carea' id='block_1_31' title="bbox 95 1538 822 1579">
    <p class='ocr_par' dir='ltr' id='par_1_31' title="bbox 95 1538 822 1579">
     <span class='ocr_line' id='line_1_31' title="bbox 95 1538 822 1579; baseline 0 -13"><span class='ocrx_word' id='word_1_211' title='bbox 95 1538 241 1577; x_wconf 80' lang='grc' dir='ltr'>ἀνθρώποις</span> <span class='ocrx_word' id='word_1_212' title='bbox 254 1539 368 1579; x_wconf 74' lang='grc' dir='ltr'>τούτοις,</span> <span class='ocrx_word' id='word_1_213' title='bbox 384 1538 426 1566; x_wconf 79' lang='grc' dir='ltr'><strong>ὂιά</strong></span> <span class='ocrx_word' id='word_1_214' title='bbox 441 1539 468 1566; x_wconf 79' lang='grc' dir='ltr'><strong>τὸ</strong></span> <span class='ocrx_word' id='word_1_215' title='bbox 485 1538 555 1567; x_wconf 77' lang='grc' dir='ltr'>εἶναι</span> <span class='ocrx_word' id='word_1_216' title='bbox 573 1539 665 1570; x_wconf 73' lang='grc' dir='ltr'>αὐτοὺς</span> <span class='ocrx_word' id='word_1_217' title='bbox 679 1539 788 1578; x_wconf 77' lang='grc' dir='ltr'>σάρκας,</span> <span class='ocrx_word' id='word_1_218' title='bbox 808 1550 822 1566; x_wconf 72' lang='grc' dir='ltr'><strong><em>ι</em></strong></span> 
     </span>
    </p>
   </div>
   <div class='ocr_carea' id='block_1_32' title="bbox 136 1578 920 1623">
    <p class='ocr_par' dir='ltr' id='par_1_32' title="bbox 136 1578 920 1623">
     <span class='ocr_line' id='line_1_32' title="bbox 136 1578 920 1623; baseline 0.003 -13"><span class='ocrx_word' id='word_1_219' title='bbox 136 1578 188 1620; x_wconf 76' lang='grc' dir='ltr'>ς’,</span> <span class='ocrx_word' id='word_1_220' title='bbox 205 1584 234 1611; x_wconf 87' lang='grc' dir='ltr'><strong>Οἷ</strong></span> <span class='ocrx_word' id='word_1_221' title='bbox 264 1585 385 1623; x_wconf 75' lang='grc' dir='ltr'>ψυχικῶς</span> <span class='ocrx_word' id='word_1_222' title='bbox 401 1587 509 1619; x_wconf 82' lang='grc' dir='ltr'>ζῶντες,</span> <span class='ocrx_word' id='word_1_223' title='bbox 539 1585 583 1612; x_wconf 73' lang='grc' dir='ltr'>καὶ</span> <span class='ocrx_word' id='word_1_224' title='bbox 604 1582 645 1611; x_wconf 72' lang='grc' dir='ltr'><strong>διὰ</strong></span> <span class='ocrx_word' id='word_1_225' title='bbox 659 1587 735 1612; x_wconf 70' lang='grc' dir='ltr'>τοῦτο</span> <span class='ocrx_word' id='word_1_226' title='bbox 759 1583 920 1621; x_wconf 72' lang='grc' dir='ltr'>καλούμενοι</span> 
     </span>
    </p>
   </div>
   <div class='ocr_carea' id='block_1_33' title="bbox 100 1628 920 1668">
    <p class='ocr_par' dir='ltr' id='par_1_33' title="bbox 100 1628 920 1668">
     <span class='ocr_line' id='line_1_33' title="bbox 100 1628 920 1668; baseline 0.001 -11"><span class='ocrx_word' id='word_1_227' title='bbox 100 1629 222 1667; x_wconf 62' lang='lat' dir='ltr'><strong>illm/mal,</strong></span> <span class='ocrx_word' id='word_1_228' title='bbox 262 1628 396 1666; x_wconf 75' lang='grc' dir='ltr'>ἧμίμωροί</span> <span class='ocrx_word' id='word_1_229' title='bbox 439 1629 516 1668; x_wconf 79' lang='grc' dir='ltr'><strong>τίνες⁷</strong></span> <span class='ocrx_word' id='word_1_230' title='bbox 548 1629 591 1656; x_wconf 85' lang='grc' dir='ltr'>καὶ</span> <span class='ocrx_word' id='word_1_231' title='bbox 631 1629 666 1660; x_wconf 89' lang='grc' dir='ltr'><strong>ὼς</strong></span> <span class='ocrx_word' id='word_1_232' title='bbox 707 1629 860 1667; x_wconf 73' lang='grc' dir='ltr'>παρειμένοι</span> <span class='ocrx_word' id='word_1_233' title='bbox 889 1632 920 1658; x_wconf 76' lang='grc' dir='ltr'><strong>τὰ</strong></span> 
     </span>
    </p>
   </div>
   <div class='ocr_carea' id='block_1_34' title="bbox 98 1672 919 1712">
    <p class='ocr_par' dir='ltr' id='par_1_34' title="bbox 98 1672 919 1712">
     <span class='ocr_line' id='line_1_34' title="bbox 98 1672 919 1712; baseline 0 -12"><span class='ocrx_word' id='word_1_234' title='bbox 98 1673 169 1710; x_wconf 77' lang='grc' dir='ltr'>μέλη</span> <span class='ocrx_word' id='word_1_235' title='bbox 198 1672 369 1712; x_wconf 74' lang='grc' dir='ltr'>τυγχάνουσι,</span> <span class='ocrx_word' id='word_1_236' title='bbox 413 1673 482 1710; x_wconf 80' lang='grc' dir='ltr'>μήτε</span> <span class='ocrx_word' id='word_1_237' title='bbox 503 1672 612 1701; x_wconf 76' lang='grc' dir='ltr'>πονέσαι</span> <span class='ocrx_word' id='word_1_238' title='bbox 649 1673 714 1701; x_wconf 69' lang='grc' dir='ltr'>ποτὲ</span> <span class='ocrx_word' id='word_1_239' title='bbox 734 1673 798 1712; x_wconf 75' lang='grc' dir='ltr'>ὑπὲρ</span> <span class='ocrx_word' id='word_1_240' title='bbox 822 1674 919 1712; x_wconf 75' lang='grc' dir='ltr'>ἡρετῆς</span> 
     </span>
    </p>
   </div>
   <div class='ocr_carea' id='block_1_35' title="bbox 99 1716 918 1756">
    <p class='ocr_par' dir='ltr' id='par_1_35' title="bbox 99 1716 918 1756">
     <span class='ocr_line' id='line_1_35' title="bbox 99 1716 918 1756; baseline 0.001 -11"><span class='ocrx_word' id='word_1_241' title='bbox 99 1718 142 1746; x_wconf 81' lang='grc' dir='ltr'>καὶ</span> <span class='ocrx_word' id='word_1_242' title='bbox 177 1716 284 1750; x_wconf 73' lang='grc' dir='ltr'>ἐντολῆς</span> <span class='ocrx_word' id='word_1_243' title='bbox 314 1720 379 1745; x_wconf 80' lang='grc' dir='ltr'>Θεοῦ</span> <span class='ocrx_word' id='word_1_244' title='bbox 413 1717 648 1756; x_wconf 79' lang='grc' dir='ltr'>προνθυμούμενοι,</span> <span class='ocrx_word' id='word_1_245' title='bbox 689 1717 733 1745; x_wconf 79' lang='grc' dir='ltr'>καὶ</span> <span class='ocrx_word' id='word_1_246' title='bbox 754 1718 799 1750; x_wconf 77' lang='grc' dir='ltr'><strong>τας</strong></span> <span class='ocrx_word' id='word_1_247' title='bbox 825 1717 918 1755; x_wconf 75' lang='grc' dir='ltr'>ἐπιψό-</span> 
     </span>
    </p>
   </div>
   <div class='ocr_carea' id='block_1_36' title="bbox 99 1760 918 1802">
    <p class='ocr_par' dir='ltr' id='par_1_36' title="bbox 99 1760 918 1802">
     <span class='ocr_line' id='line_1_36' title="bbox 99 1760 918 1802; baseline 0 -12"><span class='ocrx_word' id='word_1_248' title='bbox 99 1773 161 1801; x_wconf 83' lang='grc' dir='ltr'>γους</span> <span class='ocrx_word' id='word_1_249' title='bbox 189 1761 293 1801; x_wconf 76' lang='grc' dir='ltr'>πράξεις</span> <span class='ocrx_word' id='word_1_250' title='bbox 314 1761 355 1789; x_wconf 76' lang='grc' dir='ltr'>διὰ</span> <span class='ocrx_word' id='word_1_251' title='bbox 381 1761 430 1794; x_wconf 81' lang='grc' dir='ltr'>τὴν</span> <span class='ocrx_word' id='word_1_252' title='bbox 465 1765 517 1790; x_wconf 84' lang='grc' dir='ltr'>τῶν</span> <span class='ocrx_word' id='word_1_253' title='bbox 559 1761 701 1800; x_wconf 84' lang='grc' dir='ltr'>ἀνθρώπων</span> <span class='ocrx_word' id='word_1_254' title='bbox 724 1760 798 1794; x_wconf 77' lang='grc' dir='ltr'>δόξαν</span> <span class='ocrx_word' id='word_1_255' title='bbox 827 1761 918 1802; x_wconf 76' lang='grc' dir='ltr'>ἐκφεύ-</span> 
     </span>
    </p>
   </div>
   <div class='ocr_carea' id='block_1_37' title="bbox 99 1805 917 1846">
    <p class='ocr_par' dir='ltr' id='par_1_37' title="bbox 99 1805 917 1846">
     <span class='ocr_line' id='line_1_37' title="bbox 99 1805 917 1846; baseline 0 -12"><span class='ocrx_word' id='word_1_256' title='bbox 99 1816 189 1846; x_wconf 86' lang='grc' dir='ltr'>γοντες</span> <span class='ocrx_word' id='word_1_257' title='bbox 207 1806 346 1846; x_wconf 73' lang='grc' dir='ltr'>’φιλαυτίᾳ</span> <span class='ocrx_word' id='word_1_258' title='bbox 375 1805 402 1833; x_wconf 73' lang='grc' dir='ltr'><strong>δὲ</strong></span> <span class='ocrx_word' id='word_1_259' title='bbox 430 1808 464 1843; x_wconf 77' lang='grc' dir='ltr'><strong>τῇ</strong></span> <span class='ocrx_word' id='word_1_260' title='bbox 497 1809 585 1846; x_wconf 81' lang='grc' dir='ltr'>τροφῴ</span> <span class='ocrx_word' id='word_1_261' title='bbox 613 1808 665 1833; x_wconf 83' lang='grc' dir='ltr'>τῶν</span> <span class='ocrx_word' id='word_1_262' title='bbox 691 1805 813 1845; x_wconf 69' lang='grc' dir='ltr'>ολεθρίων</span> <span class='ocrx_word' id='word_1_263' title='bbox 827 1808 917 1835; x_wconf 68' lang='grc' dir='ltr'>πιθῶν</span> 
     </span>
    </p>
   </div>
   <div class='ocr_carea' id='block_1_38' title="bbox 98 1849 917 1890">
    <p class='ocr_par' dir='ltr' id='par_1_38' title="bbox 98 1849 917 1890">
     <span class='ocr_line' id='line_1_38' title="bbox 98 1849 917 1890; baseline 0.001 -11"><span class='ocrx_word' id='word_1_264' title='bbox 98 1851 347 1890; x_wconf 81' lang='grc' dir='ltr'>κατακρατούμενοι,</span> <span class='ocrx_word' id='word_1_265' title='bbox 386 1850 474 1884; x_wconf 75' lang='grc' dir='ltr'>πάσης</span> <span class='ocrx_word' id='word_1_266' title='bbox 512 1849 660 1890; x_wconf 80' lang='grc' dir='ltr'>θεραπείας,</span> <span class='ocrx_word' id='word_1_267' title='bbox 695 1849 736 1878; x_wconf 76' lang='grc' dir='ltr'><strong>διὰ</strong></span> <span class='ocrx_word' id='word_1_268' title='bbox 756 1851 806 1884; x_wconf 76' lang='grc' dir='ltr'><strong>τὴν</strong></span> <span class='ocrx_word' id='word_1_269' title='bbox 830 1851 917 1890; x_wconf 77' lang='grc' dir='ltr'>ὑγείαν</span> 
     </span>
    </p>
   </div>
   <div class='ocr_carea' id='block_1_39' title="bbox 98 1895 916 1935">
    <p class='ocr_par' dir='ltr' id='par_1_39' title="bbox 98 1895 916 1935">
     <span class='ocr_line' id='line_1_39' title="bbox 98 1895 916 1935; baseline 0.004 -13"><span class='ocrx_word' id='word_1_270' title='bbox 98 1896 142 1923; x_wconf 85' lang='grc' dir='ltr'><strong>καὶ</strong></span> <span class='ocrx_word' id='word_1_271' title='bbox 155 1895 299 1924; x_wconf 58' lang='grc' dir='ltr'>ἀπόλαυσιν</span> <span class='ocrx_word' id='word_1_272' title='bbox 327 1895 375 1928; x_wconf 78' lang='grc' dir='ltr'><strong>τῆς</strong></span> <span class='ocrx_word' id='word_1_273' title='bbox 400 1896 508 1935; x_wconf 80' lang='grc' dir='ltr'>σαρκὸς,</span> <span class='ocrx_word' id='word_1_274' title='bbox 533 1895 727 1924; x_wconf 82' lang='grc' dir='ltr'>ἀντιποιοῦνται</span> <span class='ocrx_word' id='word_1_275' title='bbox 749 1904 756 1910; x_wconf 89' lang='grc'>·</span> <span class='ocrx_word' id='word_1_276' title='bbox 773 1897 816 1924; x_wconf 77' lang='grc' dir='ltr'><strong>καὶ</strong></span> <span class='ocrx_word' id='word_1_277' title='bbox 831 1899 916 1925; x_wconf 81' lang='grc' dir='ltr'>πᾶσαν</span> 
     </span>
    </p>
   </div>
   <div class='ocr_carea' id='block_1_40' title="bbox 97 1939 918 1980">
    <p class='ocr_par' dir='ltr' id='par_1_40' title="bbox 97 1939 918 1980">
     <span class='ocr_line' id='line_1_40' title="bbox 97 1939 918 1980; baseline 0.001 -13"><span class='ocrx_word' id='word_1_278' title='bbox 97 1939 196 1980; x_wconf 75' lang='grc' dir='ltr'>θλίψιν,</span> <span class='ocrx_word' id='word_1_279' title='bbox 232 1941 276 1968; x_wconf 89' lang='grc' dir='ltr'><strong>καὶ</strong></span> <span class='ocrx_word' id='word_1_280' title='bbox 321 1939 406 1967; x_wconf 83' lang='grc' dir='ltr'>πάντα</span> <span class='ocrx_word' id='word_1_281' title='bbox 439 1939 529 1977; x_wconf 79' lang='grc' dir='ltr'>πόνον,</span> <span class='ocrx_word' id='word_1_282' title='bbox 562 1940 607 1967; x_wconf 79' lang='grc' dir='ltr'><strong>καὶ</strong></span> <span class='ocrx_word' id='word_1_283' title='bbox 630 1942 716 1968; x_wconf 81' lang='grc' dir='ltr'>πᾶσαν</span> <span class='ocrx_word' id='word_1_284' title='bbox 743 1941 918 1968; x_wconf 70' lang='grc' dir='ltr'>κακοπάθειαν</span> 
     </span>
    </p>
   </div>
   <div class='ocr_carea' id='block_1_41' title="bbox 98 1983 919 2024">
    <p class='ocr_par' dir='ltr' id='par_1_41' title="bbox 98 1983 919 2024">
     <span class='ocr_line' id='line_1_41' title="bbox 98 1983 919 2024; baseline 0.002 -12"><span class='ocrx_word' id='word_1_285' title='bbox 98 1985 161 2024; x_wconf 76' lang='grc' dir='ltr'>ὑπὲρ</span> <span class='ocrx_word' id='word_1_286' title='bbox 190 1985 295 2024; x_wconf 79' lang='grc' dir='ltr'>ἀρετῆς,</span> <span class='ocrx_word' id='word_1_287' title='bbox 332 1984 510 2024; x_wconf 70' lang='grc' dir='ltr'>ἀποσείονται,</span> <span class='ocrx_word' id='word_1_288' title='bbox 552 1985 582 2012; x_wconf 84' lang='grc' dir='ltr'>τὸ</span> <span class='ocrx_word' id='word_1_289' title='bbox 618 1983 745 2022; x_wconf 80' lang='grc' dir='ltr'>πολέμιον</span> <span class='ocrx_word' id='word_1_290' title='bbox 775 1985 842 2024; x_wconf 79' lang='grc' dir='ltr'>πέρα</span> <span class='ocrx_word' id='word_1_291' title='bbox 874 1989 919 2014; x_wconf 83' lang='grc' dir='ltr'>τοῦ</span> 
     </span>
    </p>
   </div>
   <div class='ocr_carea' id='block_1_42' title="bbox 99 2028 919 2069">
    <p class='ocr_par' dir='ltr' id='par_1_42' title="bbox 99 2028 919 2069">
     <span class='ocr_line' id='line_1_42' title="bbox 99 2028 919 2069; baseline 0 -12"><span class='ocrx_word' id='word_1_292' title='bbox 99 2028 200 2062; x_wconf 79' lang='grc' dir='ltr'>δέοντος</span> <span class='ocrx_word' id='word_1_293' title='bbox 233 2028 420 2060; x_wconf 74' lang='grc' dir='ltr'>ὲπιθλλποντες</span> <span class='ocrx_word' id='word_1_294' title='bbox 449 2032 541 2066; x_wconf 84' lang='grc' dir='ltr'>σῶμα.</span> <span class='ocrx_word' id='word_1_295' title='bbox 570 2028 645 2058; x_wconf 65' lang='grc' dir='ltr'>Οὕτω</span> <span class='ocrx_word' id='word_1_296' title='bbox 669 2028 696 2056; x_wconf 71' lang='grc' dir='ltr'><strong>δὲ</strong></span> <span class='ocrx_word' id='word_1_297' title='bbox 710 2029 766 2067; x_wconf 81' lang='grc' dir='ltr'>βίου</span> <span class='ocrx_word' id='word_1_298' title='bbox 779 2031 822 2058; x_wconf 86' lang='grc' dir='ltr'>καὶ</span> <span class='ocrx_word' id='word_1_299' title='bbox 843 2029 919 2069; x_wconf 88' lang='grc' dir='ltr'>ἀγω-</span> 
     </span>
    </p>
   </div>
   <div class='ocr_carea' id='block_1_43' title="bbox 99 2073 918 2113">
    <p class='ocr_par' dir='ltr' id='par_1_43' title="bbox 99 2073 918 2113">
     <span class='ocr_line' id='line_1_43' title="bbox 99 2073 918 2113; baseline 0.001 -12"><span class='ocrx_word' id='word_1_300' title='bbox 99 2074 149 2112; x_wconf 74' lang='grc' dir='ltr'>γῆς</span> <span class='ocrx_word' id='word_1_301' title='bbox 173 2073 291 2113; x_wconf 75' lang='grc' dir='ltr'>ἔχοντες,</span> <span class='ocrx_word' id='word_1_302' title='bbox 341 2073 513 2112; x_wconf 61' lang='grc' dir='ltr'>ἀπηεοῦνται</span> <span class='ocrx_word' id='word_1_303' title='bbox 554 2074 599 2102; x_wconf 83' lang='grc' dir='ltr'><strong>τὸν</strong></span> <span class='ocrx_word' id='word_1_304' title='bbox 635 2078 706 2112; x_wconf 80' lang='grc' dir='ltr'>νουν,</span> <span class='ocrx_word' id='word_1_305' title='bbox 741 2080 798 2106; x_wconf 77' lang='grc' dir='ltr'>τοῖς</span> <span class='ocrx_word' id='word_1_306' title='bbox 827 2074 918 2102; x_wconf 70' lang='grc' dir='ltr'>πάθεσι</span> 
     </span>
    </p>
   </div>
   <div class='ocr_carea' id='block_1_44' title="bbox 101 2117 921 2158">
    <p class='ocr_par' dir='ltr' id='par_1_44' title="bbox 101 2117 921 2158">
     <span class='ocr_line' id='line_1_44' title="bbox 101 2117 921 2158; baseline 0 -12"><span class='ocrx_word' id='word_1_307' title='bbox 101 2117 278 2158; x_wconf 73' lang='grc' dir='ltr'>παχυνθέντα,</span> <span class='ocrx_word' id='word_1_308' title='bbox 294 2118 338 2146; x_wconf 79' lang='grc' dir='ltr'><strong>καὶ</strong></span> <span class='ocrx_word' id='word_1_309' title='bbox 361 2117 535 2156; x_wconf 73' lang='grc' dir='ltr'>ἀπαράδεκτοί</span> <span class='ocrx_word' id='word_1_310' title='bbox 570 2119 617 2146; x_wconf 82' lang='grc' dir='ltr'>εἱσι</span> <span class='ocrx_word' id='word_1_311' title='bbox 646 2121 698 2146; x_wconf 82' lang='grc' dir='ltr'>τῶν</span> <span class='ocrx_word' id='word_1_312' title='bbox 726 2121 839 2154; x_wconf 85' lang='grc' dir='ltr'>νοητῶν,</span> <span class='ocrx_word' id='word_1_313' title='bbox 877 2120 921 2146; x_wconf 73' lang='grc' dir='ltr'><strong>καὶ</strong></span> 
     </span>
    </p>
   </div>
   <div class='ocr_carea' id='block_1_45' title="bbox 582 165 1319 214">
    <p class='ocr_par' dir='ltr' id='par_1_45' title="bbox 582 165 1319 214">
     <span class='ocr_line' id='line_1_45' title="bbox 582 165 1319 214; baseline -0.004 -8"><span class='ocrx_word' id='word_1_314' title='bbox 582 171 823 206; x_wconf 79' lang='lat' dir='ltr'><strong>PHYSICORUM</strong></span> <span class='ocrx_word' id='word_1_315' title='bbox 843 165 1011 204; x_wconf 85' lang='lat' dir='ltr'><strong>CAPITUM</strong></span> <span class='ocrx_word' id='word_1_316' title='bbox 1030 171 1223 204; x_wconf 79' lang='lat' dir='ltr'><strong>CENTURIA</strong></span> <span class='ocrx_word' id='word_1_317' title='bbox 1245 173 1274 203; x_wconf 93' lang='lat' dir='ltr'>II</span> <span class='ocrx_word' id='word_1_318' title='bbox 1316 211 1319 214; x_wconf 26' lang='grc'><em>⁴</em></span> 
     </span>
    </p>
   </div>
   <div class='ocr_carea' id='block_1_46' title="bbox 1701 64 1714 74">
    <p class='ocr_par' dir='ltr' id='par_1_46' title="bbox 1701 64 1714 74">
     <span class='ocr_line' id='line_1_46' title="bbox 1701 64 1714 74; baseline 0 0"><span class='ocrx_word' id='word_1_319' title='bbox 1701 64 1714 74; x_wconf 65' lang='grc' dir='ltr'><strong>ι</strong></span> 
     </span>
    </p>
   </div>
   <div class='ocr_carea' id='block_1_47' title="bbox 1711 167 1770 202">
    <p class='ocr_par' dir='ltr' id='par_1_47' title="bbox 1711 167 1770 202">
     <span class='ocr_line' id='line_1_47' title="bbox 1711 167 1770 202; baseline 0 0"><span class='ocrx_word' id='word_1_320' title='bbox 1711 167 1770 202; x_wconf 78' lang='grc'><strong>902</strong></span> 
     </span>
    </p>
   </div>
   <div class='ocr_carea' id='block_1_48' title="bbox 917 238 1767 280">
    <p class='ocr_par' dir='ltr' id='par_1_48' title="bbox 917 238 1767 280">
     <span class='ocr_line' id='line_1_48' title="bbox 917 238 1767 280; baseline 0.002 -12"><span class='ocrx_word' id='word_1_321' title='bbox 917 239 986 270; x_wconf 75' lang='lat' dir='ltr'><strong>Atis</strong></span> <span class='ocrx_word' id='word_1_322' title='bbox 1011 239 1315 280; x_wconf 64' lang='lat' dir='ltr'><strong>impatsibilitatisque</strong></span> <span class='ocrx_word' id='word_1_323' title='bbox 1329 239 1434 279; x_wconf 87' lang='lat' dir='ltr'><strong>pennis</strong></span> <span class='ocrx_word' id='word_1_324' title='bbox 1457 239 1562 270; x_wconf 89' lang='lat' dir='ltr'><strong>ambos</strong></span> <span class='ocrx_word' id='word_1_325' title='bbox 1588 238 1767 279; x_wconf 75' lang='lat' dir='ltr'><strong>supervolat,</strong></span> 
     </span>
    </p>
   </div>
   <div class='ocr_carea' id='block_1_49' title="bbox 953 283 1769 324">
    <p class='ocr_par' dir='ltr' id='par_1_49' title="bbox 953 283 1769 324">
     <span class='ocr_line' id='line_1_49' title="bbox 953 283 1769 324; baseline -0.001 -10"><span class='ocrx_word' id='word_1_326' title='bbox 953 284 1027 315; x_wconf 85' lang='lat' dir='ltr'><strong>nihil</strong></span> <span class='ocrx_word' id='word_1_327' title='bbox 1056 284 1135 315; x_wconf 89' lang='lat' dir='ltr'><strong>vetiti</strong></span> <span class='ocrx_word' id='word_1_328' title='bbox 1159 284 1215 315; x_wconf 85' lang='lat' dir='ltr'><strong>sibi</strong></span> <span class='ocrx_word' id='word_1_329' title='bbox 1240 283 1394 324; x_wconf 72' lang='lat' dir='ltr'><strong>permittit,</strong></span> <span class='ocrx_word' id='word_1_330' title='bbox 1419 288 1448 314; x_wconf 89' lang='lat' dir='ltr'><strong>et</strong></span> <span class='ocrx_word' id='word_1_331' title='bbox 1472 284 1608 315; x_wconf 85' lang='lat' dir='ltr'><strong>inertiam</strong></span> <span class='ocrx_word' id='word_1_332' title='bbox 1637 283 1710 323; x_wconf 80' lang='lat' dir='ltr'><strong>fugit</strong></span> <span class='ocrx_word' id='word_1_333' title='bbox 1723 284 1769 314; x_wconf 86' lang='lat' dir='ltr'><strong>vi-</strong></span> 
     </span>
    </p>
   </div>
   <div class='ocr_carea' id='block_1_50' title="bbox 953 328 1072 360">
    <p class='ocr_par' dir='ltr' id='par_1_50' title="bbox 953 328 1072 360">
     <span class='ocr_line' id='line_1_50' title="bbox 953 328 1072 360; baseline 0.017 -2"><span class='ocrx_word' id='word_1_334' title='bbox 953 328 1072 360; x_wconf 88' lang='lat' dir='ltr'><strong>tiorum.</strong></span> 
     </span>
    </p>
   </div>
   <div class='ocr_carea' id='block_1_51' title="bbox 992 551 1771 588">
    <p class='ocr_par' dir='ltr' id='par_1_51' title="bbox 992 551 1771 588">
     <span class='ocr_line' id='line_1_51' title="bbox 992 551 1771 588; baseline 0.001 -6"><span class='ocrx_word' id='word_1_335' title='bbox 992 552 1020 583; x_wconf 83' lang='lat'><strong>5.</strong></span> <span class='ocrx_word' id='word_1_336' title='bbox 1038 551 1093 588; x_wconf 85' lang='lat' dir='ltr'><strong>Qui</strong></span> <span class='ocrx_word' id='word_1_337' title='bbox 1105 552 1382 588; x_wconf 83' lang='lat' dir='ltr'><strong>carnalitervivunl,</strong></span> <span class='ocrx_word' id='word_1_338' title='bbox 1404 561 1524 583; x_wconf 86' lang='lat' dir='ltr'><strong>sensum</strong></span> <span class='ocrx_word' id='word_1_339' title='bbox 1547 551 1697 583; x_wconf 82' lang='lat' dir='ltr'><strong>carnalem</strong></span> <span class='ocrx_word' id='word_1_340' title='bbox 1712 552 1771 583; x_wconf 87' lang='lat' dir='ltr'><strong>im-</strong></span> 
     </span>
    </p>
   </div>
   <div class='ocr_carea' id='block_1_52' title="bbox 952 596 1770 637">
    <p class='ocr_par' dir='ltr' id='par_1_52' title="bbox 952 596 1770 637">
     <span class='ocr_line' id='line_1_52' title="bbox 952 596 1770 637; baseline 0.002 -12"><span class='ocrx_word' id='word_1_341' title='bbox 952 601 1120 627; x_wconf 88' lang='lat' dir='ltr'><strong>manentem</strong></span> <span class='ocrx_word' id='word_1_342' title='bbox 1133 596 1162 627; x_wconf 92' lang='lat' dir='ltr'><strong>in</strong></span> <span class='ocrx_word' id='word_1_343' title='bbox 1174 596 1282 637; x_wconf 81' lang='lat' dir='ltr'><strong>seipsis</strong></span> <span class='ocrx_word' id='word_1_344' title='bbox 1293 596 1446 629; x_wconf 86' lang='lat' dir='ltr'><strong>habentes.</strong></span> <span class='ocrx_word' id='word_1_345' title='bbox 1459 606 1526 627; x_wconf 91' lang='lat' dir='ltr'><strong>cum</strong></span> <span class='ocrx_word' id='word_1_346' title='bbox 1537 597 1595 627; x_wconf 87' lang='lat' dir='ltr'><strong>sint</strong></span> <span class='ocrx_word' id='word_1_347' title='bbox 1607 606 1676 627; x_wconf 86' lang='lat' dir='ltr'><strong>vere</strong></span> <span class='ocrx_word' id='word_1_348' title='bbox 1691 606 1770 633; x_wconf 85' lang='lat' dir='ltr'><strong>caro,</strong></span> 
     </span>
    </p>
   </div>
   <div class='ocr_carea' id='block_1_53' title="bbox 952 640 1771 681">
    <p class='ocr_par' dir='ltr' id='par_1_53' title="bbox 952 640 1771 681">
     <span class='ocr_line' id='line_1_53' title="bbox 952 640 1771 681; baseline 0.002 -11"><span class='ocrx_word' id='word_1_349' title='bbox 952 640 1068 680; x_wconf 75' lang='lat' dir='ltr'><strong>placere</strong></span> <span class='ocrx_word' id='word_1_350' title='bbox 1084 642 1147 672; x_wconf 91' lang='lat' dir='ltr'><strong>Deo</strong></span> <span class='ocrx_word' id='word_1_351' title='bbox 1162 645 1313 681; x_wconf 83' lang='lat' dir='ltr'><strong>nequeunt</strong></span> <span class='ocrx_word' id='word_1_352' title='bbox 1325 650 1331 672; x_wconf 93' lang='lat'><strong>:</strong></span> <span class='ocrx_word' id='word_1_353' title='bbox 1343 641 1498 672; x_wconf 82' lang='lat' dir='ltr'><strong>tenebrosi</strong></span> <span class='ocrx_word' id='word_1_354' title='bbox 1509 641 1589 671; x_wconf 91' lang='lat' dir='ltr'><strong>enim</strong></span> <span class='ocrx_word' id='word_1_355' title='bbox 1605 645 1674 671; x_wconf 89' lang='lat' dir='ltr'><strong>sunt</strong></span> <span class='ocrx_word' id='word_1_356' title='bbox 1688 641 1771 680; x_wconf 73' lang='lat' dir='ltr'><strong>cogi—</strong></span> 
     </span>
    </p>
   </div>
   <div class='ocr_carea' id='block_1_54' title="bbox 951 685 1772 726">
    <p class='ocr_par' dir='ltr' id='par_1_54' title="bbox 951 685 1772 726">
     <span class='ocr_line' id='line_1_54' title="bbox 951 685 1772 726; baseline 0.002 -11"><span class='ocrx_word' id='word_1_357' title='bbox 951 685 1122 721; x_wconf 89' lang='lat' dir='ltr'><strong>tationibus,</strong></span> <span class='ocrx_word' id='word_1_358' title='bbox 1140 689 1169 716; x_wconf 88' lang='lat' dir='ltr'><strong>et</strong></span> <span class='ocrx_word' id='word_1_359' title='bbox 1182 685 1321 716; x_wconf 84' lang='lat' dir='ltr'><strong>omnibus</strong></span> <span class='ocrx_word' id='word_1_360' title='bbox 1336 685 1427 716; x_wconf 89' lang='lat' dir='ltr'><strong>divini</strong></span> <span class='ocrx_word' id='word_1_361' title='bbox 1455 685 1576 716; x_wconf 89' lang='lat' dir='ltr'><strong>luminis</strong></span> <span class='ocrx_word' id='word_1_362' title='bbox 1602 686 1694 716; x_wconf 68' lang='lat' dir='ltr'><strong>radiis</strong></span> <span class='ocrx_word' id='word_1_363' title='bbox 1710 686 1772 726; x_wconf 91' lang='lat' dir='ltr'><strong>pri-</strong></span> 
     </span>
    </p>
   </div>
   <div class='ocr_carea' id='block_1_55' title="bbox 952 729 1772 770">
    <p class='ocr_par' dir='ltr' id='par_1_55' title="bbox 952 729 1772 770">
     <span class='ocr_line' id='line_1_55' title="bbox 952 729 1772 770; baseline 0.004 -12"><span class='ocrx_word' id='word_1_364' title='bbox 952 729 1019 759; x_wconf 84' lang='lat' dir='ltr'><strong>vati.</strong></span> <span class='ocrx_word' id='word_1_365' title='bbox 1032 729 1171 769; x_wconf 84' lang='lat' dir='ltr'><strong>Objectas</strong></span> <span class='ocrx_word' id='word_1_366' title='bbox 1183 729 1261 760; x_wconf 90' lang='lat' dir='ltr'><strong>enim</strong></span> <span class='ocrx_word' id='word_1_367' title='bbox 1278 729 1471 769; x_wconf 81' lang='lat' dir='ltr'><strong>cupiditatum</strong></span> <span class='ocrx_word' id='word_1_368' title='bbox 1485 729 1618 770; x_wconf 82' lang='lat' dir='ltr'><strong>nebulas,</strong></span> <span class='ocrx_word' id='word_1_369' title='bbox 1631 730 1772 761; x_wconf 81' lang='lat' dir='ltr'><strong>velutex-</strong></span> 
     </span>
    </p>
   </div>
   <div class='ocr_carea' id='block_1_56' title="bbox 955 774 1773 815">
    <p class='ocr_par' dir='ltr' id='par_1_56' title="bbox 955 774 1773 815">
     <span class='ocr_line' id='line_1_56' title="bbox 955 774 1773 815; baseline 0.002 -11"><span class='ocrx_word' id='word_1_370' title='bbox 955 774 1035 805; x_wconf 87' lang='lat' dir='ltr'><strong>celsa</strong></span> <span class='ocrx_word' id='word_1_371' title='bbox 1049 774 1398 805; x_wconf 64' lang='lat' dir='ltr'><strong>meniailluminationes</strong></span> <span class='ocrx_word' id='word_1_372' title='bbox 1413 774 1539 814; x_wconf 88' lang='lat' dir='ltr'><strong>Spiritus</strong></span> <span class='ocrx_word' id='word_1_373' title='bbox 1555 775 1773 815; x_wconf 79' lang='lat' dir='ltr'><strong>intercipientia</strong></span> 
     </span>
    </p>
   </div>
   <div class='ocr_carea' id='block_1_57' title="bbox 954 819 1775 860">
    <p class='ocr_par' dir='ltr' id='par_1_57' title="bbox 954 819 1775 860">
     <span class='ocr_line' id='line_1_57' title="bbox 954 819 1775 860; baseline 0.001 -10"><span class='ocrx_word' id='word_1_374' title='bbox 954 819 1109 859; x_wconf 81' lang='lat' dir='ltr'><strong>habentes,</strong></span> <span class='ocrx_word' id='word_1_375' title='bbox 1139 819 1204 850; x_wconf 91' lang='lat' dir='ltr'><strong>sine</strong></span> <span class='ocrx_word' id='word_1_376' title='bbox 1233 819 1346 849; x_wconf 86' lang='lat' dir='ltr'><strong>lumine</strong></span> <span class='ocrx_word' id='word_1_377' title='bbox 1370 824 1536 850; x_wconf 90' lang='lat' dir='ltr'><strong>remanent.</strong></span> <span class='ocrx_word' id='word_1_378' title='bbox 1569 823 1664 860; x_wconf 78' lang='lat' dir='ltr'><strong>Atque</strong></span> <span class='ocrx_word' id='word_1_379' title='bbox 1679 820 1775 851; x_wconf 87' lang='lat' dir='ltr'><strong>orbati</strong></span> 
     </span>
    </p>
   </div>
   <div class='ocr_carea' id='block_1_58' title="bbox 954 863 1775 904">
    <p class='ocr_par' dir='ltr' id='par_1_58' title="bbox 954 863 1775 904">
     <span class='ocr_line' id='line_1_58' title="bbox 954 863 1775 904; baseline 0.002 -11"><span class='ocrx_word' id='word_1_380' title='bbox 954 863 1081 903; x_wconf 68' lang='lat' dir='ltr'><strong>propriae</strong></span> <span class='ocrx_word' id='word_1_381' title='bbox 1096 864 1202 894; x_wconf 77' lang='lat' dir='ltr'><strong>animze</strong></span> <span class='ocrx_word' id='word_1_382' title='bbox 1216 863 1365 904; x_wconf 87' lang='lat' dir='ltr'><strong>sensibus,</strong></span> <span class='ocrx_word' id='word_1_383' title='bbox 1393 873 1451 894; x_wconf 93' lang='lat' dir='ltr'><strong>non</strong></span> <span class='ocrx_word' id='word_1_384' title='bbox 1469 868 1592 903; x_wconf 87' lang='lat' dir='ltr'><strong>possunt</strong></span> <span class='ocrx_word' id='word_1_385' title='bbox 1606 864 1775 904; x_wconf 88' lang='lat' dir='ltr'><strong>spirituales</strong></span> 
     </span>
    </p>
   </div>
   <div class='ocr_carea' id='block_1_59' title="bbox 954 907 1776 948">
    <p class='ocr_par' dir='ltr' id='par_1_59' title="bbox 954 907 1776 948">
     <span class='ocr_line' id='line_1_59' title="bbox 954 907 1776 948; baseline 0.002 -10"><span class='ocrx_word' id='word_1_386' title='bbox 954 907 1007 938; x_wconf 90' lang='lat' dir='ltr'><strong>Dei</strong></span> <span class='ocrx_word' id='word_1_387' title='bbox 1019 907 1255 948; x_wconf 83' lang='lat' dir='ltr'><strong>pulchritudines</strong></span> <span class='ocrx_word' id='word_1_388' title='bbox 1268 907 1413 948; x_wconf 86' lang='lat' dir='ltr'><strong>aspicere,</strong></span> <span class='ocrx_word' id='word_1_389' title='bbox 1428 913 1456 938; x_wconf 90' lang='lat' dir='ltr'><strong>et</strong></span> <span class='ocrx_word' id='word_1_390' title='bbox 1471 909 1570 939; x_wconf 90' lang='lat' dir='ltr'><strong>lumen</strong></span> <span class='ocrx_word' id='word_1_391' title='bbox 1583 908 1684 940; x_wconf 85' lang='lat' dir='ltr'><strong>videre</strong></span> <span class='ocrx_word' id='word_1_392' title='bbox 1699 918 1776 941; x_wconf 68' lang='lat' dir='ltr'><strong>vera:</strong></span> 
     </span>
    </p>
   </div>
   <div class='ocr_carea' id='block_1_60' title="bbox 955 952 1774 993">
    <p class='ocr_par' dir='ltr' id='par_1_60' title="bbox 955 952 1774 993">
     <span class='ocr_line' id='line_1_60' title="bbox 955 952 1774 993; baseline 0.004 -11"><span class='ocrx_word' id='word_1_393' title='bbox 955 952 1053 991; x_wconf 81' lang='lat' dir='ltr'><strong>magni</strong></span> <span class='ocrx_word' id='word_1_394' title='bbox 1068 952 1150 983; x_wconf 85' lang='lat' dir='ltr'><strong>Entis</strong></span> <span class='ocrx_word' id='word_1_395' title='bbox 1161 953 1236 993; x_wconf 76' lang='lat' dir='ltr'><strong>vitze,</strong></span> <span class='ocrx_word' id='word_1_396' title='bbox 1246 962 1280 983; x_wconf 89' lang='lat' dir='ltr'><strong>ac</strong></span> <span class='ocrx_word' id='word_1_397' title='bbox 1291 952 1516 992; x_wconf 78' lang='lat' dir='ltr'><strong>supereminere</strong></span> <span class='ocrx_word' id='word_1_398' title='bbox 1533 953 1694 984; x_wconf 88' lang='lat' dir='ltr'><strong>visibilium</strong></span> <span class='ocrx_word' id='word_1_399' title='bbox 1706 954 1774 985; x_wconf 86' lang='lat' dir='ltr'><strong>vili-</strong></span> 
     </span>
    </p>
   </div>
   <div class='ocr_carea' id='block_1_61' title="bbox 954 997 1774 1037">
    <p class='ocr_par' dir='ltr' id='par_1_61' title="bbox 954 997 1774 1037">
     <span class='ocr_line' id='line_1_61' title="bbox 954 997 1774 1037; baseline 0.004 -10"><span class='ocrx_word' id='word_1_400' title='bbox 954 997 1016 1028; x_wconf 85' lang='lat' dir='ltr'><strong>tati.</strong></span> <span class='ocrx_word' id='word_1_401' title='bbox 1033 1000 1070 1028; x_wconf 78' lang='lat' dir='ltr'><strong>At</strong></span> <span class='ocrx_word' id='word_1_402' title='bbox 1085 997 1330 1037; x_wconf 87' lang='lat' dir='ltr'><strong>velutijumenlis</strong></span> <span class='ocrx_word' id='word_1_403' title='bbox 1340 997 1670 1037; x_wconf 81' lang='lat' dir='ltr'><strong>assimilati,sensuque</strong></span> <span class='ocrx_word' id='word_1_404' title='bbox 1687 1008 1774 1030; x_wconf 91' lang='lat' dir='ltr'><strong>mun-</strong></span> 
     </span>
    </p>
   </div>
   <div class='ocr_carea' id='block_1_62' title="bbox 954 1041 1775 1084">
    <p class='ocr_par' dir='ltr' id='par_1_62' title="bbox 954 1041 1775 1084">
     <span class='ocr_line' id='line_1_62' title="bbox 954 1041 1775 1084; baseline 0.002 -12"><span class='ocrx_word' id='word_1_405' title='bbox 954 1041 1048 1072; x_wconf 88' lang='lat' dir='ltr'><strong>danus</strong></span> <span class='ocrx_word' id='word_1_406' title='bbox 1055 1042 1162 1078; x_wconf 81' lang='lat' dir='ltr'><strong>etTecti,</strong></span> <span class='ocrx_word' id='word_1_407' title='bbox 1171 1041 1366 1073; x_wconf 89' lang='lat' dir='ltr'><strong>sensibilibus</strong></span> <span class='ocrx_word' id='word_1_408' title='bbox 1376 1042 1573 1082; x_wconf 87' lang='lat' dir='ltr'><strong>humanisque</strong></span> <span class='ocrx_word' id='word_1_409' title='bbox 1583 1043 1775 1084; x_wconf 80' lang='lat' dir='ltr'><strong>rebusdigui-</strong></span> 
     </span>
    </p>
   </div>
   <div class='ocr_carea' id='block_1_63' title="bbox 955 1086 1778 1127">
    <p class='ocr_par' dir='ltr' id='par_1_63' title="bbox 955 1086 1778 1127">
     <span class='ocr_line' id='line_1_63' title="bbox 955 1086 1778 1127; baseline 0.004 -11"><span class='ocrx_word' id='word_1_410' title='bbox 955 1090 1044 1116; x_wconf 86' lang='lat' dir='ltr'><strong>tatem</strong></span> <span class='ocrx_word' id='word_1_411' title='bbox 1061 1086 1185 1117; x_wconf 84' lang='lat' dir='ltr'><strong>rationis</strong></span> <span class='ocrx_word' id='word_1_412' title='bbox 1200 1087 1357 1127; x_wconf 75' lang='lat' dir='ltr'><strong>captivam,</strong></span> <span class='ocrx_word' id='word_1_413' title='bbox 1370 1093 1400 1117; x_wconf 78' lang='lat' dir='ltr'><strong>et</strong></span> <span class='ocrx_word' id='word_1_414' title='bbox 1415 1087 1497 1117; x_wconf 90' lang='lat' dir='ltr'><strong>omni</strong></span> <span class='ocrx_word' id='word_1_415' title='bbox 1513 1087 1590 1118; x_wconf 85' lang='lat' dir='ltr'><strong>lucta</strong></span> <span class='ocrx_word' id='word_1_416' title='bbox 1605 1088 1732 1120; x_wconf 66' lang='lat' dir='ltr'><strong>visibilia</strong></span> <span class='ocrx_word' id='word_1_417' title='bbox 1748 1093 1778 1119; x_wconf 92' lang='lat' dir='ltr'><strong>et</strong></span> 
     </span>
    </p>
   </div>
   <div class='ocr_carea' id='block_1_64' title="bbox 954 1131 1777 1171">
    <p class='ocr_par' dir='ltr' id='par_1_64' title="bbox 954 1131 1777 1171">
     <span class='ocr_line' id='line_1_64' title="bbox 954 1131 1777 1171; baseline 0.005 -11"><span class='ocrx_word' id='word_1_418' title='bbox 954 1131 1144 1171; x_wconf 84' lang='lat' dir='ltr'><strong>coruptibilia</strong></span> <span class='ocrx_word' id='word_1_419' title='bbox 1158 1135 1310 1171; x_wconf 90' lang='lat' dir='ltr'><strong>appetunt,</strong></span> <span class='ocrx_word' id='word_1_420' title='bbox 1326 1141 1428 1162; x_wconf 86' lang='lat' dir='ltr'><strong>secum</strong></span> <span class='ocrx_word' id='word_1_421' title='bbox 1455 1131 1582 1163; x_wconf 91' lang='lat' dir='ltr'><strong>invicem</strong></span> <span class='ocrx_word' id='word_1_422' title='bbox 1599 1133 1634 1163; x_wconf 90' lang='lat' dir='ltr'><strong>ad</strong></span> <span class='ocrx_word' id='word_1_423' title='bbox 1652 1142 1687 1164; x_wconf 88' lang='lat' dir='ltr'><strong>ea</strong></span> <span class='ocrx_word' id='word_1_424' title='bbox 1703 1143 1777 1164; x_wconf 88' lang='lat' dir='ltr'><strong>con—</strong></span> 
     </span>
    </p>
   </div>
   <div class='ocr_carea' id='block_1_65' title="bbox 955 1175 1780 1218">
    <p class='ocr_par' dir='ltr' id='par_1_65' title="bbox 955 1175 1780 1218">
     <span class='ocr_line' id='line_1_65' title="bbox 955 1175 1780 1218; baseline 0.004 -13"><span class='ocrx_word' id='word_1_425' title='bbox 955 1175 1106 1215; x_wconf 83' lang='lat' dir='ltr'><strong>sequanda</strong></span> <span class='ocrx_word' id='word_1_426' title='bbox 1116 1179 1289 1215; x_wconf 82' lang='lat' dir='ltr'><strong>pugnantes,</strong></span> <span class='ocrx_word' id='word_1_427' title='bbox 1308 1179 1337 1205; x_wconf 82' lang='lat' dir='ltr'><strong>et</strong></span> <span class='ocrx_word' id='word_1_428' title='bbox 1352 1185 1404 1216; x_wconf 87' lang='lat' dir='ltr'><strong>pro</strong></span> <span class='ocrx_word' id='word_1_429' title='bbox 1417 1175 1463 1207; x_wconf 84' lang='lat' dir='ltr'><strong>his</strong></span> <span class='ocrx_word' id='word_1_430' title='bbox 1475 1176 1634 1216; x_wconf 87' lang='lat' dir='ltr'><strong>aliquando</strong></span> <span class='ocrx_word' id='word_1_431' title='bbox 1645 1181 1780 1218; x_wconf 87' lang='lat' dir='ltr'><strong>proprias</strong></span> 
     </span>
    </p>
   </div>
   <div class='ocr_carea' id='block_1_66' title="bbox 957 1219 1781 1261">
    <p class='ocr_par' dir='ltr' id='par_1_66' title="bbox 957 1219 1781 1261">
     <span class='ocr_line' id='line_1_66' title="bbox 957 1219 1781 1261; baseline 0.005 -11"><span class='ocrx_word' id='word_1_432' title='bbox 957 1220 1071 1250; x_wconf 90' lang='lat' dir='ltr'><strong>animas</strong></span> <span class='ocrx_word' id='word_1_433' title='bbox 1092 1224 1248 1259; x_wconf 84' lang='lat' dir='ltr'><strong>ponentes,</strong></span> <span class='ocrx_word' id='word_1_434' title='bbox 1275 1219 1462 1251; x_wconf 62' lang='lat' dir='ltr'><strong>adhaerentes</strong></span> <span class='ocrx_word' id='word_1_435' title='bbox 1488 1221 1608 1261; x_wconf 78' lang='lat' dir='ltr'><strong>divitiis,</strong></span> <span class='ocrx_word' id='word_1_436' title='bbox 1635 1222 1736 1261; x_wconf 72' lang='lat' dir='ltr'><strong>gloriae</strong></span> <span class='ocrx_word' id='word_1_437' title='bbox 1751 1227 1781 1254; x_wconf 90' lang='lat' dir='ltr'><strong>et</strong></span> 
     </span>
    </p>
   </div>
   <div class='ocr_carea' id='block_1_67' title="bbox 957 1263 1781 1304">
    <p class='ocr_par' dir='ltr' id='par_1_67' title="bbox 957 1263 1781 1304">
     <span class='ocr_line' id='line_1_67' title="bbox 957 1263 1781 1304; baseline 0.004 -9"><span class='ocrx_word' id='word_1_438' title='bbox 957 1263 1056 1295; x_wconf 87' lang='lat' dir='ltr'><strong>carnis</strong></span> <span class='ocrx_word' id='word_1_439' title='bbox 1071 1264 1281 1304; x_wconf 89' lang='lat' dir='ltr'><strong>voluptatibus,</strong></span> <span class='ocrx_word' id='word_1_440' title='bbox 1294 1268 1321 1294; x_wconf 83' lang='lat' dir='ltr'><strong>et</strong></span> <span class='ocrx_word' id='word_1_441' title='bbox 1333 1274 1472 1304; x_wconf 78' lang='lat' dir='ltr'><strong>magnum</strong></span> <span class='ocrx_word' id='word_1_442' title='bbox 1483 1265 1623 1296; x_wconf 89' lang='lat' dir='ltr'><strong>damnum</strong></span> <span class='ocrx_word' id='word_1_443' title='bbox 1637 1266 1781 1298; x_wconf 88' lang='lat' dir='ltr'><strong>habentes</strong></span> 
     </span>
    </p>
   </div>
   <div class='ocr_carea' id='block_1_68' title="bbox 958 1307 1779 1351">
    <p class='ocr_par' dir='ltr' id='par_1_68' title="bbox 958 1307 1779 1351">
     <span class='ocr_line' id='line_1_68' title="bbox 958 1307 1779 1351; baseline 0.004 -12"><span class='ocrx_word' id='word_1_444' title='bbox 958 1308 1060 1339; x_wconf 89' lang='lat' dir='ltr'><strong>talium</strong></span> <span class='ocrx_word' id='word_1_445' title='bbox 1076 1317 1175 1339; x_wconf 91' lang='lat' dir='ltr'><strong>rerum</strong></span> <span class='ocrx_word' id='word_1_446' title='bbox 1185 1308 1389 1340; x_wconf 87' lang='lat' dir='ltr'><strong>amissionem.</strong></span> <span class='ocrx_word' id='word_1_447' title='bbox 1403 1307 1464 1339; x_wconf 84' lang='lat' dir='ltr'><strong>Hos</strong></span> <span class='ocrx_word' id='word_1_448' title='bbox 1473 1309 1699 1351; x_wconf 85' lang='lat' dir='ltr'><strong>convenienter,</strong></span> <span class='ocrx_word' id='word_1_449' title='bbox 1712 1315 1779 1342; x_wconf 90' lang='lat' dir='ltr'><strong>tan-</strong></span> 
     </span>
    </p>
   </div>
   <div class='ocr_carea' id='block_1_69' title="bbox 958 1353 1779 1395">
    <p class='ocr_par' dir='ltr' id='par_1_69' title="bbox 958 1353 1779 1395">
     <span class='ocr_line' id='line_1_69' title="bbox 958 1353 1779 1395; baseline 0.002 -11"><span class='ocrx_word' id='word_1_450' title='bbox 958 1363 1045 1394; x_wconf 86' lang='lat' dir='ltr'><strong>quam</strong></span> <span class='ocrx_word' id='word_1_451' title='bbox 1061 1363 1095 1384; x_wconf 84' lang='lat' dir='ltr'><strong>ex</strong></span> <span class='ocrx_word' id='word_1_452' title='bbox 1109 1363 1233 1394; x_wconf 78' lang='lat' dir='ltr'><strong>persona</strong></span> <span class='ocrx_word' id='word_1_453' title='bbox 1241 1353 1305 1390; x_wconf 89' lang='lat' dir='ltr'><strong>Dei,</strong></span> <span class='ocrx_word' id='word_1_454' title='bbox 1318 1353 1476 1394; x_wconf 85' lang='lat' dir='ltr'><strong>prophetas</strong></span> <span class='ocrx_word' id='word_1_455' title='bbox 1487 1354 1533 1384; x_wconf 89' lang='lat' dir='ltr'><strong>his</strong></span> <span class='ocrx_word' id='word_1_456' title='bbox 1544 1354 1702 1395; x_wconf 88' lang='lat' dir='ltr'><strong>alloquitur</strong></span> <span class='ocrx_word' id='word_1_457' title='bbox 1711 1365 1779 1386; x_wconf 77' lang='lat' dir='ltr'><strong>ver-</strong></span> 
     </span>
    </p>
   </div>
   <div class='ocr_carea' id='block_1_70' title="bbox 958 1397 1779 1440">
    <p class='ocr_par' dir='ltr' id='par_1_70' title="bbox 958 1397 1779 1440">
     <span class='ocr_line' id='line_1_70' title="bbox 958 1397 1779 1440; baseline 0.004 -11"><span class='ocrx_word' id='word_1_458' title='bbox 958 1398 1025 1429; x_wconf 86' lang='lat' dir='ltr'><strong>bis:</strong></span> <span class='ocrx_word' id='word_1_459' title='bbox 1046 1412 1057 1426; x_wconf 83' lang='grc' dir='ltr'><em>υ</em></span> <span class='ocrx_word' id='word_1_460' title='bbox 1076 1397 1140 1430; x_wconf 88' lang='lat' dir='ltr'><strong>Non</strong></span> <span class='ocrx_word' id='word_1_461' title='bbox 1156 1402 1256 1429; x_wconf 88' lang='lat' dir='ltr'><strong>manet</strong></span> <span class='ocrx_word' id='word_1_462' title='bbox 1270 1397 1398 1438; x_wconf 81' lang='lat' dir='ltr'><strong>Spiritus</strong></span> <span class='ocrx_word' id='word_1_463' title='bbox 1414 1407 1497 1430; x_wconf 89' lang='lat' dir='ltr'><strong>meus</strong></span> <span class='ocrx_word' id='word_1_464' title='bbox 1511 1399 1542 1429; x_wconf 89' lang='lat' dir='ltr'><strong>in</strong></span> <span class='ocrx_word' id='word_1_465' title='bbox 1558 1399 1613 1438; x_wconf 84' lang='lat' dir='ltr'><strong>eis,</strong></span> <span class='ocrx_word' id='word_1_466' title='bbox 1628 1400 1697 1440; x_wconf 87' lang='lat' dir='ltr'><strong>quia</strong></span> <span class='ocrx_word' id='word_1_467' title='bbox 1710 1410 1779 1432; x_wconf 86' lang='lat' dir='ltr'><strong>caro</strong></span> 
     </span>
    </p>
   </div>
   <div class='ocr_carea' id='block_1_71' title="bbox 960 1446 1116 1476">
    <p class='ocr_par' dir='ltr' id='par_1_71' title="bbox 960 1446 1116 1476">
     <span class='ocr_line' id='line_1_71' title="bbox 960 1446 1116 1476; baseline 0 0"><span class='ocrx_word' id='word_1_468' title='bbox 960 1449 1029 1476; x_wconf 91' lang='lat' dir='ltr'><strong>sunt</strong></span> <span class='ocrx_word' id='word_1_469' title='bbox 1041 1446 1083 1476; x_wconf 74' lang='lat'><strong>35.</strong></span> <span class='ocrx_word' id='word_1_470' title='bbox 1102 1458 1116 1473; x_wconf 79' lang='lat'><strong><em>»</em></strong></span> 
     </span>
    </p>
   </div>
   <div class='ocr_carea' id='block_1_72' title="bbox 928 1569 1778 1621">
    <p class='ocr_par' dir='ltr' id='par_1_72' title="bbox 928 1569 1778 1621">
     <span class='ocr_line' id='line_1_72' title="bbox 928 1569 1778 1621; baseline 0.004 -12"><span class='ocrx_word' id='word_1_471' title='bbox 928 1569 949 1594; x_wconf 74' lang='lat' dir='ltr'><strong>c</strong></span> <span class='ocrx_word' id='word_1_472' title='bbox 1003 1579 1032 1610; x_wconf 89' lang='lat'><strong>6.</strong></span> <span class='ocrx_word' id='word_1_473' title='bbox 1050 1579 1104 1615; x_wconf 87' lang='lat' dir='ltr'><strong>Qui</strong></span> <span class='ocrx_word' id='word_1_474' title='bbox 1117 1579 1202 1610; x_wconf 88' lang='lat' dir='ltr'><strong>vitam</strong></span> <span class='ocrx_word' id='word_1_475' title='bbox 1215 1579 1328 1610; x_wconf 86' lang='lat' dir='ltr'><strong>ducunt</strong></span> <span class='ocrx_word' id='word_1_476' title='bbox 1339 1580 1508 1615; x_wconf 83' lang='lat' dir='ltr'><strong>animalem,</strong></span> <span class='ocrx_word' id='word_1_477' title='bbox 1521 1579 1648 1621; x_wconf 72' lang='lat' dir='ltr'><strong>ideoque</strong></span> <span class='ocrx_word' id='word_1_478' title='bbox 1663 1581 1778 1612; x_wconf 90' lang='lat' dir='ltr'><strong>anima-</strong></span> 
     </span>
    </p>
   </div>
   <div class='ocr_carea' id='block_1_73' title="bbox 963 1622 1780 1665">
    <p class='ocr_par' dir='ltr' id='par_1_73' title="bbox 963 1622 1780 1665">
     <span class='ocr_line' id='line_1_73' title="bbox 963 1622 1780 1665; baseline 0.005 -12"><span class='ocrx_word' id='word_1_479' title='bbox 963 1622 1006 1654; x_wconf 84' lang='lat' dir='ltr'><strong>les</strong></span> <span class='ocrx_word' id='word_1_480' title='bbox 1018 1623 1167 1659; x_wconf 77' lang='lat' dir='ltr'><strong>dicuntur.</strong></span> <span class='ocrx_word' id='word_1_481' title='bbox 1184 1631 1254 1655; x_wconf 86' lang='lat' dir='ltr'><strong>sunt</strong></span> <span class='ocrx_word' id='word_1_482' title='bbox 1263 1625 1340 1656; x_wconf 87' lang='lat' dir='ltr'><strong>velut</strong></span> <span class='ocrx_word' id='word_1_483' title='bbox 1350 1625 1470 1665; x_wconf 84' lang='lat' dir='ltr'><strong>quidam</strong></span> <span class='ocrx_word' id='word_1_484' title='bbox 1481 1625 1627 1656; x_wconf 75' lang='lat' dir='ltr'><strong>semtl‘atui</strong></span> <span class='ocrx_word' id='word_1_485' title='bbox 1640 1630 1669 1657; x_wconf 88' lang='lat' dir='ltr'><strong>et</strong></span> <span class='ocrx_word' id='word_1_486' title='bbox 1684 1635 1780 1657; x_wconf 92' lang='lat' dir='ltr'><strong>mem-</strong></span> 
     </span>
    </p>
   </div>
   <div class='ocr_carea' id='block_1_74' title="bbox 962 1667 1781 1709">
    <p class='ocr_par' dir='ltr' id='par_1_74' title="bbox 962 1667 1781 1709">
     <span class='ocr_line' id='line_1_74' title="bbox 962 1667 1781 1709; baseline 0.006 -12"><span class='ocrx_word' id='word_1_487' title='bbox 962 1667 1023 1698; x_wconf 89' lang='lat' dir='ltr'><strong>bris</strong></span> <span class='ocrx_word' id='word_1_488' title='bbox 1039 1667 1165 1708; x_wconf 86' lang='lat' dir='ltr'><strong>debiles,</strong></span> <span class='ocrx_word' id='word_1_489' title='bbox 1181 1670 1243 1709; x_wconf 88' lang='lat' dir='ltr'><strong>qui,</strong></span> <span class='ocrx_word' id='word_1_490' title='bbox 1260 1673 1291 1700; x_wconf 92' lang='lat' dir='ltr'><strong>ut</strong></span> <span class='ocrx_word' id='word_1_491' title='bbox 1307 1669 1426 1700; x_wconf 85' lang='lat' dir='ltr'><strong>labores</strong></span> <span class='ocrx_word' id='word_1_492' title='bbox 1437 1679 1489 1709; x_wconf 89' lang='lat' dir='ltr'><strong>pro</strong></span> <span class='ocrx_word' id='word_1_493' title='bbox 1498 1670 1604 1700; x_wconf 85' lang='lat' dir='ltr'><strong>virtute</strong></span> <span class='ocrx_word' id='word_1_494' title='bbox 1617 1675 1645 1700; x_wconf 89' lang='lat' dir='ltr'><strong>et</strong></span> <span class='ocrx_word' id='word_1_495' title='bbox 1661 1671 1781 1702; x_wconf 29' lang='lat' dir='ltr'><strong>mandas</strong></span> 
     </span>
    </p>
   </div>
   <div class='ocr_carea' id='block_1_75' title="bbox 961 1713 1782 1754">
    <p class='ocr_par' dir='ltr' id='par_1_75' title="bbox 961 1713 1782 1754">
     <span class='ocr_line' id='line_1_75' title="bbox 961 1713 1782 1754; baseline 0.006 -12"><span class='ocrx_word' id='word_1_496' title='bbox 961 1716 1057 1743; x_wconf 90' lang='lat' dir='ltr'><strong>torum</strong></span> <span class='ocrx_word' id='word_1_497' title='bbox 1074 1713 1279 1744; x_wconf 87' lang='lat' dir='ltr'><strong>observatione</strong></span> <span class='ocrx_word' id='word_1_498' title='bbox 1295 1724 1353 1744; x_wconf 93' lang='lat' dir='ltr'><strong>non</strong></span> <span class='ocrx_word' id='word_1_499' title='bbox 1365 1714 1522 1752; x_wconf 81' lang='lat' dir='ltr'><strong>sustinent,</strong></span> <span class='ocrx_word' id='word_1_500' title='bbox 1535 1715 1580 1745; x_wconf 91' lang='lat' dir='ltr'><strong>sic</strong></span> <span class='ocrx_word' id='word_1_501' title='bbox 1594 1717 1782 1754; x_wconf 82' lang='lat' dir='ltr'><strong>reprehensi-</strong></span> 
     </span>
    </p>
   </div>
   <div class='ocr_carea' id='block_1_76' title="bbox 960 1756 1780 1799">
    <p class='ocr_par' dir='ltr' id='par_1_76' title="bbox 960 1756 1780 1799">
     <span class='ocr_line' id='line_1_76' title="bbox 960 1756 1780 1799; baseline 0.005 -12"><span class='ocrx_word' id='word_1_502' title='bbox 960 1756 1034 1788; x_wconf 90' lang='lat' dir='ltr'><strong>biles</strong></span> <span class='ocrx_word' id='word_1_503' title='bbox 1050 1761 1134 1788; x_wconf 89' lang='lat' dir='ltr'><strong>actus</strong></span> <span class='ocrx_word' id='word_1_504' title='bbox 1162 1762 1282 1797; x_wconf 87' lang='lat' dir='ltr'><strong>propter</strong></span> <span class='ocrx_word' id='word_1_505' title='bbox 1309 1759 1462 1790; x_wconf 83' lang='lat' dir='ltr'><strong>hominum</strong></span> <span class='ocrx_word' id='word_1_506' title='bbox 1492 1759 1617 1797; x_wconf 83' lang='lat' dir='ltr'><strong>gloriam</strong></span> <span class='ocrx_word' id='word_1_507' title='bbox 1643 1760 1780 1799; x_wconf 74' lang='lat' dir='ltr'><strong>fugiunt;</strong></span> 
     </span>
    </p>
   </div>
   <div class='ocr_carea' id='block_1_77' title="bbox 959 1802 1782 1843">
    <p class='ocr_par' dir='ltr' id='par_1_77' title="bbox 959 1802 1782 1843">
     <span class='ocr_line' id='line_1_77' title="bbox 959 1802 1782 1843; baseline 0.006 -12"><span class='ocrx_word' id='word_1_508' title='bbox 959 1809 1061 1832; x_wconf 89' lang='lat' dir='ltr'><strong>amore</strong></span> <span class='ocrx_word' id='word_1_509' title='bbox 1076 1806 1173 1832; x_wconf 81' lang='lat' dir='ltr'><strong>autem</strong></span> <span class='ocrx_word' id='word_1_510' title='bbox 1184 1802 1303 1842; x_wconf 88' lang='lat' dir='ltr'><strong>proprio</strong></span> <span class='ocrx_word' id='word_1_511' title='bbox 1314 1812 1466 1842; x_wconf 84' lang='lat' dir='ltr'><strong>pravarum</strong></span> <span class='ocrx_word' id='word_1_512' title='bbox 1476 1803 1579 1835; x_wconf 78' lang='lat' dir='ltr'><strong>fomite</strong></span> <span class='ocrx_word' id='word_1_513' title='bbox 1591 1804 1782 1843; x_wconf 82' lang='lat' dir='ltr'><strong>cupiditatum</strong></span> 
     </span>
    </p>
   </div>
   <div class='ocr_carea' id='block_1_78' title="bbox 959 1845 1782 1890">
    <p class='ocr_par' dir='ltr' id='par_1_78' title="bbox 959 1845 1782 1890">
     <span class='ocr_line' id='line_1_78' title="bbox 959 1845 1782 1890; baseline 0.007 -16"><span class='ocrx_word' id='word_1_514' title='bbox 959 1845 1039 1882; x_wconf 87' lang='lat' dir='ltr'><strong>victi,</strong></span> <span class='ocrx_word' id='word_1_515' title='bbox 1052 1855 1170 1877; x_wconf 91' lang='lat' dir='ltr'><strong>omnem</strong></span> <span class='ocrx_word' id='word_1_516' title='bbox 1179 1855 1279 1877; x_wconf 89' lang='lat' dir='ltr'><strong>curam</strong></span> <span class='ocrx_word' id='word_1_517' title='bbox 1289 1847 1485 1878; x_wconf 87' lang='lat' dir='ltr'><strong>adsauitatem</strong></span> <span class='ocrx_word' id='word_1_518' title='bbox 1496 1848 1782 1890; x_wconf 86' lang='lat' dir='ltr'><strong>deteclationemque</strong></span> 
     </span>
    </p>
   </div>
   <div class='ocr_carea' id='block_1_79' title="bbox 959 1890 1782 1930">
    <p class='ocr_par' dir='ltr' id='par_1_79' title="bbox 959 1890 1782 1930">
     <span class='ocr_line' id='line_1_79' title="bbox 959 1890 1782 1930; baseline 0.004 -9"><span class='ocrx_word' id='word_1_519' title='bbox 959 1890 1058 1922; x_wconf 83' lang='lat' dir='ltr'><strong>carnis</strong></span> <span class='ocrx_word' id='word_1_520' title='bbox 1074 1890 1261 1930; x_wconf 87' lang='lat' dir='ltr'><strong>impendunt,</strong></span> <span class='ocrx_word' id='word_1_521' title='bbox 1279 1895 1308 1921; x_wconf 88' lang='lat' dir='ltr'><strong>et</strong></span> <span class='ocrx_word' id='word_1_522' title='bbox 1323 1901 1441 1922; x_wconf 85' lang='lat' dir='ltr'><strong>omnem</strong></span> <span class='ocrx_word' id='word_1_523' title='bbox 1469 1891 1700 1930; x_wconf 90' lang='lat' dir='ltr'><strong>tribulationem,</strong></span> <span class='ocrx_word' id='word_1_524' title='bbox 1716 1903 1782 1924; x_wconf 90' lang='lat' dir='ltr'><strong>om-</strong></span> 
     </span>
    </p>
   </div>
   <div class='ocr_carea' id='block_1_80' title="bbox 961 1935 1782 1977">
    <p class='ocr_par' dir='ltr' id='par_1_80' title="bbox 961 1935 1782 1977">
     <span class='ocr_line' id='line_1_80' title="bbox 961 1935 1782 1977; baseline 0.002 -11"><span class='ocrx_word' id='word_1_525' title='bbox 961 1945 1030 1966; x_wconf 89' lang='lat' dir='ltr'><strong>nem</strong></span> <span class='ocrx_word' id='word_1_526' title='bbox 1047 1935 1190 1971; x_wconf 85' lang='lat' dir='ltr'><strong>laborem,</strong></span> <span class='ocrx_word' id='word_1_527' title='bbox 1209 1945 1298 1966; x_wconf 88' lang='lat' dir='ltr'><strong>omne</strong></span> <span class='ocrx_word' id='word_1_528' title='bbox 1319 1940 1498 1966; x_wconf 85' lang='lat' dir='ltr'><strong>tormentum</strong></span> <span class='ocrx_word' id='word_1_529' title='bbox 1517 1945 1570 1976; x_wconf 88' lang='lat' dir='ltr'><strong>pro</strong></span> <span class='ocrx_word' id='word_1_530' title='bbox 1603 1937 1708 1968; x_wconf 89' lang='lat' dir='ltr'><strong>virtute</strong></span> <span class='ocrx_word' id='word_1_531' title='bbox 1724 1938 1782 1977; x_wconf 88' lang='lat' dir='ltr'><strong>pati</strong></span> 
     </span>
    </p>
   </div>
   <div class='ocr_carea' id='block_1_81' title="bbox 960 1980 1781 2021">
    <p class='ocr_par' dir='ltr' id='par_1_81' title="bbox 960 1980 1781 2021">
     <span class='ocr_line' id='line_1_81' title="bbox 960 1980 1781 2021; baseline 0.002 -11"><span class='ocrx_word' id='word_1_532' title='bbox 960 1983 1100 2016; x_wconf 86' lang='lat' dir='ltr'><strong>renuunt,</strong></span> <span class='ocrx_word' id='word_1_533' title='bbox 1131 1980 1284 2010; x_wconf 59' lang='lat' dir='ltr'><strong>inimicum</strong></span> <span class='ocrx_word' id='word_1_534' title='bbox 1312 1980 1376 2020; x_wconf 88' lang='lat' dir='ltr'><strong>plus</strong></span> <span class='ocrx_word' id='word_1_535' title='bbox 1398 1989 1481 2020; x_wconf 65' lang='lat' dir='ltr'><strong>aequo</strong></span> <span class='ocrx_word' id='word_1_536' title='bbox 1505 1981 1637 2012; x_wconf 84' lang='lat' dir='ltr'><strong>foventes</strong></span> <span class='ocrx_word' id='word_1_537' title='bbox 1662 1991 1781 2021; x_wconf 86' lang='lat' dir='ltr'><strong>corpus.</strong></span> 
     </span>
    </p>
   </div>
   <div class='ocr_carea' id='block_1_82' title="bbox 961 2024 1782 2066">
    <p class='ocr_par' dir='ltr' id='par_1_82' title="bbox 961 2024 1782 2066">
     <span class='ocr_line' id='line_1_82' title="bbox 961 2024 1782 2066; baseline 0.004 -12"><span class='ocrx_word' id='word_1_538' title='bbox 961 2024 1062 2055; x_wconf 89' lang='lat' dir='ltr'><strong>Talem</strong></span> <span class='ocrx_word' id='word_1_539' title='bbox 1077 2025 1164 2055; x_wconf 90' lang='lat' dir='ltr'><strong>vitam</strong></span> <span class='ocrx_word' id='word_1_540' title='bbox 1175 2024 1321 2064; x_wconf 83' lang='lat' dir='ltr'><strong>etagendi</strong></span> <span class='ocrx_word' id='word_1_541' title='bbox 1332 2024 1476 2055; x_wconf 81' lang='lat' dir='ltr'><strong>rationem</strong></span> <span class='ocrx_word' id='word_1_542' title='bbox 1491 2025 1648 2066; x_wconf 88' lang='lat' dir='ltr'><strong>habentes,</strong></span> <span class='ocrx_word' id='word_1_543' title='bbox 1665 2026 1782 2057; x_wconf 91' lang='lat' dir='ltr'><strong>demer-</strong></span> 
     </span>
    </p>
   </div>
   <div class='ocr_carea' id='block_1_83' title="bbox 962 2068 1782 2109">
    <p class='ocr_par' dir='ltr' id='par_1_83' title="bbox 962 2068 1782 2109">
     <span class='ocr_line' id='line_1_83' title="bbox 962 2068 1782 2109; baseline 0.002 -9"><span class='ocrx_word' id='word_1_544' title='bbox 962 2074 1033 2109; x_wconf 79' lang='lat' dir='ltr'><strong>gunt</strong></span> <span class='ocrx_word' id='word_1_545' title='bbox 1048 2068 1078 2099; x_wconf 90' lang='lat' dir='ltr'><strong>in</strong></span> <span class='ocrx_word' id='word_1_546' title='bbox 1093 2074 1201 2100; x_wconf 89' lang='lat' dir='ltr'><strong>terram</strong></span> <span class='ocrx_word' id='word_1_547' title='bbox 1213 2069 1343 2100; x_wconf 82' lang='lat' dir='ltr'><strong>animum</strong></span> <span class='ocrx_word' id='word_1_548' title='bbox 1356 2069 1567 2109; x_wconf 88' lang='lat' dir='ltr'><strong>cupiditatibus</strong></span> <span class='ocrx_word' id='word_1_549' title='bbox 1578 2069 1782 2108; x_wconf 89' lang='lat' dir='ltr'><strong>incrassalum,</strong></span> 
     </span>
    </p>
   </div>
   <div class='ocr_carea' id='block_1_84' title="bbox 962 2114 1784 2156">
    <p class='ocr_par' dir='ltr' id='par_1_84' title="bbox 962 2114 1784 2156">
     <span class='ocr_line' id='line_1_84' title="bbox 962 2114 1784 2156; baseline 0.004 -12"><span class='ocrx_word' id='word_1_550' title='bbox 962 2119 992 2145; x_wconf 87' lang='lat' dir='ltr'><strong>et</strong></span> <span class='ocrx_word' id='word_1_551' title='bbox 1004 2122 1111 2153; x_wconf 88' lang='lat' dir='ltr'><strong>capere</strong></span> <span class='ocrx_word' id='word_1_552' title='bbox 1125 2118 1276 2154; x_wconf 85' lang='lat' dir='ltr'><strong>nequeunt</strong></span> <span class='ocrx_word' id='word_1_553' title='bbox 1292 2114 1439 2154; x_wconf 83' lang='lat' dir='ltr'><strong>spiritales</strong></span> <span class='ocrx_word' id='word_1_554' title='bbox 1455 2114 1629 2155; x_wconf 88' lang='lat' dir='ltr'><strong>divinasque</strong></span> <span class='ocrx_word' id='word_1_555' title='bbox 1644 2124 1702 2147; x_wconf 87' lang='lat' dir='ltr'><strong>res.</strong></span> <span class='ocrx_word' id='word_1_556' title='bbox 1716 2116 1784 2156; x_wconf 88' lang='lat' dir='ltr'><strong>qui-</strong></span> 
     </span>
    </p>
   </div>
   <div class='ocr_carea' id='block_1_85' title="bbox 100 2158 920 2203">
    <p class='ocr_par' dir='ltr' id='par_1_85' title="bbox 100 2161 919 2203">
     <span class='ocr_line' id='line_1_85' title="bbox 100 2161 919 2203; baseline 0.001 -13"><span class='ocrx_word' id='word_1_557' title='bbox 100 2162 175 2190; x_wconf 82' lang='grc' dir='ltr'>θείων</span> <span class='ocrx_word' id='word_1_558' title='bbox 189 2162 364 2202; x_wconf 73' lang='grc' dir='ltr'>πραγμάτων,</span> <span class='ocrx_word' id='word_1_559' title='bbox 393 2161 435 2202; x_wconf 81' lang='grc' dir='ltr'><strong>ὑφ’</strong></span> <span class='ocrx_word' id='word_1_560' title='bbox 464 2163 501 2190; x_wconf 84' lang='grc' dir='ltr'><strong>ὡν</strong></span> <span class='ocrx_word' id='word_1_561' title='bbox 528 2163 545 2196; x_wconf 80' lang='grc' dir='ltr'>ἡ</span> <span class='ocrx_word' id='word_1_562' title='bbox 573 2163 649 2202; x_wconf 68' lang='grc' dir='ltr'>ψυχὴ</span> <span class='ocrx_word' id='word_1_563' title='bbox 677 2164 725 2196; x_wconf 76' lang='grc' dir='ltr'>τῆς</span> <span class='ocrx_word' id='word_1_564' title='bbox 752 2162 817 2196; x_wconf 82' lang='grc' dir='ltr'>ὕλης</span> <span class='ocrx_word' id='word_1_565' title='bbox 832 2163 919 2203; x_wconf 76' lang='grc' dir='ltr'>ἁρπά-</span> 
     </span>
    </p>
   </div>
   <div class='ocr_carea' id='block_1_86' title="bbox 961 2158 1786 2203">
    <p class='ocr_par' dir='ltr' id='par_1_86' title="bbox 963 2158 1786 2201">
     <span class='ocr_line' id='line_1_86' title="bbox 963 2158 1786 2201; baseline 0.004 -13"><span class='ocrx_word' id='word_1_566' title='bbox 963 2158 1018 2189; x_wconf 88' lang='lat' dir='ltr'><strong>bus</strong></span> <span class='ocrx_word' id='word_1_567' title='bbox 1033 2158 1131 2189; x_wconf 89' lang='lat' dir='ltr'><strong>anima</strong></span> <span class='ocrx_word' id='word_1_568' title='bbox 1147 2168 1181 2189; x_wconf 84' lang='lat' dir='ltr'><strong>ex</strong></span> <span class='ocrx_word' id='word_1_569' title='bbox 1197 2159 1319 2189; x_wconf 73' lang='lat' dir='ltr'><strong>materia</strong></span> <span class='ocrx_word' id='word_1_570' title='bbox 1336 2159 1472 2199; x_wconf 87' lang='lat' dir='ltr'><strong>eripitur,</strong></span> <span class='ocrx_word' id='word_1_571' title='bbox 1487 2169 1522 2190; x_wconf 82' lang='lat' dir='ltr'><strong>ac</strong></span> <span class='ocrx_word' id='word_1_572' title='bbox 1539 2163 1599 2190; x_wconf 87' lang='lat' dir='ltr'><strong>toto</strong></span> <span class='ocrx_word' id='word_1_573' title='bbox 1614 2160 1786 2201; x_wconf 78' lang='lat' dir='ltr'><strong>intelligibi-</strong></span> 
     </span>
    </p>
   </div>
   <div class='ocr_carea' id='block_1_87' title="bbox 101 2206 918 2247">
    <p class='ocr_par' dir='ltr' id='par_1_87' title="bbox 101 2206 918 2247">
     <span class='ocr_line' id='line_1_87' title="bbox 101 2206 918 2247; baseline 0.004 -13"><span class='ocrx_word' id='word_1_574' title='bbox 101 2211 184 2243; x_wconf 83' lang='grc' dir='ltr'>ζεται,</span> <span class='ocrx_word' id='word_1_575' title='bbox 200 2207 244 2235; x_wconf 80' lang='grc' dir='ltr'>καὶ</span> <span class='ocrx_word' id='word_1_576' title='bbox 278 2206 328 2240; x_wconf 81' lang='grc' dir='ltr'><strong>ὅλη</strong></span> <span class='ocrx_word' id='word_1_577' title='bbox 356 2208 421 2245; x_wconf 80' lang='grc' dir='ltr'>πρὸς</span> <span class='ocrx_word' id='word_1_578' title='bbox 457 2207 567 2240; x_wconf 79' lang='grc' dir='ltr'>νοητοὺς</span> <span class='ocrx_word' id='word_1_579' title='bbox 592 2207 766 2246; x_wconf 76' lang='grc' dir='ltr'>ἐμπεριπολεϊ</span> <span class='ocrx_word' id='word_1_580' title='bbox 787 2208 918 2247; x_wconf 64' lang='grc' dir='ltr'>οὐρανούς.</span> 
     </span>
    </p>
   </div>
   <div class='ocr_carea' id='block_1_88' title="bbox 103 2250 922 2292">
    <p class='ocr_par' dir='ltr' id='par_1_88' title="bbox 103 2250 922 2292">
     <span class='ocr_line' id='line_1_88' title="bbox 103 2250 922 2292; baseline 0 -12"><span class='ocrx_word' id='word_1_581' title='bbox 103 2256 183 2281; x_wconf 73' lang='grc' dir='ltr'>Τοῦτο</span> <span class='ocrx_word' id='word_1_582' title='bbox 205 2250 231 2279; x_wconf 77' lang='grc' dir='ltr'>δὲ</span> <span class='ocrx_word' id='word_1_583' title='bbox 254 2252 413 2291; x_wconf 81' lang='grc' dir='ltr'>πάσχουσιν,</span> <span class='ocrx_word' id='word_1_584' title='bbox 439 2252 490 2279; x_wconf 74' lang='grc' dir='ltr'>ὑπὸ</span> <span class='ocrx_word' id='word_1_585' title='bbox 517 2255 563 2280; x_wconf 81' lang='grc' dir='ltr'>τοῦ</span> <span class='ocrx_word' id='word_1_586' title='bbox 591 2251 680 2280; x_wconf 77' lang='grc' dir='ltr'>ὒλικοῦ</span> <span class='ocrx_word' id='word_1_587' title='bbox 708 2251 745 2280; x_wconf 70' lang='grc' dir='ltr'>ἔτι</span> <span class='ocrx_word' id='word_1_588' title='bbox 768 2252 922 2292; x_wconf 77' lang='grc' dir='ltr'>κατεχόμε-</span> 
     </span>
    </p>
   </div>
   <div class='ocr_carea' id='block_1_89' title="bbox 104 2295 926 2337">
    <p class='ocr_par' dir='ltr' id='par_1_89' title="bbox 104 2295 926 2337">
     <span class='ocr_line' id='line_1_89' title="bbox 104 2295 926 2337; baseline 0.001 -13"><span class='ocrx_word' id='word_1_589' title='bbox 104 2308 144 2326; x_wconf 89' lang='grc' dir='ltr'><strong>νοι</strong></span> <span class='ocrx_word' id='word_1_590' title='bbox 179 2296 339 2336; x_wconf 76' lang='grc' dir='ltr'>πνεύματος,</span> <span class='ocrx_word' id='word_1_591' title='bbox 363 2297 399 2328; x_wconf 84' lang='grc' dir='ltr'><strong>ὡς</strong></span> <span class='ocrx_word' id='word_1_592' title='bbox 425 2297 473 2328; x_wconf 73' lang='grc' dir='ltr'><strong>τὰς</strong></span> <span class='ocrx_word' id='word_1_593' title='bbox 500 2295 564 2328; x_wconf 73' lang='grc' dir='ltr'>ἰδίας</span> <span class='ocrx_word' id='word_1_594' title='bbox 594 2296 728 2336; x_wconf 74' lang='grc' dir='ltr'>φιλοῦντες</span> <span class='ocrx_word' id='word_1_595' title='bbox 757 2297 857 2337; x_wconf 83' lang='grc' dir='ltr'>ψυχάς,</span> <span class='ocrx_word' id='word_1_596' title='bbox 881 2300 926 2326; x_wconf 80' lang='grc' dir='ltr'><strong>καί</strong></span> 
     </span>
    </p>
   </div>
   <div class='ocr_carea' id='block_1_90' title="bbox 103 2339 923 2380">
    <p class='ocr_par' dir='ltr' id='par_1_90' title="bbox 103 2339 923 2380">
     <span class='ocr_line' id='line_1_90' title="bbox 103 2339 923 2380; baseline -0.001 -11"><span class='ocrx_word' id='word_1_597' title='bbox 103 2348 190 2369; x_wconf 81' lang='grc' dir='ltr'>ποιεῖν</span> <span class='ocrx_word' id='word_1_598' title='bbox 224 2342 257 2369; x_wconf 76' lang='grc' dir='ltr'><strong>τὰ</strong></span> <span class='ocrx_word' id='word_1_599' title='bbox 289 2340 426 2378; x_wconf 77' lang='grc' dir='ltr'>θελήματα</span> <span class='ocrx_word' id='word_1_600' title='bbox 462 2340 547 2369; x_wconf 69' lang='grc' dir='ltr'>αὐτῶν</span> <span class='ocrx_word' id='word_1_601' title='bbox 581 2342 780 2380; x_wconf 77' lang='grc' dir='ltr'>προαιρούμενοι</span> <span class='ocrx_word' id='word_1_602' title='bbox 813 2349 820 2356; x_wconf 90' lang='lat'>&#39;</span> <span class='ocrx_word' id='word_1_603' title='bbox 851 2339 923 2370; x_wconf 83' lang='grc' dir='ltr'><strong>κενοί</strong></span> 
     </span>
    </p>
   </div>
   <div class='ocr_carea' id='block_1_91' title="bbox 105 2384 921 2430">
    <p class='ocr_par' dir='ltr' id='par_1_91' title="bbox 105 2384 921 2430">
     <span class='ocr_line' id='line_1_91' title="bbox 105 2384 921 2430; baseline 0.001 -16"><span class='ocrx_word' id='word_1_604' title='bbox 105 2387 154 2426; x_wconf 82' lang='grc' dir='ltr'><strong>γὰρ</strong></span> <span class='ocrx_word' id='word_1_605' title='bbox 182 2385 255 2417; x_wconf 65' lang='grc' dir='ltr'>ὀντες</span> <span class='ocrx_word' id='word_1_606' title='bbox 279 2388 448 2430; x_wconf 45' lang='grc' dir='ltr'>Πνεύματος,</span> <span class='ocrx_word' id='word_1_607' title='bbox 471 2385 557 2424; x_wconf 84' lang='grc' dir='ltr'>ἁγίου,</span> <span class='ocrx_word' id='word_1_608' title='bbox 587 2384 691 2425; x_wconf 77' lang='grc' dir='ltr'>ἄμοιροί</span> <span class='ocrx_word' id='word_1_609' title='bbox 721 2387 769 2414; x_wconf 88' lang='grc' dir='ltr'>εἱσι</span> <span class='ocrx_word' id='word_1_610' title='bbox 798 2387 841 2414; x_wconf 80' lang='grc' dir='ltr'>καὶ</span> <span class='ocrx_word' id='word_1_611' title='bbox 869 2390 921 2415; x_wconf 81' lang='grc' dir='ltr'>τῶν</span> 
     </span>
    </p>
   </div>
   <div class='ocr_carea' id='block_1_92' title="bbox 106 2424 922 2471">
    <p class='ocr_par' dir='ltr' id='par_1_92' title="bbox 106 2424 922 2471">
     <span class='ocr_line' id='line_1_92' title="bbox 106 2424 922 2471; baseline 0.002 -13"><span class='ocrx_word' id='word_1_612' title='bbox 106 2431 279 2471; x_wconf 71' lang='grc' dir='ltr'>χαρισμάτων</span> <span class='ocrx_word' id='word_1_613' title='bbox 306 2431 396 2461; x_wconf 75' lang='grc' dir='ltr'>αὐτοῦ.</span> <span class='ocrx_word' id='word_1_614' title='bbox 435 2424 506 2459; x_wconf 52' lang='lat' dir='ltr'><strong>&quot;005v</strong></span> <span class='ocrx_word' id='word_1_615' title='bbox 544 2429 601 2458; x_wconf 72' lang='grc' dir='ltr'>οὖδὲ</span> <span class='ocrx_word' id='word_1_616' title='bbox 639 2431 739 2470; x_wconf 75' lang='grc' dir='ltr'>καρπὸν</span> <span class='ocrx_word' id='word_1_617' title='bbox 774 2430 829 2459; x_wconf 80' lang='grc' dir='ltr'>ἔστι</span> <span class='ocrx_word' id='word_1_618' title='bbox 850 2433 922 2460; x_wconf 77' lang='grc' dir='ltr'>θεῖον</span> 
     </span>
    </p>
   </div>
   <div class='ocr_carea' id='block_1_93' title="bbox 104 2475 923 2514">
    <p class='ocr_par' dir='ltr' id='par_1_93' title="bbox 104 2475 923 2514">
     <span class='ocr_line' id='line_1_93' title="bbox 104 2475 923 2514; baseline 0 -10"><span class='ocrx_word' id='word_1_619' title='bbox 104 2475 172 2504; x_wconf 69' lang='grc' dir='ltr'>ἷὸαἴν</span> <span class='ocrx_word' id='word_1_620' title='bbox 185 2475 212 2503; x_wconf 80' lang='grc' dir='ltr'>ἐν</span> <span class='ocrx_word' id='word_1_621' title='bbox 232 2475 335 2512; x_wconf 68' lang='grc' dir='ltr'>αὖτοτς,</span> <span class='ocrx_word' id='word_1_622' title='bbox 352 2475 458 2514; x_wconf 74' lang='grc' dir='ltr'>ἀγάπην</span> <span class='ocrx_word' id='word_1_623' title='bbox 486 2476 520 2507; x_wconf 79' lang='grc' dir='ltr'><strong>εἰς</strong></span> <span class='ocrx_word' id='word_1_624' title='bbox 543 2475 608 2503; x_wconf 74' lang='grc' dir='ltr'>Θεὸν</span> <span class='ocrx_word' id='word_1_625' title='bbox 635 2476 678 2503; x_wconf 76' lang='grc' dir='ltr'><strong>καὶ</strong></span> <span class='ocrx_word' id='word_1_626' title='bbox 705 2476 750 2503; x_wconf 84' lang='grc' dir='ltr'><strong>τὸν</strong></span> <span class='ocrx_word' id='word_1_627' title='bbox 765 2475 888 2513; x_wconf 80' lang='grc' dir='ltr'>πλησίον,</span> <span class='ocrx_word' id='word_1_628' title='bbox 905 2476 923 2510; x_wconf 77' lang='grc' dir='ltr'>ἣ</span> 
     </span>
    </p>
   </div>
   <div class='ocr_carea' id='block_1_94' title="bbox 106 2519 925 2560">
    <p class='ocr_par' dir='ltr' id='par_1_94' title="bbox 106 2519 925 2560">
     <span class='ocr_line' id='line_1_94' title="bbox 106 2519 925 2560; baseline 0 -12"><span class='ocrx_word' id='word_1_629' title='bbox 106 2520 190 2560; x_wconf 79' lang='grc' dir='ltr'>χαρὰν</span> <span class='ocrx_word' id='word_1_630' title='bbox 220 2519 247 2547; x_wconf 85' lang='grc' dir='ltr'>ὲν</span> <span class='ocrx_word' id='word_1_631' title='bbox 277 2521 397 2560; x_wconf 76' lang='grc' dir='ltr'>πτωχείᾳ</span> <span class='ocrx_word' id='word_1_632' title='bbox 423 2521 466 2548; x_wconf 86' lang='grc' dir='ltr'><strong>καὶ</strong></span> <span class='ocrx_word' id='word_1_633' title='bbox 494 2519 623 2559; x_wconf 78' lang='grc' dir='ltr'>θλίψεσιν,</span> <span class='ocrx_word' id='word_1_634' title='bbox 652 2519 670 2554; x_wconf 76' lang='grc' dir='ltr'>ἢ</span> <span class='ocrx_word' id='word_1_635' title='bbox 699 2520 789 2560; x_wconf 75' lang='grc' dir='ltr'>ψυχῆς</span> <span class='ocrx_word' id='word_1_636' title='bbox 818 2521 925 2560; x_wconf 54' lang='lat' dir='ltr'><strong>sip-{pinv</strong></span> 
     </span>
    </p>
   </div>
   <div class='ocr_carea' id='block_1_95' title="bbox 107 2564 923 2604">
    <p class='ocr_par' dir='ltr' id='par_1_95' title="bbox 107 2564 923 2604">
     <span class='ocr_line' id='line_1_95' title="bbox 107 2564 923 2604; baseline 0.002 -12"><span class='ocrx_word' id='word_1_637' title='bbox 107 2564 250 2592; x_wconf 72' lang='grc' dir='ltr'>ἐνδιάθετον</span> <span class='ocrx_word' id='word_1_638' title='bbox 284 2565 383 2601; x_wconf 71' lang='grc' dir='ltr'>πίστιν,</span> <span class='ocrx_word' id='word_1_639' title='bbox 413 2565 430 2598; x_wconf 74' lang='grc' dir='ltr'><strong>ἢ</strong></span> <span class='ocrx_word' id='word_1_640' title='bbox 459 2565 624 2603; x_wconf 76' lang='grc' dir='ltr'>περιεκτικὴν</span> <span class='ocrx_word' id='word_1_641' title='bbox 660 2564 812 2604; x_wconf 72' lang='grc' dir='ltr'>ἐγκράτειαν</span> <span class='ocrx_word' id='word_1_642' title='bbox 839 2576 845 2582; x_wconf 62' lang='grc' dir='ltr'><strong>ν</strong></span> <span class='ocrx_word' id='word_1_643' title='bbox 865 2564 923 2594; x_wconf 78' lang='grc' dir='ltr'>ἀλλ’</span> 
     </span>
    </p>
   </div>
   <div class='ocr_carea' id='block_1_96' title="bbox 108 2608 926 2649">
    <p class='ocr_par' dir='ltr' id='par_1_96' title="bbox 108 2608 926 2649">
     <span class='ocr_line' id='line_1_96' title="bbox 108 2608 926 2649; baseline 0.001 -11"><span class='ocrx_word' id='word_1_644' title='bbox 108 2609 162 2638; x_wconf 64' lang='grc' dir='ltr'>οὐδὲ</span> <span class='ocrx_word' id='word_1_645' title='bbox 191 2608 338 2647; x_wconf 74' lang='grc' dir='ltr'>κατένυξιν,</span> <span class='ocrx_word' id='word_1_646' title='bbox 371 2609 389 2643; x_wconf 70' lang='grc' dir='ltr'><strong>ἢ</strong></span> <span class='ocrx_word' id='word_1_647' title='bbox 424 2609 544 2648; x_wconf 70' lang='grc' dir='ltr'>δάκρυον,</span> <span class='ocrx_word' id='word_1_648' title='bbox 573 2609 740 2649; x_wconf 75' lang='grc' dir='ltr'>ταπείνωσιν,</span> <span class='ocrx_word' id='word_1_649' title='bbox 776 2611 820 2638; x_wconf 80' lang='grc' dir='ltr'>καὶ</span> <span class='ocrx_word' id='word_1_650' title='bbox 861 2621 926 2648; x_wconf 80' lang='grc' dir='ltr'>συμ-</span> 
     </span>
    </p>
   </div>
   <div class='ocr_carea' id='block_1_97' title="bbox 106 2653 921 2694">
    <p class='ocr_par' dir='ltr' id='par_1_97' title="bbox 106 2653 921 2694">
     <span class='ocr_line' id='line_1_97' title="bbox 106 2653 921 2694; baseline 0 -12"><span class='ocrx_word' id='word_1_651' title='bbox 106 2655 212 2683; x_wconf 75' lang='grc' dir='ltr'>πάθειαν</span> <span class='ocrx_word' id='word_1_652' title='bbox 230 2665 237 2671; x_wconf 88' lang='grc'><strong>·</strong></span> <span class='ocrx_word' id='word_1_653' title='bbox 268 2655 354 2683; x_wconf 75' lang='grc' dir='ltr'>πάντα</span> <span class='ocrx_word' id='word_1_654' title='bbox 379 2653 405 2682; x_wconf 65' lang='grc' dir='ltr'><strong>δὲ</strong></span> <span class='ocrx_word' id='word_1_655' title='bbox 436 2653 514 2692; x_wconf 71' lang='grc' dir='ltr'>ὄγκου</span> <span class='ocrx_word' id='word_1_656' title='bbox 528 2654 571 2681; x_wconf 80' lang='grc' dir='ltr'><strong>καὶ</strong></span> <span class='ocrx_word' id='word_1_657' title='bbox 599 2654 774 2694; x_wconf 73' lang='grc' dir='ltr'>ὑπερηφανίας</span> <span class='ocrx_word' id='word_1_658' title='bbox 807 2655 891 2692; x_wconf 86' lang='grc' dir='ltr'>μεστά</span> <span class='ocrx_word' id='word_1_659' title='bbox 915 2664 921 2671; x_wconf 66' lang='grc' dir='ltr'><strong>ο</strong></span> 
     </span>
    </p>
   </div>
   <div class='ocr_carea' id='block_1_98' title="bbox 107 2697 924 2736">
    <p class='ocr_par' dir='ltr' id='par_1_98' title="bbox 107 2697 924 2736">
     <span class='ocr_line' id='line_1_98' title="bbox 107 2697 924 2736; baseline 0.001 -9"><span class='ocrx_word' id='word_1_660' title='bbox 107 2699 174 2728; x_wconf 78' lang='grc' dir='ltr'>ἔνθεν</span> <span class='ocrx_word' id='word_1_661' title='bbox 190 2710 230 2727; x_wconf 89' lang='grc' dir='ltr'><strong>τοι</strong></span> <span class='ocrx_word' id='word_1_662' title='bbox 251 2700 307 2736; x_wconf 43' lang='grc' dir='ltr'>καὶ,</span> <span class='ocrx_word' id='word_1_663' title='bbox 325 2697 476 2736; x_wconf 70' lang='grc' dir='ltr'>ἐμϐαθύνειν</span> <span class='ocrx_word' id='word_1_664' title='bbox 498 2699 532 2730; x_wconf 82' lang='grc' dir='ltr'>εἷς</span> <span class='ocrx_word' id='word_1_665' title='bbox 555 2698 588 2726; x_wconf 77' lang='grc' dir='ltr'><strong>τὰ</strong></span> <span class='ocrx_word' id='word_1_666' title='bbox 615 2698 682 2736; x_wconf 76' lang='grc' dir='ltr'>βάθη</span> <span class='ocrx_word' id='word_1_667' title='bbox 704 2703 749 2728; x_wconf 77' lang='grc' dir='ltr'><strong>τοῦ</strong></span> <span class='ocrx_word' id='word_1_668' title='bbox 776 2699 924 2736; x_wconf 84' lang='grc' dir='ltr'>πνεύματος</span> 
     </span>
    </p>
   </div>
   <div class='ocr_carea' id='block_1_99' title="bbox 107 2741 924 2782">
    <p class='ocr_par' dir='ltr' id='par_1_99' title="bbox 107 2741 924 2782">
     <span class='ocr_line' id='line_1_99' title="bbox 107 2741 924 2782; baseline -0.001 -10"><span class='ocrx_word' id='word_1_669' title='bbox 107 2744 210 2773; x_wconf 80' lang='grc' dir='ltr'>οἴκοθεν</span> <span class='ocrx_word' id='word_1_670' title='bbox 241 2743 375 2781; x_wconf 78' lang='grc' dir='ltr'>δυνάμεως</span> <span class='ocrx_word' id='word_1_671' title='bbox 416 2743 568 2782; x_wconf 75' lang='grc' dir='ltr'>ἀποροῦσιν.</span> <span class='ocrx_word' id='word_1_672' title='bbox 598 2741 676 2770; x_wconf 69' lang='grc' dir='ltr'>Οὐδὲν</span> <span class='ocrx_word' id='word_1_673' title='bbox 722 2743 772 2782; x_wconf 82' lang='grc' dir='ltr'><strong>γὰρ</strong></span> <span class='ocrx_word' id='word_1_674' title='bbox 800 2744 869 2771; x_wconf 82' lang='grc' dir='ltr'>ἐστιν</span> <span class='ocrx_word' id='word_1_675' title='bbox 899 2744 924 2772; x_wconf 73' lang='grc' dir='ltr'>ἐν</span> 
     </span>
    </p>
   </div>
   <div class='ocr_carea' id='block_1_100' title="bbox 146 2834 355 2867">
    <p class='ocr_par' dir='ltr' id='par_1_100' title="bbox 146 2834 355 2867">
     <span class='ocr_line' id='line_1_100' title="bbox 146 2834 355 2867; baseline -0.014 0"><span class='ocrx_word' id='word_1_676' title='bbox 146 2835 178 2861; x_wconf 73' lang='grc'><strong>55</strong></span> <span class='ocrx_word' id='word_1_677' title='bbox 192 2835 266 2867; x_wconf 85' lang='lat' dir='ltr'><strong>Gen.</strong></span> <span class='ocrx_word' id='word_1_678' title='bbox 282 2842 313 2864; x_wconf 82' lang='grc' dir='ltr'><strong>νι</strong></span> <span class='ocrx_word' id='word_1_679' title='bbox 328 2834 355 2865; x_wconf 89' lang='lat'><strong>3.</strong></span> 
     </span>
    </p>
   </div>
   <div class='ocr_carea' id='block_1_101' title="bbox 963 2203 1786 2246">
    <p class='ocr_par' dir='ltr' id='par_1_101' title="bbox 963 2203 1786 2246">
     <span class='ocr_line' id='line_1_101' title="bbox 963 2203 1786 2246; baseline 0.002 -12"><span class='ocrx_word' id='word_1_680' title='bbox 963 2203 1007 2234; x_wconf 87' lang='lat' dir='ltr'><strong>les</strong></span> <span class='ocrx_word' id='word_1_681' title='bbox 1023 2203 1168 2234; x_wconf 86' lang='lat' dir='ltr'><strong>inhabitat</strong></span> <span class='ocrx_word' id='word_1_682' title='bbox 1192 2204 1295 2235; x_wconf 75' lang='lat' dir='ltr'><strong>malos.</strong></span> <span class='ocrx_word' id='word_1_683' title='bbox 1317 2203 1380 2234; x_wconf 81' lang='lat' dir='ltr'><strong>Hoc</strong></span> <span class='ocrx_word' id='word_1_684' title='bbox 1408 2208 1506 2234; x_wconf 88' lang='lat' dir='ltr'><strong>autem</strong></span> <span class='ocrx_word' id='word_1_685' title='bbox 1538 2204 1701 2244; x_wconf 71' lang='lat' dir='ltr'><strong>patiuntur,</strong></span> <span class='ocrx_word' id='word_1_686' title='bbox 1717 2205 1786 2246; x_wconf 89' lang='lat' dir='ltr'><strong>quia</strong></span> 
     </span>
    </p>
   </div>
   <div class='ocr_carea' id='block_1_102' title="bbox 965 2248 1786 2290">
    <p class='ocr_par' dir='ltr' id='par_1_102' title="bbox 965 2248 1786 2290">
     <span class='ocr_line' id='line_1_102' title="bbox 965 2248 1786 2290; baseline 0.002 -12"><span class='ocrx_word' id='word_1_687' title='bbox 965 2248 1214 2279; x_wconf 79' lang='lat' dir='ltr'><strong>materialiadhuc</strong></span> <span class='ocrx_word' id='word_1_688' title='bbox 1226 2249 1396 2279; x_wconf 86' lang='lat' dir='ltr'><strong>detinentur</strong></span> <span class='ocrx_word' id='word_1_689' title='bbox 1405 2249 1521 2289; x_wconf 87' lang='lat' dir='ltr'><strong>spiritu,</strong></span> <span class='ocrx_word' id='word_1_690' title='bbox 1534 2254 1566 2280; x_wconf 92' lang='lat' dir='ltr'><strong>ut</strong></span> <span class='ocrx_word' id='word_1_691' title='bbox 1577 2255 1642 2290; x_wconf 90' lang='lat' dir='ltr'><strong>pote</strong></span> <span class='ocrx_word' id='word_1_692' title='bbox 1653 2251 1786 2290; x_wconf 86' lang='lat' dir='ltr'><strong>proprias</strong></span> 
     </span>
    </p>
   </div>
   <div class='ocr_carea' id='block_1_103' title="bbox 965 2293 1786 2334">
    <p class='ocr_par' dir='ltr' id='par_1_103' title="bbox 965 2293 1786 2334">
     <span class='ocr_line' id='line_1_103' title="bbox 965 2293 1786 2334; baseline 0.001 -10"><span class='ocrx_word' id='word_1_693' title='bbox 965 2298 1098 2324; x_wconf 84' lang='lat' dir='ltr'><strong>amantes</strong></span> <span class='ocrx_word' id='word_1_694' title='bbox 1111 2293 1238 2331; x_wconf 79' lang='lat' dir='ltr'><strong>animos,</strong></span> <span class='ocrx_word' id='word_1_695' title='bbox 1253 2298 1284 2324; x_wconf 91' lang='lat' dir='ltr'><strong>et</strong></span> <span class='ocrx_word' id='word_1_696' title='bbox 1313 2293 1462 2334; x_wconf 86' lang='lat' dir='ltr'><strong>propriam</strong></span> <span class='ocrx_word' id='word_1_697' title='bbox 1488 2293 1667 2324; x_wconf 88' lang='lat' dir='ltr'><strong>voluntatem</strong></span> <span class='ocrx_word' id='word_1_698' title='bbox 1689 2293 1786 2326; x_wconf 78' lang='lat' dir='ltr'><strong>facere</strong></span> 
     </span>
    </p>
   </div>
   <div class='ocr_carea' id='block_1_104' title="bbox 966 2338 1785 2378">
    <p class='ocr_par' dir='ltr' id='par_1_104' title="bbox 966 2338 1785 2378">
     <span class='ocr_line' id='line_1_104' title="bbox 966 2338 1785 2378; baseline 0.002 -10"><span class='ocrx_word' id='word_1_699' title='bbox 966 2339 1085 2370; x_wconf 89' lang='lat' dir='ltr'><strong>volunt:</strong></span> <span class='ocrx_word' id='word_1_700' title='bbox 1104 2348 1164 2370; x_wconf 91' lang='lat' dir='ltr'><strong>non</strong></span> <span class='ocrx_word' id='word_1_701' title='bbox 1191 2339 1336 2370; x_wconf 88' lang='lat' dir='ltr'><strong>habentes</strong></span> <span class='ocrx_word' id='word_1_702' title='bbox 1359 2339 1438 2369; x_wconf 89' lang='lat' dir='ltr'><strong>enim</strong></span> <span class='ocrx_word' id='word_1_703' title='bbox 1465 2338 1607 2378; x_wconf 90' lang='lat' dir='ltr'><strong>Spiritum</strong></span> <span class='ocrx_word' id='word_1_704' title='bbox 1636 2345 1785 2377; x_wconf 88' lang='lat' dir='ltr'><strong>sanctum,</strong></span> 
     </span>
    </p>
   </div>
   <div class='ocr_carea' id='block_1_105' title="bbox 963 2383 1785 2424">
    <p class='ocr_par' dir='ltr' id='par_1_105' title="bbox 963 2383 1785 2424">
     <span class='ocr_line' id='line_1_105' title="bbox 963 2383 1785 2424; baseline 0.001 -11"><span class='ocrx_word' id='word_1_705' title='bbox 963 2383 1115 2423; x_wconf 88' lang='lat' dir='ltr'><strong>privantur</strong></span> <span class='ocrx_word' id='word_1_706' title='bbox 1130 2383 1220 2414; x_wconf 82' lang='lat' dir='ltr'><strong>etiam</strong></span> <span class='ocrx_word' id='word_1_707' title='bbox 1246 2383 1341 2424; x_wconf 87' lang='lat' dir='ltr'><strong>ipsius</strong></span> <span class='ocrx_word' id='word_1_708' title='bbox 1367 2383 1604 2413; x_wconf 86' lang='lat' dir='ltr'><strong>charismalibus.</strong></span> <span class='ocrx_word' id='word_1_709' title='bbox 1630 2383 1716 2415; x_wconf 87' lang='lat' dir='ltr'><strong>Unde</strong></span> <span class='ocrx_word' id='word_1_710' title='bbox 1729 2393 1785 2415; x_wconf 89' lang='lat' dir='ltr'><strong>non</strong></span> 
     </span>
    </p>
   </div>
   <div class='ocr_carea' id='block_1_106' title="bbox 964 2427 1788 2463">
    <p class='ocr_par' dir='ltr' id='par_1_106' title="bbox 964 2427 1788 2463">
     <span class='ocr_line' id='line_1_106' title="bbox 964 2427 1788 2463; baseline 0.002 -6"><span class='ocrx_word' id='word_1_711' title='bbox 964 2427 1064 2458; x_wconf 84' lang='lat' dir='ltr'><strong>videre</strong></span> <span class='ocrx_word' id='word_1_712' title='bbox 1081 2431 1125 2458; x_wconf 86' lang='lat' dir='ltr'><strong>est</strong></span> <span class='ocrx_word' id='word_1_713' title='bbox 1140 2428 1169 2458; x_wconf 90' lang='lat' dir='ltr'><strong>in</strong></span> <span class='ocrx_word' id='word_1_714' title='bbox 1185 2428 1229 2458; x_wconf 86' lang='lat' dir='ltr'><strong>eis</strong></span> <span class='ocrx_word' id='word_1_715' title='bbox 1255 2427 1370 2458; x_wconf 88' lang='lat' dir='ltr'><strong>divinos</strong></span> <span class='ocrx_word' id='word_1_716' title='bbox 1394 2427 1518 2463; x_wconf 81' lang='lat' dir='ltr'><strong>fructus,</strong></span> <span class='ocrx_word' id='word_1_717' title='bbox 1542 2437 1672 2458; x_wconf 90' lang='lat' dir='ltr'><strong>amorem</strong></span> <span class='ocrx_word' id='word_1_718' title='bbox 1689 2427 1741 2458; x_wconf 90' lang='lat' dir='ltr'><strong>Dei</strong></span> <span class='ocrx_word' id='word_1_719' title='bbox 1759 2433 1788 2459; x_wconf 87' lang='lat' dir='ltr'><strong>et</strong></span> 
     </span>
    </p>
   </div>
   <div class='ocr_carea' id='block_1_107' title="bbox 965 2471 1787 2512">
    <p class='ocr_par' dir='ltr' id='par_1_107' title="bbox 965 2471 1787 2512">
     <span class='ocr_line' id='line_1_107' title="bbox 965 2471 1787 2512; baseline 0.001 -10"><span class='ocrx_word' id='word_1_720' title='bbox 965 2472 1104 2512; x_wconf 62' lang='lat' dir='ltr'><strong>proximi,</strong></span> <span class='ocrx_word' id='word_1_721' title='bbox 1121 2473 1164 2502; x_wconf 88' lang='lat' dir='ltr'><strong>vel</strong></span> <span class='ocrx_word' id='word_1_722' title='bbox 1180 2472 1317 2512; x_wconf 83' lang='lat' dir='ltr'><strong>gaudium</strong></span> <span class='ocrx_word' id='word_1_723' title='bbox 1336 2472 1364 2502; x_wconf 91' lang='lat' dir='ltr'><strong>in</strong></span> <span class='ocrx_word' id='word_1_724' title='bbox 1383 2475 1554 2512; x_wconf 63' lang='lat' dir='ltr'><strong>paupertate</strong></span> <span class='ocrx_word' id='word_1_725' title='bbox 1571 2475 1600 2502; x_wconf 90' lang='lat' dir='ltr'><strong>et</strong></span> <span class='ocrx_word' id='word_1_726' title='bbox 1615 2471 1787 2503; x_wconf 85' lang='lat' dir='ltr'><strong>tribulatio-</strong></span> 
     </span>
    </p>
   </div>
   <div class='ocr_carea' id='block_1_108' title="bbox 967 2515 1788 2556">
    <p class='ocr_par' dir='ltr' id='par_1_108' title="bbox 967 2515 1788 2556">
     <span class='ocr_line' id='line_1_108' title="bbox 967 2515 1788 2556; baseline 0.001 -10"><span class='ocrx_word' id='word_1_727' title='bbox 967 2516 1065 2551; x_wconf 85' lang='lat' dir='ltr'><strong>nibus,</strong></span> <span class='ocrx_word' id='word_1_728' title='bbox 1082 2516 1126 2546; x_wconf 85' lang='lat' dir='ltr'><strong>vel</strong></span> <span class='ocrx_word' id='word_1_729' title='bbox 1141 2517 1247 2546; x_wconf 68' lang='lat' dir='ltr'><strong>auima:</strong></span> <span class='ocrx_word' id='word_1_730' title='bbox 1263 2525 1376 2556; x_wconf 80' lang='lat' dir='ltr'><strong>pacem,</strong></span> <span class='ocrx_word' id='word_1_731' title='bbox 1394 2516 1437 2546; x_wconf 92' lang='lat' dir='ltr'><strong>vel</strong></span> <span class='ocrx_word' id='word_1_732' title='bbox 1460 2516 1606 2546; x_wconf 85' lang='lat' dir='ltr'><strong>sinceram</strong></span> <span class='ocrx_word' id='word_1_733' title='bbox 1625 2517 1725 2552; x_wconf 82' lang='lat' dir='ltr'><strong>ﬁdem,</strong></span> <span class='ocrx_word' id='word_1_734' title='bbox 1744 2515 1788 2547; x_wconf 81' lang='lat' dir='ltr'><strong>vel</strong></span> 
     </span>
    </p>
   </div>
   <div class='ocr_carea' id='block_1_109' title="bbox 965 2560 1790 2600">
    <p class='ocr_par' dir='ltr' id='par_1_109' title="bbox 965 2560 1790 2600">
     <span class='ocr_line' id='line_1_109' title="bbox 965 2560 1790 2600; baseline 0 -9"><span class='ocrx_word' id='word_1_735' title='bbox 965 2560 1164 2591; x_wconf 84' lang='lat' dir='ltr'><strong>universatem</strong></span> <span class='ocrx_word' id='word_1_736' title='bbox 1184 2560 1417 2597; x_wconf 71' lang='lat' dir='ltr'><strong>continentiam;</strong></span> <span class='ocrx_word' id='word_1_737' title='bbox 1442 2560 1494 2590; x_wconf 88' lang='lat' dir='ltr'><strong>sed</strong></span> <span class='ocrx_word' id='word_1_738' title='bbox 1521 2569 1617 2600; x_wconf 91' lang='lat' dir='ltr'><strong>neque</strong></span> <span class='ocrx_word' id='word_1_739' title='bbox 1643 2569 1790 2600; x_wconf 89' lang='lat' dir='ltr'><strong>compun-</strong></span> 
     </span>
    </p>
   </div>
   <div class='ocr_carea' id='block_1_110' title="bbox 967 2605 1786 2646">
    <p class='ocr_par' dir='ltr' id='par_1_110' title="bbox 967 2605 1786 2646">
     <span class='ocr_line' id='line_1_110' title="bbox 967 2605 1786 2646; baseline -0.001 -8"><span class='ocrx_word' id='word_1_740' title='bbox 967 2608 1108 2645; x_wconf 79' lang='lat' dir='ltr'><strong>ctionem,</strong></span> <span class='ocrx_word' id='word_1_741' title='bbox 1125 2607 1168 2637; x_wconf 91' lang='lat' dir='ltr'><strong>vel</strong></span> <span class='ocrx_word' id='word_1_742' title='bbox 1185 2607 1340 2646; x_wconf 61' lang='lat' dir='ltr'><strong>lacrymas,</strong></span> <span class='ocrx_word' id='word_1_743' title='bbox 1354 2606 1399 2636; x_wconf 88' lang='lat' dir='ltr'><strong>vel</strong></span> <span class='ocrx_word' id='word_1_744' title='bbox 1415 2605 1624 2644; x_wconf 83' lang='lat' dir='ltr'><strong>humilitatem,</strong></span> <span class='ocrx_word' id='word_1_745' title='bbox 1640 2607 1686 2637; x_wconf 82' lang='lat' dir='ltr'><strong>vel</strong></span> <span class='ocrx_word' id='word_1_746' title='bbox 1702 2616 1786 2637; x_wconf 93' lang='lat' dir='ltr'><strong>com-</strong></span> 
     </span>
    </p>
   </div>
   <div class='ocr_carea' id='block_1_111' title="bbox 966 2651 1790 2692">
    <p class='ocr_par' dir='ltr' id='par_1_111' title="bbox 966 2651 1790 2692">
     <span class='ocr_line' id='line_1_111' title="bbox 966 2651 1790 2692; baseline -0.001 -10"><span class='ocrx_word' id='word_1_747' title='bbox 966 2651 1133 2692; x_wconf 86' lang='lat' dir='ltr'><strong>passionem</strong></span> <span class='ocrx_word' id='word_1_748' title='bbox 1149 2662 1156 2688; x_wconf 85' lang='lat'><strong>;</strong></span> <span class='ocrx_word' id='word_1_749' title='bbox 1169 2652 1270 2681; x_wconf 87' lang='lat' dir='ltr'><strong>omnia</strong></span> <span class='ocrx_word' id='word_1_750' title='bbox 1287 2655 1387 2682; x_wconf 88' lang='lat' dir='ltr'><strong>autem</strong></span> <span class='ocrx_word' id='word_1_751' title='bbox 1400 2655 1515 2680; x_wconf 74' lang='lat' dir='ltr'><strong>tumore</strong></span> <span class='ocrx_word' id='word_1_752' title='bbox 1530 2655 1558 2680; x_wconf 90' lang='lat' dir='ltr'><strong>et</strong></span> <span class='ocrx_word' id='word_1_753' title='bbox 1570 2651 1709 2690; x_wconf 88' lang='lat' dir='ltr'><strong>superbia</strong></span> <span class='ocrx_word' id='word_1_754' title='bbox 1719 2655 1790 2682; x_wconf 84' lang='lat' dir='ltr'><strong>Sunt</strong></span> 
     </span>
    </p>
   </div>
   <div class='ocr_carea' id='block_1_112' title="bbox 966 2695 1789 2737">
    <p class='ocr_par' dir='ltr' id='par_1_112' title="bbox 966 2695 1789 2737">
     <span class='ocr_line' id='line_1_112' title="bbox 966 2695 1789 2737; baseline -0.001 -10"><span class='ocrx_word' id='word_1_755' title='bbox 966 2697 1073 2737; x_wconf 84' lang='lat' dir='ltr'><strong>plena:</strong></span> <span class='ocrx_word' id='word_1_756' title='bbox 1091 2696 1170 2727; x_wconf 80' lang='lat' dir='ltr'><strong>unde</strong></span> <span class='ocrx_word' id='word_1_757' title='bbox 1182 2696 1211 2726; x_wconf 86' lang='lat' dir='ltr'><strong>in</strong></span> <span class='ocrx_word' id='word_1_758' title='bbox 1225 2697 1370 2736; x_wconf 75' lang='lat' dir='ltr'><strong>profunda</strong></span> <span class='ocrx_word' id='word_1_759' title='bbox 1384 2695 1510 2735; x_wconf 75' lang='lat' dir='ltr'><strong>Spiritus</strong></span> <span class='ocrx_word' id='word_1_760' title='bbox 1538 2703 1570 2725; x_wconf 88' lang='lat' dir='ltr'><strong>se</strong></span> <span class='ocrx_word' id='word_1_761' title='bbox 1585 2695 1739 2734; x_wconf 84' lang='lat' dir='ltr'><strong>mergendi</strong></span> <span class='ocrx_word' id='word_1_762' title='bbox 1754 2705 1789 2726; x_wconf 82' lang='lat' dir='ltr'><strong>ex</strong></span> 
     </span>
    </p>
   </div>
   <div class='ocr_carea' id='block_1_113' title="bbox 966 2738 1788 2781">
    <p class='ocr_par' dir='ltr' id='par_1_113' title="bbox 966 2738 1788 2781">
     <span class='ocr_line' id='line_1_113' title="bbox 966 2738 1788 2781; baseline -0.002 -9"><span class='ocrx_word' id='word_1_763' title='bbox 966 2741 1072 2781; x_wconf 87' lang='lat' dir='ltr'><strong>seipsis</strong></span> <span class='ocrx_word' id='word_1_764' title='bbox 1087 2741 1145 2771; x_wconf 86' lang='lat' dir='ltr'><strong>vim</strong></span> <span class='ocrx_word' id='word_1_765' title='bbox 1161 2750 1221 2771; x_wconf 92' lang='lat' dir='ltr'><strong>non</strong></span> <span class='ocrx_word' id='word_1_766' title='bbox 1237 2740 1356 2772; x_wconf 90' lang='lat' dir='ltr'><strong>habent.</strong></span> <span class='ocrx_word' id='word_1_767' title='bbox 1376 2739 1461 2770; x_wconf 84' lang='lat' dir='ltr'><strong>Nulla</strong></span> <span class='ocrx_word' id='word_1_768' title='bbox 1474 2738 1553 2769; x_wconf 88' lang='lat' dir='ltr'><strong>enim</strong></span> <span class='ocrx_word' id='word_1_769' title='bbox 1564 2738 1637 2779; x_wconf 90' lang='lat' dir='ltr'><strong>ipsis</strong></span> <span class='ocrx_word' id='word_1_770' title='bbox 1648 2739 1726 2770; x_wconf 88' lang='lat' dir='ltr'><strong>inest</strong></span> <span class='ocrx_word' id='word_1_771' title='bbox 1740 2739 1788 2770; x_wconf 84' lang='lat' dir='ltr'><strong>lux</strong></span> 
     </span>
    </p>
   </div>
  </div>
