1976 3067
81 136 151 168 905

83 249 264 288 πραγμάτων,
282 251 304 278 οἱ
327 249 366 286 μὴ
391 249 459 277 κατὰ
480 249 561 288 λόγον
589 249 639 282 τὴν
664 249 763 276 ἑαυτῶν
794 259 912 281 πεποιη-

85 293 167 325 κότες
203 294 356 334 ἀπαταγῆν,
399 293 467 331 μηδὲ
503 292 653 330 διδασκάλῳ
688 294 838 333 χρήσασθαι
870 294 914 321 καὶ

86 336 182 377 ὁδηγῷ
203 338 373 376 βουληθέντες
402 338 431 366 ἐκ
454 339 611 379 προοιμίων,
643 337 711 366 ἀλλὰ
733 341 767 376 τῇ
787 337 838 373 ἰδίᾳ
852 349 914 366 συν-

88 381 146 410 ἐσει
181 383 418 422 ἀκολουθήσαντες,
455 384 498 411 καὶ
531 382 654 423 φανέντες
683 382 794 411 ἐνώπιον
829 383 914 411 αὐτῶν

87 426 280 466 ἐπιστήμονες.

133 466 182 502 ια’.
213 471 277 501 Οὔτε
299 474 351 501 τῶν
380 472 540 510 σωματικῶν
567 473 658 500 παθῶν
686 473 734 503 τὰς
763 472 914 503 νοσοποιοὺς

88 516 178 548 αἰτίας
206 516 309 545 δύναταί
334 528 374 549 τις
410 516 523 556 ἀκριϐῶς
556 515 662 556 εἰδέναι,
691 517 735 544 καὶ
762 517 808 548 τὰς
836 518 913 555 θερα-

89 562 170 592 ⁵ιἐίιίς
194 561 291 595 αὒτῶν,
316 560 376 589 ἄνευ
403 562 494 601 πείρας
518 560 621 594 πολλῆς
642 563 691 594 τῆς
719 562 837 600 ἰατρικῆς
859 561 916 589 ἐπι-

90 606 211 642 στήμης,
243 606 302 634 οὒτε
329 609 382 634 τῶν
412 608 546 646 ψυχικῶν,
576 603 636 633 ἄνευ
664 608 713 639 τῆς
736 605 838 639 πολλῆς
859 606 917 645 περὶ

91 653 177 677 ταῦτα
210 650 362 685 ἀσκήσεως,
401 649 511 684 Ἐπειδὴ
546 649 636 689 ὥσπερ
675 649 790 690 σφαλερὰ
831 649 916 688 δοκεῖ,

91 695 138 722 καὶ
160 693 258 733 ὀλίγοις
273 694 370 733 κομιδῆ
386 694 532 734 εὸγνωστος
554 695 572 727 ἡ
601 697 654 722 τῶν
682 697 841 731 σωματικῶν
870 705 917 722 νο-

93 739 224 776 σημάτων
246 739 398 777 διάγνωσις,
421 740 479 778 περὶ
501 739 532 771 ἢν
557 739 574 771 ἡ
603 742 656 766 τῶν
683 739 778 778 ἰατρῶν
806 739 919 777 καταγί-

93 794 167 811 νεται
211 783 359 821 ἐπιστήμη,
406 782 474 811 οὕτω
516 782 697 830 σφολερωτέρει
741 784 785 811 καὶ
828 782 920 820 πολλῴ

93 827 210 865 μᾶλλον,
226 827 244 861 ἣ
266 828 365 864 ἐκείνη,
392 828 409 861 ἡ
438 830 489 855 τῶν
519 829 652 866 ψυχικῶν.
680 827 747 863 Ὁσῳ
771 827 820 866 γὰρ
842 828 919 867 ψυχὴ

94 872 220 909 σώματος
235 873 371 912 κρείττων,
384 875 507 900 τοσοῦτον
518 872 599 909 μείζω
607 872 640 899 τὰ
650 871 751 905 ἐκείνης
763 873 806 900 καὶ
821 870 918 900 δυσκα-

93 916 212 950 τανόητα
227 917 310 957 πάθη,
327 916 345 950 ἢ
359 919 405 944 τοῦ
420 916 578 956 φαινομένου
594 919 673 944 πᾶσιν
688 917 817 950 αἰσθητῶς
828 917 919 944 τούτου

95 961 221 998 σώματος
226 984 233 992 ,

139 1000 187 1043 ιβ’.
204 1005 284 1033 Φύσει
305 1012 364 1036 τοῖς
392 1005 538 1044 ἀνθρώποις
565 1005 591 1032 αἱ
619 1005 718 1043 γενικαὶ
733 1005 776 1032 καὶ
791 1003 918 1044 ἄρχουσαι

95 1050 128 1077 τὸ
143 1049 237 1078 λοιπὸν
258 1050 347 1089 ἀρεταὶ
362 1050 577 1085 συνεκτίσθησαν,
601 1047 646 1088 ἀφ’
667 1050 704 1076 ὤν
727 1050 762 1080 ὼς
779 1048 808 1077 ἐκ
821 1049 918 1077 τεσσά-

97 1105 151 1133 ρων
167 1094 258 1134 ἀρχῶν
270 1095 294 1122 οἱ
315 1094 429 1131 ποταμοὶ
444 1095 496 1121 τῶν
511 1092 599 1121 ἄλλων
609 1093 717 1121 ἀπασῶν
732 1093 830 1133 ἀρετῶν
844 1092 919 1126 πλη-

98 1143 203 1178 ροῦνται
217 1138 329 1176 ὑδάτων,
346 1139 390 1166 καὶ
417 1138 549 1172 ποτίζουσι
579 1138 628 1171 τὴν
655 1136 733 1165 πόλιν
761 1142 806 1167 τοῦ
828 1141 894 1165 Θεοῦ
911 1146 917 1152 “

96 1183 158 1216 ἥτις
187 1183 256 1211 ἐστὶν
284 1184 301 1216 ἡ
330 1182 508 1222 καθαιρομένη
541 1180 643 1221 καρδία,
679 1182 722 1210 καὶ
750 1181 920 1221 παρακαλου-

99 1228 167 1265 μένη
189 1227 230 1255 διὰ
252 1226 381 1266 δακρύων.
408 1227 507 1258 Ταύτας
535 1227 549 1254 ὁ
570 1227 689 1264 τηρήσας
718 1226 920 1258 ἁκατασείστους

99 1272 154 1300 ἀπὸ
175 1272 228 1300 τῶν
255 1272 410 1309 πνευμάτων
435 1274 483 1304 τῆς
512 1271 650 1310 πονηρίας,
680 1270 698 1304 ἣ
725 1271 921 1308 ὁσυμπτωθεί-

99 1328 148 1349 σας
184 1316 225 1344 διὰ
257 1316 345 1344 πόνων
378 1315 486 1344 πολλῶν
520 1318 569 1349 τῆς
607 1315 746 1353 μετανοίας
774 1315 919 1355 ἀνεγείρας,

100 1363 177 1390 οἷκον
206 1362 290 1398 ἐαυτῷ
317 1360 452 1399 βασιλικὸν
474 1361 518 1389 καὶ
548 1360 676 1388 παλάτιον
705 1359 820 1400 ἤγειρεν,
844 1360 871 1387 ἐν
899 1362 922 1397 ᾧ

100 1408 186 1446 μονὴν
220 1414 337 1436 ποιεῖται
366 1408 380 1435 ὁ
409 1406 534 1438 Βασιλεὺς
568 1409 615 1434 τοὺ
655 1406 766 1443 παντὸς,
803 1406 846 1433 καὶ
874 1406 921 1438 τὰς

100 1453 206 1490 ὑψηλὰς
231 1451 329 1491 δωρεὰς
359 1452 437 1480 αὐτοῦ
464 1457 523 1483 τοῖς
552 1450 635 1482 οὕτως
664 1450 771 1482 ἑαυτοὺς
801 1451 921 1490 εὐτρεπί-

100 1508 176 1525 σασιν
189 1497 307 1537 ἀφθόνως
329 1496 454 1534 ἀπονέμει
469 1497 513 1524 καὶ
527 1494 626 1525 δίδωσι.

143 1536 190 1579 ιγ’,
213 1536 318 1580 Βραχὺς
340 1541 354 1568 ὁ
380 1541 447 1580 βίος,
478 1540 578 1580 μακρὸς
604 1541 618 1568 ὁ
647 1539 751 1579 μέλλων
776 1539 851 1577 αἰὼν,
877 1540 920 1568 καὶ

99 1585 188 1625 ὀλίγον
203 1587 234 1613 τὸ
262 1584 395 1622 διάστημα
415 1587 465 1618 τῆς
493 1585 627 1624 παρούσης
656 1588 739 1620 ζωῆς.
779 1586 919 1624 Ανθρωπος

99 1630 127 1659 δὲ
148 1631 179 1658 τὸ
195 1630 263 1669 μέγα
280 1630 323 1657 καὶ
339 1630 426 1669 βραχὺ
453 1634 529 1658 τοῦτο
550 1632 628 1666 ζῶον,
652 1632 674 1667 ᾧ
695 1629 785 1660 στενὸς
801 1630 814 1656 ὁ
829 1630 919 1668 παρὼν

100 1674 177 1708 ἐδόθη
192 1675 294 1713 καιρὸς,
309 1674 421 1709 ἀσθενής
439 1681 446 1688 '
470 1675 514 1701 καὶ
539 1675 553 1701 ὁ
579 1674 629 1711 μὲν
653 1675 755 1705 στενὸς.
772 1675 786 1701 ὁ
801 1672 829 1701 δὲ
843 1673 921 1701 ἄσϐε-

99 1720 147 1755 νής
162 1728 168 1734 ’
185 1720 215 1747 τὸ
230 1718 257 1746 δὲ
272 1719 443 1758 προκείμενον
458 1717 548 1758 ἆθλον,
564 1719 600 1750 εἷς
615 1717 733 1748 ἐπάθλων
749 1717 921 1754 ἀντιμισθίαν,

101 1764 181 1803 μέγα,
197 1764 301 1803 μυρίους
316 1762 388 1802 ἔχων
402 1763 462 1794 τοὺς
479 1762 625 1802 σκόλοπας,
643 1763 685 1791 καὶ
701 1763 736 1794 εἷς
751 1762 922 1801 βραχυτάτην

101 1808 248 1836 κινδυνεῦον
263 1807 345 1842 ζωήν.

143 1847 186 1884 ιδ’,
215 1853 250 1880 Οὖ
277 1850 398 1889 βούλεται
432 1854 485 1879 τῶν
513 1850 660 1879 σπουδαίων
688 1850 738 1884 τὴν
766 1850 886 1889 ἐργασίαν
908 1851 921 1876 ὸ

103 1898 167 1928 Θεὸς
201 1895 373 1924 ἀϐασάνιστον
409 1895 491 1935 εἶναι,
528 1894 596 1922 ἀλλὰ
623 1895 667 1923 καὶ
693 1894 751 1922 λίαν
780 1893 921 1931 δεδοκιμα-

102 1941 213 1979 σμένην,
239 1941 287 1968 Διὰ
307 1944 384 1969 τοῦτο
405 1939 449 1967 οὖν
470 1940 500 1966 τὸ
528 1950 579 1978 πυρ
607 1938 732 1978 ἐπαφίησι
753 1941 806 1966 τῶν
828 1948 923 1976 πειρα-

103 1989 188 2026 σμῶν,
203 1986 246 2014 καὶ
267 1985 317 2018 τὴν
339 1985 418 2024 χάριν
448 1982 583 2012 συστέλλει
611 1984 677 2023 πρὸς
706 1982 794 2022 ὀλίγον
819 1982 868 2015 τὴν
883 1982 924 2010 δι-

102 2030 215 2068 δομένην
236 2030 327 2060 αὐτοῖς
353 2027 462 2065 ἄνωθεν,
493 2028 537 2056 καὶ
561 2031 614 2055 τῶν
637 2027 772 2066 λογισμῶν
800 2027 849 2060 τὴν
870 2037 923 2065 γα-

103 2075 186 2110 λήνην
213 2074 264 2102 ὑπὸ
290 2075 342 2102 τῶν
364 2073 520 2110 πνευμάτων
552 2074 601 2106 τῆς
630 2071 757 2111 πονηρίας
785 2071 922 2108 κυμανθῆ-

102 2131 144 2148 ναι
165 2120 233 2147 κατὰ
257 2118 348 2157 καιρὸν
370 2123 506 2157 συγχωρεῖ
523 2127 530 2134 ·
554 2115 590 2144 't'v'
619 2115 666 2154 ἴδῃ
694 2116 743 2149 τὴν
764 2115 847 2154 ῥοπὴν
874 2119 922 2150 τῆς

102 2166 205 2203 ψυχης,
221 2163 270 2191 τίνι
285 2163 315 2190 τὸ
330 2161 455 2190 πλεῖστον
483 2161 620 2201 χαρίζεται
631 2169 637 2176 ·
662 2160 771 2199 πότερον
794 2161 865 2196 αὐτῴ
885 2163 924 2196 τῷ

102 2209 202 2245 ποιητῇ
215 2207 259 2234 καὶ
279 2205 401 2245 εὐεργέτῃ
430 2205 524 2242 αὐτῆς,
547 2205 565 2239 ἢ
596 2208 630 2243 τῇ
659 2205 775 2239 αἰσθήσει
804 2208 851 2233 τοῦ
879 2203 910 2231 κό

101 2263 179 2289 σμου,
208 2251 252 2279 καὶ
271 2253 310 2287 τῷ
338 2249 400 2286 λείῳ
425 2250 475 2282 τῆς
503 2248 601 2283 ἢδονῆς
619 2257 626 2263 ·
650 2250 694 2276 καὶ
723 2248 806 2279 οὕτως
833 2247 851 2281 ἢ
873 2248 924 2281 τὴν

102 2296 180 2336 γάριν
214 2294 377 2329 διπλασιάζει
414 2294 517 2330 αὐτοῖς,
559 2293 754 2333 προκόπτουσιν
797 2292 833 2323 εἰς
873 2292 923 2325 τὴν

102 2330 208 2380 ἆῆγαπην
227 2339 318 2376 αὑτοῦ,
347 2339 364 2373 ἢ
396 2339 512 2377 μαστίζει
541 2330 648 2370 τοιίτους
676 2344 735 2369 τοῖς
763 2342 924 2376 πειρασμοῖς

101 2385 145 2414 καὶ
172 2390 232 2416 ταῖς
267 2383 381 2421 θλίψεσι,
412 2382 621 2423 προσκειμένους
657 2389 714 2414 τοῖς
743 2382 896 2421 πράγμασιν
913 2388 920 2395 ·

101 2430 151 2460 ἕως
166 2430 195 2457 οὗ
216 2435 297 2466 μῖσος
313 2425 413 2456 λάϐωσι
427 2431 478 2456 τῶν
494 2426 635 2467 ὁρωμένων
652 2429 700 2460 τῆς
717 2426 831 2455 ἀστάτου
846 2436 923 2465 περι-

102 2476 193 2514 φορᾶς,
209 2473 253 2501 καὶ
268 2472 316 2506 τὴν
338 2472 441 2511 πικρίαν
462 2475 517 2500 τῶν
544 2472 645 2500 ἐκεῖθεν
675 2470 774 2505 ἡδονῶν
804 2469 926 2509 δάκρυσιν

102 2517 294 2547 ἀποκλύσονται
299 2539 306 2546 .

143 2557 187 2593 ιε’.
203 2565 258 2596 Τῆς
273 2562 379 2601 εἰρήνης
406 2563 459 2588 τῶν
488 2561 624 2601 λογισμῶν
650 2561 701 2588 ὑπὸ
721 2563 774 2588 τῶν
803 2559 925 2596 πνευμά-

102 2619 153 2636 των
189 2609 238 2640 si:
272 2606 400 2645 πονηρίας
437 2605 657 2646 ἐκταραχθείσης,
694 2604 786 2634 αὐτίκα
820 2605 864 2632 καὶ
892 2603 925 2632 τὰ

104 2651 279 2692 πεπυρωμένα
313 2650 378 2689 βέλη
414 2653 462 2683 τῆς
496 2651 644 2689 ἐπιθυμίας,
673 2650 740 2678 κατὰ
772 2652 817 2677 τοῦ
844 2648 923 2681 ὀξέως

102 2697 243 2738 τρέχοντος
272 2697 338 2735 πρὸς
367 2696 400 2724 τὰ
512 2697 584 2735 νοός,
613 2696 684 2724 πααὺ
712 2697 765 2722 τῶν
792 2695 924 2738 (inps-97.11:»:

103 2732 341 2781 naiutptlocipiimv
376 2739 520 2780 δαιμόνων,
549 2740 697 2777 πέμπονται
726 2741 857 2777 συνεχῶς.
897 2732 925 2765 Ὀ

325 2825 452 2855 ΡΑτιιοι..
472 2823 527 2856 Gn.
542 2823 626 2856 CXX.

576 135 823 169 PHYSICOBUM
847 133 1018 168 CAPITUM
1041 136 1238 168 CENTURIA
1260 138 1288 168 II

127 200 158 236 ι’.
176 206 297 241 Παίζουσι
321 206 370 239 τὴν
400 203 544 243 εὖσέϐειαν,
573 206 617 233 καὶ
637 204 773 240 παίζονται
789 204 837 232 ὕπὸ
858 204 943 230 uina

1717 135 1778 168 906

996 204 1042 233 10.
1060 202 1179 234 Ludunt
1195 203 1333 243 pietatem
1357 207 1386 234 et
1412 203 1555 235 luduntur
1568 204 1605 236 ab
1620 204 1775 246 operibus,

955 245 1004 286 qui
1020 255 1078 277 non
1094 247 1201 287 seipsis
1216 247 1434 280 rationabiliter
1448 245 1703 286 renuntiaverunt,
1722 259 1776 281 nec

956 290 1095 329 magistro
1111 291 1155 321 vel
1172 292 1248 323 duce
1273 293 1314 323 uti
1345 293 1446 324 volunt
1473 293 1509 324 ab
1525 293 1621 331 initio,
1638 294 1689 324 sed
1708 304 1777 334 pro-

957 335 1052 375 prium
1064 340 1228 376 sequuntur
1239 337 1407 377 consilium,
1422 341 1451 368 et
1459 338 1577 369 sibimet
1584 338 1655 378 ipsis
1663 339 1778 380 sapien—

957 383 1002 410 tes
1016 379 1163 411 videntur.

997 469 1046 500 il.
1060 469 1155 500 Nemo
1169 473 1264 510 potest
1277 469 1446 502 morbilicas
1457 471 1627 512 passionum
1644 473 1779 513 corporis

957 522 1060 544 causas
1075 523 1238 554 earumque
1252 514 1398 545 medi-lam
1414 516 1589 556 percallere,
1606 517 1672 548 sine
1688 518 1780 548 multa

957 558 1089 588 scientiae
1101 559 1253 590 medicalis
1265 560 1462 599 experientia;
1477 570 1532 591 nec
1543 562 1709 601 passionum
1717 562 1781 592 ani-

960 611 1024 640 mae,
1048 602 1113 633 sine
1140 603 1230 633 multo
1257 603 1337 634 circa
1361 604 1412 634 has
1440 605 1594 636 exercitio.
1624 605 1777 646 Siquidem

959 650 1098 686 quantum
1112 646 1226 678 lubrica
1239 647 1353 678 videtur
1365 653 1393 678 ct
1404 649 1505 689 paucis
1517 651 1720 682 tantummodo
1730 660 1778 682 ac-

961 695 1060 722 curate
1075 692 1285 729 cognoscibilis
1309 692 1479 723 morborum
1505 694 1640 735 corporis
1661 695 1776 733 notitia,

961 735 1040 766 circa
1050 745 1137 775 quam
1154 741 1288 767 versatur
1302 738 1483 768 medicorum
1499 738 1640 776 scientia;
1661 744 1776 771 tantum

962 784 989 810 et
1006 780 1096 810 multo
1113 780 1203 819 magis
1219 780 1348 812 difficilis
1364 785 1409 813 est
1425 782 1596 813 morborum
1608 784 1714 815 anima
1725 794 1776 815 co-

932 833 949 856 n
961 824 1066 864 gnitio.
1080 824 1192 860 Quanto
1205 825 1284 856 enim
1294 826 1411 865 corpori
1433 831 1549 866 praestat
1569 828 1678 866 anima,
1697 832 1778 860 tanto

961 869 1072 908 majora
1079 869 1230 908 etcognitu
1240 869 1407 901 difﬁciliora
1417 872 1566 913 suntmala
1577 873 1683 904 animae
1690 883 1777 914 quam

961 914 1036 943 mala
1054 913 1188 953 corporis
1205 914 1293 953 hujus
1308 915 1447 945 omnibus
1462 915 1595 949 visibilis.

1003 1001 1049 1047 i2.
1064 1002 1175 1047 Natura
1185 1002 1356 1034 hominibus
1368 1009 1478 1035 matres
1495 1005 1647 1047 ducesque
1657 1011 1780 1038 caetera-

960 1054 1026 1076 rum
1038 1046 1133 1076 insitae
1144 1051 1212 1077 sunt
1223 1047 1356 1087 virtutes,
1366 1057 1382 1078 e
1397 1048 1505 1088 quibus
1521 1046 1643 1081 velut’ex
1657 1056 1782 1092 quatuor

961 1090 1090 1121 fontibus
1103 1091 1181 1121 ﬂuvii
1188 1091 1370 1132 reliquarum
1378 1093 1514 1124 virtutum
1522 1094 1605 1134 aquis
1614 1090 1781 1135 replentur,

963 1138 990 1164 et
1004 1135 1284 1173 irrigantcivitatem
1299 1136 1364 1176 Dei,
1382 1147 1446 1177 quae
1470 1142 1513 1168 est
1531 1148 1582 1169 cor
1599 1140 1781 1179 puriﬁcatum

963 1184 991 1210 et
1002 1179 1139 1219 lacrymis
1148 1180 1316 1212 allevatum.
1330 1180 1397 1211 Illas
1408 1182 1458 1222 qui
1478 1187 1576 1213 servat
1591 1183 1784 1216 inconcussas

961 1233 978 1253 a
992 1223 1144 1270 spiritibus
1158 1224 1306 1270 malignis,
1325 1225 1367 1255 vel
1392 1226 1441 1266 qui
1466 1226 1566 1266 lapsus
1581 1229 1710 1268 resurgit
1731 1238 1784 1270 per

963 1267 1070 1297 multos
1083 1269 1265 1308 paenitentiae
1275 1269 1404 1307 labores,
1425 1270 1481 1300 sibi
1495 1271 1615 1302 domum
1632 1267 1718 1303 struit
1731 1267 1784 1304 re-

962 1312 1038 1350 giam
1054 1313 1243 1352 etpalatium,
1255 1313 1284 1343 in
1298 1323 1355 1354 quo
1369 1315 1551 1346 mansionem
1568 1316 1638 1347 facit
1648 1317 1782 1349 omnium

962 1356 1150 1396 gubernator,
1161 1366 1287 1398 suasque
1297 1358 1573 1398 superabundantes
1583 1360 1699 1392 divitias
1706 1361 1784 1393 bene

964 1401 1133 1440 praeparatis
1144 1403 1263 1442 copiose
1277 1401 1428 1433 distribuit
1442 1407 1471 1434 et
1485 1404 1618 1443 largitur.

931 1470 950 1493 C

1004 1535 1050 1566 l3.
1066 1534 1167 1566 Brevis
1183 1540 1228 1566 est
1242 1535 1308 1574 vita,
1326 1537 1446 1576 longum
1462 1540 1579 1577 tempus
1595 1537 1738 1580 futurum,
1755 1543 1784 1572 et

961 1588 1079 1618 parvum
1105 1580 1170 1610 vitae
1199 1580 1353 1619 prmsentis
1382 1581 1521 1621 spatium.
1551 1581 1655 1617 Homo.
1674 1584 1784 1616 animal

961 1622 1033 1652 illud
1049 1632 1188 1662 magnum
1217 1629 1247 1654 et
1272 1633 1403 1663 parvum,
1435 1625 1483 1656 cui
1513 1625 1601 1657 breve
1624 1627 1724 1658 datum
1740 1633 1786 1660 est

965 1675 1094 1712 praesens
1110 1671 1238 1707 tempus,
1256 1668 1364 1699 debilis
1388 1674 1452 1701 est:
1485 1670 1587 1710 sicque
1611 1675 1726 1712 tempus
1741 1677 1785 1703 est

965 1710 1063 1747 breve,
1081 1711 1169 1742 homo
1186 1712 1311 1751 debilis;
1324 1717 1353 1743 at
1368 1713 1503 1744 bravium
1518 1715 1554 1745 ad
1570 1710 1785 1748 remuneratio-

963 1755 1203 1786 nematlielarum
1211 1757 1786 1797 olferturmagnum,innumerashabens

964 1808 1079 1839 cruces,
1096 1804 1124 1830 et
1139 1801 1278 1840 periculis
1292 1801 1357 1832 vitae
1372 1802 1553 1834 brevissimae
1567 1804 1743 1844 expositum.

1008 1844 1051 1875 l4.
1070 1843 1133 1875 Non
1150 1846 1209 1875 vult
1235 1845 1312 1876 Deus
1341 1846 1486 1877 bonorum
1509 1843 1787 1888 operaitentaminis

964 1888 1096 1928 expertia
1111 1898 1188 1927 esse,
1203 1889 1253 1920 sed
1266 1890 1349 1921 valde
1369 1891 1500 1931 probari.
1515 1893 1671 1932 Propterea
1686 1894 1785 1934 ignem

965 1933 1162 1978 tentationum
1179 1934 1323 1972 immittit,
1342 1940 1372 1966 et
1387 1936 1422 1966 ad
1449 1940 1565 1976 tempus
1580 1933 1708 1969 retrahit
1720 1949 1784 1978 gra-

968 1977 1037 2007 tiam
1055 1977 1113 2008 illis
1126 1978 1223 2008 datam
1248 1979 1387 2019 desuper,
1416 1984 1444 2011 et
1473 1981 1686 2020 cogitationum
1703 1977 1786 2014 tran-

966 2022 1139 2067 quillitatem
1155 2027 1330 2063 tempestate
1343 2024 1510 2064 perturbari
1525 2026 1699 2065 tempestive
1716 2037 1785 2067 per-

966 2065 1073 2112 mittit:
1106 2072 1136 2112 ut
1159 2067 1256 2098 videat
1285 2069 1514 2108 propensionem
1544 2070 1662 2108 animae,
1680 2065 1785 2112 inquo

965 2109 1021 2141 sibi
1038 2110 1163 2142 maxime
1187 2112 1379 2151 complaceat,
1406 2117 1504 2144 utrum
1532 2113 1562 2144 in
1577 2123 1631 2145 suo
1649 2109 1787 2148 Creatore

933 2147 1000 2185 I’ac
1016 2154 1216 2193 benefactore,
1233 2147 1270 2187 an
1286 2156 1317 2187 in
1333 2147 1424 2188 sensu
1454 2158 1556 2189 mundi
1573 2159 1786 2201 voluptatisque

966 2199 1122 2245 dulcedine
1139 2209 1147 2238 ;
1175 2204 1243 2232 tunc
1271 2210 1340 2232 vero
1357 2203 1401 2233 vel
1419 2203 1541 2242 gratiam
1557 2199 1788 2245 suamiduplicat

966 2243 1008 2274 eis
1024 2244 1048 2274 si
1067 2254 1176 2285 nempe
1200 2245 1230 2276 in
1255 2246 1318 2286 ejus
1342 2256 1444 2278 amore
1468 2247 1633 2287 proﬁciant,
1659 2243 1707 2280 vel
1730 2251 1785 2281 ﬂa—

965 2289 1056 2328 gellat
1071 2298 1121 2319 eos
1138 2291 1292 2321 tormentis
1306 2300 1340 2321 ac
1363 2291 1616 2331 tribulationibus,
1641 2293 1666 2324 si
1686 2303 1785 2325 rerum

964 2333 1124 2373 cupiditate
1135 2334 1282 2373 laborent,
1300 2336 1495 2376 quoadusque
1510 2338 1679 2369 instabilem
1691 2339 1788 2370 visibi-

965 2377 1037 2408 lium
1046 2378 1281 2410 vicissitudinem
1294 2380 1350 2417 osi,
1358 2381 1585 2413 amaritudinem
1598 2385 1786 2415 terrenarum

966 2422 1149 2463 voluptatum
1164 2424 1300 2465 lacrymis
1318 2429 1455 2465 purgent.

1006 2557 1055 2602 15.
1067 2555 1292 2602 Tranquillitate
1303 2559 1515 2599 cogitationum
1531 2570 1549 2592 a
1559 2561 1712 2602 spiritibus
1724 2572 1789 2593 ma-

966 2601 1053 2640 lignis
1069 2601 1194 2639 turbata,
1222 2603 1320 2634 statim
1343 2603 1436 2642 ignita
1457 2606 1707 2645 condupiseamiaa
1734 2607 1792 2638 tela

966 2650 1070 2677 contra
1085 2656 1151 2677 eum
1169 2648 1218 2687 qui
1242 2649 1278 2679 ad
1305 2648 1412 2678 mentis
1437 2649 1630 2682 elevationem
1650 2652 1792 2683 velociter

966 2691 1070 2727 currit,
1086 2700 1103 2722 a
1120 2692 1310 2723 venatoribus
1326 2693 1553 2735 carnalibusque
1572 2696 1728 2727 daemoniis
1740 2697 1790 2736 ja-

967 2740 1082 2767 ctantur
1093 2735 1306 2768 indesinenter.
1328 2740 1410 2769 Mens
1417 2748 1430 2770 ι
1437 2748 1488 2770 ero
1496 2748 1512 2771 a
1519 2745 1599 2772 motu
1608 2735 1793 2773 ascensionis

1591 2827 1629 2858 29
