1976 3067
216 155 274 188 907

854 157 1004 188 ΝΙΟΕΤᾹΞ
1025 154 1240 189 PECTORATI

1848 164 1906 196 908

217 223 381 260 remittens,
392 223 800 264 inindecentesimpurosque
811 227 907 255 motus
918 224 1017 255 incidil

1118 235 1147 263 γε
1163 228 1221 256 νοῦς
1235 227 1284 258 τῆς
1312 224 1354 252 ἐπὶ
1377 226 1407 253 τὰ
1436 225 1490 254 ἄνω
1519 228 1649 263 κινήσεως
1671 231 1837 271 περικοπεὶς,
1869 232 1905 262 εἷς

215 273 244 299 et
258 268 301 299 sic
311 268 479 299 inordinate
494 269 649 309 insurgere
665 268 804 299 adversus
816 269 953 309 spiritum
968 278 1036 299 caro

213 313 330 353 incipit,
356 313 573 344 titillationibus
598 314 729 344 animum
759 313 973 354 ardoribusque
989 319 1034 344 at—

215 358 346 396 trahens,
364 358 439 388 etin
467 358 610 398 abyssum
637 358 793 398 voluptatis
821 367 889 389 eum
904 358 1035 398 dejicere

213 403 349 443 cupiens.
377 402 412 433 Et
438 403 496 433 nisi
523 403 668 434 Dominus
693 403 821 434 Sabaoth
836 402 1035 433 abbreviasset

213 447 278 478 dies
295 447 373 485 illos,
389 457 423 478 ac
439 448 574 479 virtutem
600 447 824 489 perseverantiae
839 447 956 478 famulis
972 447 1033 478 suis

213 491 411 531 retribuisset,
428 502 487 524 non
502 493 606 525 fuisset
620 494 701 525 salva
717 492 814 524 omnis
829 502 897 523 caro
909 493 950 523 39.

257 627 304 657 16.
321 625 537 658 Fornicaticnis
551 627 679 667 daemon,
709 626 739 657 in
769 626 881 656 artibus
897 626 1033 665 dolisque

212 671 335 710 multus,
353 672 418 702 aliis
442 672 474 702 fit
500 672 709 703 oﬂ‘end‘iculum
739 675 767 702 et
780 671 860 702 lacus
882 679 1029 708 caenosus,

211 715 277 746 aliis
292 716 444 756 ﬂagellum
470 721 498 747 et
524 717 605 756 virga
634 717 752 753 vindex,
782 715 847 747 aliis
866 716 988 746 tentatio
1003 719 1033 746 et

209 761 315 791 animae
332 765 522 792 tormentum.
537 761 648 792 Horum
665 761 791 801 primum
805 764 917 800 Spectat
930 761 965 791 ad
982 760 1030 790 ἰηι-

1078 269 1208 308 ἆπρεπετς
1250 270 1367 304 κινήσεις
1407 271 1450 298 καὶ
1479 273 1646 312 πεφυρμένας
1683 269 1834 312 ἐκπίπτει,⁷
1860 277 1904 303 καὶ

1077 313 1158 345 οὕτως
1202 314 1322 345 ἀτάκτως
1363 315 1380 348 ἡ
1424 316 1487 354 σὰρζ
1529 317 1715 346 ἐπανίστασθαι
1754 320 1821 347 κατὰ
1858 324 1905 348 τοῦ

1076 358 1223 395 πνεύματος
1248 357 1370 398 ἄρχεται,
1399 359 1595 398 γαργαλισμοῖς
1625 364 1670 390 τὸν
1693 368 1751 392 νοῦν
1780 365 1825 391 καὶ
1856 376 1904 392 πυ-

1075 403 1184 441 ρώσεσιν
1200 406 1373 444 κατασπῶσα,
1389 405 1432 432 καὶ
1447 406 1513 443 πρὸς
1528 406 1619 445 βόθρον
1633 405 1730 440 ἡδονῆς
1741 411 1903 448 καταχῶσαι

1074 450 1165 475 τοῦτον
1187 447 1357 485 ἐπιθυμοῦσα.
1376 449 1424 476 Καὶ
1448 450 1470 476 εἱ
1494 449 1532 487 μὴ
1558 451 1651 490 Κύριος
1678 450 1790 480 Σαϐαὼθ
1803 447 1903 481 ἐκολό-

1075 490 1143 519 ϐωσε
1168 492 1214 524 τὰς
1240 492 1340 532 ἡμέρας
1363 492 1474 530 ἐκείνας,
1506 495 1549 522 καὶ
1563 494 1671 532 δύναμιν
1688 497 1825 534 ὑπομονῆς
1842 504 1903 529 τοῖς

1075 536 1166 564 ἑαυτοῦ
1202 535 1374 575 ἐπεϐράϐευσε
1410 536 1522 576 δούλοις,
1554 541 1600 568 οὐκ
1636 540 1666 568 ἂν
1701 540 1787 574 ἐσώθη
1824 545 1902 570 πᾶσα

1075 580 1147 619 σάρξ.

1114 620 1174 661 ις’.
1193 620 1222 654 “Ο
1247 628 1296 658 τῆς
1322 627 1442 665 πορνείας
1467 626 1625 666 πολύπειρος
1647 629 1690 656 καὶ
1718 629 1901 667 πολυμέθοὲος

1073 668 1172 706 δαίμων
1194 676 1252 702 τοῖς
1276 671 1324 707 μὲν
1349 671 1448 703 πτῶσις
1476 672 1520 699 καὶ
1548 671 1647 704 λάκκος
1676 672 1803 712 βορϐόρου
1824 676 1900 713 γίνε-

1073 725 1115 741 ται
1132 718 1140 730 ‘
1156 721 1214 746 τοῖς
1230 714 1267 754 δὲ,
1283 713 1376 752 μάστιξ
1391 716 1434 743 καὶ
1447 714 1540 753 ῥάϐδος
1555 715 1640 744 δικαία
1658 727 1666 734 ·
1688 724 1748 749 τοῖς
1764 718 1803 758 δὲ,
1816 726 1900 759 πεῖρα

1072 759 1116 785 καὶ
1137 761 1228 798 ψυχῆς
1243 759 1369 797 βάσανος,
1387 760 1490 788 Τούτων
1515 761 1544 788 τὸ
1576 761 1636 798 μὲν,
1663 763 1721 801 περὶ
1737 763 1797 794 τοὺς
1820 765 1899 791 εἰσα-

210 806 357 837 cboantes
371 806 421 846 qui
437 806 547 837 ascesis
556 806 659 846 jugum
690 805 876 845 negligenter
890 805 985 836 adhuc
1002 815 1017 835 e

1107 805 1201 841 ›γικοὺς
1217 803 1254 831 ἔτι
1270 805 1314 831 τὸν
1329 805 1406 843 ζυγὸν
1427 803 1552 836 ἕλκοντας
1582 808 1630 838 τῆς
1657 806 1806 844 ἀσκήσεως,
1824 809 1900 847 χαύ-

209 849 360 881 incuriose
376 850 514 888 trahunt;
540 850 703 882 secundum
718 851 754 881 ad
768 860 818 880 eos
833 849 883 890 qui
900 849 1029 880 medium

210 897 314 925 tenent
325 895 378 925 via;
388 895 424 925 ad
445 895 584 926 virtutem
603 895 831 936 progredientis,
849 894 902 925 sed
918 894 1029 924 tardius

209 938 246 969 ad
262 948 328 969 eam
346 939 471 970 tendunt
490 950 496 968 :
527 940 644 970 tertium
666 940 794 980 denique
809 939 845 970 ad
862 948 911 970 eos
927 939 976 978 qui
992 939 1028 970 ad

208 983 351 1014 theoriam
365 984 422 1015 alis
435 983 527 1015 animi
544 984 685 1022 extensis,
704 993 801 1024 nuper
815 984 852 1015 ad
868 984 1029 1024 perfectio-

204 1036 269 1058 rem
280 1033 514 1068 properaverunt
523 1029 791 1069 impassibilitatem
806 1039 812 1058 :
827 1033 856 1059 et
867 1029 910 1059 sic
925 1038 1030 1059 unum-

205 1071 343 1113 quodque
356 1077 393 1104 ad
410 1073 566 1104 utilitatem
583 1074 700 1105 coalitus
715 1073 892 1114 disponitur.

246 1161 296 1194 17.
311 1160 528 1194 Offendiculum
542 1167 570 1194 et
581 1163 662 1194 lacus
675 1172 811 1194 caenosus
823 1163 860 1193 iis
872 1163 921 1203 qui
938 1171 1024 1203 pror-

205 1215 255 1236 sus
269 1207 473 1238 indill‘erentes
484 1208 647 1239 solitariam
663 1213 751 1248 agunt
768 1208 868 1248 vitam,
883 1207 915 1237 fit
930 1207 1025 1238 forni-

204 1251 328 1282 cationis
343 1252 470 1293 daemon,
488 1253 623 1283 membra
637 1262 740 1283 eorum
756 1253 881 1293 impuris
897 1252 1026 1282 ﬂammis

202 1303 237 1326 ac
266 1296 422 1328 desideriis
451 1297 591 1333 adurens,
625 1297 744 1338 viasque
772 1297 809 1327 iis
838 1297 973 1337 praebens
988 1296 1025 1327 ad

204 1339 371 1372 faciendam
397 1342 495 1373 carnis
517 1343 709 1380 voluntatem,
739 1342 828 1372 etiam
854 1342 918 1372 sine
947 1351 1025 1372 com<

202 1385 314 1416 mercio
337 1386 448 1417 aterius
472 1386 579 1418 carnis.
607 1387 649 1417 De
678 1386 784 1426 quibus
814 1394 898 1426 turpe
929 1390 973 1416 est
997 1390 1026 1416 et

203 1428 304 1459 dicere
320 1434 348 1460 et
373 1432 513 1470 cogitare.
539 1431 589 1461 Isti
616 1440 735 1462 carnem
766 1434 809 1470 (ut
837 1431 877 1461 ait
891 1430 1022 1470 quidam)

203 1474 362 1511 maculant,
386 1481 415 1506 et
429 1476 540 1506 fructus
558 1476 718 1506 comedunt
737 1484 838 1506 amare
853 1475 1022 1514 voluplatis,

201 1521 231 1570 et
245 1519 347 1570 oculos
358 1519 468 1550 habent
478 1519 604 1559 caligine
616 1520 729 1560 plenos,
742 1529 776 1550 ac
792 1519 897 1550 merito
913 1528 930 1549 a
945 1518 1023 1548 bono
1033 1544 1053 1570 α

202 1561 376 1603 deﬂectunt,
393 1564 499 1604 quibus
524 1564 691 1595 volentibus
714 1564 831 1595 medela
856 1564 911 1594 erit
926 1563 1021 1603 poeni-

203 1607 303 1638 tentiae
313 1608 421 1647 fervor,
439 1613 467 1639 et
482 1609 588 1640 exinde
606 1609 800 1649 lacrymarum
817 1608 1023 1650 compunctio;

203 1661 268 1692 quae
283 1653 392 1684 malum
409 1655 499 1693 fugat,
526 1658 556 1684 et
578 1654 707 1684 animam
724 1659 827 1694 purgat
841 1664 858 1685 a
871 1655 1020 1693 sordibus,

201 1706 327 1737 eamque
355 1698 423 1729 facit
452 1699 559 1730 divina),
580 1699 792 1730 misericordiae
821 1700 1021 1741 participem;

200 1751 287 1782 quam
312 1753 443 1783 congrue
468 1744 565 1774 innuit
585 1744 706 1784 sapiens
720 1745 870 1781 Salomon,
889 1745 993 1776 dicens
1012 1756 1018 1777 :

204 1797 216 1814 α
235 1787 354 1818 Curatio
369 1788 456 1819 faciet
471 1798 587 1820 cessare
601 1793 722 1829 peccata
735 1789 862 1820 maxima
876 1790 917 1821 40.
939 1802 949 1819 ι)

241 1922 288 1954 18.
305 1922 467 1962 Flagellum
486 1928 514 1954 et
528 1923 609 1963 virga
625 1922 728 1954 merito
745 1923 776 1953 fit
803 1923 882 1954 idem
897 1923 1017 1964 spiritus

1071 858 1122 879 νως
1134 849 1177 876 καὶ
1187 847 1293 886 ἀμελῶς
1304 850 1458 888 θεωρεῖται·
1483 851 1513 878 τὸ
1526 849 1565 887 δὲ,
1577 851 1635 890 περὶ
1646 853 1706 882 τοὺς
1721 852 1803 888 μέσον
1816 852 1898 892 ἔλον-

1070 903 1116 923 τας
1132 894 1270 932 προκοπῆς
1289 894 1325 925 εἰς
1349 894 1399 927 τὴν
1423 894 1530 934 ἀρετὴν,
1548 896 1592 922 καὶ
1618 894 1809 935 σχολαιότερον
1831 898 1899 935 πρὸς

1071 938 1152 970 αὐτὴν
1167 937 1395 975 ἐπεκτεινομένους
1414 946 1421 953 ⁶
1452 939 1482 966 τὸ
1507 937 1548 979 δὲ,
1576 940 1634 979 περὶ
1663 940 1724 972 τοὺς
1753 940 1804 974 ἤδη
1829 943 1898 981 πρὸς

1069 982 1176 1020 θεωρίαν
1196 983 1226 1010 τὸ
1257 983 1351 1021 πτερὸν
1382 983 1547 1014 πετάσαντας
1586 985 1629 1012 τοῦ
1663 986 1734 1025 νοὸς,
1765 987 1808 1013 καὶ
1838 987 1898 1026 ἄρτι

1069 1025 1157 1058 καλῶς
1186 1026 1330 1058 ἐλάσαντας
1367 1028 1432 1067 πρὸς
1472 1028 1521 1061 τὴν
1551 1028 1710 1068 τελεωτέραν
1739 1029 1868 1058 ἀπάθειαν
1889 1042 1896 1048 ·

1069 1070 1181 1100 ἑκάστου
1205 1072 1270 1110 πρὸς
1303 1073 1333 1099 τὸ
1363 1072 1493 1112 συμφέρον
1518 1072 1641 1106 δηλονότι
1671 1075 1897 1112 οἷκονομουμένου

1068 1114 1176 1145 ἄνωθεν.

1109 1154 1153 1194 ιζ’.
1171 1159 1273 1192 Πτῶσις
1294 1161 1338 1188 καὶ
1363 1159 1461 1192 λάκκος
1488 1160 1614 1201 βορϐόρου
1634 1169 1692 1194 τοῖς
1714 1163 1741 1190 ἐν
1756 1162 1897 1203 ἀδιαφορία

1067 1203 1139 1241 πάσῃ
1167 1205 1212 1232 τὸν
1247 1205 1350 1244 μονήρη
1386 1204 1516 1234 διανύουσι
1545 1207 1612 1247 βίον,
1650 1209 1663 1235 ὁ
1691 1210 1741 1241 τῆς
1770 1209 1895 1247 πορνείας

1067 1248 1165 1286 γίνεται
1194 1247 1294 1286 δαίμων
1311 1257 1317 1263 ·
1349 1249 1381 1277 τὰ
1403 1249 1472 1287 μέλη
1494 1251 1604 1288 τούτων,
1627 1255 1676 1285 τῆς
1705 1254 1828 1291 πορνείας
1859 1256 1895 1291 τῇ

1067 1291 1144 1331 φλογὶ
1173 1294 1216 1320 καὶ
1237 1296 1270 1331 τῇ
1298 1293 1432 1335 ἐπιθυμίᾳ,
1460 1296 1663 1335 κατεμπιπρῶν,
1693 1298 1736 1325 καὶ
1764 1296 1893 1335 μεθόδους

1067 1339 1192 1378 παρέχων
1209 1339 1298 1371 αὐτοῖς
1313 1341 1348 1371 εἰς
1364 1341 1394 1367 τὸ
1416 1347 1506 1368 ποιεῖν
1527 1342 1558 1368 τὸ
1584 1343 1633 1375 τῆς
1664 1343 1758 1380 σαρκὸς
1773 1342 1892 1380 θέλημα,

1065 1384 1108 1411 καὶ
1127 1383 1195 1413 ’ἄνευ
1223 1385 1327 1423 ὁμιλίας
1358 1385 1447 1425 ἐτέρας
1475 1387 1584 1426 σαρκός.
1614 1388 1677 1427 Περὶ
1705 1390 1740 1416 ὧν
1779 1389 1893 1428 αἰσχρόν

1067 1427 1178 1456 ἐστικαὶ
1204 1428 1302 1469 λέγειν,
1332 1431 1376 1458 καὶ
1402 1431 1513 1462 ἐννοεῖν,
1546 1433 1622 1460 Οὗτοι
1652 1432 1735 1471 σάρκα
1763 1443 1806 1473 τε,
1822 1427 1893 1462 κατὰ

1064 1473 1110 1500 τὸν
1139 1473 1272 1514 εἰρηκότα,
1299 1475 1441 1515 μιαίνουσι,
1471 1476 1514 1503 καὶ
1543 1476 1604 1508 τοὺς
1633 1477 1749 1516 καρποὺς
1778 1476 1892 1507 ἐσθίουσι

1065 1520 1113 1550 τῆς
1129 1517 1245 1557 ἁλμυρᾶς
1263 1518 1373 1559 ἡδονῆς,
1405 1521 1448 1547 καὶ
1476 1521 1556 1560 ζόφου
1584 1521 1631 1552 τὰς
1659 1521 1735 1558 ὄψεις
1751 1521 1891 1560 πληροῦν-

1065 1572 1119 1600 ται,
1156 1563 1199 1590 καὶ
1233 1563 1285 1590 τῶν
1322 1564 1477 1603 κρειττόνων
1516 1563 1621 1597 ἐνδίκως
1654 1565 1890 1604 ἐξαμαρτάνουσιν,

1065 1609 1108 1639 οἷς
1124 1607 1193 1645 ἴαμα
1221 1607 1389 1646 βουλομένοις
1418 1609 1489 1636 ἔσται
1518 1610 1565 1642 τῆς
1594 1610 1734 1646 μετανοίας
1758 1611 1775 1644 ἡ
1791 1611 1889 1649 θέρμη,

1064 1652 1107 1679 καὶ
1130 1653 1148 1685 ἡ
1174 1652 1203 1679 ἐκ
1228 1653 1324 1686 ταύτης
1350 1653 1401 1681 τῶν
1431 1652 1546 1693 δακρύων
1573 1654 1709 1687 κατάνυξις
1726 1664 1735 1672 ·
1765 1655 1823 1687 ἥτις
1845 1656 1892 1683 καὶ

1063 1695 1112 1729 τὴν
1140 1696 1278 1735 ἀποφυγὴν
1304 1701 1349 1725 τοῦ
1381 1701 1463 1726 κακοῦ
1488 1705 1616 1738 ποιεῖται,
1645 1700 1689 1726 καὶ
1716 1698 1765 1732 τὴν
1794 1700 1890 1738 ψυχὴν

1060 1741 1176 1780 καθαίρει
1203 1742 1255 1769 τῶν
1283 1741 1438 1782 μολυσμῶν,
1471 1744 1514 1770 καὶ
1542 1742 1708 1782 κληρονόμον
1738 1744 1819 1777 αὐτὴν
1842 1748 1889 1772 τοῦ

1061 1784 1148 1817 ἐλέους
1178 1790 1243 1815 Θεοῦ
1270 1786 1444 1829 ἀπεργάζεται
1463 1796 1470 1803 ·
1500 1788 1533 1821 ἣν
1562 1789 1670 1820 εἰκότως
1697 1788 1741 1816 καὶ
1767 1789 1781 1815 ὁ
1803 1790 1886 1829 σοφὸς

1060 1831 1238 1867 αἰνιττόμενος
1254 1831 1393 1870 Σολομὼν,
1422 1821 1511 1872 Ἴαμα,
1545 1832 1606 1872 ἔφη,
1623 1833 1770 1860 καταπαύει
1795 1833 1886 1872 ἀμαρ-

1059 1875 1115 1907 τίας
1140 1875 1267 1914 μεγάλας.
1766 1877 1773 1884 “

1099 1915 1149 1953 ιη’,
1180 1920 1279 1953 Μάστιξ
1306 1921 1349 1949 καὶ
1379 1919 1471 1959 ῥάϐδος
1500 1921 1598 1959 γίνεται
1627 1920 1732 1954 δικαίως
1754 1927 1831 1951 τοῦτο
1854 1924 1884 1952 τὸ

197 1966 244 1997 his
256 1967 306 2008 qui
320 1968 350 1998 in
368 1968 461 2008 prima
477 1968 715 2008 impassibilitate
731 1967 854 2007 perfecti
882 1972 949 1998 sunt
965 1977 1017 2008 per

1107 1969 1172 2003 υμα,
1194 1973 1253 1997 τοῖς
1281 1966 1340 2005 περὶ
1364 1967 1413 2000 τὴν
1436 1966 1544 2006 πρώτην
1575 1966 1700 1995 ἀπάθειαν
1726 1966 1884 2005 τελειουμέ-

195 2012 354 2051 practicam
370 2013 601 2053 philosophiam,
631 2022 665 2043 ac
694 2017 834 2043 recenter
863 2013 898 2042 ad
917 2013 1016 2052 perfe-

1107 2022 1110 2041 ;
1144 2009 1185 2038 διὰ
1214 2013 1263 2044 τῆς
1294 2011 1445 2050 ἐμπράκτου
1473 2010 1642 2051 φιλοσοφίας,
1671 2012 1716 2040 καὶ
1744 2014 1883 2051 προκοπὰς

196 2056 289 2087 ctiora
299 2066 391 2089 novos
402 2058 512 2089 faciunt
525 2067 710 2098 progressus.
729 2056 843 2088 Etenim
860 2062 1015 2097 postquam

1107 2066 1113 2082 ι
1153 2055 1322 2092 ποιουμένοις
1357 2056 1399 2083 ἐπὶ
1441 2056 1474 2083 τὰ
1509 2056 1600 2095 πρόσω
1642 2057 1686 2084 καὶ
1720 2056 1882 2096 τελεώτερα,

195 2109 212 2131 a
227 2101 292 2132 vitae
307 2102 441 2133 asceticaz
456 2094 563 2133 robo-re
579 2094 638 2142 prae
652 2107 772 2142 torpore
786 2094 968 2138 defeceruut,
987 2105 1015 2132 et

1107 2100 1187 2132 πλνίκα
1212 2101 1260 2139 γὰρ
1284 2101 1329 2128 τὸν
1358 2100 1432 2128 τόνον
1455 2102 1503 2134 τῆς
1526 2094 1661 2140 ἐχομένης
1684 2101 1824 2136 ἀσκήσεως
1837 2094 1883 2130 oti

196 2145 232 2175 ad
243 2146 492 2178 inconsideratam
504 2156 609 2178 sensus
624 2146 766 2178 mundani
782 2146 925 2176 visionem
942 2155 1014 2186 pau-

1107 2145 1180 2182 δμίας
1222 2143 1372 2184 ἐνδώσουσι,
1402 2146 1446 2173 καὶ
1486 2146 1550 2184 πρὸς
1589 2145 1737 2184 ἀφύλακτον
1771 2147 1882 2185 θεωρίαν

196 2189 289 2221 lulum
306 2191 538 2228 declinaverunt,
556 2196 642 2232 atque
657 2192 686 2222 in
703 2201 801 2221 rerum
820 2191 1014 2221 humanarum

1127 2193 1173 2218 τοῦ
1197 2189 1296 2226 κόσμου
1324 2190 1469 2224 αἰσθήσεως
1498 2191 1588 2229 μικρὸν
1618 2189 1805 2227 ὑπεκκλίνωσι,
1836 2192 1883 2218 καὶ

197 2235 469 2276 concupiscentiam
480 2237 661 2267 devenerunt
675 2245 683 2273 ;
697 2235 793 2267 statim
806 2235 955 2274 ﬂagellans
966 2235 1016 2265 ille

1107 2248 1108 2253 η
1138 2233 1304 2272 ἀνθρωπίνων
1338 2235 1502 2273 πραγμάτων
1531 2233 1557 2262 ἐν
1586 2234 1709 2272 ἐπιθυμίᾳ
1737 2234 1880 2273 γένωνται,

198 2284 301 2310 contra
317 2290 368 2311 eos
383 2280 562 2321 immittitur,
579 2291 596 2312 a
616 2281 730 2319 fastigio
745 2280 836 2310 divini
852 2289 920 2319 ergo
936 2280 1015 2320 ipsos

1109 2281 1201 2305 ικαῧτα
1229 2279 1271 2306 καὶ
1290 2280 1314 2306 ‘6
1345 2279 1474 2316 μαστίζων
1510 2279 1585 2310 οὗτος
1622 2277 1681 2307 κατ’
1711 2279 1796 2307 αὐτῶν
1828 2279 1880 2307 ἐπ-

196 2325 318 2366 amoris,
335 2335 498 2366 eorumque
523 2328 655 2357 animum
686 2325 844 2356 verberare
865 2324 1016 2364 cogitatio-

1107 2333 1170 2361 εται,
1198 2322 1223 2355 ἐξ
1252 2323 1331 2363 ἄκρας
1359 2326 1409 2357 τῆς
1431 2329 1477 2352 τοῦ
1506 2327 1571 2352 Θεοῦ
1598 2324 1663 2362 πρὸς
1691 2324 1784 2355 αὖτοὺς
1810 2324 1882 2363 ἀγα-

195 2367 285 2400 nibus
295 2370 545 2411 concupiscentiae
555 2370 682 2402 carnalis
694 2370 816 2410 incipit:
830 2374 859 2400 ut
871 2371 926 2400 hoc
938 2369 1015 2400 ferre

1107 2379 1177 2404 ητος,
1204 2369 1247 2396 καὶ
1270 2369 1373 2397 τύπτειν
1397 2369 1442 2396 τὸν
1470 2368 1640 2407 λογιζόμενον
1671 2372 1762 2396 ’τοῦτον
1791 2367 1881 2409 ἄρχε-

195 2422 255 2444 non
269 2415 414 2452 valentes,
431 2416 465 2446 ad
483 2416 632 2456 propriam
652 2424 762 2452 arcem,
791 2414 902 2445 assidui
929 2414 1014 2444 vide-

1107 2413 1266 2452 ιλογισμοῖς
1289 2415 1424 2452 ἐπιθυμίας
1447 2415 1542 2454 σαρκός
1561 2423 1567 2430 '
1597 2415 1634 2446 ὡς
1663 2414 1694 2442 ἂν
1716 2414 1755 2452 μὴ
1782 2415 1882 2454 φέρον-

196 2458 266 2489 licet
279 2459 390 2490 laboris
405 2465 434 2491 et
447 2460 630 2499 attentionis,
647 2459 788 2490 velociter
802 2463 967 2496 recurrant,
987 2462 1015 2488 et

1107 2480 1111 2494 ,
1146 2459 1188 2487 ἐπὶ
1217 2460 1246 2487 τὸ
1282 2461 1381 2488 οἰκεῖον
1416 2460 1535 2499 φρούριον
1571 2459 1642 2490 αὖθις
1670 2457 1880 2498 ἀπαναδράμωσι

195 2503 367 2543 diligentius
391 2514 482 2545 opera
506 2505 564 2536 sibi
591 2505 746 2536 salutifera
768 2513 820 2544 per
835 2501 1014 2534 laboriosio-

1108 2503 1201 2537 υδαίως
1228 2507 1276 2536 si;
1306 2505 1409 2533 εὐτόνου
1431 2504 1552 2544 ἐργασίας
1574 2504 1617 2531 καὶ
1638 2506 1777 2542 προσοχῆς
1796 2512 1803 2519 ⁸
1835 2506 1881 2532 καὶ

193 2557 257 2579 rem
287 2549 393 2588 agendi
415 2550 559 2581 rationem
588 2550 732 2581 factitant.
759 2550 823 2580 Non
848 2549 908 2579 vult
932 2550 1011 2579 enim

1107 2549 1247 2588 θυμότερον
1272 2549 1324 2577 τῶν
1349 2549 1485 2584 σωζόντων
1515 2548 1605 2579 αὐτοὺς
1635 2547 1729 2587 ἔργων,
1758 2547 1792 2576 δι’
1822 2549 1881 2577 ἐπι-

193 2593 273 2624 Deus
287 2598 388 2634 utpote
404 2594 509 2632 bonus,
534 2595 593 2625 huc
620 2604 713 2635 usque
742 2603 927 2634 progressam
943 2593 1011 2624 ani-

1107 2594 1203 2634 ωτέρας
1231 2594 1340 2633 ἀγωγῆς
1369 2593 1521 2633 δραξωνται,
1551 2595 1587 2622 Οὐ
1628 2592 1752 2631 βούλεται
1785 2594 1836 2633 γὰρ
1867 2596 1881 2622 ὁ

194 2647 271 2669 mam
301 2638 423 2670 omnino
449 2640 486 2671 ad
513 2640 618 2671 mundi
646 2649 765 2671 sensum
796 2638 940 2675 converti,
959 2638 1009 2669 sed

1107 2638 1275 2678 ςφιλάγαθος
1297 2639 1345 2679 ὢν,
1373 2639 1422 2673 τὴν
1451 2640 1486 2671 εἷς
1514 2642 1590 2667 τοῦτο
1621 2638 1755 2677 φθάσασαν
1784 2640 1879 2679 ψυχὴν

195 2692 314 2725 semper
328 2686 468 2726 progredi
489 2691 519 2718 et
543 2686 768 2727 perfectioribus
788 2685 927 2726 operibus
940 2685 1008 2717 dili-

1109 2696 1121 2716 ς
1150 2685 1215 2723 πρὸς
1240 2684 1288 2718 τὴν
1313 2688 1359 2712 τοῦ
1384 2684 1484 2723 κόσμου
1512 2684 1635 2717 αἴσθησιν
1664 2682 1879 2725 ἐπιστρέφεσθαι,

234 2770 266 2795 59
280 2771 383 2802 Matth.
402 2780 482 2809 xxxv,
499 2771 549 2804 22.
593 2772 623 2798 ιο
637 2772 736 2804 Eccle.
754 2781 783 2811 x,
801 2773 828 2804 4.
