1976 3067
217 160 276 199 9η

218 229 339 260 morbus
354 237 407 269 per
429 227 640 266 humilitatem,
671 229 791 260 recedat
817 229 854 260 ab
880 229 1067 260 animabusA

218 274 338 313 nostris,
349 281 523 312 amarasque
536 273 729 312 cogitationes
741 274 1039 313 lacrymisabluamus

219 319 276 359 (vel
290 317 470 357 lugeamus),
489 327 523 348 ac
539 318 605 357 puri
631 318 787 348 videamur
812 320 840 350 in
865 319 1039 350 humilitatis

218 363 330 394 lumine
343 371 401 402 quo
416 362 522 393 anima;
537 365 646 393 nostra:
661 367 812 400 sanantur,

258 497 482 528 23.Luctanles
507 495 608 535 fugere
636 505 695 526 non
724 500 846 536 possunt
860 496 1042 527 successivas

219 541 406 577 tentationes,
422 540 481 571 nisi
493 540 639 580 propriam
652 544 814 580 agnoscant
825 540 1040 579 inlirmitatem,

219 591 248 618 et
263 586 377 618 alienos
402 585 438 616 ab
467 585 548 615 omni
573 585 689 625 justitia
717 595 782 616 sese
806 585 998 622 arbitrentur,
1015 589 1042 615 et

219 631 300 662 omni
316 630 454 670 indignos
466 629 583 667 solatio,
596 630 677 660 omni
692 631 817 666 honore,
833 630 912 660 omni
930 630 1041 670 quiete.

219 675 289 707 Vult
313 674 392 706 enim
423 673 557 704 medicus
573 674 738 705 animarum
769 679 937 705 nostrarum
966 677 1042 704 Deus

219 730 274 751 nos
289 719 418 750 humiles
434 727 500 749 esse
516 728 636 759 semper
665 722 693 749 et
717 718 880 756 modestos,
897 729 912 749 a
929 719 1043 749 cunctis

219 767 392 804 segregatos
415 762 599 796 hominibus.
629 766 658 792 et
686 763 855 802 passionum
881 772 953 803 quas
978 763 1042 803 ipse

219 808 341 849 pertulit
355 807 530 838 imitatores.
562 807 641 838 Mitis
670 807 749 837 enim
775 814 838 838 erat
863 812 892 837 et
921 807 1042 838 humilis

220 853 321 893 corde,
352 857 381 883 et
407 852 438 882 in
464 851 691 882 mansuetudine
718 856 744 882 et
761 852 925 882 humilitate
941 852 1071 889 cordisB

220 898 282 929 vult
294 906 348 928 nos
364 905 540 938 percurrere
555 905 675 926 suorum
691 896 766 926 viam
783 896 1000 928 mandatorum.

260 986 310 1018 24.
327 984 484 1016 Humilitas
499 994 557 1015 non
573 985 602 1015 in
618 984 743 1016 cervicis
758 985 965 1026 depressione,
982 995 1043 1016 non

219 1031 250 1062 in
267 1029 400 1062 crinibus
415 1029 547 1067 hirsutis,
561 1039 620 1060 non
636 1029 665 1059 in
674 1034 757 1060 veste
766 1030 911 1069 neglecta,
925 1030 1041 1061 brevis-

221 1075 332 1107 simave
346 1078 396 1105 aut
414 1074 559 1104 maculata
573 1074 720 1111 consistit,
736 1075 766 1105 in
783 1075 891 1115 quibus
908 1075 1043 1106 nonnulli

222 1124 312 1151 totam
325 1118 575 1150 circumscribunt
584 1118 733 1156 virtutem,
748 1120 800 1150 sed
817 1120 845 1150 in
860 1120 948 1150 corde
965 1129 1041 1150 con-

222 1165 290 1196 trito
301 1169 332 1195 et
346 1164 377 1194 in
393 1163 497 1203 spiritu
508 1163 694 1201 humilitatis,
711 1169 743 1195 ut
752 1164 793 1194 ait
810 1164 900 1196 David
915 1175 921 1194 :
941 1178 954 1192 ‹ι
973 1164 1042 1204 Spi-

221 1212 310 1242 ritum
322 1209 563 1250 contribulatum,
576 1219 628 1240 cor
636 1210 796 1241 contritum
811 1214 839 1241 et
854 1211 1042 1242 humiliatum

220 1256 299 1287 Deus
314 1265 373 1286 non
389 1255 534 1295 despiciet
548 1255 587 1286 4¹.
606 1265 621 1283 )

261 1346 312 1377 25.
328 1344 417 1375 Aliud
433 1344 584 1375 humilitas
600 1343 770 1382 verborum,
795 1345 874 1376 aliud
892 1345 1042 1376 humilitas

219 1390 377 1426 factorum,
391 1391 421 1419 et
435 1388 515 1418 aliud
527 1387 678 1418 humilitas
694 1389 917 1427 cogitationum.
934 1389 1040 1419 Humi-

220 1434 286 1465 litas
302 1433 460 1464 verborum
477 1436 505 1462 et
520 1431 662 1462 factorum
681 1442 734 1472 per
749 1442 867 1463 omnem
877 1434 1041 1465 cruciatum

221 1482 250 1510 et
266 1477 411 1509 exteriora
427 1476 541 1507 virtutis
558 1477 698 1507 exercitia
714 1478 876 1518 acquiritur
890 1487 907 1508 a
927 1479 1042 1509 luctan-

221 1523 311 1560 tibus,
324 1522 374 1562 qui
386 1526 461 1552 totas
469 1521 548 1551 vires
559 1521 594 1552 ad
615 1521 692 1552 solas
710 1523 843 1562 corporis
855 1523 1043 1561 operationes
1053 1525 1072 1549 C

221 1566 485 1598 etexercitationes
493 1566 671 1596 coadunant:
681 1566 808 1606 ideoque
820 1567 923 1597 horum
932 1567 1041 1604 anima,

220 1621 288 1643 cum
313 1610 420 1651 sapius
437 1619 496 1640 non
512 1609 550 1640 sit
565 1610 690 1640 firmiter
713 1611 851 1647 stabilita,
868 1611 1044 1643 adveniente

220 1655 538 1687 teniationeturbatur.
547 1654 806 1686 Humilitasautem
819 1656 1041 1696 cogitationum,

219 1710 286 1731 cum
299 1700 336 1731 sit
349 1699 460 1739 aliquid
473 1699 603 1729 divinum
615 1709 649 1730 ac
665 1700 803 1737 sublime,
821 1701 850 1730 in
868 1701 913 1731 his
929 1705 1042 1732 tantum

219 1745 369 1776 invenitur
383 1744 433 1784 qui
451 1744 579 1774 medium
598 1744 654 1775 iter
673 1745 840 1775 transiliere
853 1755 906 1785 per
918 1747 1040 1785 gratiam

221 1789 359 1830 Spiritus,
377 1789 406 1819 id
422 1793 477 1825 est,
495 1789 648 1829 progressi
661 1794 730 1820 sunt
744 1799 796 1829 per
812 1800 930 1821 omnem
949 1791 1042 1821 humi-

220 1834 332 1866 litatem
348 1834 378 1864 in
393 1833 439 1863 via
455 1833 572 1863 virtutis
589 1833 774 1865 brevissima.

260 1879 310 1910 26.
339 1877 495 1908 Humilitas
519 1878 743 1916 cogitationum,
768 1879 856 1909 imam
884 1884 1043 1919 penetrans

219 1924 347 1954 animam
364 1927 452 1962 atque
467 1926 499 1952 ut
526 1923 600 1962 lapis
629 1923 725 1961 gravis
753 1923 783 1953 in
812 1933 876 1954 eam
892 1924 1040 1964 incidens,

221 1971 299 1999 tanta
312 1967 338 1997 vi
350 1966 430 1997 illam
444 1967 552 2006 premit
566 1977 600 1997 ac
615 1968 742 2005 triturat,
765 1972 798 1998 ut
813 1974 933 1999 evacuet
949 1974 1041 2000 totum

220 2013 285 2052 ejus
300 2011 392 2042 robur
406 2011 437 2042 in
466 2012 547 2042 ﬂuxu
577 2013 768 2052 lacrymarum
797 2012 986 2047 inexhausta.
1004 2013 1040 2044 ab

219 2056 360 2096 omnique
376 2058 490 2086 macula
507 2057 679 2096 puriﬁcetur
702 2057 829 2092 animus,
854 2062 883 2088 et
897 2058 933 2088 ad
949 2058 1040 2088 visio-

219 2111 289 2133 nem
307 2100 371 2135 Dei.
384 2101 468 2140 juxta
483 2101 602 2138 ls-aiam,
621 2102 783 2142 perveniat,
809 2109 899 2142 atque
915 2102 968 2133 sub
985 2103 1041 2133 hoc

219 2145 361 2176 instinctu
389 2145 466 2176 dicat
493 2151 523 2175 et
547 2146 629 2185 ipse:
661 2159 672 2173 «
700 2145 750 2176 Vae
769 2146 854 2186 mihi,
879 2147 947 2186 quia
962 2156 1040 2178 como

218 2193 349 2230 punctus
362 2198 431 2220 sum
441 2189 480 2229 49,
497 2190 566 2229 quia
581 2189 624 2220 vir
641 2190 769 2229 pollutus
785 2191 870 2221 labiis
886 2201 940 2230 ego
963 2201 1040 2228 sum,
1054 2207 1074 2231 ι)

219 2238 249 2265 et
267 2234 298 2264 in
323 2233 421 2264 medio
453 2233 552 2274 populi
581 2234 658 2264 labia
687 2235 796 2274 polluta
827 2235 962 2266 habentis
989 2245 1042 2275 ego

219 2278 332 2315 habito,
350 2281 379 2308 et
393 2287 494 2318 regem
503 2278 663 2309 Dominum
676 2279 858 2310 exercituum
875 2279 933 2310 vidi
949 2280 1043 2311 oculis

220 2323 295 2354 meis
308 2323 350 2354 4³.
367 2335 380 2351 ι

259 2412 309 2443 27.
327 2412 400 2444 Cum
416 2411 574 2443 verborum
601 2412 753 2443 humilitas
783 2416 810 2443 te
828 2414 1038 2453 penetraverit,

220 2463 289 2488 tunc
309 2457 438 2497 superba
452 2457 570 2496 eloquia
584 2457 638 2487 tibi
663 2457 800 2488 desinent
816 2458 874 2497 (vel
891 2459 1039 2499 exspolia-

219 2502 354 2541 buntur).
375 2502 447 2533 Cum
463 2502 614 2533 humilitas
629 2502 771 2534 factorum
790 2504 818 2532 in
837 2503 1038 2535 intimocorde

219 2551 268 2578 tuo
283 2547 412 2578 radicata
428 2546 528 2587 fuerit,
559 2551 628 2578 tunc
656 2547 718 2578 sive
745 2548 962 2587 superﬁcialem
978 2549 1040 2579 sive

219 2591 396 2633 profundam
413 2591 530 2630 rejicies
554 2591 712 2622 verborum
741 2592 949 2624 humilitatem.
966 2593 1037 2624 Cum

219 2636 348 2676 denique
363 2644 492 2676 superna
520 2636 732 2675 cogitationum
757 2637 923 2668 humilitate
947 2637 1040 2668 fueris

220 2681 338 2720 dilatus,
355 2684 426 2712 tunc
441 2685 472 2712 et
486 2681 663 2713 exteriorem
691 2681 843 2712 humilitas
858 2691 993 2724 operum,
1011 2688 1041 2715 et

257 2798 284 2823 4¹
301 2797 380 2830 Psal.
395 2805 425 2833 L,
444 2797 490 2829 19.
535 2798 564 2823 4³
578 2797 634 2830 Isa.
652 2808 691 2837 vr,
707 2799 738 2831 5.

862 163 1014 196 NICETIE
1036 164 1256 197 PECTORATI

781 2799 814 2830 In
830 2798 954 2838 Vulgata
966 2799 1093 2832 habetur
1109 2812 1115 2832 :
1135 2801 1217 2839 Quia
1233 2803 1325 2833 tacui.

1843 163 1905 195 912

1079 232 1131 259 τῶν
1159 231 1370 267 αλλεπαλλήλων
1406 233 1473 269 ὁμοῦ
1508 233 1660 272 πειρασμῶν
1688 232 1831 260 ἐκτακεῖσα
1860 231 1907 258 καὶ

1080 275 1251 304 λεπτυνθεῖσα
1273 277 1290 311 ἡ
1306 277 1381 309 νόσος
1401 276 1443 304 διὰ
1458 277 1654 311 ταπεινώσεως,
1672 276 1835 314 ἀπογένηται
1851 275 1906 302 ἀπὸ

1079 321 1131 349 τῶν
1155 322 1249 361 ψυχῶν
1263 322 1351 359 ἡμῶν,
1368 322 1411 349 καὶ
1426 322 1486 353 τοὺς
1503 321 1632 362 ἁλμυροὺς
1647 321 1700 350 τῶν
1714 320 1849 359 λογισμῶν
1863 318 1907 347 διὰ

1080 363 1195 404 δακρύων
1211 365 1419 403 ἀποκλυσὼμεθα
1445 365 1485 404 [ἐν
1508 365 1569 395 ἀλλ.
1593 363 1845 403 ἆποκλαυσώμεθι],
1862 362 1907 391 καὶ

1081 410 1188 449 καθαροὶ
1202 409 1356 450 ἐποφθῶμεν
1378 410 1405 438 ἐν
1421 412 1488 450 φωτὶ
1503 411 1687 442 ταπεινώσεως
1709 414 1747 447 τῷ
1761 409 1842 447 ἱατρῷ
1852 408 1907 436 τῶν

1082 456 1176 494 ψυχῶν
1212 455 1268 492 μῶν
1274 478 1280 484 .

1162 493 1167 502 '
1226 501 1232 509 ι
1283 499 1295 508 ν
1377 499 1389 509 ν
1516 500 1522 508 π
1579 500 1585 509 ν
1879 504 1892 510 4

1122 510 1156 537 κγ
1171 523 1177 529 .
1202 504 1255 528 Ουκ
1284 511 1354 527 εστιν
1374 498 1461 531 αλλως
1484 511 1544 531 τους
1574 499 1783 538 αγωνιζομὲἐνους
1812 508 1908 538 φυγειν
1924 512 1931 517 ·

1083 544 1113 571 τὸ
1135 543 1338 577 ἀλλεπάλληλον
1364 545 1416 572 τῶν
1437 545 1600 584 πειρασμῶν,
1629 545 1651 571 εἰ
1679 544 1717 581 μὴ
1741 545 1790 577 τὴν
1805 543 1908 571 ἑαυτῶν

1084 587 1216 616 ἀσθένειαν
1250 588 1385 627 ἐπιγνῶσι,
1423 590 1467 617 καὶ
1503 588 1588 621 Ξένους
1622 589 1711 622 πάσης
1738 587 1907 620 δικαιοσύνης

1085 633 1191 665 ἑαυτοὺς
1216 634 1374 672 ἡγήσονται,
1403 634 1494 667 πάσης
1519 644 1547 661 τε
1569 632 1759 671 παρακλήσεως
1774 632 1906 669 ἀναξίους,

1083 678 1171 711 πάσης
1194 681 1288 716 τιμῆς,
1313 679 1401 712 πάσης
1426 678 1611 710 ἀναπαύσεως.
1642 678 1747 709 Σκοπὸς
1775 678 1824 716 γὰρ
1848 681 1908 714 Θεῷ

1082 725 1120 759 τῷ
1131 723 1210 761 ἰατρῷ
1238 724 1289 751 τῶν
1305 725 1398 762 ψυχῶν
1427 723 1503 760 ἡμῶν
1531 723 1571 750 ἀεὶ
1598 722 1737 753 ταπεινοὺς
1758 723 1829 759 ἡμᾶς
1860 722 1908 749 εἶ-

1083 778 1123 794 ναι
1138 768 1181 795 καὶ
1205 774 1348 807 κατηφεῖς,
1377 766 1463 800 ξένους
1492 767 1544 795 ἀπὸ
1573 768 1671 798 παντὸς
1698 767 1846 806 ἀνθρώπου,
1864 767 1909 795 καὶ

1083 812 1201 849 μιμητὰς
1222 813 1274 839 τῶν
1302 813 1380 840 αὑτοῦ
1406 812 1569 849 παθημάτων
1599 815 1684 849 ΙΙρᾶος
1713 812 1762 851 γὰρ
1791 811 1836 848 ἦν,
1864 816 1910 842 καὶ

1082 857 1204 887 ταπεινὸς
1229 860 1263 894 τῇ
1289 855 1392 896 καρδίᾳ,
1420 857 1464 884 καὶ
1491 856 1518 883 ἐν
1541 856 1669 895 πραότητι
1699 857 1742 884 καὶ
1770 856 1908 884 ταπεινώ-

1083 911 1122 928 σει
1150 899 1257 932 κακδίας
1285 900 1405 938 βούλεται
1434 902 1506 938 ἡμᾶς
1527 901 1632 940 τρέχειν
1662 901 1707 928 τὸν
1737 899 1831 940 δρόμον
1854 903 1909 928 τῶν

1083 947 1161 974 αὐτοῦ
1175 945 1300 976 ἐντολῶν,

1123 985 1174 1021 κδ’,
1201 985 1231 1018 Ἠ
1260 990 1430 1029 ταπείνωσις,
1461 990 1508 1018 οὒκ
1535 989 1566 1017 ἐκ
1590 989 1703 1028 τρίψεως
1733 989 1859 1029 αὖχένος,
1890 990 1909 1022 ἢ

1084 1035 1226 1074 αὐχμηρᾶς
1241 1035 1340 1074 κόμης,
1357 1034 1375 1068 ἢ
1397 1037 1513 1074 χιτῶνος
1534 1032 1704 1071 ἠμελημένον
1731 1034 1776 1061 καὶ
1803 1045 1910 1073 τραχυ-

1083 1079 1162 1106 τάτου
1183 1080 1226 1107 καὶ
1240 1083 1348 1118 πιναροῡ
1377 1081 1558 1118 κατορθοῦται,
1589 1078 1616 1106 ἐν
1645 1080 1688 1110 οἷς
1710 1080 1733 1106 οἱ
1762 1077 1857 1106 πολλοὶ
1879 1080 1910 1106 τὸ

1083 1128 1135 1152 πᾶν
1168 1126 1217 1157 τῆς
1253 1124 1348 1163 ἀρετῆς
1377 1123 1573 1163 ἐπιγράφουσιν,
1604 1122 1663 1151 ἀλλ’
1692 1123 1722 1150 ἐκ
1749 1134 1908 1162 συντετριμ-

1084 1169 1165 1206 μένης
1208 1167 1325 1207 καρδίας,
1368 1168 1412 1195 καὶ
1446 1168 1574 1205 πνεύματι
1611 1167 1807 1207 ταπεινώσεως,

1083 1214 1127 1241 τὸν
1144 1213 1250 1240 εἰπόντα
1277 1211 1356 1240 Δαϐίδ
1372 1221 1378 1229 ·
1408 1221 1422 1242 (
1445 1215 1550 1250 Πνεῦμα
1578 1212 1808 1251 συντετριμμένον,
1839 1223 1908 1252 καρ-

1083 1257 1138 1286 δίαν
1154 1256 1377 1296 συντετριμμένην
1398 1257 1442 1285 καὶ
1470 1256 1699 1293 τεταπεινωμένην
1722 1258 1736 1284 ὁ
1765 1258 1831 1288 Θεὸς
1862 1259 1910 1285 οὒκ

1084 1301 1258 1336 ἐξουδενώσει.
1279 1314 1292 1329 n

1122 1343 1173 1377 κε’.
1196 1337 1276 1375 ’Άλλο
1290 1345 1486 1384 ταπεινοὶογία,
1509 1346 1552 1373 καὶ
1579 1345 1644 1374 ἄλλο
1672 1346 1840 1383 ταπείνωσις,
1864 1348 1910 1375 καὶ

1083 1391 1148 1420 ἄλλο
1176 1392 1413 1431 ταπεινοφροώνη.
1446 1386 1475 1418 ’Π
1505 1391 1552 1428 μὲν
1585 1391 1635 1430 γὰρ
1655 1390 1842 1429 ταπεινολογία
1864 1393 1910 1419 καὶ

1082 1438 1099 1471 ἡ
1121 1437 1290 1475 ταπείνωσις,
1319 1435 1361 1463 διὰ
1389 1435 1478 1469 πάσης
1508 1437 1684 1467 κακοπαθείας
1706 1437 1750 1464 καὶ
1771 1438 1824 1463 τῶν
1839 1435 1908 1468 ἕξω-

1083 1483 1125 1509 θεν
1148 1482 1234 1509 πόνων
1258 1483 1307 1514 τῆς
1336 1480 1443 1520 ἀρετῆς,
1474 1481 1658 1519 κατορθοῦνται
1687 1487 1746 1511 τοῖς
1775 1479 1909 1518 ἀγωνιζο-

1085 1525 1187 1565 μένοις,
1223 1526 1281 1564 περὶ
1314 1525 1398 1562 μόνην
1430 1524 1479 1557 τὴν
1516 1524 1672 1561 σωματικὴν
1712 1524 1836 1564 ἐργασίαν
1866 1527 1911 1553 καὶ

1084 1570 1227 1610 γυμνασίαν
1242 1571 1272 1598 τὸ
1288 1569 1464 1608 συναγόμενον
1482 1568 1594 1608 ἔχουσαι
1612 1577 1618 1583 ·
1646 1567 1685 1596 διὸ
1699 1570 1743 1596 καὶ
1765 1569 1804 1606 μὴ
1827 1569 1910 1603 οὔσης

1084 1618 1132 1648 τῆς
1148 1617 1240 1654 ψυχῆς
1255 1613 1384 1645 πολλάκις
1415 1613 1442 1640 ἐν
1463 1613 1635 1652 καταστάσει,
1652 1617 1799 1652 πειρασμοῦ
1823 1615 1910 1642 ὑπαιν-

1083 1661 1225 1696 τήσαντος,
1242 1659 1429 1698 ἐκταράσσεται
1443 1666 1451 1675 ·
1474 1658 1491 1691 ἡ
1507 1656 1534 1684 δὲ
1549 1658 1775 1697 ταπεινορροσύνη
1789 1660 1862 1687 θεῖόν
1885 1671 1910 1687 τι

1837 1179 1908 1195 κατα

1084 1708 1192 1744 πρᾶγμα
1214 1704 1278 1732 οὖσα
1299 1704 1342 1730 καὶ
1366 1701 1480 1742 ὑψηλὸν,
1507 1701 1534 1729 ἐν
1557 1702 1646 1739 μόνοις
1676 1701 1819 1740 ἐπιγίνεται
1849 1711 1910 1737 τοῖς

1084 1750 1113 1777 τὸ
1128 1749 1207 1786 μέσον
1218 1746 1418 1787 ὕπερπηδῆσασι
1440 1745 1482 1774 διὰ
1502 1749 1551 1779 τῆς
1572 1751 1618 1775 τοῦ
1629 1746 1802 1785 Παρακλήτου
1811 1747 1910 1782 ἐπιδη-

1084 1794 1145 1831 μίας
1157 1803 1163 1809 ⁸
1180 1791 1350 1832 προϐαδίσασι
1365 1790 1486 1824 δηλονότι
1502 1789 1544 1818 διὰ
1559 1792 1743 1823 ταπεινώσεως
1757 1792 1845 1825 πάσας
1859 1798 1909 1827 τὴν

1085 1838 1143 1867 ὁδὸν
1165 1838 1215 1871 τὴν
1230 1836 1400 1877 τραχυτάτην
1421 1839 1470 1869 τῆς
1491 1836 1599 1875 ἀρετῆς,

1143 1878 1182 1894 PV
1211 1878 1217 1887 ῐ
1452 1881 1458 1891 Ι
1535 1882 1542 1890 V
1613 1881 1618 1890 γ
1745 1883 1757 1888 η
1805 1883 1812 1892 5
1834 1881 1860 1891 ﬁ.

1123 1895 1161 1920 κδ
1185 1904 1192 1912 .
1220 1885 1242 1910 Η
1269 1892 1493 1920 ταπεινοφροσυνη
1523 1892 1558 1912 εις
1587 1881 1655 1919 βαθη
1683 1883 1776 1920 ψυχης
1792 1892 1908 1920 εισουσα,

1084 1929 1127 1955 καὶ
1168 1928 1230 1955 ὡσεὶ
1265 1926 1334 1957 λίθος
1370 1926 1449 1965 βαρὺς
1486 1925 1648 1954 ἐπιπεσοῦσα
1677 1926 1754 1963 αὐτῇ,
1792 1928 1912 1966 τοσούτῳ

1083 1973 1180 2005 ταύτην
1212 1970 1323 1999 ἐκθλίϐει
1350 1971 1394 1998 καὶ
1422 1970 1534 2005 ἐκπιέζει
1568 1969 1685 2008 δυνάμει,
1715 1971 1751 2002 ὼς
1786 1974 1909 2006 κενωθῆ-

1083 2029 1124 2045 ναι
1140 2020 1227 2045 πᾶσαν
1242 2017 1323 2048 αὒτῆς
1350 2015 1400 2048 τὴν
1429 2015 1505 2054 ἰσχὺν
1534 2015 1561 2042 ἐν
1589 2018 1623 2053 τῇ
1652 2015 1828 2055 ἀκατασχέτῳ
1844 2021 1914 2056 εξορᾷ

1082 2063 1133 2090 τῶν
1148 2061 1276 2101 δακρύων,
1294 2061 1337 2088 καὶ
1363 2059 1474 2093 κηλῖδος
1498 2060 1586 2092 πάσης
1615 2062 1667 2087 τῶν
1696 2059 1832 2098 λογισμῶν
1863 2073 1913 2090 κα-

1081 2108 1206 2145 θαρθῆναι
1242 2106 1286 2132 τὸν
1317 2105 1387 2142 νοῦν,
1410 2105 1454 2132 καὶ
1484 2103 1509 2132 ἐν
1538 2103 1649 2140 ὀπτασίᾳ
1677 2104 1811 2143 γενέσθαι,
1839 2107 1909 2134 κατὰ

1082 2152 1127 2178 τὸν
1159 2146 1396 2193 ιῑ.Ισαίαν,“Θειιζ›,
1426 2149 1470 2176 καὶ
1503 2148 1586 2180 οὖτιυς
1615 2149 1700 2176 εἰπεῖν
1721 2148 1912 2188 ἐνεργούμενον

1084 2196 1127 2223 καὶ
1156 2196 1257 2223 αὺτὸν·
1298 2192 1323 2221 Ω
1351 2192 1432 2224 τάλας
1459 2192 1521 2231 ἐγὼ,
1561 2193 1573 2220 ὅ

1084 2238 1217 2278 ἅνθρωπος
1253 2239 1300 2273 ὢν,
1329 2239 1372 2266 καὶ
1401 2239 1533 2276 ἀκαθαρτα
1561 2237 1642 2277 χείλη
1672 2237 1756 2277 ἔχων,
1787 2239 1814 2266 ἐν
1837 2240 1914 2276 μέσῳ

1083 2284 1147 2313 λαοῦ
1175 2284 1308 2323 ἀκάθαρτα
1344 2282 1424 2323 χείλη
1454 2282 1576 2321 ἔχοντος,
1615 2281 1669 2320 ἐγὼ
1697 2284 1762 2310 οἰκῶ

1082 2328 1191 2366 βασιλέα
1236 2328 1327 2367 Κύριον
1369 2326 1480 2355 Σαϐαὼθ
1535 2325 1608 2354 εἶδον

1082 2385 1132 2410 μου
1137 2397 1142 2404 ,

1122 2412 1173 2453 κζ’.
1194 2409 1269 2446 ⁴ὸταν
1285 2418 1321 2448 εἷς
1337 2417 1415 2455 βάθος
1437 2416 1468 2444 τὸ
1489 2415 1692 2455 ταπεινολογεῗν
1718 2427 1759 2445 σοι
1790 2419 1912 2458 προσ-γέ..

1082 2473 1171 2502 νηται,
1200 2462 1259 2490 τότε
1300 2462 1330 2489 τὸ
1357 2462 1504 2500 ὐψηγορεῖν
1534 2460 1748 2495 ἀποστηθήσεταί
1776 2472 1818 2489 σοι
1851 2462 1910 2502 [im

1081 2506 1305 2546 ἆποκτηθήσεται]
1324 2516 1330 2522 ·
1369 2506 1431 2533 ὅταν
1466 2504 1493 2532 δὲ
1527 2506 1562 2536 εἷς
1591 2505 1669 2543 βάθος
1705 2507 1722 2539 ἡ
1748 2507 1912 2540 ταπείνωσις

1081 2551 1279 2590 ἐῤῥιζωθῆπεται
1296 2554 1346 2584 τῆς
1374 2549 1480 2590 καρδίας
1512 2560 1569 2586 σου,
1600 2550 1658 2578 τότε
1680 2551 1723 2578 καὶ
1749 2552 1780 2579 τί)
1810 2553 1912 2581 ἐπιπο-

1561 2193 1600 2220 ὅτι
1630 2193 1837 2232 κατανένυγμαι,
1871 2195 1911 2223 ὅτι

1766 2307 1774 2323 ,
1800 2285 1845 2312 καὶ
1868 2286 1913 2312 τὸν

1660 2334 1718 2358 τοῖς
1760 2328 1912 2367 ὀφθαλμοῖς

1081 2596 1173 2631 λαῐως,
1197 2596 1214 2629 ἢ
1244 2597 1312 2623 κατὰ
1347 2596 1425 2633 βάθος
1447 2593 1660 2633 ταπεινολογεῖν,
1691 2594 1912 2631 ἁποϐληθήσεταί

1081 2652 1133 2670 σοι.
1153 2637 1282 2673 Ὀπτινίκα
1303 2639 1330 2668 δὲ
1352 2638 1449 2668 ἄνωθεν
1477 2640 1526 2672 τὴν
1555 2641 1796 2680 ταπεινοφροσύνην
1822 2652 1909 2670 κατα-

1081 2685 1246 2724 πλουτῆσῃς,
1277 2688 1423 2718 τηνικαῦτα
1450 2683 1516 2718 αὕτη
1546 2694 1574 2712 τε
1604 2685 1620 2717 ἡ
1653 2683 1746 2718 ἔξωθεν
1775 2686 1911 2715 ταπείνωο

1368 2801 1400 2826 45
1413 2800 1493 2832 Ibid.
1511 2801 1540 2831 6.
