1976 3067
201 158 262 191 915

844 156 995 188 NICET/E
1017 154 1230 186 PECTORATI

1824 149 1895 181 916

201 225 389 265 spicientem,
406 224 532 256 interius
541 233 610 255 vero
625 224 744 265 plenum
757 223 911 263 modestia,
924 222 1005 253 humi

1088 233 1156 259 ενον,
1173 223 1217 250 καὶ
1231 223 1296 262 πρὸς
1317 223 1402 260 μόνην
1424 224 1524 261 ὁρῶντα
1550 221 1652 255 δηλαδῆ
1680 221 1729 254 τὴν
1750 220 1897 257 ἀλήθειαν,

201 268 293 309 litate,
325 272 356 300 et
386 269 530 300 charitate
559 278 628 308 erga
651 268 830 309 proximum.
861 267 1028 308 Aliquando

202 313 292 344 etiam
315 313 444 354 aliquem
472 313 608 345 videmus
634 313 809 354 gloriantem
834 312 862 343 in
888 312 1025 350 Domino,

201 357 283 389 Pauli
307 359 402 390 instar
429 359 458 389 in
488 359 614 390 Domino
643 357 808 399 gloriantis,
825 367 859 388 ac
874 358 1024 390 dicentis:

208 415 221 430 α
239 402 397 435 Gloriabor
411 403 441 434 in
453 403 674 435 inﬁrmitatibus
687 403 762 434 meis
775 403 816 432 46.
838 415 849 431 ι

241 537 291 568 33.
309 535 372 568 Non
389 536 565 567 exteriorem
583 545 684 566 eorum
700 545 765 576 qum
775 535 903 566 dicimus
916 536 960 566 vel
977 536 1021 566 fa-

199 581 307 619 cimus,
323 581 466 612 corticem
482 580 604 621 respicit
622 582 708 615 Deus.
739 581 790 610 sed
814 580 1023 620 dispositiones

198 625 379 666 animarum,
392 629 422 656 et
434 625 629 656 intentionem
651 634 708 665 qua
720 624 765 655 vel
776 624 900 656 facimus
912 625 938 655 al
952 625 1021 665 quid

199 670 416 711 apparentium,
447 670 492 700 vel
521 669 650 700 dicimus
679 668 789 708 aliquid
814 669 1020 708 cogitatorum.

200 717 296 755 Atque
309 714 387 745 sicut
401 714 436 745 ad
452 714 610 745 verborum
627 714 683 744 vim
697 717 727 744 et
739 713 828 743 ﬁnem
841 723 964 753 operum
978 718 1021 744 at-

200 761 326 791 tendunt
343 759 364 790 ii
378 759 428 799 qui
460 758 656 798 intelligentia
686 758 800 788 caeteris
828 763 977 797 praestant.
995 763 1023 789 et

199 808 279 835 certa
296 804 335 836 de
351 804 409 834 illis
424 803 522 834 ferunt
534 803 666 843 judicia:
694 804 737 833 sic
767 815 779 829 α
798 803 886 833 homo
902 803 1022 843 quidem

202 848 320 889 faciem,
335 847 414 879 Deus
429 851 526 878 autem
544 857 596 878 cor
610 848 740 878 intuetur
755 847 795 876 47.
815 861 826 875 ι

239 937 288 968 34.
303 937 355 968 Dei
366 937 486 968 decreto
500 941 639 969 statutum
661 941 705 967 est
717 941 748 966 ut
759 937 787 966 in
799 937 1023 976 generationem

200 985 227 1011 et
239 981 460 1021 generationem
474 991 532 1012 non
546 982 720 1013 desinerent
732 982 883 1021 propheta;
895 987 924 1012 et
936 982 1022 1012 amici

200 1026 266 1065 ejus
278 1026 437 1066 praeparari
448 1036 465 1057 a
477 1026 589 1067 Spiritu
603 1030 716 1064 sancto,
730 1026 766 1056 ad
778 1027 1022 1058 restaurationem

200 1070 342 1101 Ecclesia
355 1071 459 1111 ipsius.
475 1071 506 1102 Si
525 1073 603 1102 enim
620 1070 758 1110 antiquus
773 1070 862 1102 draco
877 1081 935 1101 non
951 1071 1022 1102 des-

202 1115 261 1146 titit
281 1124 401 1146 vomere
419 1115 448 1146 in
461 1125 548 1146 aures
564 1115 715 1146 hominum
734 1116 844 1155 peccati
861 1125 1019 1154 venenum,

203 1168 261 1199 quo
277 1159 375 1190 anima
390 1160 478 1190 morti
492 1159 638 1197 redditur,
652 1160 800 1200 quomodo
816 1160 865 1200 qui
881 1160 965 1191 ﬁnxit
979 1161 1021 1191 si-

200 1203 324 1242 gillatim
341 1204 431 1235 corda
447 1213 561 1242 eorum,
573 1214 631 1234 non
643 1203 796 1234 suscitabit
810 1213 826 1234 a
841 1209 917 1235 terra
929 1205 1024 1235 humi-

200 1248 289 1279 litatis
305 1250 438 1289 inopem,
464 1253 494 1280 et
517 1258 534 1280 a
563 1249 756 1289 cupiditatum
783 1252 915 1280 stercore
931 1250 1023 1290 eriget

200 1301 375 1333 pauperem,
388 1293 487 1324 ferens
495 1293 623 1332 gladium
630 1293 762 1332 spiritus,
777 1293 827 1333 qni
841 1298 885 1325 est
899 1295 963 1325 verl
973 1304 1020 1326 um

203 1337 254 1368 Dei
266 1338 307 1374 48,
318 1337 347 1368 in
354 1338 531 1378 adjutorium
541 1337 722 1368 hmreditatis
732 1339 817 1369 sum?
832 1339 1020 1370 Convenien-

203 1386 247 1413 ter
262 1381 351 1421 igitur
379 1382 415 1413 ab
445 1382 612 1413 humilitate
642 1382 820 1422 incipientes
844 1384 894 1423 qui
908 1384 1022 1423 seipsus

201 1425 395 1466 abnegarunt,
411 1426 447 1457 ad
474 1427 620 1466 fastigium
645 1426 777 1458 scientiae
807 1432 976 1467 properant,
994 1434 1021 1460 et

202 1469 287 1501 datur
297 1471 341 1502 eis
349 1471 480 1511 desuper
490 1471 611 1501 verbum
623 1470 787 1511 sapientiaa,
800 1471 907 1503 virtute
920 1473 982 1507 Dei,
993 1477 1023 1503 ut

201 1515 469 1555 evangelizantibus
480 1515 604 1546 salutem
620 1515 760 1546 Ecclesiae
776 1517 850 1556 ejus.

241 1603 289 1636 35.
311 1614 325 1634 (
341 1604 435 1635 Nosce
450 1604 591 1645 teipsum,
610 1617 623 1632 »
655 1605 718 1635 htec
740 1608 785 1635 est
810 1614 876 1636 vera
893 1610 919 1636 et
936 1606 1024 1636 realis

200 1648 344 1680 factorum
359 1649 519 1687 humilitas,
541 1658 606 1689 quae
625 1649 712 1680 docet
732 1649 927 1681 humilitatem
943 1650 1023 1690 cogi-

203 1692 358 1734 tationum,
375 1702 427 1724 cor
449 1693 643 1730 conterenda,
661 1698 690 1724 et
705 1694 841 1724 eamdem
858 1694 1023 1734 producere

200 1737 257 1768 scit
267 1741 491 1769 etconservare.
503 1737 534 1769 Si
544 1747 616 1769 vero
633 1738 765 1769 nondum
783 1739 908 1779 teipsum
926 1748 1020 1770 nove-

200 1783 253 1819 ris,
267 1791 364 1823 neque
375 1782 436 1813 scis
446 1783 515 1823 quid
529 1782 566 1813 sit
578 1782 742 1821 humilitas,
755 1784 973 1824 necperVenisti
986 1785 1021 1814 ait

199 1836 299 1858 veram
310 1827 376 1868 ejus
385 1827 588 1868 operationem
594 1828 793 1859 etcustodiam
803 1837 885 1865 ;nam
891 1828 1021 1869 seipsum

201 1881 381 1911 cognoscere
396 1876 441 1903 est
456 1871 598 1912 perfectio
613 1871 794 1912 operationis
805 1872 959 1903 virtutum.

242 1917 291 1948 36.
318 1916 372 1953 Qui
398 1925 452 1957 per
482 1916 638 1956 puritatem
666 1917 702 1947 ad
731 1916 884 1948 scientiam
910 1917 1022 1948 entium

199 1961 344 2000 ascendit,
359 1962 490 2002 seipsum
503 1962 593 1999 novit,
606 1967 693 2001 prout
703 1961 815 1992 dictum
829 1966 892 1993 est:
909 1975 921 1989 ιι
930 1962 1024 1993 Nosce

200 2007 340 2047 teipsum.
359 2019 373 2034 ι
391 2006 446 2043 Qui
461 2013 561 2037 autem
577 2006 708 2037 nondum
725 2006 860 2037 ascendit
870 2007 904 2036 atl
922 2007 1023 2038 scien-

199 2051 269 2082 tiam
286 2055 315 2082 et
328 2051 476 2083 rationum
492 2051 650 2082 creationis
677 2057 705 2083 et
735 2051 899 2082 divinarum
917 2052 1022 2082 huma-

199 2105 364 2137 narumque
378 2105 491 2136 rerum,
506 2095 587 2126 novit
602 2095 723 2136 quidem
739 2105 803 2136 qua;
819 2100 886 2126 sunt
901 2096 981 2127 circa
992 2106 1024 2127 se

200 2144 229 2171 et
243 2149 309 2181 qua
323 2144 404 2171 extra
419 2150 463 2181 se,
480 2140 612 2180 seipsum
627 2144 725 2171 autem
743 2140 922 2171 nullatenus.

1071 267 1114 294 καὶ
1129 266 1202 297 ἐντὸς
1223 267 1311 300 πάσης
1340 265 1403 295 ὄντα
1427 266 1659 306 μετριοφροσύνης,
1690 263 1899 296 ταπεινώσεως,

1069 311 1113 339 καὶ
1127 310 1235 349 ἀγάπης
1247 311 1313 350 πρὸς
1327 312 1373 339 τὸν
1387 310 1500 344 πλησίον
1516 319 1523 326 ·
1555 309 1604 338 "5410'
1630 309 1674 337 ὅτε
1688 309 1731 337 καὶ
1745 307 1901 346 καυχώμε-

1069 367 1114 383 νον
1128 355 1155 383 ἐν
1171 356 1266 395 Κυρίῳ,
1284 356 1351 385 κατὰ
1366 356 1412 384 τὸν
1423 355 1492 384 οὕτω
1505 355 1617 394 λέγοντα
1638 353 1741 383 Παῦλον
1770 352 1814 380 καὶ
1830 362 1901 379 καυ-

1067 400 1190 439 χώμενον
1213 399 1239 427 ἐν
1256 401 1351 440 Κυρίῳ,
1367 400 1435 428 κατὰ
1448 401 1493 428 τὸν
1508 400 1576 428 οὕτω
1589 399 1701 439 λέγοντα
1715 397 1833 435 Παῦλον,
1850 396 1900 423 καὶ

1066 444 1244 484 καυχώμενον
1266 445 1294 473 ἐν
1309 445 1394 485 Κυρίῳ
1410 453 1418 462 ⁸
1445 455 1457 473 α
1481 445 1660 484 Καυχήσομαι
1684 442 1711 471 ἒν
1731 448 1793 472 ταῖς
1808 440 1897 468 ἀσθε-

1066 491 1145 520 νείαις
1168 499 1230 526 μου,
1249 500 1263 516 ι

1104 527 1158 571 λγ’.
1183 534 1219 562 Οὐ
1243 536 1296 562 τῶν
1310 533 1374 573 παρ’
1400 534 1476 571 ἡμῶν
1500 533 1662 573 λεγομένων,
1686 532 1704 566 ἢ
1732 528 1897 570 πραττὸμὲ-

1063 587 1115 604 νων
1128 577 1177 610 τὴν
1205 577 1357 617 ἐπιφάνειαν
1386 579 1433 617 ὁρᾷ
1454 578 1468 606 ὁ
1495 578 1573 616 Θεὸς,
1595 577 1663 605 ἀλλᾶ
1688 577 1735 608 τὰς
1757 574 1895 604 διαθέσεις

1063 623 1115 649 τῶν
1131 623 1238 661 ψυχῶν,
1261 623 1305 650 καὶ
1328 623 1374 650 τὸν
1403 623 1503 650 σκοπὸν
1531 621 1563 650 δι’
1592 622 1620 650 ὃν
1645 622 1662 655 ἢ
1684 619 1834 660 πράττομεν
1864 629 1892 645 τι

1063 668 1116 693 τῶν
1137 665 1290 705 ὁρωμένων,
1320 666 1338 700 ἢ
1362 665 1475 705 λέγομέν
1490 678 1515 694 τι
1530 669 1583 694 τῶν
1597 665 1744 703 νοουμένων
1759 674 1768 681 ·
1796 663 1893 701 ὥσπερ

1063 708 1096 742 δὴ
1110 711 1154 738 καὶ
1171 711 1218 741 τὰς
1233 709 1355 748 ὃδλάμεις
1369 714 1422 738 τῶν
1437 710 1537 750 λόγων,
1552 711 1638 740 καὶτὰ
1649 709 1714 743 τέλη
1723 713 1776 738 τῶν
1787 708 1892 748 ἔργων,

1064 755 1088 782 οἱ
1102 754 1202 782 συνέσει
1217 758 1270 783 τῶν
1291 754 1392 784 λοιπῶν
1406 755 1600 795 διαφέρουντες,
1616 756 1696 794 ὁρῶσι
1712 753 1825 792 μᾶλλον,
1844 752 1893 780 καὶ

1064 799 1110 831 τὰς
1125 800 1221 839 κρίσεις
1248 801 1346 828 τούτων
1368 804 1485 829 ποιοῦσιν
1513 799 1703 840 άνεπισφαλετς
1720 808 1728 815 ⁸
1751 799 1820 826 κατὰ
1845 797 1893 824 καὶ

1066 842 1199 883 ἅνθρωπος
1221 845 1268 882 μὲν
1295 846 1331 876 εἷς
1359 847 1512 885 πρόσωπον,
1540 846 1554 873 ὃ
1582 844 1609 872 δὲ
1638 845 1701 876 Θεὸς
1717 844 1754 874 εἷς
1779 841 1890 881 καρδίαν

1065 889 1123 928 ὁρᾷ.

1106 929 1157 964 λδ’.
1174 935 1210 962 Οὐ
1231 933 1286 962 δεῖν
1315 935 1403 974 ἐκρίθη
1430 938 1488 972 Θεῷ
1508 934 1547 972 μὴ
1575 934 1643 961 κατὰ
1671 932 1763 971 γενεὰς
1777 932 1821 960 καὶ
1837 941 1891 969 γε-

1066 979 1138 1015 νεὰς,
1175 979 1312 1018 προφήτας
1341 979 1419 1007 αὐτοῦ
1446 979 1490 1007 καὶ
1523 978 1613 1018 φᾶους
1649 977 1891 1012 κατασκευάζεσθαι

1065 1022 1107 1051 διὰ
1141 1024 1303 1061 Πνεύματος,
1347 1025 1383 1056 εἷς
1418 1024 1595 1063 καταρτισμὸν
1636 1025 1685 1056 τῆς
1723 1021 1892 1055 Ἐκκλησία(

1064 1068 1152 1098 αὑτοῦ.
1171 1069 1199 1096 Εἰ
1221 1069 1271 1108 γὰρ
1297 1070 1310 1096 ὁ
1339 1069 1452 1100 παλαιὸς
1481 1067 1582 1107 δράκων
1604 1069 1655 1108 οὒχ
1681 1068 1780 1107 δῳῆκεν
1810 1066 1890 1104 ἐμεῖν

1062 1113 1108 1140 τὸν
1123 1113 1162 1140 ἱὸν
1177 1113 1226 1145 τῆς
1242 1113 1370 1153 ἁμαρτίας
1394 1114 1421 1141 ἐν
1445 1121 1506 1146 ταῖς
1531 1113 1627 1143 ἀκοαῖς
1651 1115 1703 1140 τῶν
1730 1111 1888 1148 ἀνθρώπων,

1063 1155 1096 1184 δι’
1112 1158 1141 1184 0-5
1154 1156 1233 1185 πάλιν
1249 1159 1263 1185 ὁ
1277 1160 1325 1190 τῆς
1355 1160 1447 1198 ψυχῆς
1476 1157 1619 1197 ἐπιγίνεται
1650 1156 1770 1196 ὄλεθρος,
1799 1156 1859 1186 πῶς
1876 1156 1891 1183 ὁ

1063 1201 1167 1234 πλάσας
1194 1202 1261 1230 κατὰ
1290 1203 1373 1239 μόνας
1407 1203 1454 1233 τας
1483 1201 1588 1241 καρδίας
1613 1202 1702 1239 ἡμῶν,
1730 1201 1759 1229 οὒ
1784 1200 1890 1233 πένητα

1064 1247 1116 1274 ἀπὸ
1151 1249 1202 1285 γῆς
1231 1247 1414 1280 ταπεινώσεως
1442 1248 1585 1282 ἀναστήσει
1602 1255 1610 1263 ⁸
1632 1248 1677 1275 καὶ
1698 1246 1750 1274 ἀπὸ
1777 1246 1890 1284 κοπρίας

1064 1291 1153 1319 παθῶν
1182 1291 1274 1331 ἐγείρει
1302 1294 1424 1332 πτωχὸν,
1455 1293 1504 1326 τὴν
1532 1296 1577 1320 τοῦ
1613 1292 1761 1328 πνεύματος
1789 1290 1887 1330 ἐπιφε-

1064 1335 1172 1375 ρόμενος
1206 1336 1352 1376 μάχαιραν,
1382 1336 1396 1364 ὅ
1424 1336 1479 1365 ἐστι
1507 1337 1579 1375 ῥῆμα
1605 1340 1681 1371 Θεοῦ,
1705 1337 1740 1368 εις
1761 1335 1888 1373 βοήθειαν

1063 1381 1112 1413 τῆς
1142 1379 1318 1420 κληρονομίας
1346 1383 1448 1421 αὑτοῦ;
1480 1382 1592 1414 Εἰκότως
1621 1381 1664 1409 οὖν
1694 1380 1723 1408 ἐκ
1750 1380 1887 1407 ταπεινώ-

1063 1434 1130 1457 σεως
1178 1425 1322 1465 ἀρχόμενοι
1369 1427 1392 1454 οἱ
1437 1427 1542 1459 ἑαυτοὺς
1576 1426 1779 1465 ἀπαρνούμενοι,
1820 1425 1886 1464 πρὸς

1063 1468 1128 1506 ὕψος
1156 1469 1330 1510 ἀνατρέχουσι
1354 1470 1490 1510 γνώσεως,
1515 1471 1559 1498 καὶ
1583 1469 1677 1498 δίδοται
1707 1471 1796 1502 αὒτοτς
1817 1469 1887 1498 ἅνω-

1065 1515 1107 1542 θεν
1121 1513 1193 1552 ῥῆμα
1209 1515 1312 1555 σοφίας,
1339 1513 1445 1553 δτνάμει
1473 1519 1550 1552 Θεοῦ,
1580 1516 1615 1548 ὼς
1643 1513 1887 1553 εὖαγγελιζομένοις

1066 1559 1196 1596 σωτηρίαν
1218 1562 1252 1597 τῇ
1267 1558 1412 1593 Ἐκκλησία
1429 1559 1516 1590 αὖτοῦ.

1105 1598 1157 1634 λε’,
1182 1614 1194 1631 «ι
1221 1604 1302 1631 Γνῶθι
1324 1604 1419 1632 σαυτόν
1436 1611 1443 1618 ·
1464 1615 1476 1630 n
1493 1604 1536 1632 καὶ
1557 1604 1633 1632 τοῦτό
1649 1603 1719 1632 ἐστιν
1734 1604 1751 1637 ἡ
1773 1602 1887 1637 ἀληθινὴ

1065 1651 1104 1685 τῷ
1124 1647 1179 1676 ὄντι
1206 1649 1372 1686 ταπείνωσις,
1395 1649 1412 1682 ἡ
1441 1652 1657 1688 ταπεινοφρονεύν
1688 1647 1887 1687 ἐκδιδάσκουσα,

1064 1693 1081 1726 ἡ
1107 1693 1277 1732 συντρίβουσα
1298 1693 1346 1723 τὴν
1375 1693 1492 1733 καρδίαν,
1521 1694 1564 1721 καὶ
1593 1693 1655 1721 αὐτὸ
1681 1697 1757 1722 τοῦτο
1781 1692 1886 1732 ἐργάζε-

1064 1738 1151 1772 ζεσθαι
1179 1738 1223 1765 καὶ
1251 1736 1405 1777 φυλάσσειν.
1434 1739 1464 1767 Εἰ
1493 1737 1520 1766 δὲ
1549 1738 1631 1776 μήπω
1666 1737 1747 1777 ἔγνως
1777 1738 1885 1772 σαυτὸν,

1064 1781 1121 1810 οὔτε
1143 1783 1167 1809 τί
1191 1781 1245 1810 ἐστι
1274 1783 1431 1815 ταπείνωσις
1453 1781 1539 1818 οἶδας,
1570 1782 1627 1810 οὔτε
1655 1781 1719 1820 ἥψω
1740 1792 1789 1815 της
1816 1781 1884 1815 ἅλη-

1063 1827 1121 1859 θοῡς
1135 1826 1254 1866 ἐργασίας
1269 1828 1312 1854 καὶ
1327 1826 1443 1867 φυλακῆς
1461 1835 1469 1843 ⁰
1494 1828 1524 1854 τὸ
1540 1827 1589 1866 γὰρ
1611 1827 1701 1855 ἑαυτὸν
1724 1826 1882 1866 ἔπεγνῶναι,

1063 1870 1136 1903 τέλος
1158 1872 1205 1911 τῆς
1219 1874 1272 1899 τῶν
1285 1871 1385 1911 ἀρετῶν
1407 1871 1538 1911 ἐργασίας,

1104 1914 1152 1952 λς·
1156 1910 1172 1945 ’.
1203 1911 1231 1943 (Ο
1260 1915 1290 1944 ἐκ
1318 1916 1495 1956 καθαρότητος
1525 1917 1561 1948 εἰς
1595 1919 1691 1955 γνῶσιν
1719 1927 1772 1944 των
1801 1915 1884 1944 ὄντων

1065 1958 1170 1997 ἐλάσας,
1195 1959 1262 1999 ἔγνω
1282 1961 1385 1997 ἑαυτὸν,
1416 1961 1484 1988 κατὰ
1509 1962 1540 1988 τὸ
1572 1960 1707 2000 εἰρημένον
1725 1969 1731 1976 ⁸
1763 1971 1774 1986 ι
1805 1963 1886 1989 Γνῶθι

1065 2004 1159 2032 σαυτόν
1176 2014 1184 2022 ⁸
1218 2016 1229 2033 ι
1255 2006 1268 2033 ὁ
1297 2004 1323 2033 δὲ
1339 2006 1423 2043 μήπω
1437 2006 1472 2037 εἰς
1487 2006 1583 2044 γνῶσιν
1598 2006 1737 2046 πεφθακὼς
1759 2007 1843 2035 αὖτὼν
1858 2016 1887 2034 τε

1065 2052 1118 2077 τῶν
1132 2048 1220 2088 λόγων
1234 2050 1281 2084 τῆς
1310 2050 1431 2087 κτίσεως,
1462 2051 1505 2078 καὶ
1535 2053 1588 2078 τῶν
1612 2051 1687 2078 θείων
1717 2051 1760 2078 καὶ
1788 2051 1886 2089 ἀνθρωο

1066 2094 1147 2122 πίνων
1170 2095 1345 2134 πραγμάτων,
1369 2094 1438 2133 ἔγνω
1461 2095 1510 2127 μὲν
1538 2095 1570 2122 τὰ
1597 2095 1656 2133 περὶ
1685 2096 1762 2124 αὑτὸν
1783 2095 1826 2122 καὶ
1854 2095 1887 2122 τὰ

1066 2138 1244 2179 ἐκτὸςναῦτοῦ,
1265 2140 1357 2167 ἑαυτὸν
1378 2138 1406 2168 δὲ
1421 2138 1551 2176 οὖδάμῶς.

240 2177 290 2216 57.
307 2184 371 2216 Νοη
386 2177 465 2216 idem
482 2177 536 2224 ego
550 2189 578 2215 et
594 2194 659 2225 qua;
686 2189 754 2215 sunt
769 2185 933 2216 secundum
951 2195 998 2217 tne

1106 2178 1157 2218 λζ’.
1188 2183 1242 2212 Οὖκ
1269 2183 1296 2211 εἴ
1323 2195 1348 2212 τι
1379 2184 1444 2223 ἐγὼ,
1466 2187 1543 2212 τοῦτο
1564 2183 1669 2216 πάντως
1697 2185 1741 2212 καὶ
1769 2184 1800 2211 τα
1827 2183 1886 2212 κατ’

200 2239 257 2261 nec
270 2229 349 2261 idem
359 2239 424 2270 qua;
434 2233 503 2260 sunt
517 2229 681 2260 secundum
694 2239 742 2260 me
757 2234 786 2260 et
797 2239 861 2270 quae
868 2234 935 2260 sunt
947 2231 1026 2261 circa

200 2283 265 2311 me;
283 2283 339 2305 nec
349 2274 430 2305 idem
444 2284 510 2315 quae
520 2278 588 2306 sunt
600 2273 680 2304 circa
690 2283 737 2305 me
748 2278 776 2304 et
787 2283 852 2314 qua:
863 2278 943 2305 extra
959 2284 1023 2312 me;

198 2319 251 2350 sed
266 2319 347 2350 aliud
363 2319 437 2356 haec,
453 2319 533 2350 aliud
549 2319 612 2355 illa,
639 2318 717 2349 aliud
735 2323 852 2349 caetera.
870 2319 929 2358 Ego
946 2320 1024 2351 enim

198 2364 319 2405 quidem
331 2364 428 2404 imago
440 2372 505 2395 sum
517 2363 584 2401 Dei,
597 2363 628 2394 in
638 2363 736 2394 anima
747 2363 953 2400 intellectuali,
965 2364 1024 2394 im-

199 2408 317 2440 mortali
328 2412 357 2440 et
372 2408 507 2440 rationali
528 2412 691 2449 spectatus,
717 2412 818 2448 utpote
840 2408 1023 2439 intellectum

198 2453 312 2485 habens
322 2453 405 2484 verbi
417 2459 543 2492 patrem,
557 2457 586 2484 et
600 2453 636 2484 ab
652 2453 751 2484 anima
767 2452 925 2484 indivisum
936 2453 1023 2493 eique

197 2498 492 2530 consubstantialem.
510 2497 580 2534 Quae
594 2501 693 2528 autem
710 2502 876 2538 suntpenes
889 2507 946 2534 me,
956 2503 1024 2529 sunt

196 2543 279 2584 regia
294 2543 432 2583 dignitas,
452 2542 647 2584 principatus,
664 2542 740 2574 ratio
755 2546 784 2573 et
799 2542 926 2574 liberum
942 2543 1022 2574 arbi-

195 2588 297 2620 trium.
316 2588 387 2625 Qute
403 2597 472 2619 vero
483 2588 564 2619 circa
576 2597 635 2626 me,
650 2592 718 2618 sunt
731 2587 874 2628 quidquid
887 2587 1024 2620 facultate

196 2633 615 2674 electivaeligipotest,utesse
621 2632 1023 2672 agricolam,negotiatorem,

196 2679 437 2711 mathematicum
443 2678 488 2709 vel
498 2677 722 2718 philosophum.
733 2677 930 2714 Quaulemum
941 2681 1023 2708 extra

194 2732 254 2762 me,
267 2723 410 2765 quidquid
417 2723 522 2754 attinet
530 2722 566 2753 ad
574 2722 759 2753 saecularium
769 2723 917 2753 honorum
933 2731 1019 2754 amo-

1066 2227 1113 2265 ἐμέ
1129 2237 1137 2245 '
1161 2227 1218 2257 οὺδέ
1233 2228 1259 2256 εἴ
1274 2239 1298 2256 τι
1314 2228 1346 2256 τὰ
1361 2228 1421 2257 κατ’
1437 2229 1496 2266 ἐμὲ,
1513 2233 1590 2258 τοῦτο
1613 2229 1656 2257 καὶ
1677 2229 1710 2257 τα
1734 2229 1792 2268 περὶ
1813 2228 1860 2266 ὲμέ
1877 2237 1884 2244 “

1066 2272 1123 2301 οὐδὲ
1146 2273 1172 2300 εἴ
1193 2284 1218 2301 τι
1233 2275 1265 2301 τὰ
1294 2274 1352 2312 περὶ
1377 2273 1437 2311 ἐμὲ,
1462 2278 1540 2302 τοῦτο
1566 2274 1610 2301 καὶ
1639 2274 1673 2301 τὰ
1694 2273 1769 2305 ἐκτὸς
1797 2273 1862 2310 ἐμοῦ
1877 2284 1886 2292 ο

1066 2317 1126 2345 ἀλλ’
1141 2317 1206 2346 ἄλλο
1219 2321 1312 2353 ταῦτα,
1328 2319 1372 2346 καὶ
1387 2317 1452 2346 ἄλλο
1468 2317 1569 2355 ἐκεῖνα,
1599 2318 1643 2346 καὶ
1667 2317 1733 2346 ἄλλο
1748 2318 1780 2345 τὰ
1794 2317 1861 2346 ἄλλα
1878 2327 1885 2336 ⁸

1065 2362 1119 2401 ἐγὼ
1140 2363 1189 2400 μὲν
1204 2363 1254 2402 γὰρ
1275 2363 1352 2391 εἰκών
1380 2363 1433 2401 εἰμι
1450 2366 1527 2402 Θεοῦ,
1553 2362 1580 2389 ἐν
1602 2364 1679 2402 ψυχῇ
1702 2365 1779 2401 νοερᾷ
1801 2374 1829 2390 τε
1845 2367 1887 2393 καὶ

1064 2407 1184 2444 ἀθανάτῳ
1216 2408 1260 2435 καὶ
1294 2406 1390 2447 λογικῇ
1423 2407 1612 2447 θεωρούμενος,
1649 2407 1685 2439 ὡς
1723 2411 1782 2435 νοῦν
1812 2406 1886 2448 ἔχων

1064 2451 1204 2491 τοῦλόγου
1229 2451 1341 2492 πατέρα,
1368 2453 1412 2480 καὶ
1440 2451 1489 2485 τῆς
1517 2451 1608 2491 ψυχῆς
1632 2450 1777 2491 ἀδιαίρετόν
1803 2463 1830 2480 τε
1845 2454 1887 2481 καὶ

1066 2497 1205 2534 ὁμοούσιον
1222 2504 1230 2512 '
1259 2497 1292 2525 τὰ
1317 2495 1344 2524 δέ
1368 2507 1398 2536 γε
1413 2496 1472 2524 κατ’
1487 2496 1547 2533 ἐμὲ,
1563 2497 1594 2524 τὸ
1608 2495 1744 2534 βασιλικόν
1767 2496 1834 2537 ἐστι,
1856 2499 1886 2526 τὸ

1066 2541 1188 2582 ἀρχικὸν,
1204 2543 1235 2570 τὸ
1257 2541 1362 2581 λογίκόν
1383 2551 1412 2569 τε
1437 2542 1480 2569 καὶ
1509 2540 1672 2573 αὒτεξούσιον
1690 2549 1696 2556 ·
1721 2543 1754 2570 τὰ
1782 2541 1809 2570 δὲ
1831 2544 1887 2582 περὶ

1066 2585 1124 2626 ἐμὲ,
1161 2586 1210 2615 ὅσα
1237 2587 1266 2615 ἐκ
1298 2586 1474 2626 προαιρέσεως
1503 2586 1617 2626 αἱρετέα,
1650 2587 1680 2614 τὸ
1707 2588 1822 2626 γεωργὸν
1848 2595 1886 2616 ετ-

1065 2643 1118 2668 ναι,
1136 2632 1154 2666 ἣ
1169 2632 1298 2672 ἔμπορον,
1315 2631 1332 2665 ἢ
1349 2632 1547 2668 μαθηματικὸν,
1572 2632 1589 2664 ἢ
1615 2629 1759 2671 φιλόσοφον
1777 2639 1783 2646 “
1813 2633 1845 2660 τὰ
1859 2632 1885 2661 δὲ

1064 2675 1138 2709 ἐκτὸς
1153 2676 1228 2715 ἐμοῦ,
1257 2676 1308 2704 ὅσα
1327 2686 1356 2704 τε
1384 2676 1442 2715 περὶ
1472 2676 1503 2703 τὸ
1530 2675 1670 2714 φιλότιμον
1701 2679 1747 2703 τοῦ
1773 2676 1829 2714 βίου
1844 2682 1886 2708 καὶ

1061 2721 1110 2754 τὴν
1125 2722 1199 2750 κάτω
1226 2720 1370 2760 εὐγένειαν,
1398 2719 1522 2757 πλοῦτος,
1551 2719 1624 2756 δόξα,
1653 2719 1733 2760 τιμὴ,
1760 2722 1886 2761 εὖημερία

232 2831 264 2856 46
277 2830 290 2862 ι
302 2830 370 2862 Cor.
387 2838 439 2861 ιιι.
457 2830 488 2861 9.
530 2831 560 2856 ιτ
575 2830 587 2862 Ι
603 2830 674 2869 Reg.
691 2838 755 2868 xvi,
772 2829 807 2866 7;
825 2829 903 2862 Psal.
920 2838 972 2870 vn,
990 2829 1014 2860 tt

1087 2830 1116 2856 ιδ
1131 2829 1240 2870 Ephes.
1258 2837 1297 2869 vr,
1316 2829 1363 2860 t7.
