1976 3067
209 189 268 222 919

845 187 996 222 ΝΙΟΕΤίΕ
1033 187 1248 220 PECTORATI

1838 185 1909 219 9'20

202 267 238 288 ac
252 261 341 287 totam
358 256 485 288 lucidam
500 256 599 288 reddit
613 256 741 287 animam
754 267 762 293 ;
777 260 806 287 et
822 256 915 288 oratio
933 261 1023 287 totum

1074 257 1113 291 τῆς
1129 258 1235 297 καρδίαις
1251 260 1282 287 τὸ
1298 259 1383 299 ἅμμα,
1400 261 1442 287 καὶ
1471 259 1612 296 ὁλολαμπῆ
1630 259 1678 292 τὴν
1695 259 1788 298 ψυχὴν
1810 258 1909 297 ἀπερ-

203 301 355 332 hominem
379 303 440 332 Deo
467 301 636 341 conjungit,
663 311 730 332 eum
755 301 825 332 facit
854 302 1026 340 angelorum

203 347 368 382 convivam,
391 345 440 376 dat
466 345 492 376 ei
521 346 681 384 gustandas
703 350 845 376 aeternum
863 345 914 376 Ι)ρί
930 345 1026 376 bono-

204 398 269 420 rum
285 389 419 426 delicias,
437 389 591 420 thesauros
608 389 905 429 ipsiapcritaltoruui
923 394 1026 429 mystc‘

204 433 327 470 riorum,
345 433 433 473 eique
448 434 591 464 charitate
607 443 732 464 accenso
751 433 908 473 persuadet
922 438 954 464 ut
970 443 1024 473 po-

204 487 276 508 nere
297 478 406 508 audeat
429 478 578 519 propriam
598 478 726 508 animam
748 487 798 518 pro
826 478 887 508 suis
909 478 1025 514 amicis,

203 527 344 562 tanquam
361 531 510 562 corporea
525 522 646 554 vilitatis
662 522 772 552 limites
788 526 983 561 trangressus.

245 611 295 642 42.
313 610 414 648 Serva,
428 621 538 652 quaeso,
552 611 712 652 pretiosum
727 611 846 642 ditantis
861 611 1027 651 depositum

205 655 428 692 humilitatis,in
439 666 498 696 quo
510 664 576 686 sun:
592 656 721 686 thesauri
736 655 888 686 cliaritalis
903 656 1029 686 abscon-

206 700 271 738 diti,
286 700 316 730 in
328 710 386 740 quo
396 705 584 731 asservantur
598 700 834 740 compunctionis
851 701 1025 740 margaritae.

206 749 289 776 etrex
305 745 438 775 Christus
454 745 530 776 Deus
545 745 622 775 velut
638 754 728 784 super
744 745 849 775 throno
869 745 1028 785 requiescit

206 789 360 826 deaurato,
373 789 451 820 dona
462 789 555 820 sancti
567 789 613 819 sui
622 788 749 829 Spiritus
761 789 942 820 distribuens
951 789 1029 819 illius

205 833 345 872 alumnis,
363 838 393 865 et
408 843 512 874 magna
527 834 573 864 his
586 834 714 873 largiens
730 843 782 864 sua
805 834 935 872 praemia.
962 843 1028 864 ser-

207 887 325 909 monem
342 878 474 909 scientia:
488 888 559 915 suae,
572 879 746 918 sapentiam
771 888 853 908 suam
870 883 1027 914 sacratam,

205 932 305 954 rerum
317 923 481 954 divinarum
494 922 746 964 perspicientiam,
763 923 957 953 viviﬁcantem
975 924 1025 953 im.

208 967 408 1007 passibilitatis
433 977 489 1008 ope
518 967 788 1006 moititicationem,
819 972 848 997 it
875 977 942 998 cum
963 968 1026 1006 ipso

205 1012 459 1051 conjunctionem,
475 1012 511 1043 ad
533 1012 754 1050 coregnandum
780 1021 846 1042 cum
869 1022 904 1042 eo
929 1012 958 1041 in
977 1012 1027 1042 Dei

209 1057 303 1087 Patris
314 1065 417 1095 regno,
431 1061 461 1087 ut
473 1058 535 1096 ipse
550 1057 627 1087 hunc
644 1066 695 1096 pro
708 1056 794 1086 nobis
805 1060 886 1095 rogat
901 1056 1004 1087 «licens
1018 1067 1025 1086 :

212 1112 223 1129 α
239 1101 335 1141 Pater,
351 1110 427 1140 quos
442 1101 548 1132 dedisti
565 1101 649 1141 mihi,
666 1101 729 1132 volo
744 1104 776 1131 ut
789 1100 911 1131 ubisqu
925 1110 990 1140 ego,
1001 1105 1030 1131 et

209 1145 266 1184 ipsi
280 1145 338 1175 sint
351 1145 392 1174 50.
411 1158 422 1173 ι»

252 1322 301 1354 43.
318 1322 389 1354 Cum
413 1323 491 1362 quis,
521 1332 573 1363 per
598 1323 710 1362 praxim
737 1323 875 1354 laborans
889 1324 927 1354 ad
943 1332 1029 1353 exse-

211 1367 328 1408 quenda
343 1367 489 1403 mandata,
504 1367 602 1397 subito
618 1367 762 1398 ineffabili
774 1371 802 1398 et
812 1372 927 1398 secreto
935 1367 1031 1407 reple-

212 1417 260 1442 tur
274 1411 393 1450 gaudio,
408 1412 448 1442 ita
464 1416 494 1441 ut
509 1411 697 1450 singulariter
721 1416 750 1443 et
774 1421 862 1451 supra
878 1412 954 1452 quod
972 1412 1030 1442 dici

212 1459 307 1496 potest
320 1456 542 1492 tranformetur,
560 1460 588 1486 et
605 1455 712 1486 molem
736 1456 865 1495 deponat
883 1456 1028 1496 corporis,

214 1503 243 1530 et
260 1498 454 1531 obliviscatur
470 1499 717 1540 ciborum,somni
727 1504 754 1530 et
768 1499 891 1530 aliarum
908 1500 972 1530 vitae
985 1510 1031 1530 ne-

1069 303 1174 341 γέζεται
1192 311 1199 318 '
1228 305 1244 338 ἡ
1274 303 1300 331 δὲ
1336 305 1460 332 συνάπτει
1502 305 1546 332 τὸν
1589 303 1723 343 ἄνθρωπον
1759 302 1821 330 ελον
1863 306 1907 339 τῷ

1069 348 1136 385 Θεῷ,
1153 349 1197 376 καὶ
1218 354 1310 378 τοῦτον
1325 349 1448 388 ἀγγέλοις
1474 356 1548 377 ποιεῖ
1562 347 1721 387 ὁμοδίαινον,
1738 349 1781 376 καὶ
1797 346 1906 386 γλυκύ-

1067 403 1147 425 τητος
1162 396 1214 421 τῶν
1237 394 1349 421 αἰωνίων
1361 397 1406 422 τοῦ
1421 398 1486 423 Θεοῦ
1509 394 1614 432 ἀγαθῶν
1627 393 1762 432 ἀπογεύει,
1779 393 1825 420 καὶ
1852 394 1906 424 θη-

1068 437 1177 476 σαυροὺς
1189 438 1258 475 αὐτῷ
1269 437 1355 466 δίδωσι
1364 438 1513 477 μυστηρίων
1522 437 1657 476 μεγάλων,
1667 438 1710 465 καὶ
1721 436 1904 476 πυρπολοῦσα

1068 483 1101 518 τῇ
1116 481 1218 521 ἀγάπῃ,
1234 482 1334 519 τολμᾷν
1350 482 1446 510 τιθέναι
1464 482 1540 510 αὑτὸν
1555 483 1637 510 πείθει
1651 482 1700 514 τὴν
1715 481 1782 509 ἰδίαν
1799 481 1904 520 ψυχὴν

1068 526 1131 564 ὓπερ
1146 529 1197 554 τῶν
1219 526 1301 566 φίλων
1316 529 1406 562 αὐτοῦ,
1422 528 1458 558 ὡς
1474 526 1595 566 ὑπεράνω
1609 526 1738 565 γεγονότι
1753 528 1806 553 τῶν
1823 524 1904 563 ὅρων

1070 573 1118 604 τῆς
1132 574 1178 598 τοῦ
1200 571 1322 608 σώματος
1344 571 1540 602 ταπεινώσεως.

1110 610 1168 653 μβ’.
1185 615 1305 644 Φύλασσέ
1332 627 1376 654 μοι
1397 617 1446 649 τὴν
1475 615 1560 648 καλὴν
1589 615 1814 654 παρακαταθήκην
1846 616 1902 646 τῆς

1070 659 1246 688 πλουτοποιοῦ
1267 660 1461 698 ταπεινώσεως,
1488 660 1514 688 ἐν
1578 662 1627 692 τῆς
1653 659 1758 698 ἀγάπης
1774 660 1798 686 οἱ
1820 657 1901 685 ἀπό-

1070 715 1162 743 κρθιροι
1189 706 1313 744 θησαυροὶ
1342 705 1538 742 ἀναπόκεινται,
1562 704 1589 731 ἐν
1610 705 1628 742 ᾗ
1656 706 1704 736 τῆς
1727 701 1901 734 κατανύξεως

1072 749 1094 776 oi
1117 755 1276 788 μαργαρῖται
1305 748 1502 789 φυλάττονται·
1525 750 1569 776 καὶ
1597 749 1611 776 ὁ
1639 747 1760 786 βασιλεὺς
1778 747 1900 786 Χριττὸς

1071 794 1085 820 ὁ
1111 793 1174 825 Θεὸς
1196 794 1232 824 ὼς
1261 794 1297 825 εἷς
1326 793 1415 832 θρόνον
1445 794 1639 822 ἐπαναπαύεται
1661 791 1899 832 χρυσοκόλλητον,

1071 837 1117 868 τὰς
1144 835 1240 876 δωρεὰς
1269 836 1398 875 διανέμων
1434 843 1480 867 τοῦ
1515 838 1589 876 ἁγίου
1619 839 1697 866 αὐτοῦ
1726 837 1897 873 Πνεύματος,

1072 888 1130 912 τοῖς
1145 881 1279 921 τροφίμοις
1308 883 1389 915 αὐτῆς
1407 890 1414 898 ”
1444 883 1487 910 καὶ
1509 883 1541 910 τὰ
1570 881 1674 920 μεγάλα
1696 881 1796 912 τούτοις
1813 880 1900 908 αὒτηῦ

1071 924 1231 964 δωρούμενος
1260 926 1408 964 ἀξιώματα,
1437 927 1483 954 τὸν
1510 929 1559 960 τῆς
1590 926 1713 965 γνώσεως
1738 927 1817 954 αὒτοῦ
1843 923 1898 952 λό-

1068 980 1126 1007 γον,
1148 971 1198 1003 τὴν
1210 971 1300 1010 σοφίαν
1322 973 1401 1000 αὑτοῦ
1422 972 1470 1005 τὴν
1495 970 1654 1010 ὰπόῤῥητον,
1683 970 1733 1002 τὴν
1749 973 1802 997 τῶν
1816 969 1900 996 θείων

1069 1015 1233 1053 πραγμάτων
1247 1014 1375 1054 διόρασιν,
1392 1016 1440 1048 τὴν
1465 1019 1517 1043 τῶν
1546 1015 1712 1052 ἀνθρωπίνων
1727 1013 1898 1053 πραγμάτων

1069 1059 1222 1098 προόρασιν,
1250 1059 1299 1092 τὴν
1315 1058 1356 1087 δια
1373 1062 1422 1092 τῆς
1452 1059 1578 1090 ἀπαθείας
1605 1059 1735 1094 ζωοποιὸν
1750 1058 1894 1096 νέκρωσιν,

1071 1103 1114 1130 καὶ
1129 1102 1177 1136 τὴν
1204 1102 1262 1140 μετ’
1289 1104 1366 1132 αὑτοῦ
1393 1104 1543 1143 συνάφειαν,
1575 1104 1610 1135 εἷς
1632 1104 1663 1130 τὸ
1691 1101 1897 1139 συμϐασιλεύειν

1072 1147 1142 1184 αὒτῷ
1152 1147 1178 1175 ἐν
1193 1150 1227 1185 τῇ
1240 1151 1286 1175 τοῦ
1302 1149 1403 1187 [ἰατρὸς
1419 1148 1462 1176 καὶ
1477 1151 1544 1176 Θεοῦ
1565 1147 1696 1186 βασιλείᾳ,
1712 1147 1797 1177 καθὼς
1814 1146 1895 1175 αὐτὸς

1073 1192 1136 1229 πρὸς
1158 1192 1236 1220 αὐτὸν
1251 1192 1298 1224 τὴν
1315 1191 1481 1231 παράκλησιν
1496 1198 1613 1220 ποιεῖται
1627 1190 1712 1229 λέγων
1725 1190 1790 1229 ὑπὲρ
1799 1190 1895 1226 ἡμῶν*

1074 1246 1087 1265 ι
1106 1236 1202 1275 Πάτερ,
1219 1237 1261 1268 οὒς
1276 1235 1390 1268 δέδωκάς
1409 1247 1466 1276 μοι,
1482 1235 1551 1264 θέλω
1564 1236 1610 1264 ἵνα
1625 1235 1692 1264 ὅπου
1707 1235 1759 1272 εἰμὶ
1770 1235 1835 1273 ἐγὼ,
1848 1233 1895 1262 καὶ

1073 1280 1144 1308 αὐτοὶ
1156 1280 1232 1309 ὦσιν.
1251 1292 1265 1307 »

1112 1320 1170 1364 μγ’.
1197 1317 1272 1354 "01.1w
1286 1328 1437 1364 πρακτικῶς
1464 1328 1565 1354 κοπιῶν
1588 1336 1627 1357 τις
1649 1325 1707 1363 περὶ
1734 1324 1782 1357 τὴν
1807 1323 1893 1362 ἐργα-

1073 1370 1130 1397 σίαν
1144 1373 1196 1397 τῶν
1221 1369 1345 1407 ἐντολῶν,
1374 1369 1473 1410 αἴφνης
1499 1370 1526 1398 ὲν
1554 1368 1726 1405 ἀνεκλαλήτῳ
1746 1369 1790 1397 καὶ
1805 1367 1892 1406 ἆρῤή-

1071 1424 1109 1449 τῬ
1137 1417 1208 1453 χαρᾷ
1233 1413 1354 1453 γένηται,
1376 1415 1412 1446 ὡς
1441 1413 1617 1447 ἀλλοιωθῆναι
1644 1415 1721 1442 αὑτὸν
1750 1411 1824 1445 Ξένην
1847 1412 1894 1439 καὶ

1071 1457 1135 1497 ὗπὲρ
1157 1457 1235 1496 λόγον
1261 1458 1412 1498 ἀλλοίωσιν,
1434 1460 1477 1486 καὶ
1505 1460 1534 1486 τὸ
1563 1459 1613 1495 μὲν
1641 1458 1720 1497 βάρος
1748 1455 1892 1484 ἀποθέσθαι

1074 1507 1120 1531 τοῦ
1141 1502 1276 1540 σώματος,
1306 1502 1470 1531 ἐπιλαθέσθαι
1499 1502 1526 1530 δὲ
1560 1503 1695 1542 βρώσεως,
1726 1501 1818 1538 ὕπνου,
1846 1501 1892 1528 καὶ

211 1544 380 1574 cessitatum
397 1554 403 1574 :
422 1544 544 1574 sciatita
556 1544 735 1574 manifestari
748 1544 776 1574 in
790 1554 820 1574 se
832 1544 953 1583 gratiam
966 1544 1024 1574 Dei

1074 1549 1125 1574 τῶν
1151 1546 1237 1574 ἄλλων
1266 1550 1315 1580 τῆς
1343 1548 1444 1587 φὼεῶς
1467 1548 1600 1586 ἀναγκῶν,
1626 1546 1777 1585 γινωσκέτω
1792 1546 1891 1578 ταύτην

211 1587 315 1627 quaein
326 1587 504 1618 luctantibus
520 1587 654 1627 producit
669 1588 810 1618 viviﬁcam
826 1588 1030 1618 mortiﬁcatio-

211 1641 292 1667 nem.
309 1632 411 1672 eisque
427 1632 475 1662 dat
490 1631 596 1662 exinde
615 1632 857 1672 incorporearum
884 1638 1028 1663 naturam.

210 1676 319 1707 Felicis
333 1680 430 1707 autem
447 1677 533 1716 hujus
548 1675 614 1706 vitae
628 1685 716 1706 causa
732 1679 776 1706 est
791 1676 939 1707 humilitas
955 1688 962 1712 ;
979 1687 1031 1708 nu-

211 1719 267 1750 trix
282 1724 311 1751 et
327 1724 430 1755 mater,
446 1724 547 1751 sancta
562 1720 732 1760 compuntio
747 1730 755 1758 ;
771 1719 865 1750 amica
881 1725 910 1751 et
932 1730 1028 1759 soror,

211 1766 303 1797 divini
327 1767 446 1798 luminis
470 1766 564 1804 visio;
587 1767 722 1803 thronus,
740 1766 983 1807 impassibilitas;
1001 1772 1030 1799 et

211 1811 364 1851 perfectio,
382 1820 467 1842 sacra
482 1815 511 1842 et
524 1810 623 1842 divina
638 1811 779 1843 Trinitas.

250 1901 298 1932 44.
317 1899 372 1936 Qui
387 1901 464 1931 hanc
479 1900 603 1940 adeptus
614 1904 660 1932 est
673 1909 782 1938 arcem,
794 1911 853 1932 non
870 1905 965 1941 potest
981 1902 1031 1931 ite-

211 1945 297 1976 tineri
318 1945 422 1975 viculis
451 1955 558 1976 sensus
586 1945 739 1982 mundani,
769 1955 874 1976 omnes
903 1945 1031 1984 despicit

207 1989 275 2020 vitae
288 1988 422 2025 delicias,
441 1999 498 2020 non
515 1989 638 2020 discenit
656 1989 734 2020 inter
749 1990 829 2030 pium
842 1993 872 2019 et
892 1989 1028 2029 impium,

208 2034 260 2065 sed
282 2033 357 2064 sicut
371 2033 449 2064 Deus
473 2043 558 2074 aeque
582 2033 655 2074 pluit
677 2038 706 2064 et
735 2033 828 2064 solem
859 2044 944 2064 suum
959 2034 1028 2064 oriri

208 2078 277 2110 facit
296 2086 386 2116 super
404 2078 501 2117 justos
515 2081 544 2109 et
559 2078 696 2118 injustas,
723 2082 751 2108 et
773 2087 862 2118 super
884 2077 977 2108 bonos
1001 2082 1030 2108 et

209 2123 303 2154 malos
316 2122 356 2162 5*,
372 2122 416 2153 sic
441 2125 470 2153 et
494 2122 558 2162 ipse
582 2132 672 2162 super
694 2131 798 2152 omnes
825 2122 937 2161 pariter
957 2122 1028 2152 oriri

208 2167 276 2198 facit
289 2171 317 2197 et
333 2166 459 2206 explicat
475 2166 626 2197 charitatis
646 2165 757 2202 radios,
780 2170 809 2196 et
834 2166 947 2196 viscera
968 2176 1026 2196 non

1073 1591 1143 1619 εἶναι
1160 1593 1225 1619 Θεοῦ
1239 1591 1379 1630 ἐπιδημίαν
1394 1593 1458 1631 πρὸς
1475 1593 1563 1628 αὐτὸν,
1586 1592 1633 1625 τὴν
1648 1594 1774 1619 ποιοῦσαν
1789 1590 1816 1617 ἐν
1832 1597 1892 1620 τοῖς

1072 1635 1275 1674 ἀγωνιζομένοις
1297 1636 1346 1669 τὴν
1368 1636 1496 1671 ζωοποιον
1512 1637 1648 1675 νέκρωσιν,
1666 1635 1710 1662 καὶ
1723 1633 1891 1674 δωρουμένην

1072 1679 1163 1711 αὒτοϊς
1187 1680 1302 1708 ivra-505v
1330 1679 1380 1713 ἤδη
1402 1681 1451 1714 τὴν
1465 1683 1517 1708 τῶν
1533 1680 1682 1718 ἀσωμάτων
1704 1679 1864 1707 κατάστασιν
1882 1687 1888 1693 ⁸

1071 1724 1167 1757 ταύτης
1182 1724 1230 1758 τῆς
1246 1725 1375 1764 μακαρίας
1403 1725 1473 1760 ζωῆς
1498 1724 1634 1763 πρόξενος,
1660 1725 1676 1757 ἦ
1705 1724 1862 1754 ταπείνωσις
1880 1733 1888 1741 ·

1071 1770 1165 1808 τροφὸς
1183 1768 1210 1796 δὲ
1223 1770 1267 1797 καὶ
1284 1770 1384 1808 μήτηρ,
1401 1770 1418 1803 ἡ
1440 1770 1500 1808 ἁγία
1522 1769 1658 1801 κατάνυξις
1676 1777 1682 1783 ·
1712 1768 1775 1808 ςμίλη
1799 1767 1825 1795 δὲ
1846 1769 1890 1796 καὶ

1072 1812 1182 1853 ἀδελφὴ,
1199 1815 1216 1847 ἡ
1231 1817 1277 1842 τοῦ
1291 1815 1359 1842 θείου
1374 1816 1460 1853 φωτὸς
1475 1815 1568 1853 θεωρία
1585 1823 1592 1829 ·
1610 1814 1700 1854 θρόνος
1716 1814 1734 1847 ἡ
1749 1813 1862 1841 ἀπάθεια
1878 1821 1885 1827 ·

1071 1859 1114 1886 καὶ
1128 1858 1204 1890 τέλος
1218 1859 1235 1892 ἡ
1251 1859 1312 1897 ἁγία
1327 1859 1404 1898 Τριέις
1427 1860 1440 1887 ὁ
1457 1859 1532 1890 Θεός,

1111 1897 1166 1940 μδ’.
1192 1899 1220 1931 ι0
1248 1903 1345 1936 ταύτην
1375 1902 1531 1931 καταλαϐὼν
1559 1903 1608 1936 τὴν
1637 1902 1788 1942 ἀκρόπολιν,
1806 1902 1834 1929 οὗ
1849 1901 1890 1930 δύ-

1071 1958 1146 1975 ναται
1167 1947 1217 1975 ὑπὸ
1232 1948 1264 1975 τὰ
1288 1947 1370 1985 δεσμὰ
1390 1950 1543 1987 κρατεῖσθαι
1573 1947 1620 1981 τῆς
1645 1951 1697 1975 τῶν
1713 1946 1782 1974 ὅλων
1797 1947 1888 1981 αἰσθή-

1072 2001 1150 2025 σεως,
1167 1991 1218 2030 οὐχ
1240 1992 1287 2029 ὁρᾷ
1302 2003 1326 2019 τι
1342 1994 1393 2019 τῶν
1422 1997 1468 2021 τοῦ
1495 1992 1550 2030 βίου
1579 1995 1706 2030 τερπνῶν,
1724 1993 1753 2020 οὗ
1767 1990 1888 2030 ἓιακρίνει

1071 2038 1116 2063 τοῦ
1129 2034 1231 2064 ἀνοσίου
1257 2036 1303 2063 τὸν
1331 2034 1402 2063 δσιον
1419 2043 1427 2050 ·
1453 2035 1512 2063 ἀλλ’
1542 2036 1631 2074 ὥσπερ
1660 2036 1674 2063 ὁ
1702 2036 1767 2066 Θεὸς
1796 2034 1886 2068 ἐπίσης

1070 2079 1160 2119 βρέχει
1189 2080 1233 2107 καὶ
1267 2079 1404 2107 ἀνατέλλει
1440 2081 1485 2108 τὸν
1521 2079 1597 2113 ἥλιον
1626 2079 1669 2108 ἐπὶ
1703 2078 1816 2110 δικαίους
1844 2081 1886 2107 καὶ

1071 2123 1184 2163 ἀδίκους,
1220 2125 1350 2163 πονηρούς
1385 2135 1413 2152 τε
1446 2125 1489 2152 καὶ
1524 2125 1647 2163 ἀγαθοὺς,
1674 2123 1757 2155 οὕτως
1794 2123 1884 2157 ἐπίσης

1069 2169 1112 2196 καὶ
1141 2169 1218 2200 αὐτὸς
1259 2169 1306 2200 τὰς
1340 2169 1388 2202 τῆς
1417 2169 1523 2207 ἀγάπης
1561 2168 1697 2196 ἀνατέλλει
1733 2169 1776 2196 καὶ
1805 2167 1886 2196 ἁπλοῖ

207 2197 379 2251 restringit:
391 2220 482 2250 super
496 2220 599 2241 omnes
620 2210 792 2241 diﬁundens
806 2220 949 2246 amorem,
974 2211 1024 2241 sed

1211 2197 1216 2200 .
1299 2197 1305 2200 .
1367 2197 1386 2202 ..
1441 2197 1446 2207 ,
1503 2197 1522 2202 ..

1074 2214 1133 2251 πρὸς
1168 2213 1269 2245 πάντας
1306 2213 1423 2250 ἐκττνας,
1469 2214 1512 2241 καὶ
1547 2213 1578 2241 οὗ
1618 2219 1824 2253 στενοχωρεϊται
1853 2214 1884 2240 τα

207 2256 370 2296 angustiam
385 2261 415 2286 et
429 2255 486 2285 vim
504 2255 613 2295 patitur
625 2255 649 2285 si
659 2265 715 2285 non
729 2255 875 2285 beni‘facit
886 2259 1025 2295 quantum

207 2301 279 2331 Vult.
296 2299 337 2330 Ex
361 2299 424 2336 illo,
442 2299 521 2329 velut
537 2309 572 2329 ex
592 2299 686 2329 altero
702 2298 796 2336 Eden,
822 2299 885 2329 fons
905 2299 1024 2339 quidam

207 2348 305 2375 manat
329 2343 579 2383 compunctionis,
604 2343 714 2374 divisus
729 2344 759 2374 in
775 2349 903 2382 quatuor
916 2345 1023 2381 capita,

206 2389 320 2421 scilicet
334 2388 365 2419 in
381 2388 592 2425 humilitatem,
610 2388 637 2418 in
653 2388 830 2424 castitatem,
848 2388 878 2418 in
891 2388 1025 2428 impassi-

206 2433 363 2470 hilitatem,
380 2437 408 2463 et
433 2432 464 2462 in
488 2431 695 2462 sublimitatem
715 2432 857 2462 orationis
872 2432 1022 2462 distratio-

205 2487 276 2509 num
283 2477 456 2517 expertis,et
468 2476 570 2515 irrigat
586 2476 690 2507 faciem
704 2477 801 2507 omnis
815 2475 1024 2507 intellectualis

205 2525 348 2554 creatura:
362 2521 427 2553 Dei.

245 2568 293 2599 45.
308 2566 364 2604 Qui
375 2566 564 2597 dulcedinem
576 2565 812 2604 compunctionis
827 2565 1022 2604 lacrymarum

205 2621 265 2644 non
279 2615 478 2652 gustaverunt,
496 2620 550 2642 nec
565 2611 663 2642 sciunt
677 2619 742 2651 qua:
757 2610 795 2641 sit
814 2609 902 2650 hujus
921 2610 1018 2640 suavi-

205 2661 249 2689 tas
263 2661 292 2688 et
308 2656 448 2697 potentia,
466 2656 520 2687 bas
539 2655 685 2695 lacrymas
701 2654 773 2685 nihil
790 2654 908 2685 dillerre
922 2658 1024 2694 putant

203 2711 222 2733 a
236 2701 372 2742 lacrymis
387 2710 478 2741 super
492 2705 623 2731 mortuos
647 2700 757 2735 effusis,
776 2699 832 2729 sibi
851 2699 1023 2738 eilingentes

205 2747 312 2778 multas
326 2745 398 2776 alias
422 2745 557 2776 inanium
575 2749 768 2786 praetextuum
788 2744 916 2783 species,
934 2747 963 2773 et
975 2743 1024 2774 in—

244 2857 276 2884 εο
289 2857 377 2890 Joau.
393 2865 463 2898 xvn,
478 2858 529 2890 24.
571 2858 597 2884 5‘
615 2856 715 2890 Matth.
731 2865 760 2893 ν,
777 2856 826 2888 45.

1068 2256 1220 2296 σπλάγχνα,
1238 2257 1342 2285 πάντων
1358 2258 1508 2296 ἐγκυμονών
1536 2257 1585 2290 τὴν
1601 2257 1720 2296 ἀγάπην,
1737 2258 1780 2285 καὶ
1796 2268 1884 2285 στενο-

1067 2307 1197 2341 χωρεῖται
1223 2303 1267 2329 καὶ
1296 2303 1425 2340 βιάζεται,
1451 2307 1489 2339 μὲ,
1505 2303 1645 2341 εὐεργετῶν
1660 2302 1720 2330 ὅσον
1741 2301 1858 2339 βούλεται
1875 2310 1882 2317 ⁸

1067 2346 1096 2374 ἐκ
1111 2346 1202 2374 τούτου
1222 2347 1299 2385 πηγή
1321 2358 1373 2386 τις,
1398 2348 1434 2379 ὡς
1463 2345 1489 2379 ἐξ
1520 2345 1610 2384 Ἐδὲμ,
1634 2345 1702 2380 ἄλλη
1719 2345 1882 2385 ἐκπορεύεται

1067 2389 1240 2424 κατανύξεως,
1258 2392 1294 2422 εἷς
1314 2391 1441 2431 τέσσαρας
1464 2390 1631 2430 διαιρουμένη
1646 2391 1732 2430 ἀρχάς
1749 2401 1754 2406 ·
1786 2392 1821 2422 εἷς
1835 2403 1882 2419 τα-

1066 2435 1281 2474 πεινοφροσύνην,
1299 2436 1335 2466 εἰς
1356 2435 1471 2475 ἅγνείαν,
1489 2436 1524 2467 εἷς
1541 2435 1678 2472 ἀπάθειαν,
1702 2437 1746 2463 καὶ
1761 2437 1797 2467 εἷς
1820 2435 1882 2473 ὕψος

1066 2479 1261 2519 ἁπερισπάστου
1276 2480 1372 2520 εὒχῆς,
1402 2481 1446 2508 καὶ
1471 2480 1570 2515 ποτίζει
1598 2481 1628 2508 τὸ
1644 2480 1784 2519 πρόσωπον
1799 2481 1882 2513 πάσης

1064 2523 1112 2557 τῆς
1134 2524 1231 2558 νοητῆς
1249 2525 1358 2556 κτίσεως
1373 2530 1420 2554 τοῦ
1436 2528 1512 2554 Θεοῦ.

1104 2568 1159 2605 με’.
1188 2569 1217 2596 Οἱ
1239 2569 1277 2605 μὴ
1308 2568 1357 2602 τῆς
1381 2568 1545 2608 γλυκύτητος
1570 2572 1621 2596 τῶν
1651 2569 1699 2602 τῆς
1724 2569 1882 2606 κατανύξεω;

1063 2611 1181 2651 δακρύων
1204 2613 1372 2652 γευσάμενοι,
1400 2612 1467 2651 μηδὲ
1493 2612 1588 2645 εἰδότες
1612 2624 1652 2644 τις
1673 2614 1690 2646 ἡ
1706 2614 1786 2653 χάρις
1807 2615 1881 2648 αὖτῖις

1063 2657 1107 2685 καὶ
1121 2657 1160 2688 τίς
1179 2658 1195 2691 ἡ
1214 2657 1341 2697 ἐνέργεια,
1358 2657 1432 2686 οὓδέν
1453 2661 1505 2686 τῶν
1521 2658 1557 2690 εἷς
1579 2659 1721 2689 τεθνεῶτας
1749 2658 1880 2697 χεομένων

1064 2700 1192 2740 δακρύων,
1235 2707 1316 2731 ταῦτα
1357 2701 1486 2742 διαφέρειν
1525 2701 1638 2742 οἴονται,
1680 2702 1880 2742 προσαναπλατ-

1065 2755 1155 2778 τοντες
1181 2746 1300 2784 ἑαυτοῖς,
1330 2745 1390 2774 ἄλλ’
1426 2746 1491 2774 ἄττα
1520 2746 1580 2780 εἴδη
1608 2750 1692 2774 κενῶν
1728 2747 1880 2786 προεράσεων
