1976 3067
67 209 132 241 921

69 276 177 314 πολλὰ,
209 277 251 304 καὶ
277 277 385 316 ἀπορίας
411 275 600 316 συλλογισμούς
629 283 636 290 ·

68 321 148 358 ἡμῖν
173 321 349 361 ἐμπεφύκασι,
378 322 422 350 καὶ
456 321 533 356 ἡνῖκα
554 320 583 348 τὸ
618 319 757 359 ἀγέρωχον
785 318 842 358 ἄρτι
857 320 904 345 τοῦ

69 366 140 397 νοὸς
169 366 233 405 πρὸς
261 366 431 403 ταπείνωσιν,
462 365 538 403 κλίνῃ
568 364 640 403 μύσῃ
668 362 695 391 δὲ
730 363 804 397 καίῆ
826 362 903 401 ψυχὴ

69 410 124 442 τὰς
155 411 257 450 ὁράσεις
286 412 367 444 αὒτῆς
396 411 448 439 ἀπὸ
469 413 520 444 τῆς
548 410 653 443 ἀπάτης
683 411 736 436 τῶν
751 407 902 447 ὁρωμένων,

72 455 123 482 καὶ
154 455 250 486 ταύτας
278 456 343 493 πρὸς
371 455 456 493 μόνην
484 456 532 485 τὴν
553 454 660 492 θεωρίαν
688 457 734 482 τοῦ
762 451 840 479 ἀύλου
861 454 904 481 καὶ

70 499 184 538 πρώτου
220 500 306 540 φωτὸς
335 498 481 538 ἐκπετέσῃ,
510 501 596 526 πᾶσαν
632 495 830 534 ἀποσεισαμένη
859 499 905 524 τοῦ

70 542 182 580 κόσμου
216 544 266 577 τὴν
301 543 437 578 αἴσθησιν,
461 543 505 570 καὶ
538 542 611 582 τύχη
655 543 704 574 τῆς
733 540 829 568 ἄνωθεν
858 543 904 568 τοῦ

71 587 228 625 πνεύματος
272 587 464 628 παρακλήσεως
508 586 600 614 αὖτίκα
654 586 687 614 τά
726 584 822 625 δάκρυα
867 586 903 616 ὡς

72 630 161 660 ὕδατα
202 635 293 672 πηγῆς
336 631 500 668 ἐκϐλύζουσιν
547 630 573 663 ἐξ
625 631 717 668 αὐτῆς,
775 630 818 658 καὶ
872 629 904 657 τὰ

73 677 237 715 αἰσθητήρια
281 677 378 710 ταύτης
427 675 675 714 καταγλυκαὶνουσι,
721 675 808 708 πάσης
864 673 905 702 εὖ-

74 722 213 760 φροσύνης
241 721 416 759 ἐμπιπλῶντα
444 722 526 754 αὐτῆς
547 720 596 753 τὴν
617 719 732 748 διάνοιαν
759 720 804 747 καὶ
837 719 905 747 θείου

74 765 167 804 φωτὸς
184 775 192 783 ·
209 767 239 794 οὒ
253 766 319 803 μὴν,
342 764 410 793 ἀλλὰ
433 766 482 805 γὰρ
510 765 554 793 καὶ
578 762 737 803 συντρίϐουσι
765 764 814 797 τὴν
836 775 905 803 καρ-

73 808 146 849 δίαν,
177 811 221 838 καὶ
247 811 292 838 τὸν
333 814 392 838 νοῦν
431 809 622 849 ταπεινόφρονα
657 808 684 837 ἐν
719 809 831 845 ὀπτασίᾳ
860 812 905 836 τοῦ

72 855 227 893 κρείττονος
265 855 469 894 ἀμεργάζονται,
511 853 527 882 ἃ
555 853 673 893 γενέσθαι
714 852 838 881 ἀδύνατον
877 853 904 880 ἐν

73 905 138 932 τοῖς
150 898 237 932 ἄλλως
252 901 374 939 θρηνοῦσι
396 899 441 927 καὶ
455 899 642 936 κοπτομὲνοις,

120 939 193 981 iaC-7'.
220 943 358 972 Ἀδύνατον
382 943 468 976 ἄλλως
503 943 552 977 τὴν
586 944 678 982 πηγὴν
706 946 758 971 τῶν
786 942 902 982 δακρύων

75 989 268 1026 ἀναπομῶσαι
303 999 373 1025 τινα,
415 988 476 1016 ἄνευ
511 988 658 1026 βαθυτάτης
700 988 903 1028 ταπεινοφροσύ-

76 1045 141 1073 νης,
172 1033 230 1061 οὔτε
258 1032 337 1061 πάλιν
352 1032 543 1073 ταπεινόφρονα
565 1033 648 1068 εἶναι,
684 1032 744 1060 ἄνευ
770 1035 818 1066 τῆς
834 1033 904 1072 ἔγγι-

78 1078 200 1116 νομήνης
220 1078 272 1105 ἀπὸ
298 1080 347 1111 τῆς
373 1076 514 1115 ἐπιδημίας
543 1081 588 1106 τοῦ
615 1077 762 1111 πνεύματος
786 1078 902 1106 κατανύ-

79 1122 146 1155 ξεως
162 1131 168 1139 ·
198 1122 248 1155 τὴν
272 1122 321 1161 γὰρ
342 1121 478 1154 κατάνυξιν
500 1123 517 1156 ἡ
537 1122 775 1161 ταπεινοφροσύνη,
798 1123 841 1150 καὶ
856 1123 903 1156 τὴν

79 1167 323 1206 ταπεινοφροσύνην
354 1167 372 1200 ἡ
400 1165 547 1203 κατάνυξις,
577 1165 619 1194 διὰ
655 1170 701 1194 τοῦ
731 1166 805 1205 ἁγίου
832 1166 901 1194 ἀπο-

80 1215 160 1250 γεννᾷ
176 1211 326 1248 Πνεύματος
344 1219 351 1226 '
367 1219 404 1242 ως
419 1211 446 1238 εἴ
465 1222 504 1243 τις
540 1211 590 1250 γαρ
612 1211 685 1250 σειρά
711 1210 838 1239 ἀλλώλων
852 1211 902 1239 αὑ-

80 1268 125 1284 ται
140 1256 278 1296 ἐχόμεναι,
307 1255 351 1283 καί
372 1255 399 1283 ἐν
428 1258 476 1292 μιᾷ
504 1255 593 1295 χάριτι
616 1254 794 1295 συνδεόμεναι,
818 1255 902 1294 ἄρῤη-

80 1312 144 1330 κτον
161 1302 206 1328 τὸν
221 1299 363 1338 σύνδεσμον
376 1303 422 1328 τοῦ
443 1300 592 1337 πνεύματος
608 1299 711 1340 ἔχουσι.

123 1340 194 1384 pg".
211 1345 247 1374 Τὸ
261 1345 312 1373 ὑπὸ
326 1347 371 1372 τοῦ
394 1344 463 1372 θείου
484 1344 635 1381 [Ινεύματος
664 1344 832 1384 ἐγγινόμενον
848 1348 903 1386 φῶς

81 1393 117 1428 τῇ
152 1392 240 1429 ψυχῇ,
279 1389 467 1428 ὑπαναχωρεῖν
505 1388 597 1416 εἴωθεν
641 1388 670 1416 ἐκ
697 1389 832 1429 ῥᾳθυμίας,
862 1391 906 1418 καὶ

82 1434 220 1469 ἀπελείας,
236 1434 279 1461 καὶ
300 1433 326 1465 ἐξ
354 1432 519 1473 ἀδιαφορίας,
542 1435 591 1466 τῆς
616 1432 642 1461 ἐν
671 1433 760 1473 λόγοις
776 1436 818 1462 καὶ
832 1434 905 1473 βρώ-

84 1490 164 1517 μασιν
182 1487 189 1494 ⁸
219 1476 237 1511 ἥ
259 1488 287 1505 τε
314 1478 364 1517 γὰρ
388 1479 441 1504 τῶν
463 1477 611 1516 βρωμάτων
638 1477 786 1518 ἀδιαφορία,
813 1480 856 1507 καὶ
877 1480 906 1507 τὸ

83 1525 160 1563 ὑγρὸν
182 1525 230 1556 τῆς
245 1521 357 1558 διαίτης,
376 1521 438 1550 αὑτό
463 1532 491 1549 τε
508 1522 538 1549 τὸ
571 1522 683 1562 ἀκρατὲς
708 1523 756 1556 τῆς
771 1523 904 1564 γλώττης,

84 1568 129 1596 καὶ
155 1569 207 1594 τῶν
240 1564 384 1604 ὀφθαλμῶν
428 1566 459 1592 τὸ
495 1564 657 1606 ἀφύλακτον,

85 1612 198 1652 πέφυκεν
223 1610 249 1643 ἐξ
278 1609 371 1649 αὐτῆς,
411 1611 454 1638 καὶ
488 1611 636 1642 σκοτεινοὺς
670 1612 741 1648 ἡμᾶς
769 1611 904 1651 ἀπεργάζ-

85 1659 154 1688 σθαι,
191 1655 299 1686 σκότους
344 1653 372 1682 δὲ
409 1653 599 1693 πληρωθέντων
643 1656 730 1693 ἡμῶν,
772 1656 804 1684 τα
829 1657 905 1696 θηρία

85 1702 169 1730 πάντα
183 1700 229 1728 tot;
257 1699 338 1738 ἀγροῦ
361 1701 410 1732 τῆς
433 1697 539 1738 καρδίας
574 1699 663 1736 ἡμῶν,
689 1700 732 1727 καὶ
760 1702 782 1727 οἱ
797 1701 904 1737 σκύμνοι

85 1745 207 1785 λογισμοὶ
246 1746 299 1772 τῶν
334 1745 423 1771 παθῶν
452 1744 544 1772 αὐτίκα
580 1743 729 1783 διέρχονται
764 1744 907 1783 ὠρυόμενοι

86 1791 114 1818 ἐν
148 1789 225 1827 αύτῇ,
253 1791 392 1823 ζητοῦντες
423 1788 520 1826 βρῶσιν
543 1787 698 1825 ἐμπαθείας,
721 1789 831 1816 καὶτοῦ
858 1790 907 1829 ἀρ-

86 1835 167 1864 πάσαι
182 1835 227 1861 τὸν
251 1832 412 1860 ἀποτεθέντα
442 1832 468 1860 ἐν
496 1833 565 1869 ἡμῖν
594 1833 664 1871 παρὰ
683 1836 728 1861 τοῦ
757 1833 907 1870 Πνεύματος

86 1878 213 1918 θησαυρόν
237 1885 244 1893 ⁸
264 1875 322 1905 ἀλλ’
358 1878 374 1910 ἡ
412 1876 474 1917 φίλη
508 1880 546 1914 τῷ
574 1877 628 1905 ὄντι
658 1877 808 1916 ἐγκράτεια,
832 1878 908 1912 καὶὴ

88 1922 259 1963 ἀγγελοποιὸς
282 1921 432 1961 προσευχὴ,
450 1922 479 1949 οὒ
505 1921 585 1959 μόνον
614 1920 686 1950 οὐδὲν
715 1923 909 1950 τῶντοιούτων

89 1974 224 2008 συγχωρεῖ
251 1967 309 2005 περῖ
344 1966 394 1999 τὴν
430 1967 523 2006 ψυχὴν
558 1965 682 2002 διελθεῖν,
712 1966 780 1994 ἀλλὰ
808 1968 851 1995 καὶ
879 1968 908 1995 τὶ

89 2014 183 2054 φέγγος
212 2010 338 2040 ἄσϐεστον
359 2015 405 2040 τοῦ
429 2011 580 2048 Πνεύματος
605 2012 664 2050 περὶ
692 2012 737 2038 τὸν
768 2016 826 2040 νοῦν
853 2009 908 2039 δια-

89 2065 174 2098 τηρεῖ,
190 2058 234 2086 καὶ
259 2057 308 2090 τὴν
337 2055 443 2095 καρδίαν
472 2055 571 2095 ἤρεμον
600 2055 737 2093 ἀποτελεῖ,
768 2056 811 2084 καὶ
826 2056 909 2095 ἁγνὴν

89 2103 199 2141 πηγάξει
222 2101 271 2135 τὴν
299 2101 369 2129 θείαν
410 2100 558 2137 κατάνυξιν,
595 2101 638 2128 καὶ
670 2101 719 2134 τὴν
755 2101 846 2140 ψυχὴν
874 2102 909 2133 εἷς

90 2147 193 2186 ἀγάπην
214 2145 339 2174 πλατύνει
355 2148 432 2181 Θεοῦ,
449 2146 492 2173 καὶ
514 2145 596 2178 αδτήν
619 2143 684 2178 ὅλην
699 2144 753 2181 ὅλῳ
767 2144 800 2172 δι’
815 2145 911 2185 εὖφρο-

90 2192 165 2224 σύνης
181 2191 224 2218 καὶ
239 2189 376 2229 παρθενίας
392 2189 515 2217 συνάπτει
530 2193 645 2228 Χριστῷ.

129 2230 187 2273 μη’,
224 2233 302 2263 Οὐδὲν
330 2233 413 2265 οἱῖτως
435 2233 523 2273 ἕτερον
562 2234 661 2262 οἰκεῖον
699 2238 737 2271 τῷ
772 2234 854 2273 λόγῳ,
871 2245 907 2265 ως

90 2281 175 2319 ἁγνεία
205 2280 248 2308 καὶ
277 2279 430 2318 σωφροσύνη
457 2281 549 2318 ψυχῆς
565 2287 574 2296 ⁶
602 2279 701 2307 τούτων
732 2278 759 2306 δὲ
785 2279 875 2319 μήτηρ
891 2280 908 2313 ἡ

90 2324 238 2365 περιεκτικὴ
265 2324 309 2351 καὶ
334 2322 397 2363 φίλη
433 2323 573 2362 ἐγκράτεια
590 2330 596 2337 ·
621 2326 670 2357 τῆς
703 2322 729 2351 δὲ
758 2324 857 2363 πατὴρ,
895 2325 909 2351 ὁ

90 2369 167 2410 φόϐας
186 2377 192 2384 ·
210 2369 285 2399 οὗτος
298 2367 325 2395 δὲ
341 2369 377 2399 εἰς
396 2367 475 2396 πόθον
497 2369 619 2406 τραπεὶς,
631 2369 674 2396 καὶ
695 2372 729 2407 τῇ
755 2367 840 2408 ἐφέσει
857 2371 909 2395 τῶν

90 2414 160 2443 θείων
194 2413 329 2452 συναφθεὶς
379 2412 554 2452 πραγμάτων,
598 2411 696 2452 ἄφοϐον
732 2413 908 2452 ἀπεργάζεται

90 2460 136 2494 τὴν
151 2459 242 2498 ψυχὴν
271 2459 314 2486 καὶ
338 2457 428 2497 πλήρη
458 2457 564 2497 ἀγάπης
593 2462 669 2495 Θεοῦ,
706 2459 748 2486 καὶ
769 2461 815 2486 τοῦ
842 2459 911 2486 θείου

90 2504 166 2544 λόγου
181 2504 346 2543 γεννήτριαν,

130 2543 182 2584 μθ’.
213 2546 300 2579 Φόϐος
344 2547 391 2584 μὲν
427 2547 552 2587 πρότερον
591 2548 724 2587 συναφθεὶς
755 2550 788 2586 τῇ
821 2550 909 2587 ψυχῇ,

92 2594 219 2633 ἐγκύμονα
242 2597 287 2622 τοῦ
315 2591 394 2631 λόγου
422 2594 471 2625 τῆς
505 2592 614 2630 κρίσεως
640 2593 721 2625 αὐτὴν
756 2591 798 2620 διὰ
826 2603 910 2629 μετα-

92 2639 158 2670 νοίας
186 2644 272 2676 ποιεῖ,
303 2636 332 2670 ἥν
362 2635 456 2667 ὠδῖνες
479 2635 542 2672 ᾅδου
563 2639 616 2664 τῶν
644 2635 778 2664 κολάσεων
803 2647 911 2676 περικυ-

92 2683 192 2712 κλοῦσιν
219 2683 324 2718 αὔτικα,
349 2681 490 2720 στεναγμοί
526 2691 552 2708 νε
587 2681 631 2708 καὶ
656 2682 731 2709 πόνοι
753 2681 779 2709 ἐν
808 2684 910 2721 συνοχῇ

92 2728 278 2767 κατατρύχουσι
328 2729 377 2759 τῆς
425 2725 544 2765 καρδὶας,
597 2725 821 2764 ἀναλογιζομένην
862 2727 910 2760 τὴν

93 2772 232 2811 μέλλουσαν
247 2771 290 2800 ἐπὶ
317 2778 411 2802 κακοῖς
446 2769 630 2799 ἀνταπόδοσιν.
662 2771 728 2798 Εἶτα
748 2769 789 2798 διὰ
805 2770 872 2798 πολ).
881 2774 909 2797 1m

92 2817 202 2857 δακρύων
226 2818 269 2845 καὶ
291 2817 377 2844 πόνων
400 2815 467 2848 α’λτη
491 2815 517 2842 ἓν
540 2816 632 2854 γαστρὶ
665 2813 778 2847 διανοίας
801 2817 831 2843 τὸ
850 2816 910 2845 συὶ..

93 2861 182 2902 ληφθὲν
210 2861 385 2899 ἀπιρτίσαπα,
416 2864 518 2898 πνεῦμα
554 2860 686 2898 σωτηρίας
717 2859 758 2888 ἐπὶ
779 2860 828 2894 τὴν

858 2863 909 2899 ι.

563 208 809 240 PHYSIGORUM
832 204 1002 237 CAPITUM
1028 205 1224 237 CENTURIA
1247 206 1273 236 Il

919 2214 939 2241 [ι

1705 204 1764 236 9'22

668 275 700 303 τὰ
727 273 754 302 δὲ
787 275 901 313 φυσικῶς
913 271 1048 302 Atricata
1061 274 1244 310 argumenta.
1258 272 1382 312 Verum,
1394 271 1451 302 illa:
1476 271 1561 302 nobis
1572 275 1675 302 natura
1684 272 1765 304 inse-

944 319 1059 352 runtur,
1077 319 1186 346 etcum
1217 315 1355 356 superbia
1379 316 1488 346 mentis
1511 316 1546 346 ad
1572 316 1765 348 humilitatem

945 369 1066 399 vergere
1082 360 1196 400 incipit,
1216 360 1353 390 etanima
1367 361 1468 391 oculos
1493 360 1601 391 claudit
1617 371 1654 392 ne
1668 362 1767 393 videat

944 404 1089 435 fallaciam
1106 405 1278 441 visibilium,
1305 414 1416 444 eosque
1438 405 1474 435 ad
1498 405 1591 436 solam
1607 406 1708 445 dirigit
1722 407 1768 437 vi-

946 449 1059 480 sionem
1084 449 1287 480 immeterialis
1317 454 1346 480 et
1374 449 1460 490 primi
1489 450 1621 491 luminis,
1647 461 1766 482 omnem

946 493 1087 534 rejiciens
1104 494 1205 524 mundi
1226 503 1359 534 sensum,
1377 503 1411 525 ac
1429 503 1557 534 superna
1575 495 1681 535 accipit
1696 495 1765 537 Spi-

946 538 1019 568 ritus
1047 538 1292 579 consolationem,
1322 538 1419 568 statim
1461 538 1596 579 lacrymze
1623 544 1654 570 ut
1681 550 1765 580 aqum

944 582 1033 613 fontis
1047 583 1153 621 ﬂuunt,
1170 593 1204 614 ex
1235 583 1328 614 oculis
1353 584 1427 623 ejus,
1451 586 1478 613 et
1493 593 1598 614 sensus
1614 585 1678 624 ejus
1689 585 1766 616 deli-

946 628 1041 667 niunt,
1060 628 1123 668 ejus
1138 628 1319 658 intellectttm
1343 628 1423 658 omni
1447 628 1547 659 laetitia
1560 633 1589 660 et
1608 629 1708 660 divino
1723 639 1768 662 re-

946 672 1061 712 plentes
1072 672 1182 703 lumine
1195 683 1203 710 ;
1214 672 1284 712 quin
1296 672 1354 702 imo
1362 676 1585 711 corconterunt,
1596 678 1624 704 et
1637 679 1765 705 mentem

944 716 1073 747 reddunt
1086 716 1228 748 humilem
1247 717 1276 747 in
1305 717 1418 747 visione
1443 717 1596 748 melioris:
1627 728 1692 759 qua
1704 719 1767 760 qui-

946 761 1014 791 dem
1029 761 1138 792 habere
1154 771 1212 792 non
1229 765 1351 802 possunt
1365 761 1415 801 qui
1431 762 1626 801 aliterlugent
1640 768 1668 794 et
1680 764 1765 804 plan-

947 810 1028 845 gunL

985 939 1033 972 46.
1042 939 1229 980 lmpossibile
1238 944 1280 971 est
1289 940 1400 971 fontem
1408 941 1766 982 lacrymarumadaperire

944 984 1008 1014 sine
1024 984 1253 1024 profundissima
1274 985 1449 1022 humilitate,
1481 990 1510 1016 et
1535 985 1599 1016 vice
1614 996 1697 1017 versa
1712 988 1763 1018 hu-

945 1029 1046 1058 milem
1057 1038 1123 1059 esse
1138 1029 1248 1069 absque
1274 1030 1502 1069 compunctione
1526 1040 1612 1070 quain
1630 1032 1766 1070 producit

945 1073 1037 1112 gratia
1052 1072 1179 1113 Spiritus
1197 1083 1204 1105 ε
1231 1075 1492 1114 compunclionem
1518 1075 1597 1106 enitn
1615 1076 1765 1108 humilitas

946 1122 974 1148 et
988 1118 1183 1149 humilitatem
1195 1120 1383 1158 comptnctio
1391 1124 1511 1159 generat
1528 1128 1535 1157 ;
1549 1129 1583 1151 ac
1591 1121 1678 1151 veluti
1690 1131 1765 1162 qua-

945 1162 1013 1193 dam
1042 1167 1146 1193 catena
1170 1163 1227 1194 sibi
1247 1164 1372 1194 invicem
1410 1165 1562 1204 colligata),
1592 1170 1621 1196 et
1649 1166 1679 1196 in
1709 1176 1766 1197 una

945 1208 1086 1238 charitate
1101 1209 1277 1248 conjunctae,
1295 1209 1390 1249 rumpi
1419 1210 1519 1240 nescio
1546 1209 1672 1251 Spiritus
1687 1220 1763 1242 nexu

945 1252 1163 1283 devinciuntur.

986 1342 1034 1373 47.
1054 1340 1112 1373 Lux
1130 1352 1194 1383 quae
1222 1351 1274 1382 per
1296 1342 1436 1383 Spiritum
1464 1348 1598 1375 sanctum
1629 1344 1770 1376 inseritur

946 1387 1065 1423 animae,
1082 1387 1156 1418 solet
1173 1387 1311 1426 paulatim
1327 1388 1438 1428 expelli
1467 1389 1601 1429 mollitie,
1621 1389 1769 1429 negligen-

948 1431 1045 1472 tiaque
1061 1436 1089 1462 et
1105 1432 1303 1463 indifferentia
1321 1432 1350 1462 in
1367 1433 1464 1463 verbis
1479 1439 1506 1463 et
1522 1434 1616 1464 cibis:
1635 1434 1767 1465 ciborum

947 1476 1025 1507 enim
1041 1476 1239 1506 indifferentia
1254 1481 1281 1507 et
1297 1476 1360 1507 vita:
1377 1477 1526 1514 mollities,
1541 1487 1657 1508 necnon
1675 1479 1771 1518 impo-

949 1521 1068 1552 tentiam
1087 1521 1193 1560 lingua)
1208 1525 1237 1552 et
1261 1522 1414 1553 oculorum
1442 1522 1655 1553 incontinentia
1671 1523 1768 1554 lucem

700 1566 804 1595 διώκειν
831 1571 907 1595 τοῦτο

956 1566 1030 1597 ὶΠὶιηῖ
1043 1566 1163 1605 expellit
1175 1575 1210 1596 ex
1221 1566 1330 1603 anima,
1343 1572 1371 1597 et
1384 1567 1521 1598 tenebras
1531 1567 1618 1598 nobis
1626 1568 1767 1599 otl‘undit:

947 1611 1031 1642 nobis
1046 1615 1144 1642 autem
1157 1611 1282 1650 caligine
1307 1611 1421 1652 obsitis,
1446 1621 1548 1642 omnes
1578 1612 1679 1643 bestia;
1695 1613 1768 1652 agri,

945 1655 974 1686 id
992 1659 1047 1693 est,
1078 1655 1177 1686 cordis
1205 1655 1310 1695 nostri,
1337 1661 1364 1686 et
1392 1656 1479 1686 catuli
1508 1656 1640 1692 leonum,
1667 1657 1695 1687 id
1713 1661 1769 1694 est,

949 1699 1142 1740 cupiditatum
1157 1699 1361 1738 cogitationes,
1380 1699 1408 1731 in
1425 1701 1474 1730 illa
1486 1705 1607 1731 currunt
1618 1701 1771 1741 rugientes

950 1748 979 1775 et
990 1748 1156 1785 quaerentes
1171 1754 1253 1774 suam
1270 1745 1375 1776 satiare
1391 1745 1579 1785 cupiditatem
1592 1756 1626 1776 ac
1640 1746 1772 1786 diripere

950 1790 1120 1819 thesaurum
1150 1789 1180 1819 in
1208 1789 1294 1820 nobis
1320 1799 1337 1820 ει
1364 1790 1476 1830 Spiritu
1506 1790 1684 1830 depositum.
1714 1790 1771 1822 Sed

949 1833 1043 1864 amica
1059 1834 1119 1864 Deo
1136 1834 1340 1873 temperantia,
1358 1839 1386 1864 et
1415 1834 1507 1864 oratio
1523 1835 1643 1874 angelos
1658 1834 1771 1874 germi-

949 1887 1034 1915 nans,
1053 1887 1109 1908 non
1127 1877 1222 1908 Solum
1253 1878 1325 1908 nihil
1351 1878 1455 1908 hormn
1478 1879 1617 1909 invadere
1641 1880 1769 1910 animum

949 1923 1061 1959 sinunt,
1079 1922 1130 1952 sed
1148 1923 1235 1953 etiam
1253 1923 1352 1953 lumen
1373 1923 1499 1962 Spiritus
1514 1924 1544 1953 in
1562 1923 1770 1954 inexstinctum

949 1968 1086 1997 servatin
1118 1971 1228 2004 tuente,
1259 1977 1311 1998 cor
1333 1968 1406 1998 fecit
1435 1969 1637 2008 tranquillum,
1655 1968 1772 2007 limpidi

950 2013 1043 2042 instar
1057 2012 1146 2042 fontis
1160 2012 1287 2042 divinant
1305 2012 1428 2043 eﬂ‘untlit
1455 2013 1726 2053 compunctionem,
1741 2013 1771 2043 in

952 2057 1049 2088 anima
1064 2061 1148 2096 auget
1163 2066 1295 2087 amorem
1314 2058 1378 2093 Dei,
1406 2067 1530 2098 eamque
1547 2061 1636 2088 totam
1652 2057 1702 2088 loti
1720 2067 1772 2098 per

951 2101 1089 2141 gaudium
1107 2105 1136 2132 et
1150 2101 1345 2140 virginitatem
1361 2102 1514 2141 conjungit
1529 2102 1655 2134 Christo.

991 2233 1040 2264 48.
1064 2232 1141 2263 Nihil
1167 2237 1224 2262 tam
1256 2231 1453 2272 propinquum
1485 2236 1528 2262 est
1556 2231 1666 2269 Verbo,
1684 2241 1770 2272 quam

949 2278 1068 2309 castitas
1081 2281 1110 2308 et
1123 2277 1304 2308 continentia
1319 2277 1437 2308 animze.
1455 2276 1559 2307 llaram
1592 2281 1689 2308 autem
1706 2287 1769 2307 ma-

951 2327 996 2354 ter
1012 2327 1040 2354 et
1062 2323 1158 2353 amica
1188 2326 1216 2352 et
1241 2322 1414 2352 universalis
1442 2322 1638 2361 temperantia
1656 2332 1662 2352 :
1681 2321 1769 2362 hujus

950 2376 1019 2398 vero
1036 2371 1128 2408 pater,
1147 2367 1247 2407 timor,
1264 2367 1313 2407 qui
1324 2366 1443 2406 qvidem
1460 2367 1489 2396 in
1501 2366 1681 2397 desiderium
1697 2376 1771 2396 con-

950 2421 1063 2449 versus,
1080 2420 1240 2451 rerumque
1257 2410 1420 2441 divinarum
1433 2411 1609 2450 conjunctus
1618 2410 1772 2451 appetitui,

952 2457 1128 2497 impavidam
1142 2456 1239 2486 reddit
1251 2456 1390 2492 animam,
1404 2457 1580 2496 plenamque
1592 2455 1644 2485 Dei
1658 2464 1771 2492 amore,

953 2505 981 2532 et
999 2500 1087 2531 \‘erbi
1102 2500 1193 2531 divini
1207 2500 1392 2538 genitricem.

991 2546 1041 2577 49.
1059 2545 1162 2576 Timor
1183 2555 1250 2576 cum
1276 2546 1374 2575 anima
1397 2544 1559 2585 copulatus,
1585 2544 1680 2584 primo
1706 2553 1770 2574 eam

953 2591 1042 2622 verbo
1056 2590 1319 2630 judiciigravidam
1333 2589 1430 2620 reddit
1447 2598 1499 2629 per
1508 2588 1725 2630 pcenitentiam,
1743 2593 1775 2620 et.

953 2635 1049 2665 statim
1067 2634 1186 2664 dolores
1201 2634 1309 2664 inferni
1325 2643 1477 2674 poenarum
1493 2633 1679 2664 circumdant
1693 2642 1771 2672 eam,

952 2681 1128 2719 genitusque
1144 2683 1172 2710 et
1198 2679 1314 2709 labores
1343 2679 1371 2709 in
1395 2679 1528 2718 augustia
1556 2678 1654 2709 cordis
1677 2677 1771 2718 ipsam

953 2725 1125 2764 defatiganl,
1142 2724 1320 2764 cogitantem
1346 2724 1382 2754 de
1407 2724 1500 2754 fulcra
1523 2723 1664 2753 malorum
1682 2722 1772 2753 retri-

954 2770 1084 2801 butione.
1099 2769 1223 2803 Deinde,
1235 2778 1302 2798 cum
1315 2768 1413 2799 multis
1425 2768 1560 2808 lacrymis
1571 2777 1604 2798 ac
1619 2766 1773 2798 dolaribus

952 2816 980 2846 iu
997 2818 1082 2846 utero
1098 2813 1304 2853 intelligentiae
1320 2810 1495 2854 conceptum
1508 2813 1652 2853 disposuit
1667 2812 1771 2849 fetum,

950 2859 1086 2901 spiritum
1104 2859 1206 2890 salutis
1237 2858 1311 2899 parit
1335 2858 1364 2889 in
1391 2862 1468 2901 terra
1489 2858 1587 2889 cordis
1611 2857 1668 2895 sui,
1685 2861 1773 2901 atque
