1976 3067
74 167 144 203 925

568 173 812 204 PHYSIGORUM
834 172 1003 202 CAPITUM
1026 171 1222 202 CENTURIA
1246 171 1273 201 ll

1714 162 1774 195 926

75 236 202 277 ἐπίγειος
227 240 269 267 καὶ
296 239 414 279 οὐράνιος
456 238 590 278 ἄνθρωπος
625 238 818 277 ἀποτελεσθεὶς,
855 238 903 267 ἐδό-

976 237 1112 276 επεεῑτίε,
1143 241 1172 268 et
1194 235 1324 268 cmlestis
1351 236 1439 266 homo
1467 235 1574 272 factus,
1600 231 1775 274 gloriﬁcavit

74 281 146 314 ξασε
180 285 225 313 τὸν
255 285 319 312 Θεὸν
357 283 385 311 ἓν
413 284 510 322 ἑαυτῷ,
539 284 582 312 καὶ
597 285 611 312 ὁ
644 285 709 316 Θεὸς
733 283 833 317 δοξάσει
859 285 909 313 αὗ-

73 328 140 358 τόν.

121 366 177 410 νβ’.
208 373 306 412 Εὶρήνη
334 372 422 407 πολλὴ
443 379 502 404 τοῖς
537 373 660 412 ἀγαπῶσι
687 373 734 401 τὸν
762 373 841 411 νόμον
863 377 909 402 τοῦ

75 419 163 454 Θεοῦ,
192 418 237 446 καὶ
258 419 304 446 οὐκ
332 417 402 446 ἔστιν
431 420 522 449 αὐτοῖς
551 416 696 446 σκάνδαλον
721 417 837 452 ’ἐπειδὴ
858 418 910 458 οὐχ

75 460 134 489 όσα
159 461 208 499 μὲν
236 461 340 502 ἀρέσκει
370 469 429 495 τοῖς
459 462 616 502 ἀνθρώποις,
651 465 731 490 ταῦτα
766 463 810 490 καὶ
839 466 907 500 Θεῷ·

74 505 143 534 ἀλλ’
159 505 207 534 ὅσα
222 506 296 536 δοκεῖ
310 507 358 545 μὲν
374 509 404 536 οὒ
428 506 508 544 καλὰ,
533 508 582 535 εἰσι
606 506 634 535 δὲ
668 507 711 535 καὶ
739 506 796 535 λίαν
810 511 844 546 τῇ
859 508 909 547 φύ-

75 561 121 578 σει
139 550 210 579 καλὰ
223 555 262 589 τῷ
279 551 357 581 εἰδότι
387 553 448 584 τοὺς
463 551 556 591 λόγους
585 555 637 580 τῶν
666 550 749 580 ὄντων
777 553 821 580 καὶ
834 563 910 592 γεγο-

75 605 166 623 νοτων
171 620 178 628 ,

121 634 176 678 νγ’.
206 640 293 670 Καλὸν
318 641 349 669 τὸ
374 643 464 670 θανεῖν
500 644 538 678 τῷ
580 641 684 681 κόσμῳ,
712 643 790 676 ζῆσαι
818 639 845 668 δὲ
869 645 907 678 τῷ

76 687 187 724 Χριστῷ
210 694 219 702 ·
241 684 328 718 ἄλλως
350 686 400 725 γὰρ
434 687 464 715 οὺ
489 684 594 713 δύναταί
621 696 661 717 τις
690 684 787 714 ἄνωθεν
809 696 907 724 γεννη-

74 730 170 766 θῆναι,
199 730 267 758 κατὰ
301 730 350 763 τὴν
384 735 430 760 τοῦ
460 731 553 769 Κυρίου
596 730 686 769 φωνήν
709 740 716 746 ⁸
755 730 798 758 ἐὰν
820 729 847 758 δὲ
869 731 905 768 μὶ

75 771 180 801 ἄνωθεν
203 775 328 812 γεννηθῇ,
352 773 409 802 οὐδὲ
435 775 472 806 εἷς
496 774 546 808 τὴν
570 773 705 812 βασιλείαν
734 773 839 803 δύναται
854 776 907 803 τῶν

75 817 196 856 οὖρανῶν
211 817 337 846 εἰσελθεῖν
359 827 369 837 ·
383 818 449 852 αὕτη
479 817 505 846 δὲ
531 819 549 852 ἡ
578 818 712 858 γέννησις,
730 818 755 852 ἐξ
770 820 906 858 ὑποταγῆς

950 282 1044 313 Deum
1055 283 1085 313 in
1099 281 1209 322 seipso,
1223 285 1251 312 et
1266 281 1302 312 ab
1320 290 1356 313 eo
1370 280 1550 321 gloriﬁcatus
1565 284 1621 310 est.

990 370 1039 402 52-
1052 370 1109 401 Pax
1120 370 1409 410 multadiligenlibus
1422 369 1517 410 legem
1538 368 1591 400 Dei
1601 369 1643 402 55.
1661 371 1691 398 et
1713 376 1772 398 non

952 420 996 447 est
1011 416 1069 447 illis
1084 415 1276 448 scandalum:
1303 415 1413 446 etenim
1429 424 1488 446 non
1505 423 1570 454 quae
1589 411 1770 449 hominibus,

951 461 1002 491 illa
1015 465 1044 492 et
1054 460 1116 492 Deo
1126 460 1253 500 placent,
1265 460 1317 491 sed
1330 469 1394 500 quae
1405 459 1540 490 videntur
1551 458 1671 498 quidem
1684 456 1771 493 mala,

950 510 1019 537 sunt
1033 509 1131 536 autem
1148 508 1253 536 natura
1268 514 1322 535 sua
1350 504 1434 535 valde
1459 503 1537 534 bona
1556 512 1654 534 coram
1670 511 1705 532 e0
1721 502 1770 540 qui

950 549 1005 581 scit
1019 549 1151 581 rationes
1165 549 1297 580 omnium
1311 559 1377 590 quae
1391 553 1460 580 sunt
1475 552 1505 579 et
1518 548 1596 579 facta
1611 550 1690 578 sunt.

990 638 1208 671 53.Pulrhrum
1226 643 1254 670 et
1273 642 1421 670 mortuum
1444 647 1511 669 esse
1535 636 1658 674 mundo,
1674 635 1771 666 vivere

949 687 1049 714 autem
1064 684 1195 715 Christo:
1213 683 1271 714 alia
1285 683 1364 715 enim
1382 692 1469 714 nemo
1488 686 1584 722 potest
1601 681 1699 712 denuo
1719 689 1771 710 re-

950 729 1042 766 nasci,
1055 728 1139 768 juxta
1154 727 1277 759 verbum
1294 727 1430 760 Domini:
1457 739 1468 755 ι
1487 726 1548 758 Nisi
1570 726 1636 767 quis
1650 729 1771 757 renatus

949 773 1037 804 furit
1059 773 1168 809 denuo,
1211 782 1270 804 non
1306 776 1401 813 potest
1433 772 1556 802 introire
1592 771 1622 801 in
1646 779 1770 810 regnum

948 817 1050 850 Dei53.
1064 830 1077 846 »
1091 817 1160 849 Haec
1171 821 1269 848 autem
1284 816 1468 856 regeneratio
1498 825 1532 847 ex
1549 814 1706 846 obedentia
1722 824 1770 855 pa-

76 861 204 908 Πατέρων
234 866 419 900 πνευματικῶν
449 863 564 902 γίνεσθαι
592 863 718 908 πέφυκεν.
749 864 778 892 Εἰ
803 864 842 902 μὴ
857 864 903 903 γὰρ

976 862 1043 893 ibus
1059 861 1262 903 spiritualibus
1287 862 1391 892 oritur.
1408 861 1473 893 Nisi
1496 860 1575 891 enim
1592 861 1673 900 prius
1688 859 1770 908 verbi

74 905 207 945 πρότερον
221 907 266 935 τὸν
294 911 341 936 τοῦ
362 906 442 946 λόγου
470 907 569 947 σπόρον
597 905 639 935 διὰ
666 907 715 941 τῆς
739 906 903 940 διδασκαλίας

976 916 1050 938 ιῐηεῐι
1065 916 1118 947 per
1131 906 1294 938 doctrinam
1313 906 1428 936 Patrum
1451 905 1663 946 concipiamus,
1690 908 1718 934 et
1733 903 1770 934 ab

74 953 132 978 τῶν
162 950 278 990 Πατέρον
313 951 536 990 ὲγκυμονήσωμεν
564 952 608 979 καὶ
643 953 836 990 υἱοποιηθῶμεν
868 956 906 990 τῷ

76 997 138 1032 Θεῷ
170 993 204 1022 δι’
236 996 333 1034 αὐτῶν,
380 997 410 1024 οὗ
439 994 567 1033 δυνάμεθα
602 995 699 1024 ἄνωθεν
720 999 903 1036 γεννηθῆναι·

77 1038 151 1067 οὕτω
165 1039 215 1078 γὰρ
230 1041 253 1067 οἱ
282 1040 332 1077 μὲν
360 1039 460 1068 δώδεκα
488 1040 513 1073 ἐξ
542 1041 599 1072 ἐνὸς
628 1046 674 1070 τοῦ
700 1045 822 1080 Χριστοῦ,
840 1041 904 1070 οἱδὶ

75 1081 263 1120 ἐϐδομήκοντα
284 1083 314 1112 ἐκ
343 1087 396 1112 τιῖιν
424 1083 524 1113 δώδεκα
562 1085 751 1124 ἐγεννήθησαν,
778 1087 821 1114 καὶ
847 1088 905 1116 υἱο-

75 1128 227 1162 ποιήθησαν
240 1132 279 1170 τῷ
293 1129 351 1166 Θεῷ
371 1129 415 1157 καὶ
440 1130 521 1169 Πατρὶ
548 1131 616 1159 κατὰ
646 1132 676 1158 τὸ
704 1131 840 1170 εἱρημένον
855 1131 906 1159 ὑπὸ

77 1173 173 1211 Κυρίου
188 1182 195 1189 ⁸
225 1183 239 1200 «
257 1169 349 1211 1Υμεῖς
371 1173 438 1221 ’.ἐστε
465 1175 515 1202 υἱοὶ
539 1179 586 1204 τοῦ
616 1169 732 1214 Πατρὸςν
755 1186 804 1213 μου
819 1179 866 1204 τοῦ
879 1175 906 1204 ὲν

75 1223 138 1248 τοῖς
164 1218 296 1256 οὖρανοῖς,
323 1229 337 1245 ι
371 1218 441 1247 Όθεν
483 1219 527 1246 καὶ
560 1220 625 1259 πρὸς
659 1220 731 1257 ἡμᾶς
766 1221 780 1248 ὁ
803 1219 906 1251 Παῦλός

77 1271 159 1300 φησιν
176 1270 186 1280 υ
205 1271 217 1289 α
231 1263 260 1290 Εἰ
276 1262 378 1301 γὰρκαὶ
394 1263 501 1302 μυρίους
533 1263 718 1303 παιδαγωγοὺς
734 1263 822 1304 ἔχετε,
846 1263 906 1292 ἀλλ’

78 1306 110 1334 οὔ
124 1305 238 1338 πολλοὺς
263 1307 383 1346 πατάρας
407 1315 415 1323 ⁸
449 1307 503 1347 ἐγὼ
530 1308 597 1345 ὑμᾶς
627 1307 767 1348 ἐγέννησα,
793 1314 906 1347 μιμηταί

79 1360 132 1387 μου
151 1351 261 1388 γίνεσθε.
277 1363 291 1379 ι

118 1389 167 1426 νδ’,
191 1395 226 1424 Τό
256 1396 294 1434 μὴ
319 1397 483 1436 ὑποταγῆναι
513 1398 593 1437 Πατρὶ
635 1399 804 1436 πνευματικῴ
838 1399 905 1426 κατᾶ

79 1439 191 1476 μίμησιν
217 1444 263 1469 τοῦ
291 1440 372 1482 μέχρι
400 1442 512 1471 Θανάτου
541 1443 584 1470 καὶ
629 1446 740 1482 σταυροῦ
761 1443 905 1482 ὑποταγέν-

77 1495 123 1516 τος
138 1485 199 1513 Υίοῦ
212 1489 250 1523 τῷ
265 1487 357 1525 Πατρὶ,
373 1487 404 1514 τὸ
431 1487 471 1524 μὴ
505 1487 663 1525 γεννηθῆναι
692 1486 795 1521 ἅνωθέη
810 1487 879 1516 ἔστιν
895 1496 901 1502 “

947 951 1020 991 ipsis
1040 951 1203 982 elﬁciamur
1225 951 1276 982 ﬁlii
1304 951 1369 988 Dei,
1401 959 1459 981 non
1482 958 1640 990 possumus
1654 948 1770 980 renasci

946 995 1057 1029 denuo.
1074 995 1122 1028 Sic
1139 995 1295 1027 duodecim
1312 1005 1347 1026 ex
1377 1005 1435 1025 uno
1461 994 1588 1030 Christo,
1606 997 1634 1024 et
1649 998 1770 1033 septua-

945 1041 1026 1079 ginta
1037 1051 1070 1072 ex
1087 1041 1247 1072 duodecim
1270 1045 1339 1071 suut
1364 1040 1472 1076 renati,
1497 1044 1525 1070 et
1550 1039 1602 1070 ﬁlii
1616 1038 1684 1069 facti
1701 1042 1770 1069 sunt

947 1084 1000 1116 Dei
1012 1085 1118 1122 Patris,
1133 1085 1216 1125 juxta
1231 1085 1352 1116 verbum
1368 1085 1487 1116 Domini
1501 1095 1506 1113 :
1524 1094 1535 1111 α
1559 1083 1619 1114 Vos
1629 1083 1701 1114 estis
1717 1082 1769 1113 ﬁlii

949 1129 1043 1160 Patris
1060 1129 1116 1160 mei
1133 1129 1182 1170 qui
1198 1129 1228 1159 in
1259 1129 1340 1160 caelis
1365 1134 1409 1159 est
1418 1129 1459 1160 57.
1479 1141 1492 1156 ι
1512 1128 1595 1160 Unde
1620 1131 1648 1158 et
1663 1127 1769 1158 Paulus

948 1173 1036 1204 nobis
1051 1174 1139 1205 dicit:
1157 1187 1169 1201 α
1185 1174 1215 1206 Si
1227 1174 1306 1205 enim
1320 1175 1422 1205 decem
1435 1173 1526 1204 millia
1541 1173 1767 1213 paedagogorum

948 1218 1094 1258 habeatis,
1110 1218 1162 1249 sed
1180 1228 1238 1249 non
1256 1219 1364 1249 multos
1393 1224 1509 1259 patres:
1524 1227 1578 1257 ego
1602 1226 1652 1248 vos
1667 1217 1768 1257 genui,

947 1262 1111 1296 imitatores
1127 1263 1185 1294 mei
1198 1267 1292 1307 estote
1305 1264 1347 1295 58.
1366 1276 1380 1291 ι

988 1398 1026 1428 54
1049 1397 1113 1428 Non
1129 1397 1252 1428 obedire
1266 1397 1340 1437 patri
1368 1397 1524 1437 spirituali,
1541 1397 1577 1428 ab
1593 1395 1768 1428 imitandum

945 1440 1054 1472 Filium
1070 1441 1120 1482 qui
1134 1441 1212 1472 Patri
1224 1442 1367 1473 obediens
1390 1442 1444 1472 fuit
1459 1451 1552 1482 usque
1574 1441 1610 1472 ad
1629 1444 1767 1475 mortem,

946 1489 1071 1516 mortem
1087 1489 1186 1517 autem
1203 1486 1300 1517 crucis
1310 1486 1352 1523 59,
1369 1496 1426 1516 non
1459 1491 1505 1516 e-t
1528 1486 1624 1517 denuo
1639 1484 1767 1516 renasci.

78 1530 91 1557 ὁ
123 1528 150 1557 δὲ
180 1531 218 1567 μὴ
256 1532 373 1570 γεγονὼς
411 1532 466 1563 υἱὸς
501 1531 640 1571 ἀγαπητὸς
671 1533 770 1572 πατρὸς
799 1532 901 1572 ἐ-(αθοῦ,

976 1530 1002 1560 ui
1017 1535 1115 1561 autem
1141 1540 1200 1561 non
1226 1531 1318 1562 factus
1347 1535 1392 1562 est
1419 1531 1495 1562 ﬁlius
1524 1530 1651 1562 dilectus
1678 1529 1770 1570 patris

77 1577 135 1606 πῶς
163 1575 252 1615 πατὴρ
281 1575 341 1615 ἄρα,
369 1576 407 1613 μὴ
436 1575 509 1615 λόγῳ
543 1577 586 1605 καὶ
608 1577 735 1614 πνεύματι
770 1578 903 1616 γεννηθεὶς

78 1618 185 1656 ἂνωθεν,
226 1621 288 1648 υἱῶν
329 1620 433 1659 ἀγαθῶν
474 1622 518 1649 καὶ
560 1622 637 1654 αὐτὸς
658 1622 767 1660 γένηται
792 1623 901 1661 ἀγαθὸς,

79 1665 166 1703 πατήρ
184 1672 190 1679 '
208 1665 252 1692 καὶ
286 1664 371 1703 ἀγαθὰ
398 1664 499 1698 τέξεται
536 1665 627 1703 τέκνα,
660 1667 708 1699 τῆς
740 1666 902 1705 ἀγαθότητος

78 1711 124 1736 τοῦ
138 1709 235 1748 πατρὸς
264 1708 347 1737 αὖτῶν
375 1710 516 1750 σόμμορφα
533 1718 541 1747 ;
570 1711 599 1738 El
627 1709 654 1737 δὲ
669 1710 708 1747 μὴ
723 1710 818 1747 οὕτως,
834 1711 902 1739 κατὰ

79 1753 110 1780 τὸ
122 1751 222 1794 δένδρον
237 1753 355 1790 πάντως,
372 1755 416 1782 καὶ
431 1755 446 1782 ὁ
461 1755 562 1794 καρπὸς
576 1755 668 1785 αὐτοῦ,

120 1792 167 1828 νε’,
198 1798 285 1826 Κακὸν
313 1797 464 1835 ἡᾶπιστία,
497 1792 549 1832 τῆς
581 1801 699 1838 πονηρᾶς
733 1798 902 1839 φιλαργυρίας

80 1843 122 1870 καὶ
135 1845 181 1870 τοῦ
208 1842 301 1881 φθόνου
329 1843 359 1871 τὸ
394 1843 574 1882 πονηρότατον
602 1843 693 1880 κύημα
710 1852 719 1862 ’
737 1844 758 1871 εί
792 1842 819 1871 δὲ
835 1843 902 1877 αὕτη

80 1888 170 1923 κακὸν,
188 1887 264 1923 πόσῳ
291 1886 392 1924 μᾶλλον
406 1888 423 1921 ἡ
452 1888 600 1928 τίχτουσα;
630 1886 692 1916 ὅσον
720 1888 760 1916 ὅτι
787 1889 837 1921 τὴν
856 1892 904 1917 τοῦ

80 1934 178 1971 χρυσοῦ
208 1930 294 1972 φιλίαν
322 1932 370 1966 τῆς
400 1936 513 1971 Χριστοῦ
538 1932 625 1972 οιλίας
660 1932 851 1972 προτιμοτέραν
875 1932 902 1961 ἐν

80 1982 137 2007 τοῖς
152 1977 220 2007 υἱοῖς
235 1978 288 2003 τῶν
303 1975 448 2016 ἆνγρώπων
477 1977 624 2016 ἐργάζεται,
654 1978 697 2004 καὶ
713 1978 757 2005 τὸν
772 1976 901 2017 δημιουρ-

80 2021 124 2059 γὸν
151 2021 200 2053 τῆς
242 2019 307 2053 ὕλης
340 2021 433 2054 ἑαυτῆς
474 2021 601 2050 ἐλάττονα
636 2021 744 2059 τίθεται,
771 2024 815 2049 καὶ
836 2023 902 2060 αὖτῇ

81 2065 210 2104 λατρεύειν
229 2063 342 2102 μᾶλλον,
370 2065 388 2099 ἢ
415 2069 454 2103 τῷ
476 2069 533 2103 Θεῷ
558 2067 639 2095 πείθει
644 2089 654 2105 ,
684 2067 744 2099 τοὺς
770 2069 804 2105 τῇ
819 2067 903 2095 κτίσει

81 2110 148 2149 παρὰ
170 2110 215 2138 τὸν
242 2110 366 2137 κτίσαντα
399 2110 449 2144 τὴν
484 2110 603 2150 λατρείαν
640 2111 847 2151 προσνέμοντας,
860 2107 904 2139 καὶ

81 2154 128 2188 τὴν
142 2157 187 2182 τοῦ
201 2157 266 2182 Θεοῦ
293 2153 417 2189 ἀλήθειαν
447 2155 678 2193 μεταλλάσσοντας
708 2155 734 2184 ἐν
749 2159 787 2193 τῷ
802 2155 902 2194 ψεύδει.

84 2200 112 2228 El
124 2198 150 2227 δὲ
165 2203 289 2228 τοσοῦτον
317 2199 334 2233 ἡ
365 2199 440 2232 νόσος
461 2202 553 2237 κακὸν,
579 2201 615 2233 ὡς
641 2201 684 2228 χαὶ
712 2199 832 2240 δευτέρας
854 2202 902 2229 αὖ·

83 2244 129 2277 τὴν
155 2243 368 2284 εἰδωλολατρείας
409 2245 595 2284 κληρώσασθαι
621 2245 718 2285 ὄνομα,
753 2245 830 2278 ποίας
852 2247 903 2286 οὐχ

83 2287 226 2328 ὑπερϐαίνει
274 2289 367 2322 κακίας
414 2289 562 2329 ὑπερϐολὴν
602 2290 620 2324 ἡ
661 2294 771 2318 νοσοῦσα
806 2292 903 2324 ταῦτην

83 2333 229 2362 ἐθελουσίων
242 2334 319 2373 ψυχή
337 2343 346 2373 ;

135 2373 173 2389 μ’
202 2379 229 2389 n9
267 2377 275 2386 \
341 2381 388 2389 ην
469 2383 479 2387 -

121 2379 182 2416 νζ’,
202 2379 230 2407 Εἰ
246 2379 294 2416 μὲν
308 2381 355 2406 τοῦ
369 2381 481 2418 Χριστοῦ
503 2379 577 2420 φίλος
594 2379 664 2408 εἶναι
695 2379 794 2420 φιλεῖς,
817 2382 902 2418 μισή-

84 2433 133 2455 σεις
160 2422 209 2462 ἄρα
238 2423 350 2462 χρυσὸν⁷
386 2424 431 2451 καὶ
452 2435 501 2454 την
524 2424 618 2453 τούτου
644 2423 736 2464 λίχνον
755 2424 854 2465 φιλίαν,
866 2427 903 2458 ὡς

84 2467 129 2500 τὴν
152 2466 268 2495 διάνοιαν
297 2467 458 2507 στρέφουσαν
481 2469 545 2508 πρὸς
570 2469 666 2503 ἑαυτὴν
694 2473 740 2498 τοῦ
754 2469 902 2511 φιλοῦντος,

85 2513 125 2540 καὶ
146 2512 307 2540 ἀποσπῶσαν
333 2512 414 2546 αὐτὴν
446 2513 498 2541 ἀπὸ
525 2513 572 2548 τῆς
605 2513 771 2552 γλυκυτάτης
799 2515 905 2554 ἀγάπης

84 2562 126 2586 τοῦ
140 2556 225 2590 Ἰησοῦ
253 2566 261 2574 ’
288 2556 343 2590 ἥτις
369 2558 415 2585 οὒκ
442 2558 471 2586 ἐκ
501 2558 566 2586 εἴδει
593 2558 675 2598 λόγου
709 2560 841 2598 φαίνεσθαι
859 2572 903 2598 μοι

85 2602 164 2639 δοκεῖ,
179 2600 238 2630 ἀλλ’
261 2601 288 2629 ἐν
319 2600 383 2629 εἴδει
403 2603 520 2642 πράξεως
549 2607 602 2632 τῶν
624 2605 703 2633 αὐτοῦ
730 2603 853 2635 ἐντολῶν,
875 2610 902 2638 Εἰ

85 2647 109 2676 δὲ
134 2650 177 2676 τοῦ
205 2650 304 2688 χρυσοῦ
332 2647 480 2688 ἐπιθυμεῖς,
496 2648 564 2689 φεῦε
595 2648 729 2688 χερδήσεις
766 2650 814 2687 μὲν
839 2662 902 2679 κατ-

84 2693 191 2732 ορύττων
206 2693 281 2720 arb-:2»;
307 2691 369 2731 τόγε
398 2694 441 2720 νῦν
469 2693 544 2734 ἕλον,
574 2694 599 2722 εἶ
625 2705 655 2734 γε
691 2693 779 2734 κέρδος
807 2697 850 2724 καὶ
872 2698 902 2726 οὗ

84 2738 173 2775 ζημίαν
200 2737 318 2776 ἐσχάτην
345 2736 416 2776 ἔχεις
444 2739 522 2769 αὒ;οὖ
549 2740 598 2773 τὴν
631 2738 728 2779 φιλίαι,
766 2745 901 2779 προτιμῶν

947 1574 1017 1605 boni
1033 1575 1180 1615 quomodo
1197 1575 1297 1614 igitur,
1325 1585 1383 1606 non
1409 1575 1507 1608 Verbo
1537 1580 1566 1606 et
1582 1575 1703 1616 Spiritui
1718 1583 1768 1605 re-

946 1623 1031 1650 natus
1045 1620 1302 1660 deuuo,‘_ﬁ|iorum
1324 1620 1471 1651 bonorum
1488 1624 1516 1651 et
1530 1621 1593 1660 ipse
1609 1621 1659 1650 ﬁet
1674 1619 1770 1650 bonus

946 1667 1039 1704 pater,
1073 1668 1101 1695 et
1129 1664 1236 1695 bmeam
1265 1665 1432 1705 procreabit
1465 1665 1609 1700 sobolem.
1640 1667 1770 1704 paterna:

945 1708 1068 1739 bonitati
1091 1708 1301 1740 conformem?
1331 1709 1381 1740 Sin
1411 1714 1521 1746 autem,
1547 1708 1643 1749 qualis
1668 1707 1768 1747 arbor,

946 1752 1011 1783 talis
1025 1753 1147 1784 omnino
1163 1754 1221 1785 erit
1238 1754 1349 1784 fructus
1364 1755 1440 1794 ejus.

984 1797 1035 1829 55.
1052 1797 1183 1839 Nequam
1198 1803 1242 1829 est
1259 1799 1392 1838 perﬁdia,
1410 1808 1506 1839 pravae
1530 1798 1658 1829 avaritiae
1674 1802 1704 1829 et
1715 1797 1770 1829 zeli

947 1842 1094 1881 pessimus
1109 1843 1165 1874 iste
1180 1843 1269 1873 fetus.
1291 1843 1321 1873 Si
1346 1848 1442 1874 autem
1467 1843 1531 1883 ipsa
1559 1848 1602 1874 est
1631 1853 1768 1883 nequam.

946 1891 1056 1925 quanto
1073 1887 1166 1925 magis
1180 1887 1245 1927 ejus
1262 1891 1356 1918 mater
1371 1888 1377 1917 !
1396 1889 1491 1920 Tanto
1509 1888 1602 1928 magis
1618 1887 1695 1928 quod
1716 1896 1768 1926 pe-

945 1931 1040 1962 cuniaa
1054 1942 1187 1963 amori-ni
1204 1942 1305 1964 amore
1320 1933 1429 1964 Christi
1459 1933 1665 1974 pretiosiorem
1681 1933 1770 1964 eﬁicit

943 1977 1021 2014 apud
1039 1977 1116 2007 ﬁlios
1142 1977 1306 2013 hominum,
1333 1982 1361 2008 et
1385 1978 1517 2009 materia
1540 1977 1707 2009 Creatorem
1735 1987 1770 2008 ea

943 2019 1008 2061 ipsa
1023 2021 1168 2052 minorem
1195 2021 1295 2059 habet,
1321 2026 1411 2063 utque
1432 2023 1507 2053 hanc
1529 2023 1653 2053 adorent
1679 2023 1770 2062 magis

946 2076 1032 2107 quam
1049 2066 1141 2098 Deum
1160 2066 1318 2106 persuadet
1333 2066 1369 2097 iis
1385 2067 1435 2107 qui
1460 2071 1615 2103 creaturze,
1635 2067 1768 2105 neglecto

942 2113 1098 2148 'Greatore,
1108 2112 1218 2142 cultum
1229 2110 1381 2149 exhibent,
1392 2112 1767 2143 etcommutantveritateni

947 2156 1000 2188 Dei
1016 2158 1043 2187 in
1060 2155 1261 2186 mendacium.
1281 2155 1311 2186 Si
1331 2161 1431 2188 autem
1448 2156 1503 2187 iste
1519 2156 1640 2186 morbus
1655 2160 1768 2187 tantum

946 2205 990 2232 est
1005 2201 1127 2240 malum,
1146 2205 1176 2230 ut
1189 2200 1312 2230 alterius
1327 2200 1472 2231 idolorum
1497 2200 1646 2230 servitutis
1661 2210 1769 2231 nomen

914 2245 982 2276 Dsit
1001 2245 1131 2283 sortitus,
1145 2250 1254 2285 quanto
1267 2249 1385 2285 superat
1397 2245 1516 2276 malitiae
1532 2244 1683 2275 cumulum
1699 2245 1767 2275 ani-

947 2300 993 2321 ma
1008 2291 1063 2321 hoc
1080 2290 1183 2320 morbo
1199 2294 1304 2330 sponte
1319 2289 1477 2321 laborans!

985 2380 1034 2412 56.
1053 2379 1083 2411 Si
1098 2378 1205 2411 Christi
1228 2379 1340 2410 amicus
1365 2388 1430 2410 esse
1452 2389 1543 2417 amas,
1560 2379 1628 2409 odio
1645 2379 1769 2410 habebis

946 2433 1062 2461 aurum,
1088 2423 1265 2464 avidumque
1289 2424 1376 2464 hujus
1401 2433 1546 2460 amorem,
1573 2429 1673 2465 utpote
1701 2433 1768 2455 ver-

948 2473 1059 2500 tentem
1073 2469 1108 2499 ad
1125 2478 1156 2499 se
1172 2468 1297 2499 amantis
1313 2473 1452 2504 mentem,
1485 2479 1609 2509 eamque
1624 2479 1640 2500 a
1655 2469 1768 2500 dulcis-

946 2514 1021 2550 sima
1046 2513 1247 2544 retrahentem
1270 2513 1338 2545 Jesu
1371 2514 1535 2545 charitate:
1560 2523 1624 2554 quae
1648 2514 1768 2554 quidem

946 2569 1005 2590 non
1021 2559 1110 2590 meris
1132 2557 1204 2589 mihi
1231 2558 1347 2588 videtur
1371 2558 1552 2589 manifestari
1582 2557 1691 2594 verbis,
1717 2558 1769 2588 sed

946 2603 1027 2645 praxi
1047 2603 1250 2634 mandatorum
1267 2602 1370 2642 ipsius.
1388 2602 1419 2634 Si
1435 2607 1534 2633 autem
1554 2612 1657 2633 aurum
1674 2603 1769 2642 cupis,

944 2651 1013 2687 heu,
1043 2648 1207 2679 lucraberis
1230 2647 1350 2688 quidem
1381 2648 1495 2678 fodiens
1525 2648 1674 2678 metallum
1691 2647 1769 2678 i~tud

944 2704 1024 2726 nunc
1038 2693 1197 2734 exsistens,
1213 2692 1361 2733 siquidem
1378 2693 1492 2724 lucrum
1518 2697 1546 2724 et
1562 2702 1620 2723 non
1633 2692 1770 2723 ultimum

944 2741 1084 2772 damnum
1115 2738 1207 2769 habes
1235 2737 1322 2778 hujus
1352 2747 1500 2775 amorem,
1536 2747 1625 2780 quem
1653 2738 1769 2769 Christo

121 2827 150 2866 55
163 2828 242 2859 Psat.
261 2835 362 2865 cxvm,
380 2828 449 2860 165.
492 2828 617 2860 56Joan.
636 2837 680 2868 ιιι,
694 2830 723 2860 3.
767 2829 800 2854 57
813 2829 903 2863 Matth

986 2829 1036 2862 45.
1078 2829 1110 2854 ⁵8
1124 2829 1134 2860 l
1149 2829 1218 2860 Cor.
1237 2836 1279 2870 ιν,
1296 2828 1345 2866 15,
1363 2829 1412 2868 16.
1455 2829 1487 2854 59
1502 2828 1629 2871 Philipp.
1649 2837 1682 2869 η,
1699 2828 1728 2860 8.
