1975 3071
198 160 253 195 931

841 159 993 195 ΝΙΟΕΤΛΞ
1017 161 1230 194 PECTORATI

1828 165 1887 200 932

195 233 278 274 parte
292 226 513 269 imprimuntur,
537 228 591 274 sed
618 227 737 260 illorum
763 229 948 260 solummodo
965 240 994 270 qi

1078 234 1166 259 νούται
1190 239 1196 245 '
1214 230 1282 259 ἀλλὰ
1296 231 1384 268 μόνων
1413 232 1518 261 ἐκείνων
1541 236 1592 261 τῶν
1616 234 1821 274 κεκαθαρμένων
1844 236 1889 263 τὸν

193 273 325 304 animum
347 282 432 304 suum
454 273 682 312 mundaverunt,
701 283 865 315 sensusque
882 274 1018 305 fecerunt

193 318 317 355 lucidos,
335 322 363 348 et
386 318 422 348 ad
444 319 598 358 physicam
627 319 828 350 ascenderunt
857 319 1013 357 theoriam,

191 363 298 403 quibus
313 362 392 393 nulla
411 372 482 393 cura
496 367 541 393 est
556 363 593 394 de
608 363 699 394 rebus
720 364 757 395 ad
773 364 863 394 vitam
883 363 1014 395 attinen-

191 407 282 444 tibus,
300 416 354 438 nec
369 407 430 438 ulla
444 407 481 438 de
501 407 558 438 vita
578 410 715 448 praesenti
741 407 919 446 sollicitudo,
941 418 1014 448 quos

189 452 276 491 longa
287 451 401 492 jejunia
416 452 452 482 ad
470 452 668 484 universalem
693 452 880 484 deduxerunt
896 456 1013 494 tempe-

188 498 327 533 rantiam,
343 496 450 537 quibus
465 497 589 528 sudores
603 497 780 538 laboresque
792 506 844 538 pro
862 499 923 529 Deo
936 498 1012 529 tole-

188 541 464 573 ratihabitationem
477 546 655 582 paraverunt
677 542 707 572 in
726 541 963 579 sanctuarioDei,
981 542 1011 573 id

190 586 282 625 est,in
295 586 423 618 sciencia
433 596 532 617 rerum
542 596 608 617 cum
620 587 765 627 sapientia
771 587 1011 627 superiori,quo-

188 639 255 661 rum
270 631 329 661 vita
344 631 478 669 angelica
493 635 522 661 et
536 631 709 662 abscondita
728 632 758 662 in
781 633 841 663 Deo
856 635 912 669 est,
929 631 979 671 qui
994 641 1011 663 e

187 684 271 706 sacra
284 685 356 715 pace
366 676 514 715 progressi
531 676 733 707 ascenderunt
741 675 775 707 ad
785 675 1009 706 similitudinem

186 720 395 760 prophetarum
407 719 548 751 Ecclesiae
556 720 621 759 Dei,
630 721 668 751 de
678 721 786 761 quibus
794 720 824 751 in
832 720 927 760 Moyse
938 720 1011 752 dixit

187 766 292 796 Deus:
320 764 466 805 «Siquis
490 765 560 796 furit
583 765 663 796 inter
690 774 741 796 vos
771 765 926 805 propheta,
957 774 1010 805 per

185 818 322 840 somnum
338 809 485 849 apparebo
505 809 544 847 ei,
561 814 590 840 et
608 810 638 840 in
663 810 778 841 visione
799 809 902 850 loquar
916 809 952 840 ad
969 809 1007 840 il-

184 853 244 884 lum
259 853 301 885 60.
319 866 332 881 ι
349 853 384 884 Εῑ
397 853 428 884 ὶιι
442 853 506 885 Joel
524 862 530 885 :
549 853 584 884 Et
609 855 665 884 erit
691 854 833 895 posthaec
857 854 1006 885 eﬂ'undam

1058 279 1127 312 νοῦν,
1164 275 1209 302 καὶ
1236 276 1440 315 τετρανωμένων
1466 278 1499 305 τὰ
1529 278 1686 318 αἰσθητήρια
1709 280 1759 312 τῆς
1782 280 1888 319 ψυχῆς,

1057 319 1100 346 καὶ
1132 319 1197 358 πρὸς
1227 320 1339 358 φυσικὴν
1363 320 1566 360 ἆναδραμόντων
1586 324 1695 362 θεωρίαν
1714 332 1720 339 ·
1746 325 1783 352 ὧν
1810 323 1888 352 οὐδε-

1057 363 1102 399 μία
1131 365 1235 402 φροντὶς
1257 366 1420 404 πραγμάτων
1443 366 1586 407 βιωτικῶν,
1610 367 1667 396 οὖδέ
1701 379 1742 400 τις
1770 369 1887 408 μέριμνα

1055 407 1103 441 τῆς
1131 409 1267 447 παρούσης
1293 409 1364 444 ζωῆς
1381 418 1389 426 '
1425 411 1462 438 ὦν
1492 413 1517 439 αἱ
1541 413 1638 451 μακραὶ
1660 412 1758 441 ἄσιτίαι
1773 407 1811 445 εἷς
1833 424 1886 441 πε-

1055 462 1189 491 ριεκτικην
1218 453 1370 492 ἐγκράτειαν
1414 454 1527 488 ἔστησαν
1560 465 1567 471 ·
1595 457 1640 484 καὶ
1668 459 1692 485 οἱ
1719 458 1788 486 κατὰ
1818 460 1883 486 Θεὸν

1054 495 1158 535 ἱδρῶτες
1174 498 1217 525 καὶ
1232 498 1318 533 πόνοι,
1346 499 1382 531 εἷς
1408 500 1438 527 τὸ
1466 501 1637 540 άγιαστήριον
1664 506 1710 531 τοῦ
1739 506 1804 531 Θεοῦ
1833 503 1882 536 τὴν

1053 544 1150 579 γνῶσιν
1179 545 1232 569 τῶν
1267 543 1349 571 ὄντων
1376 545 1406 572 τὸ
1434 544 1573 582 κατάλυμα
1602 547 1674 585 εὗρον
1690 547 1757 584 μετὰ
1787 547 1882 587 σοφίας

1051 588 1100 618 τῆς
1116 587 1264 624 κρειττονός
1295 595 1301 602 ·
1332 589 1369 616 ὧν
1397 590 1411 616 ὁ
1432 589 1488 627 βίος
1526 590 1668 629 ἀγγελικὸς
1696 592 1741 619 καὶ
1768 591 1787 625 ἡ
1823 592 1880 627 ζωὴ

1052 634 1095 658 νὺν
1111 633 1182 670 παρᾶ
1207 634 1264 668 Θεῷ
1295 631 1448 672 κέκρυπται,
1479 633 1523 662 καί
1557 635 1574 667 ἡ
1595 637 1719 673 προκοπὴ
1746 634 1772 667 ἐξ
1807 637 1881 675 ἱερᾶς

1050 674 1164 714 ἡσυχίας
1187 676 1222 706 εἰς
1244 676 1319 713 βάσιν
1346 679 1489 717 προ-θητῶν
1517 680 1567 711 τῆς
1593 682 1638 707 τοῦ
1668 683 1733 707 Θεοῦ
1756 679 1880 713 Ἐκκλη-

1051 719 1108 750 σίας
1137 717 1218 752 ἀνέϐη
1250 728 1256 734 ’
1288 721 1346 760 περὶ
1367 722 1404 748 ὧν
1434 723 1477 750 καὶ
1512 721 1540 750 ἐν
1568 726 1668 761 Μωῦσῇ
1694 722 1844 758 λελάληκεν
1867 725 1882 752 ὁ

1050 763 1114 794 Oed:
1133 771 1139 777 '
1162 775 1175 790 ι
1195 764 1257 792 Ἐὰν
1271 764 1379 803 γένηται
1405 767 1544 806 προφήτης
1574 767 1600 795 ἐν
1635 768 1712 805 ὑμῖν,
1747 768 1774 796 ὲν
1803 768 1880 805 ὕπνῳ

1049 807 1198 846 ὀφθήσομαι
1228 810 1309 846 αύτῷ,
1339 811 1382 837 καὶ
1411 809 1438 838 ἐν
1467 811 1577 850 ὁράματι
1607 811 1719 847 λαλήσω
1744 814 1810 851 πρὸς
1835 815 1881 842 αὖ·

1048 852 1104 881 τόν.
1123 864 1137 879 n
1153 853 1201 881 Καὶ
1216 852 1243 880 ἐν
1259 852 1338 888 Ἰωήλ
1356 861 1362 868 ’
1384 864 1395 881 α
1422 855 1469 883 Καὶ
1495 855 1567 883 ἔσται
1594 857 1661 893 μετὰ
1676 860 1769 895 ταῦτα,
1786 856 1880 897 ἐκχεῶ

184 897 222 929 de
245 897 356 938 Spiritu
386 907 452 929 meo
475 907 566 938 super
590 893 710 929 omnem
732 907 864 935 carnem,
883 902 911 929 et
932 907 994 938 pro-

1077 897 1099 924 τὸ
1114 899 1160 924 τοῦ
1176 897 1327 934 Πνεύμάτος
1355 909 1405 935 μου
1435 899 1477 926 ἐπὶ
1504 903 1591 928 πᾶσαν
1620 901 1715 940 σάρκα,
1744 901 1788 929 καὶ
1809 893 1863 940 τὲρο

183 943 347 982 phetabunt
362 942 416 973 ﬁlii
436 943 525 974 vestri
549 947 579 974 et
602 943 671 974 ﬁliae
694 948 809 981 vestrae,
828 947 855 974 et
870 945 1005 975 seniores

181 987 272 1018 vestri
287 986 403 1017 somnia
417 986 619 1028 somniabunt,
634 991 662 1018 et
669 987 793 1027 juvenes
809 987 899 1018 vestri
913 987 1002 1018 visio-

181 1041 235 1062 nes
251 1031 444 1063 v1debunt6‘.
459 1045 471 1058 η

181 1076 231 1108 64.
249 1076 461 1116 Tranquillitas
477 1081 521 1107 est
540 1080 621 1108 satus
645 1076 738 1107 animi
759 1075 1000 1117 imperturbatus,

178 1130 319 1152 serenum
342 1121 443 1152 liberae
469 1126 497 1152 et
523 1121 679 1152 exultantis
694 1121 810 1161 animai,
827 1130 879 1152 cor
893 1121 924 1151 in
940 1122 1001 1152 Deo

179 1165 341 1196 stabilitum
365 1165 430 1197 sine
456 1165 576 1196 turbine
601 1175 635 1197 ac
660 1169 847 1206 tempestate,
876 1165 1001 1196 scientia

179 1210 350 1250 mysterium
372 1210 436 1247 Dei,
454 1220 553 1241 sermo
576 1211 730 1251 sapientiae
745 1220 780 1241 ex
795 1219 869 1250 puro
888 1209 998 1248 animo,

178 1254 299 1295 abyssus
314 1254 523 1294 Cogitationum
540 1255 605 1292 Dei,
624 1255 733 1286 mentis
753 1254 889 1292 exstasis,
911 1254 999 1285 fami-

177 1299 288 1331 liaritas
312 1309 380 1331 cum
403 1299 474 1337 Deo,
503 1300 608 1330 oculus
633 1299 713 1340 vigil,
731 1299 823 1330 oratio
850 1299 998 1337 mentalis,

176 1353 283 1384 expers
307 1343 417 1374 laboris
433 1343 462 1374 in
479 1344 594 1383 magnis
617 1343 768 1374 laboribus
782 1343 877 1384 quies,
895 1352 928 1374 ac
943 1343 998 1374 de-

176 1397 257 1420 mum
274 1388 345 1419 unio
358 1392 389 1419 et
404 1388 530 1419 societas
546 1398 613 1419 cum
629 1388 701 1419 Deo.

214 1434 264 1465 65.
281 1432 418 1469 Quandiu
440 1432 538 1463 anima
560 1432 653 1463 divisa
668 1436 713 1464 est
727 1435 830 1463 contra
855 1431 995 1472 seipsam,

1046 941 1219 979 φητεύσουσιν
1244 943 1266 969 οἱ
1296 943 1344 970 υἱοὶ
1378 943 1463 983 ὑμῶν,
1491 944 1535 972 καὶ
1565 946 1590 972 αἱ
1619 945 1756 984 θυγατέρες
1785 946 1874 983 ὑμῶν,

1045 985 1088 1012 καὶ
1114 986 1137 1013 οἱ
1175 985 1344 1025 πρεσϐύτεροι
1378 987 1451 1024 ὑμῶν
1488 988 1750 1026 ἐνυπνιασθήσονται,
1779 992 1824 1018 καὶ
1850 992 1874 1018 οἱ

1045 1030 1173 1058 νεανίσκοι
1189 1031 1261 1067 ὑμῶν
1277 1031 1381 1070 ὁράσεις
1396 1030 1518 1069 ὄψονται,
1538 1044 1550 1062 ιι

1083 1069 1131 1106 ξδ’.
1160 1070 1274 1115 Ἡσυχία
1302 1075 1357 1104 ἐστί
1388 1078 1447 1108 νοὸς
1482 1078 1641 1110 κατάστασις
1672 1079 1871 1119 ἀνελόχλητος,

1043 1118 1146 1164 γαλήνη
1177 1119 1320 1159 ἐλευθερίαις
1354 1122 1398 1149 καὶ
1432 1121 1637 1161 ἆγαλλιωμένης
1665 1118 1770 1163 ψυχῆς,
1802 1135 1873 1164 καρ-

1042 1161 1095 1194 δίας
1111 1163 1138 1191 ἐν
1168 1165 1226 1202 Θεῴ
1254 1165 1329 1202 βάσις
1365 1165 1499 1206 ἀτάραχος
1529 1169 1572 1195 καὶ
1610 1168 1771 1209 ἀκύμαντος,
1800 1171 1872 1197 θεω-

1042 1207 1082 1253 ρία
1119 1209 1218 1248 φωτὸς,
1245 1212 1345 1253 ,γνῶσις
1373 1214 1438 1239 Θεοῦ
1473 1212 1635 1251 μυστηρίων,
1666 1212 1745 1251 λόγος
1763 1207 1872 1253 Ἶσοφίας

1041 1251 1071 1279 ἐκ
1099 1254 1212 1292 καθαράς
1240 1252 1365 1291 διανοίας,
1403 1253 1516 1287 ἄϐυσσος
1546 1257 1687 1294 νοημάτων
1716 1261 1793 1295 Θεοῦ,
1817 1251 1871 1297 ἆρ-

1041 1297 1114 1336 παγή
1125 1298 1197 1335 νοὸς,
1227 1297 1317 1335 ὁμιλία
1345 1303 1410 1327 Θεοῦ
1440 1300 1587 1338 ἆκοίμητος
1616 1301 1763 1342 ὀφθαλμὸς,
1787 1314 1872 1342 προσ-

1041 1342 1109 1381 ευχὴ
1124 1343 1210 1380 νοερα,
1238 1342 1335 1374 ἄπονος
1359 1343 1389 1371 ἀν
1411 1344 1502 1376 πόνοις
1538 1345 1666 1384 μεγάλοις
1696 1347 1840 1379 ἀνάπαυσίς
1861 1355 1868 1362 ⁵

1039 1387 1083 1413 καὶ
1097 1385 1172 1417 τέλος
1187 1386 1279 1418 ἕνωσις
1295 1388 1362 1423 μετὰ
1377 1391 1442 1416 Θεοῦ
1457 1389 1501 1416 καὶ
1516 1390 1652 1429 συνάφεια.

1080 1425 1127 1462 ξεί
1160 1430 1262 1470 Μέχρις
1289 1432 1306 1465 ἡ
1337 1432 1414 1472 ψυχὴ
1443 1434 1572 1472 στασιάζῃ
1587 1425 1591 1429 Ι
1605 1433 1664 1462 καθ’
1679 1435 1786 1472 ἑαυτὴν,
1803 1435 1869 1463 ἀτάρ

172 1476 238 1509 sine
264 1477 369 1508 ordine
396 1485 517 1508 movens
540 1486 608 1508 suas
632 1477 796 1514 facultates,
815 1479 843 1507 et
864 1476 994 1507 nondum

1077 1486 1107 1506 »ς
1129 1475 1290 1513 κινουμένων
1312 1476 1392 1510 αὐτῆς
1408 1478 1460 1505 τῶν
1480 1477 1628 1516 δυνάμεων,
1654 1480 1698 1507 καὶ
1714 1479 1786 1508 οὔπω
1801 1491 1867 1520 χω-

173 1531 264 1562 capax
288 1526 333 1552 est
356 1521 525 1553 divinorum
551 1521 715 1560 radiorum,
742 1530 799 1552 nec
827 1520 995 1552 libertatem

171 1566 453 1598 meruitaservitule
464 1565 592 1597 carnalis
603 1575 782 1601 sensus,nec
792 1574 864 1606 pace
873 1566 992 1604 fruitur,

170 1611 237 1652 quia
260 1614 398 1642 recenter
419 1610 449 1641 in
471 1619 506 1641 ea
527 1610 652 1641 cessavit
667 1609 828 1641 infrenium
844 1609 993 1650 cupidita-

171 1659 230 1686 tum
247 1665 357 1696 pugna,
373 1655 465 1685 multo
487 1654 601 1693 indiget
619 1654 739 1686 silentio
756 1655 902 1694 laborum,
918 1659 950 1686 ut
964 1658 994 1685 et

167 1699 232 1741 ipsa
256 1700 334 1731 dicat
361 1709 428 1730 cum
454 1698 587 1730 Davide:
608 1711 622 1727 αι
639 1699 698 1738 Ego
727 1704 826 1731 autem
853 1703 991 1739 tanquam

167 1745 274 1776 surdus
299 1753 359 1775 non
384 1744 559 1782 audiebam,
581 1748 610 1775 et
636 1749 774 1785 tanquam
802 1748 902 1776 mutus
932 1754 992 1775 non

166 1790 303 1830 aperiens
314 1799 350 1821 os
364 1799 450 1820 suum
465 1789 503 1819 ϐε.
521 1801 535 1817 ››
552 1788 682 1830 Semper
697 1793 797 1820 autem
813 1798 936 1820 necesse
948 1793 992 1820 est

166 1839 198 1866 ut
210 1834 260 1865 illa
275 1834 369 1866 tristis
382 1843 417 1865 ac
433 1838 537 1865 moesta
561 1838 717 1874 percurrat
731 1834 809 1865 viam
835 1833 991 1865 mandato-

164 1889 233 1911 rum
255 1879 319 1920 Dei,
338 1878 375 1909 ab
391 1878 514 1910 inimico
537 1879 688 1919 tribulata,
705 1883 734 1910 et
750 1883 902 1919 exspectet
916 1879 989 1910 visi-

164 1925 306 1955 tationem
322 1924 476 1962 Paracleti,
492 1931 546 1962 per
559 1933 647 1963 quem
663 1927 840 1964 compuncta
855 1927 886 1954 et
900 1923 992 1965 lacry-

163 1969 220 2001 mis
241 1969 350 2007 abluta,
367 1976 465 2000 veram
482 1973 680 2009 consequetur
693 1967 868 2000 libertatem.

201 2059 252 2091 66.
267 2060 341 2090 Cum
362 2058 388 2089 is
404 2058 456 2099 qui
470 2058 501 2089 in
521 2068 596 2100 pace
618 2057 678 2089 mel
694 2057 837 2089 virtutum
855 2056 984 2095 conﬁcit,

159 2103 271 2136 vilitate
285 2103 383 2134 carnis
399 2103 536 2143 superior
550 2104 647 2134 factus
661 2107 710 2134 est
724 2111 778 2143 per
793 2101 986 2143 philosophiae

158 2157 280 2188 agones,
297 2152 327 2180 et
341 2148 379 2179 ad
393 2148 528 2179 ordinem
545 2152 657 2178 naturae
672 2157 740 2178 suas
752 2146 982 2178 restituitfacul-

158 2196 233 2224 tates
246 2193 359 2233 rejecta
373 2191 525 2232 superbia,
542 2197 571 2223 et
586 2201 674 2232 capax
691 2196 736 2223 est
751 2191 901 2222 radiorum
917 2190 981 2232 spi-

156 2237 242 2275 ritus,
260 2237 349 2268 corde
364 2237 503 2276 lacrymis
522 2237 690 2277 puriﬁcato,
711 2241 739 2267 et
761 2236 852 2266 viﬁcze
873 2236 981 2267 morti-

156 2282 303 2313 ﬁcationis
330 2281 439 2313 Christi
467 2281 724 2322 incorruptionem
755 2280 862 2318 induit,
893 2284 981 2321 atque

155 2327 353 2364 Paracletum,
379 2325 410 2356 in
434 2327 587 2357 caenaculo
613 2325 835 2366 tranquillitatis
860 2325 979 2366 sedens,

154 2380 223 2403 cum
235 2371 328 2412 ignita
341 2370 442 2410 lingua
454 2374 483 2401 et
493 2369 557 2410 ipse
573 2369 716 2410 suscepit,
734 2374 804 2400 tunc
815 2369 895 2409 loqui
909 2369 981 2400 libe-

152 2425 187 2448 re
203 2416 346 2456 magnalia
361 2415 414 2446 Dei
437 2415 537 2453 debet,
563 2419 593 2446 et
616 2415 646 2446 in
669 2414 804 2445 Ecclesia
829 2414 980 2453 magnam

147 2461 292 2501 justitiam
310 2461 375 2500 ejus
389 2459 578 2498 annuntiare,
597 2459 721 2500 perinde
735 2468 769 2490 ac
786 2459 810 2489 si
832 2458 863 2489 in
878 2459 976 2490 medio

151 2510 254 2537 ventre
278 2505 445 2545 susceperit
471 2505 566 2544 legem
594 2504 742 2544 Spiritus:
761 2508 792 2534 ut
811 2512 882 2541 non,
900 2503 977 2535 sicut

150 2560 253 2582 servus
267 2550 318 2581 ille
334 2559 462 2590 nequam
478 2551 527 2590 qui
549 2549 693 2580 talentum
709 2548 755 2579 sui
771 2548 883 2579 domini
903 2548 973 2580 abs-

149 2598 303 2632 con-lerat,
319 2594 349 2625 in
365 2594 464 2634 ignem
480 2593 638 2634 dejiciatur
653 2598 810 2625 aeternum.
824 2593 873 2625 Sic
892 2594 973 2624 enim

146 2640 212 2682 ipse
233 2639 324 2672 David
347 2649 365 2671 a
389 2642 508 2680 peccato
533 2638 653 2670 ablutus
678 2647 731 2679 per
755 2638 971 2679 paenitentiam,

146 2689 321 2727 recuperato
346 2683 510 2725 prophetiae
525 2683 616 2721 dono,
633 2687 776 2724 tanquam
793 2692 852 2714 non
872 2682 973 2714 valens

147 2734 261 2762 tantum
286 2730 435 2762 occultare
457 2727 650 2767 beneﬁcium,
666 2728 785 2759 dicebat
799 2728 836 2760 ad
851 2727 945 2760 Deum
963 2737 971 2761 :

183 2815 215 2841 σο
230 2815 318 2847 Νιιιιι.
335 2823 387 2854 xu,
403 2814 434 2846 6.
476 2813 504 2839 θι
519 2813 585 2846 Joel
600 2822 633 2853 ιι,
649 2813 700 2846 28.

1037 1520 1134 1558 ρητικὴ
1164 1520 1256 1559 γέγονε
1284 1524 1336 1549 τῶν
1365 1522 1441 1550 θείων
1470 1522 1592 1561 ἀκτίνων,
1632 1523 1689 1552 οὖόὲ
1718 1524 1865 1564 ἐλευθερίας

1035 1564 1146 1611 asperi,
1163 1567 1211 1611 τῆς
1239 1564 1357 1611 δουλείας
1383 1570 1430 1595 τοῦ
1472 1568 1641 1607 φρονήματος
1676 1571 1724 1602 τῆς
1753 1571 1864 1611 σαρκὸς,

1035 1607 1092 1636 οὐδὲ
1128 1610 1234 1648 εἰρήνης
1285 1610 1449 1648 ἁπήλαυσεν,
1486 1612 1542 1651 ἄρτι
1573 1612 1700 1647 λήξαντος
1723 1607 1793 1652 αὐτῇ
1817 1607 1866 1643 τού

1033 1652 1150 1691 πολεμον
1166 1654 1218 1682 τῶν
1245 1654 1395 1684 ἆκαθέκτων
1425 1658 1526 1694 παθῶν,
1563 1656 1666 1691 πολλῆς
1694 1656 1778 1686 δέεται
1794 1669 1864 1687 σιω-

1032 1700 1085 1731 πῆς
1107 1701 1159 1726 τῶν
1174 1698 1301 1739 χειλέων,
1319 1700 1355 1731 ὡς
1377 1699 1464 1739 λέγειν
1488 1701 1532 1729 καὶ
1554 1702 1636 1735 αὐτὴν
1652 1703 1719 1740 μετὰ
1740 1706 1786 1731 τοῦ
1804 1708 1863 1731 Δα-

1032 1740 1074 1776 ϐίδ
1088 1751 1095 1758 ·
1114 1753 1125 1769 α
1145 1741 1215 1782 Ἐγὼ
1229 1742 1256 1770 δὲ
1277 1744 1340 1772 ὼδεὶ
1354 1746 1444 1785 κωφὸς
1460 1746 1510 1773 αὖκ
1529 1745 1636 1783 ἤκουον,
1653 1747 1697 1774 καί
1711 1746 1773 1775 ὤσεὶ
1789 1746 1861 1776 ἄλα-

1032 1786 1078 1819 λος
1093 1788 1140 1816 οὐκ
1161 1788 1273 1827 ἀνοίγων
1301 1790 1333 1816 τὸ
1358 1791 1443 1827 στόμα
1467 1791 1555 1819 αὐτου.
1575 1802 1588 1817 ιι
1615 1791 1670 1819 Ἀεὶ
1690 1790 1717 1819 δὲ
1739 1794 1860 1832 σκυθρω-

1033 1831 1085 1868 μὴν
1101 1832 1172 1860 εἶναι
1187 1832 1240 1873 δεῖ,
1265 1834 1309 1861 καὶ
1337 1834 1449 1872 σωγνην
1485 1835 1638 1874 πορεύεσθαι
1666 1836 1716 1869 τὴν
1730 1836 1790 1865 ὁδὸν
1805 1831 1861 1865 τῶν

1032 1875 1145 1905 ἐντολῶν
1161 1881 1213 1922 ,τοῦ
1241 1881 1366 1917 Χριστοῦ,
1395 1878 1421 1906 ἐν
1450 1882 1487 1916 τῷ
1515 1878 1645 1908 θλίϐεσθαι
1674 1881 1723 1909 ὑπὸ
1743 1886 1789 1911 τοῦ
1802 1881 1858 1922 ἑχ-

1034 1922 1105 1961 θροῧ,
1120 1921 1165 1949 καί
1179 1921 1317 1960 ἀναμένειν
1344 1923 1393 1956 τὴν
1422 1922 1562 1962 ἐπιδημίαν
1587 1927 1635 1953 τοῦ
1656 1921 1858 1965 Παρακλήτου·

1033 1964 1067 1994 δι’
1089 1967 1118 1994 οὗ
1154 1967 1238 2004 ταύτῃ
1279 1968 1506 2009 κατανυσσομένῃ,
1546 1970 1589 1997 καί
1617 1969 1768 2009 πλυνομένῃ
1797 1978 1859 2004 τοῖς

1031 2009 1165 2053 δικρυσιν,
1181 2012 1198 2045 ἡ
1213 2011 1296 2045 ὅντως
1311 2012 1442 2053 ἐλευθερία
1463 2012 1673 2053 ἑπικραϐεύεται.

1070 2050 1134 2092 ξςζ
1159 2052 1288 2090 Ὀπηνίκα
1310 2058 1324 2085 ὁ
1345 2056 1373 2085 ἓν
1394 2050 1494 2098 ἦσυχίᾳ
1522 2050 1552 2086 τὸ
1582 2057 1643 2096 μέλι
1672 2062 1730 2087 πῶν
1754 2059 1857 2098 ἀρετῶν

1027 2099 1213 2139 ἐργαζόμενος,
1263 2102 1384 2141 ὑπεράνω
1431 2103 1479 2136 τῆς
1525 2103 1709 2136 ταπεινώσεως
1743 2103 1855 2143 γένηται

1025 2147 1074 2178 τῆς
1090 2146 1186 2185 σαρκὸς
1212 2146 1238 2179 ἐξ
1262 2146 1373 2184 ἀγώνων
1402 2146 1567 2188 φιλοσοφίας,
1596 2149 1640 2176 καὶ
1675 2150 1711 2181 εἰς
1740 2149 1771 2177 τὸ
1784 2151 1855 2178 κατὰ

1023 2190 1098 2230 φύσιν
1132 2190 1193 2229 ἔλθῃ
1217 2191 1250 2219 τά
1275 2191 1327 2219 τῶν
1349 2191 1498 2230 δυνάμενων
1516 2192 1592 2221 αὐτοῦ
1614 2194 1663 2226 τῆς
1691 2196 1784 2233 ψυχῆς
1822 2195 1854 2223 ἐκ

1022 2234 1254 2274 καταϐεϐλημένου
1275 2237 1455 2276 φρονήματος,
1485 2238 1599 2277 χωρήσῃ
1636 2248 1664 2265 τε
1698 2238 1746 2270 τὰς
1773 2238 1854 2268 ἀκτῖ-

1021 2291 1068 2311 νας
1096 2285 1142 2309 τοὺ
1177 2281 1340 2321 Πνεύματος,
1367 2280 1474 2321 δάκρυσι
1501 2283 1636 2322 καθαρθεὶς
1664 2283 1714 2316 τὴν
1742 2282 1852 2323 καρδίαν

1021 2325 1064 2352 καὶ
1091 2327 1140 2358 τῆς
1162 2328 1292 2360 ζωοποιοῦ
1319 2327 1472 2365 νεκρώσεως
1500 2330 1546 2355 τοῦ
1583 2330 1696 2367 Χριστοῦ
1735 2328 1784 2361 τὴν
1813 2329 1850 2356 ἀ-

1021 2370 1143 2408 φθαρσίαν
1158 2369 1309 2410 ἐνδύσηται,
1330 2372 1374 2399 καὶ
1399 2378 1444 2398 τον
1470 2371 1654 2411 Παράκλητον,
1685 2372 1712 2401 ἒν
1733 2376 1771 2410 τῷ
1785 2374 1850 2402 ὑπε-

1019 2414 1080 2451 ρῴῳ
1091 2416 1140 2447 τῆς
1180 2415 1294 2454 ἡσυχίας
1322 2415 1508 2454 καθεζόμενος,
1538 2418 1605 2454 μετὰ
1634 2418 1742 2457 πυρίνης
1756 2417 1849 2457 γλώτ‹

1018 2469 1066 2491 της
1095 2460 1138 2488 καὶ
1178 2461 1255 2491 αὐτὸς
1295 2459 1464 2498 ὑποδέξηται,
1503 2466 1647 2499 τηνικαῦτα
1689 2461 1783 2490 λαλεῖν
1819 2463 1848 2491 ἐν

1016 2503 1146 2543 παρρησίᾳ
1179 2505 1211 2533 τὰ
1241 2504 1372 2544 μεγαλεῖα
1400 2509 1446 2534 του
1475 2506 1541 2534 Θεοῦ
1573 2513 1719 2547 χρεωστεϊ,
1746 2508 1790 2535 καὶ
1818 2509 1846 2537 ἐν

1017 2547 1159 2586 Ἐκκλησία
1187 2549 1291 2589 μεγάλῃ
1322 2550 1371 2583 τὴν
1403 2549 1569 2584 δικαιοσύνην
1598 2552 1675 2581 αὖτοῦ
1702 2551 1844 2591 εὐαγγελί-

1013 2595 1112 2631 ζεσθαι,
1129 2595 1165 2626 ὡς
1181 2594 1207 2622 ἐν
1234 2595 1308 2633 μέσῳ
1333 2597 1382 2628 τῆς
1399 2594 1501 2627 κοιλίας
1527 2594 1666 2633 δεξάμενος
1695 2597 1739 2625 τὸν
1757 2597 1839 2634 νόμον

1013 2642 1059 2666 τοῦ
1075 2640 1226 2677 Πνεύματος
1244 2648 1250 2655 ·
1266 2640 1312 2668 ἵνα
1342 2641 1392 2680 μὴ,
1416 2641 1452 2672 ὡς
1477 2641 1491 2668 ὁ
1519 2642 1637 2680 πονηρὸς
1668 2640 1758 2674 δοῦλος
1770 2641 1843 2670 ἐκεῖ·

1014 2695 1069 2722 νος,
1086 2686 1100 2712 ὁ
1113 2685 1144 2712 τὸ
1158 2684 1285 2713 τάλαντον
1308 2688 1354 2714 τοῦ
1381 2686 1475 2713 οἰκείου
1503 2687 1675 2725 κατακρύψας
1696 2685 1838 2727 δεσπότου,

1015 2731 1115 2770 εἷςπῦρ
1131 2729 1291 2768 βληθήσεται
1312 2731 1344 2758 τὸ
1368 2731 1483 2760 αίώνιον.
1521 2731 1595 2760 Οὕτω
1623 2733 1673 2772 γὰρ
1699 2733 1742 2760 καὶ
1760 2732 1842 2761 Δαϐὶδ

743 2813 775 2838 θΞ
790 2813 869 2846 Psal.
885 2822 997 2855 xxxvn,
1015 2815 1066 2846 44,
1111 2814 1141 2840 6³
1158 2815 1235 2846 Psal.
1254 2823 1353 2853 xxxiv,
1372 2815 1420 2847 t8.
