  <div class='ocr_page' id='page_1' title='image "/cluster/home/n/w/nwhite01/storage/ocr_20150623/120/njp.32101010943973/586.png"; bbox 0 0 1975 3071; ppageno 0'>
   <div class='ocr_carea' id='block_1_1' title="bbox 87 149 1775 192">
    <p class='ocr_par' dir='ltr' id='par_1_1' title="bbox 87 149 1775 192">
     <span class='ocr_line' id='line_1_1' title="bbox 87 149 1775 192; baseline 0.001 -4"><span class='ocrx_word' id='word_1_1' title='bbox 87 155 150 188; x_wconf 86' lang='lat'><strong>933</strong></span> <span class='ocrx_word' id='word_1_2' title='bbox 574 159 819 192; x_wconf 81' lang='lat' dir='ltr'><strong>PHYSICORUM</strong></span> <span class='ocrx_word' id='word_1_3' title='bbox 842 155 1012 191; x_wconf 81' lang='lat' dir='ltr'><strong>CAPITL’M</strong></span> <span class='ocrx_word' id='word_1_4' title='bbox 1035 159 1230 191; x_wconf 86' lang='lat' dir='ltr'><strong>CENTURIA</strong></span> <span class='ocrx_word' id='word_1_5' title='bbox 1253 156 1279 190; x_wconf 84' lang='lat'><strong>11</strong></span> <span class='ocrx_word' id='word_1_6' title='bbox 1717 149 1775 182; x_wconf 73' lang='lat'><strong>934</strong></span> 
     </span>
    </p>
   </div>
   <div class='ocr_carea' id='block_1_2' title="bbox 85 220 895 264">
    <p class='ocr_par' dir='ltr' id='par_1_2' title="bbox 85 223 895 264">
     <span class='ocr_line' id='line_1_2' title="bbox 85 223 895 264; baseline 0.005 -14"><span class='ocrx_word' id='word_1_7' title='bbox 85 223 138 256; x_wconf 77' lang='grc' dir='ltr'><strong>τὴν</strong></span> <span class='ocrx_word' id='word_1_8' title='bbox 168 224 297 264; x_wconf 88' lang='grc' dir='ltr'>ἁμαρτίαν</span> <span class='ocrx_word' id='word_1_9' title='bbox 326 226 524 264; x_wconf 76' lang='grc' dir='ltr'><strong>ἀπονιψάμενος</strong></span> <span class='ocrx_word' id='word_1_10' title='bbox 556 225 598 254; x_wconf 75' lang='grc' dir='ltr'><strong>διὰ</strong></span> <span class='ocrx_word' id='word_1_11' title='bbox 627 226 779 264; x_wconf 71' lang='grc' dir='ltr'><strong>μετανοίας,</strong></span> <span class='ocrx_word' id='word_1_12' title='bbox 811 227 853 254; x_wconf 81' lang='grc' dir='ltr'>καὶ</span> <span class='ocrx_word' id='word_1_13' title='bbox 881 238 895 254; x_wconf 86' lang='grc' dir='ltr'><strong>τ</strong></span> 
     </span>
    </p>
   </div>
   <div class='ocr_carea' id='block_1_3' title="bbox 950 220 1774 264">
    <p class='ocr_par' dir='ltr' id='par_1_3' title="bbox 956 220 1774 263">
     <span class='ocr_line' id='line_1_3' title="bbox 956 220 1774 263; baseline -0.007 -7"><span class='ocrx_word' id='word_1_14' title='bbox 956 238 968 252; x_wconf 85' lang='lat'><strong>«</strong></span> <span class='ocrx_word' id='word_1_15' title='bbox 1000 225 1075 256; x_wconf 82' lang='lat' dir='ltr'><strong>Ecce</strong></span> <span class='ocrx_word' id='word_1_16' title='bbox 1100 224 1178 256; x_wconf 82' lang='lat' dir='ltr'><strong>labia</strong></span> <span class='ocrx_word' id='word_1_17' title='bbox 1202 233 1267 255; x_wconf 86' lang='lat' dir='ltr'><strong>mea</strong></span> <span class='ocrx_word' id='word_1_18' title='bbox 1293 233 1351 254; x_wconf 92' lang='lat' dir='ltr'><strong>non</strong></span> <span class='ocrx_word' id='word_1_19' title='bbox 1377 221 1564 263; x_wconf 87' lang='lat' dir='ltr'><strong>prohibebo:</strong></span> <span class='ocrx_word' id='word_1_20' title='bbox 1583 220 1717 254; x_wconf 70' lang='lat' dir='ltr'><strong>Domine,</strong></span> <span class='ocrx_word' id='word_1_21' title='bbox 1743 224 1774 251; x_wconf 93' lang='lat' dir='ltr'><strong>tu</strong></span> 
     </span>
    </p>
   </div>
   <div class='ocr_carea' id='block_1_4' title="bbox 85 266 895 310">
    <p class='ocr_par' dir='ltr' id='par_1_4' title="bbox 85 269 893 310">
     <span class='ocr_line' id='line_1_4' title="bbox 85 269 893 310; baseline 0.005 -15"><span class='ocrx_word' id='word_1_22' title='bbox 85 271 252 308; x_wconf 68' lang='grc' dir='ltr'><strong>προφητικὸν</strong></span> <span class='ocrx_word' id='word_1_23' title='bbox 289 269 368 298; x_wconf 74' lang='grc' dir='ltr'>πάλιν</span> <span class='ocrx_word' id='word_1_24' title='bbox 405 269 548 298; x_wconf 73' lang='grc' dir='ltr'>ἀπολαϐὼν</span> <span class='ocrx_word' id='word_1_25' title='bbox 582 271 713 310; x_wconf 83' lang='grc' dir='ltr'>χάρισμα,</span> <span class='ocrx_word' id='word_1_26' title='bbox 751 271 840 310; x_wconf 79' lang='grc' dir='ltr'>ὥσπερ</span> <span class='ocrx_word' id='word_1_27' title='bbox 873 282 893 308; x_wconf 83' lang='grc' dir='ltr'><strong>μ</strong></span> 
     </span>
    </p>
   </div>
   <div class='ocr_carea' id='block_1_5' title="bbox 950 266 1771 310">
    <p class='ocr_par' dir='ltr' id='par_1_5' title="bbox 953 266 1771 310">
     <span class='ocr_line' id='line_1_5' title="bbox 953 266 1771 310; baseline -0.005 -10"><span class='ocrx_word' id='word_1_28' title='bbox 953 270 1202 310; x_wconf 82' lang='lat' dir='ltr'><strong>scisti.justitiam</strong></span> <span class='ocrx_word' id='word_1_29' title='bbox 1220 273 1299 300; x_wconf 78' lang='lat' dir='ltr'><strong>tuam</strong></span> <span class='ocrx_word' id='word_1_30' title='bbox 1316 277 1375 299; x_wconf 90' lang='lat' dir='ltr'><strong>non</strong></span> <span class='ocrx_word' id='word_1_31' title='bbox 1390 267 1532 298; x_wconf 86' lang='lat' dir='ltr'><strong>abscondi</strong></span> <span class='ocrx_word' id='word_1_32' title='bbox 1549 268 1578 298; x_wconf 94' lang='lat' dir='ltr'><strong>in</strong></span> <span class='ocrx_word' id='word_1_33' title='bbox 1594 266 1682 298; x_wconf 86' lang='lat' dir='ltr'><strong>corde</strong></span> <span class='ocrx_word' id='word_1_34' title='bbox 1694 275 1771 303; x_wconf 79' lang='lat' dir='ltr'><strong>meo,</strong></span> 
     </span>
    </p>
   </div>
   <div class='ocr_carea' id='block_1_6' title="bbox 84 310 895 354">
    <p class='ocr_par' dir='ltr' id='par_1_6' title="bbox 84 311 895 354">
     <span class='ocr_line' id='line_1_6' title="bbox 84 311 895 354; baseline 0.004 -15"><span class='ocrx_word' id='word_1_35' title='bbox 84 311 230 350; x_wconf 72' lang='grc' dir='ltr'>δυνάμενος</span> <span class='ocrx_word' id='word_1_36' title='bbox 271 314 320 347; x_wconf 72' lang='grc' dir='ltr'><strong>τὴν</strong></span> <span class='ocrx_word' id='word_1_37' title='bbox 360 314 507 353; x_wconf 67' lang='grc' dir='ltr'>εὖεργεσίαν</span> <span class='ocrx_word' id='word_1_38' title='bbox 550 315 685 354; x_wconf 80' lang='grc' dir='ltr'><strong>κρύπτειν,</strong></span> <span class='ocrx_word' id='word_1_39' title='bbox 729 314 803 353; x_wconf 71' lang='grc' dir='ltr'>ἔλεγε</span> <span class='ocrx_word' id='word_1_40' title='bbox 845 315 895 354; x_wconf 79' lang='grc' dir='ltr'>πρὸ</span> 
     </span>
    </p>
   </div>
   <div class='ocr_carea' id='block_1_7' title="bbox 950 310 1772 354">
    <p class='ocr_par' dir='ltr' id='par_1_7' title="bbox 953 310 1772 344">
     <span class='ocr_line' id='line_1_7' title="bbox 953 310 1772 344; baseline -0.004 0"><span class='ocrx_word' id='word_1_41' title='bbox 953 314 1108 344; x_wconf 81' lang='lat' dir='ltr'><strong>veritatem</strong></span> <span class='ocrx_word' id='word_1_42' title='bbox 1126 318 1203 344; x_wconf 88' lang='lat' dir='ltr'><strong>tuam</strong></span> <span class='ocrx_word' id='word_1_43' title='bbox 1221 318 1251 344; x_wconf 92' lang='lat' dir='ltr'><strong>et</strong></span> <span class='ocrx_word' id='word_1_44' title='bbox 1265 313 1392 343; x_wconf 88' lang='lat' dir='ltr'><strong>salutare</strong></span> <span class='ocrx_word' id='word_1_45' title='bbox 1417 316 1499 343; x_wconf 92' lang='lat' dir='ltr'><strong>tuum</strong></span> <span class='ocrx_word' id='word_1_46' title='bbox 1525 312 1597 343; x_wconf 83' lang='lat' dir='ltr'><strong>dixi.</strong></span> <span class='ocrx_word' id='word_1_47' title='bbox 1614 312 1679 342; x_wconf 89' lang='lat' dir='ltr'><strong>Non</strong></span> <span class='ocrx_word' id='word_1_48' title='bbox 1701 310 1772 341; x_wconf 89' lang='lat' dir='ltr'><strong>abs-</strong></span> 
     </span>
    </p>
   </div>
   <div class='ocr_carea' id='block_1_8' title="bbox 85 357 909 398">
    <p class='ocr_par' dir='ltr' id='par_1_8' title="bbox 85 357 909 398">
     <span class='ocr_line' id='line_1_8' title="bbox 85 357 909 398; baseline 0.005 -15"><span class='ocrx_word' id='word_1_49' title='bbox 85 357 153 384; x_wconf 87' lang='grc' dir='ltr'>Θεόν</span> <span class='ocrx_word' id='word_1_50' title='bbox 171 366 178 372; x_wconf 87' lang='lat'><strong>&#39;</strong></span> <span class='ocrx_word' id='word_1_51' title='bbox 206 369 219 384; x_wconf 76' lang='grc' dir='ltr'><strong>α</strong></span> <span class='ocrx_word' id='word_1_52' title='bbox 248 357 312 387; x_wconf 73' lang='grc' dir='ltr'>Ἰδοὺ</span> <span class='ocrx_word' id='word_1_53' title='bbox 335 359 367 386; x_wconf 78' lang='grc' dir='ltr'><strong>τὰ</strong></span> <span class='ocrx_word' id='word_1_54' title='bbox 388 358 468 398; x_wconf 82' lang='grc' dir='ltr'>χείλη</span> <span class='ocrx_word' id='word_1_55' title='bbox 494 370 544 396; x_wconf 81' lang='grc' dir='ltr'><strong>μου</strong></span> <span class='ocrx_word' id='word_1_56' title='bbox 566 359 594 387; x_wconf 70' lang='grc' dir='ltr'>οὗ</span> <span class='ocrx_word' id='word_1_57' title='bbox 609 360 648 397; x_wconf 74' lang='grc' dir='ltr'><strong>μὴ</strong></span> <span class='ocrx_word' id='word_1_58' title='bbox 662 359 774 387; x_wconf 86' lang='grc' dir='ltr'>κωλύσω</span> <span class='ocrx_word' id='word_1_59' title='bbox 791 369 798 377; x_wconf 88' lang='grc'><strong>·</strong></span> <span class='ocrx_word' id='word_1_60' title='bbox 821 359 909 398; x_wconf 84' lang='grc' dir='ltr'>Κύριε,</span> 
     </span>
    </p>
   </div>
   <div class='ocr_carea' id='block_1_9' title="bbox 84 401 911 443">
    <p class='ocr_par' dir='ltr' id='par_1_9' title="bbox 84 401 911 443">
     <span class='ocr_line' id='line_1_9' title="bbox 84 401 911 443; baseline 0.002 -14"><span class='ocrx_word' id='word_1_61' title='bbox 84 401 118 429; x_wconf 77' lang='grc' dir='ltr'>σὺ</span> <span class='ocrx_word' id='word_1_62' title='bbox 149 401 231 439; x_wconf 73' lang='grc' dir='ltr'>ἔγνως</span> <span class='ocrx_word' id='word_1_63' title='bbox 250 412 257 419; x_wconf 92' lang='grc'><strong>·</strong></span> <span class='ocrx_word' id='word_1_64' title='bbox 288 403 337 436; x_wconf 73' lang='grc' dir='ltr'><strong>τὴν</strong></span> <span class='ocrx_word' id='word_1_65' title='bbox 366 402 533 437; x_wconf 72' lang='grc' dir='ltr'>δικαιοσύνην</span> <span class='ocrx_word' id='word_1_66' title='bbox 562 415 608 432; x_wconf 84' lang='grc' dir='ltr'><strong>σου</strong></span> <span class='ocrx_word' id='word_1_67' title='bbox 629 404 676 432; x_wconf 69' lang='grc' dir='ltr'>οὒκ</span> <span class='ocrx_word' id='word_1_68' title='bbox 698 403 797 443; x_wconf 75' lang='grc' dir='ltr'>ἔκρυψα</span> <span class='ocrx_word' id='word_1_69' title='bbox 823 404 850 431; x_wconf 77' lang='grc' dir='ltr'>ἐν</span> <span class='ocrx_word' id='word_1_70' title='bbox 878 407 911 441; x_wconf 79' lang='grc' dir='ltr'><strong>τῇ</strong></span> 
     </span>
    </p>
   </div>
   <div class='ocr_carea' id='block_1_10' title="bbox 83 445 910 488">
    <p class='ocr_par' dir='ltr' id='par_1_10' title="bbox 83 445 910 488">
     <span class='ocr_line' id='line_1_10' title="bbox 83 445 910 488; baseline 0.004 -14"><span class='ocrx_word' id='word_1_71' title='bbox 83 445 178 485; x_wconf 76' lang='grc' dir='ltr'>καρδίᾳ</span> <span class='ocrx_word' id='word_1_72' title='bbox 200 459 250 485; x_wconf 83' lang='grc' dir='ltr'><strong>μου</strong></span> <span class='ocrx_word' id='word_1_73' title='bbox 268 456 274 463; x_wconf 94' lang='grc'><strong>·</strong></span> <span class='ocrx_word' id='word_1_74' title='bbox 306 449 354 482; x_wconf 75' lang='grc' dir='ltr'>τὴν</span> <span class='ocrx_word' id='word_1_75' title='bbox 382 448 505 483; x_wconf 71' lang='grc' dir='ltr'>ἀλήθειάν</span> <span class='ocrx_word' id='word_1_76' title='bbox 535 460 580 477; x_wconf 77' lang='grc' dir='ltr'><strong>σου</strong></span> <span class='ocrx_word' id='word_1_77' title='bbox 605 450 648 477; x_wconf 85' lang='grc' dir='ltr'><strong>καὶ</strong></span> <span class='ocrx_word' id='word_1_78' title='bbox 673 450 703 477; x_wconf 75' lang='grc' dir='ltr'>τὸ</span> <span class='ocrx_word' id='word_1_79' title='bbox 718 449 848 488; x_wconf 77' lang='grc' dir='ltr'>σωτήριόν</span> <span class='ocrx_word' id='word_1_80' title='bbox 864 460 910 478; x_wconf 88' lang='grc' dir='ltr'><strong>σου</strong></span> 
     </span>
    </p>
   </div>
   <div class='ocr_carea' id='block_1_11' title="bbox 84 491 910 531">
    <p class='ocr_par' dir='ltr' id='par_1_11' title="bbox 84 491 910 531">
     <span class='ocr_line' id='line_1_11' title="bbox 100 491 899 513; baseline 0.003 -11"><span class='ocrx_word' id='word_1_81' title='bbox 100 491 114 502; x_wconf 77' lang='lat' dir='ltr'><strong>&#39;I&#39;</strong></span> <span class='ocrx_word' id='word_1_82' title='bbox 227 493 234 502; x_wconf 69' lang='grc' dir='ltr'><em>Ὶ</em></span> <span class='ocrx_word' id='word_1_83' title='bbox 281 493 292 503; x_wconf 78' lang='grc' dir='ltr'>ν</span> <span class='ocrx_word' id='word_1_84' title='bbox 347 496 352 513; x_wconf 65' lang='lat' dir='ltr'><strong>q</strong></span> <span class='ocrx_word' id='word_1_85' title='bbox 420 494 426 502; x_wconf 93' lang='lat'><strong><em>\</em></strong></span> <span class='ocrx_word' id='word_1_86' title='bbox 456 493 466 502; x_wconf 73' lang='lat' dir='ltr'><strong>l1</strong></span> <span class='ocrx_word' id='word_1_87' title='bbox 507 493 512 503; x_wconf 85' lang='grc' dir='ltr'><strong><em>Ι</em></strong></span> <span class='ocrx_word' id='word_1_88' title='bbox 637 495 644 503; x_wconf 86' lang='lat'><strong><em>\</em></strong></span> <span class='ocrx_word' id='word_1_89' title='bbox 661 495 687 510; x_wconf 73' lang='lat' dir='ltr'><strong>_l</strong></span> <span class='ocrx_word' id='word_1_90' title='bbox 729 494 735 502; x_wconf 60' lang='grc' dir='ltr'>Ἰ</span> <span class='ocrx_word' id='word_1_91' title='bbox 826 494 831 503; x_wconf 93' lang='grc' dir='ltr'><strong><em>Ι</em></strong></span> <span class='ocrx_word' id='word_1_92' title='bbox 895 505 899 510; x_wconf 60' lang='grc'><strong>1</strong></span> 
     </span>
     <span class='ocr_line' id='line_1_12' title="bbox 84 493 910 531; baseline 0.004 -13"><span class='ocrx_word' id='word_1_93' title='bbox 84 501 156 519; x_wconf 84' lang='grc' dir='ltr'>ειπα</span> <span class='ocrx_word' id='word_1_94' title='bbox 173 501 180 510; x_wconf 95' lang='grc'><strong>·</strong></span> <span class='ocrx_word' id='word_1_95' title='bbox 209 504 256 520; x_wconf 76' lang='grc' dir='ltr'><strong>ουκ</strong></span> <span class='ocrx_word' id='word_1_96' title='bbox 281 504 379 531; x_wconf 67' lang='grc' dir='ltr'>εκρυψα</span> <span class='ocrx_word' id='word_1_97' title='bbox 402 505 432 522; x_wconf 86' lang='grc' dir='ltr'><strong>το</strong></span> <span class='ocrx_word' id='word_1_98' title='bbox 456 493 527 525; x_wconf 79' lang='grc' dir='ltr'>ελεος</span> <span class='ocrx_word' id='word_1_99' title='bbox 543 505 588 522; x_wconf 75' lang='grc' dir='ltr'><strong>σου</strong></span> <span class='ocrx_word' id='word_1_100' title='bbox 603 505 646 522; x_wconf 85' lang='grc' dir='ltr'><strong>και</strong></span> <span class='ocrx_word' id='word_1_101' title='bbox 667 505 710 527; x_wconf 67' lang='grc' dir='ltr'>,ην</span> <span class='ocrx_word' id='word_1_102' title='bbox 725 493 848 529; x_wconf 76' lang='grc' dir='ltr'>αλήθειαν</span> <span class='ocrx_word' id='word_1_103' title='bbox 864 504 910 521; x_wconf 65' lang='grc' dir='ltr'>σο)</span> 
     </span>
    </p>
   </div>
   <div class='ocr_carea' id='block_1_12' title="bbox 85 535 474 576">
    <p class='ocr_par' dir='ltr' id='par_1_12' title="bbox 85 535 474 576">
     <span class='ocr_line' id='line_1_13' title="bbox 85 535 474 576; baseline 0.01 -14"><span class='ocrx_word' id='word_1_104' title='bbox 85 535 141 563; x_wconf 78' lang='grc' dir='ltr'>ἀπὸ</span> <span class='ocrx_word' id='word_1_105' title='bbox 155 540 313 576; x_wconf 72' lang='grc' dir='ltr'><strong>συναγωγῆς</strong></span> <span class='ocrx_word' id='word_1_106' title='bbox 327 537 440 571; x_wconf 70' lang='grc' dir='ltr'>πολλῆς.</span> <span class='ocrx_word' id='word_1_107' title='bbox 461 550 474 566; x_wconf 73' lang='grc' dir='ltr'><strong>υ</strong></span> 
     </span>
    </p>
   </div>
   <div class='ocr_carea' id='block_1_13' title="bbox 129 576 909 622">
    <p class='ocr_par' dir='ltr' id='par_1_13' title="bbox 129 576 909 622">
     <span class='ocr_line' id='line_1_14' title="bbox 129 576 909 622; baseline -0.003 -11"><span class='ocrx_word' id='word_1_108' title='bbox 129 576 176 616; x_wconf 76' lang='grc' dir='ltr'><strong>ξζ’.</strong></span> <span class='ocrx_word' id='word_1_109' title='bbox 195 585 261 614; x_wconf 78' lang='grc' dir='ltr'>Νοῦς</span> <span class='ocrx_word' id='word_1_110' title='bbox 277 583 348 614; x_wconf 82' lang='grc' dir='ltr'>ἰλύος</span> <span class='ocrx_word' id='word_1_111' title='bbox 374 583 464 616; x_wconf 75' lang='grc' dir='ltr'>πάσης</span> <span class='ocrx_word' id='word_1_112' title='bbox 485 583 662 622; x_wconf 80' lang='grc' dir='ltr'>ἐκκαθαρθεὶς,</span> <span class='ocrx_word' id='word_1_113' title='bbox 693 583 799 622; x_wconf 67' lang='grc' dir='ltr'>οὐρανὸς</span> <span class='ocrx_word' id='word_1_114' title='bbox 828 582 909 610; x_wconf 82' lang='grc' dir='ltr'>κατά-</span> 
     </span>
    </p>
   </div>
   <div class='ocr_carea' id='block_1_14' title="bbox 85 626 907 667">
    <p class='ocr_par' dir='ltr' id='par_1_14' title="bbox 85 626 907 667">
     <span class='ocr_line' id='line_1_15' title="bbox 85 626 907 667; baseline 0.002 -15"><span class='ocrx_word' id='word_1_115' title='bbox 85 636 179 664; x_wconf 84' lang='grc' dir='ltr'>στερος</span> <span class='ocrx_word' id='word_1_116' title='bbox 206 626 232 654; x_wconf 75' lang='grc' dir='ltr'>ἐν</span> <span class='ocrx_word' id='word_1_117' title='bbox 260 626 395 666; x_wconf 69' lang='grc' dir='ltr'>λαμπροῖς</span> <span class='ocrx_word' id='word_1_118' title='bbox 417 628 461 667; x_wconf 51' lang='lat' dir='ltr'><strong>zu}.</strong></span> <span class='ocrx_word' id='word_1_119' title='bbox 489 628 691 667; x_wconf 70' lang='grc' dir='ltr'>φωτεινοτάτνις</span> <span class='ocrx_word' id='word_1_120' title='bbox 720 627 834 664; x_wconf 87' lang='grc' dir='ltr'>νόημασι</span> <span class='ocrx_word' id='word_1_121' title='bbox 863 627 907 665; x_wconf 79' lang='grc' dir='ltr'>γί-</span> 
     </span>
    </p>
   </div>
   <div class='ocr_carea' id='block_1_15' title="bbox 85 664 907 711">
    <p class='ocr_par' dir='ltr' id='par_1_15' title="bbox 85 664 907 711">
     <span class='ocr_line' id='line_1_16' title="bbox 85 664 907 711; baseline 0.001 -14"><span class='ocrx_word' id='word_1_122' title='bbox 85 681 159 698; x_wconf 82' lang='grc' dir='ltr'>νεται</span> <span class='ocrx_word' id='word_1_123' title='bbox 187 674 221 709; x_wconf 78' lang='grc' dir='ltr'>τῇ</span> <span class='ocrx_word' id='word_1_124' title='bbox 251 673 338 711; x_wconf 82' lang='grc' dir='ltr'>ψυχῇ,</span> <span class='ocrx_word' id='word_1_125' title='bbox 366 673 412 700; x_wconf 80' lang='grc' dir='ltr'><strong>τὸν</strong></span> <span class='ocrx_word' id='word_1_126' title='bbox 443 664 532 700; x_wconf 41' lang='grc' dir='ltr'>’,Ηλιον</span> <span class='ocrx_word' id='word_1_127' title='bbox 560 674 609 705; x_wconf 74' lang='grc' dir='ltr'>τῆς</span> <span class='ocrx_word' id='word_1_128' title='bbox 639 671 806 704; x_wconf 74' lang='grc' dir='ltr'><strong>δικαιοσύνης</strong></span> <span class='ocrx_word' id='word_1_129' title='bbox 836 670 907 710; x_wconf 76' lang='grc' dir='ltr'>ἔχων</span> 
     </span>
    </p>
   </div>
   <div class='ocr_carea' id='block_1_16' title="bbox 83 713 907 756">
    <p class='ocr_par' dir='ltr' id='par_1_16' title="bbox 83 713 907 756">
     <span class='ocr_line' id='line_1_17' title="bbox 83 713 907 756; baseline 0 -14"><span class='ocrx_word' id='word_1_130' title='bbox 83 713 226 752; x_wconf 79' lang='grc' dir='ltr'>λάμποντα</span> <span class='ocrx_word' id='word_1_131' title='bbox 252 715 278 743; x_wconf 77' lang='grc' dir='ltr'>ἐν</span> <span class='ocrx_word' id='word_1_132' title='bbox 318 717 414 753; x_wconf 74' lang='grc' dir='ltr'>ἑαυτῷ,</span> <span class='ocrx_word' id='word_1_133' title='bbox 449 717 493 744; x_wconf 84' lang='grc' dir='ltr'><strong>καὶ</strong></span> <span class='ocrx_word' id='word_1_134' title='bbox 517 715 626 756; x_wconf 69' lang='grc' dir='ltr'>φαιδρᾶς</span> <span class='ocrx_word' id='word_1_135' title='bbox 651 717 698 747; x_wconf 77' lang='grc' dir='ltr'><strong>τας</strong></span> <span class='ocrx_word' id='word_1_136' title='bbox 727 715 836 746; x_wconf 75' lang='grc' dir='ltr'>ἀκτῖνας</span> <span class='ocrx_word' id='word_1_137' title='bbox 858 717 907 748; x_wconf 73' lang='grc' dir='ltr'>τῆς</span> 
     </span>
    </p>
   </div>
   <div class='ocr_carea' id='block_1_17' title="bbox 82 758 907 799">
    <p class='ocr_par' dir='ltr' id='par_1_17' title="bbox 82 758 907 799">
     <span class='ocr_line' id='line_1_18' title="bbox 82 758 907 799; baseline 0 -13"><span class='ocrx_word' id='word_1_138' title='bbox 82 758 221 798; x_wconf 86' lang='grc' dir='ltr'>θεολογίας</span> <span class='ocrx_word' id='word_1_139' title='bbox 248 761 284 791; x_wconf 78' lang='grc' dir='ltr'>εἷς</span> <span class='ocrx_word' id='word_1_140' title='bbox 310 762 356 788; x_wconf 84' lang='grc' dir='ltr'><strong>τὸν</strong></span> <span class='ocrx_word' id='word_1_141' title='bbox 386 761 486 798; x_wconf 78' lang='grc' dir='ltr'>κόσμον</span> <span class='ocrx_word' id='word_1_142' title='bbox 514 761 682 798; x_wconf 73' lang='grc' dir='ltr'><strong>ἐκπέμποντα</strong></span> <span class='ocrx_word' id='word_1_143' title='bbox 699 768 705 776; x_wconf 83' lang='lat'><strong>‘</strong></span> <span class='ocrx_word' id='word_1_144' title='bbox 736 761 750 788; x_wconf 81' lang='grc' dir='ltr'>ὁ</span> <span class='ocrx_word' id='word_1_145' title='bbox 778 759 858 799; x_wconf 81' lang='grc' dir='ltr'>λόγος</span> <span class='ocrx_word' id='word_1_146' title='bbox 880 758 907 786; x_wconf 70' lang='grc' dir='ltr'><strong>δὲ</strong></span> 
     </span>
    </p>
   </div>
   <div class='ocr_carea' id='block_1_18' title="bbox 82 803 906 844">
    <p class='ocr_par' dir='ltr' id='par_1_18' title="bbox 82 803 906 844">
     <span class='ocr_line' id='line_1_19' title="bbox 82 803 906 844; baseline 0 -13"><span class='ocrx_word' id='word_1_147' title='bbox 82 804 171 841; x_wconf 85' lang='grc' dir='ltr'>τούτῷ</span> <span class='ocrx_word' id='word_1_148' title='bbox 187 805 300 844; x_wconf 81' lang='grc' dir='ltr'>καθαρὸς</span> <span class='ocrx_word' id='word_1_149' title='bbox 329 805 469 843; x_wconf 82' lang='grc' dir='ltr'>γενόμενος</span> <span class='ocrx_word' id='word_1_150' title='bbox 498 804 523 838; x_wconf 77' lang='grc' dir='ltr'>ἐξ</span> <span class='ocrx_word' id='word_1_151' title='bbox 552 805 664 833; x_wconf 77' lang='grc' dir='ltr'>ἀϐύσσου</span> <span class='ocrx_word' id='word_1_152' title='bbox 693 805 799 844; x_wconf 73' lang='grc' dir='ltr'>σοφίας,</span> <span class='ocrx_word' id='word_1_153' title='bbox 822 803 906 835; x_wconf 82' lang='grc' dir='ltr'>ἁπλᾶς</span> 
     </span>
    </p>
   </div>
   <div class='ocr_carea' id='block_1_19' title="bbox 952 357 1773 395">
    <p class='ocr_par' dir='ltr' id='par_1_19' title="bbox 952 357 1773 395">
     <span class='ocr_line' id='line_1_20' title="bbox 952 357 1773 395; baseline -0.005 -6"><span class='ocrx_word' id='word_1_154' title='bbox 952 358 1039 389; x_wconf 85' lang='lat' dir='ltr'><strong>condi</strong></span> <span class='ocrx_word' id='word_1_155' title='bbox 1065 357 1301 389; x_wconf 87' lang='lat' dir='ltr'><strong>misericordiam</strong></span> <span class='ocrx_word' id='word_1_156' title='bbox 1323 361 1413 395; x_wconf 88' lang='lat' dir='ltr'><strong>tuam,</strong></span> <span class='ocrx_word' id='word_1_157' title='bbox 1430 361 1458 388; x_wconf 88' lang='lat' dir='ltr'><strong>et</strong></span> <span class='ocrx_word' id='word_1_158' title='bbox 1484 357 1635 387; x_wconf 71' lang='lat' dir='ltr'><strong>veritatem</strong></span> <span class='ocrx_word' id='word_1_159' title='bbox 1662 360 1740 386; x_wconf 85' lang='lat' dir='ltr'><strong>luam</strong></span> <span class='ocrx_word' id='word_1_160' title='bbox 1756 364 1773 385; x_wconf 72' lang='grc' dir='ltr'><strong>ε</strong></span> 
     </span>
    </p>
   </div>
   <div class='ocr_carea' id='block_1_20' title="bbox 952 401 1273 434">
    <p class='ocr_par' dir='ltr' id='par_1_20' title="bbox 952 401 1273 434">
     <span class='ocr_line' id='line_1_21' title="bbox 952 401 1273 434; baseline 0.003 -1"><span class='ocrx_word' id='word_1_161' title='bbox 952 402 1078 434; x_wconf 91' lang='lat' dir='ltr'><strong>concilio</strong></span> <span class='ocrx_word' id='word_1_162' title='bbox 1093 402 1182 433; x_wconf 94' lang='lat' dir='ltr'><strong>multo</strong></span> <span class='ocrx_word' id='word_1_163' title='bbox 1198 401 1241 434; x_wconf 78' lang='grc'><strong>64.</strong></span> <span class='ocrx_word' id='word_1_164' title='bbox 1259 414 1273 430; x_wconf 71' lang='grc' dir='ltr'><strong>ι</strong></span> 
     </span>
    </p>
   </div>
   <div class='ocr_carea' id='block_1_21' title="bbox 991 579 1770 618">
    <p class='ocr_par' dir='ltr' id='par_1_21' title="bbox 991 579 1770 618">
     <span class='ocr_line' id='line_1_22' title="bbox 991 579 1770 618; baseline 0.001 -8"><span class='ocrx_word' id='word_1_165' title='bbox 991 581 1041 611; x_wconf 85' lang='grc'><strong>67.</strong></span> <span class='ocrx_word' id='word_1_166' title='bbox 1059 580 1182 612; x_wconf 86' lang='lat' dir='ltr'><strong>Animus</strong></span> <span class='ocrx_word' id='word_1_167' title='bbox 1197 579 1232 611; x_wconf 87' lang='lat' dir='ltr'><strong>ab</strong></span> <span class='ocrx_word' id='word_1_168' title='bbox 1249 580 1330 611; x_wconf 92' lang='lat' dir='ltr'><strong>omni</strong></span> <span class='ocrx_word' id='word_1_169' title='bbox 1347 581 1460 612; x_wconf 86' lang='lat' dir='ltr'><strong>maculn</strong></span> <span class='ocrx_word' id='word_1_170' title='bbox 1479 581 1646 618; x_wconf 81' lang='lat' dir='ltr'><strong>mundatus,</strong></span> <span class='ocrx_word' id='word_1_171' title='bbox 1660 581 1770 612; x_wconf 61' lang='lat' dir='ltr'><strong>calum</strong></span> 
     </span>
    </p>
   </div>
   <div class='ocr_carea' id='block_1_22' title="bbox 949 624 1771 665">
    <p class='ocr_par' dir='ltr' id='par_1_22' title="bbox 949 624 1771 665">
     <span class='ocr_line' id='line_1_23' title="bbox 949 624 1771 665; baseline 0.001 -11"><span class='ocrx_word' id='word_1_172' title='bbox 949 625 1097 656; x_wconf 75' lang='lat' dir='ltr'><strong>stellatum</strong></span> <span class='ocrx_word' id='word_1_173' title='bbox 1111 624 1141 654; x_wconf 92' lang='lat' dir='ltr'><strong>in</strong></span> <span class='ocrx_word' id='word_1_174' title='bbox 1156 624 1276 664; x_wconf 82' lang='lat' dir='ltr'><strong>fulgidis</strong></span> <span class='ocrx_word' id='word_1_175' title='bbox 1292 630 1320 656; x_wconf 89' lang='lat' dir='ltr'><strong>et</strong></span> <span class='ocrx_word' id='word_1_176' title='bbox 1336 625 1528 656; x_wconf 90' lang='lat' dir='ltr'><strong>lucidissimis</strong></span> <span class='ocrx_word' id='word_1_177' title='bbox 1543 625 1771 665; x_wconf 83' lang='lat' dir='ltr'><strong>cogitationibus</strong></span> 
     </span>
    </p>
   </div>
   <div class='ocr_carea' id='block_1_23' title="bbox 949 669 1770 710">
    <p class='ocr_par' dir='ltr' id='par_1_23' title="bbox 949 669 1770 710">
     <span class='ocr_line' id='line_1_24' title="bbox 949 669 1770 710; baseline 0.001 -11"><span class='ocrx_word' id='word_1_178' title='bbox 949 669 980 699; x_wconf 85' lang='lat' dir='ltr'><strong>ﬁt</strong></span> <span class='ocrx_word' id='word_1_179' title='bbox 1000 669 1115 699; x_wconf 79' lang='lat' dir='ltr'><strong>animae.</strong></span> <span class='ocrx_word' id='word_1_180' title='bbox 1131 669 1229 699; x_wconf 88' lang='lat' dir='ltr'><strong>Solem</strong></span> <span class='ocrx_word' id='word_1_181' title='bbox 1246 669 1367 709; x_wconf 82' lang='lat' dir='ltr'><strong>justitiae</strong></span> <span class='ocrx_word' id='word_1_182' title='bbox 1380 669 1410 700; x_wconf 89' lang='lat' dir='ltr'><strong>in</strong></span> <span class='ocrx_word' id='word_1_183' title='bbox 1425 670 1523 710; x_wconf 87' lang='lat' dir='ltr'><strong>seipso</strong></span> <span class='ocrx_word' id='word_1_184' title='bbox 1545 670 1657 701; x_wconf 84' lang='lat' dir='ltr'><strong>habens</strong></span> <span class='ocrx_word' id='word_1_185' title='bbox 1680 680 1770 701; x_wconf 88' lang='lat' dir='ltr'><strong>coru-</strong></span> 
     </span>
    </p>
   </div>
   <div class='ocr_carea' id='block_1_24' title="bbox 949 713 1770 755">
    <p class='ocr_par' dir='ltr' id='par_1_24' title="bbox 949 713 1770 755">
     <span class='ocr_line' id='line_1_25' title="bbox 949 713 1770 755; baseline 0.001 -11"><span class='ocrx_word' id='word_1_186' title='bbox 949 718 1081 744; x_wconf 83' lang='lat' dir='ltr'><strong>scantem</strong></span> <span class='ocrx_word' id='word_1_187' title='bbox 1098 713 1330 754; x_wconf 83' lang='lat' dir='ltr'><strong>splendidosque</strong></span> <span class='ocrx_word' id='word_1_188' title='bbox 1342 714 1634 755; x_wconf 72' lang='lat' dir='ltr'><strong>radiostheolngizein</strong></span> <span class='ocrx_word' id='word_1_189' title='bbox 1643 715 1770 746; x_wconf 88' lang='lat' dir='ltr'><strong>mundur</strong></span> 
     </span>
    </p>
   </div>
   <div class='ocr_carea' id='block_1_25' title="bbox 949 757 1769 799">
    <p class='ocr_par' dir='ltr' id='par_1_25' title="bbox 949 757 1769 799">
     <span class='ocr_line' id='line_1_26' title="bbox 949 757 1769 799; baseline 0.004 -12"><span class='ocrx_word' id='word_1_190' title='bbox 949 758 1141 788; x_wconf 85' lang='lat' dir='ltr'><strong>emittentem.</strong></span> <span class='ocrx_word' id='word_1_191' title='bbox 1161 757 1244 788; x_wconf 85' lang='lat' dir='ltr'><strong>Ratio</strong></span> <span class='ocrx_word' id='word_1_192' title='bbox 1256 762 1352 788; x_wconf 87' lang='lat' dir='ltr'><strong>autem</strong></span> <span class='ocrx_word' id='word_1_193' title='bbox 1370 758 1425 798; x_wconf 89' lang='lat' dir='ltr'><strong>ipsi</strong></span> <span class='ocrx_word' id='word_1_194' title='bbox 1441 758 1595 799; x_wconf 81' lang='lat' dir='ltr'><strong>puriﬁcata</strong></span> <span class='ocrx_word' id='word_1_195' title='bbox 1612 768 1666 797; x_wconf 73' lang='lat' dir='ltr'><strong>per</strong></span> <span class='ocrx_word' id='word_1_196' title='bbox 1681 759 1769 799; x_wconf 79' lang='lat' dir='ltr'><strong>abys-</strong></span> 
     </span>
    </p>
   </div>
   <div class='ocr_carea' id='block_1_26' title="bbox 949 801 1769 843">
    <p class='ocr_par' dir='ltr' id='par_1_26' title="bbox 949 801 1769 843">
     <span class='ocr_line' id='line_1_27' title="bbox 949 801 1769 843; baseline 0.004 -12"><span class='ocrx_word' id='word_1_197' title='bbox 949 810 1014 832; x_wconf 85' lang='lat' dir='ltr'><strong>sum</strong></span> <span class='ocrx_word' id='word_1_198' title='bbox 1031 801 1196 842; x_wconf 71' lang='lat' dir='ltr'><strong>sapientiae,</strong></span> <span class='ocrx_word' id='word_1_199' title='bbox 1213 802 1365 842; x_wconf 87' lang='lat' dir='ltr'><strong>simplices</strong></span> <span class='ocrx_word' id='word_1_200' title='bbox 1381 807 1410 833; x_wconf 89' lang='lat' dir='ltr'><strong>et</strong></span> <span class='ocrx_word' id='word_1_201' title='bbox 1424 812 1511 843; x_wconf 90' lang='lat' dir='ltr'><strong>puras</strong></span> <span class='ocrx_word' id='word_1_202' title='bbox 1527 803 1563 833; x_wconf 89' lang='lat' dir='ltr'><strong>ad</strong></span> <span class='ocrx_word' id='word_1_203' title='bbox 1579 803 1662 834; x_wconf 92' lang='lat' dir='ltr'><strong>illum</strong></span> <span class='ocrx_word' id='word_1_204' title='bbox 1678 804 1769 835; x_wconf 87' lang='lat' dir='ltr'><strong>addu-</strong></span> 
     </span>
    </p>
   </div>
   <div class='ocr_carea' id='block_1_27' title="bbox 81 846 895 889">
    <p class='ocr_par' dir='ltr' id='par_1_27' title="bbox 81 848 895 889">
     <span class='ocr_line' id='line_1_28' title="bbox 81 848 895 889; baseline 0 -13"><span class='ocrx_word' id='word_1_205' title='bbox 81 849 128 876; x_wconf 82' lang='grc' dir='ltr'><strong>καὶ</strong></span> <span class='ocrx_word' id='word_1_206' title='bbox 155 848 263 888; x_wconf 78' lang='grc' dir='ltr'>ἀμιγεῖς</span> <span class='ocrx_word' id='word_1_207' title='bbox 304 849 402 878; x_wconf 71' lang='grc' dir='ltr'>ἐκεῖθεν</span> <span class='ocrx_word' id='word_1_208' title='bbox 445 850 535 889; x_wconf 70' lang='grc' dir='ltr'>ἀνάγει</span> <span class='ocrx_word' id='word_1_209' title='bbox 575 850 639 889; x_wconf 81' lang='grc' dir='ltr'>πρὸς</span> <span class='ocrx_word' id='word_1_210' title='bbox 676 849 752 877; x_wconf 70' lang='grc' dir='ltr'>αὒτὸν</span> <span class='ocrx_word' id='word_1_211' title='bbox 780 849 826 880; x_wconf 69' lang='grc' dir='ltr'><strong>τὰς</strong></span> <span class='ocrx_word' id='word_1_212' title='bbox 854 849 895 876; x_wconf 70' lang='grc' dir='ltr'>τῶ</span> 
     </span>
    </p>
   </div>
   <div class='ocr_carea' id='block_1_28' title="bbox 950 846 1768 889">
    <p class='ocr_par' dir='ltr' id='par_1_28' title="bbox 950 846 1768 879">
     <span class='ocr_line' id='line_1_29' title="bbox 950 846 1768 879; baseline 0.004 -3"><span class='ocrx_word' id='word_1_213' title='bbox 950 846 989 876; x_wconf 87' lang='lat' dir='ltr'><strong>cit</strong></span> <span class='ocrx_word' id='word_1_214' title='bbox 1008 855 1145 877; x_wconf 91' lang='lat' dir='ltr'><strong>vererum</strong></span> <span class='ocrx_word' id='word_1_215' title='bbox 1168 846 1251 877; x_wconf 86' lang='lat' dir='ltr'><strong>ideas</strong></span> <span class='ocrx_word' id='word_1_216' title='bbox 1267 850 1296 877; x_wconf 92' lang='lat' dir='ltr'><strong>et</strong></span> <span class='ocrx_word' id='word_1_217' title='bbox 1311 847 1506 878; x_wconf 82' lang='lat' dir='ltr'><strong>revelationes</strong></span> <span class='ocrx_word' id='word_1_218' title='bbox 1529 847 1768 879; x_wconf 87' lang='lat' dir='ltr'><strong>absconditorum</strong></span> 
     </span>
    </p>
   </div>
   <div class='ocr_carea' id='block_1_29' title="bbox 82 894 904 932">
    <p class='ocr_par' dir='ltr' id='par_1_29' title="bbox 82 894 904 932">
     <span class='ocr_line' id='line_1_30' title="bbox 82 894 904 932; baseline 0 -11"><span class='ocrx_word' id='word_1_219' title='bbox 82 894 249 932; x_wconf 70' lang='grc' dir='ltr'>πραγμάτων</span> <span class='ocrx_word' id='word_1_220' title='bbox 265 894 347 930; x_wconf 74' lang='grc' dir='ltr'>ἰδέας,</span> <span class='ocrx_word' id='word_1_221' title='bbox 365 895 468 926; x_wconf 76' lang='grc' dir='ltr'>καὶτὰς</span> <span class='ocrx_word' id='word_1_222' title='bbox 497 894 679 932; x_wconf 72' lang='grc' dir='ltr'>ἀποκαλύψεις</span> <span class='ocrx_word' id='word_1_223' title='bbox 707 897 758 922; x_wconf 84' lang='grc' dir='ltr'>τῶν</span> <span class='ocrx_word' id='word_1_224' title='bbox 787 904 904 932; x_wconf 88' lang='grc' dir='ltr'>κεκρυμ-</span> 
     </span>
    </p>
   </div>
   <div class='ocr_carea' id='block_1_30' title="bbox 83 937 906 979">
    <p class='ocr_par' dir='ltr' id='par_1_30' title="bbox 83 937 906 979">
     <span class='ocr_line' id='line_1_31' title="bbox 83 937 906 979; baseline 0 -13"><span class='ocrx_word' id='word_1_225' title='bbox 83 937 172 975; x_wconf 79' lang='grc' dir='ltr'>μένων</span> <span class='ocrx_word' id='word_1_226' title='bbox 187 940 396 978; x_wconf 79' lang='grc' dir='ltr'>τετρανωμὲνας,</span> <span class='ocrx_word' id='word_1_227' title='bbox 413 941 448 972; x_wconf 83' lang='grc' dir='ltr'><strong>εἰς</strong></span> <span class='ocrx_word' id='word_1_228' title='bbox 464 941 494 969; x_wconf 75' lang='grc' dir='ltr'><strong>τὸ</strong></span> <span class='ocrx_word' id='word_1_229' title='bbox 523 939 616 968; x_wconf 65' lang='grc' dir='ltr'>εἰδέναι</span> <span class='ocrx_word' id='word_1_230' title='bbox 644 951 668 967; x_wconf 89' lang='grc' dir='ltr'><strong>τι</strong></span> <span class='ocrx_word' id='word_1_231' title='bbox 697 939 727 967; x_wconf 77' lang='grc' dir='ltr'>τὸ</span> <span class='ocrx_word' id='word_1_232' title='bbox 749 939 841 979; x_wconf 79' lang='grc' dir='ltr'>βάθος,</span> <span class='ocrx_word' id='word_1_233' title='bbox 862 939 906 966; x_wconf 80' lang='grc' dir='ltr'><strong>καὶ</strong></span> 
     </span>
    </p>
   </div>
   <div class='ocr_carea' id='block_1_31' title="bbox 82 981 905 1023">
    <p class='ocr_par' dir='ltr' id='par_1_31' title="bbox 82 981 905 1023">
     <span class='ocr_line' id='line_1_32' title="bbox 82 981 905 1023; baseline 0.001 -14"><span class='ocrx_word' id='word_1_234' title='bbox 82 981 161 1019; x_wconf 73' lang='grc' dir='ltr'>ὕψος,</span> <span class='ocrx_word' id='word_1_235' title='bbox 181 984 222 1011; x_wconf 82' lang='grc' dir='ltr'><strong>καὶ</strong></span> <span class='ocrx_word' id='word_1_236' title='bbox 238 983 338 1016; x_wconf 73' lang='grc' dir='ltr'>πλάτος</span> <span class='ocrx_word' id='word_1_237' title='bbox 360 987 408 1018; x_wconf 83' lang='grc' dir='ltr'>τῆς</span> <span class='ocrx_word' id='word_1_238' title='bbox 431 984 553 1023; x_wconf 87' lang='grc' dir='ltr'>γνώσεως</span> <span class='ocrx_word' id='word_1_239' title='bbox 576 989 621 1014; x_wconf 73' lang='grc' dir='ltr'>τοῦ</span> <span class='ocrx_word' id='word_1_240' title='bbox 650 987 725 1013; x_wconf 81' lang='grc' dir='ltr'>Θεοῦ,</span> <span class='ocrx_word' id='word_1_241' title='bbox 750 984 850 1014; x_wconf 77' lang='grc' dir='ltr'>Ταύτας</span> <span class='ocrx_word' id='word_1_242' title='bbox 878 981 905 1010; x_wconf 76' lang='grc' dir='ltr'><strong>δὲ</strong></span> 
     </span>
    </p>
   </div>
   <div class='ocr_carea' id='block_1_32' title="bbox 82 1028 904 1070">
    <p class='ocr_par' dir='ltr' id='par_1_32' title="bbox 82 1028 904 1070">
     <span class='ocr_line' id='line_1_33' title="bbox 82 1028 904 1070; baseline 0.002 -16"><span class='ocrx_word' id='word_1_243' title='bbox 82 1031 200 1066; x_wconf 78' lang='grc' dir='ltr'>φυσικῶς</span> <span class='ocrx_word' id='word_1_244' title='bbox 224 1028 327 1060; x_wconf 75' lang='grc' dir='ltr'>ἐκεῖνος</span> <span class='ocrx_word' id='word_1_245' title='bbox 354 1028 604 1070; x_wconf 75' lang='grc' dir='ltr'>ἑγκολπωσάμενος,</span> <span class='ocrx_word' id='word_1_246' title='bbox 629 1028 763 1068; x_wconf 80' lang='grc' dir='ltr'>διατρανοϊ</span> <span class='ocrx_word' id='word_1_247' title='bbox 791 1029 823 1056; x_wconf 71' lang='grc' dir='ltr'><strong>τὰ</strong></span> <span class='ocrx_word' id='word_1_248' title='bbox 838 1028 904 1066; x_wconf 72' lang='grc' dir='ltr'>βάθη</span> 
     </span>
    </p>
   </div>
   <div class='ocr_carea' id='block_1_33' title="bbox 80 1072 905 1113">
    <p class='ocr_par' dir='ltr' id='par_1_33' title="bbox 80 1072 905 1113">
     <span class='ocr_line' id='line_1_34' title="bbox 80 1072 905 1113; baseline 0.002 -14"><span class='ocrx_word' id='word_1_249' title='bbox 80 1075 129 1100; x_wconf 84' lang='grc' dir='ltr'>τοῦ</span> <span class='ocrx_word' id='word_1_250' title='bbox 144 1073 294 1110; x_wconf 85' lang='grc' dir='ltr'>Πνεύματος</span> <span class='ocrx_word' id='word_1_251' title='bbox 310 1072 352 1102; x_wconf 76' lang='grc' dir='ltr'><strong>διὰ</strong></span> <span class='ocrx_word' id='word_1_252' title='bbox 366 1078 412 1102; x_wconf 77' lang='grc' dir='ltr'>τοῦ</span> <span class='ocrx_word' id='word_1_253' title='bbox 426 1073 506 1113; x_wconf 80' lang='grc' dir='ltr'>λόγου</span> <span class='ocrx_word' id='word_1_254' title='bbox 528 1077 592 1102; x_wconf 82' lang='grc' dir='ltr'>πᾶσι</span> <span class='ocrx_word' id='word_1_255' title='bbox 618 1080 678 1105; x_wconf 69' lang='grc' dir='ltr'>τοῖς</span> <span class='ocrx_word' id='word_1_256' title='bbox 693 1073 785 1113; x_wconf 81' lang='grc' dir='ltr'>ἔχουσι</span> <span class='ocrx_word' id='word_1_257' title='bbox 800 1076 905 1111; x_wconf 80' lang='grc' dir='ltr'>Πνεῦμα</span> 
     </span>
    </p>
   </div>
   <div class='ocr_carea' id='block_1_34' title="bbox 79 1116 904 1157">
    <p class='ocr_par' dir='ltr' id='par_1_34' title="bbox 79 1116 904 1157">
     <span class='ocr_line' id='line_1_35' title="bbox 79 1116 904 1157; baseline 0.004 -14"><span class='ocrx_word' id='word_1_258' title='bbox 79 1117 153 1144; x_wconf 77' lang='grc' dir='ltr'>θεῖον</span> <span class='ocrx_word' id='word_1_259' title='bbox 169 1116 195 1145; x_wconf 82' lang='grc' dir='ltr'>ἐν</span> <span class='ocrx_word' id='word_1_260' title='bbox 216 1124 274 1149; x_wconf 70' lang='grc' dir='ltr'>τοῖς</span> <span class='ocrx_word' id='word_1_261' title='bbox 305 1118 439 1157; x_wconf 78' lang='grc' dir='ltr'>ἐγκάτοις,</span> <span class='ocrx_word' id='word_1_262' title='bbox 468 1120 512 1147; x_wconf 81' lang='grc' dir='ltr'>καὶ</span> <span class='ocrx_word' id='word_1_263' title='bbox 540 1118 690 1156; x_wconf 76' lang='grc' dir='ltr'>δημοσιεύει</span> <span class='ocrx_word' id='word_1_264' title='bbox 706 1122 759 1146; x_wconf 84' lang='grc' dir='ltr'>τῶν</span> <span class='ocrx_word' id='word_1_265' title='bbox 774 1117 904 1156; x_wconf 75' lang='grc' dir='ltr'>δαιμόνων</span> 
     </span>
    </p>
   </div>
   <div class='ocr_carea' id='block_1_35' title="bbox 80 1160 903 1203">
    <p class='ocr_par' dir='ltr' id='par_1_35' title="bbox 80 1160 903 1203">
     <span class='ocr_line' id='line_1_36' title="bbox 80 1160 903 1203; baseline 0.004 -16"><span class='ocrx_word' id='word_1_266' title='bbox 80 1161 142 1192; x_wconf 75' lang='grc' dir='ltr'>τοὺς</span> <span class='ocrx_word' id='word_1_267' title='bbox 164 1160 266 1198; x_wconf 79' lang='grc' dir='ltr'>δόλους,</span> <span class='ocrx_word' id='word_1_268' title='bbox 290 1163 333 1190; x_wconf 82' lang='grc' dir='ltr'><strong>καὶ</strong></span> <span class='ocrx_word' id='word_1_269' title='bbox 361 1163 393 1191; x_wconf 80' lang='grc' dir='ltr'>τὰ</span> <span class='ocrx_word' id='word_1_270' title='bbox 409 1164 541 1203; x_wconf 75' lang='grc' dir='ltr'>μυστήρια</span> <span class='ocrx_word' id='word_1_271' title='bbox 555 1162 689 1202; x_wconf 79' lang='grc' dir='ltr'>διηγεῖται</span> <span class='ocrx_word' id='word_1_272' title='bbox 704 1165 752 1196; x_wconf 77' lang='grc' dir='ltr'><strong>τῆς</strong></span> <span class='ocrx_word' id='word_1_273' title='bbox 769 1162 903 1200; x_wconf 82' lang='grc' dir='ltr'>βασιλείας</span> 
     </span>
    </p>
   </div>
   <div class='ocr_carea' id='block_1_36' title="bbox 80 1208 283 1246">
    <p class='ocr_par' dir='ltr' id='par_1_36' title="bbox 80 1208 283 1246">
     <span class='ocr_line' id='line_1_37' title="bbox 80 1208 283 1246; baseline 0.015 -14"><span class='ocrx_word' id='word_1_274' title='bbox 80 1208 135 1233; x_wconf 83' lang='grc' dir='ltr'>τῶν</span> <span class='ocrx_word' id='word_1_275' title='bbox 157 1208 283 1246; x_wconf 68' lang='grc' dir='ltr'>οὐρανῶν.</span> 
     </span>
    </p>
   </div>
   <div class='ocr_carea' id='block_1_37' title="bbox 122 1245 904 1291">
    <p class='ocr_par' dir='ltr' id='par_1_37' title="bbox 122 1245 904 1291">
     <span class='ocr_line' id='line_1_38' title="bbox 122 1245 904 1291; baseline 0 -11"><span class='ocrx_word' id='word_1_276' title='bbox 122 1245 174 1283; x_wconf 78' lang='grc' dir='ltr'><strong>ξη’.</strong></span> <span class='ocrx_word' id='word_1_277' title='bbox 199 1251 250 1283; x_wconf 81' lang='grc' dir='ltr'>Τὰς</span> <span class='ocrx_word' id='word_1_278' title='bbox 279 1252 328 1289; x_wconf 82' lang='grc' dir='ltr'>μὲν</span> <span class='ocrx_word' id='word_1_279' title='bbox 351 1252 504 1290; x_wconf 82' lang='grc' dir='ltr'>σωματικὰς</span> <span class='ocrx_word' id='word_1_280' title='bbox 520 1250 616 1291; x_wconf 76' lang='grc' dir='ltr'>ὀρέξεις</span> <span class='ocrx_word' id='word_1_281' title='bbox 631 1253 674 1280; x_wconf 83' lang='grc' dir='ltr'><strong>καὶ</strong></span> <span class='ocrx_word' id='word_1_282' title='bbox 690 1252 723 1279; x_wconf 67' lang='grc' dir='ltr'>τὰ</span> <span class='ocrx_word' id='word_1_283' title='bbox 737 1253 904 1291; x_wconf 81' lang='grc' dir='ltr'>σκιρτήματα</span> 
     </span>
    </p>
   </div>
   <div class='ocr_carea' id='block_1_38' title="bbox 80 1296 902 1336">
    <p class='ocr_par' dir='ltr' id='par_1_38' title="bbox 80 1296 902 1336">
     <span class='ocr_line' id='line_1_39' title="bbox 80 1296 902 1336; baseline -0.002 -10"><span class='ocrx_word' id='word_1_284' title='bbox 80 1297 131 1327; x_wconf 80' lang='grc' dir='ltr'>τῆς</span> <span class='ocrx_word' id='word_1_285' title='bbox 151 1297 246 1334; x_wconf 73' lang='grc' dir='ltr'>σαρκὸς</span> <span class='ocrx_word' id='word_1_286' title='bbox 270 1296 378 1330; x_wconf 68' lang='grc' dir='ltr'>’ίστησιν</span> <span class='ocrx_word' id='word_1_287' title='bbox 399 1297 532 1336; x_wconf 79' lang='grc' dir='ltr'>ἐγράτεια,</span> <span class='ocrx_word' id='word_1_288' title='bbox 549 1297 592 1325; x_wconf 88' lang='grc' dir='ltr'><strong>καὶ</strong></span> <span class='ocrx_word' id='word_1_289' title='bbox 608 1299 727 1336; x_wconf 82' lang='grc' dir='ltr'>νηστεία,</span> <span class='ocrx_word' id='word_1_290' title='bbox 743 1297 787 1324; x_wconf 86' lang='grc' dir='ltr'><strong>καὶ</strong></span> <span class='ocrx_word' id='word_1_291' title='bbox 802 1297 902 1335; x_wconf 82' lang='grc' dir='ltr'>ἀγῶνες</span> 
     </span>
    </p>
   </div>
   <div class='ocr_carea' id='block_1_39' title="bbox 81 1340 903 1382">
    <p class='ocr_par' dir='ltr' id='par_1_39' title="bbox 81 1340 903 1382">
     <span class='ocr_line' id='line_1_40' title="bbox 81 1340 903 1382; baseline 0.004 -16"><span class='ocrx_word' id='word_1_292' title='bbox 81 1341 254 1376; x_wconf 82' lang='grc' dir='ltr'>πνευματικοί</span> <span class='ocrx_word' id='word_1_293' title='bbox 270 1351 278 1358; x_wconf 86' lang='grc'><strong>·</strong></span> <span class='ocrx_word' id='word_1_294' title='bbox 294 1342 340 1373; x_wconf 71' lang='grc' dir='ltr'><strong>τὰς</strong></span> <span class='ocrx_word' id='word_1_295' title='bbox 356 1340 383 1369; x_wconf 75' lang='grc' dir='ltr'><strong>δὲ</strong></span> <span class='ocrx_word' id='word_1_296' title='bbox 395 1341 546 1382; x_wconf 67' lang='grc' dir='ltr'>φλεγμονὰς</span> <span class='ocrx_word' id='word_1_297' title='bbox 561 1344 609 1375; x_wconf 79' lang='grc' dir='ltr'>τῆς</span> <span class='ocrx_word' id='word_1_298' title='bbox 625 1342 716 1381; x_wconf 74' lang='grc' dir='ltr'>ψυχῆς</span> <span class='ocrx_word' id='word_1_299' title='bbox 732 1342 775 1369; x_wconf 85' lang='grc' dir='ltr'><strong>καὶ</strong></span> <span class='ocrx_word' id='word_1_300' title='bbox 789 1342 821 1369; x_wconf 79' lang='grc' dir='ltr'><strong>τὰ</strong></span> <span class='ocrx_word' id='word_1_301' title='bbox 834 1340 903 1376; x_wconf 77' lang='grc' dir='ltr'>οἰδή-</span> 
     </span>
    </p>
   </div>
   <div class='ocr_carea' id='block_1_40' title="bbox 82 1385 902 1426">
    <p class='ocr_par' dir='ltr' id='par_1_40' title="bbox 82 1385 902 1426">
     <span class='ocr_line' id='line_1_41' title="bbox 82 1385 902 1426; baseline 0.001 -14"><span class='ocrx_word' id='word_1_302' title='bbox 82 1395 152 1421; x_wconf 82' lang='grc' dir='ltr'>ματα</span> <span class='ocrx_word' id='word_1_303' title='bbox 180 1387 228 1420; x_wconf 78' lang='grc' dir='ltr'>τῆς</span> <span class='ocrx_word' id='word_1_304' title='bbox 257 1385 362 1425; x_wconf 77' lang='grc' dir='ltr'>καρδίας</span> <span class='ocrx_word' id='word_1_305' title='bbox 397 1387 547 1426; x_wconf 78' lang='grc' dir='ltr'>καταψύχει</span> <span class='ocrx_word' id='word_1_306' title='bbox 576 1389 629 1414; x_wconf 79' lang='grc' dir='ltr'><strong>τῶν</strong></span> <span class='ocrx_word' id='word_1_307' title='bbox 650 1387 725 1414; x_wconf 81' lang='grc' dir='ltr'>θείων</span> <span class='ocrx_word' id='word_1_308' title='bbox 749 1389 857 1426; x_wconf 75' lang='grc' dir='ltr'>Γραφῶν</span> <span class='ocrx_word' id='word_1_309' title='bbox 884 1387 902 1419; x_wconf 81' lang='grc' dir='ltr'><strong>ἡ</strong></span> 
     </span>
    </p>
   </div>
   <div class='ocr_carea' id='block_1_41' title="bbox 79 1429 903 1470">
    <p class='ocr_par' dir='ltr' id='par_1_41' title="bbox 79 1429 903 1470">
     <span class='ocr_line' id='line_1_42' title="bbox 79 1429 903 1470; baseline 0.002 -14"><span class='ocrx_word' id='word_1_310' title='bbox 79 1429 240 1468; x_wconf 67' lang='grc' dir='ltr'>ἀνάγνωσις,</span> <span class='ocrx_word' id='word_1_311' title='bbox 263 1432 307 1458; x_wconf 85' lang='grc' dir='ltr'>καὶ</span> <span class='ocrx_word' id='word_1_312' title='bbox 321 1431 444 1459; x_wconf 66' lang='grc' dir='ltr'>ταπεινοῦ</span> <span class='ocrx_word' id='word_1_313' title='bbox 458 1432 475 1465; x_wconf 78' lang='grc' dir='ltr'>ἡ</span> <span class='ocrx_word' id='word_1_314' title='bbox 490 1431 597 1462; x_wconf 81' lang='grc' dir='ltr'>ἀένναος</span> <span class='ocrx_word' id='word_1_315' title='bbox 617 1430 765 1470; x_wconf 74' lang='grc' dir='ltr'>προσευχὴ,</span> <span class='ocrx_word' id='word_1_316' title='bbox 783 1431 825 1459; x_wconf 85' lang='grc' dir='ltr'>καὶ</span> <span class='ocrx_word' id='word_1_317' title='bbox 841 1431 903 1459; x_wconf 80' lang='grc' dir='ltr'>ὡσεὶ</span> 
     </span>
    </p>
   </div>
   <div class='ocr_carea' id='block_1_42' title="bbox 81 1472 630 1515">
    <p class='ocr_par' dir='ltr' id='par_1_42' title="bbox 81 1472 630 1515">
     <span class='ocr_line' id='line_1_43' title="bbox 81 1472 630 1515; baseline 0.009 -14"><span class='ocrx_word' id='word_1_318' title='bbox 81 1472 155 1502; x_wconf 74' lang='grc' dir='ltr'>ἔλεον</span> <span class='ocrx_word' id='word_1_319' title='bbox 170 1474 332 1515; x_wconf 85' lang='grc' dir='ltr'>καθιλαρύνει</span> <span class='ocrx_word' id='word_1_320' title='bbox 348 1477 427 1508; x_wconf 75' lang='grc' dir='ltr'>αὑτὰς</span> <span class='ocrx_word' id='word_1_321' title='bbox 449 1477 466 1510; x_wconf 85' lang='grc' dir='ltr'>ἡ</span> <span class='ocrx_word' id='word_1_322' title='bbox 482 1476 630 1508; x_wconf 75' lang='grc' dir='ltr'>κατάνυξις.</span> 
     </span>
    </p>
   </div>
   <div class='ocr_carea' id='block_1_43' title="bbox 948 890 1768 932">
    <p class='ocr_par' dir='ltr' id='par_1_43' title="bbox 948 890 1768 932">
     <span class='ocr_line' id='line_1_44' title="bbox 948 890 1768 932; baseline 0.005 -12"><span class='ocrx_word' id='word_1_323' title='bbox 948 895 1091 930; x_wconf 80' lang='lat' dir='ltr'><strong>patentes,</strong></span> <span class='ocrx_word' id='word_1_324' title='bbox 1110 891 1144 921; x_wconf 87' lang='lat' dir='ltr'><strong>ad</strong></span> <span class='ocrx_word' id='word_1_325' title='bbox 1162 890 1317 921; x_wconf 86' lang='lat' dir='ltr'><strong>sciendum</strong></span> <span class='ocrx_word' id='word_1_326' title='bbox 1335 900 1400 932; x_wconf 60' lang='lat' dir='ltr'><strong>qua:</strong></span> <span class='ocrx_word' id='word_1_327' title='bbox 1415 891 1452 922; x_wconf 90' lang='lat' dir='ltr'><strong>sit</strong></span> <span class='ocrx_word' id='word_1_328' title='bbox 1468 891 1603 929; x_wconf 83' lang='lat' dir='ltr'><strong>latitudo,</strong></span> <span class='ocrx_word' id='word_1_329' title='bbox 1625 897 1653 923; x_wconf 88' lang='lat' dir='ltr'><strong>et</strong></span> <span class='ocrx_word' id='word_1_330' title='bbox 1673 892 1768 924; x_wconf 83' lang='lat' dir='ltr'><strong>subli-</strong></span> 
     </span>
    </p>
   </div>
   <div class='ocr_carea' id='block_1_44' title="bbox 947 935 1770 978">
    <p class='ocr_par' dir='ltr' id='par_1_44' title="bbox 947 935 1770 978">
     <span class='ocr_line' id='line_1_45' title="bbox 947 935 1770 978; baseline 0.006 -14"><span class='ocrx_word' id='word_1_331' title='bbox 947 935 1034 965; x_wconf 86' lang='lat' dir='ltr'><strong>mitas</strong></span> <span class='ocrx_word' id='word_1_332' title='bbox 1058 939 1087 965; x_wconf 89' lang='lat' dir='ltr'><strong>et</strong></span> <span class='ocrx_word' id='word_1_333' title='bbox 1120 935 1296 975; x_wconf 86' lang='lat' dir='ltr'><strong>profundum</strong></span> <span class='ocrx_word' id='word_1_334' title='bbox 1328 936 1460 966; x_wconf 81' lang='lat' dir='ltr'><strong>scientiae</strong></span> <span class='ocrx_word' id='word_1_335' title='bbox 1488 935 1552 968; x_wconf 91' lang='lat' dir='ltr'><strong>Dei.</strong></span> <span class='ocrx_word' id='word_1_336' title='bbox 1579 938 1677 978; x_wconf 89' lang='lat' dir='ltr'><strong>Atque</strong></span> <span class='ocrx_word' id='word_1_337' title='bbox 1704 938 1770 969; x_wconf 90' lang='lat' dir='ltr'><strong>illas</strong></span> 
     </span>
    </p>
   </div>
   <div class='ocr_carea' id='block_1_45' title="bbox 947 980 1770 1022">
    <p class='ocr_par' dir='ltr' id='par_1_45' title="bbox 947 980 1770 1022">
     <span class='ocr_line' id='line_1_46' title="bbox 947 980 1770 1022; baseline 0.006 -13"><span class='ocrx_word' id='word_1_338' title='bbox 947 980 1119 1010; x_wconf 85' lang='lat' dir='ltr'><strong>naturaliter</strong></span> <span class='ocrx_word' id='word_1_339' title='bbox 1133 980 1302 1020; x_wconf 80' lang='lat' dir='ltr'><strong>complexus</strong></span> <span class='ocrx_word' id='word_1_340' title='bbox 1326 981 1464 1019; x_wconf 88' lang='lat' dir='ltr'><strong>animus,</strong></span> <span class='ocrx_word' id='word_1_341' title='bbox 1489 981 1599 1012; x_wconf 87' lang='lat' dir='ltr'><strong>revelat</strong></span> <span class='ocrx_word' id='word_1_342' title='bbox 1625 982 1770 1022; x_wconf 83' lang='lat' dir='ltr'><strong>profunda</strong></span> 
     </span>
    </p>
   </div>
   <div class='ocr_carea' id='block_1_46' title="bbox 947 1023 1768 1066">
    <p class='ocr_par' dir='ltr' id='par_1_46' title="bbox 947 1023 1768 1066">
     <span class='ocr_line' id='line_1_47' title="bbox 947 1023 1768 1066; baseline 0.005 -12"><span class='ocrx_word' id='word_1_343' title='bbox 947 1023 1076 1064; x_wconf 82' lang='lat' dir='ltr'><strong>Spiritus</strong></span> <span class='ocrx_word' id='word_1_344' title='bbox 1092 1034 1144 1065; x_wconf 91' lang='lat' dir='ltr'><strong>per</strong></span> <span class='ocrx_word' id='word_1_345' title='bbox 1163 1024 1284 1055; x_wconf 87' lang='lat' dir='ltr'><strong>verbum</strong></span> <span class='ocrx_word' id='word_1_346' title='bbox 1309 1026 1448 1056; x_wconf 89' lang='lat' dir='ltr'><strong>omnibus</strong></span> <span class='ocrx_word' id='word_1_347' title='bbox 1477 1026 1528 1066; x_wconf 89' lang='lat' dir='ltr'><strong>qui</strong></span> <span class='ocrx_word' id='word_1_348' title='bbox 1558 1026 1689 1057; x_wconf 84' lang='lat' dir='ltr'><strong>divinum</strong></span> <span class='ocrx_word' id='word_1_349' title='bbox 1713 1027 1768 1058; x_wconf 89' lang='lat' dir='ltr'><strong>ha-</strong></span> 
     </span>
    </p>
   </div>
   <div class='ocr_carea' id='block_1_47' title="bbox 946 1068 1769 1112">
    <p class='ocr_par' dir='ltr' id='par_1_47' title="bbox 946 1068 1769 1112">
     <span class='ocr_line' id='line_1_48' title="bbox 946 1068 1769 1112; baseline 0.005 -13"><span class='ocrx_word' id='word_1_350' title='bbox 946 1068 1017 1100; x_wconf 90' lang='lat' dir='ltr'><strong>bent</strong></span> <span class='ocrx_word' id='word_1_351' title='bbox 1044 1069 1187 1109; x_wconf 80' lang='lat' dir='ltr'><strong>Spiritum</strong></span> <span class='ocrx_word' id='word_1_352' title='bbox 1218 1070 1249 1100; x_wconf 89' lang='lat' dir='ltr'><strong>in</strong></span> <span class='ocrx_word' id='word_1_353' title='bbox 1277 1069 1461 1111; x_wconf 86' lang='lat' dir='ltr'><strong>visceribus,</strong></span> <span class='ocrx_word' id='word_1_354' title='bbox 1490 1080 1524 1101; x_wconf 91' lang='lat' dir='ltr'><strong>ac</strong></span> <span class='ocrx_word' id='word_1_355' title='bbox 1551 1072 1680 1112; x_wconf 82' lang='lat' dir='ltr'><strong>divulgat</strong></span> <span class='ocrx_word' id='word_1_356' title='bbox 1707 1072 1769 1103; x_wconf 67' lang='lat' dir='ltr'><strong>da:-</strong></span> 
     </span>
    </p>
   </div>
   <div class='ocr_carea' id='block_1_48' title="bbox 948 1113 1769 1156">
    <p class='ocr_par' dir='ltr' id='par_1_48' title="bbox 948 1113 1769 1156">
     <span class='ocr_line' id='line_1_49' title="bbox 948 1113 1769 1156; baseline 0.006 -13"><span class='ocrx_word' id='word_1_357' title='bbox 948 1113 1113 1144; x_wconf 90' lang='lat' dir='ltr'><strong>moniorum</strong></span> <span class='ocrx_word' id='word_1_358' title='bbox 1137 1113 1233 1154; x_wconf 88' lang='lat' dir='ltr'><strong>dolos,</strong></span> <span class='ocrx_word' id='word_1_359' title='bbox 1250 1118 1279 1145; x_wconf 90' lang='lat' dir='ltr'><strong>et</strong></span> <span class='ocrx_word' id='word_1_360' title='bbox 1293 1114 1431 1155; x_wconf 82' lang='lat' dir='ltr'><strong>mysteria</strong></span> <span class='ocrx_word' id='word_1_361' title='bbox 1457 1120 1557 1147; x_wconf 87' lang='lat' dir='ltr'><strong>narrat</strong></span> <span class='ocrx_word' id='word_1_362' title='bbox 1578 1117 1662 1156; x_wconf 71' lang='lat' dir='ltr'><strong>regni</strong></span> <span class='ocrx_word' id='word_1_363' title='bbox 1677 1117 1769 1148; x_wconf 67' lang='lat' dir='ltr'><strong>ctelo-</strong></span> 
     </span>
    </p>
   </div>
   <div class='ocr_carea' id='block_1_49' title="bbox 946 1167 1024 1188">
    <p class='ocr_par' dir='ltr' id='par_1_49' title="bbox 946 1167 1024 1188">
     <span class='ocr_line' id='line_1_50' title="bbox 946 1167 1024 1188; baseline 0 0"><span class='ocrx_word' id='word_1_364' title='bbox 946 1167 1024 1188; x_wconf 90' lang='lat' dir='ltr'><strong>rum.</strong></span> 
     </span>
    </p>
   </div>
   <div class='ocr_carea' id='block_1_50' title="bbox 986 1248 1769 1291">
    <p class='ocr_par' dir='ltr' id='par_1_50' title="bbox 986 1248 1769 1291">
     <span class='ocr_line' id='line_1_51' title="bbox 986 1248 1769 1291; baseline 0.003 -12"><span class='ocrx_word' id='word_1_365' title='bbox 986 1248 1035 1279; x_wconf 90' lang='lat'><strong>68.</strong></span> <span class='ocrx_word' id='word_1_366' title='bbox 1054 1249 1219 1288; x_wconf 86' lang='lat' dir='ltr'><strong>Corporeos</strong></span> <span class='ocrx_word' id='word_1_367' title='bbox 1246 1252 1344 1280; x_wconf 90' lang='lat' dir='ltr'><strong>motus</strong></span> <span class='ocrx_word' id='word_1_368' title='bbox 1360 1253 1389 1280; x_wconf 88' lang='lat' dir='ltr'><strong>et</strong></span> <span class='ocrx_word' id='word_1_369' title='bbox 1405 1249 1533 1290; x_wconf 87' lang='lat' dir='ltr'><strong>impetus</strong></span> <span class='ocrx_word' id='word_1_370' title='bbox 1554 1251 1652 1282; x_wconf 88' lang='lat' dir='ltr'><strong>carnis</strong></span> <span class='ocrx_word' id='word_1_371' title='bbox 1670 1251 1769 1291; x_wconf 89' lang='lat' dir='ltr'><strong>repri-</strong></span> 
     </span>
    </p>
   </div>
   <div class='ocr_carea' id='block_1_51' title="bbox 946 1293 1766 1335">
    <p class='ocr_par' dir='ltr' id='par_1_51' title="bbox 946 1293 1766 1335">
     <span class='ocr_line' id='line_1_52' title="bbox 946 1293 1766 1335; baseline 0.004 -13"><span class='ocrx_word' id='word_1_372' title='bbox 946 1293 1228 1334; x_wconf 86' lang='lat' dir='ltr'><strong>munttemperatia,</strong></span> <span class='ocrx_word' id='word_1_373' title='bbox 1249 1293 1400 1333; x_wconf 86' lang='lat' dir='ltr'><strong>jejunium</strong></span> <span class='ocrx_word' id='word_1_374' title='bbox 1428 1299 1455 1324; x_wconf 90' lang='lat' dir='ltr'><strong>et</strong></span> <span class='ocrx_word' id='word_1_375' title='bbox 1475 1294 1561 1326; x_wconf 66' lang='lat' dir='ltr'><strong>lucta:</strong></span> <span class='ocrx_word' id='word_1_376' title='bbox 1586 1295 1766 1335; x_wconf 87' lang='lat' dir='ltr'><strong>spirituales.</strong></span> 
     </span>
    </p>
   </div>
   <div class='ocr_carea' id='block_1_52' title="bbox 943 1337 1766 1379">
    <p class='ocr_par' dir='ltr' id='par_1_52' title="bbox 943 1337 1766 1379">
     <span class='ocr_line' id='line_1_53' title="bbox 943 1337 1766 1379; baseline 0.005 -12"><span class='ocrx_word' id='word_1_377' title='bbox 943 1337 1073 1368; x_wconf 86' lang='lat' dir='ltr'><strong>Ardores</strong></span> <span class='ocrx_word' id='word_1_378' title='bbox 1087 1343 1186 1368; x_wconf 88' lang='lat' dir='ltr'><strong>autem</strong></span> <span class='ocrx_word' id='word_1_379' title='bbox 1203 1339 1309 1369; x_wconf 68' lang='lat' dir='ltr'><strong>animae</strong></span> <span class='ocrx_word' id='word_1_380' title='bbox 1324 1338 1482 1379; x_wconf 85' lang='lat' dir='ltr'><strong>cordisque</strong></span> <span class='ocrx_word' id='word_1_381' title='bbox 1495 1343 1625 1370; x_wconf 90' lang='lat' dir='ltr'><strong>tumores</strong></span> <span class='ocrx_word' id='word_1_382' title='bbox 1640 1340 1766 1379; x_wconf 81' lang='lat' dir='ltr'><strong>refrige-</strong></span> 
     </span>
    </p>
   </div>
   <div class='ocr_carea' id='block_1_53' title="bbox 943 1383 1767 1423">
    <p class='ocr_par' dir='ltr' id='par_1_53' title="bbox 943 1383 1767 1423">
     <span class='ocr_line' id='line_1_54' title="bbox 943 1383 1767 1423; baseline 0.005 -11"><span class='ocrx_word' id='word_1_383' title='bbox 943 1386 989 1412; x_wconf 88' lang='lat' dir='ltr'><strong>rat</strong></span> <span class='ocrx_word' id='word_1_384' title='bbox 1016 1383 1184 1413; x_wconf 88' lang='lat' dir='ltr'><strong>divinarum</strong></span> <span class='ocrx_word' id='word_1_385' title='bbox 1213 1383 1434 1423; x_wconf 84' lang='lat' dir='ltr'><strong>Scripturarum</strong></span> <span class='ocrx_word' id='word_1_386' title='bbox 1461 1384 1548 1415; x_wconf 84' lang='lat' dir='ltr'><strong>lectio</strong></span> <span class='ocrx_word' id='word_1_387' title='bbox 1575 1389 1604 1415; x_wconf 91' lang='lat' dir='ltr'><strong>et</strong></span> <span class='ocrx_word' id='word_1_388' title='bbox 1628 1385 1767 1416; x_wconf 83' lang='lat' dir='ltr'><strong>humiliat</strong></span> 
     </span>
    </p>
   </div>
   <div class='ocr_carea' id='block_1_54' title="bbox 944 1427 1767 1469">
    <p class='ocr_par' dir='ltr' id='par_1_54' title="bbox 944 1427 1767 1469">
     <span class='ocr_line' id='line_1_55' title="bbox 944 1427 1767 1469; baseline 0.004 -12"><span class='ocrx_word' id='word_1_389' title='bbox 944 1427 1084 1458; x_wconf 89' lang='lat' dir='ltr'><strong>continua</strong></span> <span class='ocrx_word' id='word_1_390' title='bbox 1096 1427 1201 1466; x_wconf 86' lang='lat' dir='ltr'><strong>oratio,</strong></span> <span class='ocrx_word' id='word_1_391' title='bbox 1214 1432 1242 1458; x_wconf 86' lang='lat' dir='ltr'><strong>et</strong></span> <span class='ocrx_word' id='word_1_392' title='bbox 1257 1428 1333 1458; x_wconf 90' lang='lat' dir='ltr'><strong>sicut</strong></span> <span class='ocrx_word' id='word_1_393' title='bbox 1345 1428 1533 1469; x_wconf 80' lang='lat' dir='ltr'><strong>eleemosyna</strong></span> <span class='ocrx_word' id='word_1_394' title='bbox 1547 1429 1691 1460; x_wconf 78' lang='lat' dir='ltr'><strong>exhilarat</strong></span> <span class='ocrx_word' id='word_1_395' title='bbox 1701 1429 1767 1460; x_wconf 85' lang='lat' dir='ltr'><strong>Illos</strong></span> 
     </span>
    </p>
   </div>
   <div class='ocr_carea' id='block_1_55' title="bbox 944 1471 1147 1512">
    <p class='ocr_par' dir='ltr' id='par_1_55' title="bbox 944 1471 1147 1512">
     <span class='ocr_line' id='line_1_56' title="bbox 944 1471 1147 1512; baseline 0 -11"><span class='ocrx_word' id='word_1_396' title='bbox 944 1471 1147 1512; x_wconf 87' lang='lat' dir='ltr'><strong>compunctio.</strong></span> 
     </span>
    </p>
   </div>
   <div class='ocr_carea' id='block_1_56' title="bbox 120 1513 895 1560">
    <p class='ocr_par' dir='ltr' id='par_1_56' title="bbox 120 1513 895 1560">
     <span class='ocr_line' id='line_1_57' title="bbox 120 1513 895 1560; baseline 0.001 -13"><span class='ocrx_word' id='word_1_397' title='bbox 120 1513 168 1551; x_wconf 78' lang='grc' dir='ltr'>ξθ’,</span> <span class='ocrx_word' id='word_1_398' title='bbox 198 1513 275 1548; x_wconf 73' lang='grc' dir='ltr'>Οὐδὲν</span> <span class='ocrx_word' id='word_1_399' title='bbox 297 1519 381 1552; x_wconf 57' lang='grc' dir='ltr'>οὕτως</span> <span class='ocrx_word' id='word_1_400' title='bbox 409 1521 507 1560; x_wconf 78' lang='grc' dir='ltr'>ἕτερος,</span> <span class='ocrx_word' id='word_1_401' title='bbox 537 1522 574 1552; x_wconf 83' lang='grc' dir='ltr'>ὡς</span> <span class='ocrx_word' id='word_1_402' title='bbox 602 1521 670 1560; x_wconf 66' lang='grc' dir='ltr'>εὐχὴ</span> <span class='ocrx_word' id='word_1_403' title='bbox 695 1521 795 1559; x_wconf 82' lang='grc' dir='ltr'>καθαρά</span> <span class='ocrx_word' id='word_1_404' title='bbox 817 1531 844 1549; x_wconf 88' lang='grc' dir='ltr'><strong>τε</strong></span> <span class='ocrx_word' id='word_1_405' title='bbox 858 1521 895 1548; x_wconf 75' lang='grc' dir='ltr'><strong>κα</strong></span> 
     </span>
    </p>
   </div>
   <div class='ocr_carea' id='block_1_57' title="bbox 950 1513 1767 1560">
    <p class='ocr_par' dir='ltr' id='par_1_57' title="bbox 983 1516 1767 1558">
     <span class='ocr_line' id='line_1_58' title="bbox 983 1516 1767 1558; baseline 0.003 -10"><span class='ocrx_word' id='word_1_406' title='bbox 983 1516 1031 1548; x_wconf 76' lang='grc'><strong>69,</strong></span> <span class='ocrx_word' id='word_1_407' title='bbox 1051 1517 1131 1548; x_wconf 86' lang='lat' dir='ltr'><strong>Nihil</strong></span> <span class='ocrx_word' id='word_1_408' title='bbox 1146 1516 1239 1557; x_wconf 76' lang='lat' dir='ltr'><strong>aliud,</strong></span> <span class='ocrx_word' id='word_1_409' title='bbox 1255 1517 1332 1547; x_wconf 85' lang='lat' dir='ltr'><strong>sicut</strong></span> <span class='ocrx_word' id='word_1_410' title='bbox 1347 1518 1440 1548; x_wconf 88' lang='lat' dir='ltr'><strong>oratio</strong></span> <span class='ocrx_word' id='word_1_411' title='bbox 1458 1527 1529 1558; x_wconf 88' lang='lat' dir='ltr'><strong>pura</strong></span> <span class='ocrx_word' id='word_1_412' title='bbox 1543 1522 1572 1549; x_wconf 88' lang='lat' dir='ltr'><strong>et</strong></span> <span class='ocrx_word' id='word_1_413' title='bbox 1587 1519 1767 1550; x_wconf 86' lang='lat' dir='ltr'><strong>immateria-</strong></span> 
     </span>
    </p>
   </div>
   <div class='ocr_carea' id='block_1_58' title="bbox 77 1561 895 1605">
    <p class='ocr_par' dir='ltr' id='par_1_58' title="bbox 77 1562 895 1605">
     <span class='ocr_line' id='line_1_59' title="bbox 77 1562 895 1605; baseline 0.004 -15"><span class='ocrx_word' id='word_1_414' title='bbox 77 1562 170 1601; x_wconf 68' lang='grc' dir='ltr'>ἄυλος,</span> <span class='ocrx_word' id='word_1_415' title='bbox 197 1563 336 1602; x_wconf 83' lang='grc' dir='ltr'>συνόμιλον</span> <span class='ocrx_word' id='word_1_416' title='bbox 366 1569 404 1602; x_wconf 85' lang='grc' dir='ltr'>τῷ</span> <span class='ocrx_word' id='word_1_417' title='bbox 426 1569 484 1602; x_wconf 87' lang='grc' dir='ltr'><strong>Θεῷ</strong></span> <span class='ocrx_word' id='word_1_418' title='bbox 514 1566 558 1593; x_wconf 72' lang='grc' dir='ltr'><strong>τὸν</strong></span> <span class='ocrx_word' id='word_1_419' title='bbox 589 1565 725 1604; x_wconf 76' lang='grc' dir='ltr'>ἄνθρωπον</span> <span class='ocrx_word' id='word_1_420' title='bbox 752 1565 895 1605; x_wconf 71' lang='grc' dir='ltr'>ἀπεργάζε-</span> 
     </span>
    </p>
   </div>
   <div class='ocr_carea' id='block_1_59' title="bbox 950 1561 1764 1605">
    <p class='ocr_par' dir='ltr' id='par_1_59' title="bbox 955 1561 1764 1604">
     <span class='ocr_line' id='line_1_60' title="bbox 955 1561 1764 1604; baseline 0.005 -13"><span class='ocrx_word' id='word_1_421' title='bbox 955 1562 989 1600; x_wconf 88' lang='lat' dir='ltr'><strong>is,</strong></span> <span class='ocrx_word' id='word_1_422' title='bbox 1002 1561 1176 1592; x_wconf 77' lang='lat' dir='ltr'><strong>familiarem</strong></span> <span class='ocrx_word' id='word_1_423' title='bbox 1191 1561 1250 1592; x_wconf 91' lang='lat' dir='ltr'><strong>Deo</strong></span> <span class='ocrx_word' id='word_1_424' title='bbox 1261 1562 1359 1592; x_wconf 91' lang='lat' dir='ltr'><strong>reddit</strong></span> <span class='ocrx_word' id='word_1_425' title='bbox 1372 1562 1537 1600; x_wconf 88' lang='lat' dir='ltr'><strong>hominem,</strong></span> <span class='ocrx_word' id='word_1_426' title='bbox 1551 1564 1631 1594; x_wconf 87' lang='lat' dir='ltr'><strong>etilli</strong></span> <span class='ocrx_word' id='word_1_427' title='bbox 1643 1563 1764 1604; x_wconf 85' lang='lat' dir='ltr'><strong>conjun-</strong></span> 
     </span>
    </p>
   </div>
   <div class='ocr_carea' id='block_1_60' title="bbox 77 1609 899 1649">
    <p class='ocr_par' dir='ltr' id='par_1_60' title="bbox 77 1609 899 1649">
     <span class='ocr_line' id='line_1_61' title="bbox 77 1609 899 1649; baseline 0.004 -14"><span class='ocrx_word' id='word_1_428' title='bbox 77 1618 132 1646; x_wconf 87' lang='grc' dir='ltr'>ται,</span> <span class='ocrx_word' id='word_1_429' title='bbox 162 1609 205 1637; x_wconf 78' lang='grc' dir='ltr'><strong>καὶ</strong></span> <span class='ocrx_word' id='word_1_430' title='bbox 233 1610 306 1638; x_wconf 74' lang='grc' dir='ltr'>ἑνοῦν</span> <span class='ocrx_word' id='word_1_431' title='bbox 335 1609 406 1638; x_wconf 75' lang='grc' dir='ltr'>οἶδεν</span> <span class='ocrx_word' id='word_1_432' title='bbox 436 1611 506 1647; x_wconf 73' lang='grc' dir='ltr'>αὒτῴ</span> <span class='ocrx_word' id='word_1_433' title='bbox 533 1611 577 1638; x_wconf 84' lang='grc' dir='ltr'><strong>τὸν</strong></span> <span class='ocrx_word' id='word_1_434' title='bbox 599 1610 672 1649; x_wconf 75' lang='grc' dir='ltr'>λόγῳ</span> <span class='ocrx_word' id='word_1_435' title='bbox 697 1610 899 1648; x_wconf 73' lang='grc' dir='ltr'>ἀπερισπάστως</span> 
     </span>
    </p>
   </div>
   <div class='ocr_carea' id='block_1_61' title="bbox 77 1653 898 1695">
    <p class='ocr_par' dir='ltr' id='par_1_61' title="bbox 77 1653 898 1695">
     <span class='ocr_line' id='line_1_62' title="bbox 77 1653 898 1695; baseline 0.002 -15"><span class='ocrx_word' id='word_1_436' title='bbox 77 1653 145 1689; x_wconf 81' lang='grc' dir='ltr'>μετὰ</span> <span class='ocrx_word' id='word_1_437' title='bbox 161 1654 308 1691; x_wconf 83' lang='grc' dir='ltr'>πνεύματος</span> <span class='ocrx_word' id='word_1_438' title='bbox 333 1656 548 1695; x_wconf 75' lang='grc' dir='ltr'>προσευχόμενον</span> <span class='ocrx_word' id='word_1_439' title='bbox 565 1663 571 1669; x_wconf 91' lang='grc'><strong>·</strong></span> <span class='ocrx_word' id='word_1_440' title='bbox 597 1655 676 1688; x_wconf 73' lang='grc' dir='ltr'>ἡνίκα</span> <span class='ocrx_word' id='word_1_441' title='bbox 703 1655 747 1682; x_wconf 84' lang='grc' dir='ltr'>καὶ</span> <span class='ocrx_word' id='word_1_442' title='bbox 768 1661 826 1685; x_wconf 70' lang='grc' dir='ltr'>τοῖς</span> <span class='ocrx_word' id='word_1_443' title='bbox 851 1653 898 1682; x_wconf 77' lang='grc' dir='ltr'><strong>δά-</strong></span> 
     </span>
    </p>
   </div>
   <div class='ocr_carea' id='block_1_62' title="bbox 76 1697 901 1739">
    <p class='ocr_par' dir='ltr' id='par_1_62' title="bbox 76 1697 901 1739">
     <span class='ocr_line' id='line_1_63' title="bbox 76 1697 901 1739; baseline 0.004 -15"><span class='ocrx_word' id='word_1_444' title='bbox 76 1707 165 1736; x_wconf 72' lang='grc' dir='ltr'>κρυσιν</span> <span class='ocrx_word' id='word_1_445' title='bbox 180 1697 413 1738; x_wconf 78' lang='grc' dir='ltr'>ἀποσμηχομένην</span> <span class='ocrx_word' id='word_1_446' title='bbox 429 1699 487 1739; x_wconf 87' lang='grc' dir='ltr'><strong>ει</strong></span> <span class='ocrx_word' id='word_1_447' title='bbox 502 1699 552 1732; x_wconf 74' lang='grc' dir='ltr'><strong>τὴν</strong></span> <span class='ocrx_word' id='word_1_448' title='bbox 566 1697 630 1726; x_wconf 77' lang='grc' dir='ltr'>ἰδίαν</span> <span class='ocrx_word' id='word_1_449' title='bbox 654 1699 757 1738; x_wconf 72' lang='grc' dir='ltr'>ψυχὴν,</span> <span class='ocrx_word' id='word_1_450' title='bbox 782 1702 820 1735; x_wconf 83' lang='grc' dir='ltr'>τῷ</span> <span class='ocrx_word' id='word_1_451' title='bbox 841 1698 901 1733; x_wconf 76' lang='grc' dir='ltr'>ἡδεῖ</span> 
     </span>
    </p>
   </div>
   <div class='ocr_carea' id='block_1_63' title="bbox 76 1741 900 1783">
    <p class='ocr_par' dir='ltr' id='par_1_63' title="bbox 76 1741 900 1783">
     <span class='ocr_line' id='line_1_64' title="bbox 76 1741 900 1783; baseline 0.004 -15"><span class='ocrx_word' id='word_1_452' title='bbox 76 1751 105 1768; x_wconf 85' lang='grc' dir='ltr'><strong>τε</strong></span> <span class='ocrx_word' id='word_1_453' title='bbox 127 1741 405 1781; x_wconf 80' lang='grc' dir='ltr'>καταγλυκαινομένην</span> <span class='ocrx_word' id='word_1_454' title='bbox 434 1747 483 1777; x_wconf 73' lang='grc' dir='ltr'>τῆς</span> <span class='ocrx_word' id='word_1_455' title='bbox 511 1742 688 1782; x_wconf 81' lang='grc' dir='ltr'>κατανύξεως,</span> <span class='ocrx_word' id='word_1_456' title='bbox 711 1744 754 1771; x_wconf 87' lang='grc' dir='ltr'><strong>καὶ</strong></span> <span class='ocrx_word' id='word_1_457' title='bbox 776 1747 813 1780; x_wconf 82' lang='grc' dir='ltr'>τῷ</span> <span class='ocrx_word' id='word_1_458' title='bbox 834 1746 900 1783; x_wconf 80' lang='grc' dir='ltr'>φωτὶ</span> 
     </span>
    </p>
   </div>
   <div class='ocr_carea' id='block_1_64' title="bbox 75 1788 567 1827">
    <p class='ocr_par' dir='ltr' id='par_1_64' title="bbox 75 1788 567 1827">
     <span class='ocr_line' id='line_1_65' title="bbox 75 1788 567 1827; baseline 0.01 -14"><span class='ocrx_word' id='word_1_459' title='bbox 75 1788 325 1825; x_wconf 70' lang='grc' dir='ltr'>καταφυγτιζομὲνην</span> <span class='ocrx_word' id='word_1_460' title='bbox 342 1792 388 1817; x_wconf 83' lang='grc' dir='ltr'>τοῦ</span> <span class='ocrx_word' id='word_1_461' title='bbox 404 1789 567 1827; x_wconf 84' lang='grc' dir='ltr'>Πνεύματος.</span> 
     </span>
    </p>
   </div>
   <div class='ocr_carea' id='block_1_65' title="bbox 119 1826 898 1873">
    <p class='ocr_par' dir='ltr' id='par_1_65' title="bbox 119 1826 898 1873">
     <span class='ocr_line' id='line_1_66' title="bbox 119 1826 898 1873; baseline 0.001 -14"><span class='ocrx_word' id='word_1_462' title='bbox 119 1826 154 1860; x_wconf 76' lang='grc' dir='ltr'><strong>θ’.</strong></span> <span class='ocrx_word' id='word_1_463' title='bbox 173 1832 221 1860; x_wconf 85' lang='grc' dir='ltr'>Καὶ</span> <span class='ocrx_word' id='word_1_464' title='bbox 234 1832 251 1866; x_wconf 76' lang='grc' dir='ltr'>ἡ</span> <span class='ocrx_word' id='word_1_465' title='bbox 273 1833 391 1867; x_wconf 82' lang='grc' dir='ltr'>ποσότης</span> <span class='ocrx_word' id='word_1_466' title='bbox 420 1833 446 1861; x_wconf 82' lang='grc' dir='ltr'>ἐν</span> <span class='ocrx_word' id='word_1_467' title='bbox 470 1841 531 1865; x_wconf 68' lang='grc' dir='ltr'>ταῖς</span> <span class='ocrx_word' id='word_1_468' title='bbox 560 1836 612 1861; x_wconf 86' lang='grc' dir='ltr'>τῶν</span> <span class='ocrx_word' id='word_1_469' title='bbox 628 1835 716 1873; x_wconf 70' lang='grc' dir='ltr'>εὐχῶν</span> <span class='ocrx_word' id='word_1_470' title='bbox 731 1831 898 1870; x_wconf 76' lang='grc' dir='ltr'>ψαλμῳδίαις</span> 
     </span>
    </p>
   </div>
   <div class='ocr_carea' id='block_1_66' title="bbox 80 1875 898 1918">
    <p class='ocr_par' dir='ltr' id='par_1_66' title="bbox 80 1875 898 1918">
     <span class='ocr_line' id='line_1_67' title="bbox 80 1875 898 1918; baseline 0.002 -14"><span class='ocrx_word' id='word_1_471' title='bbox 80 1875 183 1915; x_wconf 81' lang='grc' dir='ltr'>ἀρίστη,</span> <span class='ocrx_word' id='word_1_472' title='bbox 232 1878 309 1912; x_wconf 80' lang='grc' dir='ltr'>ἡνίκα</span> <span class='ocrx_word' id='word_1_473' title='bbox 353 1880 451 1912; x_wconf 80' lang='grc' dir='ltr'>ταύτης</span> <span class='ocrx_word' id='word_1_474' title='bbox 489 1878 610 1918; x_wconf 86' lang='grc' dir='ltr'>καρτερία</span> <span class='ocrx_word' id='word_1_475' title='bbox 652 1884 811 1917; x_wconf 72' lang='grc' dir='ltr'>προηγεῖται</span> <span class='ocrx_word' id='word_1_476' title='bbox 855 1879 898 1906; x_wconf 82' lang='grc' dir='ltr'><strong>καὶ</strong></span> 
     </span>
    </p>
   </div>
   <div class='ocr_carea' id='block_1_67' title="bbox 79 1921 897 1961">
    <p class='ocr_par' dir='ltr' id='par_1_67' title="bbox 79 1921 897 1961">
     <span class='ocr_line' id='line_1_68' title="bbox 79 1921 897 1961; baseline -0.001 -11"><span class='ocrx_word' id='word_1_477' title='bbox 79 1923 214 1961; x_wconf 74' lang='grc' dir='ltr'>προσοχή.</span> <span class='ocrx_word' id='word_1_478' title='bbox 248 1921 322 1950; x_wconf 78' lang='grc' dir='ltr'>Ἀλλ’</span> <span class='ocrx_word' id='word_1_479' title='bbox 355 1924 372 1957; x_wconf 80' lang='grc' dir='ltr'><strong>ἡ</strong></span> <span class='ocrx_word' id='word_1_480' title='bbox 407 1924 519 1957; x_wconf 85' lang='grc' dir='ltr'>ποιότης</span> <span class='ocrx_word' id='word_1_481' title='bbox 547 1923 601 1951; x_wconf 76' lang='grc' dir='ltr'>ἐστὶ</span> <span class='ocrx_word' id='word_1_482' title='bbox 626 1923 655 1950; x_wconf 82' lang='grc' dir='ltr'>τὸ</span> <span class='ocrx_word' id='word_1_483' title='bbox 682 1925 828 1960; x_wconf 78' lang='grc' dir='ltr'>ζωογονοῦν</span> <span class='ocrx_word' id='word_1_484' title='bbox 848 1922 897 1955; x_wconf 78' lang='grc' dir='ltr'>τὴν</span> 
     </span>
    </p>
   </div>
   <div class='ocr_carea' id='block_1_68' title="bbox 79 1966 898 2008">
    <p class='ocr_par' dir='ltr' id='par_1_68' title="bbox 79 1966 898 2008">
     <span class='ocr_line' id='line_1_69' title="bbox 79 1966 898 2008; baseline 0.006 -15"><span class='ocrx_word' id='word_1_485' title='bbox 79 1966 180 2005; x_wconf 71' lang='grc' dir='ltr'>ψυχὴν,</span> <span class='ocrx_word' id='word_1_486' title='bbox 204 1966 222 1999; x_wconf 78' lang='grc' dir='ltr'>ἦ</span> <span class='ocrx_word' id='word_1_487' title='bbox 247 1968 290 1995; x_wconf 84' lang='grc' dir='ltr'><strong>καὶ</strong></span> <span class='ocrx_word' id='word_1_488' title='bbox 311 1967 435 2007; x_wconf 78' lang='grc' dir='ltr'>πρόξενος</span> <span class='ocrx_word' id='word_1_489' title='bbox 459 1968 507 1996; x_wconf 68' lang='grc' dir='ltr'><strong>τοῦ</strong></span> <span class='ocrx_word' id='word_1_490' title='bbox 530 1972 642 2008; x_wconf 73' lang='grc' dir='ltr'>καρποῦ.</span> <span class='ocrx_word' id='word_1_491' title='bbox 659 1967 772 2000; x_wconf 73' lang='grc' dir='ltr'>Ποιότης</span> <span class='ocrx_word' id='word_1_492' title='bbox 789 1966 815 1994; x_wconf 69' lang='grc' dir='ltr'><strong>δὲ</strong></span> <span class='ocrx_word' id='word_1_493' title='bbox 831 1966 898 2004; x_wconf 75' lang='grc' dir='ltr'>ψαλ-</span> 
     </span>
    </p>
   </div>
   <div class='ocr_carea' id='block_1_69' title="bbox 77 2010 899 2053">
    <p class='ocr_par' dir='ltr' id='par_1_69' title="bbox 77 2010 899 2053">
     <span class='ocr_line' id='line_1_70' title="bbox 77 2010 899 2053; baseline 0.001 -15"><span class='ocrx_word' id='word_1_494' title='bbox 77 2010 175 2047; x_wconf 81' lang='grc' dir='ltr'>μῳδίας</span> <span class='ocrx_word' id='word_1_495' title='bbox 201 2012 244 2039; x_wconf 83' lang='grc' dir='ltr'><strong>καὶ</strong></span> <span class='ocrx_word' id='word_1_496' title='bbox 269 2015 434 2053; x_wconf 73' lang='grc' dir='ltr'>προσευχῆς,</span> <span class='ocrx_word' id='word_1_497' title='bbox 462 2015 494 2041; x_wconf 71' lang='grc' dir='ltr'><strong>τὸ</strong></span> <span class='ocrx_word' id='word_1_498' title='bbox 521 2013 588 2051; x_wconf 78' lang='grc' dir='ltr'>μετὰ</span> <span class='ocrx_word' id='word_1_499' title='bbox 613 2015 659 2041; x_wconf 79' lang='grc' dir='ltr'>τοῦ</span> <span class='ocrx_word' id='word_1_500' title='bbox 688 2012 836 2050; x_wconf 78' lang='grc' dir='ltr'>πνεύματος</span> <span class='ocrx_word' id='word_1_501' title='bbox 858 2010 899 2039; x_wconf 60' lang='grc' dir='ltr'><strong>εὖ·</strong></span> 
     </span>
    </p>
   </div>
   <div class='ocr_carea' id='block_1_70' title="bbox 77 2056 897 2098">
    <p class='ocr_par' dir='ltr' id='par_1_70' title="bbox 77 2056 897 2098">
     <span class='ocr_line' id='line_1_71' title="bbox 77 2056 897 2098; baseline 0 -15"><span class='ocrx_word' id='word_1_502' title='bbox 77 2057 180 2095; x_wconf 78' lang='grc' dir='ltr'>χεσθαι,</span> <span class='ocrx_word' id='word_1_503' title='bbox 199 2057 294 2094; x_wconf 79' lang='grc' dir='ltr'>καὶτῷ</span> <span class='ocrx_word' id='word_1_504' title='bbox 308 2059 361 2089; x_wconf 84' lang='grc' dir='ltr'>νοί,</span> <span class='ocrx_word' id='word_1_505' title='bbox 389 2058 503 2098; x_wconf 75' lang='grc' dir='ltr'>Εὗχεται</span> <span class='ocrx_word' id='word_1_506' title='bbox 529 2057 555 2086; x_wconf 83' lang='grc' dir='ltr'><em>δέ</em></span> <span class='ocrx_word' id='word_1_507' title='bbox 581 2069 620 2089; x_wconf 91' lang='grc' dir='ltr'><strong>τις</strong></span> <span class='ocrx_word' id='word_1_508' title='bbox 645 2061 684 2095; x_wconf 83' lang='grc' dir='ltr'>τῷ</span> <span class='ocrx_word' id='word_1_509' title='bbox 697 2058 751 2094; x_wconf 70' lang='grc' dir='ltr'>νοΐ,</span> <span class='ocrx_word' id='word_1_510' title='bbox 775 2056 836 2084; x_wconf 72' lang='grc' dir='ltr'>ὅταν</span> <span class='ocrx_word' id='word_1_511' title='bbox 853 2056 897 2084; x_wconf 66' lang='grc' dir='ltr'><strong>εὖ-</strong></span> 
     </span>
    </p>
   </div>
   <div class='ocr_carea' id='block_1_71' title="bbox 76 2101 895 2142">
    <p class='ocr_par' dir='ltr' id='par_1_71' title="bbox 76 2101 895 2142">
     <span class='ocr_line' id='line_1_72' title="bbox 76 2101 895 2142; baseline 0 -14"><span class='ocrx_word' id='word_1_512' title='bbox 76 2101 190 2140; x_wconf 84' lang='grc' dir='ltr'>χόμενος</span> <span class='ocrx_word' id='word_1_513' title='bbox 215 2103 258 2130; x_wconf 84' lang='grc' dir='ltr'><strong>καὶ</strong></span> <span class='ocrx_word' id='word_1_514' title='bbox 282 2101 402 2139; x_wconf 67' lang='grc' dir='ltr'>ψάλλων,</span> <span class='ocrx_word' id='word_1_515' title='bbox 434 2104 578 2142; x_wconf 72' lang='grc' dir='ltr'>ἀναθεωρεῖ</span> <span class='ocrx_word' id='word_1_516' title='bbox 599 2103 644 2131; x_wconf 79' lang='grc' dir='ltr'><strong>τὸν</strong></span> <span class='ocrx_word' id='word_1_517' title='bbox 673 2105 732 2130; x_wconf 61' lang='grc' dir='ltr'>νοῦν</span> <span class='ocrx_word' id='word_1_518' title='bbox 747 2102 792 2129; x_wconf 75' lang='grc' dir='ltr'>τὸν</span> <span class='ocrx_word' id='word_1_519' title='bbox 806 2101 895 2139; x_wconf 84' lang='grc' dir='ltr'>ἐγκεί-</span> 
     </span>
    </p>
   </div>
   <div class='ocr_carea' id='block_1_72' title="bbox 77 2144 895 2189">
    <p class='ocr_par' dir='ltr' id='par_1_72' title="bbox 77 2144 895 2189">
     <span class='ocr_line' id='line_1_73' title="bbox 77 2144 895 2189; baseline -0.001 -16"><span class='ocrx_word' id='word_1_520' title='bbox 77 2156 154 2182; x_wconf 89' lang='grc' dir='ltr'>μενον</span> <span class='ocrx_word' id='word_1_521' title='bbox 185 2145 211 2173; x_wconf 77' lang='grc' dir='ltr'>ἐν</span> <span class='ocrx_word' id='word_1_522' title='bbox 238 2149 273 2184; x_wconf 75' lang='grc' dir='ltr'>τῇ</span> <span class='ocrx_word' id='word_1_523' title='bbox 306 2148 361 2183; x_wconf 85' lang='grc' dir='ltr'>θείᾳ</span> <span class='ocrx_word' id='word_1_524' title='bbox 396 2150 486 2187; x_wconf 75' lang='grc' dir='ltr'>Γραφῇ</span> <span class='ocrx_word' id='word_1_525' title='bbox 503 2156 510 2163; x_wconf 94' lang='grc'><strong>·</strong></span> <span class='ocrx_word' id='word_1_526' title='bbox 546 2148 590 2176; x_wconf 83' lang='grc' dir='ltr'><strong>καὶ</strong></span> <span class='ocrx_word' id='word_1_527' title='bbox 620 2145 727 2186; x_wconf 75' lang='grc' dir='ltr'>δέχεται</span> <span class='ocrx_word' id='word_1_528' title='bbox 756 2144 895 2189; x_wconf 60' lang='grc' dir='ltr'>ἀναϐάσεις</span> 
     </span>
    </p>
   </div>
   <div class='ocr_carea' id='block_1_73' title="bbox 77 2190 895 2231">
    <p class='ocr_par' dir='ltr' id='par_1_73' title="bbox 77 2190 895 2231">
     <span class='ocr_line' id='line_1_74' title="bbox 77 2190 895 2231; baseline 0 -14"><span class='ocrx_word' id='word_1_529' title='bbox 77 2190 176 2218; x_wconf 78' lang='grc' dir='ltr'>ἐκεῖθεν</span> <span class='ocrx_word' id='word_1_530' title='bbox 199 2192 340 2228; x_wconf 77' lang='grc' dir='ltr'>νοημάτων</span> <span class='ocrx_word' id='word_1_531' title='bbox 370 2192 395 2220; x_wconf 78' lang='grc' dir='ltr'>ἐν</span> <span class='ocrx_word' id='word_1_532' title='bbox 419 2196 453 2230; x_wconf 76' lang='grc' dir='ltr'>τῇ</span> <span class='ocrx_word' id='word_1_533' title='bbox 482 2191 573 2231; x_wconf 77' lang='grc' dir='ltr'>καρδίᾳ</span> <span class='ocrx_word' id='word_1_534' title='bbox 600 2192 679 2220; x_wconf 69' lang='grc' dir='ltr'>αὐτοῦ</span> <span class='ocrx_word' id='word_1_535' title='bbox 699 2191 730 2219; x_wconf 82' lang='grc' dir='ltr'>ἐκ</span> <span class='ocrx_word' id='word_1_536' title='bbox 743 2192 895 2229; x_wconf 81' lang='grc' dir='ltr'>θεοπρεπῶν</span> 
     </span>
    </p>
   </div>
   <div class='ocr_carea' id='block_1_74' title="bbox 77 2234 895 2277">
    <p class='ocr_par' dir='ltr' id='par_1_74' title="bbox 77 2234 895 2277">
     <span class='ocr_line' id='line_1_75' title="bbox 77 2234 895 2277; baseline 0 -15"><span class='ocrx_word' id='word_1_537' title='bbox 77 2234 194 2276; x_wconf 79' lang='grc' dir='ltr'>ἐννοιῶν,</span> <span class='ocrx_word' id='word_1_538' title='bbox 209 2235 252 2275; x_wconf 74' lang='grc' dir='ltr'><strong>ὑφ’</strong></span> <span class='ocrx_word' id='word_1_539' title='bbox 266 2238 302 2263; x_wconf 80' lang='grc' dir='ltr'>ὧν</span> <span class='ocrx_word' id='word_1_540' title='bbox 324 2237 492 2276; x_wconf 70' lang='grc' dir='ltr'>ἂρπαζομένη</span> <span class='ocrx_word' id='word_1_541' title='bbox 515 2237 611 2277; x_wconf 81' lang='grc' dir='ltr'>νοερῶς</span> <span class='ocrx_word' id='word_1_542' title='bbox 642 2237 660 2270; x_wconf 81' lang='grc' dir='ltr'>ἡ</span> <span class='ocrx_word' id='word_1_543' title='bbox 690 2235 766 2275; x_wconf 77' lang='grc' dir='ltr'>ψυχὴ</span> <span class='ocrx_word' id='word_1_544' title='bbox 782 2236 817 2266; x_wconf 73' lang='grc' dir='ltr'>εἷς</span> <span class='ocrx_word' id='word_1_545' title='bbox 832 2234 895 2274; x_wconf 82' lang='grc' dir='ltr'>ἀέρα</span> 
     </span>
    </p>
   </div>
   <div class='ocr_carea' id='block_1_75' title="bbox 78 2279 893 2321">
    <p class='ocr_par' dir='ltr' id='par_1_75' title="bbox 78 2279 893 2321">
     <span class='ocr_line' id='line_1_76' title="bbox 78 2279 893 2321; baseline 0 -14"><span class='ocrx_word' id='word_1_546' title='bbox 78 2281 174 2319; x_wconf 71' lang='grc' dir='ltr'>φωτὸς,</span> <span class='ocrx_word' id='word_1_547' title='bbox 211 2280 374 2318; x_wconf 76' lang='grc' dir='ltr'>ἐλλάμπεται</span> <span class='ocrx_word' id='word_1_548' title='bbox 408 2285 522 2321; x_wconf 81' lang='grc' dir='ltr'>τρανῶς,</span> <span class='ocrx_word' id='word_1_549' title='bbox 551 2282 595 2310; x_wconf 79' lang='grc' dir='ltr'><strong>καὶ</strong></span> <span class='ocrx_word' id='word_1_550' title='bbox 623 2282 772 2320; x_wconf 84' lang='grc' dir='ltr'>καθαίρεται</span> <span class='ocrx_word' id='word_1_551' title='bbox 801 2279 893 2316; x_wconf 79' lang='grc' dir='ltr'>πλέον,</span> 
     </span>
    </p>
   </div>
   <div class='ocr_carea' id='block_1_76' title="bbox 78 2325 894 2366">
    <p class='ocr_par' dir='ltr' id='par_1_76' title="bbox 78 2325 894 2366">
     <span class='ocr_line' id='line_1_77' title="bbox 78 2325 894 2366; baseline 0 -14"><span class='ocrx_word' id='word_1_552' title='bbox 78 2325 119 2352; x_wconf 78' lang='grc' dir='ltr'><strong>καὶ</strong></span> <span class='ocrx_word' id='word_1_553' title='bbox 147 2326 210 2363; x_wconf 87' lang='grc' dir='ltr'>πρὸς</span> <span class='ocrx_word' id='word_1_554' title='bbox 240 2327 364 2365; x_wconf 63' lang='grc' dir='ltr'>οὐρανοὺς</span> <span class='ocrx_word' id='word_1_555' title='bbox 392 2326 441 2360; x_wconf 81' lang='grc' dir='ltr'><strong>ὅλη</strong></span> <span class='ocrx_word' id='word_1_556' title='bbox 464 2327 603 2366; x_wconf 77' lang='grc' dir='ltr'>μετάρσιος</span> <span class='ocrx_word' id='word_1_557' title='bbox 633 2326 742 2365; x_wconf 82' lang='grc' dir='ltr'>γίνεται,</span> <span class='ocrx_word' id='word_1_558' title='bbox 770 2325 814 2352; x_wconf 82' lang='grc' dir='ltr'><strong>καὶ</strong></span> <span class='ocrx_word' id='word_1_559' title='bbox 841 2327 894 2352; x_wconf 81' lang='grc' dir='ltr'><strong>τῶν</strong></span> 
     </span>
    </p>
   </div>
   <div class='ocr_carea' id='block_1_77' title="bbox 77 2369 895 2410">
    <p class='ocr_par' dir='ltr' id='par_1_77' title="bbox 77 2369 895 2410">
     <span class='ocr_line' id='line_1_78' title="bbox 77 2369 895 2410; baseline -0.001 -13"><span class='ocrx_word' id='word_1_560' title='bbox 77 2369 258 2407; x_wconf 77' lang='grc' dir='ltr'>ἀποκειμένων</span> <span class='ocrx_word' id='word_1_561' title='bbox 299 2378 358 2402; x_wconf 75' lang='grc' dir='ltr'>τοῖς</span> <span class='ocrx_word' id='word_1_562' title='bbox 402 2372 486 2410; x_wconf 81' lang='grc' dir='ltr'>ἁγίοις</span> <span class='ocrx_word' id='word_1_563' title='bbox 530 2372 633 2410; x_wconf 84' lang='grc' dir='ltr'>ἀγαθῶν</span> <span class='ocrx_word' id='word_1_564' title='bbox 668 2370 821 2398; x_wconf 58' lang='grc' dir='ltr'>κατοπτεύει</span> <span class='ocrx_word' id='word_1_565' title='bbox 862 2369 895 2397; x_wconf 78' lang='grc' dir='ltr'><strong>τὰ</strong></span> 
     </span>
    </p>
   </div>
   <div class='ocr_carea' id='block_1_78' title="bbox 76 2413 892 2454">
    <p class='ocr_par' dir='ltr' id='par_1_78' title="bbox 76 2413 892 2454">
     <span class='ocr_line' id='line_1_79' title="bbox 76 2413 892 2454; baseline 0 -13"><span class='ocrx_word' id='word_1_566' title='bbox 76 2413 159 2448; x_wconf 81' lang='grc' dir='ltr'>κάλλη</span> <span class='ocrx_word' id='word_1_567' title='bbox 179 2423 184 2429; x_wconf 93' lang='grc'><strong>·</strong></span> <span class='ocrx_word' id='word_1_568' title='bbox 210 2416 247 2442; x_wconf 82' lang='grc' dir='ltr'>ὧν</span> <span class='ocrx_word' id='word_1_569' title='bbox 274 2419 308 2454; x_wconf 76' lang='grc' dir='ltr'>τῇ</span> <span class='ocrx_word' id='word_1_570' title='bbox 337 2416 458 2454; x_wconf 77' lang='grc' dir='ltr'>ἐπιθυμίᾳ</span> <span class='ocrx_word' id='word_1_571' title='bbox 485 2415 655 2454; x_wconf 76' lang='grc' dir='ltr'>ἐκκαιομένη,</span> <span class='ocrx_word' id='word_1_572' title='bbox 671 2416 717 2442; x_wconf 77' lang='grc' dir='ltr'><strong>τὸν</strong></span> <span class='ocrx_word' id='word_1_573' title='bbox 731 2415 831 2453; x_wconf 76' lang='grc' dir='ltr'>καρπὸν</span> <span class='ocrx_word' id='word_1_574' title='bbox 847 2414 892 2441; x_wconf 68' lang='grc' dir='ltr'><strong>εὖ-</strong></span> 
     </span>
    </p>
   </div>
   <div class='ocr_carea' id='block_1_79' title="bbox 76 2459 893 2500">
    <p class='ocr_par' dir='ltr' id='par_1_79' title="bbox 76 2459 893 2500">
     <span class='ocr_line' id='line_1_80' title="bbox 76 2459 893 2500; baseline -0.005 -10"><span class='ocrx_word' id='word_1_575' title='bbox 76 2459 117 2490; x_wconf 57' lang='grc' dir='ltr'><strong>(ὣς</strong></span> <span class='ocrx_word' id='word_1_576' title='bbox 132 2462 181 2492; x_wconf 76' lang='grc' dir='ltr'><strong>τῆς</strong></span> <span class='ocrx_word' id='word_1_577' title='bbox 195 2461 279 2499; x_wconf 64' lang='grc' dir='ltr'>εὐχῆς</span> <span class='ocrx_word' id='word_1_578' title='bbox 309 2460 438 2498; x_wconf 81' lang='grc' dir='ltr'>ἐκπέμπει</span> <span class='ocrx_word' id='word_1_579' title='bbox 465 2461 517 2489; x_wconf 74' lang='grc' dir='ltr'>ἀπὸ</span> <span class='ocrx_word' id='word_1_580' title='bbox 538 2463 590 2488; x_wconf 72' lang='grc' dir='ltr'>τῶν</span> <span class='ocrx_word' id='word_1_581' title='bbox 618 2459 770 2500; x_wconf 69' lang='grc' dir='ltr'>ὀφθαλμῶν,</span> <span class='ocrx_word' id='word_1_582' title='bbox 798 2460 841 2486; x_wconf 88' lang='grc' dir='ltr'><strong>καὶ</strong></span> <span class='ocrx_word' id='word_1_583' title='bbox 863 2459 893 2486; x_wconf 79' lang='grc' dir='ltr'>τὸ</span> 
     </span>
    </p>
   </div>
   <div class='ocr_carea' id='block_1_80' title="bbox 75 2504 893 2551">
    <p class='ocr_par' dir='ltr' id='par_1_80' title="bbox 75 2504 893 2545">
     <span class='ocr_line' id='line_1_81' title="bbox 75 2504 893 2545; baseline 0 -15"><span class='ocrx_word' id='word_1_584' title='bbox 75 2506 142 2540; x_wconf 73' lang='grc' dir='ltr'>νᾶμα</span> <span class='ocrx_word' id='word_1_585' title='bbox 183 2507 236 2531; x_wconf 66' lang='grc' dir='ltr'>τῶν</span> <span class='ocrx_word' id='word_1_586' title='bbox 279 2504 394 2545; x_wconf 82' lang='grc' dir='ltr'>δακρύων</span> <span class='ocrx_word' id='word_1_587' title='bbox 431 2505 556 2545; x_wconf 78' lang='grc' dir='ltr'>πηγάζει,</span> <span class='ocrx_word' id='word_1_588' title='bbox 601 2505 630 2533; x_wconf 81' lang='grc' dir='ltr'>ἐκ</span> <span class='ocrx_word' id='word_1_589' title='bbox 667 2505 716 2537; x_wconf 75' lang='grc' dir='ltr'>τῆς</span> <span class='ocrx_word' id='word_1_590' title='bbox 742 2507 893 2543; x_wconf 79' lang='grc' dir='ltr'>φωτοποιοῦ</span> 
     </span>
    </p>
   </div>
   <div class='ocr_carea' id='block_1_81' title="bbox 74 2548 891 2589">
    <p class='ocr_par' dir='ltr' id='par_1_81' title="bbox 74 2548 891 2589">
     <span class='ocr_line' id='line_1_82' title="bbox 74 2548 891 2589; baseline 0.001 -14"><span class='ocrx_word' id='word_1_591' title='bbox 74 2548 202 2588; x_wconf 75' lang='grc' dir='ltr'>ἐνεργείας</span> <span class='ocrx_word' id='word_1_592' title='bbox 239 2555 285 2580; x_wconf 81' lang='grc' dir='ltr'>τοῦ</span> <span class='ocrx_word' id='word_1_593' title='bbox 327 2551 487 2588; x_wconf 80' lang='grc' dir='ltr'>Πνεύματος,</span> <span class='ocrx_word' id='word_1_594' title='bbox 533 2548 571 2578; x_wconf 55' lang='lat' dir='ltr'><strong>sev</strong></span> <span class='ocrx_word' id='word_1_595' title='bbox 597 2551 615 2584; x_wconf 80' lang='grc' dir='ltr'>ἡ</span> <span class='ocrx_word' id='word_1_596' title='bbox 643 2555 731 2589; x_wconf 75' lang='grc' dir='ltr'>γεῦσις</span> <span class='ocrx_word' id='word_1_597' title='bbox 767 2552 891 2577; x_wconf 74' lang='grc' dir='ltr'>τοσοῦτον</span> 
     </span>
    </p>
   </div>
   <div class='ocr_carea' id='block_1_82' title="bbox 73 2592 893 2635">
    <p class='ocr_par' dir='ltr' id='par_1_82' title="bbox 73 2592 893 2635">
     <span class='ocr_line' id='line_1_83' title="bbox 73 2592 893 2635; baseline 0.001 -15"><span class='ocrx_word' id='word_1_598' title='bbox 73 2592 160 2630; x_wconf 75' lang='grc' dir='ltr'>ἡδεῖα,</span> <span class='ocrx_word' id='word_1_599' title='bbox 189 2595 224 2626; x_wconf 87' lang='grc' dir='ltr'><strong>ὼς</strong></span> <span class='ocrx_word' id='word_1_600' title='bbox 253 2596 296 2623; x_wconf 82' lang='grc' dir='ltr'>καὶ</span> <span class='ocrx_word' id='word_1_601' title='bbox 324 2598 478 2633; x_wconf 82' lang='grc' dir='ltr'>σωματικῆς</span> <span class='ocrx_word' id='word_1_602' title='bbox 507 2597 605 2635; x_wconf 62' lang='grc' dir='ltr'>τροφῆς</span> <span class='ocrx_word' id='word_1_603' title='bbox 635 2594 688 2622; x_wconf 73' lang='grc' dir='ltr'>ἔσθ’</span> <span class='ocrx_word' id='word_1_604' title='bbox 713 2593 757 2622; x_wconf 71' lang='grc' dir='ltr'><strong>ὅτε</strong></span> <span class='ocrx_word' id='word_1_605' title='bbox 788 2594 832 2622; x_wconf 78' lang='grc' dir='ltr'>τὸν</span> <span class='ocrx_word' id='word_1_606' title='bbox 866 2593 893 2621; x_wconf 78' lang='grc' dir='ltr'>ἐν</span> 
     </span>
    </p>
   </div>
   <div class='ocr_carea' id='block_1_83' title="bbox 75 2637 893 2678">
    <p class='ocr_par' dir='ltr' id='par_1_83' title="bbox 75 2637 893 2678">
     <span class='ocr_line' id='line_1_84' title="bbox 75 2637 893 2678; baseline 0.001 -13"><span class='ocrx_word' id='word_1_607' title='bbox 75 2637 172 2675; x_wconf 76' lang='grc' dir='ltr'>μεθέξει</span> <span class='ocrx_word' id='word_1_608' title='bbox 221 2640 320 2668; x_wconf 87' lang='grc' dir='ltr'>τούτων</span> <span class='ocrx_word' id='word_1_609' title='bbox 368 2639 509 2678; x_wconf 79' lang='grc' dir='ltr'>γενόμενον</span> <span class='ocrx_word' id='word_1_610' title='bbox 561 2638 785 2669; x_wconf 76' lang='grc' dir='ltr'>ἐπιλανθάνεσθαι,</span> <span class='ocrx_word' id='word_1_611' title='bbox 844 2638 893 2666; x_wconf 82' lang='grc' dir='ltr'><strong>Καὶ</strong></span> 
     </span>
    </p>
   </div>
   <div class='ocr_carea' id='block_1_84' title="bbox 73 2683 892 2724">
    <p class='ocr_par' dir='ltr' id='par_1_84' title="bbox 73 2683 892 2724">
     <span class='ocr_line' id='line_1_85' title="bbox 73 2683 892 2724; baseline 0 -14"><span class='ocrx_word' id='word_1_612' title='bbox 73 2683 146 2710; x_wconf 70' lang='grc' dir='ltr'>τοῦτό</span> <span class='ocrx_word' id='word_1_613' title='bbox 162 2683 231 2712; x_wconf 78' lang='grc' dir='ltr'>ἐστιν</span> <span class='ocrx_word' id='word_1_614' title='bbox 254 2686 267 2712; x_wconf 86' lang='grc' dir='ltr'>ὁ</span> <span class='ocrx_word' id='word_1_615' title='bbox 282 2686 382 2724; x_wconf 77' lang='grc' dir='ltr'>καρπὸς</span> <span class='ocrx_word' id='word_1_616' title='bbox 403 2686 453 2717; x_wconf 73' lang='grc' dir='ltr'>τῆς</span> <span class='ocrx_word' id='word_1_617' title='bbox 482 2685 576 2724; x_wconf 67' lang='grc' dir='ltr'>εὐχῆς,</span> <span class='ocrx_word' id='word_1_618' title='bbox 607 2685 620 2712; x_wconf 82' lang='grc' dir='ltr'>ὁ</span> <span class='ocrx_word' id='word_1_619' title='bbox 645 2684 675 2712; x_wconf 70' lang='grc' dir='ltr'>ἐκ</span> <span class='ocrx_word' id='word_1_620' title='bbox 689 2684 738 2716; x_wconf 80' lang='grc' dir='ltr'>τῆς</span> <span class='ocrx_word' id='word_1_621' title='bbox 751 2683 892 2716; x_wconf 80' lang='grc' dir='ltr'>ποιότητος</span> 
     </span>
    </p>
   </div>
   <div class='ocr_carea' id='block_1_85' title="bbox 73 2727 894 2768">
    <p class='ocr_par' dir='ltr' id='par_1_85' title="bbox 73 2727 894 2768">
     <span class='ocr_line' id='line_1_86' title="bbox 73 2727 894 2768; baseline -0.001 -13"><span class='ocrx_word' id='word_1_622' title='bbox 73 2729 120 2762; x_wconf 76' lang='grc' dir='ltr'>τῆς</span> <span class='ocrx_word' id='word_1_623' title='bbox 140 2727 295 2766; x_wconf 82' lang='grc' dir='ltr'>ψαλμῳδίας</span> <span class='ocrx_word' id='word_1_624' title='bbox 314 2729 483 2768; x_wconf 77' lang='grc' dir='ltr'>ἐγγινόμενος</span> <span class='ocrx_word' id='word_1_625' title='bbox 499 2736 561 2760; x_wconf 67' lang='grc' dir='ltr'>ταῖς</span> <span class='ocrx_word' id='word_1_626' title='bbox 582 2732 633 2756; x_wconf 84' lang='grc' dir='ltr'>τῶν</span> <span class='ocrx_word' id='word_1_627' title='bbox 662 2727 818 2768; x_wconf 68' lang='grc' dir='ltr'>εὒχομὲνων</span> <span class='ocrx_word' id='word_1_628' title='bbox 842 2729 894 2764; x_wconf 73' lang='grc' dir='ltr'>ψυι</span> 
     </span>
    </p>
   </div>
   <div class='ocr_carea' id='block_1_86' title="bbox 72 2779 146 2812">
    <p class='ocr_par' dir='ltr' id='par_1_86' title="bbox 72 2779 146 2812">
     <span class='ocr_line' id='line_1_87' title="bbox 72 2779 146 2812; baseline 0.014 -12"><span class='ocrx_word' id='word_1_629' title='bbox 72 2779 146 2812; x_wconf 71' lang='grc' dir='ltr'>χαϊς.</span> 
     </span>
    </p>
   </div>
   <div class='ocr_carea' id='block_1_87' title="bbox 107 2857 460 2897">
    <p class='ocr_par' dir='ltr' id='par_1_87' title="bbox 107 2857 460 2897">
     <span class='ocr_line' id='line_1_88' title="bbox 107 2857 460 2897; baseline 0.006 -8"><span class='ocrx_word' id='word_1_630' title='bbox 107 2857 138 2882; x_wconf 77' lang='grc'><strong>64</strong></span> <span class='ocrx_word' id='word_1_631' title='bbox 152 2857 232 2889; x_wconf 70' lang='lat' dir='ltr'><strong>Psal.</strong></span> <span class='ocrx_word' id='word_1_632' title='bbox 248 2866 349 2897; x_wconf 67' lang='grc' dir='ltr'><strong>χχχιχ,</strong></span> <span class='ocrx_word' id='word_1_633' title='bbox 365 2859 395 2897; x_wconf 83' lang='grc'>9,</span> <span class='ocrx_word' id='word_1_634' title='bbox 414 2861 460 2892; x_wconf 75' lang='lat' dir='ltr'><strong>ll.</strong></span> 
     </span>
    </p>
   </div>
   <div class='ocr_carea' id='block_1_88' title="bbox 941 1605 1763 1648">
    <p class='ocr_par' dir='ltr' id='par_1_88' title="bbox 941 1605 1763 1648">
     <span class='ocr_line' id='line_1_89' title="bbox 941 1605 1763 1648; baseline 0.004 -12"><span class='ocrx_word' id='word_1_635' title='bbox 941 1605 982 1644; x_wconf 71' lang='lat' dir='ltr'><strong>git</strong></span> <span class='ocrx_word' id='word_1_636' title='bbox 996 1615 1063 1636; x_wconf 88' lang='lat' dir='ltr'><strong>eum</strong></span> <span class='ocrx_word' id='word_1_637' title='bbox 1081 1606 1164 1646; x_wconf 86' lang='lat' dir='ltr'><strong>cujus</strong></span> <span class='ocrx_word' id='word_1_638' title='bbox 1187 1606 1217 1636; x_wconf 92' lang='lat' dir='ltr'><strong>in</strong></span> <span class='ocrx_word' id='word_1_639' title='bbox 1243 1607 1376 1637; x_wconf 87' lang='lat' dir='ltr'><strong>oratione</strong></span> <span class='ocrx_word' id='word_1_640' title='bbox 1393 1607 1481 1638; x_wconf 85' lang='lat' dir='ltr'><strong>verba</strong></span> <span class='ocrx_word' id='word_1_641' title='bbox 1497 1617 1563 1638; x_wconf 91' lang='lat' dir='ltr'><strong>cum</strong></span> <span class='ocrx_word' id='word_1_642' title='bbox 1580 1608 1686 1648; x_wconf 90' lang='lat' dir='ltr'><strong>spiritu</strong></span> <span class='ocrx_word' id='word_1_643' title='bbox 1698 1610 1763 1639; x_wconf 85' lang='lat' dir='ltr'><strong>sine</strong></span> 
     </span>
    </p>
   </div>
   <div class='ocr_carea' id='block_1_89' title="bbox 941 1650 1764 1693">
    <p class='ocr_par' dir='ltr' id='par_1_89' title="bbox 941 1650 1764 1693">
     <span class='ocr_line' id='line_1_90' title="bbox 941 1650 1764 1693; baseline 0.006 -14"><span class='ocrx_word' id='word_1_644' title='bbox 941 1650 1133 1682; x_wconf 78' lang='lat' dir='ltr'><strong>distractione</strong></span> <span class='ocrx_word' id='word_1_645' title='bbox 1154 1655 1330 1688; x_wconf 83' lang='lat' dir='ltr'><strong>consonant,</strong></span> <span class='ocrx_word' id='word_1_646' title='bbox 1355 1651 1440 1691; x_wconf 90' lang='lat' dir='ltr'><strong>cujus</strong></span> <span class='ocrx_word' id='word_1_647' title='bbox 1454 1652 1552 1684; x_wconf 88' lang='lat' dir='ltr'><strong>anima</strong></span> <span class='ocrx_word' id='word_1_648' title='bbox 1568 1652 1705 1693; x_wconf 83' lang='lat' dir='ltr'><strong>lacrymis</strong></span> <span class='ocrx_word' id='word_1_649' title='bbox 1720 1657 1764 1684; x_wconf 86' lang='lat' dir='ltr'><strong>est</strong></span> 
     </span>
    </p>
   </div>
   <div class='ocr_carea' id='block_1_90' title="bbox 941 1693 1764 1737">
    <p class='ocr_par' dir='ltr' id='par_1_90' title="bbox 941 1693 1764 1737">
     <span class='ocr_line' id='line_1_91' title="bbox 941 1693 1764 1737; baseline 0.005 -13"><span class='ocrx_word' id='word_1_650' title='bbox 941 1693 1051 1730; x_wconf 83' lang='lat' dir='ltr'><strong>abluta,</strong></span> <span class='ocrx_word' id='word_1_651' title='bbox 1080 1699 1109 1725; x_wconf 90' lang='lat' dir='ltr'><strong>et</strong></span> <span class='ocrx_word' id='word_1_652' title='bbox 1134 1694 1292 1726; x_wconf 88' lang='lat' dir='ltr'><strong>dulcedine</strong></span> <span class='ocrx_word' id='word_1_653' title='bbox 1317 1695 1448 1734; x_wconf 69' lang='lat' dir='ltr'><strong>mitigata</strong></span> <span class='ocrx_word' id='word_1_654' title='bbox 1464 1699 1714 1737; x_wconf 72' lang='lat' dir='ltr'><strong>compuncttonis,</strong></span> <span class='ocrx_word' id='word_1_655' title='bbox 1730 1707 1764 1729; x_wconf 86' lang='lat' dir='ltr'><strong>ac</strong></span> 
     </span>
    </p>
   </div>
   <div class='ocr_carea' id='block_1_91' title="bbox 941 1737 1361 1780">
    <p class='ocr_par' dir='ltr' id='par_1_91' title="bbox 941 1737 1361 1780">
     <span class='ocr_line' id='line_1_92' title="bbox 941 1737 1361 1780; baseline 0.005 -11"><span class='ocrx_word' id='word_1_656' title='bbox 941 1737 1052 1770; x_wconf 90' lang='lat' dir='ltr'><strong>lumine</strong></span> <span class='ocrx_word' id='word_1_657' title='bbox 1067 1739 1210 1770; x_wconf 85' lang='lat' dir='ltr'><strong>illustrata</strong></span> <span class='ocrx_word' id='word_1_658' title='bbox 1222 1739 1361 1780; x_wconf 88' lang='lat' dir='ltr'><strong>Spiritus.</strong></span> 
     </span>
    </p>
   </div>
   <div class='ocr_carea' id='block_1_92' title="bbox 982 1827 1760 1871">
    <p class='ocr_par' dir='ltr' id='par_1_92' title="bbox 982 1827 1760 1871">
     <span class='ocr_line' id='line_1_93' title="bbox 982 1827 1760 1871; baseline 0.006 -13"><span class='ocrx_word' id='word_1_659' title='bbox 982 1827 1028 1858; x_wconf 84' lang='grc'>70.</span> <span class='ocrx_word' id='word_1_660' title='bbox 1046 1827 1198 1864; x_wconf 87' lang='lat' dir='ltr'><strong>Quantitas</strong></span> <span class='ocrx_word' id='word_1_661' title='bbox 1213 1828 1242 1859; x_wconf 91' lang='lat' dir='ltr'><strong>in</strong></span> <span class='ocrx_word' id='word_1_662' title='bbox 1259 1838 1379 1869; x_wconf 90' lang='lat' dir='ltr'><strong>precum</strong></span> <span class='ocrx_word' id='word_1_663' title='bbox 1396 1829 1568 1870; x_wconf 86' lang='lat' dir='ltr'><strong>psalmodiis</strong></span> <span class='ocrx_word' id='word_1_664' title='bbox 1583 1831 1695 1871; x_wconf 91' lang='lat' dir='ltr'><strong>optima</strong></span> <span class='ocrx_word' id='word_1_665' title='bbox 1705 1836 1760 1869; x_wconf 90' lang='lat' dir='ltr'><strong>est,</strong></span> 
     </span>
    </p>
   </div>
   <div class='ocr_carea' id='block_1_93' title="bbox 939 1872 1760 1913">
    <p class='ocr_par' dir='ltr' id='par_1_93' title="bbox 939 1872 1760 1913">
     <span class='ocr_line' id='line_1_94' title="bbox 939 1872 1760 1913; baseline 0.009 -11"><span class='ocrx_word' id='word_1_666' title='bbox 939 1872 1057 1912; x_wconf 84' lang='lat' dir='ltr'><strong>quando</strong></span> <span class='ocrx_word' id='word_1_667' title='bbox 1082 1872 1110 1903; x_wconf 90' lang='lat' dir='ltr'><strong>ei</strong></span> <span class='ocrx_word' id='word_1_668' title='bbox 1134 1877 1241 1913; x_wconf 68' lang='lat' dir='ltr'><strong>praeest</strong></span> <span class='ocrx_word' id='word_1_669' title='bbox 1266 1874 1485 1913; x_wconf 87' lang='lat' dir='ltr'><strong>perseverantia</strong></span> <span class='ocrx_word' id='word_1_670' title='bbox 1501 1880 1528 1906; x_wconf 88' lang='lat' dir='ltr'><strong>et</strong></span> <span class='ocrx_word' id='word_1_671' title='bbox 1544 1878 1680 1909; x_wconf 89' lang='lat' dir='ltr'><strong>attentio.</strong></span> <span class='ocrx_word' id='word_1_672' title='bbox 1701 1876 1760 1908; x_wconf 88' lang='lat' dir='ltr'><strong>Sed</strong></span> 
     </span>
    </p>
   </div>
   <div class='ocr_carea' id='block_1_94' title="bbox 939 1917 1760 1960">
    <p class='ocr_par' dir='ltr' id='par_1_94' title="bbox 939 1917 1760 1960">
     <span class='ocr_line' id='line_1_95' title="bbox 939 1917 1760 1960; baseline 0.007 -13"><span class='ocrx_word' id='word_1_673' title='bbox 939 1917 1063 1957; x_wconf 85' lang='lat' dir='ltr'><strong>qualitas</strong></span> <span class='ocrx_word' id='word_1_674' title='bbox 1075 1922 1119 1948; x_wconf 87' lang='lat' dir='ltr'><strong>est</strong></span> <span class='ocrx_word' id='word_1_675' title='bbox 1133 1917 1213 1957; x_wconf 91' lang='lat' dir='ltr'><strong>quod</strong></span> <span class='ocrx_word' id='word_1_676' title='bbox 1230 1918 1358 1949; x_wconf 90' lang='lat' dir='ltr'><strong>animam</strong></span> <span class='ocrx_word' id='word_1_677' title='bbox 1373 1919 1511 1957; x_wconf 82' lang='lat' dir='ltr'><strong>viviﬁcat,</strong></span> <span class='ocrx_word' id='word_1_678' title='bbox 1529 1921 1607 1960; x_wconf 91' lang='lat' dir='ltr'><strong>quod</strong></span> <span class='ocrx_word' id='word_1_679' title='bbox 1633 1921 1760 1952; x_wconf 79' lang='lat' dir='ltr'><strong>fructum</strong></span> 
     </span>
    </p>
   </div>
   <div class='ocr_carea' id='block_1_95' title="bbox 939 1961 1761 2004">
    <p class='ocr_par' dir='ltr' id='par_1_95' title="bbox 939 1961 1761 2004">
     <span class='ocr_line' id='line_1_96' title="bbox 939 1961 1761 2004; baseline 0.006 -13"><span class='ocrx_word' id='word_1_680' title='bbox 939 1961 1057 2002; x_wconf 84' lang='lat' dir='ltr'><strong>profert.</strong></span> <span class='ocrx_word' id='word_1_681' title='bbox 1077 1961 1206 1998; x_wconf 88' lang='lat' dir='ltr'><strong>Qualitas</strong></span> <span class='ocrx_word' id='word_1_682' title='bbox 1221 1967 1318 1994; x_wconf 90' lang='lat' dir='ltr'><strong>autem</strong></span> <span class='ocrx_word' id='word_1_683' title='bbox 1342 1967 1371 1994; x_wconf 89' lang='lat' dir='ltr'><strong>et</strong></span> <span class='ocrx_word' id='word_1_684' title='bbox 1391 1964 1562 2004; x_wconf 68' lang='lat' dir='ltr'><strong>psalmodiaa</strong></span> <span class='ocrx_word' id='word_1_685' title='bbox 1577 1969 1605 1996; x_wconf 92' lang='lat' dir='ltr'><strong>et</strong></span> <span class='ocrx_word' id='word_1_686' title='bbox 1619 1967 1761 1998; x_wconf 83' lang='lat' dir='ltr'><strong>orationis</strong></span> 
     </span>
    </p>
   </div>
   <div class='ocr_carea' id='block_1_96' title="bbox 939 2006 1756 2047">
    <p class='ocr_par' dir='ltr' id='par_1_96' title="bbox 939 2006 1756 2047">
     <span class='ocr_line' id='line_1_97' title="bbox 939 2006 1756 2047; baseline 0.006 -11"><span class='ocrx_word' id='word_1_687' title='bbox 939 2006 1072 2037; x_wconf 87' lang='lat' dir='ltr'><strong>consistit</strong></span> <span class='ocrx_word' id='word_1_688' title='bbox 1085 2007 1116 2038; x_wconf 90' lang='lat' dir='ltr'><strong>in</strong></span> <span class='ocrx_word' id='word_1_689' title='bbox 1130 2007 1242 2038; x_wconf 92' lang='lat' dir='ltr'><strong>orando</strong></span> <span class='ocrx_word' id='word_1_690' title='bbox 1271 2007 1379 2047; x_wconf 90' lang='lat' dir='ltr'><strong>spiritu</strong></span> <span class='ocrx_word' id='word_1_691' title='bbox 1395 2017 1429 2039; x_wconf 86' lang='lat' dir='ltr'><strong>ac</strong></span> <span class='ocrx_word' id='word_1_692' title='bbox 1445 2012 1557 2040; x_wconf 89' lang='lat' dir='ltr'><strong>mente.</strong></span> <span class='ocrx_word' id='word_1_693' title='bbox 1574 2009 1644 2042; x_wconf 91' lang='lat' dir='ltr'><strong>Orat</strong></span> <span class='ocrx_word' id='word_1_694' title='bbox 1658 2015 1756 2042; x_wconf 88' lang='lat' dir='ltr'><strong>autem</strong></span> 
     </span>
    </p>
   </div>
   <div class='ocr_carea' id='block_1_97' title="bbox 939 2051 1757 2092">
    <p class='ocr_par' dir='ltr' id='par_1_97' title="bbox 939 2051 1757 2092">
     <span class='ocr_line' id='line_1_98' title="bbox 939 2051 1757 2092; baseline 0.006 -11"><span class='ocrx_word' id='word_1_695' title='bbox 939 2054 1050 2088; x_wconf 89' lang='lat' dir='ltr'><strong>mente,</strong></span> <span class='ocrx_word' id='word_1_696' title='bbox 1065 2051 1116 2091; x_wconf 88' lang='lat' dir='ltr'><strong>qui</strong></span> <span class='ocrx_word' id='word_1_697' title='bbox 1133 2060 1221 2082; x_wconf 87' lang='lat' dir='ltr'><strong>orans</strong></span> <span class='ocrx_word' id='word_1_698' title='bbox 1237 2055 1265 2082; x_wconf 90' lang='lat' dir='ltr'><strong>et</strong></span> <span class='ocrx_word' id='word_1_699' title='bbox 1280 2052 1410 2092; x_wconf 90' lang='lat' dir='ltr'><strong>psallens</strong></span> <span class='ocrx_word' id='word_1_700' title='bbox 1434 2053 1602 2085; x_wconf 86' lang='lat' dir='ltr'><strong>considerat</strong></span> <span class='ocrx_word' id='word_1_701' title='bbox 1627 2059 1757 2086; x_wconf 87' lang='lat' dir='ltr'><strong>mentem</strong></span> 
     </span>
    </p>
   </div>
   <div class='ocr_carea' id='block_1_98' title="bbox 936 2094 1757 2138">
    <p class='ocr_par' dir='ltr' id='par_1_98' title="bbox 936 2094 1757 2138">
     <span class='ocr_line' id='line_1_99' title="bbox 936 2094 1757 2138; baseline 0.006 -13"><span class='ocrx_word' id='word_1_702' title='bbox 936 2094 967 2125; x_wconf 91' lang='lat' dir='ltr'><strong>in</strong></span> <span class='ocrx_word' id='word_1_703' title='bbox 991 2095 1090 2126; x_wconf 87' lang='lat' dir='ltr'><strong>divina</strong></span> <span class='ocrx_word' id='word_1_704' title='bbox 1116 2095 1268 2136; x_wconf 86' lang='lat' dir='ltr'><strong>Scriptura</strong></span> <span class='ocrx_word' id='word_1_705' title='bbox 1291 2097 1429 2135; x_wconf 81' lang='lat' dir='ltr'><strong>infusam,</strong></span> <span class='ocrx_word' id='word_1_706' title='bbox 1446 2107 1481 2129; x_wconf 86' lang='lat' dir='ltr'><strong>ac</strong></span> <span class='ocrx_word' id='word_1_707' title='bbox 1495 2098 1585 2138; x_wconf 81' lang='lat' dir='ltr'><strong>digna</strong></span> <span class='ocrx_word' id='word_1_708' title='bbox 1610 2099 1670 2130; x_wconf 86' lang='lat' dir='ltr'><strong>Deo</strong></span> <span class='ocrx_word' id='word_1_709' title='bbox 1686 2109 1757 2130; x_wconf 89' lang='lat' dir='ltr'><strong>sen-</strong></span> 
     </span>
    </p>
   </div>
   <div class='ocr_carea' id='block_1_99' title="bbox 937 2140 1756 2182">
    <p class='ocr_par' dir='ltr' id='par_1_99' title="bbox 937 2140 1756 2182">
     <span class='ocr_line' id='line_1_100' title="bbox 937 2140 1756 2182; baseline 0.007 -12"><span class='ocrx_word' id='word_1_710' title='bbox 937 2140 1025 2177; x_wconf 89' lang='lat' dir='ltr'><strong>tiens,</strong></span> <span class='ocrx_word' id='word_1_711' title='bbox 1042 2140 1112 2171; x_wconf 87' lang='lat' dir='ltr'><strong>inde</strong></span> <span class='ocrx_word' id='word_1_712' title='bbox 1126 2141 1318 2172; x_wconf 86' lang='lat' dir='ltr'><strong>ascensiones</strong></span> <span class='ocrx_word' id='word_1_713' title='bbox 1334 2142 1543 2182; x_wconf 80' lang='lat' dir='ltr'><strong>cogitationum</strong></span> <span class='ocrx_word' id='word_1_714' title='bbox 1555 2143 1586 2174; x_wconf 90' lang='lat' dir='ltr'><strong>in</strong></span> <span class='ocrx_word' id='word_1_715' title='bbox 1599 2144 1689 2175; x_wconf 90' lang='lat' dir='ltr'><strong>corde</strong></span> <span class='ocrx_word' id='word_1_716' title='bbox 1703 2154 1756 2176; x_wconf 90' lang='lat' dir='ltr'><strong>suo</strong></span> 
     </span>
    </p>
   </div>
   <div class='ocr_carea' id='block_1_100' title="bbox 938 2184 1756 2226">
    <p class='ocr_par' dir='ltr' id='par_1_100' title="bbox 938 2184 1756 2226">
     <span class='ocr_line' id='line_1_101' title="bbox 938 2184 1756 2226; baseline 0.009 -12"><span class='ocrx_word' id='word_1_717' title='bbox 938 2184 1078 2225; x_wconf 89' lang='lat' dir='ltr'><strong>disponit,</strong></span> <span class='ocrx_word' id='word_1_718' title='bbox 1089 2185 1195 2225; x_wconf 89' lang='lat' dir='ltr'><strong>quibus</strong></span> <span class='ocrx_word' id='word_1_719' title='bbox 1205 2190 1289 2226; x_wconf 88' lang='lat' dir='ltr'><strong>rapta</strong></span> <span class='ocrx_word' id='word_1_720' title='bbox 1304 2186 1499 2226; x_wconf 86' lang='lat' dir='ltr'><strong>spiritualiter</strong></span> <span class='ocrx_word' id='word_1_721' title='bbox 1508 2188 1607 2219; x_wconf 89' lang='lat' dir='ltr'><strong>anima</strong></span> <span class='ocrx_word' id='word_1_722' title='bbox 1615 2188 1646 2219; x_wconf 89' lang='lat' dir='ltr'><strong>in</strong></span> <span class='ocrx_word' id='word_1_723' title='bbox 1656 2198 1756 2221; x_wconf 90' lang='lat' dir='ltr'><strong>aerem</strong></span> 
     </span>
    </p>
   </div>
   <div class='ocr_carea' id='block_1_101' title="bbox 937 2229 1756 2273">
    <p class='ocr_par' dir='ltr' id='par_1_101' title="bbox 937 2229 1756 2273">
     <span class='ocr_line' id='line_1_102' title="bbox 937 2229 1756 2273; baseline 0.009 -14"><span class='ocrx_word' id='word_1_724' title='bbox 937 2229 1069 2265; x_wconf 88' lang='lat' dir='ltr'><strong>luminis,</strong></span> <span class='ocrx_word' id='word_1_725' title='bbox 1087 2229 1166 2261; x_wconf 89' lang='lat' dir='ltr'><strong>clare</strong></span> <span class='ocrx_word' id='word_1_726' title='bbox 1180 2230 1282 2271; x_wconf 78' lang='lat' dir='ltr'><strong>fulget,</strong></span> <span class='ocrx_word' id='word_1_727' title='bbox 1299 2231 1426 2272; x_wconf 89' lang='lat' dir='ltr'><strong>amplius</strong></span> <span class='ocrx_word' id='word_1_728' title='bbox 1442 2233 1623 2273; x_wconf 82' lang='lat' dir='ltr'><strong>puriﬁcatur,</strong></span> <span class='ocrx_word' id='word_1_729' title='bbox 1639 2234 1676 2265; x_wconf 89' lang='lat' dir='ltr'><strong>ad</strong></span> <span class='ocrx_word' id='word_1_730' title='bbox 1692 2243 1756 2266; x_wconf 69' lang='lat' dir='ltr'><strong>caa-</strong></span> 
     </span>
    </p>
   </div>
   <div class='ocr_carea' id='block_1_102' title="bbox 937 2274 1757 2313">
    <p class='ocr_par' dir='ltr' id='par_1_102' title="bbox 937 2274 1757 2313">
     <span class='ocr_line' id='line_1_103' title="bbox 937 2274 1757 2313; baseline 0.007 -9"><span class='ocrx_word' id='word_1_731' title='bbox 937 2274 981 2304; x_wconf 92' lang='lat' dir='ltr'><strong>los</strong></span> <span class='ocrx_word' id='word_1_732' title='bbox 1010 2278 1069 2305; x_wconf 86' lang='lat' dir='ltr'><strong>tota</strong></span> <span class='ocrx_word' id='word_1_733' title='bbox 1098 2275 1247 2313; x_wconf 88' lang='lat' dir='ltr'><strong>elevatur,</strong></span> <span class='ocrx_word' id='word_1_734' title='bbox 1274 2279 1303 2306; x_wconf 89' lang='lat' dir='ltr'><strong>et</strong></span> <span class='ocrx_word' id='word_1_735' title='bbox 1327 2281 1445 2307; x_wconf 80' lang='lat' dir='ltr'><strong>sanctos</strong></span> <span class='ocrx_word' id='word_1_736' title='bbox 1469 2278 1652 2309; x_wconf 84' lang='lat' dir='ltr'><strong>manentium</strong></span> <span class='ocrx_word' id='word_1_737' title='bbox 1678 2279 1757 2310; x_wconf 89' lang='lat' dir='ltr'><strong>videt</strong></span> 
     </span>
    </p>
   </div>
   <div class='ocr_carea' id='block_1_103' title="bbox 937 2318 1755 2362">
    <p class='ocr_par' dir='ltr' id='par_1_103' title="bbox 937 2318 1755 2362">
     <span class='ocr_line' id='line_1_104' title="bbox 937 2318 1755 2362; baseline 0.01 -14"><span class='ocrx_word' id='word_1_738' title='bbox 937 2318 1185 2358; x_wconf 86' lang='lat' dir='ltr'><strong>pulchritudinem</strong></span> <span class='ocrx_word' id='word_1_739' title='bbox 1210 2319 1356 2351; x_wconf 89' lang='lat' dir='ltr'><strong>bonorum</strong></span> <span class='ocrx_word' id='word_1_740' title='bbox 1373 2330 1380 2352; x_wconf 85' lang='lat'><strong>:</strong></span> <span class='ocrx_word' id='word_1_741' title='bbox 1398 2331 1524 2362; x_wconf 90' lang='lat' dir='ltr'><strong>quorum</strong></span> <span class='ocrx_word' id='word_1_742' title='bbox 1540 2323 1688 2355; x_wconf 88' lang='lat' dir='ltr'><strong>desiderio</strong></span> <span class='ocrx_word' id='word_1_743' title='bbox 1703 2333 1755 2356; x_wconf 85' lang='lat' dir='ltr'><strong>ac-</strong></span> 
     </span>
    </p>
   </div>
   <div class='ocr_carea' id='block_1_104' title="bbox 936 2364 1752 2407">
    <p class='ocr_par' dir='ltr' id='par_1_104' title="bbox 936 2364 1752 2407">
     <span class='ocr_line' id='line_1_105' title="bbox 936 2364 1752 2407; baseline 0.007 -14"><span class='ocrx_word' id='word_1_744' title='bbox 936 2372 1036 2403; x_wconf 90' lang='lat' dir='ltr'><strong>censa,</strong></span> <span class='ocrx_word' id='word_1_745' title='bbox 1049 2364 1146 2394; x_wconf 80' lang='lat' dir='ltr'><strong>statim</strong></span> <span class='ocrx_word' id='word_1_746' title='bbox 1167 2364 1293 2394; x_wconf 81' lang='lat' dir='ltr'><strong>fructum</strong></span> <span class='ocrx_word' id='word_1_747' title='bbox 1310 2365 1452 2396; x_wconf 90' lang='lat' dir='ltr'><strong>orationis</strong></span> <span class='ocrx_word' id='word_1_748' title='bbox 1474 2367 1583 2398; x_wconf 79' lang='lat' dir='ltr'><strong>emittit</strong></span> <span class='ocrx_word' id='word_1_749' title='bbox 1596 2367 1632 2398; x_wconf 85' lang='lat' dir='ltr'><strong>ab</strong></span> <span class='ocrx_word' id='word_1_750' title='bbox 1649 2368 1752 2407; x_wconf 85' lang='lat' dir='ltr'><strong>oculis,</strong></span> 
     </span>
    </p>
   </div>
   <div class='ocr_carea' id='block_1_105' title="bbox 936 2409 1756 2454">
    <p class='ocr_par' dir='ltr' id='par_1_105' title="bbox 936 2409 1756 2454">
     <span class='ocr_line' id='line_1_106' title="bbox 936 2409 1756 2454; baseline 0.009 -17"><span class='ocrx_word' id='word_1_751' title='bbox 936 2411 966 2438; x_wconf 88' lang='lat' dir='ltr'><strong>et</strong></span> <span class='ocrx_word' id='word_1_752' title='bbox 981 2409 1299 2454; x_wconf 60' lang='lat' dir='ltr'><strong>Iacrymarumllueuto</strong></span> <span class='ocrx_word' id='word_1_753' title='bbox 1315 2414 1420 2448; x_wconf 85' lang='lat' dir='ltr'><strong>scatet,</strong></span> <span class='ocrx_word' id='word_1_754' title='bbox 1437 2420 1471 2442; x_wconf 81' lang='lat' dir='ltr'><strong>ex</strong></span> <span class='ocrx_word' id='word_1_755' title='bbox 1486 2412 1680 2444; x_wconf 89' lang='lat' dir='ltr'><strong>illuminativa</strong></span> <span class='ocrx_word' id='word_1_756' title='bbox 1690 2413 1756 2454; x_wconf 90' lang='lat' dir='ltr'><strong>Spi-</strong></span> 
     </span>
    </p>
   </div>
   <div class='ocr_carea' id='block_1_106' title="bbox 934 2452 1755 2494">
    <p class='ocr_par' dir='ltr' id='par_1_106' title="bbox 934 2452 1755 2494">
     <span class='ocr_line' id='line_1_107' title="bbox 934 2452 1755 2494; baseline 0.009 -12"><span class='ocrx_word' id='word_1_757' title='bbox 934 2452 1008 2483; x_wconf 91' lang='lat' dir='ltr'><strong>ritus</strong></span> <span class='ocrx_word' id='word_1_758' title='bbox 1031 2454 1147 2484; x_wconf 88' lang='lat' dir='ltr'><strong>virtule.</strong></span> <span class='ocrx_word' id='word_1_759' title='bbox 1175 2452 1305 2489; x_wconf 84' lang='lat' dir='ltr'><strong>Quorum</strong></span> <span class='ocrx_word' id='word_1_760' title='bbox 1329 2459 1430 2494; x_wconf 83' lang='lat' dir='ltr'><strong>gustus</strong></span> <span class='ocrx_word' id='word_1_761' title='bbox 1449 2456 1524 2486; x_wconf 89' lang='lat' dir='ltr'><strong>adeo</strong></span> <span class='ocrx_word' id='word_1_762' title='bbox 1539 2457 1636 2488; x_wconf 89' lang='lat' dir='ltr'><strong>suavis</strong></span> <span class='ocrx_word' id='word_1_763' title='bbox 1651 2452 1755 2493; x_wconf 33' lang='lat' dir='ltr'><strong>estfut</strong></span> 
     </span>
    </p>
   </div>
   <div class='ocr_carea' id='block_1_107' title="bbox 935 2497 1754 2543">
    <p class='ocr_par' dir='ltr' id='par_1_107' title="bbox 935 2497 1754 2543">
     <span class='ocr_line' id='line_1_108' title="bbox 935 2497 1754 2543; baseline 0.009 -17"><span class='ocrx_word' id='word_1_764' title='bbox 935 2497 1033 2543; x_wconf 85' lang='lat' dir='ltr'><strong>cibum</strong></span> <span class='ocrx_word' id='word_1_765' title='bbox 1056 2497 1216 2538; x_wconf 79' lang='lat' dir='ltr'><strong>aliquando</strong></span> <span class='ocrx_word' id='word_1_766' title='bbox 1252 2499 1436 2539; x_wconf 88' lang='lat' dir='ltr'><strong>corporalem</strong></span> <span class='ocrx_word' id='word_1_767' title='bbox 1469 2499 1676 2539; x_wconf 88' lang='lat' dir='ltr'><strong>obliviscatur,</strong></span> <span class='ocrx_word' id='word_1_768' title='bbox 1704 2503 1754 2543; x_wconf 89' lang='lat' dir='ltr'><strong>qui</strong></span> 
     </span>
    </p>
   </div>
   <div class='ocr_carea' id='block_1_108' title="bbox 934 2542 1754 2582">
    <p class='ocr_par' dir='ltr' id='par_1_108' title="bbox 934 2542 1754 2582">
     <span class='ocr_line' id='line_1_109' title="bbox 934 2542 1754 2582; baseline 0.009 -11"><span class='ocrx_word' id='word_1_769' title='bbox 934 2542 1081 2582; x_wconf 68' lang='lat' dir='ltr'><strong>particeps</strong></span> <span class='ocrx_word' id='word_1_770' title='bbox 1110 2543 1229 2573; x_wconf 90' lang='lat' dir='ltr'><strong>illorum</strong></span> <span class='ocrx_word' id='word_1_771' title='bbox 1254 2543 1347 2574; x_wconf 83' lang='lat' dir='ltr'><strong>factus</strong></span> <span class='ocrx_word' id='word_1_772' title='bbox 1376 2550 1432 2576; x_wconf 91' lang='lat' dir='ltr'><strong>est.</strong></span> <span class='ocrx_word' id='word_1_773' title='bbox 1461 2544 1515 2575; x_wconf 84' lang='lat' dir='ltr'><strong>Hic</strong></span> <span class='ocrx_word' id='word_1_774' title='bbox 1543 2551 1588 2577; x_wconf 91' lang='lat' dir='ltr'><strong>est</strong></span> <span class='ocrx_word' id='word_1_775' title='bbox 1612 2542 1754 2578; x_wconf 76' lang='lat' dir='ltr'><strong>orationis</strong></span> 
     </span>
    </p>
   </div>
   <div class='ocr_carea' id='block_1_109' title="bbox 933 2587 1754 2629">
    <p class='ocr_par' dir='ltr' id='par_1_109' title="bbox 933 2587 1754 2629">
     <span class='ocr_line' id='line_1_110' title="bbox 933 2587 1754 2629; baseline 0.009 -13"><span class='ocrx_word' id='word_1_776' title='bbox 933 2587 1064 2625; x_wconf 76' lang='lat' dir='ltr'><strong>fructus,</strong></span> <span class='ocrx_word' id='word_1_777' title='bbox 1095 2587 1145 2628; x_wconf 89' lang='lat' dir='ltr'><strong>qui</strong></span> <span class='ocrx_word' id='word_1_778' title='bbox 1171 2597 1205 2618; x_wconf 86' lang='lat' dir='ltr'><strong>ex</strong></span> <span class='ocrx_word' id='word_1_779' title='bbox 1231 2588 1373 2629; x_wconf 87' lang='lat' dir='ltr'><strong>qualitate</strong></span> <span class='ocrx_word' id='word_1_780' title='bbox 1402 2589 1573 2629; x_wconf 63' lang='lat' dir='ltr'><strong>psalmodire</strong></span> <span class='ocrx_word' id='word_1_781' title='bbox 1600 2591 1754 2623; x_wconf 85' lang='lat' dir='ltr'><strong>animabus</strong></span> 
     </span>
    </p>
   </div>
   <div class='ocr_carea' id='block_1_110' title="bbox 933 2632 1269 2663">
    <p class='ocr_par' dir='ltr' id='par_1_110' title="bbox 933 2632 1269 2663">
     <span class='ocr_line' id='line_1_111' title="bbox 933 2632 1269 2663; baseline 0.003 -1"><span class='ocrx_word' id='word_1_782' title='bbox 933 2632 1081 2663; x_wconf 87' lang='lat' dir='ltr'><strong>orantium</strong></span> <span class='ocrx_word' id='word_1_783' title='bbox 1096 2632 1269 2663; x_wconf 90' lang='lat' dir='ltr'><strong>innascitur.</strong></span> 
     </span>
    </p>
   </div>
  </div>
