1975 3071
211 143 266 176 971

853 148 1006 180 NICET/E
1029 149 1244 182 PECTORATI

1847 147 1912 180 972

210 213 262 252 qui
276 221 335 244 non
348 212 418 244 licet
432 213 545 244 homini
569 222 670 244 rerum
683 213 845 245 visibilium
861 215 963 246 sensui
978 214 1034 246 de-

1105 218 1182 247 οτῶν,
1200 217 1244 248 Εἰς
1258 217 1287 244 ὃν
1309 217 1352 244 καὶ
1367 215 1470 248 Παῦλος
1497 216 1593 256 ἀρθεὶς,
1610 215 1717 244 ἕκουσεν
1739 214 1841 254 ἄῤῥητα
1857 215 1909 253 ῥή-

211 259 273 290 dito
286 259 328 289 9‘5.

252 349 302 380 39.
324 349 424 380 Semel
441 358 550 390 corpus
565 351 632 390 igne
648 352 759 381 ascesis
774 351 929 382 incensum
945 356 975 382 et
989 351 1033 381 la-

210 403 378 434 crymarum
389 404 464 434 aqua
474 395 660 431 immersum,
674 405 733 426 non
749 396 902 427 laboribus
917 405 1033 426 rursum

211 438 392 477 debilitatur,
408 449 474 469 cum
492 440 590 470 multis
605 440 762 471 sudoribus
775 441 862 471 ﬁnem
878 441 1029 480 imposuit,

211 489 313 524 utpote
328 485 465 524 superius
478 485 613 525 practicze
624 486 817 517 sollicitudini
828 487 935 517 factum
954 497 961 526 ;
980 486 1031 516 sed

212 529 454 569 tranquillitatem
466 530 757 570 pacisquesilentium
767 531 845 561 intus
853 531 1031 571 suspiciens,

212 573 297 604 novis
313 574 535 614 majoribusque
550 575 691 615 impletur
715 576 837 613 viribus,
863 586 936 606 nova
948 575 1032 605 forti-

213 618 327 656 tudine,
344 628 420 649 novo
436 619 565 658 Spiritus
581 620 699 651 robore.
727 621 800 651 Cum
824 624 921 651 autem
936 619 1035 650 anima

213 672 337 702 corpore
353 663 395 693 ita
411 663 466 693 sibi
484 668 663 703 cooperante
678 665 760 695 dives
777 669 831 704 est,
850 670 878 695 et
890 666 945 695 hoc
957 664 1038 694 inve-

213 707 257 738 nit
273 708 309 738 ita
327 707 519 739 constitutum
536 713 568 738 ut
583 709 766 748 corporalem
783 714 904 749 superet
919 708 1036 739 exerci-

216 752 371 786 tationem,
391 758 460 782 tunc
475 753 511 782 ad
528 752 697 792 spirituales
713 753 805 783 luctas
821 753 964 784 convertit
981 763 1034 783 na-

1075 271 1156 300 ματα,
1174 261 1190 288 ἃ
1204 261 1251 289 οὐκ
1272 260 1328 293 ἐξὸν
1350 261 1478 300 ἀνθρώπῳ
1503 261 1624 298 ἀκοῦσαι,
1649 264 1683 298 τῇ
1713 260 1833 295 αἰσθήσει
1850 262 1908 287 τῶν

1076 305 1217 346 ὁρωμένων
1233 306 1436 346 προσπάσχοντι
1442 328 1448 334 .

1114 344 1166 380 λθ’.
1186 341 1265 383 (la-51.6
1290 351 1321 378 τὸ
1348 341 1425 387 σέλμα
1454 351 1571 390 πυρωθὲν
1593 354 1632 387 τῷ
1660 350 1720 389 πυρὶ
1744 351 1791 382 τῆς
1812 349 1907 383 ἀσκή-

1076 404 1155 431 σεως,
1171 395 1215 422 καὶ
1230 398 1268 432 τῷ
1283 394 1356 423 ὕδατι
1383 395 1464 435 βαφὲν
1494 398 1547 423 τῶν
1574 393 1703 434 δακρύων,
1727 396 1773 423 οὒκ
1788 393 1827 421 ’ἑτι
1843 400 1907 424 τοῖς

1073 439 1162 471 πόνοις
1186 438 1348 479 ἀμϐλύτερον
1375 440 1485 478 γίνεται,
1518 440 1572 467 τῶν
1598 438 1706 468 πολλων
1730 441 1907 466 καταπαῦσαν

1073 482 1199 521 ἱδρώτων,
1227 485 1264 516 ὡς
1292 484 1357 523 ὑπὲρ
1388 485 1437 517 τὴν
1466 483 1616 523 ἔμπρακτον
1644 484 1786 522 γενόμενον
1817 481 1905 516 δηλο-

1075 528 1129 555 νότι
1152 527 1267 563 σπουδήν
1283 536 1290 542 ·
1308 528 1376 556 ἀλλὰ
1403 529 1524 568 γαλήνην
1539 529 1583 556 καὶ
1605 529 1711 561 σιωπὴν
1727 528 1834 566 εἰρήνης
1859 526 1906 554 δε-

1075 573 1185 611 ξάμενον
1201 573 1313 611 ἔνδοθεν,
1329 574 1430 614 πλῆρες
1461 574 1562 612 μᾶλλον
1590 573 1674 607 ἄλλης
1699 572 1837 610 δυνάμεως
1859 574 1907 611 γί-

1075 629 1159 656 νεται,
1185 619 1270 652 ἄλλης
1300 619 1428 655 εὖτονίας,
1447 618 1531 652 ἄλλης
1555 619 1647 659 ἰσχύος
1669 623 1714 647 τοῦ
1737 618 1905 655 [Ινεύματος.

1080 667 1201 692 Τοιοῦτον
1227 663 1254 691 δὲ
1282 665 1313 692 τὸ
1342 667 1480 703 συνεργοῡν
1516 665 1533 696 ἡ
1556 663 1632 702 ψυχὴ
1661 661 1907 696 καταπλουτήσασα

1079 710 1169 745 σῶμα,
1185 709 1228 736 καὶ
1253 708 1317 748 ὑπὲρ
1345 708 1394 741 τὴν
1422 707 1577 745 σωματικὴν
1599 707 1744 746 γυμνασίαν
1773 706 1905 745 εὕραμένη

1077 752 1126 785 τὴν
1163 753 1255 780 τούτου
1293 753 1467 792 κατάστασιν,
1504 752 1540 783 εἰς
1576 752 1686 784 νοητοὺς
1721 750 1827 789 ἀγῶνας
1856 750 1906 780 τὰς

214 799 288 827 turae
314 800 422 833 motus,
438 800 467 826 et
481 796 643 836 spiritualia
660 807 752 837 opera
766 797 897 827 studiose
911 797 1032 833 faciens,

1105 798 1186 828 μηκας
1213 796 1387 834 μεταλλάττει
1410 797 1539 832 κινήσεις,
1565 797 1610 824 καὶ
1637 797 1684 829 τὴν
1707 796 1797 834 νοερὰν
1827 794 1905 834 ἐργα-

213 839 426 871 immortalium
445 841 591 879 lignorum
622 841 677 871 sibi
707 846 860 872 conservat
877 842 988 872 frui-tus
1006 841 1034 871 in

1105 852 1135 868 αν
1150 841 1229 873 ὀξέως
1259 841 1433 880 ἐργαζομένη,
1465 840 1592 881 φυλάσσει
1619 841 1672 868 τῶν
1700 840 1835 868 ἀθανάτων
1851 849 1904 878 cpu-

214 886 359 926 spirituali
390 886 536 925 paradiso.
567 885 650 916 Unde
680 886 793 926 piarum
822 886 1032 926 cogitationum

1105 887 1126 912 ὂν
1149 886 1230 923 ἑαυτῇ
1257 886 1318 917 τοὺς
1347 886 1476 925 καρποὺς,
1507 886 1533 913 ἐν
1561 889 1599 922 τῷ
1622 888 1710 922 νοητῷ
1742 882 1904 923 παραδείσῳ.

212 930 281 961 fons
296 931 377 962 ﬂuvii
393 931 486 961 instar
501 935 605 968 scatet,
623 935 652 961 et
674 931 726 961 ubi
741 930 830 961 arbor
841 931 972 961 scientia:
982 930 1036 961 Dei

216 976 334 1006 crescit.
352 976 451 1006 ferens
480 975 591 1005 fructus
620 975 784 1014 sapientiae,
816 975 924 1014 gaudii,
942 975 1034 1015 pacis.

214 1019 815 1059 benignitatis,bonitatislonganimitatis,
829 1020 1037 1059 charitatisque

215 1064 385 1095 ineﬂabilis.
401 1064 449 1095 Sic
465 1065 626 1104 diligenter
653 1074 791 1104 operans,
824 1069 853 1094 et
867 1066 909 1095 sic
926 1065 1038 1095 fructus

216 1118 403 1140 conservans.
422 1109 480 1140 exit
494 1119 511 1138 a
526 1118 650 1149 corpore
667 1113 695 1139 et
709 1109 740 1139 in
769 1109 906 1149 mysteria
923 1109 1038 1139 theolo-

215 1154 378 1194 giaeintrat.
392 1154 505 1186 Deinde
516 1154 552 1184 ab
569 1153 707 1184 omnibus
724 1154 885 1192 egreditur,
907 1154 957 1193 qui
973 1163 1036 1183 eam

215 1199 290 1229 nihil
306 1198 466 1229 visibillum
482 1198 661 1238 dominatur,
678 1202 706 1228 et
719 1199 780 1229 Deo
796 1198 963 1238 conjuncta,
982 1198 1037 1228 de-

216 1243 287 1274 sinit
302 1253 318 1274 a
334 1243 483 1274 desiderio
498 1244 554 1282 (al.
569 1242 675 1282 luctu).

255 1377 305 1409 40.
322 1378 393 1410 Utra
422 1387 489 1417 pars
518 1377 622 1413 nostri.
653 1378 823 1409 sciscitatur
846 1377 932 1413 ratio,
951 1377 1038 1407 nobis

215 1423 312 1453 virtuti
327 1423 525 1458 studentibus,
540 1422 645 1452 melior
660 1428 704 1453 est
717 1422 729 1452 Υ
742 1431 817 1452 eane
834 1431 899 1462 quae
914 1421 1038 1453 visibilis

216 1477 252 1498 an
266 1477 299 1498 ea
311 1476 375 1507 quae
387 1467 583 1506 intelliglbilis
594 1467 661 1497 est?
683 1466 712 1497 Si
727 1476 794 1506 pars
809 1467 946 1503 visibilis,
963 1466 1036 1496 nihil

219 1512 309 1552 igitur
321 1512 511 1552 corruptibtle
523 1521 579 1542 non
593 1511 945 1551 eritnobisappetendum
955 1521 988 1542 ac
997 1511 1040 1541 di-

215 1557 380 1596 ligendum,
399 1566 454 1587 nec
467 1556 523 1586 erit
538 1555 721 1595 prtestaulior
735 1565 860 1596 corpore
876 1555 984 1587 anima.
1008 1557 1038 1586 Si

216 1612 285 1632 vero
297 1611 351 1642 per
370 1601 581 1641 intelligibilis:
603 1614 613 1628 ιι
643 1599 768 1640 Spiritus
781 1606 825 1631 est
837 1600 928 1637 Deus,
945 1606 975 1631 et
989 1609 1040 1631 eos

217 1648 266 1688 qui
275 1648 484 1684 adoranteum,
493 1648 520 1678 in
532 1646 637 1686 spiritu
645 1650 672 1676 et
682 1645 803 1676 veritate
812 1646 1040 1686 oportetadora-

218 1693 312 1729 r9949»
324 1693 451 1732 ideoque
461 1692 610 1731 superﬂua
622 1695 665 1721 est
677 1691 839 1730 corporalis
851 1691 1037 1728 exercilatio,

217 1738 334 1778 quando
342 1738 416 1776 viget
425 1735 746 1767 intellectualisanimze
755 1735 899 1775 operatio,
908 1745 971 1775 qua:
979 1745 1039 1765 mo-

216 1783 274 1813 lem
293 1783 430 1812 deorsum
461 1785 631 1820 vergentem
661 1779 775 1817 allevat,
806 1789 930 1820 eamque
948 1785 1038 1811 totam

217 1827 315 1858 reddit
326 1827 509 1866 spiritualem
522 1835 556 1855 ex
568 1825 678 1855 unione
690 1834 756 1854 cum
765 1828 867 1855 natura
878 1825 1035 1865 superiori.

257 1871 306 1903 41.
324 1871 462 1911 Triplicis
487 1869 605 1907 generis
634 1869 825 1899 escensiones
852 1870 931 1899 viros
946 1870 975 1900 in
991 1870 1037 1900 via

219 1916 337 1947 virtutis
352 1914 577 1955 progzedientes
600 1913 769 1953 perﬁciunt,
799 1914 913 1944 scilicet
929 1923 1036 1954 purga—

217 1961 286 1996 tiva,
303 1961 477 1996 illuminata,
490 1964 518 1989 et
540 1958 671 1998 mystica,
697 1967 762 1996 quae
787 1963 832 1988 est
847 1959 1038 1998 perleclionis

217 2016 302 2047 apex.
317 2005 414 2035 Prima
432 2010 476 2035 est
491 2002 704 2039 inchoantium,
715 2003 846 2032 secunda
857 2003 1034 2043 mediorum,

218 2051 307 2082 tertia
323 2050 533 2089 perfecturum.
550 2047 666 2078 Etenim
692 2047 735 2076 vir
757 2047 884 2086 diligens
900 2052 959 2077 tres
972 2048 1038 2078 illas

219 2096 282 2126 vias
298 2094 456 2125 ordinatim
474 2101 666 2133 percurrens.
698 2091 805 2121 crescit
834 2091 863 2121 in
887 2096 970 2122 aetate
993 2102 1039 2123 se—

1079 922 1153 960 ἰδθεν
1168 932 1184 965 ἡ
1201 932 1278 970 πηγὴ
1304 934 1357 959 τῶν
1381 933 1532 972 θεοπρεπῶν
1556 932 1697 969 νοημάτων
1724 931 1793 958 κατα
1817 940 1904 958 ποτα-

1079 977 1144 1012 μοὺς
1173 975 1323 1014 ἀναϐλύζει,
1355 977 1398 1005 καὶ
1427 977 1454 1004 ὲν
1484 978 1506 1014 ᾧ
1532 977 1563 1004 τὸ
1585 977 1665 1016 φυτὸν
1687 977 1736 1008 τῆς
1763 977 1809 1002 τοῦ
1837 977 1904 1002 Θεοῦ

1079 1020 1201 1058 γνώσεως
1229 1020 1349 1056 ἵσταται,
1396 1021 1474 1061 φέρον
1511 1021 1602 1061 σοφίας
1638 1020 1767 1060 καρποὺς,
1802 1022 1903 1059 χαρᾶς,

1079 1065 1196 1104 εἰρήνης,
1243 1065 1441 1105 χρηστότητος,
1493 1065 1663 1105 ἀγαθωσύνης
1711 1065 1900 1103 μακροθυμίας,

1079 1109 1122 1136 καὶ
1150 1109 1257 1148 ἀγάπης
1293 1109 1417 1149 ἆῤῥήτου.
1450 1110 1525 1139 Οὕτω
1553 1109 1581 1138 δὲ
1615 1109 1761 1142 σπουδαίως
1796 1109 1904 1148 ἐργαζο-

1080 1153 1158 1191 μένη,
1175 1155 1218 1182 καὶ
1240 1154 1308 1183 οὕτω
1324 1154 1501 1195 φυλάττουσα,
1521 1154 1634 1192 ἐκδημεῖ
1648 1158 1694 1182 τοῦ
1708 1154 1843 1191 σώματος,
1860 1154 1903 1180 καὶ

1080 1199 1116 1229 είς
1138 1199 1235 1239 γρόφον
1264 1198 1371 1227 εἰσδᾷνει
1395 1199 1543 1239 γεολογίας.
1568 1198 1715 1232 Ἐξίστατκι
1730 1202 1776 1226 τοῦ
1790 1198 1901 1237 παντὸς,

1079 1244 1115 1274 ὡς
1137 1243 1183 1271 ὑω’
1199 1243 1301 1276 οὐδενὸς
1317 1245 1460 1284 κρατουένη
1477 1247 1528 1272 τῶν
1552 1243 1706 1283 ὁρωμένων,
1721 1244 1765 1271 καὶ
1781 1246 1839 1279 Θεῷ
1854 1253 1903 1270 συ-

1079 1289 1217 1328 ναφθεϊσα,
1241 1292 1294 1326 τῷν
1315 1289 1429 1327 ἱδρώτων
1444 1289 1555 1317 παύεται
1569 1289 1614 1316 καὶ
1628 1291 1676 1316 τοῦ
1690 1288 1772 1316 πόθου
1787 1286 1829 1326 [ἐν
1845 1285 1904 1314 ἄλλ’

1079 1338 1125 1362 τοῦ
1139 1333 1273 1373 πένθους]¹

1120 1372 1160 1414 μ’.
1184 1378 1213 1406 Τί
1225 1372 1277 1406 τῶν
1305 1378 1331 1406 ἒν
1359 1379 1426 1416 ἡμῖν
1452 1377 1627 1418 ὑψηλότερον,
1659 1379 1673 1405 ὁ
1701 1377 1782 1416 λόγος
1810 1377 1901 1416 φησὶν,

1078 1422 1146 1458 ἡμῖν
1167 1429 1226 1454 τοῖς
1253 1422 1415 1460 σπουδαίοις,
1442 1424 1472 1451 τὸ
1495 1423 1629 1463 ὁρώμενον
1657 1422 1674 1456 ἢ
1689 1423 1720 1450 τὸ
1735 1422 1875 1459 νοούμενον
1894 1431 1901 1460 ς

1082 1467 1110 1494 Εἰ
1146 1466 1190 1494 οὖν
1216 1467 1247 1495 τὸ
1282 1468 1426 1506 ὁρώμενον,
1456 1466 1529 1495 οὖδὲν
1555 1465 1604 1503 ἄρα
1639 1470 1692 1495 τῶν
1726 1465 1902 1506 φθειρομένων

1081 1510 1154 1539 ἔσται
1183 1512 1261 1551 ἡμῖν,
1291 1511 1309 1546 ἢ
1337 1511 1513 1552 προτιμητέον
1548 1512 1593 1540 καὶ
1620 1511 1805 1551 στεργόμενον,
1843 1509 1902 1539 οὐδὲ

1080 1555 1204 1594 κρείττων
1224 1561 1272 1586 τοῦ
1293 1557 1413 1594 σώματος
1434 1557 1451 1591 ἡ
1480 1557 1568 1598 ψυχή.
1599 1557 1627 1585 Εἰ
1654 1555 1680 1584 δὲ
1701 1557 1732 1584 τὸ
1746 1556 1899 1593 νοούμενον,

1084 1611 1096 1628 α
1122 1603 1227 1638 Πνεῦμα
1243 1602 1257 1629 ὁ
1283 1602 1357 1641 Θεὸς,
1384 1602 1428 1630 καὶ
1455 1602 1515 1633 τοὺς
1539 1604 1747 1640 προσκυνοῦντας
1775 1600 1854 1629 αὐτὸν
1875 1599 1901 1628 ἐν

1080 1645 1208 1682 πνεύματι
1233 1646 1276 1673 καὶ
1304 1645 1413 1682 ἀληθείᾳ
1441 1644 1483 1674 δεῖ
1509 1652 1679 1684 προσκυνεῖν.
1706 1657 1721 1673 ι
1747 1645 1795 1674 Καὶ
1821 1644 1900 1680 οὕτω,

1080 1691 1200 1729 περιττὸν
1235 1691 1253 1724 ἡ
1282 1691 1423 1728 σωματικὴ
1452 1691 1592 1729 γυμνασία,
1623 1690 1720 1718 ὁπόταν
1749 1689 1857 1729 ἔρρωται
1886 1690 1903 1723 ἢ

1080 1735 1157 1774 νοερὰ
1171 1736 1218 1768 της
1234 1735 1323 1775 ψυχῆς
1336 1734 1444 1775 ἐργασία
1460 1743 1468 1751 ⁸
1497 1736 1528 1763 τὸ
1556 1735 1645 1774 βρῖθον
1659 1735 1733 1763 κάτω
1745 1735 1903 1774 κουφίζουσα

1081 1780 1124 1807 καὶ
1145 1780 1175 1807 τὸ
1198 1779 1259 1808 ὅλον
1283 1781 1360 1809 αὖτοῧ
1386 1779 1548 1819 ἐργαζομένη
1563 1780 1752 1818 πνευματικὸν,
1769 1779 1796 1807 ἐν
1810 1779 1902 1807 ἐνώσει

1079 1828 1124 1852 τοῦ
1138 1825 1286 1863 κρείττονος
1293 1849 1296 1853 .

1121 1880 1158 1905 μα
1166 1863 1180 1899 ’.
1198 1873 1275 1908 Τρεῖς
1291 1870 1339 1897 εἰσι
1354 1869 1439 1902 τάξεις
1454 1869 1481 1897 ἐν
1495 1877 1554 1901 τοῖς
1568 1869 1736 1907 ποιουμένοις
1748 1870 1795 1901 τὰς
1806 1880 1902 1909 προκο-

1078 1914 1130 1943 πὰς
1145 1915 1198 1941 τῶν
1213 1913 1383 1943 τελειοποιῶν
1395 1914 1559 1952 ἆναϐἆσεων,
1572 1915 1727 1954 καθιρτικὴ,
1741 1916 1902 1954 φωτιιπική,

1179 1959 1185 1967 \
1225 1957 1238 1969 (Ι
1358 1960 1364 1970 \
1726 1959 1734 1967 κ
1779 1959 1791 1969 ⁷1
1870 1963 1883 1967 -

1079 1968 1204 1995 μυστικη⁷
1220 1970 1238 1991 η
1254 1959 1307 1987 ἐστι
1322 1971 1366 1989 και
1379 1959 1553 1992 τελειοποιός,
1583 1960 1631 1988 Καὶ
1660 1960 1677 1993 ἡ
1705 1970 1753 1997 μεν
1779 1970 1835 1987 εστι
1850 1970 1903 1988 των

1078 2003 1269 2041 εἰσαγωγικῶν,
1285 2005 1302 2037 ἡ
1318 2003 1345 2031 δέ
1368 2007 1420 2032 τῶν
1442 2004 1544 2042 μέσων,
1561 2005 1578 2037 ἡ
1600 2002 1627 2031 δὲ
1643 2007 1696 2031 τῶν
1709 2003 1827 2033 τελείων.
1855 2005 1903 2032 Διὰ

1079 2048 1128 2086 γὰρ
1143 2048 1195 2075 τῶν
1209 2049 1288 2087 τριῶν
1304 2050 1403 2076 τούτων
1417 2049 1485 2076 κατὰ
1499 2048 1571 2081 τάξιν
1595 2048 1774 2088 ἀνερχόμενος
1789 2050 1803 2076 ὁ
1818 2059 1904 2076 σπου-

1078 2090 1165 2127 δαῖος,
1182 2091 1317 2124 αὖξάνεται
1331 2093 1381 2127 τὴν
1395 2094 1463 2121 κατὰ
1485 2095 1596 2132 Χριστὸν
1611 2092 1727 2130 ἡλικίαν,
1743 2093 1786 2121 καὶ
1801 2093 1902 2130 γίνεται

219 2142 351 2171 eundum
369 2139 528 2176 Christum,
547 2141 576 2167 et
600 2148 614 2163 ν
638 2136 767 2166 occurrit
781 2136 811 2165 in
826 2136 920 2166 virum
938 2138 1036 2176 perle-

1113 2137 1149 2166 εἷς
1164 2135 1241 2176 ἄνδρα
1256 2136 1368 2174 τέλειον,
1385 2138 1422 2169 εἷς
1437 2137 1532 2177 μέτρον
1547 2137 1652 2172 ἡλικίας
1663 2141 1709 2165 τοῦ
1723 2137 1905 2176 πληρώματος

219 2189 310 2218 ctum.
325 2184 353 2214 in
367 2191 534 2213 mensuram
547 2180 640 2211 aetatis
649 2180 841 2220 plenitudinis
854 2180 961 2211 Christi
971 2181 1012 2213 95.
1027 2195 1041 2210 ι)

259 2229 310 2260 42.
330 2228 385 2260 Via
402 2226 550 2268 purgativa
566 2230 612 2256 est
627 2234 729 2255 eorum
746 2225 935 2265 quiagnones
944 2236 1045 2258 sacros

221 2283 318 2313 nuper
331 2273 516 2304 adoriuntur.
533 2269 688 2310 Proprium
705 2270 792 2309 hujus
804 2275 859 2306 est,
876 2270 1044 2311 desponere

221 2319 344 2359 ﬁguram
357 2317 483 2348 carnalis
495 2315 636 2351 hominis,
647 2317 790 2345 mundare
815 2314 851 2345 ab
877 2316 957 2346 omni
973 2317 1042 2347 vitio

220 2364 329 2404 carnis,
347 2368 377 2394 et
389 2362 514 2392 induere
527 2369 633 2391 novum
648 2359 800 2390 hominem
817 2368 833 2389 a
848 2359 960 2399 Spiritu
971 2371 1041 2391 san-

220 2413 267 2440 cto
283 2412 466 2438 renovatum.
483 2405 578 2446 Opera
595 2413 666 2435 vero
697 2403 831 2443 ejusdem
857 2409 924 2435 sunt
940 2405 1038 2436 odium

221 2454 364 2490 materiae,
382 2451 543 2482 maceratio
559 2449 668 2488 carnis,
686 2448 752 2487 fuga
767 2449 864 2479 omnis
878 2451 1041 2481 occasionis

221 2507 288 2539 qua
303 2498 446 2529 rationem
463 2496 500 2526 ad
525 2494 723 2539 cupiditatem
733 2493 850 2530 excitet,
870 2495 1043 2533 pwnitentia

223 2537 259 2574 de
270 2543 372 2578 factis;
390 2543 513 2581 insuper
530 2538 664 2579 lacrymis
679 2537 800 2568 abluere
815 2538 1041 2570 amaritudinem

224 2588 348 2628 peccati,
363 2595 462 2617 mores
478 2585 664 2616 conformare
679 2581 803 2613 bonitati
818 2583 948 2624 spiritus,
963 2585 1041 2625 quod

221 2627 303 2664 intus
314 2636 359 2662 est
369 2631 481 2668 calicis,
492 2630 521 2661 id
534 2633 588 2669 est,
603 2632 732 2658 mentem
749 2627 892 2658 mundare
908 2628 944 2658 ab
960 2630 1041 2660 omni

220 2677 288 2710 labe
304 2676 402 2708 carnis
417 2680 446 2707 et
470 2676 601 2716 spiritus,
632 2672 762 2713 indeque
789 2673 819 2703 in
835 2672 907 2703 illud
923 2673 1041 2718 mittere

1085 2185 1131 2209 τοῦ
1147 2184 1269 2220 Χριστοῦ,
1287 2191 1302 2211 )

1125 2222 1182 2263 μβ’.
1215 2222 1246 2254 Ἠ
1271 2227 1427 2267 καθαρτικὴ,
1455 2230 1508 2255 τῶν
1537 2226 1587 2261 ἤδη
1609 2229 1674 2266 πρὸς
1696 2227 1800 2266 ἀγῶνας
1823 2229 1906 2268 ἱεροὺς

1085 2271 1261 2310 εἰσαγομένων
1278 2271 1343 2301 ἐστί,
1369 2273 1418 2301 Καὶ
1447 2271 1513 2300 ἴδιον
1535 2273 1584 2310 μὲν
1614 2272 1706 2311 αὐτῆς,
1737 2273 1754 2306 ἡ
1780 2272 1905 2305 ἀποθεσις

1084 2316 1131 2348 τῆς
1161 2317 1276 2356 μορρῆς,
1303 2321 1349 2345 τοῦ
1377 2317 1475 2356 χοϊκού
1502 2317 1638 2356 ἀνθρώπου
1668 2318 1685 2351 ἡ
1721 2316 1906 2357 ἀπολύτρωσις

1083 2361 1170 2394 πάσης
1192 2361 1322 2401 προσύλου
1343 2361 1447 2398 κακίας,
1471 2362 1514 2390 καὶ
1541 2362 1558 2396 ἢ
1591 2362 1717 2402 ἀμφίασις
1742 2365 1789 2390 τοῦ
1815 2367 1907 2391 καινοῦ

1081 2404 1216 2452 ἐνθρώπου
1240 2409 1285 2434 τοῦ
1313 2405 1355 2434 διὰ
1382 2407 1533 2444 Πνεύματος
1556 2406 1788 2444 ἀνακαινιζομένου
1816 2407 1904 2446 ἁγίου.

1092 2454 1175 2489 Εργον
1192 2449 1230 2486 δὲ,
1247 2451 1278 2478 τὸ
1303 2457 1383 2488 μῖσος
1404 2453 1453 2484 τῆς
1480 2450 1558 2490 ὕλης,
1588 2452 1605 2485 ἡ
1621 2450 1695 2484 τῆΞις
1722 2453 1771 2484 τῆς
1795 2453 1905 2490 σαρκὸς,

1082 2495 1099 2528 ἡ
1115 2495 1185 2534 φυγὴ
1200 2496 1288 2528 πάσης
1304 2495 1386 2527 αἰτίας
1417 2495 1581 2534 ἐρεθιζούσγ,ς
1610 2497 1676 2535 πρὸς
1706 2496 1786 2528 πάθος
1807 2497 1838 2524 τὸ
1860 2496 1909 2525 λο-

1083 2539 1231 2578 γιζόμενον,
1268 2541 1286 2574 ἡ
1314 2540 1356 2568 ἐπὶ
1393 2547 1454 2572 τοῖς
1484 2541 1681 2580 πεπραγμένοις
1711 2540 1875 2578 μεταμέλεια
1900 2552 1907 2558 ·

1083 2586 1147 2623 πρὸς
1177 2583 1202 2612 δὲ
1229 2586 1259 2613 τὸ
1286 2591 1344 2616 τοῖς
1371 2584 1492 2625 δάκρυσιν
1520 2585 1718 2614 ἀποκλύσασθαι
1739 2586 1788 2619 τὴν
1817 2585 1907 2624 ἅλμην

1083 2631 1132 2662 τῆς
1154 2630 1281 2668 ἁμαρτίας
1297 2637 1304 2644 ⁶
1331 2630 1362 2657 τὸ
1389 2630 1422 2657 τὰ
1449 2629 1501 2663 ἤθη
1530 2633 1564 2668 τῇ
1593 2630 1760 2670 χρηστότητι
1787 2630 1906 2669 ῥυθμίσαι

1082 2677 1128 2702 τοῦ
1142 2674 1302 2712 πνεύματος,
1319 2674 1362 2702 καὶ
1389 2675 1419 2702 τὸ
1447 2673 1519 2707 ἐντὸς
1543 2678 1590 2703 τοῦ
1609 2675 1748 2715 ποτηρίου,
1765 2673 1848 2714 ἤγουν
1862 2677 1907 2704 τὸν

262 2766 295 2793 93
308 2766 335 2799 ΙΙ
351 2765 418 2797 Cor.
437 2774 488 2807 xu,
505 2765 533 2796 4.
576 2765 609 2790 94
622 2763 706 2795 Joan.
725 2771 764 2800 IV,
781 2761 831 2794 24.
873 2762 905 2787 95
919 2761 1028 2805 Ephes.
1046 2772 1085 2803 rv,
1103 2763 1150 2794 13.
