1975 3071
249 143 324 194 ωε
894 161 1046 196 meam
1066 161 1282 195 PECTORATI
1891 157 1946 189 9m

249 229 427 269 conjunctus
444 229 570 261 excelsis
581 228 741 261 Cherubim
754 233 781 260 et
793 228 947 270 Seraphim
959 233 1052 262 tut-mi,

1133 231 1170 265 γὴν
1186 233 1316 272 μακαρίαν
1331 232 1360 260 ἐν
1381 233 1466 269 τούνῳ
1493 232 1669 268 κατάπαυσιν,
1696 229 1795 261 τέλειος
1811 229 1839 257 ἐν
1854 227 1946 265 τελείῳ

247 279 373 314 quorum
403 276 447 305 est
477 283 575 306 sermo
603 273 758 315 sapientia:
786 274 874 305 simul
912 279 942 306 et
971 275 1052 308 scien

1133 277 1185 314 lup,
1201 277 1336 317 συναφθεὶς
1352 277 1419 315 μετᾶ
1433 280 1486 305 τῶν
1500 275 1631 315 θεολόγων
1646 281 1708 306 ταῖς
1723 273 1884 314 {nuptarum
1899 272 1946 300 δυ-

247 318 306 351 ῐίω.
1114 321 1207 358 νάμεσι
1221 324 1274 349 τῶν
1297 320 1427 360 Χερουϐίμ
1440 333 1468 350 τε
1490 322 1534 349 καὶ
1559 321 1688 360 Σεραφὶμ,
1721 320 1757 348 ὧν
1771 319 1816 347 καὶ
1832 320 1845 346 ὁ
1861 318 1943 357 λόγος

1112 365 1158 399 τῆς
1173 366 1263 406 σοφίας
1286 368 1353 405 ὁμοῦ
1374 368 1417 396 καὶ
1432 370 1479 401 τῆς
1492 366 1627 405 γνώσεως.

283 408 335 439 45.
346 408 506 440 Hominum
515 409 584 447 vita,
590 409 675 450 cujus
682 412 773 440 status
780 411 815 441 ad
824 415 885 441 tres
893 414 1052 442 reVocantu

1151 405 1267 448 με’ζΕἰς
1298 410 1352 439 δύω
1373 411 1552 451 διαιρούμενος
1580 414 1632 439 τῶν
1662 409 1802 449 ἀνθρώπων
1832 411 1847 437 ὁ
1870 410 1938 448 βίος,

243 453 377 492 ordines,
394 453 536 485 dividitur
549 454 580 484 in
595 454 652 485 duo
669 463 790 492 genera.
810 453 906 486 Unum
925 459 968 486 est
982 465 1048 486 com

1133 465 1144 487 ς
1175 461 1247 494 τρεῖς
1281 454 1361 490 τάξ-ης
1389 455 1447 497 ἔχει
1482 457 1514 484 τὰ
1542 455 1607 489 τέλη
1635 455 1799 494 συναγόμενα
1827 455 1935 486 τούτου,

244 501 335 530 mune
350 502 379 530 et
394 498 588 538 mundanum,
606 498 733 530 alterum
750 508 817 529 vero
833 509 892 530 non
908 509 1052 530 communi

1133 501 1159 527 αὶ
1177 501 1208 528 τὸ
1229 500 1278 538 μὲν
1310 501 1389 529 αὐτοῦ
1415 500 1568 529 κοινωνικόν
1601 500 1655 528 ἐστι
1686 500 1729 528 καὶ
1764 499 1910 539 ὲγχόσμιον
1926 508 1933 514 ·

243 547 272 574 et
282 543 393 574 mundo
406 543 557 584 superius.
571 543 736 575 Commune
748 543 888 574 dividitur
903 543 933 574 in
949 548 1052 585 tempe-

1133 557 1137 572 ι
1169 544 1207 582 δὲ,
1245 545 1424 579 ἀκοινώνητον
1461 547 1504 574 καὶ
1532 546 1717 586 ὑπερκόσμιον.
1749 546 1798 574 Καὶ
1823 546 1856 573 τὸ
1886 546 1934 582 μὲν

241 588 366 619 rantiam
383 592 414 620 et
428 587 460 618 in
475 587 674 619 insatiabilem
686 587 897 628 cupiditatem;
915 598 974 619 non
986 599 1050 620 com

1133 590 1263 618 ιικωνικὸν
1306 591 1342 622 εἱς
1380 591 1553 630 σωφροσύνην
1592 589 1730 630 διαιρεῖται
1765 591 1809 618 καὶ
1845 589 1935 623 ἀπλη-

241 639 332 664 mune
347 641 427 671 vero,
444 633 475 663 in
493 632 710 673 philosophiam
730 642 738 669 ;
753 632 783 663 in
799 632 948 673 pbysicam
964 633 1052 664 scien-

1133 634 1179 661 τίαν
1196 643 1202 649 '
1233 635 1263 662 τὸ
1292 633 1319 662 δὲ
1341 635 1533 672 ἀκοινώνητον,
1564 636 1601 667 εἷς
1630 634 1795 674 φιλοσοφίαν,
1827 636 1866 666 εἱς
1888 647 1933 674 φυ-

241 677 323 718 tiam,
334 681 364 708 et
377 678 408 708 in
423 678 681 718 supernaturalem
698 678 913 718 operationem.
924 678 1010 710 Prius
1018 688 1052 710 ve

1133 679 1184 712 κήν
1219 678 1382 717 ἐπιστήμην,
1424 681 1469 708 καὶ
1509 681 1546 712 εἷς
1587 680 1652 719 ὑπὲρ
1678 679 1752 719 φύσιν
1786 679 1932 719 ἐνέργειαν.

236 722 361 767 justitiaa
371 722 513 760 adhaeret,
526 722 551 753 si
563 731 672 762 nempe
680 722 843 753 secundum
854 727 988 754 naturam
1000 732 1052 754 mor

1133 723 1210 752 zt'ituw
1226 724 1256 751 τὸ
1278 723 1326 761 μὲν
1354 724 1372 758 ἢ
1393 727 1431 761 τῷ
1453 723 1545 761 δικαίῳ
1572 725 1730 752 συνάπτεται
1756 725 1826 753 κατὰ
1856 724 1932 763 φύσιν

240 766 355 808 veatur,
367 767 414 798 vel
425 767 456 798 in
468 767 646 807 iniustitiam
663 771 691 798 et
706 766 891 807 iniquitatem
908 767 1028 809 labitur,
1040 777 1052 799 s

1134 768 1262 808 χύμενον,
1286 768 1304 802 ἢ
1319 771 1353 806 τῇ
1375 767 1460 805 ἀδικίᾳ
1479 770 1523 797 καὶ
1551 769 1586 802 εἷς
1614 767 1716 796 ἂδιιίαν
1738 775 1836 809 χωρεῖ,
1858 769 1929 796 ἄπο-

240 821 348 852 nempe
358 821 375 842 a
386 812 510 842 naturali
522 815 603 843 motu
612 812 760 842 deﬂectat:
772 811 917 852 posterius
923 817 1052 850 autem,s

1133 812 1236 846 tavn0§v
1263 814 1313 847 τῆς
1341 813 1409 840 κατὰ
1436 813 1512 852 φύσιν
1532 814 1683 848 κινήσεως·
1707 814 1737 840 τὸ
1759 812 1797 849 δὲ,
1829 814 1852 841 εἰ
1882 814 1930 845 μὲν

239 855 358 897 quidem
366 856 549 897 propositum
557 860 753 897 persequatur
768 856 884 896 regulas
898 856 1052 888 observan-

1133 857 1170 884 ετὰ
1185 858 1285 885 σκοπὸν
1297 856 1376 896 dubi-9
1388 857 1427 894 τῷ
1437 861 1527 887 κανόνι
1538 857 1758 895 ἆπευθυνόμενον,
1771 858 1806 890 είς
1821 856 1929 897 ἄπειρον

237 902 288 939 do,
300 901 338 932 ad
349 901 494 932 inﬁnitam
509 900 644 941 pervenit
661 905 806 936 naturam,
823 910 912 941 supra
927 905 1052 933 naturan

1133 900 1212 937 λευτᾷ
1226 902 1313 942 φύσιν,
1331 902 1396 941 ὑπὲρ
1423 903 1472 934 τὴν
1501 903 1576 942 φύσιν
1605 901 1755 932 τελειωθέν.
1771 902 1801 930 Εἰ
1816 901 1844 929 δὲ
1859 903 1929 930 κατὰ

240 944 405 985 pet-fectum
421 956 429 983 ;
456 945 482 975 si
504 944 594 976 verbo
608 945 738 984 superbe
749 954 856 976 vacans
867 945 1028 983 exercitiis,
1045 956 1052 977 ε

1133 946 1253 983 λοτιμίαν
1269 947 1499 986 ἐγγυμναζόμενον
1527 950 1573 974 τοῦ
1601 951 1701 976 σκοποῦ
1724 947 1869 984 ψεύσηται,
1895 948 1930 979 εἰς

235 990 389 1031 proposito
397 989 726 1024 devertatur.deciditin
733 999 853 1020 sensum
863 990 1049 1030 reprobum,e

1133 990 1229 1028 ἒόχιμον
1244 991 1352 1027 τελευτᾷ
1367 994 1438 1029 νοῦν,
1463 991 1506 1019 καὶ
1534 993 1570 1023 ὡς
1586 990 1678 1022 ἀτελὲς
1708 991 1816 1023 εἰκότως
1832 990 1929 1020 ἀποδο-

235 1038 374 1075 tanquam
394 1034 603 1075 imperl‘ectum
629 1033 737 1065 merito
750 1033 885 1075 rejicitur
903 1044 920 1066 a
940 1036 1052 1075 perfec-

1133 1035 1240 1073 μάζεται
1258 1039 1305 1064 τοῦ
1319 1034 1432 1064 τελείου.

233 1079 325 1110 tione.

1141 1075 1212 1117 μς’.
1229 1080 1301 1120 Φῶς,
1317 1081 1361 1108 καὶ
1387 1080 1454 1116 turb,
1479 1080 1522 1108 καὶ
1537 1081 1627 1120 εἰρήνη
1643 1081 1673 1109 τὸ
1687 1083 1804 1118 Πνεῦμα.
1838 1075 1868 1109 ι0
1885 1081 1926 1109 οὖν

272 1125 323 1156 46.
340 1123 414 1163 Lux,
432 1123 492 1155 vita
507 1127 535 1154 et
550 1133 605 1164 pax
630 1127 674 1155 est
703 1122 842 1164 Spiritus.
873 1123 928 1160 Qui
954 1133 1024 1164 ergo
1040 1134 1052 1156 a

1133 1125 1147 1152 ὸ
1184 1129 1230 1154 τοῦ
1264 1125 1332 1153 θείου
1367 1124 1545 1164 φωτιζόμενος
1580 1125 1743 1162 Πνεύματος,
1777 1124 1925 1163 γαληναίαν

233 1169 332 1200 divino
347 1168 532 1200 illuminatur
560 1168 685 1208 Spiritu,
717 1168 907 1209 tranquillam
936 1169 966 1200 in
983 1179 1052 1210 pace

1133 1170 1236 1203 ηηνεύων
1271 1168 1367 1198 διανύει
1409 1170 1492 1205 ζωήν,
1531 1170 1663 1198 Ἐντεῦθεν
1699 1169 1725 1197 δὲ
1764 1170 1782 1203 ἡ
1826 1174 1923 1209 γνῶσις

231 1214 347 1255 peragit
362 1214 463 1245 vitam.
474 1212 547 1245 Inde
562 1217 659 1244 autem
677 1213 706 1244 in
720 1223 755 1244 eo
770 1214 896 1244 scientia
910 1223 1009 1245 rerum
1026 1218 1052 1246 et

1133 1217 1167 1251 τῷ
1193 1214 1246 1242 τῶν
1272 1214 1367 1251 ὄντων,
1398 1215 1442 1242 καὶ
1469 1215 1487 1248 ἡ
1517 1215 1594 1254 σοφία
1618 1218 1663 1243 τοῦ
1691 1213 1770 1253 λόγου
1793 1216 1920 1254 πηγάζειΥ

233 1259 379 1300 sapientia
393 1258 476 1290 verbi
492 1262 595 1294 scatet,
613 1267 778 1298 sensusque
796 1257 903 1290 Christi
919 1259 1052 1290 innasci-

1133 1259 1139 1286 ἱ
1168 1260 1181 1286 ὁ
1210 1262 1269 1290 νοῦς
1298 1263 1344 1288 τοῦ
1372 1262 1484 1297 Χριστοῦ
1507 1259 1675 1298 ἐπιγίνεται·
1699 1261 1775 1291 οὗτος
1801 1259 1861 1288 οἶδε
1890 1262 1921 1288 τὰ

232 1308 299 1335 tur:
316 1303 365 1334 hic
381 1303 462 1334 novit
477 1302 561 1341 regni
576 1302 629 1333 Dei
658 1302 806 1343 mysteria,
823 1303 966 1343 profunda
983 1303 1052 1344 Spi-

1133 1314 1144 1334 ς
1173 1303 1308 1341 βασιλείας
1339 1304 1481 1342 μυστήρια,
1499 1304 1534 1335 είς
1548 1304 1580 1332 τὰ
1595 1304 1662 1341 βάθη
1677 1310 1764 1344 χωρεῖ
1779 1308 1827 1332 τοῦ
1842 1308 1919 1342 Θεοῦ,

230 1348 306 1379 ritus
319 1351 467 1388 penetrat,
483 1357 517 1378 ac
533 1347 582 1382 die
598 1346 658 1377 diei
673 1351 788 1377 eructat
802 1349 839 1378 de
848 1348 939 1378 corde
947 1357 1052 1379 sereno

1133 1347 1238 1387 ίιὴμέρα
1252 1351 1286 1386 τῇ
1301 1347 1388 1387 ἡμέρᾳ
1403 1347 1534 1387 ἐρεύγεται
1548 1347 1643 1387 λόγους
1657 1351 1739 1388 ζωῆς,
1755 1348 1782 1381 ἐξ
1796 1349 1921 1387 ἆκυμάν-

232 1397 260 1423 et
274 1393 439 1423 illuminato
452 1392 543 1423 verba
567 1391 643 1429 vitaa,
674 1392 750 1422 bona
764 1391 957 1430 :hominibus,
985 1393 1052 1432 quia

1133 1403 1140 1419 ι
1155 1393 1198 1420 καὶ
1212 1393 1418 1432 πεφωτισμένης
1432 1391 1550 1432 καρδίας,
1560 1393 1671 1432 ἀγαθοὺς
1685 1400 1742 1425 τοῖς
1758 1393 1918 1433 ἀνθρώποις·

232 1436 328 1468 bonus
343 1441 400 1474 est,
418 1441 446 1468 et
459 1437 496 1468 de
511 1435 589 1467 bono
608 1436 748 1467 thesauro
764 1446 818 1467 suo
836 1436 926 1468 verba
945 1437 1052 1477 profert

1133 1435 1186 1470 ειδὴ
1201 1437 1296 1476 ἀγαθός
1308 1437 1374 1475 ἐστι,
1391 1438 1437 1465 τὸν
1450 1437 1547 1476 ἀγαθὸν
1562 1436 1636 1477 ἔχων
1651 1437 1781 1466 λαλοῦντα
1795 1437 1823 1466 ἐν
1835 1439 1922 1476 ἑαυτῷ

231 1490 307 1512 nova
321 1486 352 1513 et
366 1486 466 1513 vetera
479 1481 502 1512 ¹.

1133 1482 1173 1509 ινά
1186 1493 1214 1510 τε
1228 1483 1272 1510 καὶ
1294 1481 1407 1513 παλαιά.

270 1572 320 1603 47.
335 1570 415 1602 Deus
430 1574 474 1601 est
498 1569 654 1614 sapientia,
685 1574 714 1600 et
741 1578 792 1601 eos
817 1570 868 1611 qui
895 1570 1010 1602 ratione
1024 1576 1052 1603 et

1135 1565 1191 1608 μζ’.
1221 1572 1304 1612 Σοφία
1326 1572 1340 1599 ὁ
1363 1572 1438 1610 Θεὸς,
1467 1572 1511 1600 καὶ
1531 1572 1591 1604 τοὺς
1612 1571 1641 1600 ὲν
1668 1571 1741 1610 λόγῳ
1766 1573 1811 1601 καὶ
1840 1573 1920 1614 σοφίᾳ

229 1615 374 1655 sapientia
388 1615 464 1645 duce
492 1613 656 1651 ambulant,
685 1614 808 1645 scientia
818 1624 930 1653 “rerum
953 1615 1051 1655 (coale-

1133 1611 1311 1654 αιπατοῦντας,
1339 1618 1373 1654 τῇ
1395 1616 1491 1654 γνώσει
1520 1619 1574 1644 τῶν
1594 1616 1677 1644 ὀντων
1700 1615 1755 1656 [ἴσ.
1778 1611 1918 1657 captiviva

230 1659 328 1699 stium)
358 1659 511 1696 deiﬁcans,
534 1658 711 1699 sibimetipsi
728 1668 780 1699 per
801 1659 902 1690 lumen
931 1660 1004 1698 unit,
1022 1665 1051 1692 et

1133 1662 1231 1698 ηποιῶν,
1257 1662 1315 1689 ἑνοῖ
1337 1659 1494 1700 διὰᾼφωτδς
1521 1661 1614 1693 αὖτοὺς
1643 1661 1739 1699 ἑαυτῷ,
1772 1663 1817 1690 καὶ
1845 1662 1916 1691 θέσει

229 1697 324 1744 gratia
337 1705 408 1736 deos
424 1703 502 1736 facit.
518 1697 774 1740 Quemadmodum
790 1709 888 1735 autem
901 1697 1001 1735 omnia
1015 1714 1049 1736 ex

1133 1706 1163 1738 ηὺς
1184 1697 1370 1745 ἀπεργάζεται,
1390 1697 1486 1745 Ὥσπερ
1501 1704 1529 1734 δὲ
1543 1707 1621 1738 αὐτὸς
1652 1705 1681 1734 ἐκ
1702 1697 1748 1734 τοῦ
1775 1707 1815 1744 μὴ
1838 1707 1915 1740 ὄντος

230 1748 323 1779 nihilo
335 1749 481 1789 sapientia
494 1748 573 1785 fecit,
588 1752 617 1778 et
628 1757 681 1788 per
691 1748 865 1788 sapientiam
884 1758 933 1779 res
949 1749 1051 1780 mundi

1133 1750 1169 1790 ρίᾳ
1188 1751 1221 1778 τὰ
1249 1752 1334 1779 πάντα
1358 1751 1569 1790 κατασκευάσας,
1597 1750 1640 1778 διὰ
1666 1751 1757 1791 σοφίας
1786 1753 1820 1780 τὰ
1839 1752 1917 1791 ἐγκό-

229 1794 306 1833 regit
320 1796 349 1824 et
365 1793 521 1833 gubernat,
538 1797 626 1833 atque
651 1793 775 1824 salutem
800 1794 933 1824 omnium
948 1795 998 1834 qui
1013 1795 1048 1825 ad

1133 1793 1282 1834 ια-διεξάγει
1306 1796 1349 1823 καὶ
1377 1794 1482 1832 διοικεῖ,
1512 1795 1556 1823 καὶ
1582 1795 1632 1829 τὴν
1660 1797 1792 1834 σωτηρίαν
1808 1797 1916 1825 πάντων

228 1846 261 1869 se
274 1842 487 1869 convertuntur
502 1841 530 1868 et
555 1838 711 1877 accedunt,
739 1838 849 1878 pariter
863 1839 893 1868 in
906 1839 1051 1878 sapientia

1133 1852 1143 1867 ν
1159 1839 1315 1879 ἐγγιζόντων
1337 1839 1408 1877 αὖτῷ
1429 1838 1461 1867 δι’
1484 1840 1646 1880 ἐπιστροφῆς
1675 1841 1799 1874 ὡσαύτως
1828 1842 1870 1870 ἀεὶ
1892 1843 1918 1870 ἐν

228 1891 347 1923 semper
375 1883 470 1914 facit:
503 1883 546 1913 sic
575 1882 662 1914 etiam
689 1883 740 1913 ille
767 1892 855 1923 quem
871 1893 924 1914 sua
939 1885 1050 1924 put-itas

1133 1885 1169 1924 ρίᾳ
1184 1885 1331 1925 ἐργάζεται,
1359 1884 1428 1913 οὕτω
1455 1886 1499 1913 καὶ
1526 1886 1539 1913 ὁ
1568 1884 1684 1917 ἀξιωθεὶς
1713 1888 1762 1919 τῆς
1789 1886 1919 1917 ἀνωτάτω

229 1926 350 1967 dignum
379 1927 447 1958 fecit
475 1927 526 1968 qui
555 1927 705 1958 altissimre
734 1927 888 1968 sapientiae
903 1929 1050 1970 particeps

1133 1929 1210 1957 νεῖσθαι
1224 1931 1328 1970 σοφίας,
1345 1929 1374 1958 ἐκ
1388 1930 1581 1969 καθαρότητος,
1605 1929 1736 1970 μέτοχος,
1759 1931 1799 1959 ἀεὶ
1815 1933 1853 1963 ὡς
1879 1933 1918 1960 εὶ-

229 1971 325 2008 lieret,
342 1981 461 2012 semper
476 1976 621 2012 quatenus
639 1972 735 2011 imago
751 1972 804 2003 Dei
819 1972 849 2003 in
865 1973 1008 2013 sapientia
1022 1977 1051 2004 et

1133 1985 1145 2000 ν
1165 1977 1228 2002 Θεοῦ
1249 1975 1293 2003 καὶ
1308 1975 1385 2007 αὒτὸς
1401 1974 1426 2002 ὲν
1454 1975 1533 2014 σοφίᾳ
1560 1981 1635 2003 ποιεῖ
1662 1976 1705 2003 καὶ
1735 1975 1872 2015 ἐργάζεται
1887 1978 1920 2005 τὰ

228 2015 293 2056 ipse
309 2016 378 2047 facit
394 2021 423 2048 et
447 2016 551 2057 implet
565 2017 693 2047 divinam
710 2017 900 2054 voluntatem,
918 2018 1050 2058 seipsum

1133 2022 1136 2044 ὲ
1157 2019 1225 2048 θείου
1240 2018 1390 2057 θελήματος
1407 2027 1415 2034 ‘
1439 2019 1557 2057 συνάγων
1588 2019 1637 2057 μὲν
1666 2020 1719 2048 ἀπὸ
1742 2023 1795 2048 τῶν
1811 2020 1862 2053 ἔξω
1876 2023 1919 2050 καὶ

227 2062 384 2092 retrahens
399 2070 415 2092 a
432 2062 522 2092 rebus
552 2061 682 2092 externis
711 2062 741 2092 in
771 2062 936 2102 multasque
954 2067 1050 2102 partes

1133 2063 1270 2101 >ιζομένων
1291 2064 1326 2096 εἷς
1350 2063 1436 2092 πολλὰ
1459 2064 1564 2101 ἑαυτὸν,
1594 2064 1698 2103 ἀνάγων
1731 2063 1757 2092 δὲ
1787 2066 1919 2106 ὁσημέραι

229 2107 343 2143 divisis,
371 2106 517 2137 rationem
541 2116 609 2137 vero
625 2116 707 2137 suam
724 2116 778 2146 per
792 2106 946 2137 scientiam
963 2107 1049 2138 abdi-

1133 2131 1134 2134 η
1162 2108 1304 2136 ἀνατείνων
1331 2109 1362 2136 τὸ
1395 2108 1566 2148 λογιζόμενον
1608 2107 1688 2138 αὐτοῦ
1714 2108 1756 2137 διὰ
1792 2110 1918 2148 γνώσεως

230 2155 326 2182 torum
341 2151 492 2182 adducens
508 2155 538 2182 et
560 2152 680 2183 elevans
695 2151 730 2182 ad
748 2151 835 2182 vitam
851 2161 920 2182 vere
934 2153 1050 2191 angeli-

1133 2165 1144 2180 ν
1159 2152 1326 2192 ἀποῤῥήτων,
1356 2154 1421 2193 πρὸς
1449 2152 1591 2192 ὰγγελικὰς
1616 2157 1655 2190 τῷ
1683 2153 1737 2182 ὄντι
1761 2155 1833 2189 ζωάς
1850 2165 1860 2173 ε
1875 2157 1918 2183 καὶ

229 2205 292 2227 eam
305 2205 313 2232 ς
325 2200 355 2226 et
366 2205 456 2226 unam
469 2196 602 2227 efﬁciens
611 2205 663 2236 pro
678 2195 790 2226 viribus
806 2205 887 2226 suam
903 2196 1000 2230 vitam.
1019 2206 1050 2228 se

1133 2196 1203 2233 ηειδῆ,
1234 2198 1301 2225 κατὰ
1325 2199 1356 2226 τὸ
1384 2198 1500 2237 ἐφικτὸν,
1529 2197 1580 2230 τὴν
1608 2199 1687 2228 αὐτοῦ
1707 2199 1777 2234 ζωὴν
1804 2199 1918 2239 ἐργαζόο

229 2241 293 2272 tmit
320 2239 465 2271 coelicolis
490 2241 684 2281 potestatibus
713 2249 772 2270 uno
803 2244 882 2270 motu
904 2241 940 2271 ad
955 2241 1048 2272 Deum

1133 2253 1181 2281 ιος,
1197 2243 1254 2270 ἑνοῖ
1268 2247 1328 2274 ταῖς
1350 2243 1405 2270 ἄνω
1420 2241 1560 2280 δυνάμεσιν
1589 2242 1694 2283 ἑαυτὸν,
1724 2250 1785 2275 ταῖς
1813 2244 1918 2275 ἑνιαίως

229 2285 432 2321 tendentibus,
449 2292 478 2316 et
495 2295 549 2326 per
563 2295 612 2316 eas
624 2286 704 2316 velut
715 2294 767 2325 per
778 2285 906 2325 optimos
918 2285 1008 2317 duces
1016 2287 1052 2318 ad

228 2331 357 2370 primum
373 2331 552 2371 principium
567 2331 753 2372 primamque
773 2339 891 2361 causam
907 2331 1052 2364 ascendit.

268 2420 319 2452 48.
351 2419 406 2456 Qui
435 2430 489 2460 per
516 2420 644 2451 divinam
675 2418 850 2460 sapientiam
880 2429 946 2451 sese
961 2421 1052 2452 univit

228 2465 366 2505 supernis
389 2465 559 2502 virtutibus,
577 2464 705 2505 ideoque
721 2465 781 2496 Deo
796 2464 895 2495 unitus
912 2470 967 2506 est,
984 2475 1050 2497 cum

226 2509 266 2540 sit
280 2509 316 2540 ad
333 2509 561 2541 similitudinem
587 2510 654 2545 Dei,
678 2518 746 2540 cum
762 2509 901 2540 omnibus
916 2510 1006 2542 verbo
1023 2516 1052 2542 et

226 2553 375 2594 colloquio
390 2559 541 2594 sapienter
569 2563 761 2594 conversans,
794 2554 947 2585 hominum
965 2555 1050 2586 bonae

223 2598 382 2629 voluntatis
395 2599 533 2630 affectum
551 2598 657 2629 virtute
671 2598 770 2629 divina
784 2599 908 2630 retrahit
930 2608 946 2629 a
961 2600 1051 2631 rebus

226 2644 359 2674 externis
374 2648 404 2674 et
418 2643 632 2681 divisibilibus,
660 2652 771 2683 eosque
799 2647 830 2673 ut
855 2652 986 2683 seipsum
1013 2645 1050 2676 ad

225 2689 348 2720 unitatis
376 2689 475 2725 vitam,
504 2694 606 2730 utpote
634 2688 689 2720 Dei
718 2688 858 2724 imitator,
887 2689 918 2719 in
946 2689 1050 2730 spiritu

223 2734 386 2770 attrahens,
404 2734 485 2765 ducit
501 2743 554 2774 per
582 2733 758 2774 sapientiam
788 2738 817 2764 et
845 2733 1000 2765 scientiam
1017 2745 1051 2767 ac

224 2778 433 2818 mysteriorum
449 2779 677 2816 revelationem,
708 2777 744 2808 ad
770 2778 1050 2818 contemplationem

265 2856 275 2877 ί
292 2857 396 2888 Matth.
412 2866 476 2897 xui,
492 2858 542 2889 52.

1093 2287 1151 2326 περὶ
1167 2288 1232 2315 Θεὸν
1244 2287 1409 2325 κινουμέναις
1427 2297 1435 2304 ο
1465 2288 1508 2314 καὶ
1533 2285 1567 2314 δι’
1589 2287 1674 2315 αὒτῶν
1702 2290 1767 2328 πρὸς
1780 2289 1831 2322 τὴν
1846 2291 1918 2329 πρώ-

1093 2342 1142 2364 την
1158 2331 1246 2372 ἀρχὴν
1259 2333 1303 2360 καὶ
1329 2332 1413 2361 αἰτίαν
1441 2332 1476 2364 ὡς
1504 2330 1538 2358 δι’
1560 2331 1664 2370 ἀγαθῶν
1686 2333 1828 2372 ἡγεμόνων
1850 2335 1917 2363 ἀνά-

1093 2387 1180 2416 γεται.

1133 2416 1193 2459 μη’.
1213 2417 1241 2450 Ὀ
1266 2420 1308 2449 διὰ
1326 2421 1417 2460 σοφίας
1445 2421 1494 2454 τῆς
1522 2421 1669 2461 κρείττονος
1698 2423 1790 2451 ἑαυτὸν
1817 2424 1917 2456 enim:

1092 2473 1153 2499 ταῖς
1178 2466 1232 2496 ἅνω
1254 2465 1389 2503 δυνάμεσι,
1414 2465 1458 2494 καὶ
1478 2465 1521 2493 διὰ
1549 2470 1627 2494 τοῦτο
1655 2470 1713 2504 Θεῷ
1741 2468 1858 2506 ἐνωθείς,
1883 2470 1918 2501 ὡς

1092 2512 1151 2540 καθ’
1167 2511 1293 2550 ὁμοίωσιν
1314 2510 1350 2539 ὣν
1377 2513 1423 2538 τοῦ
1445 2513 1522 2548 Θεοῦ,
1538 2514 1604 2539 πᾶσι
1625 2510 1668 2540 διὰ
1683 2511 1763 2551 λόγου
1784 2514 1830 2541 καὶ
1850 2525 1915 2541 συν-

1091 2557 1179 2588 ουσίας
1221 2555 1405 2596 ἐμφιλοσόφως
1442 2555 1641 2596 συγγινόμενος,
1676 2556 1818 2596 ἀποτέμνει
1862 2561 1916 2587 τῶν

1091 2601 1259 2640 βουλομένων
1289 2601 1345 2636 θείᾳ
1377 2599 1484 2638 δυνάμει
1519 2602 1565 2632 τὰς
1593 2601 1658 2635 ἕξεις
1686 2602 1739 2631 ἀπὸ
1774 2605 1829 2631 τῶν
1867 2603 1917 2636 ἔξω

1091 2647 1135 2674 καὶ
1159 2648 1300 2686 μεριστῶν¹
1331 2645 1461 2684 καὶπρὸς
1490 2645 1591 2679 ὲνοειδῆ
1619 2647 1702 2685 ζωὴν,
1732 2647 1822 2687 ὥσπερ
1850 2649 1916 2676 ἑαυ-

1091 2693 1136 2720 τὸν
1158 2693 1204 2720 οἶα
1219 2690 1252 2725 δή
1267 2693 1331 2719 Θεοῦ
1357 2690 1479 2728 μιμητὴς
1508 2691 1552 2718 καὶ
1580 2692 1673 2724 αὖτοὺς
1701 2692 1860 2721 συνελίσσων
1890 2693 1917 2722 ἐν

1092 2737 1232 2775 πνεύματι,
1250 2736 1340 2774 ἀνάγει
1367 2734 1408 2763 διὰ
1436 2735 1528 2775 σοφίας
1555 2736 1599 2764 καὶ
1628 2737 1763 2778 γνώσεως,
1797 2739 1841 2767 καὶ
1868 2739 1916 2772 τῆς

1092 2785 1144 2810 τῶν
1173 2781 1331 2820 ἆποκρύφων
1353 2779 1523 2818 ἐλλάμψεως,
1551 2782 1615 2821 πρὸς
1635 2782 1744 2821 θεωρίαν
1766 2785 1815 2816 τῆς
1837 2782 1915 2816 δόξης
