1975 3071
30 189 107 222 977
513 191 784 227 GNOSTICORUM
804 189 975 226 CAPITUM
996 190 1192 224 CENTURIA
1213 190 1269 222 ΠΙ.
1685 184 1744 223 978

31 261 94 286 τοῦ
117 259 177 291 ἐνὸς
192 260 237 288 καὶ
249 259 355 299 πρώτου
383 259 470 300 φωτός
487 268 496 277 ⁸
525 260 569 288 καὶ
584 259 684 291 ἑνώσας
699 259 793 292 αὖτοὺς
816 265 862 286 ταϊ

931 255 1020 294 deria;
1047 256 1136 288 unius
1168 256 1317 298 primique
1351 255 1497 293 luminis,
1527 258 1556 286 et
1585 257 1741 300 postquam

32 303 109 343 περὶ
128 304 193 332 Θεὸν
209 304 307 336 οὖσίαις
335 298 521 341 καὶντάξεσιν,
552 304 588 335 εἷς
614 303 663 337 τὴν
687 303 801 337 ἑνότητα
815 302 862 342 ἄγε

931 301 1037 332 osdem
1056 302 1149 333 univit
1173 300 1435 333 circumstantibus
1458 300 1552 332 Deum
1568 298 1742 330 substantiis

34 351 130 384 Θεοῦ,
154 347 322 386 ὁλολαμπεϊς
351 349 493 388 γεγονότας
521 348 550 377 ἐκ
578 351 626 382 τῆς
655 353 700 378 τοῦ
721 348 863 386 Πνεύματο.

931 350 946 378 :t
961 347 1147 383 cohortibus,
1170 346 1206 378 ad
1230 347 1374 377 unitatem
1400 345 1495 377 elevat
1518 344 1600 385 ipsos
1627 343 1742 385 fulgore

34 392 238 431 ἑπιλάμψεως.

89 434 150 476 μθ’.
175 441 214 477 Τῇ
241 439 381 477 τετρακτύῖ
405 439 459 468 τῶν
484 439 596 478 ἀρετῶν,
623 438 715 477 ὀγδοὰς
741 449 874 476 σονομαρ-

35 491 91 511 τεϊ
122 487 239 524 φυσικῶν
276 494 304 512 τε
334 485 378 512 καὶ
411 487 523 523 γενικῶν
561 483 672 523 ἀρετῶν,
702 486 749 520 μιᾷ
776 483 876 511 τούτων

36 529 152 566 ἑκάστῃ
177 527 202 560 ἐξ
228 528 352 568 ἑκατέρου
381 528 473 568 μέρους
502 527 554 562 δύω
582 527 808 564 ἐπανατελουσῶν,
839 527 875 559 ὡς

36 574 93 601 καὶ
118 573 200 606 αὖτὴν
224 573 338 606 ἑκάστην
361 574 474 612 γίνεσθαι
500 574 537 605 εἰς
553 572 660 612 Τριάδα.
677 575 715 610 Τῇ
741 572 786 600 οὖν
814 583 876 611 φρο-

36 617 139 652 νήσει,
171 620 268 656 γνῶσις
297 617 478 655 ἐπανατέλλει,
507 618 550 646 καὶ
586 617 655 656 σοιρή
688 617 803 656 Θεωρία·
842 619 876 654 τῇ

36 659 215 699 δικαιοσύνῃ,
257 661 397 702 διάκρισις,
434 663 477 690 καὶ
516 663 715 700 εὖσυμπάθητος
753 661 872 699 γνώμη·

36 708 79 742 τῇ
98 704 214 745 ἀνδρείᾳ,
230 706 352 744 ὑπομονὴ
377 707 420 734 καὶ
449 706 568 738 ἔνστασις
590 706 705 745 σταθηρά
721 715 727 722 ·
758 709 792 744 τῇ
819 716 875 733 σω-

37 751 178 790 φροσύνῃ,
209 751 286 790 ἀγρία
319 752 363 779 καὶ
398 752 532 790 παρθενία.
560 751 663 784 Ταύτης
689 752 738 784 τῆς
773 748 875 790 τριαδι-

36 797 100 828 xi;
123 793 278 835 δωδεκάδος,
309 795 398 835 ὥσπερ
425 807 465 827 τις
493 797 601 829 κτίστης
629 796 672 823 καὶ
701 796 874 834 μυσταγωγὸς

39 841 54 868 ὸ
97 841 163 872 θεὸς
198 839 224 867 ἐν
254 841 332 880 σοφίᾳ
360 840 561 880 ὑπερκαθὲζεται
589 839 615 868 ἐν
651 843 689 877 τῷ
717 840 778 872 νοὸς
813 840 876 878 θρό-

88 908 97 924 ,
134 885 178 912 τὸν
211 884 294 923 Λόγον
319 884 519 917 ἐξαποστέλλων
548 885 583 917 εἷς
620 883 792 923 δημιουργίαν
820 887 874 912 τῶν

39 929 150 968 ἀρετῶν
167 937 173 943 ·
211 929 239 961 ὃς
282 930 325 957 καὶ
361 928 503 967 λαμϐάνων
540 929 571 957 ἐκ
610 933 662 958 τῶν
694 929 875 967 ὑποκειμένων

40 974 144 1014 ἀρχῶν
174 973 222 1007 τὴν
253 973 280 1006 ἐξ
307 973 431 1013 ἑκατέρας
467 974 533 1007 ὕλην
558 977 611 1002 τῶν
646 974 802 1013 εἰρημένων,
830 974 876 1002 τὸν

41 1019 146 1051 νοητὸν
170 1021 220 1051 τῆς
249 1016 379 1050 εὐσεϐείας
408 1019 507 1055 κόσμον
535 1017 694 1058 δημιουργεῖ
716 1022 750 1057 τῇ
786 1020 873 1057 ψυχῇ.

41 1063 100 1093 Καὶ
127 1063 165 1094 ὡς
191 1062 238 1099 μὲν
264 1062 372 1102 οὒρανὸν
411 1062 519 1091 ἐκτείνει
560 1063 626 1101 αὖτῇ
652 1064 700 1097 τὴν
736 1062 872 1102 φρόνησιν,

41 1106 116 1140 ὅλην
131 1107 291 1142 κατάστερον
320 1107 356 1138 εἷς
385 1106 528 1145 ὁλολαμπῆ
557 1108 641 1147 ζωὴν,
669 1107 696 1136 ἐν
758 1108 794 1138 ὡς
823 1106 875 1134 δύω

41 1151 182 1191 μεγάλως
197 1152 338 1191 φωστῆρας
353 1152 402 1185 τὴν
423 1152 492 1180 θείαν
521 1156 629 1192 γνῶσιν,
657 1153 700 1180 καὶ
729 1152 778 1186 τὴν
795 1162 873 1191 φυσι-

41 1197 98 1230 κὴν
140 1196 259 1235 θεωρίαν,
304 1195 418 1233 λάμπειν
463 1198 506 1226 καὶ
546 1198 734 1237 καταφωτίζειν
777 1198 874 1229 ταύτην

41 1247 123 1270 ποιεῖ
140 1249 147 1256 ·
171 1241 207 1272 ὡς
223 1239 248 1268 δὲ
273 1242 323 1279 γῆν
337 1241 458 1278 θεμελιοϊ
487 1241 537 1275 τὴν
559 1240 726 1274 δικαιοσύνην
742 1243 821 1281 αὒτῇ,
836 1242 873 1272 εἰς

42 1284 202 1314 πανδαισίαν
223 1284 356 1314 ἀδάπανον
373 1295 381 1304 '
411 1287 448 1318 ὡς
463 1285 490 1313 δὲ
511 1285 575 1326 ἀέρα
596 1285 716 1326 ἆφαπλοϊ
743 1286 792 1320 τὴν
813 1296 871 1314 σω-

41 1330 191 1370 φροσύνην,
216 1331 252 1360 εἷς
287 1329 411 1367 ἀνάψυξιν
447 1331 490 1361 καὶ
517 1330 609 1370 δρόσον
644 1331 871 1370 ἀκραιφνεστάτης

38 896 84 921 ,μμ

40 1378 118 1411 ζωῆς
137 1385 143 1390 ·
168 1375 204 1406 ὡς
232 1373 259 1402 δὲ
287 1374 420 1404 θάλασσαν
449 1376 496 1409 τὴν
524 1375 640 1415 ἀνδρείαν
668 1376 745 1414 ὁρίζει
775 1375 802 1404 ἐν
836 1378 878 1416 τῇ.

40 1418 167 1455 ἀσθενείᾳ
201 1422 249 1452 τῆς
282 1420 396 1459 φύσεως,
432 1421 467 1452 είς
500 1421 647 1460 καθαίρεσιν
675 1420 868 1460 ὀχυρωμάτων,

39 1466 87 1492 καὶ
117 1464 270 1501 ὕψωμα-των
295 1468 341 1492 τοῦ
369 1464 495 1495 ἐναντίου,
533 1469 628 1494 Τοῦτον
657 1465 701 1493 οὖν
736 1464 804 1492 οὕτω
825 1465 869 1492 τὸν

40 1509 147 1546 κόσμον
175 1510 188 1537 ὁ
212 1508 298 1547 Λόγος
326 1508 482 1549 οἰκοδομῶν,
513 1508 620 1546 δῦναμιν
647 1509 775 1543 ἐντίθησιν
802 1510 869 1547 αὗτῇ

39 1555 71 1582 τὸ
97 1557 205 1591 Πνεῦμα
234 1554 269 1584 εἷς
305 1554 407 1586 κίνησιν
429 1555 478 1591 μὲν
500 1556 612 1590 νοητὴν,
635 1554 678 1583 καὶ
708 1554 867 1593 ἀεικίνητον,

916 391 1038 432 spiritus
1055 391 1248 422 illuminatos.

957 437 1008 468 49.
1025 435 1157 472 Quatuor
1173 435 1358 467 naturalibus
1372 433 1634 474 cardinalibusque
1649 433 1743 466 virtu-

919 480 997 512 tibus
1022 485 1088 511 octo
1116 481 1225 512 adsunt
1252 480 1388 520 comites,
1418 489 1482 520 quae
1511 479 1590 510 binae
1617 479 1742 518 singulis

918 525 1058 566 utrinque
1082 526 1266 565 cooriuntur,
1290 525 1332 556 ita
1354 530 1386 555 ut
1410 524 1528 555 illarum
1555 532 1741 564 unaquaque

919 568 1047 600 Trinitas
1069 570 1129 601 fiat.
1156 570 1205 601 Sic
1232 569 1396 610 prudentia;
1419 570 1592 600 cooriuntur
1615 569 1740 599 scientia

919 617 948 645 et
974 614 1093 654 sapiens
1122 614 1354 654 contemplatio;
1374 613 1508 654 justitiaa,
1535 613 1682 653 judicium
1711 617 1742 645 et

917 658 1133 697 compassionis
1158 667 1282 696 sensus;
1307 657 1485 695 fortitudini,
1515 657 1657 698 patientia
1684 657 1739 690 ﬁr-

918 713 1024 744 maque
1038 703 1204 733 constantia
1214 711 1222 739 ;
1232 702 1454 741 temperantiae,
1471 703 1590 733 castitas
1605 706 1635 734 et
1649 702 1739 742 virgi-

918 748 1006 780 nitas.
1033 749 1128 788 Supra
1154 748 1378 788 quadruplicem
1405 748 1482 778 hanc
1504 746 1691 785 Trinitatem,
1708 751 1740 778 ut

917 798 1033 823 creator
1047 797 1075 823 et
1090 797 1289 833 mystagogus,
1305 794 1384 824 Deus
1400 802 1467 823 cum
1483 792 1630 831 sapiontia
1655 791 1740 823 sedet

916 836 946 867 in
965 837 1072 868 mentis
1088 837 1207 875 throno,
1225 838 1262 868 ad
1280 837 1483 868 int'ormandas
1506 837 1626 867 virtutes
1646 835 1738 868 emito

886 886 982 929 Biens
1002 883 1134 914 Verbum
1152 894 1158 914 :
1175 883 1268 923 quod,
1293 891 1329 913 ex
1350 891 1529 929 unaquaque
1552 881 1738 929 subditarum

917 927 973 957 sibi
991 931 1167 967 potestatum
1181 936 1338 958 assumens
1362 926 1568 966 praedictarum
1584 926 1739 962 materiam

916 971 1074 1008 virtutum,
1103 971 1286 1012 spiritualem
1326 971 1444 1011 pietatis
1480 971 1625 1002 mundum
1659 974 1740 1002 creat

915 1016 1033 1056 animm,
1049 1021 1137 1057 atque
1150 1021 1182 1047 ut
1196 1017 1303 1048 caelum
1320 1016 1376 1057 ipsi
1392 1016 1524 1047 extendit
1538 1015 1738 1056 prudrntiam,

917 1070 982 1101 quae
997 1065 1056 1091 tota
1070 1061 1166 1092 stellis
1181 1070 1282 1102 sparsa
1293 1068 1339 1092 est
1349 1062 1385 1093 ad
1396 1061 1483 1092 vitam
1499 1060 1738 1101 illuminandam,

916 1109 945 1135 et
959 1105 988 1135 in
1004 1114 1091 1145 quam
1107 1107 1188 1136 velut
1209 1106 1267 1136 duo
1290 1114 1395 1145 magna
1417 1105 1587 1144 luminaria,
1608 1105 1739 1136 divinam

914 1149 1069 1180 scientiam
1087 1150 1296 1190 physicamque
1311 1150 1593 1190 contemplationem
1608 1150 1691 1189 ponit
1701 1149 1739 1181 ad

916 1194 995 1225 illam
1011 1195 1124 1234 fulgore
1140 1195 1357 1233 illustrandam;
1367 1199 1397 1225 ut
1407 1200 1516 1225 terram
1526 1199 1626 1226 autem
1638 1195 1737 1226 eidem

915 1239 1016 1270 fundat
1027 1239 1185 1278 justitiam,
1207 1240 1243 1271 ad
1271 1239 1437 1270 convivium
1453 1239 1688 1280 sempiternum;
1706 1244 1739 1271 ut

914 1293 1012 1314 aerem
1022 1284 1149 1324 explicat
1157 1283 1185 1314 ei
1201 1284 1438 1324 temperantiam,
1452 1284 1488 1316 ad
1504 1284 1736 1324 refrigerandam

915 1328 1157 1369 irrorandamque
1167 1329 1357 1368 purissimam
1370 1329 1470 1364 vitam;
1480 1333 1511 1359 ut
1523 1338 1604 1360 mare
1615 1329 1736 1360 demum

914 1373 1115 1404 fortitudinem
1141 1373 1242 1404 statuit
1262 1373 1291 1403 in
1313 1373 1423 1404 ﬁnibus
1437 1373 1599 1404 debilitatis
1612 1377 1734 1414 natura,

912 1417 948 1448 ad
972 1418 1168 1449 destruendas
1197 1422 1292 1449 turres
1323 1427 1466 1458 arresque
1493 1417 1619 1449 inimici.
1649 1418 1735 1450 Hunc

913 1462 999 1501 igitur
1014 1463 1157 1493 mundum
1173 1463 1217 1494 sic
1231 1472 1337 1494 creans
1351 1463 1496 1500 Verbum,
1512 1462 1642 1494 animam
1662 1472 1734 1494 con-

911 1506 1009 1537 firmat
1030 1507 1145 1547 spiritu,
1171 1508 1208 1538 ad
1235 1511 1347 1539 motum
1372 1507 1556 1548 spiritualem
1573 1517 1607 1539 ac
1623 1517 1733 1549 perpe-

911 1555 1005 1588 tuum,
1023 1556 1051 1582 et
1066 1552 1101 1583 ad
1127 1553 1270 1584 unionem
1293 1552 1524 1593 inseparabilem
1541 1561 1575 1583 ac
1591 1561 1733 1593 perman-

40 1599 77 1630 εἷς
95 1598 215 1638 συνοχὴν
231 1597 256 1625 δὲ
281 1596 482 1626 ὰδικσκέδαστόν
511 1610 539 1627 τε
568 1599 611 1627 καὶ
632 1597 736 1637 διαρκῆ,
751 1599 818 1626 κατὰ
839 1600 863 1626 τὲ

931 1605 1022 1634 uram,
1035 1597 1118 1636 juxta
1131 1597 1250 1628 effatum
1268 1597 1357 1629 David
1372 1608 1378 1628 :
1395 1611 1407 1625 α
1421 1596 1521 1628 Verbo
1534 1597 1654 1629 Domini
1666 1597 1734 1630 coeli

39 1643 181 1682 εἰρημένον
195 1643 246 1671 ὑπὸ
263 1641 341 1670 Δαϐίδ
357 1652 364 1661 ⁵
393 1653 404 1670 ι
436 1647 479 1680 Τῷ
506 1643 578 1683 λόγῳ
610 1644 700 1683 Κυρίου
725 1645 748 1672 οἱ
763 1643 866 1682 οὖρανοὶ

40 1687 250 1726 ἐστερεώθησαν,
281 1688 324 1715 καὶ
352 1688 390 1725 τῷ
416 1689 544 1726 πνεύματι
566 1691 612 1716 τοῦ
635 1688 767 1725 στόματος
789 1687 866 1716 αὐτοῦ

40 1735 115 1761 πᾶσα
130 1732 148 1766 ὴ
162 1731 269 1770 δύναμις
284 1732 381 1763 αὒτῶν,
405 1744 418 1760 ιι

101 1771 117 1808 ’.
150 1781 214 1809 Ταῖς
250 1783 442 1814 πνευματικαῖς
471 1776 674 1814 μεθηλικιώσεσι
705 1779 757 1804 τῶν
780 1787 863 1804 σπου-

39 1820 134 1861 δαίων,
170 1820 368 1854 συναυξάνεσθαι
408 1822 507 1862 πέφυκε
545 1822 588 1850 καὶ
623 1822 638 1849 ὁ
667 1822 758 1859 Κύριος
787 1821 863 1858 ἡμῶν

40 1864 145 1899 Ἰησοῦς
170 1869 292 1905 Χριστος.
325 1867 374 1895 Καὶ
402 1866 445 1894 ὅτε
475 1866 522 1904 μὲν
551 1866 641 1900 νήπιοί
669 1866 718 1894 εἰσι
745 1864 863 1903 δεόμενοι

39 1909 184 1949 γάλακτος,
213 1909 335 1946 θηλάζειν
373 1911 478 1950 λέγεται
506 1912 536 1939 τὸ
568 1909 637 1949 γάλα
671 1911 723 1937 τῶν
752 1911 865 1948 εἰσαγω-

41 1957 124 1993 γικῶν
156 1955 256 1994 ἀρετῶν
285 1958 334 1988 τῆς
364 1956 508 1994 γυμνασίας
536 1960 582 1984 τοῦ
610 1955 747 1994 σώματος,
776 1956 806 1983 οὗ
833 1956 864 1983 τὸ

40 1998 175 2038 ὠφέλιμον
197 2000 262 2038 πρὸς
287 1999 374 2038 ὀλίγον
401 2000 456 2028 ἐστὶ
482 2006 539 2031 τοῖς
562 1999 696 2032 αὒξᾶνουσι
719 1998 777 2027 κατ’
799 1999 862 2038 ἀρε-

40 2044 88 2084 Ξὴν
111 2044 156 2072 καὶ
170 2045 237 2072 κατα
265 2045 358 2084 μικρὸν
380 2043 607 2081 ἀποϐαλλομενσις
636 2045 684 2077 τὴν
700 2045 860 2077 νηπιότητα.

45 2078 101 2116 'Ots
129 2087 155 2115 δὲ
181 2089 247 2128 πρὸς
275 2089 424 2121 νεανίσκους
453 2088 579 2118 ἀνέλθωσι
601 2089 645 2116 καὶ
674 2089 723 2122 τὴν
744 2088 864 2128 στεῤῥιὰν

40 2133 139 2172 τροφὴν
160 2132 305 2173 τρέφωνται
325 2134 373 2166 τῆς
402 2134 508 2172 θεωρίας
533 2134 585 2161 τῶν
607 2133 701 2174 ὄντων,
731 2135 768 2166 ὡς
783 2144 864 2172 γεγυ-

81 1789 95 1804 ν
110 1801 117 1808 .

905 1641 1024 1672 formati
1036 1645 1116 1680 sunt,
1134 1645 1162 1672 et
1178 1642 1284 1682 Spiritu
1296 1644 1357 1674 oris
1369 1643 1433 1682 ejus
1448 1641 1546 1673 omnis
1570 1642 1664 1674 virtus
1678 1651 1732 1674 eo-

905 1695 972 1717 rum
987 1687 1012 1718 2,
1032 1699 1045 1714 ι)

945 1776 996 1808 50.
1014 1775 1147 1807 Fervidis
1170 1775 1364 1816 spiritualiter
1389 1776 1605 1814 crescentibus,
1623 1778 1733 1809 crescit

908 1830 975 1851 cum
992 1820 1036 1850 eis
1051 1820 1193 1851 Dominus
1216 1824 1319 1851 noster
1341 1819 1429 1852 Jesus
1449 1821 1594 1853 Christus.
1611 1821 1648 1853 Et
1662 1832 1729 1853 cum

908 1864 1020 1905 parvuli
1036 1868 1104 1896 sunt
1120 1865 1195 1896 lacte
1209 1864 1389 1904 indigentes,
1406 1875 1512 1905 sugere
1529 1866 1670 1898 dicuntur
1685 1867 1731 1899 lac

906 1909 1052 1940 initialum
1069 1909 1210 1940 virtutum
1226 1909 1387 1949 corporalis
1402 1911 1635 1948 exercitationis,
1652 1912 1732 1952 quod

907 1964 1008 1994 parum
1026 1954 1098 1984 utile
1113 1959 1157 1984 est
1169 1953 1206 1984 iis
1222 1954 1271 1994 qui
1288 1958 1426 1984 crescunt
1438 1954 1468 1984 in
1483 1954 1590 1986 virtute
1605 1964 1639 1986 ac
1654 1965 1731 1996 pau-

906 1999 998 2039 lisper
1009 1999 1160 2029 infantiam
1170 2002 1280 2030 exuunt
1303 2000 1376 2029 Cum
1388 2003 1487 2029 autem
1503 1999 1538 2030 ad
1554 1999 1731 2031 adolescen-

906 2045 974 2074 tiam
992 2048 1200 2084 pervencrunt,
1215 2048 1242 2074 et
1258 2043 1353 2074 solido
1370 2043 1544 2074 nutriuntur
1566 2044 1632 2075 cibo
1653 2054 1728 2076 con-

908 2088 1110 2128 templationis
1133 2097 1244 2126 rerum,
1262 2092 1294 2118 ut
1307 2088 1445 2118 sensibus
1470 2087 1579 2119 anima:
1594 2089 1727 2128 exerciti,

907 2142 1043 2164 Cl‘t'SCere
1067 2133 1206 2164 dicuntur
1230 2137 1315 2163 astate
1339 2137 1369 2163 et
1393 2133 1498 2172 gratia.
1524 2133 1554 2163 in
1570 2133 1729 2174 medioque

42 2177 187 2215 μνασμένοι
201 2178 234 2206 τὰ
253 2181 303 2211 τῆς
325 2181 416 2218 ψυχῆς
435 2179 602 2218 αἰσθητήρια,
630 2179 787 2218 προκόπτειν
816 2178 862 2206 λέ-

931 2177 1057 2209 rniorum
1073 2178 1190 2215 sedere,
1207 2181 1236 2208 et
1255 2178 1298 2208 eis
1322 2178 1455 2209 revelare
1480 2177 1626 2218 profunda
1643 2182 1728 2210 tene-

42 2232 114 2259 γεται
143 2221 232 2258 ἡλικίᾳ
260 2224 303 2250 καὶ
340 2224 443 2263 χάριτι,
487 2223 530 2251 καὶ
570 2223 650 2260 μέσον
684 2223 862 2263 πρεσϐυτέρων

42 2266 219 2313 καθέζεσθαιη
239 2268 282 2295 καὶ
312 2267 502 2296 ἀνακαλύπτειν
532 2270 622 2300 αὐτοῖς
656 2268 688 2296 τὰ
723 2267 803 2306 βαθέα
834 2268 863 2296 ἐκ

43 2311 162 2342 σκότους.
208 2310 263 2340 Ὀτε
296 2310 325 2339 δὲ
353 2313 418 2351 πρὸς
448 2311 525 2351 ἄνδρα
546 2311 656 2349 τέλειον,
680 2313 745 2351 πρὸς
767 2313 861 2352 μέτρον

43 2353 145 2387 ἡλικίας
173 2354 332 2384 τελειωθῖῦσι
362 2368 408 2384 τον)
442 2356 621 2396 πληρώματος
657 2360 702 2385 τοῦ
733 2361 860 2396 Χριστοῦ,

43 2399 178 2438 κηρύσσειν
207 2399 312 2438 λέγεται
342 2402 386 2428 τὸν
422 2401 501 2440 λόγον
529 2405 593 2429 πᾶσι
628 2402 676 2435 τῆς
709 2402 861 2440 μετανοίας,

44 2446 85 2472 καὶ
98 2444 226 2475 διδάσκειν
251 2447 311 2478 τοὺς
340 2446 418 2479 λαοὺς
447 2448 479 2475 τὰ
507 2447 564 2487 περὶ
592 2447 639 2480 τῆς
661 2446 794 2485 βασιλείας
810 2451 862 2476 τῶν

44 2489 166 2530 ονόρανῶν,
199 2491 243 2520 καὶ
268 2491 332 2530 πρὸς
361 2493 391 2519 τὸ
418 2494 512 2520 παθεῖν
540 2492 748 2531 κατεπείγεσθαι.
780 2496 862 2521 Τοῦτο

44 2535 92 2574 γὴρ
113 2535 166 2564 ἔστι
181 2537 211 2564 τὸ
243 2535 314 2568 τέλος
338 2537 436 2568 παντὸς
464 2541 510 2565 τοὺ
531 2536 713 2568 τελειωθέντος
745 2536 770 2564 ὲν
798 2537 862 2576 ἀρε-

45 2586 114 2620 ταῖς,
129 2579 175 2609 ἵνα
189 2581 257 2619 μετὰ
272 2582 302 2609 τὸ
317 2581 404 2613 πάσας
420 2580 532 2610 διελθεῖν
556 2582 603 2613 τὰς
617 2581 721 2615 ἡλικίας
737 2585 859 2621 Χριστοῦ,

47 2624 79 2656 εἰς
93 2626 122 2654 τὸ
136 2626 216 2658 πάθος
231 2626 385 2664 καταντήσῃ
401 2627 452 2654 τῶν
467 2629 631 2665 πειρασμῶν,
654 2626 721 2654 κατὰ
736 2627 780 2654 τὸν
795 2627 860 2655 ὲκεί-

47 2679 87 2696 νου
99 2670 217 2709 σταυρόν.

84 2709 134 2747 vz',
172 2706 236 2746 ﬂlim;
251 2716 301 2743 ὕπὸ
327 2715 359 2744 τὰ
387 2722 512 2755 στοιχεῖα
539 2715 587 2748 ei;
610 2716 753 2754 γυμνασίας
768 2715 859 2755 ἐσμὲν,

85 2812 99 2838 ²
112 2813 186 2847 Psal.
204 2823 297 2853 xxxn,
312 2816 343 2847 6.
386 2816 401 2841 ὅ
419 2817 527 2857 Ephes.
545 2824 583 2854 Iv,
603 2815 650 2846 t3.

898 2222 1036 2259 (brarum.
1055 2223 1126 2254 Cum
1143 2222 1271 2263 denique
1287 2222 1316 2253 in
1330 2223 1425 2253 virum
1443 2223 1607 2263 perfectum
1624 2233 1728 2263 perve-

905 2273 1012 2299 nerunt
1027 2271 1056 2299 et
1075 2269 1105 2298 in
1132 2277 1300 2299 mensuram
1316 2267 1411 2299 astatis
1428 2267 1623 2307 plenitudinis
1638 2268 1726 2300 Chri-

905 2313 976 2349 sti-3,
995 2313 1157 2353 prmdicare
1172 2312 1312 2343 dicuntur
1326 2312 1466 2343 omnibus
1483 2312 1609 2343 verbum
1627 2314 1725 2353 poeni-

905 2358 1015 2394 tentiae,
1033 2362 1060 2388 et
1077 2357 1186 2388 docere
1211 2357 1335 2397 populos
1360 2357 1498 2397 mysteria
1522 2357 1605 2396 regni
1633 2358 1725 2390 costo-

903 2411 981 2439 rum,
1013 2406 1041 2433 et
1064 2402 1099 2433 ad
1129 2411 1247 2433 crucem
1278 2410 1450 2442 properare.
1478 2401 1550 2433 Nam
1577 2402 1675 2433 omnis
1695 2402 1726 2434 in

903 2447 1012 2478 virtute
1028 2447 1176 2487 perfectus
1193 2455 1228 2477 eo
1243 2446 1360 2477 tandem
1383 2445 1512 2484 devenit,
1525 2450 1556 2478 ut
1571 2451 1725 2488 postquam

905 2491 1053 2532 percurrit
1073 2495 1173 2523 zetates
1197 2490 1318 2527 Christi,
1339 2494 1476 2522 occurrat
1496 2490 1526 2522 in
1554 2491 1723 2532 passionem

906 2535 1114 2573 tentationum,
1132 2539 1162 2566 ut
1177 2535 1228 2566 ille
1242 2535 1272 2566 in
1287 2544 1419 2567 crucem.

941 2716 973 2746 51
985 2739 991 2746 .
1002 2713 1138 2751 Quandiu
1153 2713 1208 2745 sub
1222 2713 1382 2746 elementis
1391 2715 1596 2751 execitationil
1606 2724 1721 2756 sumus,
