1975 3071
231 192 290 225 979

878 195 1028 226 ΝΙΟΕΤλΕ
1048 195 1264 229 PECTORATI

1869 195 1927 230 980

230 264 369 291 caventes
393 270 410 292 a
434 262 578 300 gustando
607 262 762 300 alimenta,
793 262 839 292 vel
870 270 887 293 a
910 261 1032 301 pulpam

1127 264 1332 302 ιρατηρούμενοι
1358 265 1484 294 ἅπτεσθαι
1506 266 1665 305 βρωμάτων,
1688 267 1706 300 ἢ
1734 267 1815 305 θίγειν
1842 265 1924 304 Stoic,

231 304 393 344 tangibilia,
420 306 464 337 vel
489 306 525 338 ab
547 307 732 347 inspicienda
762 306 996 347 pulchritudine,
1012 305 1056 335 vel

230 349 268 380 ab
283 350 440 381 audiendis
455 351 624 383 canoribus.
643 352 687 382 vel
704 351 740 382 ab
757 351 901 382 odoribus
913 350 1056 381 olfacien—

230 393 287 434 dis,
305 394 360 425 sub
381 395 527 426 tutoribus
553 400 582 427 et
605 396 757 426 actoribus
782 405 897 432 sumus,
914 399 946 426 ut
960 395 1058 425 adhuc

230 439 355 479 parvuli,
364 440 500 479 quamvis
509 441 643 472 haeredes
654 441 748 472 simus
757 445 785 471 et
794 440 908 471 domini
924 438 1055 469 omnium

230 483 324 514 Patris
340 483 498 516 bonorum.
515 486 552 516 At
566 485 617 516 ubi
639 486 718 516 venit
741 485 893 525 plenitudo
915 483 1058 523 temporis

229 527 321 568 illius,
338 532 367 559 et
390 539 442 569 per
463 529 734 570 impassibilitatem
762 530 883 569 impleta
907 533 961 565 est,
989 533 1058 558 tunc

230 572 361 604 Verbum
378 574 408 604 in
425 575 511 605 nobis
527 576 563 605 de
575 585 650 615 puro
663 575 753 605 corde
768 575 909 610 nascitur,
925 572 1056 603 etﬁtsub

229 617 296 657 lege
312 618 446 659 spiritus,
462 624 493 649 ut
508 629 562 650 nos
577 620 628 660 qui
644 620 698 650 sub
723 620 788 659 lege
805 628 907 648 sumus
923 617 1057 648 carnales

228 671 340 702 sumus,
366 663 512 701 redimat,
538 668 566 695 et
589 664 779 703 adoptionem
812 663 940 693 ﬁliorum
971 661 1057 692 nobis

227 707 345 738 reddat.
363 707 425 739 Hoc
441 713 539 739 autem
557 708 644 745 facto,
660 713 730 739 tunc
739 708 868 748 Spiritus
879 708 908 737 in
919 706 1057 737 (‘Ol'dlleS

228 752 339 782 nostris
357 753 466 784 clamat
486 763 493 783 :
526 765 537 780 α
555 753 660 787 Abba.
688 753 773 784 l’ater
804 763 817 782 ν
844 752 1006 783 ostendens
1029 755 1058 781 et

229 797 420 828 manifestans
436 797 523 828 nobis
538 798 724 834 ﬁliationem,
739 802 766 828 et
777 797 807 827 in
827 796 920 827 Deum
938 797 1055 826 Patrem

228 842 452 874 conﬁdentiam.
469 842 505 873 Et
520 842 675 873 nobiscum
692 842 803 872 habitat
819 846 847 872 et
864 840 1053 880 colloquitur,

227 891 365 927 tanquam
379 887 447 917 ﬁliis
462 891 491 917 et
502 887 670 918 haeredibus
681 887 745 924 Dei,
759 885 898 917 servituti
911 893 1055 915 sensuum

228 940 287 962 non
303 931 448 971 subjectis
458 932 484 962 ι.

266 1020 315 1052 52.
334 1020 437 1052 Coram
461 1020 520 1052 illis
545 1021 596 1062 qui
618 1022 780 1059 ut‘,Petrus
795 1019 824 1050 in
842 1018 899 1049 ﬁde
915 1017 1052 1058 profece-

225 1070 308 1100 runt.
333 1070 366 1096 ut
388 1065 517 1097 Jacobus
545 1066 581 1097 ad
607 1075 690 1106 spem
722 1064 932 1102 ascenderunt,
961 1066 1053 1101 utque

224 1111 354 1142 Joannes
371 1110 399 1141 in
414 1111 557 1141 charitate
582 1111 702 1150 perfecti
727 1113 806 1149 sunt,
824 1108 1053 1146 transﬁguratur

227 1154 381 1192 Dominus,
399 1160 555 1195 postquam
571 1155 601 1185 in
618 1155 765 1186 excelsum
792 1153 948 1192 theologiae
965 1160 1053 1182 mon-

225 1203 284 1229 tem
300 1200 451 1238 ascendit;
468 1203 497 1230 et
512 1200 685 1239 resplendet
700 1200 743 1230 eis
761 1198 839 1229 sicut
859 1198 903 1228 Sol
928 1197 1004 1227 facie
1027 1199 1055 1226 et

225 1245 398 1275 charactere
409 1245 476 1284 puri
487 1245 589 1281 Verbi,
604 1243 834 1283 cogitationibus
845 1252 914 1273 vero
930 1241 1055 1272 abscon-

225 1289 293 1320 dite
311 1289 464 1329 sapientiae
489 1289 522 1320 ﬁt
547 1289 675 1328 fulgidus
699 1289 775 1319 sicut
803 1288 851 1318 lux
867 1298 874 1325 ;
890 1291 919 1317 et
934 1288 1057 1326 apparet

224 1334 256 1365 in
272 1333 315 1364 eis
332 1334 475 1371 Verbum,
494 1334 624 1365 medium
641 1338 720 1364 stans
735 1333 812 1363 inter
828 1333 925 1371 legem
943 1334 971 1360 et
988 1339 1056 1369 pro-

226 1378 370 1418 phetiam,
385 1378 443 1408 alia
459 1379 636 1418 praecipiens
649 1387 683 1408 ac
700 1379 824 1413 docens,
843 1376 901 1407 alia
916 1375 1051 1406 revelans

225 1431 261 1453 ex
277 1423 432 1462 profundis
454 1422 697 1463 absconditisque
722 1422 875 1461 sapientia:
892 1418 1048 1454 thesauris,

225 1467 385 1505 aliquando
399 1467 489 1498 etiam
506 1467 671 1507 praevidens
688 1471 716 1497 et
734 1466 911 1506 praedicens.
929 1481 967 1487 —
983 1463 1052 1493 Illos

225 1515 257 1541 ut
283 1511 377 1542 nubes
402 1511 502 1542 lucida
524 1511 685 1541 obumbrat
710 1511 850 1550 Spiritus,
867 1513 896 1539 et
912 1518 982 1539 ecce
999 1517 1052 1537 vox

1098 305 1116 339 ἢ
1152 307 1308 344 ἀνατενίζειν
1345 310 1516 348 ὡραιότησιν,
1556 311 1573 344 ἢ
1603 310 1691 348 μελῶν
1721 311 1876 350 ἀκροᾶσθαι,
1906 309 1923 342 ἢ

1099 351 1188 390 μύρων
1232 353 1424 392 ὀσφραίνεσθαι,
1467 355 1516 382 ὑπὸ
1562 354 1718 394 ἐπιτρόπους

1099 396 1265 437 οἷκονόμους,
1287 399 1324 428 ὡς
1339 397 1376 425 ἔτι
1392 399 1492 435 νήπιοι,
1518 400 1539 426 εἷ
1567 400 1610 427 καὶ
1639 399 1800 439 κληρονόμοι
1823 399 1925 437 mall-[i-

1101 451 1189 480 νομεν,
1206 443 1250 470 καὶ
1264 443 1347 481 κύριοι
1372 443 1477 471 πάντων
1503 447 1555 471 τῶν
1582 447 1627 472 τοῦ
1658 445 1770 483 Πατρός,
1797 435 1854 472 τὸτε
1884 442 1925 470 διὰ

1100 483 1161 522 ἔλθῃ
1189 486 1219 513 τὸ
1247 485 1380 525 πλήρωμα
1408 490 1453 515 τοῦ
1482 488 1580 527 χρόνου
1609 489 1702 527 αὐτῆς,
1732 490 1776 516 καὶ
1804 486 1846 515 διὰ
1874 489 1924 519 τῆς

1099 527 1224 561 ἀπαθείας
1255 530 1393 570 πληρωθῇ,
1418 532 1476 559 τότε
1508 536 1629 571 γεννᾶται
1658 535 1672 561 ὁ
1693 533 1772 572 λόγος
1801 532 1828 560 ἐν
1856 533 1924 569 ἡμῖν

1099 572 1128 600 ἐκ
1151 575 1265 614 καθαρᾶς
1289 574 1415 615 διανοίας,
1446 578 1489 605 καὶ
1511 578 1609 616 γίνεται
1637 578 1687 605 ὑπὸ
1715 579 1759 605 τὸν
1782 578 1865 614 νόμον
1881 579 1925 604 τοῦ

1099 618 1261 655 [Ινεύματος,
1285 620 1330 648 ἵνα
1353 621 1413 652 τοὺς
1435 622 1484 649 ὑπὸ
1516 623 1595 659 νόμον
1631 623 1702 659 ἡμᾶς
1730 626 1775 650 τοῦ
1797 625 1924 661 σαρκικοῦ

1765 355 1846 392 ἐσμὲν
1882 354 1925 382 καὶ

1097 663 1266 701 φρονήματος
1282 663 1357 696 ὄντας
1374 664 1530 706 ἐξαγοράσῃ,
1557 668 1600 694 καὶ
1629 667 1679 700 τὴν
1707 667 1833 694 υἱοθεσίαν
1857 667 1923 703 ἡμῖν

1098 705 1219 744 ἀποδῴη.
1244 709 1342 738 Τούτου
1358 708 1384 737 δὲ
1400 711 1552 749 γεγονότος,
1582 712 1642 739 τότε
1671 712 1758 751 κράζει
1787 713 1818 739 τὸ
1840 714 1924 738 Πνεῦ-

1098 762 1134 787 μα
1150 752 1186 782 εἰς
1208 753 1254 784 τὸς
1270 752 1376 792 καρδίας
1399 755 1488 795 ἡμῶν,
1513 754 1596 784 Ἀϐϐἇ
1621 757 1635 784 ὁ
1658 757 1749 795 Πατήρ
1769 766 1775 772 ·
1807 754 1923 784 δεικνύον

1096 796 1140 822 καὶ
1169 797 1294 835 γνωρίζειν
1315 799 1382 835 ἡμῖν
1411 799 1460 832 τὴν
1488 800 1608 836 υίότητα,
1638 801 1682 828 καὶ
1705 801 1753 834 τὴν
1780 801 1847 838 πρὸς
1878 802 1923 828 τὸν

1097 839 1200 878 Πατέρα
1222 843 1267 869 καὶ
1281 843 1344 870 Θεὸν
1366 843 1522 882 παρρησίαν.
1551 846 1599 873 Καὶ
1621 845 1657 876 ὡς
1687 846 1754 876 υἱοῖς
1783 845 1827 872 καὶ
1849 844 1923 877 κλη-

1097 884 1218 928 ρονόμοις
1246 889 1311 914 Θεοῦ
1340 886 1381 915 διὰ
1410 892 1533 928 Χριστοῦ,
1556 889 1624 926 ἡμῖν
1652 889 1850 928 ουρ-παραμένει
1881 892 1925 918 καὶ

1063 926 1254 966 Βδιαλέγεται,
1292 932 1331 968 μὴ
1360 935 1394 970 τῇ
1423 931 1524 968 δουλείᾳ
1551 934 1603 961 τῶν
1629 935 1774 968 αἰσθήσεων
1804 945 1922 972 κρατουο

1093 971 1194 1009 μένοις.

1133 1017 1273 1061 νβςτοϊς
1296 1021 1364 1048 κατὰ
1388 1021 1484 1060 Πέτρον
1517 1022 1553 1053 είς
1583 1022 1669 1050 πίστιν
1697 1023 1849 1061 προκόψασι
1880 1025 1924 1050 καὶ

1092 1061 1160 1088 κατὰ
1192 1060 1316 1092 Ἰάκωϐον
1344 1066 1380 1096 εἰς
1416 1065 1508 1094 ἐλπίδα
1550 1060 1730 1102 ἐπανελθοῦσιν,
1766 1067 1811 1095 καὶ
1853 1068 1924 1096 κατᾶ

1093 1104 1218 1151 Ἰωάννην
1258 1109 1294 1140 εἷς
1337 1109 1444 1148 ἀγαπην
1487 1109 1662 1148 τελειωθεῖσι,
1706 1117 1922 1151 μεταμορφοῦται

1094 1150 1130 1195 εἷς
1145 1149 1204 1189 ὅρος
1225 1152 1327 1189 ὑψηλὸν
1356 1154 1482 1190 ἀνελθὼν,
1512 1142 1662 1195 θεολογίας,
1690 1142 1711 1184 ὁ.
1734 1142 1848 1195 ι(ύριοῖ-
1879 1159 1923 1185 καὶ

1095 1193 1193 1228 λάμπει
1217 1196 1266 1233 μὲν
1288 1199 1378 1231 αὖτοτς
1409 1203 1441 1237 τῇ
1470 1199 1606 1240 ἐπιφανείᾳ
1626 1201 1670 1228 καὶ
1697 1204 1736 1237 τῷ
1764 1204 1919 1240 χαρακτῆρι

1095 1241 1140 1288 τοῦ
1155 1242 1274 1290 ,καθαροῦ
1295 1242 1385 1283 λόγου,
1409 1246 1445 1275 ὡς
1461 1246 1475 1272 ὁ
1496 1244 1572 1278 ἥλιος
1590 1253 1596 1259 ·
1621 1252 1679 1276 τοῖς
1695 1243 1721 1272 δὲ
1738 1246 1854 1282 νοήμασι
1871 1249 1920 1279 τῆς

1096 1283 1244 1329 απορρήτου
1260 1288 1363 1327 σοφίας,
1380 1288 1478 1327 γίνεται
1499 1289 1621 1328 λαμπρὸς
1649 1290 1686 1320 ὡς
1713 1290 1744 1317 τὸ
1766 1293 1822 1329 φῶς
1838 1298 1844 1304 “
1879 1292 1923 1318 καὶ

1096 1326 1187 1364 ὁρᾶται
1210 1328 1223 1355 ὁ
1252 1328 1329 1368 λόγος
1352 1331 1378 1358 ἐν
1411 1333 1523 1368 codro“,
1553 1333 1633 1370 μέσον
1663 1333 1746 1365 ἑστὼς
1773 1326 1856 1371 νόμου
1879 1334 1923 1361 καὶ

1094 1372 1256 1410 προφητείας
1274 1382 1281 1388 '
1307 1376 1340 1403 τὰ
1363 1377 1411 1413 μὲν
1433 1379 1582 1414 νομοθετῶν
1605 1379 1648 1405 καὶ
1676 1377 1816 1414 διδάσκων,
1838 1379 1873 1406 τὰ
1896 1379 1923 1406 δὲ

1092 1415 1135 1441 καὶ
1171 1415 1361 1447 ἀνακαλύπτων
1397 1421 1426 1449 ἐκ
1462 1422 1562 1459 βαθέων
1586 1424 1629 1451 καὶ
1657 1424 1844 1462 κεκρυμμένων
1874 1425 1923 1457 θη-

1095 1464 1198 1505 σαυρῶν
1213 1466 1262 1496 τῆς
1279 1466 1368 1505 σοφίας
1385 1476 1393 1485 ·

1095 1466 1198 1511 σαυρὼν
1213 1466 1262 1496 τῆς
1279 1466 1368 1505 σοφίας
1385 1476 1393 1485 ⁸
1417 1466 1470 1495 ἔσθ’
1493 1467 1536 1495 ὅτε
1565 1469 1608 1496 καὶ
1628 1472 1757 1508 προορῶν,
1776 1470 1819 1497 καὶ
1848 1481 1921 1509 προ-

1095 1512 1109 1531 Λ
1113 1515 1143 1542 εγ
1145 1517 1180 1533 ων
1200 1515 1206 1521 ’

1244 1510 1286 1541 οὒς
1315 1512 1358 1539 καὶ
1392 1512 1428 1543 ὡς
1449 1512 1546 1551 νεφέλη
1576 1514 1692 1552 φωτεινή
1713 1513 1858 1549 ἐπισκιάζει
1889 1516 1920 1542 τὸ

226 1556 357 1596 mysticae
382 1556 538 1595 theologim
560 1555 597 1586 de
623 1555 703 1586 nube
724 1557 760 1586 ad
785 1563 835 1585 eos
856 1553 947 1599 venit,
972 1553 1032 1599 ipso

1127 1554 1278 1599 νευμα,“καὶ
1303 1556 1377 1594 φωνή
1405 1559 1534 1594 μυστικῆς
1562 1557 1698 1595 θεολογίας
1726 1558 1827 1586 ἐκεῖθεν
1851 1561 1919 1599 πρὸς

225 1600 337 1631 docens
355 1601 528 1640 mysterium
546 1600 600 1631 Dei
624 1600 653 1630 in
682 1600 777 1630 tribus
799 1598 945 1639 personis,
968 1602 996 1628 et
1009 1597 1053 1626 di-

225 1654 320 1676 cens:
341 1657 354 1673 α
369 1645 423 1676 Hic
448 1649 492 1676 est
515 1645 640 1676 dilectus
665 1654 748 1675 meus
772 1657 785 1672 ι
809 1643 953 1674 terminus
968 1641 1050 1672 verbi

225 1689 431 1730 perfectionis,
451 1701 464 1717 α
482 1689 512 1719 ἱη
538 1698 597 1730 quo
625 1689 791 1729 complacui
810 1689 826 1714 δ
848 1700 861 1716 »
889 1686 960 1717 mihi
986 1687 1050 1718 ﬁeri

225 1735 302 1766 filios
318 1734 467 1775 perfectos
483 1734 513 1764 in
526 1734 659 1774 perfecto
675 1733 793 1774 spiritu.

265 1823 314 1855 53.
335 1823 444 1854 Anima
458 1823 557 1854 omnia
573 1827 692 1854 terrena
707 1822 887 1862 despiciens,
906 1826 935 1852 et
949 1830 1050 1852 amore

227 1868 279 1900 Dei
294 1868 413 1909 penitus
428 1869 589 1904 vulnerata,
609 1871 727 1908 raptum
743 1866 900 1907 quemdam
917 1866 1046 1905 singula-

223 1921 286 1944 rem
302 1921 336 1943 ac
352 1912 486 1944 divinum
506 1912 596 1943 subit.
613 1913 769 1951 Postquam
792 1911 870 1942 enim
887 1911 966 1940 clare
980 1919 1047 1950 per-

224 1957 321 1998 spexit
333 1961 452 1988 naturas
463 1957 651 1997 rationesque
665 1957 776 1986 entium
790 1961 819 1986 et
830 1964 928 1986 rerum
947 1955 1045 1985 huma-

223 2011 328 2033 narum
354 2001 514 2032 novissima
538 2000 694 2037 intellexit,
723 2009 781 2030 non
798 2000 923 2039 amplius
939 1999 1048 2038 patitur

223 2056 255 2078 se
266 2047 345 2078 intra
360 2047 502 2077 mundum
518 2054 675 2076 remanere
691 2052 719 2076 et
735 2045 824 2075 rebus
835 2044 1047 2082 circumjacen-

223 2091 302 2122 tibus
325 2090 545 2126 circumscribi,
572 2090 624 2120 sed
650 2090 785 2130 proprios
810 2089 1046 2125 limites_trans-

222 2145 335 2176 gressa,
352 2145 492 2166 sensuum
518 2135 637 2166 vincula
661 2135 780 2173 fragens
801 2138 831 2164 et
846 2138 964 2164 naturas
979 2141 1045 2163 om-

222 2181 304 2212 nium
330 2180 514 2220 transiliens,
541 2179 678 2210 tenebras
703 2178 858 2216 theologiaa
883 2177 912 2207 in
929 2177 1046 2207 silentio

1094 1595 1186 1627 αἶστους
1215 1596 1332 1639 ἔρχεται,
1366 1605 1466 1637 μυοῦσα
1501 1603 1532 1629 τὸ
1567 1603 1711 1641 μυστήριον
1747 1603 1842 1634 αὖτοὺς

1092 1643 1297 1686 τρισυποστάτου
1326 1645 1468 1680 Θεότητος,
1499 1647 1543 1674 καὶ
1568 1646 1635 1674 (fita)
1664 1646 1776 1686 λέγουσι
1794 1655 1801 1662 ·
1832 1649 1917 1680 Οὗτός

1092 1682 1161 1729 εστιν
1176 1687 1189 1713 ὁ
1205 1686 1342 1725 ἀγαπητός
1359 1700 1409 1726 μου
1432 1690 1492 1729 ὅρος
1517 1695 1563 1720 τοῦ
1590 1690 1669 1729 λσίγο)
1684 1694 1733 1725 τῆς
1750 1691 1916 1725 τελειώσεως

1091 1727 1118 1755 ἐν
1133 1731 1155 1766 ᾦ
1176 1730 1317 1772 εὐδόκησα,
1340 1735 1454 1772 γίνεσθαί
1483 1746 1528 1772 μοι
1552 1735 1666 1767 τελείους
1680 1737 1762 1776 υἱοὺς,
1778 1736 1804 1764 ἐν
1821 1736 1916 1774 τελείῳ

1090 1775 1230 1812 πνεύματι.

1166 1815 1172 1824 1

1130 1831 1181 1858 νγ.
1214 1822 1296 1861 Ψυχὴ
1323 1826 1375 1850 τῶν
1404 1824 1579 1863 χαμαιζήλων
1608 1825 1713 1853 πάντων
1741 1829 1913 1866 καταφρονή-

1090 1874 1169 1903 σασα,
1191 1866 1235 1892 καὶ
1256 1865 1352 1898 ὑλικῶς
1381 1871 1419 1905 τῷ
1449 1867 1523 1907 ἔρωτι
1549 1871 1679 1908 τρωθεῒσα
1695 1873 1772 1910 Θεοῦ,
1789 1865 1913 1899 ἔκστασίν

1089 1919 1147 1936 τινα
1169 1909 1244 1943 ξένην
1273 1912 1316 1938 καὶ
1343 1912 1411 1940 θείαν
1435 1913 1582 1952 ὑφίσταται.
1611 1914 1682 1943 Μετὰ
1706 1909 1768 1954 γὰρ
1784 1916 1813 1943 τὸ
1840 1927 1910 1944 κατ-

1089 1952 1154 1981 ιδεῖν
1169 1958 1269 1994 τρανῶς
1285 1956 1331 1988 τὰς
1352 1957 1440 1996 φύσεις
1470 1961 1521 1985 τῶν
1543 1958 1624 1986 ὀντων
1654 1959 1696 1986 καὶ
1723 1960 1784 1991 τοὺς
1814 1959 1911 1998 λόγους

1089 1998 1171 2025 αὖτῶν
1198 2000 1242 2027 καὶ
1270 2001 1302 2028 τὰ
1335 2000 1399 2035 τέλη
1435 2003 1486 2029 τῶν
1514 2002 1684 2041 ἆνθρω.ίνων
1718 2003 1915 2033 καταλαϐέσθαι

1088 2043 1262 2082 πραγμάτων,
1292 2044 1364 2077 ἐντὸς
1393 2045 1440 2074 οὐκ
1468 2045 1593 2085 ἀνέχεται
1621 2052 1668 2077 τοῦ
1696 2049 1794 2080 παντὸς
1822 2048 1915 2078 ἔκτοτε

1089 2087 1171 2122 εἶναι,
1196 2090 1240 2116 καὶ
1263 2089 1301 2126 τῷ
1322 2090 1473 2130 περιέχοντι
1501 2091 1705 2131 περιγράφεσθαι
1723 2100 1730 2107 ‘
1761 2092 1831 2121 ἀλλὰ
1860 2096 1915 2122 τῶν

1089 2131 1184 2165 ἑαυτῆς
1224 2132 1291 2172 ὅρων
1327 2134 1452 2175 ὲκστᾶσα,
1487 2136 1530 2163 καὶ
1556 2137 1590 2163 τὰ
1617 2136 1700 2174 δεσμὰ
1727 2139 1913 2172 τοραννήσασα

1087 2179 1136 2209 τῆς
1165 2178 1322 2218 αἰσθήσεως,
1353 2179 1400 2210 τὰς
1438 2181 1527 2220 φύσεις
1562 2181 1667 2209 πάντων
1693 2183 1844 2222 περάσασα,
1876 2185 1912 2216 εἷς

221 2225 553 2264 ineﬂabiliingreditur,
567 2224 616 2254 Dei
628 2223 877 2263 pulchritudinem
891 2223 920 2252 in
934 2222 1032 2252 lumini

1127 2221 1185 2267 ἆρον
1219 2222 1355 2262 θεολογίας
1392 2223 1418 2251 ὲν
1453 2225 1558 2264 ἀρρήτῳ
1587 2229 1650 2264 σιγῇ
1680 2221 1841 2267 εἰσέρχεται,
1870 2230 1915 2257 καὶ

219 2270 431 2309 cogitationum
457 2268 666 2299 inenarrabilis
691 2268 842 2308 sapientiae
864 2267 1043 2302 considerat,

219 2316 250 2346 in
266 2319 407 2356 quantum
434 2313 461 2344 ai
482 2313 576 2353 gratia
601 2322 730 2353 superna
752 2313 851 2344 (latum
869 2315 923 2342 est.
942 2311 1045 2342 Divine

218 2364 318 2392 autem
331 2359 360 2389 in
372 2359 452 2389 illius
463 2358 745 2398 contemplationem
767 2357 917 2393 immersa,
935 2356 1043 2388 timore

220 2404 303 2436 ﬁliali
326 2404 463 2443 degustat
487 2402 700 2433 immortalium
719 2403 857 2433 arborum
875 2402 996 2439 fructus,
1014 2402 1043 2432 id

219 2454 275 2488 est,
298 2450 353 2489 pia:
368 2448 476 2479 mentis
501 2447 692 2487 cogitationes
719 2457 726 2479 :
752 2455 875 2487 quarum
906 2446 1043 2485 magniﬁ-

218 2494 346 2526 centiam
362 2497 392 2525 et
404 2492 617 2524 sublimitatem
634 2492 670 2522 ad
688 2501 720 2522 se
739 2501 858 2522 reversa
873 2491 1043 2521 nullatenus

217 2539 351 2580 perfecte
367 2538 535 2578 exprimere
554 2541 662 2577 potest,
673 2537 725 2567 sed
741 2537 823 2576 quasi
840 2535 1040 2567 extraordina-

216 2585 261 2616 rio
290 2583 430 2615 instincta
456 2582 584 2623 Spiritus
609 2581 732 2617 inﬁuxu,
752 2580 928 2611 laudabilem
949 2590 1037 2621 quem

216 2629 367 2670 experitur
381 2628 517 2659 affectum
543 2627 573 2657 in
592 2625 734 2657 inetfabili
755 2625 862 2664 gaudio
877 2631 906 2655 et
920 2625 1038 2656 silentio

217 2674 294 2706 bene
305 2673 396 2710 novit;
406 2672 554 2713 quomodo
561 2680 630 2702 vero
642 2671 725 2701 illum
735 2670 842 2701 sentiat
853 2670 1036 2706 instinctum,

215 2720 258 2751 vel
274 2718 346 2760 quid
362 2719 400 2750 sit
415 2717 487 2749 illud
501 2726 557 2758 quo
575 2719 718 2751 movetur,
730 2716 807 2755 quod
824 2715 903 2745 videt
918 2719 946 2746 et
959 2715 1037 2755 quod

216 2765 272 2806 ipsi
285 2764 415 2805 loquitur
429 2771 546 2798 arcana,
566 2760 688 2792 minime
706 2765 802 2806 potest
816 2760 975 2801 explicare.

255 2812 305 2842 54,
322 2809 378 2847 Qui
392 2807 504 2848 spargit
517 2806 575 2837 sibi
598 2806 628 2837 in
647 2805 762 2844 justitia
786 2805 929 2845 lacrymas
951 2814 1035 2836 com-

255 2895 271 2920 4
284 2893 378 2926 GaIat.
395 2898 437 2931 iv,
454 2893 485 2929 3,
500 2892 530 2922 7.
574 2893 590 2918 5
605 2891 704 2923 Matth.
722 2899 794 2931 xvii,
817 2891 843 2929 1,
861 2893 888 2921 ἓν.

1087 2266 1117 2294 τὸ
1145 2266 1242 2299 κάλλος
1271 2275 1397 2297 κατανοεῖ
1425 2273 1471 2297 του
1505 2269 1593 2310 ὄντος,
1622 2270 1649 2298 ἐν
1678 2273 1744 2311 φωτὶ
1764 2266 1913 2310 νοημάτων

1086 2311 1218 2351 ἀφράστου
1247 2315 1350 2354 σοφίας,
1374 2314 1436 2342 ὅσον
1465 2315 1496 2343 ἂν
1518 2318 1584 2354 αὒτῇ
1613 2317 1680 2344 κατὰ
1701 2317 1781 2356 γάριν
1809 2319 1913 2347 ἐκεῖθεν

1087 2354 1162 2394 δοθῇ.
1192 2361 1350 2398 Θεοπρεπῶς
1373 2359 1400 2386 δὲ
1429 2367 1487 2392 τοῖς
1517 2361 1647 2398 νοήμασιν
1674 2362 1710 2392 εἰς
1731 2363 1781 2395 τὴν
1802 2365 1912 2403 θεωρίαν

1087 2402 1165 2430 αὐτοῦ
1200 2402 1389 2439 ἐμϐαθύνουσα,
1426 2405 1536 2445 ἐντρυφᾷ
1570 2405 1623 2433 τῶν
1651 2406 1786 2435 ἀθανάτων
1823 2409 1911 2448 φυτῶν

1085 2452 1143 2477 τοῖς
1161 2455 1287 2486 καρποῖς,
1304 2449 1411 2488 ἀγάπης
1425 2449 1509 2490 φόϐῳ,
1526 2451 1578 2479 τῶν
1593 2451 1668 2479 θείων
1690 2451 1808 2492 ἐννοιῶν,
1825 2452 1910 2494 λέγω,

1083 2499 1141 2524 τοῖς
1179 2494 1307 2530 νοήμασιν
1325 2503 1331 2510 ·
1369 2497 1405 2524 ὧν
1443 2495 1566 2524 οὐδέποτε
1608 2497 1803 2535 συστελλομένη
1845 2501 1911 2538 πρὸς

1084 2537 1190 2577 eum,
1215 2538 1318 2567 δύναται
1346 2539 1453 2572 τελείως
1489 2541 1615 2581 ἐκφράσαι
1643 2543 1674 2570 τὸ
1705 2542 1909 2583 μεγαλοπρεπές

1080 2592 1107 2609 τε
1123 2583 1166 2610 καὶ
1181 2581 1266 2615 ἕδοξον
1285 2592 1291 2599 ·
1315 2584 1374 2612 ἀλλ’
1406 2587 1463 2613 οἷον
1493 2585 1668 2625 ἐνεργουμένη
1700 2586 1780 2619 ξένως
1796 2581 1848 2616 ὑπὸ
1864 2593 1911 2618 τοῦ

1081 2627 1230 2664 Πνεύματος
1247 2636 1254 2643 ·
1278 2630 1308 2656 τὸ
1331 2629 1378 2667 μὲν
1407 2630 1544 2658 ἐπαινετὸν
1574 2631 1668 2670 πάθος,
1685 2631 1712 2659 ἐν
1727 2630 1834 2671 ἀρρήτῳ
1849 2632 1908 2661 οἶδε

1080 2675 1151 2711 χαρᾷ
1165 2673 1209 2700 καὶ
1224 2676 1287 2712 σιγῇ
1305 2685 1312 2692 ·
1344 2675 1374 2702 τὸ
1399 2673 1425 2702 δὲ
1452 2678 1510 2706 πῶς
1539 2675 1699 2715 ἐνεργεῖται,
1725 2675 1742 2709 ἢ
1768 2677 1793 2704 τί
1807 2677 1864 2705 ἐστι
1879 2689 1909 2716 το

1078 2720 1164 2744 κινοῦν
1177 2718 1220 2745 καὶ
1233 2718 1377 2758 ὁρώμενον,
1394 2720 1437 2747 καὶ
1451 2719 1528 2757 λέγον
1546 2719 1612 2758 αὖτῇ
1626 2723 1759 2757 μυστικῶς
1773 2721 1806 2748 τὰ
1822 2721 1909 2761 ἀπόρ-

1077 2762 1155 2800 ρητα,
1173 2761 1314 2803 ἀμηχανΞῖ
1329 2763 1519 2803 ἐξηγήσασθαι.

1118 2803 1166 2836 νό’.
1197 2803 1225 2836 Ὀ
1261 2808 1374 2847 σπείρων
1411 2809 1495 2845 ἑαυτῷ
1532 2809 1567 2840 εἰς
1606 2807 1775 2842 δικαιοσύνην
1811 2809 1909 2851 δάκρυα
