1975 3071
205 144 261 191 971,

848 148 1001 181 NICET/E
1023 149 1238 181 PEGTORATI

1839 147 1902 180 9'12

204 213 256 252 qui
269 222 329 244 non
342 213 412 245 licet
427 213 540 245 homini
563 222 663 245 rerum
677 214 839 246 visibilium
855 216 957 247 sensui
972 214 1028 246 de-

1103 219 1176 247 ›τῶν,
1194 217 1237 248 Εἰς
1253 217 1281 244 ὃν
1303 218 1346 245 καὶ
1362 215 1464 248 Παῦλος
1491 216 1587 255 ἀρθεὶς,
1604 215 1711 244 ’ἑκουσεν
1733 214 1834 255 ἄρρητα
1849 215 1900 253 ῥή-

205 259 266 290 dito
280 259 322 290 93.

246 349 296 381 39.
317 349 418 380 Semel
435 359 544 390 corpus
558 351 626 390 igne
642 352 753 382 ascesis
767 352 923 383 incensum
939 356 968 382 et
983 351 1028 382 la-

204 403 372 434 crymarum
383 404 458 434 aqua
469 395 654 432 immersum,
668 406 728 426 non
743 396 896 427 laboi-ibus
910 405 1027 426 rursum

205 438 386 477 debilitatur,
402 449 469 470 cum
486 440 584 470 multis
599 441 756 471 sudoribus
769 441 856 472 ﬁnem
872 441 1023 481 imposuit,

205 489 307 525 utpote
322 486 460 525 superius
472 486 607 525 practicaa
618 487 811 517 sollicitudini
822 487 929 517 factum
948 497 955 527 ;
974 487 1025 517 sed

205 529 448 569 tranquillitatem
459 530 751 570 pacisquesilentium
761 531 839 562 intus
846 531 1025 571 suspiciens,

206 574 291 604 novis
307 574 529 614 majoribusque
545 576 685 615 impletur
709 576 831 613 viribus,
857 586 930 606 nova
943 575 1026 605 forti-

207 618 321 656 tudine,
338 628 414 649 novo
430 619 558 659 Spiritus
575 620 693 652 robore.
721 621 794 652 Cum
818 625 915 651 autem
930 620 1028 650 anima

207 672 331 703 corpore
347 664 389 694 ita
405 664 461 693 sibi
478 669 657 704 cooperante
672 665 754 696 dives
771 670 826 705 est,
843 670 872 696 et
884 666 939 695 hoc
951 665 1032 695 inve—

207 708 251 738 nit
267 708 304 738 ita
321 708 513 739 constitutum
530 713 562 738 ut
577 709 760 749 corporalem
777 715 897 749 superet
913 708 1029 740 exerci-

209 753 364 787 tationem,
385 758 454 783 tunc
469 753 505 783 ad
522 753 691 792 spirituales
707 753 799 784 luctas
815 754 958 784 00nvertit
974 763 1028 783 na-

208 799 282 827 turae
308 801 416 834 motus,
432 800 461 827 et
476 797 637 836 spiritualia
654 807 746 837 opera
760 797 891 828 studiose
905 797 1026 833 faciens,

1070 271 1150 300 ματα,
1168 261 1184 288 ἃ
1198 262 1245 289 οὒκ
1266 260 1322 294 ἐξὸν
1344 261 1472 301 ἀνθρώπῳ
1497 261 1618 299 ἀκοῦσαι,
1643 263 1677 299 τῇ
1707 261 1826 295 αἰσθήσει
1843 262 1900 287 τῶν

1070 305 1211 346 ὁρωμένων
1227 307 1430 346 προσπάσχοντι
1436 328 1442 334 .

1108 345 1160 380 λθ’.
1180 342 1260 383 ’λπαξ
1284 351 1315 378 τὸ
1342 342 1419 388 σιξ-»μα
1448 351 1565 390 πυρωθὲν
1587 354 1626 388 τῷ
1654 350 1714 389 πυρὶ
1738 352 1786 382 τῆς
1805 349 1898 383 ἀσκή-

1070 404 1149 431 σεως,
1165 396 1208 423 καὶ
1224 399 1262 432 τῷ
1277 394 1350 423 ὕδατι
1377 396 1458 435 βαφέν
1488 398 1540 423 τῶν
1569 394 1697 434 δακρύων,
1721 396 1767 423 οἶικ
1781 393 1820 422 ’ἐτι
1837 400 1899 425 τοῖς

1067 439 1156 472 πόνοις
1180 438 1341 479 ἀμϐλύτερον
1369 440 1479 478 γίνεται,
1511 440 1566 467 τῶν
1592 439 1700 468 πολλων
1724 441 1900 467 καταπαῦσαν

1068 482 1193 521 ἱδρώτων,
1220 485 1257 516 ὡς
1286 484 1350 523 ὑπὲρ
1382 485 1430 518 τὴν
1460 483 1610 524 ἔμπρακτον
1638 484 1780 522 γενόμενον
1810 481 1898 516 δηλο-

1069 528 1123 555 νότι
1146 527 1261 564 σπουδήν
1277 536 1284 543 ’
1302 528 1370 556 ἀλλὰ
1397 529 1518 568 γαλήνην
1533 529 1577 556 xxi
1599 529 1705 561 σιωπὴν
1721 528 1828 567 εἰρήνης
1852 526 1898 554 δε-

1069 574 1179 611 ξάμενον
1195 574 1308 611 ἔνδοθεν,
1323 574 1424 614 πλῆρες
1455 574 1555 612 μᾶλλον
1584 573 1668 607 ἄλλης
1693 573 1830 611 δυνάμεως
1853 574 1899 611 γί-

1069 629 1153 656 νεται,
1179 619 1263 652 ἄλλης
1295 619 1422 655 εὖτονίας,
1441 618 1524 652 ἄλλης
1549 620 1641 659 ἰσχύος
1663 623 1709 648 τοῦ
1731 618 1898 655 Πνεύματος,

1074 667 1196 692 Τοιοῦτον
1222 663 1248 691 δὲ
1277 665 1307 692 τὸ
1336 667 1474 703 συειεργοῦν
1509 665 1527 697 ἡ
1550 663 1626 703 ψυχὴ
1654 662 1900 696 χαταπλουτῆσασα

1073 711 1163 745 σῶμα,
1179 709 1222 736 καὶ
1247 709 1311 748 ὑπὲρ
1339 708 1388 741 τὴν
1416 707 1572 745 σωματικὴν
1593 707 1738 746 γυμνασίαν
1766 706 1898 745 εὑραμένη

1071 752 1120 785 τὴν
1157 753 1248 780 τούτου
1287 753 1460 792 κατάστασιν,
1498 753 1535 783 εἷς
1570 752 1680 784 νοητοὺς
1715 751 1820 789 ἀγῶνας
1850 750 1899 780 τὰς

1071 797 1180 836 φυσικὰς
1208 796 1381 834 μεταλλάττει
1404 798 1533 832 κινήσεις.
1559 797 1604 824 καὶ
1631 797 1679 830 τὴν
1702 796 1791 835 νοεραν
1820 795 1898 834 ἐργα-

207 840 420 872 immortalium
439 841 584 879 lignorum
616 841 672 872 sibi
701 846 854 872 conservat
871 843 982 872 ﬁ‘Ut'lUS
999 842 1029 872 in

1103 852 1129 868 ιν
1144 841 1223 874 ὀξέως
1253 841 1427 880 ἐργαζομένη,
1459 841 1586 881 φυλάσσει
1613 841 1666 868 τῶν
1694 840 1829 868 ἀθανάτων
1845 850 1898 878 φυ-

208 887 353 926 spirituali
384 887 530 926 paradiso.
562 886 644 916 Unde
673 886 788 926 piarum
815 887 1026 926 cogitationum

207 931 275 962 fons
291 931 371 962 ﬂuvii
387 931 480 961 instar
494 935 599 968 scatet,
617 935 646 962 et
668 931 719 961 ubi
735 930 823 961 arbor
834 931 966 961 scientiae
976 930 1029 961 Dei

210 977 327 1006 crescit.
346 976 445 1006 ferens
474 975 586 1006 fructus
614 975 778 1015 sapientiae,
809 975 918 1015 gaudii.
936 975 1028 1015 pacis,

208 1019 809 1060 benignitatis,bonitatislonganimitatis,
823 1021 1031 1060 charitatisque

209 1065 380 1096 ineifabilis.
395 1064 444 1096 Sic
460 1065 619 1104 diligenter
647 1074 784 1104 operans,
819 1070 847 1095 et
861 1066 903 1095 sic
920 1065 1033 1095 fructus

210 1119 397 1142 conservans,
415 1110 474 1140 exit
488 1119 504 1139 a
520 1119 645 1149 corpore
661 1113 689 1139 et
703 1109 733 1139 in
763 1109 900 1149 mysteria
917 1109 1031 1139 theolo-

209 1154 372 1194 giasinlrat.
386 1154 500 1186 Deinde
511 1154 546 1184 ab
563 1154 702 1184 omnibus
718 1154 880 1193 egreditur,
901 1154 951 1194 qui
966 1163 1030 1184 eam

209 1199 285 1229 nihil
300 1199 460 1229 visibillum
476 1199 655 1238 dominatur,
672 1202 699 1229 et
713 1199 774 1229 Deo
790 1199 958 1238 conjuncta,
975 1198 1031 1228 de-

210 1243 281 1275 sinit
296 1253 313 1274 a
327 1243 478 1274 desiderio
492 1244 548 1282 (at.
563 1243 670 1282 luctu).

249 1378 299 1410 40.
316 1378 387 1410 Utra
416 1388 483 1418 pars
512 1377 617 1414 nostri,
648 1378 817 1409 sciscitatur
841 1377 926 1413 ratio,
945 1377 1032 1408 nobis

208 1423 306 1454 virtuti
321 1424 519 1458 studentibus,
534 1423 639 1453 melior
654 1427 698 1453 est
711 1423 723 1452 *ἐ
736 1432 811 1452 eane
828 1432 893 1462 quae
908 1421 1032 1453 visibilis

1068 887 1120 926 τῶν
1143 886 1224 923 ἑαυτῇ
1251 886 1312 918 τοὺς
1341 886 1470 926 καρποὺς,
1501 886 1526 913 ἐν
1555 889 1593 923 τῷ
1616 888 1704 922 νοητῷ
1736 883 1897 923 παραδείσῳ.

1073 923 1147 960 Ὅθεν
1162 933 1178 965 ἦ
1195 932 1272 971 πηγὴ
1298 935 1352 959 τῶν
1375 934 1526 972 θεοπρεπῶν
1550 932 1690 969 νοημάτων
1719 931 1786 959 κατὰ
1811 940 1898 958 ποτα-

1073 977 1138 1013 μοὺς
1167 975 1317 1014 ἀναϐλύζει,
1350 978 1393 1005 καὶ
1421 977 1448 1004 ἐν
1477 978 1500 1014 ᾧ
1527 977 1557 1004 τὸ
1579 977 1659 1016 φυτὸν
1681 978 1730 1008 τῆς
1757 977 1803 1003 τοῦ
1831 977 1898 1002 Θεοῦ

1073 1020 1195 1059 γνώσεως
1223 1021 1343 1057 ἵσταται,
1390 1022 1468 1061 φέρον
1505 1021 1597 1061 σοφίας
1632 1020 1761 1060 καρποὺς,
1797 1022 1897 1059 χαρᾶς,

1073 1065 1190 1104 εἰρήνης,
1237 1066 1435 1105 χρηστότητος,
1487 1065 1658 1105 ἀγαθωσύνης
1704 1065 1895 1104 μακροθυμίας,

1073 1110 1116 1136 καὶ
1144 1109 1251 1149 ἀγάπης
1287 1110 1411 1149 ἆῤῥήτου.
1445 1110 1519 1140 Οὕτω
1547 1109 1574 1138 δὲ
1610 1109 1755 1142 ποώαίως
1790 1109 1898 1148 ἐργαζο-

1074 1153 1152 1190 μένη,
1169 1155 1212 1182 καὶ
1234 1155 1302 1183 οὕτω
1318 1154 1495 1195 φυλάττουσα,
1515 1154 1628 1192 ἐπιδημεῖ
1642 1158 1688 1182 τοῦ
1702 1155 1837 1191 σώματος,
1854 1154 1898 1180 καὶ

1074 1199 1110 1229 εἷς
1132 1199 1229 1239 γρόφον
1258 1198 1365 1227 εἷσδίνει
1389 1199 1537 1239 γεολογίας.
1562 1198 1709 1232 Ἐξίσταται
1724 1202 1770 1226 τοῦ
1783 1198 1896 1237 παντὸς,

1073 1244 1109 1274 ὡς
1131 1243 1177 1271 ὺω’
1193 1243 1295 1276 οὐδενὸς
1311 1245 1455 1284 κρατουὲνη
1471 1248 1522 1272 τῶν
1546 1244 1700 1283 ὁρωμένων,
1715 1244 1759 1271 καὶ
1775 1246 1833 1280 Θεῷ
1848 1253 1898 1270 συ-

1074 1289 1211 1328 ναφθεῖσα,
1235 1292 1288 1326 τῷν
1309 1288 1424 1328 ἱδρώτων
1438 1289 1549 1317 παύεται
1563 1289 1609 1317 καὶ
1622 1291 1670 1316 τοῦ
1684 1288 1766 1316 πόθου
1782 1286 1822 1326 [ἐν
1839 1285 1898 1314 ἄλλ’

1074 1338 1119 1362 τοῦ
1133 1333 1255 1373 πένθους]
1262 1358 1268 1364 ,

1115 1373 1154 1414 μ’.
1178 1378 1208 1406 Τί
1220 1378 1272 1406 τῶν
1298 1378 1325 1405 ἐν
1352 1379 1420 1416 ἡμῖν
1447 1377 1621 1418 ὑψηλότερον,
1653 1379 1667 1406 ὁ
1695 1377 1776 1416 λόγος
1805 1377 1895 1416 φησὶν,

1073 1422 1140 1459 ἡμτν
1161 1429 1220 1454 τοῖς
1248 1422 1409 1460 σπουδαίοις,
1436 1424 1466 1451 τὸ
1489 1423 1623 1463 ὁρώμενον
1651 1422 1668 1456 ἢ
1683 1423 1714 1450 τὸ
1729 1422 1870 1459 νοούμενον
1888 1431 1895 1460 ;

210 1478 246 1498 an
260 1478 293 1499 ea
304 1477 369 1508 qua}
382 1468 577 1507 intelligxbilis
588 1468 655 1497 est?
677 1467 707 1514 Si
719 1477 788 1507 pars
803 1467 940 1503 visibilis,
957 1466 1030 1496 nihil

1140 1467 1184 1494 οὖν
1210 1468 1241 1495 τὸ
1276 1468 1420 1506 ὁρώμενον,
1451 1466 1523 1495 οὐδὲν
1550 1466 1599 1503 ἄρα
1632 1470 1686 1496 τῶν
1720 1465 1897 1507 φθειρομένων

213 1513 303 1553 igitur
315 1513 506 1552 corruptibtle
517 1522 573 1542 non
587 1512 642 1541 erit
651 1511 939 1552 nobisappetendum
950 1521 982 1542 ac
992 1511 1030 1542 di-

1103 1522 1147 1539 ται
1176 1513 1255 1551 ἡμῖν,
1285 1512 1303 1546 ἢ
1331 1512 1507 1552 προτιμητέον
1542 1513 1587 1540 καὶ
1614 1512 1799 1551 στεργόμενον,
1838 1510 1896 1539 ούδὲ

210 1558 374 1597 ligendum,
393 1567 448 1588 nec
461 1557 517 1587 erit
531 1556 715 1596 praestantior
730 1565 854 1596 corpore
870 1556 979 1588 anima.
1002 1557 1032 1586 Si

210 1613 280 1633 vero
291 1612 345 1643 per
365 1602 576 1641 intelligibilis:
597 1615 607 1628 κ
637 1600 762 1640 Spiritus
775 1607 819 1632 est
832 1600 922 1638 Deus,
939 1606 968 1632 et
983 1610 1034 1631 eos

211 1649 260 1688 qui
269 1649 478 1685 adoranteum,
487 1648 514 1678 in
526 1647 631 1687 spiritu
639 1651 667 1677 et
677 1646 797 1676 veritate
806 1646 1034 1686 oportetadora—

212 1694 306 1729 τεθέν)
318 1693 445 1733 ideoque
455 1692 605 1732 superﬂua
616 1696 660 1721 est
671 1691 833 1730 corporalis
845 1691 1032 1729 exercitatio,

211 1739 328 1778 quando
336 1736 741 1777 vigetintellectualisanimm
749 1736 893 1775 operatio,
902 1745 965 1776 quae
973 1745 1033 1766 mo-

210 1783 268 1813 lem
287 1783 425 1813 deorsum
455 1786 626 1820 vergentem
655 1780 770 1817 allevat,
800 1790 925 1821 eamque
942 1785 1031 1812 totam

211 1827 310 1858 reddit
320 1827 503 1866 Spiritu-alem
516 1835 550 1856 ex
562 1825 673 1856 unione
684 1829 862 1855 cumnatu'a
872 1825 1029 1865 superiori.

251 1873 300 1903 41.
319 1871 456 1912 Triplicis
481 1869 599 1907 generis
629 1869 819 1899 ascensiones
846 1870 925 1900 viros
940 1870 968 1900 in
985 1870 1031 1900 via

213 1916 330 1948 virtutis
347 1915 572 1956 prog:edientes
595 1913 764 1954 perﬁciunt,
794 1914 907 1944 scilicet
923 1924 1030 1954 purga-

212 1962 280 1997 tiva,
297 1961 471 1996 illuminata,
485 1964 512 1989 et
534 1958 666 1998 myStica,
691 1968 756 1997 quae
781 1963 826 1989 est
841 1959 1032 1998 perfectionis

212 2016 296 2047 apex.
311 2006 408 2036 Prima
426 2011 469 2035 est
485 2003 698 2039 inchoantium,
709 2003 840 2033 secunda
852 2004 1029 2043 mediorum,

213 2051 301 2082 tertia
317 2051 527 2089 perfecturum.
545 2048 660 2078 Etenim
686 2047 729 2077 vir
751 2047 878 2086 diligens
894 2052 953 2078 tres
966 2048 1032 2079 illas

213 2097 277 2126 vias
292 2095 450 2126 ordinatim
468 2101 661 2133 percurrens.
692 2091 799 2122 crescit
828 2092 857 2121 in
881 2096 964 2122 aetate
988 2102 1034 2123 se-

1074 1556 1198 1594 κρείττων
1219 1561 1265 1586 τοῦ
1287 1558 1408 1595 σώματος
1429 1558 1445 1591 ἡ
1474 1557 1562 1597 ψυχή.
1592 1557 1622 1585 Εἴ
1648 1555 1674 1584 δὲ
1696 1557 1726 1584 τὸ
1741 1556 1894 1593 νοούμενον,

1078 1611 1090 1628 α
1116 1604 1221 1638 Πνεῦμα
1237 1602 1251 1629 ὁ
1277 1603 1351 1641 Θεὸς,
1379 1602 1422 1630 καὶ
1449 1602 1510 1634 τοὺς
1533 1604 1742 1640 προσκυνοῦντας
1769 1601 1848 1629 αὐτὸν
1869 1599 1896 1628 ἒν

1074 1645 1202 1682 πνεύματι
1228 1646 1270 1674 καὶ
1298 1646 1407 1682 ἀληθείᾳ
1435 1645 1477 1674 δεῖ
1503 1652 1673 1684 προσκυνεῖν.
1701 1657 1715 1674 ι
1742 1645 1790 1674 Καὶ
1815 1644 1894 1681 οὕτω,

1074 1691 1194 1730 περιττὸν
1230 1691 1247 1724 ἡ
1277 1691 1418 1728 σωματικὴ
1446 1691 1586 1730 γυμνασία,
1617 1690 1715 1719 ὁπόταν
1743 1689 1851 1729 ’ἐῤῥωται
1880 1690 1897 1723 ἡ

1075 1736 1151 1774 νοερὰ
1165 1736 1213 1768 της
1228 1736 1318 1776 ψυχῆς
1331 1735 1438 1776 ἐργασία
1454 1744 1462 1752 ⁸
1492 1736 1522 1763 τὸ
1551 1735 1639 1774 βρῖθον
1654 1735 1727 1763 κάτω
1740 1734 1897 1773 κουφίζουσα

1075 1780 1118 1807 καὶ
1139 1781 1170 1808 τὸ
1192 1779 1253 1808 ὅλον
1277 1782 1355 1809 αὐτοῦ
1381 1779 1542 1819 ἐργαζομένη
1557 1780 1747 1818 πνευματικὸν,
1763 1779 1791 1807 ἐν
1805 1779 1896 1807 ἑνώσει

1073 1828 1119 1853 τοῦ
1132 1825 1290 1863 κρείττονος⁴

1116 1879 1152 1906 μα
1160 1863 1175 1899 ’.
1192 1873 1269 1908 Τρεῖς
1285 1870 1333 1898 εἱσι
1349 1869 1433 1902 τάξεις
1448 1869 1475 1897 ἐν
1489 1876 1548 1901 τοῖς
1563 1869 1730 1908 ποιουμένοις
1743 1870 1789 1901 τὰς
1800 1880 1896 1909 προκο-

1072 1914 1124 1943 πὰς
1140 1915 1192 1941 τῶν
1207 1914 1377 1943 τελειοποιῶν
1389 1914 1553 1952 ἀναϐάσεων,
1566 1915 1721 1954 καθαρτικὴ,
1735 1916 1896 1954 φωτιστικη,

1073 1959 1198 1995 μυστικὴ,
1215 1958 1232 1991 ἧ
1247 1959 1302 1987 ἐστι
1317 1961 1360 1989 καὶ
1373 1959 1547 1992 τελειοποιός.
1578 1960 1625 1988 Καὶ
1654 1960 1672 1993 ἡ
1699 1959 1747 1997 μὲν
1773 1959 1830 1987 ἔστι
1844 1963 1897 1988 τῶν

1073 2004 1264 2042 εἰσαγωγικῶν,
1280 2005 1297 2037 ἡ
1312 2003 1339 2032 δέ
1362 2007 1414 2032 τῶν
1437 2004 1538 2042 μέσων,
1555 2005 1572 2038 ἡ
1594 2003 1622 2031 δὲ
1637 2006 1690 2032 τῶν
1703 2002 1822 2033 τελείων.
1850 2005 1898 2032 Διὰ

1073 2048 1122 2086 γὰρ
1137 2049 1189 2075 τῶν
1204 2050 1282 2087 τριῶν
1298 2051 1397 2077 τούτων
1411 2049 1479 2077 κατὰ
1493 2048 1565 2081 τάξιν
1590 2048 1768 2088 ἀνερχόμενος
1783 2050 1798 2076 ὁ
1813 2059 1898 2077 σπου-

1071 2091 1159 2127 δαῖος,
1176 2092 1311 2125 αὒξάνεται
1326 2093 1375 2126 τὴν
1389 2094 1457 2121 κατὰ
1480 2095 1591 2132 Χριστὸν
1605 2092 1721 2130 ἠλικίαν,
1737 2093 1781 2121 καὶ
1796 2093 1897 2130 γίνεται

213 2142 345 2172 cundum
363 2139 523 2177 Christum,
542 2142 570 2167 et
595 2149 608 2164 tr
633 2137 762 2166 occurrit
776 2136 806 2166 in
820 2136 914 2166 virum
933 2138 1030 2176 perfe-

1107 2137 1143 2167 εἱς
1158 2135 1235 2176 ἄνδρα
1250 2137 1362 2174 τέλειον,
1379 2139 1416 2169 εἷς
1431 2138 1526 2177 μέτρον
1541 2137 1646 2172 ἡλικίας
1657 2141 1704 2165 τοῦ
1717 2137 1899 2176 πληρώματος

213 2190 304 2219 ctum.
319 2185 348 2214 in
361 2191 529 2214 mensuram
541 2181 634 2212 aetatis
643 2180 835 2220 plenitudinis
848 2181 1006 2213 Christi95.
1022 2195 1035 2210 ››

253 2229 304 2260 42.
325 2228 379 2260 Via
396 2227 544 2268 purgativa
561 2230 606 2256 est
621 2235 722 2256 eorum
740 2225 1039 2265 quiagnonessacros

215 2284 312 2314 nuper
325 2274 510 2304 adoriuntur.
528 2270 682 2310 Proprium
699 2271 786 2310 hujus
799 2275 853 2307 est,
870 2271 1039 2311 desponere

215 2320 338 2360 ﬁguram
351 2318 477 2349 carnalis
489 2316 630 2352 hominis,
642 2318 785 2360 mundare
809 2314 854 2360 ab,
871 2317 951 2346 omni
967 2317 1036 2347 vitio

214 2364 323 2404 carnis,
342 2369 371 2394 et
383 2362 509 2393 induere
521 2369 627 2391 novum
642 2359 795 2391 hominem
811 2369 827 2390 a
843 2359 954 2399 Spiritu
966 2371 1036 2392 san-

215 2413 261 2440 cto
277 2413 460 2439 renovatum.
477 2406 572 2446 Opera
589 2414 659 2435 vero
691 2404 825 2443 ejusdem
851 2410 918 2435 Sunt
934 2406 1032 2436 odium

215 2454 358 2491 materiae,
376 2452 538 2483 maceratio
553 2449 662 2489 carnis,
681 2449 747 2488 fuga
761 2449 859 2479 omnis
873 2451 1035 2482 occasionis

216 2508 282 2540 quae
297 2499 440 2529 rationem
458 2497 494 2527 ad
519 2494 718 2540 cupiditatem
727 2493 844 2531 excitet,
864 2495 1037 2540 poenitentia

217 2537 253 2574 de
265 2543 366 2579 factis;
385 2543 508 2582 insuper
524 2539 658 2580 lacrymis
673 2537 794 2569 abluere
809 2539 1036 2571 amaritudinem

219 2588 342 2629 peccati,
357 2596 456 2618 mores
472 2585 658 2617 conformare
673 2582 797 2614 bonitati
812 2583 943 2629 spiritus,
957 2585 1035 2625 quod

216 2628 297 2664 intus
309 2637 353 2663 est
363 2632 476 2668 calicis,
486 2631 515 2662 id
528 2633 582 2669 est,
597 2632 726 2659 mentem
743 2628 887 2658 mundare
902 2628 938 2659 ab
955 2631 1035 2661 omni

215 2678 283 2710 labe
299 2677 396 2708 carnis
412 2681 440 2707 et
464 2677 595 2717 Spiritus,
626 2672 756 2713 indeque
784 2673 814 2704 in
830 2673 901 2704 illud
918 2673 1035 2718 mittere

257 2767 289 2794 9'5
303 2766 329 2799 II
345 2765 412 2798 Cor.
431 2774 483 2807 xu,
499 2766 527 2797 4,

1079 2186 1125 2210 τοῦ
1141 2185 1263 2220 Χριστοῦ.
1282 2191 1297 2211 )

1119 2223 1177 2264 μβ’.
1210 2222 1240 2255 Ἠ
1266 2228 1421 2267 καθαρτικὴ,
1450 2230 1502 2256 τῶν
1531 2227 1582 2261 ἤδη
1603 2228 1668 2266 πρὸς
1690 2227 1795 2266 ἀγῶνας
1817 2229 1900 2268 ἱεροὺς

1079 2272 1256 2310 εἰσαγομένων
1273 2272 1338 2301 ἐστί.
1363 2273 1412 2301 Καὶ
1441 2271 1508 2300 ἴδιον
1530 2273 1578 2310 μὲν
1608 2272 1701 2312 αὒτῆς,
1731 2273 1749 2306 ἡ
1774 2272 1899 2305 ἆποθεσις

1078 2316 1125 2348 τῆς
1155 2317 1271 2356 μορφῆς,
1297 2321 1344 2345 τοῦ
1371 2317 1470 2357 χοϊκού
1497 2317 1633 2356 ἀνθρώπου
1662 2318 1679 2351 ἡ
1715 2316 1900 2357 ἀπολύτρωσις

1077 2361 1164 2394 πάσης
1186 2361 1316 2402 προσύλου
1337 2362 1442 2399 κακίας,
1465 2363 1508 2390 καὶ
1535 2363 1553 2396 ἡ
1585 2362 1711 2402 ἁμφίασις
1736 2366 1784 2390 τοῦ
1810 2367 1902 2391 καινοῦ

1076 2405 1210 2451 ᾆξνθρώπου
1235 2410 1280 2434 τοῦ
1307 2406 1349 2434 διὰ
1376 2407 1527 2444 Πνεύματος
1550 2406 1784 2444 ἀνακαινιζομένου
1811 2407 1899 2446 ἁγίου,

1087 2455 1169 2490 Εργον
1186 2450 1224 2487 δὲ,
1241 2452 1272 2478 τὸ
1298 2457 1378 2489 μῖσος
1399 2454 1448 2484 τῆς
1475 2451 1552 2490 ὕλης,
1582 2453 1599 2485 ἡ
1616 2451 1689 2484 ’πῆξις
1716 2453 1765 2484 τῆς
1790 2453 1900 2490 σαρκὸς,

1076 2496 1093 2528 ἡ
1109 2496 1180 2535 φυγὴ
1195 2497 1282 2529 πάσης
1299 2496 1381 2528 αἱτίας
1411 2496 1576 2535 ἐρεθιζούσης
1605 2497 1670 2536 πρὸς
1700 2497 1781 2528 πάθος
1802 2497 1834 2524 τὸ
1855 2496 1904 2525 λο-

1077 2540 1225 2578 γιζόμενον,
1263 2541 1280 2574 ἡ
1309 2540 1351 2568 ἐπὶ
1387 2547 1448 2572 τοῖς
1478 2541 1676 2580 πεπραγμένοις
1706 2540 1871 2578 μεταμέλεια
1896 2552 1902 2558 ·

1077 2586 1141 2624 πρὸς
1171 2584 1197 2612 δὲ
1224 2586 1254 2613 τὸ
1280 2592 1339 2616 τοῖς
1365 2584 1487 2625 δάκρυσιν
1515 2585 1712 2614 ἀποκλύσασθαι
1734 2586 1783 2619 τὴν
1812 2586 1904 2624 ἅλμην

1077 2632 1126 2663 τῆς
1149 2630 1275 2669 ἁμαρτίας
1291 2637 1298 2644 ⁸
1325 2630 1356 2658 τὸ
1383 2630 1417 2657 τὰ
1444 2629 1495 2664 ἤθη
1524 2633 1559 2668 τῇ
1588 2630 1754 2671 χρηστότητι
1782 2630 1903 2669 ῥυθμίσαι

1077 2678 1122 2703 τοῦ
1137 2674 1297 2713 πνεύματος,
1313 2675 1356 2702 καὶ
1383 2675 1414 2702 τὸ
1441 2674 1513 2707 ἐντὸς
1538 2678 1585 2703 τοῦ
1604 2676 1743 2715 ποτηρίου,
1760 2673 1843 2714 ἤγουν
1858 2677 1903 2704 τὸν

571 2765 604 2790 94
616 2763 700 2796 Joan.
719 2771 759 2801 ιν,
775 2762 826 2794 24.
868 2762 900 2788 93
914 2762 1023 2805 Ephes.
1041 2773 1080 2804 Iv,
1097 2764 1144 2795 13.
