1975 3071
253 164 314 200 97‘s
323 147 328 154 ”

897 166 1050 200 ΝΙσΕΤιΕ
1070 165 1287 200 PEGTORATI

1892 161 1955 194 9'16

253 234 432 274 conjunctus
448 233 574 266 exeelsis
585 233 746 266 Cherubim
758 237 786 265 et
797 233 951 275 Seraphim
963 237 1059 267 turmis

1125 236 1174 270 τὴν
1190 238 1320 276 μακαρίαν
1335 237 1364 265 ἐν
1385 238 1470 274 τούνῳ
1497 237 1673 272 κατάπαυσιν,
1700 233 1799 265 τέλειος
1815 233 1842 262 ἦν
1856 231 1954 269 τελείῳ

251 283 377 319 quorum
407 283 451 310 est
481 287 579 311 sermo
607 279 762 320 sapientire
790 279 878 310 simul
916 284 945 311 et
975 280 1059 312 scien

1124 282 1189 318 Θεῷ,
1205 281 1340 322 συναφθεὶς
1356 281 1423 319 μετὰ
1437 284 1490 310 τῶν
1504 280 1635 319 θεολόγων
1650 285 1712 311 ταῖς
1727 278 1886 318 ὑπερτάταις
1901 276 1951 305 δυ-

251 323 310 356 tim.

287 413 339 444 45.
350 413 510 445 Hominum
520 414 679 454 vita,cujus
686 415 820 445 statusad
828 420 889 446 tres
897 419 1074 447 reVocantur

247 458 381 497 ordines,
398 459 540 490 dividitur
554 459 584 490 in
599 459 657 490 duo
673 468 794 497 genera.
814 458 910 490 Unum
929 464 973 491 est
986 470 1071 491 com-

248 510 339 534 mune
354 507 384 534 et
398 503 592 544 mundanum,
609 503 737 534 alterum
754 513 821 534 vero
838 513 896 535 non
913 513 1070 536 commune

247 552 277 579 et
286 548 398 579 m‘undo
410 548 562 588 superius.
576 549 740 580 Commune
752 548 893 579 dividitur
907 548 937 579 in
953 553 1070 589 tempe-

245 593 371 624 rantiam
388 597 418 625 et
432 592 463 624 in
480 591 679 624 insatiabilem
690 592 901 633 cupiditatem;
920 603 978 624 non
990 603 1069 624 com-

245 645 336 669 mune
351 646 432 675 vero,
448 638 479 668 in
497 637 714 678 philosophiam
734 647 742 674 ;
757 636 788 667 in
804 638 952 678 physicam
968 638 1069 669 scien—

244 682 327 723 tiam,
339 687 368 714 et
381 683 412 713 in
427 682 685 723 supernaturalem
702 683 917 722 operationem.
929 683 1015 714 Prius
1023 683 1069 714 vel

240 727 366 772 justitiaa
376 727 518 765 adhaaret,
531 727 555 758 si
567 736 676 768 nempe
684 727 847 758 secundum
858 731 992 758 naturam
1004 736 1068 759 mo-

244 771 359 813 veatur,
372 772 418 803 vel
429 771 460 803 in
472 772 650 812 injustitiam
667 776 696 803 et
711 771 895 812 iniquitatem
912 772 1032 813 labitur,
1044 773 1069 803 si

244 826 352 858 nempe
362 826 379 848 a
390 817 514 848 naturali
525 821 608 848 motu
616 816 764 847 deﬂectat:
775 816 922 856 posterius
928 817 1068 855 autem,si

1118 326 1212 362 νάμεσι
1225 329 1278 353 τῶν
1301 325 1431 365 Χερουϐίμ,
1444 337 1472 354 τε
1494 326 1538 354 καὶ
1563 325 1693 365 Σεραφὶμ,
1725 324 1761 352 ὧν
1776 324 1820 352 καὶ
1834 324 1849 351 ὁ
1863 322 1947 361 λόγος

1116 370 1162 403 τῆς
1177 371 1268 410 σοφίας
1290 373 1357 409 ὁμοῦ
1378 372 1422 400 καὶ
1436 374 1483 405 τῆς
1496 371 1632 410 γνώσεως.

1155 409 1271 452 με’ξΕἰς
1302 415 1356 444 δύω
1377 415 1556 456 διαιρούμενος
1584 418 1636 444 τῶν
1666 413 1806 454 ἀνθρώπων
1836 415 1851 441 ὁ
1872 413 1944 453 βίος,

1114 459 1148 492 είς
1179 466 1251 499 τρετς
1286 459 1366 494 τάξης
1393 460 1451 501 ἔχει
1486 461 1519 488 τὰ
1546 459 1611 493 τέλη
1639 459 1803 498 συναγόμενα
1831 459 1941 491 τούτου,

1113 505 1162 533 Καὶ
1181 506 1212 532 τὸ
1234 504 1283 542 μὲν
1315 506 1393 534 αὺτοῦ
1419 505 1572 534 κοινωνικόν
1605 504 1660 532 ἐστι
1690 505 1733 532 καὶ
1768 503 1914 543 ἑγκόσμιον
1931 512 1938 519 ³

1111 550 1141 577 τὸ
1173 549 1212 586 δὲ,
1249 550 1429 584 ἀκοινώνητον
1465 551 1509 578 καὶ
1536 550 1722 590 ὑπερκόσμιον.
1754 550 1802 578 Καὶ
1826 550 1859 577 τὸ
1889 550 1940 586 μὲν

1110 594 1267 622 κοικωνικὸν
1311 596 1346 626 εἰς
1384 596 1558 635 σωφροσύνην
1595 594 1735 634 διαιρεῖται
1769 595 1813 622 καὶ
1849 594 1942 627 ἀπλη-

1111 639 1183 666 στίαν
1200 647 1207 654 ’
1238 639 1267 667 τὸ
1296 637 1323 667 δὲ
1345 639 1537 677 ἀκοινώνητον,
1569 641 1605 671 είς
1634 639 1799 679 φιλοσοφίαν,
1831 639 1869 670 εἰς
1892 651 1940 679 φυ-

1110 683 1189 717 σικὴν
1223 683 1387 722 ἐπιστήμην,
1429 685 1473 712 καὶ
1513 685 1550 716 εἰς
1591 684 1656 723 ὑπὲρ
1682 683 1756 724 φύσιν
1790 683 1938 723 ἐνέργειαν.

1110 728 1215 756 Τούτων
1230 729 1261 756 τὸ
1283 728 1331 766 μὲν
1359 728 1376 762 ἢ
1397 732 1435 766 τῷ
1457 727 1550 766 δικαίῳ
1577 729 1734 756 συνάπτεται
1761 729 1829 757 κατᾶ
1860 729 1939 767 φύσιν

1109 771 1266 812 ἐρχόμενον,
1290 773 1308 807 ἢ
1323 776 1357 811 τῇ
1379 772 1464 809 ἀδικίᾳ
1484 774 1527 801 καὶ
1555 773 1591 806 εἷς
1619 771 1720 800 ἀδικίαν
1742 779 1840 813 χωρεῖ,
1862 773 1936 801 ἀπο-

1108 815 1240 850 πλανηθὲν
1267 819 1317 851 τῆς
1346 817 1413 845 κατὰ
1440 818 1516 856 φύσιν
1537 819 1687 852 κινήσεως·
1711 818 1742 844 τὸ
1763 816 1802 853 δὲ,
1833 817 1856 845 εί
1885 818 1936 850 risv

243 861 362 902 quidem
371 861 553 902 propositum
562 865 758 902 persequatur
772 861 888 900 regulas
902 861 1059 892 observan-

1125 862 1174 889 ατὰ
1190 863 1290 890 σκοπὸν
1302 860 1381 900 διώξῃ
1392 862 1431 899 τῷ
1441 865 1531 891 κανόνι
1542 862 1762 899 ἀπευθυνόμενον,
1775 863 1811 894 εἰς
1825 860 1935 902 ἄπειρον

241 907 292 944 do,
305 906 342 937 ad
353 905 498 937 inﬁnitam
513 906 648 946 pervenit
665 910 811 940 naturam.
827 915 916 946 supra
931 909 1065 937 naturam

244 950 409 991 perfectum
426 961 434 989 ;
460 950 486 980 si
508 949 599 982 verbo
612 949 743 989 superbe
753 959 860 981 vacans
871 949 1032 988 exercitiis,
1049 961 1067 981 a

240 995 394 1036 proposito
401 994 731 1029 devertatur.deciditin
738 1003 857 1025 sensum
868 995 1067 1035 reprobum,et

239 1044 378 1081 tanquam
398 1039 607 1080 imperfectum
633 1038 742 1070 merito
754 1039 890 1080 rejicitur
907 1048 925 1070 a
945 1041 1065 1080 perfec-

238 1084 330 1115 tione.

276 1131 327 1161 46.
345 1128 418 1168 Lux,
436 1128 497 1160 vita
511 1132 539 1159 et
555 1137 610 1169 pax
634 1133 679 1160 est
707 1127 847 1169 Spiritus.
877 1128 932 1165 Qui
958 1138 1029 1168 ergo
1044 1138 1061 1160 a

237 1175 337 1206 divino
352 1173 536 1205 illuminatur
564 1172 689 1214 Spiritu,
722 1173 911 1214 tranquillam
940 1173 970 1204 in
987 1183 1060 1215 pace

236 1219 351 1261 peragit
367 1216 551 1250 vitam.Inde
567 1222 664 1249 autem
681 1218 711 1249 in
725 1227 760 1249 eo
775 1219 901 1249 scientia
915 1228 1014 1250 rerum
1030 1223 1059 1250 et

238 1264 384 1305 sapientia
398 1263 481 1295 verbi
496 1267 600 1300 scatet,
617 1271 783 1303 sensusque
800 1262 907 1294 Christi
924 1264 1057 1295 innasci-

237 1313 303 1340 tur:
321 1309 370 1340 hic
385 1309 466 1339 novit
482 1307 566 1346 regni
581 1307 634 1338 Dei
662 1307 810 1348 mysteria,
828 1308 970 1348 profunda
987 1307 1058 1349 Spi-

235 1353 310 1384 ritus
324 1356 472 1394 penetrat,
488 1361 522 1383 ac
538 1352 587 1387 die
602 1351 662 1382 diei
677 1355 793 1383 eructat
807 1354 844 1383 de
853 1353 943 1383 corde
951 1362 1058 1384 sereno

237 1402 265 1429 et
279 1397 443 1428 illuminato
457 1396 548 1428 verba
570 1396 648 1434 vitae,
679 1397 755 1427 bona
769 1397 962 1435 iboniinihus,
990 1398 1059 1438 quia

237 1441 333 1473 bonus
348 1446 404 1479 est,
422 1446 451 1473 et
464 1442 501 1472 de
516 1440 594 1472 bono
612 1441 752 1472 thesauro
769 1451 823 1472 suo
841 1441 931 1473 verba
949 1442 1060 1482 profert

236 1495 312 1518 nova
326 1491 356 1519 et
370 1491 470 1518 vetera
483 1486 507 1518 ί.

275 1577 325 1608 47.
340 1575 419 1607 Deus
434 1579 479 1606 est
503 1575 658 1615 sapientia,
689 1579 719 1606 et
745 1584 797 1606 eos
821 1575 873 1616 qui
899 1575 1014 1607 ratione
1029 1581 1058 1607 et

1108 905 1216 942 τελευτᾷ
1231 907 1317 946 φύσιν,
1335 907 1400 946 ὑπὲρ
1428 908 1477 939 τὴν
1506 907 1581 947 φύσιν
1610 905 1759 937 τελειωθέν.
1776 907 1806 935 Εἰ
1820 905 1848 933 δὲ
1863 907 1935 935 κατὰ

1108 950 1258 990 φιλοτιμίαν
1273 951 1503 990 ἐγγυμναζόμενον
1531 954 1577 979 τοὺ
1605 956 1706 980 σκοποῦ
1728 951 1872 988 ψεύσηται,
1899 952 1935 984 εἷς

1107 994 1233 1033 ἀδόκιμον
1248 995 1356 1032 τελευτᾷ
1372 999 1442 1033 νοῦν,
1467 996 1510 1023 καὶ
1538 997 1575 1027 ὡς
1590 995 1682 1026 ἀτελὲς
1712 995 1820 1027 εἰκότως
1836 994 1936 1024 ἀποδο-

1107 1040 1245 1077 κιμάζεται
1263 1043 1310 1068 τοῦ
1324 1039 1436 1069 τελείου.

1145 1079 1216 1122 μς⁸’.
1234 1085 1306 1124 Φῶς,
1322 1085 1366 1112 καὶ
1391 1085 1458 1120 ζωσὶκ,
1483 1085 1526 1112 καὶ
1541 1085 1632 1124 εἰρήνη
1647 1086 1678 1113 τί)
1692 1087 1809 1122 Πνεῦμα.
1841 1080 1871 1113 Ὀ
1888 1085 1932 1113 οὖν

1101 1129 1152 1157 ὑπὸ
1188 1134 1234 1159 τοῦ
1268 1130 1336 1158 θείου
1372 1129 1550 1168 φωτιζόμενος
1585 1130 1748 1167 Πνεύματος,
1781 1129 1931 1168 γαληναίαν

1102 1174 1240 1213 είρηνεύων
1275 1173 1372 1202 διανύει
1414 1175 1497 1209 ζωήν,
1536 1174 1668 1202 Ἐντεῦθεν
1703 1173 1730 1202 δὲ
1769 1175 1786 1208 ὴ
1829 1178 1928 1213 γνῶσις

1101 1219 1172 1256 αὖτῷ
1198 1219 1251 1247 τῶν
1277 1218 1371 1256 ὄντων,
1403 1219 1447 1246 καὶ
1474 1219 1491 1252 ἡ
1521 1219 1599 1258 σοφία
1622 1222 1668 1247 τοῦ
1695 1217 1775 1258 λόγου
1797 1220 1925 1258 πηγάζει,

1100 1263 1143 1291 καὶ
1173 1264 1186 1291 6
1215 1267 1274 1295 νοῦς
1303 1268 1349 1292 τοῦ
1376 1266 1488 1302 Χριστοῦ
1511 1263 1655 1302 ἐπιγίνεται
1671 1271 1680 1279 ⁸
1703 1265 1779 1295 οὗτος
1806 1263 1865 1292 οἶδε
1893 1266 1926 1292 τὰ

1099 1310 1148 1341 τῆς
1177 1307 1312 1346 βασιλείας
1343 1309 1486 1346 μυστήρια,
1503 1308 1538 1340 είς
1553 1309 1585 1337 τὰ
1600 1308 1667 1345 βάθη
1682 1314 1769 1348 χωρεῖ
1783 1312 1830 1337 τοῦ
1846 1312 1924 1347 Θεοῦ,

1099 1352 1143 1380 καὶ
1157 1352 1243 1392 ἡμέρα
1257 1356 1291 1390 τῇ
1306 1352 1392 1392 ἡμέρᾳ
1408 1352 1538 1391 ἐρεύγεται
1553 1351 1647 1391 λόγους
1661 1355 1744 1392 ζωῆς,
1760 1352 1786 1386 ἒξ
1801 1353 1926 1391 ἀκυμάν-

1099 1407 1145 1425 του
1160 1398 1203 1425 καὶ
1217 1397 1422 1437 πεφωτισμένης
1437 1395 1555 1436 καρδίας,
1564 1397 1675 1436 ἀγαθοὺς
1689 1404 1746 1429 τοῖς
1763 1397 1923 1437 ἀνθρὼποις’

1100 1440 1191 1474 ἐπειδὴ
1206 1441 1300 1480 ἀγαθός
1313 1441 1379 1480 ἐστι,
1396 1443 1441 1470 τὸν
1455 1441 1552 1480 ἀγαθὸν
1567 1441 1640 1482 ἔχων
1655 1441 1786 1471 λαλοῦντα
1799 1441 1826 1470 ἐν
1839 1443 1926 1480 ἑαυτῷ

1099 1487 1178 1514 καινά
1190 1497 1219 1514 τε
1233 1488 1277 1515 καὶ
1299 1485 1412 1518 παλαιά,

1140 1571 1195 1613 μζ’.
1226 1577 1309 1616 Σοφία
1330 1577 1344 1604 ὁ
1368 1576 1443 1615 Θεὸς,
1472 1576 1516 1604 καὶ
1536 1576 1596 1608 τοὺς
1617 1576 1645 1604 ἐν
1674 1575 1746 1615 λόγῳ
1770 1577 1815 1605 καὶ
1844 1577 1924 1618 σοφίᾳ

234 1620 379 1660 sapientia
393 1619 469 1650 duce
497 1619 660 1657 ambulant,
690 1619 813 1650 scientia
823 1629 934 1658 _rerum
957 1620 1056 1660 (coale-

1124 1625 1316 1660 Ξριπατοῦντας,
1344 1623 1377 1659 τῇ
1400 1620 1496 1659 γνώσει
1526 1624 1578 1649 τῶν
1599 1620 1681 1649 ὀντων
1704 1620 1761 1660 [ἴσ.
1783 1616 1921 1661 οΰρανίωνί

235 1664 333 1704 stium)
363 1664 516 1700 deiﬁcans,
538 1663 715 1704 sibimetipsi
732 1673 785 1704 per
807 1665 906 1695 lumen
936 1665 1009 1703 unit,
1027 1670 1056 1697 et

235 1710 327 1750 gratia
342 1710 413 1741 deos
428 1709 506 1740 facit.
523 1708 779 1745 Quemadmodum
795 1713 892 1740 autem
905 1710 1005 1740 omnia
1020 1719 1054 1741 ex

235 1753 327 1784 nihilo
340 1754 486 1794 sapientia
499 1753 578 1790 fecit,
593 1757 621 1783 el
633 1762 686 1793 per
696 1753 870 1793 sapientiam
889 1763 937 1784 res
953 1754 1056 1785 mundi

234 1799 311 1838 regit
325 1801 354 1829 et
369 1797 526 1838 gubernat,
543 1802 630 1838 atque
656 1798 780 1828 salutem
805 1799 937 1829 omnium
953 1799 1003 1839 qui
1018 1800 1053 1830 ad

233 1852 266 1874 se
279 1847 492 1874 convertuntur
507 1847 535 1873 et
560 1843 717 1882 accedunt,
744 1843 854 1883 pariter
868 1843 897 1873 in
911 1844 1056 1884 sapientia

233 1896 351 1929 semper
380 1887 475 1920 facit:
507 1888 550 1918 sic
579 1887 667 1919 etiam
694 1888 744 1918 ille
772 1897 860 1928 quem
876 1898 929 1919 sua
945 1889 1055 1929 puritas

233 1931 355 1972 dignum
383 1932 452 1963 fecit
480 1932 530 1973 qui
559 1932 710 1964 altissimae
739 1933 893 1973 sapientiae
908 1934 1056 1975 particeps

234 1976 330 2013 ﬁeret,
347 1986 467 2017 semper
481 1981 626 2017 quatenus
644 1977 740 2016 imago
756 1977 808 2008 Dei
824 1977 854 2007 in
870 1979 1013 2018 sapientia
1027 1982 1057 2009 et

233 2020 298 2062 ipse
313 2021 383 2053 facit
399 2026 427 2053 et
452 2021 556 2062 implet
570 2022 698 2052 divinam
715 2022 905 2059 voluntatem,
923 2023 1055 2063 seipsum

232 2067 389 2097 retrahens
404 2076 420 2097 a
437 2067 527 2098 rebus
557 2067 687 2098 emernis
717 2067 746 2097 in
777 2067 941 2107 multasque
959 2072 1055 2108 partes

234 2112 348 2148 divisis,
375 2111 522 2142 rationem
546 2121 613 2142 vero
630 2121 712 2142 suam
729 2120 783 2151 per
797 2111 952 2142 scientiam
968 2113 1054 2142 abdi-

235 2160 331 2188 torum
346 2156 498 2187 adducens
514 2160 542 2187 et
565 2157 685 2188 elevans
700 2156 735 2187 ad
753 2156 841 2187 vitam
856 2166 925 2187 vere
940 2157 1055 2196 angeli-

234 2210 297 2232 cam
310 2210 318 2237 ;
331 2205 359 2231 et
372 2210 461 2231 unam
474 2201 607 2232 efﬁciens
616 2211 668 2241 pro
682 2200 795 2231 viribus
811 2210 893 2231 suam
908 2201 1005 2235 vitam.
1024 2211 1056 2233 se

1095 1666 1235 1703 θεοποιῶν,
1262 1666 1319 1694 ἑνοῖ
1341 1664 1499 1705 διαμφωτδς
1526 1665 1619 1697 αὐτοὺς
1648 1666 1743 1703 ἑαυτῷ,
1777 1667 1820 1694 καὶ
1850 1667 1920 1696 θέσει

1095 1711 1168 1743 θεοὺς
1189 1701 1375 1750 ἀπεργάζεται.
1395 1701 1491 1750 ’ὅσπερ
1506 1709 1533 1738 δὲ
1548 1711 1626 1742 αὑτὸς
1656 1710 1686 1739 ἐκ
1707 1701 1753 1739 τοῦ
1780 1711 1819 1748 μὴ
1842 1711 1919 1744 ὄντος

1096 1755 1174 1795 σοφίᾳ
1193 1756 1226 1783 τὰ
1254 1756 1340 1783 πάντα
1363 1755 1574 1795 κατασκευάσας,
1603 1754 1644 1783 διὰ
1671 1756 1762 1796 σοφίας
1791 1757 1824 1784 τα
1844 1756 1922 1796 ἐγκό-

1097 1810 1162 1837 σμια
1177 1798 1287 1839 διεξάγει
1311 1801 1354 1828 καὶ
1382 1798 1488 1836 διοικεῖ,
1517 1800 1561 1827 καὶ
1587 1800 1637 1834 τὴν
1665 1801 1797 1839 σωτηρίαν
1812 1801 1920 1830 πάντων

1096 1847 1148 1873 τῶν
1164 1844 1320 1884 ἐγγιζόντων
1341 1845 1412 1882 αὒτῷ
1433 1843 1466 1872 δι’
1489 1845 1651 1885 ἐπιστροφῆς
1680 1846 1805 1878 ὡσαύτως
1832 1846 1874 1874 ἀεὶ
1896 1847 1922 1875 ὲν

1097 1890 1174 1930 σοφίᾳ
1189 1890 1336 1930 ἐργάζεται,
1364 1889 1433 1918 οὕτω
1460 1890 1504 1918 καὶ
1530 1890 1544 1917 ὁ
1572 1889 1689 1922 ἀξιωθεὶς
1718 1893 1766 1924 τῆς
1794 1891 1924 1921 ἀνωτάτω

1097 1934 1215 1972 γενέσθαι
1229 1936 1334 1975 σοφίας,
1350 1934 1379 1962 ἐκ
1393 1935 1586 1974 καθαρότητος,
1609 1934 1741 1975 μέτοχος,
1764 1935 1804 1964 ἀεὶ
1819 1937 1858 1968 ὡς
1882 1937 1922 1964 εἶ-

1096 1979 1150 2006 κὼν
1170 1982 1234 2007 Θεοῦ
1254 1980 1297 2007 καὶ
1314 1980 1390 2012 αὖτὸς
1406 1979 1431 2008 ὲν
1459 1979 1537 2019 σοφίᾳ
1565 1985 1640 2008 ποιεῖ
1667 1981 1711 2007 καὶ
1740 1980 1877 2019 ἐργάζεται
1892 1982 1924 2009 τα

1096 2026 1141 2051 τοῦ
1162 2024 1230 2053 θείου
1245 2023 1395 2062 θελήματος
1412 2031 1420 2039 ⁶
1444 2024 1562 2062 συνάγων
1593 2024 1642 2062 μὲν
1671 2024 1724 2052 ἀπὸ
1747 2028 1800 2052 τῶν
1815 2024 1866 2058 ἔξω
1880 2027 1923 2054 καὶ

1097 2068 1275 2107 μεριζομένων
1296 2069 1331 2100 εἷς
1355 2067 1442 2096 πολλὰ
1464 2069 1569 2105 ἑαυτὸν,
1599 2068 1704 2107 ἀνάγων
1736 2068 1763 2097 δὲ
1791 2069 1922 2110 ὁσημέραι

1096 2113 1140 2140 καὶ
1167 2113 1310 2141 ἀνατείνων
1336 2114 1367 2141 τὸ
1400 2113 1571 2152 λογιζόμενον
1613 2112 1693 2142 αὐτοῦ
1720 2113 1762 2142 διὰ
1797 2115 1921 2153 γνώσεως

1096 2159 1148 2185 τῶν
1164 2157 1331 2196 ἀποῤῥήτων,
1361 2158 1426 2198 πρὸς
1454 2156 1596 2196 ὰγγελικὰς
1621 2161 1660 2194 τῷ
1689 2157 1742 2186 ὄντι
1766 2159 1837 2194 ζωάς
1854 2169 1864 2177 ·
1879 2160 1922 2187 καὶ

1097 2201 1208 2237 ἐνοειδῆ,
1239 2203 1306 2230 κατὰ
1331 2203 1361 2231 τὸ
1389 2202 1506 2242 ἐφικτὸν,
1534 2201 1585 2235 τὴν
1614 2203 1692 2232 αὖτοῦ
1712 2203 1782 2238 ζωὴν
1808 2203 1920 2243 ἐργαζό·

234 2246 298 2277 unit
325 2245 470 2276 caelicolis
495 2246 690 2286 potestatibus
719 2254 777 2275 uno
808 2249 888 2276 motu
910 2246 945 2276 ad
960 2246 1053 2277 Deum

1124 2257 1186 2286 ενος,
1202 2248 1259 2275 ἑνοῖ
1273 2252 1334 2279 ταῖς
1356 2247 1410 2275 ἅνω
1425 2246 1565 2284 δυνάμεσιν
1594 2247 1699 2288 ἑαυτὸν,
1729 2254 1790 2279 ταῖς
1818 2248 1920 2279 ἐνιαίως

235 2290 437 2326 tendentibus,
454 2298 483 2322 et
500 2300 553 2332 per
568 2301 617 2322 eas
630 2291 709 2321 velut
720 2299 772 2330 per
783 2290 912 2330 optimos
923 2290 1058 2323 ducesad

233 2336 362 2376 primum
378 2336 557 2377 principium
572 2336 758 2377 primamque
779 2343 896 2366 causam
912 2336 1057 2369 ascendit.

273 2425 324 2457 48.
356 2423 411 2461 Qui
440 2435 494 2466 per
521 2425 650 2457 divinam
681 2424 855 2466 sapientiam
885 2434 952 2456 sese
966 2426 1058 2457 univit

233 2469 371 2510 supernis
395 2470 564 2508 virtutibus,
582 2470 710 2510 ideoque
727 2471 787 2502 Deo
801 2469 901 2500 unitus
917 2475 972 2511 est,
989 2480 1055 2502 cum

231 2514 271 2545 sit
285 2514 321 2545 ad
338 2514 566 2546 similitudinem
592 2515 659 2550 Dei,
683 2523 751 2545 cum
768 2513 906 2545 omnibus
921 2515 1011 2546 verbo
1028 2521 1057 2547 et

232 2558 380 2599 colloquio
396 2563 547 2599 sapienter
574 2568 766 2599 conversaris,
799 2559 952 2590 hominum
970 2559 1056 2591 bona:

229 2603 387 2634 voluntatis
401 2604 539 2635 affectum
557 2603 662 2634 virtute
676 2603 776 2634 divina
790 2603 913 2634 retrahit
935 2613 951 2634 a
967 2604 1056 2636 rebus

232 2648 365 2679 externis
380 2654 409 2680 et
424 2648 637 2687 divisibilibus,
665 2657 776 2688 eosque
804 2652 836 2678 ut
861 2657 991 2688 seipsum
1018 2650 1055 2680 ad

231 2694 354 2725 unitatis
382 2694 480 2731 vitam,
509 2699 611 2735 utpote
640 2694 694 2725 Dei
724 2694 863 2730 imitator,
893 2693 923 2724 in
951 2694 1055 2734 spiritu

229 2739 392 2775 atlrahens,
409 2739 491 2770 ducit
506 2748 559 2779 per
587 2738 763 2779 sapientiam
793 2743 823 2769 et
851 2738 1006 2770 scientiam
1022 2750 1056 2772 ac

229 2783 438 2823 mysteriorum
454 2784 682 2821 revelationem,
713 2782 749 2813 ad
776 2783 1056 2823 coutemplationem

271 2862 280 2882 ¹
297 2862 401 2893 Matth.
418 2871 482 2902 xui,
498 2863 547 2894 52.

1098 2292 1156 2331 περῖ
1173 2293 1237 2320 Θεὸν
1249 2292 1415 2329 κινουμέναις
1433 2301 1440 2309 ·
1470 2292 1513 2319 καὶ
1539 2289 1572 2318 δι’
1594 2292 1679 2320 αὒτῶν
1707 2295 1772 2332 πρὸς
1785 2293 1835 2326 τὴν
1851 2295 1921 2333 πρώ-

1098 2347 1147 2369 την
1163 2336 1251 2376 ἀρχὴν
1265 2337 1308 2364 καὶ
1334 2337 1418 2366 αἰτίαν
1447 2336 1482 2369 ὡς
1509 2334 1543 2363 δι’
1565 2336 1669 2374 ἀγαθῶν
1691 2337 1832 2376 ἡγεμόνων
1854 2339 1919 2366 ἀνά-

1099 2392 1185 2421 γεται.

1138 2421 1198 2464 μη’.
1218 2422 1247 2454 ιΟ
1271 2425 1313 2454 διὰ
1331 2426 1422 2465 σοφίας
1451 2426 1500 2458 τῆς
1527 2426 1675 2466 κρείττονος
1703 2427 1795 2455 ἑαυτὸν
1822 2428 1919 2460 ὲνώσας

1098 2478 1158 2504 ταῖς
1184 2471 1238 2500 ἄνω
1259 2470 1394 2508 δυνάμεσι,
1419 2470 1464 2498 καὶ
1484 2470 1526 2498 διὰ
1554 2474 1632 2499 τοῦτο
1660 2474 1718 2509 Θεῷ
1746 2473 1861 2509 ἐνωθείς,
1885 2474 1918 2506 ὡς

1097 2516 1156 2544 καθ’
1172 2517 1298 2554 ὁμοίωσιν
1319 2515 1355 2543 ὢν
1383 2518 1429 2543 τοῦ
1450 2518 1528 2552 Θεοῦ,
1544 2519 1609 2544 πᾶσι
1631 2515 1673 2544 διὰ
1688 2515 1768 2556 λόγου
1790 2518 1834 2545 καὶ
1855 2529 1915 2546 συν-

1097 2562 1185 2593 ουσίας
1227 2559 1410 2601 ὲμφιλοσόφως
1447 2560 1646 2601 συγγινόμενος,
1682 2561 1823 2599 ἀποτέμνει
1865 2565 1917 2590 τῶν

1096 2605 1264 2644 βουλομένων
1294 2606 1350 2641 θείᾳ
1382 2603 1489 2643 δυνάμει
1524 2606 1570 2637 τὰς
1598 2605 1663 2639 ἕξεις
1691 2606 1745 2635 ἀπὸ
1779 2610 1833 2635 τῶν
1870 2607 1917 2640 ἔξω

1096 2652 1140 2680 καὶ
1165 2653 1305 2690 μεριστῶν,
1337 2650 1381 2678 καὶ
1402 2651 1467 2689 πρὸς
1495 2649 1597 2684 ἑνοειόἧ
1624 2651 1707 2688 ζωὴν,
1737 2651 1826 2691 ὥσπερ
1855 2653 1916 2681 ἑαυ-

1097 2698 1142 2725 τὸν
1164 2698 1210 2725 οἷα
1225 2695 1258 2730 δὴ
1273 2698 1338 2724 Θεοῦ
1363 2695 1484 2732 μιμητὴς
1513 2695 1557 2723 καὶ
1585 2696 1678 2728 αὖτοὺς
1706 2696 1864 2725 συνελίσσων
1892 2698 1918 2726 ἓν

1098 2742 1238 2779 πνεύματι,
1255 2741 1345 2780 ἀνάγει
1373 2738 1414 2768 διὰ
1442 2739 1534 2779 σοφίας
1560 2741 1605 2769 καὶ
1633 2742 1768 2782 γνώσεως,
1803 2743 1846 2771 καὶ
1871 2743 1916 2776 τῆς

1098 2790 1150 2815 τῶν
1179 2786 1336 2825 ἁποκρύφων
1358 2783 1529 2823 ἐλλάμψεως,
1556 2786 1620 2825 πρὸς
1641 2786 1749 2825 θεωρίαν
1771 2789 1820 2820 τῆς
1841 2786 1915 2821 δόξης
