1975 3071
129 165 190 199 993

592 162 865 197 GNOSTICORUM
887 159 1060 194 GAPITUM
1084 160 1281 192 CENTURIA
1304 159 1347 192 III

1758 165 1815 198 994

129 234 227 272 νισθαι,
245 232 332 260 καὶτὸ
353 231 451 271 λέγειν,
474 232 518 259 καὶ
538 231 568 259 τὸ
589 237 661 258 νοεῖν
674 231 764 268 ὑγιῶς,
787 230 831 257 καὶ
845 229 1015 259 imum-Act

1013 228 1155 268 ogitantes
1170 237 1243 259 sane
1266 232 1296 259 et
1319 229 1623 269 irreprehensibiliter
1649 233 1813 265 secundum

129 277 192 308 τίως
213 277 281 306 κατᾶ
309 277 373 305 Θεὺν
401 276 563 312 ἐξετάζηται,
594 274 657 314 ὅπερ
686 275 755 302 ἐστὶν
773 273 896 307 ἀληθινὸν
917 277 955 311 τῷ

130 322 195 354 ὄντι.
212 322 254 350 καὶ
266 323 338 350 θεῖον
353 321 459 361 μέτρον,
475 321 518 349 καὶ
532 320 587 360 ἱερᾶ
601 324 639 358 τῷ
650 322 708 357 Θεῷ
721 318 867 360 προσφορά.

169 361 221 406 ογ’.
243 367 347 400 Δεκάτη
375 366 470 406 κυρίως
511 365 565 394 ἐστὶ
578 365 642 404 πρὸς
672 365 748 400 Θεὸν,
777 365 808 392 τὸ
838 364 953 403 ψυχικὸν

129 412 238 452 Πάσχα,
264 411 346 450 ἤγουν
373 412 390 445 ἡ
419 409 536 442 διάϐασις
578 410 666 443 πάσης
702 409 833 446 ἒμπαθοῦς
861 408 950 445 ἕξεως,

126 457 171 484 καὶ
185 457 274 490 πάσης
289 455 387 495 ἀλόγου
415 456 559 490 αἰσθήσεως
578 465 584 472 ·
608 454 635 482 ἒν
661 455 680 487 ἧ
707 454 794 482 θύεται
809 454 857 490 μὲν
873 454 886 481 ὁ
902 452 952 481 λό-

126 511 186 541 γος,
201 504 235 539 τῇ
267 501 361 539 θεωρίᾳ
382 503 443 534 τῶν
461 500 554 536 ὄντων,
581 499 709 538 τρώγεται
725 498 752 526 δὲ
782 499 795 526 ὁ
819 498 908 529 αὒτὸς
926 497 951 525 ἐν

126 547 166 583 τῷ
179 544 249 585 ἄρτῳ
275 547 324 579 τῆς
354 545 490 584 γνώσεως,
520 545 563 572 καὶ
585 545 687 572 πίνεται
715 544 745 571 τὸ
774 543 859 580 τίμιον
874 542 953 570 αὖτοῦ

127 593 196 627 αἷμα
221 590 248 618 ἐν
274 592 313 627 τῷ
340 591 450 629 κρατῆρι
477 592 526 622 τῆς
564 588 712 628 ἆποῤῥήτου
741 589 843 627 σοφίας,
871 592 952 616 Τοῦτο

125 639 186 674 γοῦν
209 637 223 663 δ
243 635 335 674 φαγὼν
367 635 412 663 καὶ
438 634 576 673 πασχέσας
590 635 619 662 τὶ
643 633 750 673 Πάσχα,
767 632 853 660 ἔθυσεν
868 631 953 669 ἑαυτῷ

124 681 170 708 τὸν
206 679 304 717 Ἀμνὸν
332 680 378 708 τὸν
400 678 515 718 αἶ’ροητα
535 680 584 712 τὴν
613 678 740 718 ἁμαρτίαν
768 682 814 706 τοῦ
837 677 949 716 κόσμου,

124 725 167 753 καὶ
181 724 229 753 οὒκ
250 724 288 752 ’s’u
303 724 333 753 οὗ
361 724 399 762 μὴ
429 724 558 763 ἀποθάνῃ,
593 721 661 750 ἀλλὰ
688 722 755 750 κατὰ
769 722 818 755 τὴν
833 721 879 750 τοῦ
896 725 950 750 Κυ-

125 769 180 809 ρίου
195 770 297 809 φωνὴν⁷
311 769 419 804 ζήσεται
435 769 471 800 εἷς
485 769 531 796 τὸν
547 769 638 797 αἷῶνα.

163 809 213 844 οϐ’.
246 810 275 843 ι0
306 813 336 842 ἐκ
363 815 460 852 νεκρῶν
497 812 579 852 ἔργων
608 812 733 852 ἐγερθεὶς,
769 814 874 851 Χριστῷ
888 822 950 839 συν-

996 274 1089 304 Deum
1110 273 1308 305 inveniamur.
1335 273 1412 314 quod
1439 280 1485 304 est
1505 274 1658 307 verissima
1672 281 1701 308 et
1715 278 1816 310 divina

997 327 1134 349 mensura
1151 323 1181 349 et
1195 327 1279 349 sacra
1294 317 1355 348 Deo
1370 317 1507 350 oblatio.-

1035 362 1084 394 73.
1104 364 1224 394 Decima
1240 363 1302 394 Deo
1326 362 1423 393 oblata
1449 365 1568 404 proprie
1593 369 1637 395 est
1659 366 1816 406 spirituale

996 409 1113 447 pascha,
1128 407 1156 438 id
1172 413 1228 444 est,
1246 407 1387 438 transitus
1407 408 1504 438 omnis
1529 409 1647 440 habitus
1672 411 1769 442 vitiosi
1786 417 1816 442 et

994 452 1092 483 omnis
1106 461 1211 483 sensus
1226 452 1418 488 irrationalis.
1436 452 1465 483 in
1482 463 1540 493 quo
1555 454 1725 486 immolatur
1739 455 1814 487 Ver-

994 496 1064 527 bum
1075 497 1326 536 contemplatione
1342 505 1452 529 rerum.
1480 499 1647 529 comeditur
1671 506 1768 531 autem
1785 505 1815 532 et

995 542 1090 581 ipsum
1106 541 1135 571 in
1150 551 1225 581 pane
1243 540 1386 577 scientia},
1400 545 1430 572 et
1445 541 1558 573 bibitur
1573 543 1636 583 ejus
1650 546 1770 585 sanguis
1786 546 1816 576 in

995 585 1087 616 calice
1102 585 1209 616 abditae
1225 585 1389 623 sapientize.
1411 586 1510 626 Itaque
1526 589 1696 629 quicunque
1711 599 1814 620 come-

994 629 1035 659 dit
1048 630 1181 661 celebrat
1198 630 1268 660 illud
1288 630 1408 670 pascha,
1420 631 1477 662 sibi
1492 631 1625 663 immolat
1641 643 1747 672 agnum
1764 635 1816 675 qui

995 674 1068 705 tollit
1085 679 1235 714 peccatum
1252 675 1366 709 mundi,
1385 679 1413 705 et
1426 676 1485 714 jam
1504 685 1560 707 non
1577 678 1731 716 morietur,
1748 674 1814 717 sed,

989 719 1073 758 juxta
1087 729 1188 750 vocem
1206 720 1323 751 Domini
1339 720 1378 757 27,
1397 722 1472 750 vivet
1482 721 1512 751 in
1526 727 1681 754 aeternum.

1032 809 1082 839 74.
1099 808 1154 844 Qui
1176 818 1210 839 ex
1230 808 1370 848 operibus
1392 810 1516 840 mortuis
1540 811 1714 848 resurrexit,
1733 821 1814 843 .sur-

123 860 237 893 ανάστη.
267 860 295 887 El
320 857 348 886 δὲ
381 861 485 895 Χριστῷ
514 857 657 890 συδανέστη
686 856 728 884 διὰ
749 859 796 890 τῆς
813 857 947 895 γνώσεως,
991 863 1015 884 rt

1013 853 1067 884 exit
1082 863 1148 884 cum
1165 853 1293 884 Christo.
1310 853 1392 889 Ουυιί
1409 855 1434 884 si
1452 864 1518 884 cum
1534 855 1651 886 Christo
1674 857 1812 898 surrexit,

124 904 236 943 Χριστὸς
251 902 278 931 δὲ
306 904 354 931 οὒκ
383 902 420 930 ἔτι
441 902 619 943 -ᾁποθνήσκει,
648 900 704 929 οὐδὲ
734 901 812 929 αὒτοῦ
839 898 1012 932 θὶνατοςῧίᾷ

1016 899 1128 929 hristus
1143 903 1240 930 autem
1255 900 1316 938 jam
1344 909 1402 929 non
1422 900 1549 931 moritur
1559 900 1600 937 28,
1617 902 1743 941 proinde
1760 912 1815 934 nec

123 939 254 988 ἀγνωσίας
276 948 415 987 κυριεύσει,
496 947 546 986 γὰρ
567 946 679 974 ἀπέθανε
706 944 788 974 πάλαι
810 948 843 983 τῇ
865 946 951 984 ἀμαρ-

122 994 175 1030 τίᾳ,
205 994 392 1032 παρακινηθεὶς
429 994 477 1024 τῆς
519 992 587 1019 κατὰ
615 992 689 1031 φύσιν
724 991 863 1025 κινήσεως,
896 990 950 1018 ὰπ-

122 1037 209 1066 έθανεν
232 1036 333 1077 ἐφάπαξ
357 1047 364 1053 ·
382 1037 396 1065 ὃ
423 1035 450 1064 δὲ
479 1040 522 1064 νῦν
558 1039 602 1075 ζῇ,
632 1037 664 1071 ζῆ
698 1039 737 1072 τῷ
762 1039 819 1072 Θεῷ
845 1034 886 1063 διὰ
901 1036 950 1068 τῆς

121 1081 265 1122 ἐλευθερίας
282 1085 327 1110 τοῦ
357 1082 431 1120 ἁγίου
465 1081 626 1117 Πνεύματος,
650 1085 696 1109 τοῦ
730 1079 877 1118 ἐγείραντος
900 1081 950 1108 αὖ-

119 1128 165 1155 τδν
188 1127 217 1154 ἐκ
243 1129 295 1154 τῶν
318 1129 416 1165 νεκρῶν
445 1125 528 1165 ἔργων
555 1125 603 1158 τῆς
632 1125 760 1163 ἁμαρτίας
777 1132 783 1139 ·
816 1124 884 1152 ὥστε
902 1126 948 1153 οὒκ

122 1171 159 1200 ἔτι
185 1175 218 1210 ζῇ
246 1173 321 1204 αὐτὸς
354 1174 389 1209 τῇ
418 1171 493 1210 σαρκὶ
528 1171 571 1198 καὶ
605 1173 643 1207 τῷ
679 1169 783 1208 κόσμιμ,
814 1169 947 1206 νεκρωθεὶς

120 1223 180 1248 τοῖς
208 1216 300 1254 μέλεσι
334 1215 381 1244 τοῦ
415 1216 540 1252 σώματος
562 1217 650 1250 αὑτοῦ,
682 1214 796 1246 καὶτοῖς
811 1214 947 1253 πράγμασι

120 1265 168 1290 τοῦ
191 1262 258 1299 βίου,
283 1260 351 1289 ἀλλὰ
379 1263 411 1298 ζῇ
426 1260 452 1288 ἐν
474 1262 544 1296 αὐτῷ
572 1260 586 1287 ὁ
609 1260 729 1298 Χριστὸς,
752 1260 788 1290 ὡς
803 1259 853 1286 ὗπὸ
869 1259 947 1298 χάριν
967 1291 977 1298 ⁹

121 1316 242 1346 γεγονοτι
273 1305 424 1343 Πνεύματος
446 1305 531 1343 ἁγίου⁹
562 1305 605 1332 καὶ
641 1303 688 1331 οὒκ
714 1303 768 1330 ὄντι
789 1303 839 1330 ὑπὸ
868 1309 947 1339 νόμον

122 1351 230 1390 σαρκὸς,
266 1349 336 1378 ὅπλα
369 1348 535 1382 δικαιοσύνης
555 1349 588 1377 τὰ
609 1347 678 1386 μέλη
721 1348 799 1377 αἱ»τοῦ
827 1347 947 1381 δηλονότι

121 1395 317 1435 προσαγαγόντι
333 1398 371 1432 τῷ
387 1398 444 1432 Θεῷ
458 1396 501 1423 καὶ
519 1395 610 1433 Πατρί.

163 1433 261 1469 οελῚΟ
289 1440 338 1472 τῆς
373 1437 489 1470 δουλείας
517 1442 569 1466 τῶν
597 1439 686 1466 mro-33v
721 1436 895 1476 ἐλευθερώτας
916 1437 949 1464 τὰ

121 1482 191 1521 μέλη
213 1483 302 1519 αὐτοῦ,
338 1483 382 1511 καὶ
402 1486 437 1521 τῇ
471 1482 573 1519 δουλείᾳ
600 1494 650 1516 της
678 1481 846 1514 δικαιοσὸνης
861 1492 949 1520 παρα-

123 1529 223 1562 στήσας
238 1528 315 1567 αὐτὰ,
345 1528 381 1559 εἰς
400 1528 531 1567 ἁγιασμὺν
555 1528 704 1565 Πνεύματος
735 1527 809 1565 ἁγῗου
830 1526 950 1566 προσήγ-

123 1557 296 1613 γισενρὺπὲρ
308 1557 355 1600 ζτὸν
375 1557 455 1609 νόμον
483 1557 539 1605 ’τῆς
569 1557 665 1612 σαρκὸς
693 1557 822 1611 γεγονώς.
841 1557 889 1600 lini
904 1557 978 1599 ofixc

992 943 1035 973 illi
1052 953 1130 974 mors
1145 944 1319 982 ignorantia:
1331 944 1720 982 ullradominabitur.0uod
1735 947 1813 978 enim

993 994 1125 1019 mortuus
1150 993 1195 1020 est
1224 989 1293 1019 olim
1325 994 1454 1029 peccato.
1486 992 1651 1022 secundum
1679 998 1812 1024 naturam

992 1039 1098 1069 motus,
1118 1038 1249 1063 mortuus
1264 1038 1309 1064 est
1319 1035 1432 1071 semel;
1451 1036 1529 1075 quod
1549 1041 1647 1066 autem
1664 1046 1720 1068 nuc
1746 1038 1815 1068 vivit

991 1078 1061 1108 vivit
1077 1078 1136 1109 Deo
1153 1087 1205 1119 per
1220 1079 1386 1110 libertatem
1399 1078 1525 1119 Spiritus
1534 1083 1638 1120 sancti,
1654 1082 1703 1122 qui
1717 1082 1814 1113 susci-

993 1123 1061 1153 tavit
1082 1123 1164 1153 illum
1186 1133 1220 1154 ex
1245 1124 1370 1154 mortuis
1393 1125 1533 1164 operibus
1563 1133 1688 1165 peccati,
1720 1127 1761 1158 ita
1784 1131 1816 1158 ut

990 1167 1064 1198 vivat
1075 1167 1136 1207 jam
1152 1178 1209 1198 non
1234 1168 1298 1207 ipse
1314 1169 1396 1198 carni
1422 1173 1451 1199 et
1477 1171 1598 1210 mundo,
1615 1175 1717 1211 utpote
1735 1181 1815 1203 mor-

990 1217 1058 1242 tuus
1072 1212 1150 1242 curis
1165 1212 1210 1243 sui
1225 1213 1358 1252 corporis
1380 1219 1408 1244 et
1433 1214 1522 1244 rebus
1545 1215 1621 1250 vitm,
1642 1216 1718 1246 vivat
1743 1226 1814 1248 vero

990 1257 1125 1288 Christus
1147 1257 1177 1287 in
1205 1267 1251 1293 eo,
1280 1258 1389 1298 quippe
1415 1259 1465 1298 qui
1491 1259 1544 1289 sub
1567 1260 1660 1298 gratia
1688 1261 1816 1300 Spiritus

991 1301 1094 1333 sancti.
1127 1311 1184 1332 non
1211 1311 1280 1332 vero
1309 1303 1369 1333 sola
1397 1303 1463 1342 lege
1491 1305 1588 1334 carnis
1616 1305 1814 1343 sonstituitur,

990 1355 1043 1376 sua
1068 1346 1205 1377 videlicet
1229 1347 1363 1378 membra
1391 1356 1474 1378 arma
1499 1349 1622 1387 justitiae
1647 1349 1707 1381 Deo
1737 1350 1816 1382 Patri

991 1390 1129 1422 exhibet.

1032 1436 1078 1466 75.
1098 1435 1153 1471 Qui
1176 1445 1193 1466 ει
1215 1435 1410 1475 cupiditatum
1434 1437 1577 1468 servitute
1599 1448 1653 1469 sua
1682 1439 1816 1471 membra

992 1481 1101 1512 exemit
1114 1490 1207 1520 eaque
1219 1480 1352 1512 servituti
1363 1481 1486 1521 justitias
1510 1483 1649 1522 subjecit,
1674 1484 1709 1514 ad
1726 1493 1815 1516 sanc-

992 1525 1117 1556 tuarium
1143 1524 1269 1566 Spiritus
1293 1526 1387 1556 sancti
1413 1527 1552 1567 accessit,
1570 1528 1634 1566 lege
1650 1528 1747 1559 carnis
1762 1539 1815 1560 su-

993 1570 1090 1610 perior
1105 1570 1209 1601 factus.
1228 1569 1261 1600 Et
1274 1574 1427 1609 peccatum
1443 1571 1486 1602 illi
1502 1571 1580 1602 ultra
1604 1582 1662 1603 non
1678 1573 1817 1605 domina-

123 1616 161 1645 ἔτι
191 1617 306 1656 ἁμαρτία
339 1617 466 1656 κυριεύπει
490 1617 580 1656 αὺτοῦ,
617 1619 650 1654 τῇ
678 1616 807 1654 ἐλευθερίᾳ
841 1616 884 1643 καὶ
912 1618 950 1652 τῷ
992 1614 1015 1645 bl

1013 1615 1083 1651 itur,
1100 1618 1200 1654 utpote
1215 1614 1244 1644 in
1258 1613 1395 1646 libertate
1406 1620 1436 1646 et
1450 1615 1504 1646 sub
1522 1617 1586 1655 lege
1601 1618 1695 1647 sancti
1718 1617 1816 1658 Spiri«

121 1662 196 1699 νόμῳ
221 1661 401 1701 σχολάζοντος
427 1665 473 1690 τοῦ
502 1662 652 1699 Πνεύματος
669 1669 675 1676 ·
693 1663 723 1690 οὗ
749 1661 799 1700 γὰρ
813 1660 903 1700 ὥσπερ
917 1661 950 1688 τὰ
993 1663 1015 1689 it

1013 1668 1038 1689 is
1053 1659 1263 1698 requiescenti.
1287 1660 1348 1690 Nec
1362 1659 1441 1690 enim
1459 1661 1556 1700 qualia
1570 1661 1722 1692 servitutis
1734 1663 1817 1702 cupi-

119 1706 185 1740 τέλη
201 1709 249 1739 τῆς
264 1705 380 1738 δουλείας
408 1709 459 1734 τῶν
483 1708 585 1746 παθῶν,
608 1705 676 1734 οὕτω
704 1707 748 1733 καὶ
769 1706 801 1733 τὰ
822 1704 886 1738 τέλη
902 1704 950 1738 τῆς
991 1703 1015 1733 di

1013 1703 1113 1734 italum
1129 1703 1296 1740 novissima,
1316 1704 1384 1734 talia
1399 1709 1469 1735 sunt
1486 1706 1646 1737 novissima
1667 1707 1817 1738 servitutis

121 1750 238 1782 δουλείας
253 1753 302 1785 τῆς
326 1750 493 1783 δικαιοσύνης
510 1760 516 1767 ·
547 1750 638 1778 ἐκεῖνα
652 1751 701 1787 μὲν
729 1750 778 1789 γὰρ
801 1750 837 1781 εἰς
853 1750 950 1782 νοητὸν
989 1748 1015 1787 jt

1013 1748 1130 1784 istitize;
1161 1748 1308 1788 siquidem
1347 1749 1397 1779 illa
1431 1749 1461 1780 in
1497 1750 1681 1790 spiritualem
1710 1752 1817 1782 anima:

122 1795 227 1835 ὄλεθρον
264 1795 362 1836 πέφυκε
390 1795 483 1834 λήγειν
511 1797 614 1835 ψυχῆς,
638 1798 719 1823 ταῦτα
754 1793 793 1833 δὲ,
823 1794 859 1826 είς
878 1794 950 1829 ζωὴν
987 1793 1015 1832 ja

1013 1796 1134 1822 tcturam
1155 1792 1306 1830 desinunt,
1336 1794 1398 1824 haec
1422 1803 1493 1825 vero
1518 1795 1659 1827 desinunt
1682 1795 1712 1827 in
1729 1797 1816 1827 vitam

123 1840 227 1869 αῑώνιον
255 1840 364 1875 τελευτᾷ
391 1840 440 1874 τὴν
468 1840 652 1879 κεκρυμμένην
680 1839 707 1867 ἐν
736 1841 841 1879 Χριστῷ
864 1839 951 1872 Ἰησοῦ
992 1846 1015 1868 ιε

1013 1841 1132 1868 κει-ηοω
1141 1847 1208 1876 quae
1218 1837 1391 1869 abscondita
1398 1843 1442 1869 est
1457 1839 1487 1869 in
1504 1839 1621 1870 Christo
1631 1840 1702 1871 Jesu
1712 1840 1816 1872 Domi-

123 1888 162 1921 τῷ
177 1884 263 1922 Κυρίῳ
277 1885 365 1922 ἡμῶν.

162 1924 228 1966 ος’.
249 1925 277 1958 10
300 1931 378 1967 νόμος
394 1931 442 1963 τῆς
454 1930 549 1969 σαρκὸς
565 1928 605 1969 ἐφ’
628 1928 690 1958 ὅσον
706 1930 802 1970 χρόνον
817 1932 850 1967 ζῇ
871 1931 886 1957 ὁ
900 1929 950 1957 ἄν·-

121 1976 225 2014 θρωπος
260 1974 404 2014 σαρκικῶς,
435 1975 546 2010 κυριεύει
584 1975 673 2014 αὐτοῦ,
703 1974 747 2002 ἐὰν
776 1973 803 2002 δὲ
832 1974 950 2011 ἀποθάνῃ

121 2020 165 2048 καὶ
195 2020 312 2057 νεκρωθῇ
337 2019 375 2056 τῷ
402 2019 507 2058 κόσμῳ,
535 2026 709 2059 καταργεῖται
738 2019 791 2047 ἀπὸ
805 2023 851 2047 τοῦ
864 2019 953 2056 μόμου

122 2067 203 2098 αὐτῆς
234 2073 241 2080 ·
272 2063 360 2096 ἄλλως
388 2063 414 2091 δὲ
443 2065 605 2104 νεκρωθῆναι
634 2067 672 2101 τῷ
692 2064 786 2101 κόσμῳ
806 2064 853 2092 οὐκ
868 2063 952 2105 ἔστιν,

122 2110 144 2138 εἰ
166 2110 205 2146 μὴ
231 2115 291 2141 τοῖς
321 2108 411 2147 μέλεσι
442 2109 614 2149 νεκρωθῶμεν
650 2112 696 2137 τοῦ
729 2109 866 2146 σώματος.
900 2114 953 2137 Νε-

122 2154 251 2194 κρούμέθκ
274 2153 301 2181 δὲ
336 2154 448 2190 τούτοις,
478 2153 541 2182 ὅταν
570 2153 681 2193 μέτοχοι
716 2157 762 2182 τοῦ
778 2154 853 2192 ἁγίου
875 2153 955 2181 Πνεύ-

123 2210 205 2237 ματος
220 2198 441 2238 χρηματίσωμεν,
481 2199 632 2236 Πνεύματος
661 2197 689 2226 δὲ
717 2199 790 2237 ἁγίου
805 2198 865 2226 τότε
881 2198 942 2226 εἶναι

993 1891 1032 1912 no
1049 1886 1162 1912 nostro.

1032 1928 1083 1957 76.
1106 1927 1164 1958 Lex
1193 1927 1302 1964 carnis,
1329 1931 1436 1968 quanto
1466 1932 1600 1968 tempore
1625 1929 1697 1960 vivit
1725 1931 1814 1962 homo

995 1972 1164 2011 carnaliter,
1179 1972 1349 2003 dominatur
1365 1972 1428 2009 illi;
1444 1972 1470 2003 si
1486 1978 1587 2005 autem
1613 1979 1709 2006 morte
1734 1984 1817 2006 mor-

995 2021 1062 2048 tuus
1087 2017 1174 2047 fuerit
1198 2017 1320 2054 mundo,
1349 2017 1444 2057 legem
1469 2018 1569 2049 carnis
1591 2024 1723 2060 evacuat,
1741 2021 1817 2051 mori

994 2067 1092 2093 autem
1108 2062 1219 2092 mundo
1242 2071 1299 2092 non
1321 2071 1490 2102 possumus,
1512 2064 1582 2103 quin
1600 2065 1708 2095 mortui
1725 2065 1819 2096 simus
1862 2085 1867 2090 ρ

995 2107 1075 2138 curis
1085 2106 1229 2146 corporis;
1247 2106 1293 2137 his
1307 2111 1405 2137 autem
1421 2108 1578 2145 morimur,
1596 2118 1662 2139 cum
1687 2110 1818 2150 Spiritus

996 2151 1091 2182 sancti
1107 2151 1193 2181 ﬁmus
1218 2151 1396 2191 participes;
1414 2156 1442 2182 et
1458 2153 1587 2192 Spiritus
1612 2155 1706 2184 sancti
1722 2154 1816 2195 parti-

996 2197 1078 2237 cipes
1100 2206 1166 2227 esse
1183 2197 1367 2236 agnocimur,
1392 2206 1458 2227 cum
1487 2197 1602 2228 fructus
1618 2199 1723 2238 dignos
1747 2199 1815 2239 Spi—

123 2243 303 2283 γνωρίζόμεθα
328 2243 451 2283 μέτοχοι,
475 2242 538 2271 ὅταν
554 2244 670 2283 καρποὺς
686 2242 770 2276 ἀξίους
794 2242 840 2271 τοῦ
868 2242 1015 2272 Πνεύ-ΒΓΕ

1013 2242 1069 2272 itus
1100 2241 1194 2272 sancti
1221 2241 1417 2281 proferimus,
1443 2251 1553 2283 nempe
1583 2244 1757 2275 charitatem
1787 2245 1818 2275 in

124 2299 207 2326 ματος
234 2287 423 2327 προσφέρωμεν
456 2292 494 2325 τῷ
523 2291 592 2325 Θεῷ,
629 2288 737 2326 ἀγάπην
766 2288 802 2320 εἰς
829 2288 893 2315 Θεὸν
927 2286 953 2319 ἐξ

124 2332 189 2366 ὅλης
206 2333 298 2371 ψυχῆς
313 2333 357 2360 καὶ
378 2333 415 2364 εἰς
429 2333 475 2361 τὸν
500 2332 614 2366 πλησίον
642 2332 672 2360 ἐκ
700 2331 850 2369 διαθέσεως,
868 2333 954 2372 χαρὰν

124 2376 229 2417 καρδίας
269 2376 298 2405 ἐκ
331 2378 445 2417 καθαρᾶς
473 2377 647 2413 συνειδήσεως
673 2377 779 2416 εἰρήνην
808 2379 901 2417 ψυχῆς
928 2377 954 2414 ἐξ

125 2422 262 2458 ἀπαθείας,
298 2422 342 2449 καὶ
368 2422 565 2458 ταπεινώσεως,
610 2422 782 2461 ὰγαθωσύνην
820 2425 873 2450 τῶν
910 2428 957 2452 τοῦ

124 2468 185 2499 νοὸς
200 2465 347 2506 λογισμῶν,
362 2468 541 2506 μακροθυμίαν
557 2466 584 2495 ἐν
606 2474 668 2499 ταῖς
695 2466 797 2505 θλίψεσι
832 2467 876 2494 καὶ
897 2473 956 2496 τοῖς

123 2518 281 2551 πειραμοῒς,
311 2512 485 2551 χρηστότητα
519 2512 547 2540 ἒν
573 2515 608 2550 τῇ
636 2511 788 2550 καταστολῇ
803 2512 855 2540 τῶν
869 2512 953 2550 ἠθῶν,

125 2558 210 2586 πίστιν
240 2555 385 2585 ἐνδιάθετον
414 2557 449 2589 εἷς
479 2558 544 2585 Θεὸν
580 2557 623 2585 καὶ
654 2557 693 2594 μὴ
720 2556 890 2592 διατάξουσιν
925 2555 952 2584 ἕν

125 2613 188 2640 τινι,
203 2601 341 2641 πραότητα
367 2600 397 2629 ἐκ
437 2603 676 2642 ταπεινοφροσύνης
705 2603 750 2630 καὶ
777 2600 950 2638 κατανῦξεως,

125 2647 169 2674 καὶ
196 2647 366 2685 περιεκτικὴν
395 2645 548 2686 ἐγκράτειαν
599 2648 651 2675 τῶν
693 2647 849 2680 αἰσθήσεων.
877 2643 951 2675 ’ὒταν

127 2690 196 2720 οὕτω
221 2692 467 2731 καρποφορήσωμεν
496 2695 534 2729 τῷ
559 2695 627 2729 Θεῷ,
659 2691 708 2724 ἔξω
720 2691 803 2729 νόμου
825 2690 952 2727 τελοῦμει

126 2737 233 2775 σαρκὸς,
268 2737 312 2764 καὶ
347 2736 395 2764 οὒκ
416 2735 470 2764 ἔστι
504 2737 564 2765 καθ’
609 2737 687 2775 ἡμῶν
723 2737 804 2775 νόμος
833 2735 952 2772 κολάζων

126 2781 197 2818 ἡμᾶς
212 2779 254 2808 διὰ
281 2781 341 2813 τοὺς
371 2782 499 2820 καρποὺς,
531 2781 575 2813 03';
606 2781 644 2810 ἔτι
671 2784 766 2818 ζῶντες
864 2782 951 2821 σαρκὶ,

171 2875 195 2899 ¹’¹
211 2877 298 2910 Joan.
315 2886 354 2916 vx.
371 2878 420 2912 52.
464 2878 490 2901 ³³
504 2881 648 2921 RomJI,
667 2880 698 2914 9.

996 2287 1090 2318 Deum
1107 2295 1141 2316 ex
1157 2290 1216 2316 tota
1227 2286 1324 2316 anima
1336 2290 1365 2316 et
1380 2285 1409 2316 in
1421 2287 1588 2326 proximum
1601 2297 1635 2319 ex
1646 2289 1819 2320 sinceritate

996 2330 1105 2371 cordis,
1120 2330 1258 2369 gaudium
1272 2330 1369 2362 cordis
1381 2340 1414 2361 ex
1425 2340 1498 2371 pura
1508 2332 1700 2372 conscientia,
1715 2343 1818 2374 pacem

995 2376 1102 2407 anima;
1116 2386 1150 2406 ex
1168 2375 1405 2416 impossibilitate
1420 2383 1449 2408 et
1461 2377 1639 2416 humilitate,
1655 2378 1817 2409 bonitatem

998 2421 1207 2460 cogitationum
1235 2420 1352 2456 mentis,
1378 2421 1550 2460 patientiam
1569 2422 1599 2452 in
1617 2422 1818 2454 tribulationi-

998 2465 1053 2496 bus
1067 2475 1101 2496 ac
1119 2465 1341 2505 tentationibus,
1358 2465 1570 2506 benignitatem
1586 2467 1616 2498 in
1633 2468 1818 2499 moderatio-

997 2519 1034 2542 ne
1051 2520 1177 2547 morum,
1192 2510 1281 2540 [idem
1296 2510 1326 2540 in
1341 2511 1435 2542 Deum
1449 2510 1595 2542 sinceram
1609 2517 1638 2542 et
1650 2513 1820 2544 nullatenus

995 2555 1202 2592 haesitantem,
1235 2555 1494 2587 mansnetudinem
1533 2566 1567 2588 ex
1598 2557 1762 2590 humilitate
1791 2562 1821 2590 et

995 2600 1236 2641 compunctione,
1254 2604 1284 2630 et
1298 2601 1431 2631 omnium
1447 2610 1568 2633 sensum
1593 2604 1817 2635 continentiam.

994 2645 1068 2676 Cum
1085 2645 1157 2676 tales
1173 2646 1233 2676 Deo
1244 2644 1355 2676 fructus
1370 2646 1534 2684 olferimus,
1547 2647 1793 2679 efﬁcimuralieni
1804 2658 1821 2679 a

994 2690 1059 2729 lege
1073 2691 1182 2728 carnis,
1213 2699 1268 2721 nec
1295 2694 1340 2721 est
1363 2691 1504 2722 adversus
1524 2701 1579 2722 nos
1601 2692 1646 2723 lex
1675 2693 1822 2733 castigans

994 2739 1116 2776 propter
1128 2736 1239 2766 fructus
1254 2745 1329 2776 quos
1344 2735 1441 2767 adhuc
1452 2736 1583 2767 viventes
1602 2737 1631 2768 in
1647 2747 1738 2769 carne
1752 2748 1820 2778 pro-

996 2781 1119 2812 tulimus
1138 2780 1242 2811 mortis
1256 2780 1403 2819 articulo;
1421 2782 1556 2813 evacuati
1580 2783 1660 2813 enim
1687 2793 1788 2814 sumus
1803 2793 1820 2815 a
