1975 3071
93 155 152 187 997

94 223 182 263 ἕτερον
196 224 223 252 ἐν
257 228 355 261 σκοπῷ
383 223 514 256 εὐσεϐείας
543 225 709 264 πράττεται·

97 268 135 305 τῷ
167 268 295 308 ἀνθρώπῳ
338 269 565 307 συνοικοδομεῖται
614 269 650 300 είς
686 269 746 296 ναὸν
774 268 848 307 ἅγιον
876 270 923 296 τοῦ

99 316 176 352 Θεου,
212 315 256 341 καὶ
291 313 436 342 ἐκλείποντι
480 313 686 353 συναπέρχεται,
723 314 767 342 καὶ
798 312 924 350 συμμένει

99 356 215 396 ἄφθαρτα
243 359 279 389 εἰς
301 359 409 390 αἰῶνας,
439 359 475 387 Τὸ
510 357 537 386 δὲ
558 359 608 386 ὑπὸ
636 361 682 386 τοῦ
725 359 805 397 πυρὸς
828 358 927 386 ἐκείνου

100 403 268 442 φθειρόμενον
292 403 379 442 ἔργον,
409 402 489 436 δῆλον
515 410 573 434 τοῖς
595 403 672 431 πᾶσίν
687 403 754 437 ἐστι,
777 401 926 442 φιληδονία,

100 445 243 486 φιλοδοξία,
275 447 439 487 φιλαργυρία,
467 455 558 485 μῖσος,
582 447 685 488 φθόνος,
712 446 811 482 κλοπὴ,
843 446 927 484 μέθη,

100 489 228 531 λοιδορία,
244 493 410 532 κατάκρισις,
438 493 482 520 καὶ
511 492 536 520 ε’ί
565 503 590 520 τι
625 492 723 532 φαῦλον
748 490 790 520 διὰ
805 491 928 528 σώματος

103 536 170 564 κατὰ
198 536 347 576 ἐπιθυμίαν,
370 537 387 570 ἢ
416 538 495 574 θυμὸν
517 537 662 576 ἐνεργεῖται
687 544 693 551 ·
723 540 804 564 ταῦτα
818 536 862 564 καὶ
876 545 928 563 πε-

102 580 183 619 ριόντι
212 583 250 618 τῷ
275 581 404 621 ἀνθρώπῳ
445 583 638 621 συμφθείρεται,
687 580 850 618 ἐκκαιομὲνῳ
878 580 928 607 ὑπὸ

101 628 148 653 τοῦ
176 626 256 664 πυρὸς
290 629 339 659 τῆς
377 626 522 664 ἐπιθδμίας,
563 627 606 654 καὶ
635 625 855 664 ἀποριἔλ-,γνυμένῳ
882 627 928 652 τοῦ

102 670 237 707 σώματος,
262 670 464 710 συναπέρχεται,
501 671 530 699 οὗ
552 671 678 708 συμμένει
699 670 737 709 δὲ,
761 669 829 697 ἀλλᾶ
843 680 928 697 κατα-

102 714 242 754 φθαρέντα,
272 716 316 743 τὸν
365 716 477 754 ἐργάτην
526 716 610 744 αὐτῶν
653 715 733 752 μέσον
776 719 821 743 τοῦ
848 714 927 752 πυρὸς

109 758 251 798 ἐπαφίησιν
266 761 302 791 εἷς
318 761 413 792 αἰῶνας
430 760 530 788 αἰώνων
545 760 659 788 ἀθάνατα
680 759 867 796 κολαζόμενον,

138 798 180 834 π’.
199 799 231 831 Ἠ
248 808 345 843 γνῶσις
374 806 391 838 ἡ
411 810 456 834 τοῦ
482 809 557 839 Θεοῦ,
584 806 614 833 τὸ
643 804 770 843 ἐγνῶσθαι
799 804 849 831 ὑπὸ
866 806 930 831 Θεοῦ

102 849 225 885 σημαίνει
260 850 305 876 τὸν
335 850 370 881 είς
405 850 503 883 ταύτην
531 848 572 877 διὰ
598 849 836 888 ταπεινοφροσύνης
886 843 930 875 καὶ

103 894 258 932 προσευχῆς
300 893 516 933 οἰκοδομηθέντα,
557 895 599 922 καὶ
642 895 672 921 τὸ
700 897 797 932 γνῶσιν
832 891 928 930 ἐψευδῆ

103 935 252 970 πλουτῆσαι
294 939 364 977 παρὰ
392 942 457 966 Θεοῦ
485 941 537 966 τῶν
559 940 694 978 ὗπερφυίῦν
730 940 807 967 arb—.05
823 948 928 976 μυστη-

102 981 175 1020 ρίων¹
193 982 215 1009 εί
245 981 272 1009 δὲ
301 983 427 1022 φυσίωτις
453 984 543 1022 ὁρᾶται
572 984 630 1022 περὶ
659 984 746 1021 ατῖπτὸν,
762 983 808 1011 οὐκ
827 981 928 1019 ᾠκοδο-

104 1026 177 1063 μήθη
194 1024 236 1053 διὰ
256 1027 357 1054 τούτων
383 1027 409 1054 ἐν
435 1028 511 1067 αὐτῇ,
549 1027 620 1064 ἀλλ’,
649 1028 699 1055 ὑπὸ
713 1032 760 1057 τοῦ
782 1027 929 1065 πνεύματος

103 1073 149 1098 τοῦ
177 1070 280 1108 κόσμου
300 1071 392 1099 τούτου
415 1076 460 1100 τοῦ
474 1072 564 1101 ὑλικοῦ
592 1072 694 1111 ἄγεται.
727 1073 776 1100 Δια
798 1077 872 1102 τοῦτο
888 1071 931 1100 καὶ

105 1113 198 1142 εἷόὲναι
213 1126 237 1142 τι
254 1114 328 1143 δοκεῖ
344 1117 358 1143 ὁ
383 1120 511 1152 τοιοῦτος,
545 1115 626 1154 μηδὲν
654 1117 776 1156 ἐγνωκὼς
792 1118 843 1145 τῶν
856 1117 930 1144 θείων

103 1159 268 1198 πραγμάτων
297 1161 385 1192 καθὼς
413 1165 509 1200 γνῶναι
538 1161 590 1191 δεῖ.
629 1157 657 1191 ε0
685 1161 713 1189 δὲ
742 1173 772 1201 γε
806 1164 851 1189 τὸν
867 1162 930 1189 Θεὸν

102 1203 225 1242 ἀγαπῶν,
264 1206 307 1233 καὶ
336 1205 419 1243 μηδὲν
461 1207 608 1245 ἡγούμενος
647 1207 838 1246 προτιμότερον
881 1208 931 1238 τῆς

104 1247 211 1287 ἀγάπης
238 1252 318 1279 αὑτοῦ
333 1273 341 1287 ,
371 1252 414 1279 καὶ
442 1255 489 1280 τοῦ
514 1251 636 1286 πλησίον,
667 1251 767 1283 ἐκεῖνος
797 1251 866 1289 ἐγνω
888 1251 931 1278 καὶ

103 1293 136 1320 τὰ
152 1293 218 1331 βάθη
243 1299 289 1324 τοῦ
317 1299 394 1335 Θεοῦ,
426 1296 470 1323 καὶ
504 1296 537 1323 τὰ
565 1297 695 1334 μυστήρια
722 1295 770 1329 τῆς
786 1296 865 1324 αὒτοῦ
879 1296 930 1333 βα-

103 1338 214 1375 σιλείας,
231 1340 315 1372 καθὼς
330 1341 385 1380 χρὴ
401 1342 510 1379 γνῶναι,
534 1342 578 1368 τὸν
609 1342 659 1369 ὑπὸ
688 1341 756 1370 θείου
777 1341 930 1378 κινούμενον

105 1383 266 1420 Πνεύματος,
297 1385 340 1412 καὶ
377 1384 504 1423 ἔγνωσται
541 1386 592 1414 ὑπὸ
634 1389 680 1413 τοῦ
709 1389 785 1425 Θεοῦ,
817 1384 929 1424 ἐργάτης

105 1425 207 1460 ἀληθὴς
242 1432 289 1457 τοῦ
318 1429 477 1469 Παραὸείσου
504 1432 552 1464 τῆς
593 1429 752 1464 Ἐκκλησίας
780 1431 869 1469 αὐτοῦ,
902 1429 931 1460 ὃς

103 1470 240 1510 ἐργάσεται
266 1472 300 1501 δι’
323 1474 430 1513 ἀγάπης
454 1476 484 1503 τὸ
499 1475 603 1512 θέλημα
637 1479 683 1503 τοῦ
711 1478 786 1511 Θεοῦ,
806 1473 931 1513 ἐπιστρέ-

105 1527 161 1555 φων
186 1516 307 1550 δηλονότι
334 1520 424 1559 ψυχὰς
452 1521 496 1548 καὶ
524 1520 607 1553 ἀξίους
635 1519 733 1559 ἐξάγων
769 1519 794 1553 ἐξ
809 1518 930 1551 ἀναξίων.

105 1549 144 1598 τῷ
171 1549 244 1600 λόγῳ
271 1566 309 1600 τῷ
467 1549 552 1602 αὐτῷ.
580 1549 731 1603 Π-νεύματος
760 1549 845 1603 ἁγίου,
865 1549 960 1603 'ut,c

105 1604 230 1645 φυλάσσεί
257 1608 287 1636 τὸ
323 1607 397 1647 ἔργον
439 1611 519 1639 αὑτοῦ
542 1608 584 1637 διὰ
617 1610 859 1650 ταπεινοφροσύνης
888 1610 931 1638 καὶ

107 1650 271 1684 κατανύξεως
287 1651 394 1683 ἄσυλον.

147 1691 205 1726 παλ
237 1697 335 1729 Πάντες
364 1699 400 1731 εἷς
427 1699 538 1738 Χριστὸν
574 1698 767 1737 ἐϐαπτίσθημεν
803 1699 830 1727 ἐν
859 1699 931 1728 ὕδατι

106 1740 151 1768 καὶ
165 1741 297 1779 Πνεύματι
312 1742 389 1781 ἀγίιμ,
406 1743 450 1770 καὶ
474 1744 570 1774 πάντες
599 1744 630 1771 τό
656 1745 718 1772 αὖτὸ
748 1744 841 1782 βρῶμα
857 1755 933 1774 πνευ-

110 1786 222 1822 ματικὸν
250 1786 397 1826 τρώγομεν,
426 1788 470 1816 καὶ
497 1789 593 1820 πάντες
608 1789 638 1816 τὸ
666 1789 728 1817 αὐτὸ
764 1789 836 1826 πόμα
851 1800 932 1817 πνευ-

193 1830 199 1839 \
259 1830 263 1839 Ι
384 1843 399 1849 —
420 1836 425 1839 ~
481 1831 505 1841 ἣΙ
534 1833 540 1841 ς
732 1833 738 1841 1
751 1844 760 1848 _
806 1832 827 1841 τε
853 1833 860 1845 ν
903 1833 912 1850 ρ

108 1839 221 1866 ματικον
234 1842 343 1868 πμνομεν
361 1854 368 1862 ,
390 1842 464 1860 tam:
479 1842 507 1860 οε
521 1843 585 1860 εισιν
599 1834 612 1861 ὁ
649 1836 772 1872 Χριστος,
802 1832 851 1861 αΛλ
888 1844 935 1861 αλκ

113 1873 140 1902 ἐν
155 1881 214 1906 τοῖς
229 1875 346 1903 πλείοσιν
367 1877 444 1914 ἡμῶν
460 1876 563 1907 εὐδοκεῖ
579 1879 592 1905 ὁ
609 1878 686 1909 Θεὸς,
711 1877 807 1905 Πολλοὶ
819 1878 868 1918 γὰρ
882 1879 934 1905 τῶν

107 1919 210 1947 πιστῶν
237 1921 280 1948 καὶ
312 1920 459 1950 σπουδαίων
493 1921 520 1949 ἐν
547 1921 660 1953 πολλοῖς
682 1922 771 1954 πόνοις
795 1922 934 1957 ἀσκήσεως

107 1964 152 1991 καὶ
180 1965 324 2003 γυμνασίας
365 1969 520 2004 σωματικῆς
562 1968 595 1994 τὰ
636 1967 736 1995 ἑαυτῶν
779 1967 934 1995 ὖπωπίασαν

107 2009 152 2036 καὶ
166 2009 353 2050 κατίσχνωσαν
368 2010 491 2051 σώματα,
521 2009 562 2039 διὰ
590 2010 618 2039 δὲ
653 2013 683 2040 τὸ
699 2011 737 2049 μὴ
754 2011 826 2051 ἔχειν
842 2012 934 2044 αὖτοὺς

107 2053 244 2087 κατάνυξιν
272 2054 298 2082 ἐν
329 2056 551 2095 συντετριμμένης
580 2057 623 2084 καὶ
649 2055 794 2096 φιλαγάθου
821 2057 932 2095 γνώμης

107 2101 151 2128 καὶ
174 2101 336 2139 συμπάθειαν
371 2100 396 2134 ἐξ
425 2102 531 2141 ἀγάπης
560 2103 626 2142 πρὸς
655 2103 715 2133 τοὺς
742 2102 866 2141 πλησίον,
890 2104 933 2131 καὶ

108 2146 227 2183 ἑαυτοὺς,
244 2147 314 2175 κενοὶ
349 2151 395 2176 τοῦ
424 2147 604 2186 πληρώματος
632 2152 679 2177 τοῦ
693 2147 766 2186 ἁγίου
783 2148 932 2186 Πνεύματος

108 2190 327 2231 κατελείφθησαν,
356 2193 400 2220 καὶ
428 2193 529 2231 μακρὰν
569 2193 618 2225 τῆς
652 2196 698 2220 τοῦ
719 2196 785 2222 Θεοῦ
813 2192 933 2232 ἐγένοντο

572 153 840 188 GNOSTICORUM
861 151 1029 186 CAPITUM
1050 152 1243 187 CENTURIA
1265 155 1310 185 III

734 223 749 251 ἃ
777 224 820 251 καὶ
845 225 920 258 ζῶντι

986 230 1033 252 em
1049 226 1078 253 et
1094 221 1203 252 viventi
1228 221 1341 252 homini
1369 221 1591 253 comdilicantur
1604 222 1634 253 in
1654 226 1787 254 sanctum

1727 154 1787 186 998

966 266 1019 297 [lci
1035 267 1189 306 templum,
1203 276 1269 297 cum
1282 275 1377 306 eoque
1394 273 1510 297 mortuo
1525 267 1634 298 abeunt
1646 272 1674 298 et
1686 267 1787 299 incor-

966 315 1051 350 rupta
1068 315 1188 341 manent
1205 319 1258 350 per
1272 311 1390 342 saecula.
1418 313 1546 343 Econtra
1563 316 1735 352 corruptum
1752 313 1787 345 ab

968 355 1019 385 illo
1042 355 1110 394 igne
1130 364 1204 395 opus
1225 359 1304 391 sunt,
1321 359 1352 385 ut
1367 355 1505 386 omnibus
1527 356 1632 396 liquet,
1658 357 1788 394 luxuria,

970 399 1103 435 ambitio,
1120 400 1251 434 avaritia,
1269 400 1381 435 odium,
1400 400 1524 436 invidia,
1542 400 1663 437 furtum,
1688 402 1790 432 ebrie-

972 449 1025 480 tas,
1041 444 1185 479 convicia,
1205 453 1322 484 pravum
1339 444 1496 483 judicium.
1516 450 1545 475 et
1564 445 1706 485 quidquid
1724 446 1791 477 mali

972 493 1119 528 perpetrat
1136 499 1243 529 corpus
1267 489 1509 528 concupiscentia
1529 491 1572 520 vel
1590 491 1632 520 ira
1649 496 1760 522 motum
1780 503 1786 520 :

970 534 1026 564 ista
1042 533 1126 563 simul
1144 543 1211 564 cum
1226 533 1340 564 vivente
1356 534 1487 574 homine,
1504 543 1592 574 quem
1605 535 1703 565 exedit
1718 545 1789 566 con-

970 578 1159 617 cupiscentia
1176 578 1263 617 ignis,
1280 584 1518 618 corrumpuntur,
1538 588 1666 619 eumque
1688 589 1705 611 a
1721 590 1789 611 cor-

971 631 1041 661 pore
1057 620 1190 652 avulsum
1207 622 1396 662 comitantur,
1414 633 1472 653 non
1494 632 1563 653 vero
1589 629 1720 661 manent,
1737 625 1789 656 sed

970 675 1065 706 rup'a:
1089 671 1240 698 auctorem
1268 676 1352 697 suum
1381 668 1409 697 in
1437 668 1534 698 medio
1560 668 1627 708 igne
1642 669 1791 709 reliquunt

970 712 999 740 in
1030 712 1138 742 szecula
1161 713 1337 742 saeculorum
1366 717 1475 743 aeterno
1501 712 1689 752 plectendum
1717 724 1789 755 sup-

970 755 1070 795 plicio.

1010 800 1060 832 80.
1079 800 1208 831 Scientia
1224 802 1274 832 Dei
1287 810 1353 831 eum
1365 802 1415 841 qui
1430 801 1458 832 in
1470 811 1504 832 ea
1513 803 1673 833 aediﬁcatus
1684 808 1728 834 est
1739 813 1792 844 per

971 845 1166 876 humilitatem
1183 851 1211 876 et
1222 846 1398 886 orationem,
1417 846 1527 878 indicat
1543 852 1642 878 notum
1653 858 1718 879 esse
1731 850 1790 880 Deo

971 894 1000 921 et
1011 899 1027 920 a
1042 890 1105 921 Deo
1119 891 1242 921 ditatum
1260 900 1324 921 esse
1342 892 1441 922 notitia
1457 893 1726 932 supernaturalium
1742 893 1790 934 ip-

971 935 1034 966 sius
1051 936 1270 975 mysteriorum;
1287 937 1310 966 si
1328 945 1396 967 vero
1412 937 1550 977 superbia
1572 938 1600 968 in
1631 949 1666 968 eo
1691 939 1791 968 videa-

970 985 1030 1020 tur,
1049 990 1107 1010 non
1125 989 1177 1020 per
1193 980 1256 1011 i;las
1280 981 1383 1012 vitutes
1409 982 1439 1012 in
1462 982 1525 1022 ipsa
1548 983 1711 1013 :ediﬁcatus
1734 986 1790 1019 est,

972 1025 1023 1056 sed
1039 1035 1055 1055 a
1072 1024 1177 1064 spiritu
1195 1025 1296 1055 mundi
1309 1026 1396 1065 hujus
1411 1027 1572 1057 materialis
1587 1027 1694 1066 agitur.
1711 1026 1791 1063 Quo-

972 1070 1051 1101 circa
1067 1070 1238 1109 hujusmodi
1253 1079 1297 1100 νη·
1307 1070 1416 1111 aliquid
1433 1072 1510 1102 scire
1526 1072 1652 1110 videtur,
1670 1076 1699 1102 et
1719 1072 1792 1103 nihil

972 1114 1139 1146 divinarum
1169 1123 1268 1145 rerum
1298 1116 1354 1146 scit
1380 1116 1456 1146 sicut
1485 1116 1562 1147 scire
1589 1121 1717 1157 oportet.
1737 1116 1793 1153 Qui

973 1164 1093 1190 econtra
1109 1159 1202 1190 Deum
1218 1163 1306 1197 amat,
1325 1163 1354 1189 et
1370 1161 1441 1190 nihil
1468 1161 1626 1201 pretiosius
1644 1162 1794 1192 existimat

972 1214 1074 1235 amore
1098 1204 1151 1235 Dei
1175 1209 1203 1234 et
1225 1204 1361 1244 proximi,
1387 1205 1436 1236 ille
1460 1206 1516 1236 scit
1538 1207 1682 1246 prolunda
1697 1206 1750 1237 Dei
1766 1211 1795 1237 et

975 1249 1113 1289 mysteria
1127 1250 1210 1288 regni
1227 1249 1302 1289 ejus,
1318 1249 1395 1280 sicut
1409 1250 1488 1280 scire
1509 1255 1625 1290 oportet
1639 1260 1728 1291 quem
1748 1250 1795 1281 di-

972 1294 1059 1324 vinus
1075 1298 1172 1324 movet
1186 1294 1326 1334 Spiritus,
1343 1301 1371 1324 et
1389 1295 1576 1334 cognoscitur
1598 1305 1614 1325 a
1639 1295 1712 1336 Deo,
1730 1300 1793 1326 tan-

973 1348 1060 1378 quam
1077 1347 1161 1369 verus
1175 1339 1303 1379 paradisi
1326 1339 1466 1370 Ecclesiae
1481 1339 1545 1379 ejus
1561 1340 1726 1379 operarius,
1744 1343 1796 1380 qui

974 1392 1027 1422 per
1040 1383 1212 1414 charitatem
1229 1383 1315 1414 faciet
1330 1383 1510 1414 voluntatem
1534 1383 1599 1421 Dei,
1615 1391 1796 1415 convertens

972 1427 1111 1458 videlicet
1137 1428 1251 1459 animas
1273 1429 1435 1468 dignasque
1460 1438 1495 1459 ex
1518 1428 1649 1468 indignis
1664 1429 1796 1460 elﬁciens

974 1481 1028 1512 per
1042 1473 1164 1503 verbum
1181 1473 1238 1503 sibi
1253 1473 1353 1503 datum
1380 1482 1397 1503 a
1416 1472 1525 1512 Spiritu
1545 1479 1660 1511 sancto,
1677 1478 1707 1505 et
1722 1484 1796 1505 con-

973 1513 1102 1548 servabit
1117 1526 1190 1557 opus
1209 1526 1294 1548 suum
1311 1518 1454 1548 intactum
1481 1527 1535 1558 per
1555 1518 1753 1550 humilitatem
1769 1523 1798 1550 et

973 1562 1246 1602 compunctionem.

1013 1696 1062 1726 8i.
1080 1695 1191 1727 Omnes
1206 1696 1235 1728 in
1250 1696 1365 1728 Christo
1381 1697 1518 1738 baptizati
1532 1698 1673 1729 sumusin
1686 1707 1761 1738 aqua
1769 1703 1799 1729 et

975 1741 1087 1781 Spiritu
1103 1746 1216 1778 sancto,
1233 1751 1337 1773 omnes
1349 1743 1484 1774 eamdem
1500 1753 1596 1774 escam
1613 1743 1796 1783 spiritualem

976 1789 1199 1824 manducamus,
1213 1793 1242 1819 et
1256 1798 1360 1819 omnes
1377 1791 1514 1820 eumdem
1538 1794 1637 1829 potum
1654 1789 1798 1829 spiritua-

976 1832 1035 1863 lem
1051 1832 1181 1863 bibimus
1191 1832 1229 1871 35;
1246 1834 1307 1864 haec
1323 1838 1419 1864 autem
1442 1840 1507 1864 sunt
1524 1833 1727 1874 Ctiristus,sed
1739 1843 1797 1864 non

976 1878 1006 1908 in
1024 1877 1156 1917 pluribus
1173 1882 1303 1908 nostrum
1322 1879 1540 1918 beneplacitum
1558 1884 1602 1909 est
1619 1880 1689 1909 Deo.
1716 1878 1798 1908 Multi

976 1923 1055 1953 enim
1070 1922 1227 1953 credentes
1242 1928 1270 1953 et
1287 1923 1411 1954 studiosi
1426 1924 1526 1953 multis
1539 1933 1676 1954 asceseos
1693 1932 1799 1963 corpo-

976 1967 1106 2007 ralisque
1121 1968 1342 1998 exercitationis
1358 1968 1508 1999 laboribus
1525 1967 1644 2008 propria
1660 1977 1796 1998 macera-

975 2017 1080 2043 verunt
1102 2016 1130 2043 ct
1151 2016 1382 2043 extenuaverunt
1406 2021 1544 2052 corpora,
1570 2013 1639 2053 quia
1654 2021 1722 2042 νυιό
1739 2021 1797 2042 non

976 2056 1085 2088 habent
1109 2058 1367 2096 compunctiouem
1393 2066 1426 2088 ex
1450 2056 1576 2087 contrito
1600 2061 1629 2088 et
1653 2056 1797 2087 benevolo

975 2102 1065 2132 corde
1078 2106 1106 2133 et
1122 2101 1357 2133 misericordiam
1374 2111 1408 2132 ex
1424 2111 1526 2132 amore
1547 2101 1673 2142 proximi
1696 2105 1724 2130 et
1739 2100 1796 2136 sui,

973 2146 1057 2177 vacui
1083 2156 1099 2177 a
1123 2146 1310 2186 plenitudine
1335 2149 1427 2177 sancti
1453 2146 1579 2187 Spiritus
1604 2146 1701 2176 relicti
1716 2149 1796 2183 sunt,

976 2195 1005 2221 et
1020 2191 1147 2231 elongati
1174 2194 1273 2221 sunta
1289 2191 1414 2222 scientia
1439 2191 1503 2229 Dei,
1531 2192 1683 2222 matricem
1711 2189 1799 2221 intel-

108 2234 243 2275 γνώσεως,
274 2236 377 2276 μήτραν
405 2235 519 2268 διανοίας
554 2235 671 2276 ἄκαρπον
720 2237 920 2278 ἐσχηκότες,κα

988 2235 1106 2275 igentiae
1128 2236 1261 2267 sterilem
1285 2236 1439 2275 habentes,
1456 2236 1638 2277 verbumque
1655 2236 1719 2266 sine
1735 2234 1798 2266 sole

109 2279 189 2319 λόγον
205 2280 298 2310 ἔναλον
313 2282 355 2309 καὶ
370 2281 529 2321 ἀφώτιστον.

151 2325 209 2363 πβ.
226 2327 301 2355 Οὖτὸ
330 2326 448 2355 ἀνελθεῖν
475 2327 502 2355 ἐν
523 2330 561 2364 τῷ
590 2327 688 2364 Σιναίῳ
714 2327 779 2363 ἐστὶ,
815 2326 857 2356 διὰ
870 2328 936 2367 πρά-

112 2369 188 2406 ξεως,
204 2370 257 2409 ὄρει
291 2372 323 2399 τὸ
350 2372 509 2410 ζητούμενον
544 2378 603 2404 τοῖς
632 2373 780 2412 Ναζιραίοις
806 2373 877 2412 παρὰ
890 2377 936 2402 τοῦ

110 2415 203 2455 λόγου,
220 2414 277 2444 οὐδὲ
303 2416 333 2444 τὸ
354 2418 540 2456 καθαρισθῆναι
562 2417 612 2455 πρὸ
641 2420 688 2444 τοῦ
701 2416 831 2454 ἀνελθεῖν,
848 2418 890 2446 ταὶ
903 2417 936 2446 τὰ

109 2461 201 2498 ἱμάτια
215 2460 321 2498 πλῦναι,
349 2462 393 2489 καὶ
422 2472 460 2498 μη
495 2460 629 2490 συνελθεῖν
657 2463 770 2502 γυναικὶ,
802 2461 870 2491 ἀλλὰ
892 2463 936 2491 καὶ

129 2504 178 2533 δ”*
192 2512 205 2518 -
269 2505 277 2520 μ
322 2506 328 2514 κ
357 2506 363 2514 η
390 2506 395 2517 ν
513 2511 524 2515 —
596 2509 608 2514 ε-
643 2506 649 2516 ’
691 2504 698 2516 Ο
734 2508 740 2518 a
763 2508 769 2516 η
822 2508 828 2517 ι
907 2508 913 2516 ι

110 2517 126 2534 τ
155 2515 230 2540 ιοειν,
254 2517 283 2534 ο)
305 2516 336 2533 να
350 2508 454 2534 οπισθια
481 2517 527 2535 του
546 2510 622 2543 Θεου,
638 2505 688 2534 αλλ
714 2517 791 2536 αυτον
805 2518 849 2535 τον
870 2511 935 2536 Θεον

111 2551 138 2579 ἐν
160 2553 195 2588 τῇ
208 2549 269 2589 δόξῃ
284 2553 373 2590 αὑτοῦ,
405 2550 559 2580 εὖδοκοῦντα
588 2550 615 2579 ἐν
644 2553 734 2583 αὖτοῒς
750 2552 793 2579 καὶ
806 2553 854 2584 τὰς
869 2552 937 2580 πλά-

111 2606 160 2627 κας
186 2596 287 2627 τούτοις
317 2594 418 2624 διδόντα
444 2598 493 2629 τῆς
523 2595 656 2634 γνώσεως,
682 2596 725 2623 καὶ
740 2595 934 2626 ἀποστέλλοντα

113 2643 204 2670 αὖτοές
220 2641 255 2670 εἷς
270 2639 389 2670 οἰκοδομί

151 2680 209 2725 πγ’.
226 2688 263 2716 Οὔ
278 2687 378 2718 πὰντας
405 2687 466 2719 τοὺς
492 2687 624 2725 ὑπηρετας
653 2687 732 2715 αὐτοῦ
759 2688 802 2714 καὶ
817 2688 936 2724 μαθητὰς

112 2732 127 2760 ὁ
148 2730 228 2770 λὸγοσ
253 2732 288 2763 εἷς
317 2731 366 2766 τὴν
408 2734 460 2760 τῶν
497 2730 684 2770 κεκρυμμένων
723 2731 767 2759 καὶ
808 2735 935 2770 μειζόνων

153 2814 181 2837 ⁸⁸
195 2816 206 2847 l
222 2814 290 2848 Cor.
306 2824 336 2854 ι,
356 2815 375 2846 2
389 2825 474 2858 seqq.

976 2286 1005 2311 et
1021 2281 1098 2312 luce.

1017 2326 1065 2358 8‘2.
1093 2326 1222 2357 Nazaraei
1238 2336 1255 2357 a
1270 2326 1369 2357 Verbo
1397 2329 1545 2367 qmerunt,
1561 2335 1620 2356 non
1636 2326 1799 2359 ascendere

977 2379 1030 2410 per
1046 2371 1156 2411 praxim
1174 2371 1203 2402 in
1220 2376 1350 2402 montem
1368 2371 1460 2408 Sinai,
1487 2380 1542 2401 nec
1556 2375 1624 2401 antu
1642 2380 1798 2403 ascensum

979 2416 1128 2455 puriﬁcari
1152 2421 1180 2447 et
1203 2416 1302 2447 lavare
1316 2421 1412 2447 vestes
1427 2420 1456 2446 et
1470 2415 1506 2446 ab
1521 2424 1614 2446 uxore
1636 2415 1797 2454 abstinere,

981 2461 1033 2490 sed
1051 2461 1137 2491 etiam
1150 2461 1262 2499 videre,
1280 2461 1357 2492 haud
1376 2460 1539 2502 posteriora
1562 2460 1628 2498 Dei,
1652 2464 1681 2491 at
1702 2461 1798 2501 ipsum

980 2505 1073 2536 Deum
1090 2506 1119 2536 in
1136 2506 1232 2547 gloria
1247 2507 1322 2546 ejus,
1340 2505 1574 2546 complacenlem
1591 2504 1621 2535 in
1637 2505 1710 2545 ipsis
1722 2506 1798 2536 (lan-

978 2556 1098 2591 temque
1113 2551 1156 2582 eis
1171 2551 1284 2582 tabulas
1307 2550 1440 2582 scientize
1464 2554 1493 2581 et
1514 2558 1565 2580 eos
1581 2549 1747 2581 mittentem
1762 2550 1800 2582 ad

976 2596 1180 2627 aediﬁcandum
1197 2596 1262 2636 ejus
1277 2596 1430 2636 populum.

1017 2687 1066 2719 83.
1084 2686 1147 2718 Non
1164 2696 1268 2718 omnes
1283 2687 1406 2719 famulos
1414 2686 1635 2728 discipulosque
1643 2695 1712 2717 suos
1722 2684 1799 2716 Ver-

978 2733 1048 2764 bum
1064 2732 1100 2764 ad
1116 2732 1356 2764 absconditorum
1372 2733 1628 2771 excelsiorumque
1641 2730 1800 2771 mysterio~
