1975 3071
167 144 227 177 999

819 144 970 177 ΝΙΟΕΤιΕ
991 142 1203 176 PECTORATI

1781 141 1859 175 1000

167 222 232 244 rum
259 222 379 244 suorum
402 211 613 243 revelationem
644 221 744 243 secum
774 211 908 249 assumit,
938 211 981 241 set

1065 210 1173 249 iacnpiov
1199 211 1276 239 αῦτοῦ
1310 210 1485 248 ἀνακάλυψιν,
1523 210 1580 248 μεθ’
1616 211 1709 239 ἑαυτοῦ
1733 210 1860 249 ἐπιφέρε-

167 258 281 298 aliquos
297 262 407 288 tantum
423 257 531 298 quibus
546 257 613 287 data
629 262 673 288 est
687 257 768 288 auris
778 262 934 297 etapertus
946 260 990 286 est

167 304 271 334 oculus
287 301 407 332 visionis
423 308 451 332 et
468 302 565 340 lingua
581 312 653 332 nova
665 302 848 332 manifestata
859 306 913 333 est.
930 301 989 331 Hos

166 347 262 378 adhuc
283 356 437 377 assumens
457 351 485 377 et
507 356 649 386 separans
671 346 708 377 ab
730 346 808 386 aliis,
825 347 875 386 qui
890 350 919 376 et
932 345 990 386 ipsi

167 391 276 432 pariter
290 395 359 422 sunt
374 391 524 430 discipuli,
544 391 572 421 iu
596 391 776 422 Thabcrium
802 391 987 430 contempla-

166 437 255 468 tionis
265 440 393 466 montem
405 436 549 471 ascendit,
567 440 595 465 et
609 436 834 474 lraustiguralur
845 441 912 466 ante
925 444 985 466 eos:

162 483 224 521 jam
240 491 298 512 non
314 480 434 511 initians
450 490 500 511 eos
516 490 607 519 regno
629 481 784 516 caelorum,
802 481 853 511 sed
870 481 913 511 eis
935 490 985 510 os-

165 526 291 558 tendens
306 525 465 556 divinitatis
491 525 615 563 gloriam
635 530 663 555 et
678 525 882 564 splendorem,
900 524 986 555 vitam

164 579 376 610 sermonesque
392 579 495 600 eorum
514 579 549 600 ex
564 579 617 599 suo
635 570 748 608 fulgure
764 570 878 608 fulgere
893 570 943 599 dat
959 570 987 600 in

167 616 264 646 medio
281 614 420 645 Ecclesiae
434 615 577 650 fidelium,
595 613 786 652 cogitationes
802 624 903 644 eorum
920 624 990 644 cun-

165 661 251 690 vertit
267 660 296 690 in
309 659 468 690 candorem
479 668 512 689 ac
528 659 684 698 puritatem
700 659 774 689 lucis
790 659 986 694 nitidissimaa,

166 709 195 735 et
209 704 349 744 Spiritum
367 713 453 735 suum
469 703 540 743 ἱρείη
564 702 680 739 inserit,
698 710 787 743 atque
803 704 872 733 sinit
887 713 937 734 eos
954 713 987 734 ex

166 759 218 780 ore
234 749 364 788 proferre
380 757 453 778 nova
477 753 505 778 et
526 752 623 778 vetera
639 747 667 777 in
683 749 911 779 aediﬁcationem
927 758 988 779 suae

165 794 317 825 Ecclesia.

205 929 253 960 84.
272 927 354 960 Multi
371 936 440 958 suos
455 937 540 967 agros
556 937 623 958 cum
642 937 746 967 magna
765 928 917 968 diligentia
933 937 986 958 co-

164 973 228 1004 lunt
243 973 273 1003 in
285 973 388 1012 eisque
405 981 510 1012 purum
524 981 626 1002 semen
640 973 766 1012 jaciunt,
783 973 921 1013 vepribus
936 982 984 1003 an-

165 1024 211 1049 tea
225 1018 328 1049 recisis
340 1023 368 1048 et
381 1017 515 1047 sentibus
533 1018 600 1055 igne
613 1017 792 1057 poenitentia:
809 1018 983 1054 combustis;

165 1062 217 1093 sed
229 1062 296 1102 quia
313 1071 369 1092 non
386 1061 459 1101 pluit
476 1062 505 1091 in
523 1061 566 1091 eis
582 1061 716 1092 imbrifer
737 1061 788 1091 Dei
811 1061 937 1101 Spiritus
949 1071 984 1092 ex

159 1107 398 1147 compunclione,
422 1106 494 1136 nihil
520 1106 589 1136 inde
611 1110 734 1141 metunt,
753 1107 984 1146 siqnidemazstu

160 1152 261 1182 siccati
287 1155 368 1187 sunt,
401 1160 455 1181 nec
480 1150 600 1181 sibimet
628 1151 828 1189 produxerunt
857 1151 982 1181 fructum

162 1196 355 1237 multiplicem
372 1195 505 1225 scientia:
523 1195 585 1225 Dei.
603 1194 705 1234 Itaque
719 1195 743 1225 si
761 1205 818 1225 non
838 1195 917 1226 verbi
934 1196 981 1226 di-

161 1242 220 1272 vini
236 1241 358 1281 penuria
375 1239 482 1274 enecti,
499 1241 602 1270 saltem
621 1240 751 1271 scientiae
769 1241 818 1271 Dei
835 1240 939 1280 inopes
954 1245 983 1270 et

162 1285 298 1316 manibus
313 1284 395 1315 vacui
412 1284 574 1324 perierunt,
592 1286 700 1324 quippe
716 1285 766 1324 qui
786 1294 857 1324 paca
873 1290 983 1316 tantum

162 1331 303 1379 alimenta
317 1339 350 1361 ex
368 1330 538 1370 elemosyna
548 1329 606 1359 sibi
623 1329 824 1369 providerant.

200 1465 250 1496 85.
267 1463 441 1503 Quicunque
457 1471 612 1493 sermones
627 1461 714 1493 utiles
740 1472 792 1493 ore
817 1463 930 1503 profert
946 1463 981 1493 ad

162 1508 386 1540 aediﬁcationem
414 1507 550 1547 proximi,
576 1506 613 1537 de
636 1506 713 1537 bono
729 1508 866 1538 thesauro
885 1508 983 1539 cordis

163 1553 274 1592 profert
298 1552 374 1587 illos,
402 1561 468 1582 cum
495 1551 533 1581 sit
556 1551 619 1591 ipse
641 1550 746 1587 bonus,
773 1553 856 1592 juxta
881 1562 980 1583 vocem

160 1597 291 1628 Domini.
317 1595 409 1627 Nemo
429 1601 526 1626 autem
548 1600 643 1635 potest
668 1596 848 1636 loquendum
866 1597 902 1627 de
923 1599 982 1629 Deo

161 1641 274 1672 moveri
299 1651 333 1672 ac
357 1641 458 1671 dicere
481 1650 546 1680 quae
569 1645 636 1670 sunt
662 1640 726 1677 Dei,
745 1641 802 1671 nisi
825 1641 853 1672 in
871 1641 982 1682 Spiritu

160 1691 286 1724 sancto;
312 1691 341 1717 et
365 1695 453 1716 nemo
484 1686 512 1715 in
538 1685 647 1725 Spiritu
676 1686 728 1716 Dei
752 1685 888 1726 loquens,
913 1687 985 1717 dicit

161 1731 309 1762 contraria
325 1730 392 1761 fidei
409 1739 475 1770 qum
491 1734 533 1760 est
551 1730 579 1760 in
597 1730 759 1770 Christum,
776 1732 826 1761 sed
842 1736 982 1771 quantum

160 1776 297 1813 zedilicat,
315 1780 427 1806 tantum
445 1775 538 1805 elevat
550 1774 585 1804 ad
597 1774 688 1804 Deum
704 1775 828 1815 ejusque
844 1785 978 1815 regnum,

160 1821 190 1851 in
209 1821 422 1861 pristinamque
438 1819 564 1850 restituit
582 1819 764 1850 nobilitatem
778 1829 812 1850 ac
828 1820 887 1851 Deo
907 1830 980 1851 con-

156 1865 256 1906 jungit
271 1865 385 1904 aliquos
402 1873 503 1895 eorum
520 1865 568 1904 qui
586 1864 747 1894 salvantur.
761 1865 791 1896 Si
806 1870 904 1895 autem
922 1875 981 1896 ma-

160 1910 307 1940 nifestatio
323 1909 450 1950 Spiritus
467 1908 626 1948 unicuique
642 1909 729 1939 datur
749 1910 784 1939 ad
811 1910 979 1950 utilitatem,

161 1954 212 1995 qui
227 1964 297 1994 ergo
324 1963 462 1985 sermone
489 1953 643 1993 sapientia
671 1953 724 1984 Dei
750 1954 857 1986 ditatus
873 1960 902 1985 et
917 1964 980 1985 ser-

159 1999 292 2030 scientiae
303 1999 423 2038 gaudet,
441 1998 491 2028 ille
510 1998 565 2028 sub
589 1998 678 2028 divini
697 1998 824 2038 Spiritus
842 1999 981 2031 instinctu

159 2045 227 2084 agit.
254 2049 282 2074 et
299 2043 443 2084 templum
470 2048 514 2074 est
541 2042 725 2074 infinitor'im
749 2043 804 2074 Dei
826 2044 981 2075 thesauro-

158 2097 238 2119 rum.

200 2133 250 2164 86.
268 2132 332 2164 Non
349 2132 529 2173 relinquitur
542 2133 643 2172 gratia;
658 2133 784 2173 Spiritus
798 2133 894 2173 inops,
912 2133 981 2173 qui—

160 2187 276 2218 cunque
293 2178 323 2208 in
346 2177 465 2208 Christo
495 2177 656 2218 baptizatus
680 2182 723 2208 est
748 2183 777 2210 et
803 2178 939 2215 credidit,
957 2178 981 2209 si

159 2223 292 2253 nondum
305 2231 337 2252 se
348 2222 493 2262 captivum
508 2222 629 2253 tradidit
643 2223 679 2254 ad
695 2232 814 2253 omnem
831 2223 981 2263 operatio-

161 2276 228 2297 nem
245 2266 367 2304 maligni
379 2266 500 2306 spiritus
516 2276 570 2297 nec
586 2267 674 2297 fidem
691 2277 773 2298 suam
788 2267 981 2308 malisiuqui-

159 2311 239 2341 navit
254 2311 405 2349 cperibus.
423 2311 481 2342 Aut
495 2311 520 2342 si
535 2311 634 2351 tepide
649 2321 682 2342 ac
696 2312 879 2351 negligenter
894 2312 980 2350 vivat,

160 2356 320 2387 dummodo
335 2355 412 2396 apud
429 2356 510 2386 illum
527 2358 577 2396 qui
593 2356 787 2388 inexstinclas
803 2357 982 2388 conservavit

160 2401 288 2442 Spiritus
302 2400 395 2432 sancti
424 2401 570 2441 primitias
586 2401 616 2431 in
637 2411 720 2432 sacro
738 2402 913 2442 baptismate
928 2411 981 2433 ac—

160 2451 270 2486 ceptas,
288 2446 378 2476 ﬁdem
406 2446 580 2477 exstinctam
599 2447 776 2477 reaccendat
791 2456 825 2477 ex
842 2447 981 2484 operibus

155 2491 290 2531 justitiae,
309 2490 495 2530 impossibile
510 2495 553 2521 est
570 2501 636 2522 eum
654 2492 740 2531 hujus
764 2492 980 2532 plenitudinem

160 2546 219 2566 non
235 2544 424 2575 recuperare.
443 2534 496 2566 Vel
515 2535 593 2566 enim
612 2536 720 2566 bonum
745 2541 897 2567 certamen
913 2545 982 2567 cer-

159 2586 236 2621 tans,
261 2590 414 2611 semonem
440 2580 593 2620 sapientis:
609 2580 662 2612 Dei
688 2585 819 2611 meretur
845 2581 983 2620 accipere

160 2635 214 2667 per
226 2626 441 2665 plenitudinem
453 2625 592 2665 Spiritus,
601 2625 636 2656 ad
648 2626 872 2657 instructionem
883 2626 983 2657 Eccle-

158 2671 232 2709 sim;
259 2671 304 2702 vel
334 2680 504 2701 sermonem
533 2671 665 2702 scientiae
695 2671 900 2711 mysteriorum
929 2670 982 2701 Dei

158 2716 323 2747 secundum
339 2715 478 2746 eumdem
489 2714 642 2755 Spiritum,
656 2715 692 2746 ad
704 2715 860 2746 sciendum
874 2719 980 2756 myste-

158 2762 202 2793 ria
218 2761 302 2800 regni
315 2761 469 2797 caelorum;
483 2761 527 2791 vel
545 2761 692 2792 sinceram
716 2761 804 2791 fidem
826 2761 856 2792 in
873 2761 979 2791 eodem

160 2806 283 2847 Spiritu,
310 2805 345 2836 ad
371 2805 554 2836 credendum
590 2805 837 2846 promissionibus
866 2805 920 2836 Dei
943 2806 980 2836 ad

1030 265 1072 281 ται
1088 254 1155 282 ἀλλὰ
1183 265 1264 290 τινας,
1295 255 1366 288 ὅσοις
1394 256 1540 294 προσετέθη
1577 255 1632 293 οὖς,
1668 257 1712 284 καὶ
1732 255 1859 294 ἀνεῴχθη

1030 298 1164 338 ὀφθαλμῖας
1208 301 1334 332 ὀπτασίας
1384 301 1428 328 καὶ
1455 299 1563 338 γλῶσσα
1593 301 1672 335 καινὴ
1699 300 1834 340 ἐτρανώθη
1849 308 1857 317 ⁸

1029 347 1135 376 euroo:
1164 343 1201 372 ἔτι
1242 343 1465 384 παραλαμϐάνων1
1509 346 1552 373 καὶ
1601 346 1776 385 ἆποχωρίζων
1804 345 1859 373 ἀπὸ

1029 391 1081 415 τῶν
1104 387 1201 423 ἄλλων,
1219 390 1262 417 καὶ
1277 391 1364 418 αὖτῶν
1401 390 1527 420 ὡσαύτως
1557 391 1682 427 μαθητῶν
1705 390 1799 426 ὄντων,
1815 388 1860 417 ἐπὶ

1028 433 1058 460 τὸ
1074 431 1208 472 Θαϐώριον
1225 436 1274 467 τῆς
1309 433 1417 473 θεωρίας
1447 434 1587 474 ἀνέρχεται
1623 434 1694 474 ὄρος,
1711 436 1755 463 καὶ
1771 445 1859 471 μετα-

1029 481 1172 516 μορφςύται
1201 477 1345 517 ἔμπροσθεν
1370 480 1457 507 αὐτῶν
1487 489 1493 496 ·
1534 481 1581 508 οὒκ
1609 478 1646 506 ἔτι
1675 482 1860 517 μυσταγωγῶν

1028 522 1120 553 αὐτοὺς
1132 522 1164 550 τὰ
1175 523 1223 555 τῆς
1250 522 1384 560 βασιλείας
1406 523 1457 551 τῶν
1494 525 1622 562 οὖρατῶν,
1651 522 1720 551 ἀλλά
1733 522 1861 551 δεικνύων

1030 566 1120 597 αὖτοτς
1137 567 1185 600 τὴν
1200 567 1247 601 τῆς
1273 568 1397 600 θεότητος
1441 567 1516 600 δόξαν
1538 579 1566 595 τε
1599 569 1642 596 καὶ
1670 568 1860 607 λαμπρότητα,

1030 611 1072 638 καὶ
1094 612 1138 639 τὸν
1176 612 1223 649 μὲν
1244 615 1402 652 χαρακτῆρα
1428 616 1474 640 τοῦ
1507 613 1564 650 βίου
1598 613 1641 640 καὶ
1663 612 1743 651 λόγου
1758 613 1856 649 αὖτῶν,

1029 656 1142 694 λάμπειν
1160 657 1185 690 ἐξ
1216 658 1294 686 αὐτοῦ
1324 657 1437 695 δίδωσιν,
1468 659 1504 690 ὡς
1535 659 1578 686 τὸν
1607 658 1694 694 ἣλιον,
1712 658 1792 696 μέσον
1807 660 1859 691 τῆς

1028 704 1193 731 τῶνπιστῶν
1217 702 1386 736 Ἐκκλησίας·
1409 705 1442 731 τά
1473 702 1499 731 δέ
1526 704 1647 741 νοήματα
1669 705 1754 732 ἀυτῶν
1769 713 1857 741 μετα-

1029 753 1108 774 ποτεῖ
1135 748 1171 778 εἰς
1200 747 1358 784 λευκότητα,
1388 749 1431 775 καὶ
1459 749 1626 787 καθαρότητα
1655 749 1742 788 φωτὸς
1771 749 1857 787 ὑπερ-

1029 789 1161 831 λάμπρου,
1183 793 1226 820 καὶ
1261 793 1306 820 τὸν
1333 792 1391 820 νοῦν
1418 793 1510 822 ἑαυτοῦ
1536 793 1630 824 αὐτοῖς
1656 792 1796 826 ἐντίθησιν,
1813 793 1858 820 καὶ

1028 834 1145 874 ἐκφέρειν
1160 836 1268 864 ἀπολύει
1298 835 1339 864 8ιά
1367 837 1498 874 στόματος
1529 837 1606 867 καινά
1635 847 1662 864 τε
1683 838 1727 865 καὶ
1742 836 1857 876 παλαιὰ,

999 892 1020 916 ο
1030 880 1065 912 εἷς
1080 879 1222 918 οἰκοδομὴν
1237 884 1285 914 τῆς
1297 884 1343 909 τοὺ
1359 881 1531 914 ἘκκΛηο-ίας.

1069 924 1111 952 πδ’
1128 925 1281 957 [Ιολλοὶτὶις
1308 926 1406 953 ἑαυτῶν
1436 926 1527 965 χώρας
1564 925 1589 954 ἐν
1618 925 1755 963 ἐπιμελείᾳ
1768 924 1860 962 πολλῇ

1027 970 1206 1010 ἐγεώργησαν,
1237 971 1280 998 καὶ
1317 971 1421 1009 σπέριαα
1461 971 1574 1009 καθαρὸν
1613 970 1638 999 ἐν
1667 972 1761 1002 αὐταῖς
1789 981 1859 998 κατ-

1027 1014 1152 1043 εϐαλοντο
1182 1016 1228 1047 τὰς
1258 1015 1370 1047 ἀκάνθας
1398 1016 1637 1054 προυποτεμόντες,
1667 1015 1711 1043 καὶ
1739 1016 1787 1046 τὰς
1802 1026 1858 1053 τρι‹

1027 1058 1118 1091 ϐόλους
1147 1061 1186 1097 τῷ
1213 1061 1273 1099 πυρὶ
1301 1063 1350 1093 τῆς
1380 1060 1519 1097 μετανοίας
1559 1059 1754 1099 ἐμπρήσαντες,
1786 1058 1856 1086 ἀλλά

1025 1103 1066 1133 διὰ
1082 1106 1111 1132 τὸ
1127 1105 1164 1141 μὴ
1182 1104 1270 1143 βρέξαι
1294 1105 1321 1132 ἐν
1350 1106 1442 1135 αὗταῖς
1471 1106 1516 1132 τὸν
1546 1105 1611 1132 Θεὸν
1637 1105 1711 1132 ὑετὸν
1729 1103 1855 1140 [Ινεύμαο

1024 1160 1067 1180 τος
1085 1149 1158 1186 ἀγίου
1188 1149 1217 1175 EA
1248 1149 1424 1184 κατανύξεως,
1462 1147 1534 1178 οῦδὲν
1562 1148 1662 1177 ἐκεῖθεν
1687 1150 1827 1185 ἡμήσαντο
1846 1161 1853 1168 ·

1024 1197 1062 1230 τῷ
1090 1195 1188 1233 αῦχμῷ
1214 1195 1263 1232 γαρ
1301 1192 1492 1233 ἐξηρένθτισαν,
1532 1194 1576 1221 καὶ
1604 1194 1648 1221 τὸν
1678 1194 1778 1232 στάχυν
1809 1195 1856 1221 τον

1025 1239 1158 1278 πολύχουν
1182 1241 1229 1267 οὐκ
1255 1238 1477 1278 ἀκαρποφόρησαν
1513 1237 1629 1272 ἑαυτοῖς,
1660 1241 1708 1271 τῆς
1728 1241 1773 1266 νου
1789 1241 1857 1265 Θεοῦ

1025 1283 1159 1322 γνώσεως,
1178 1284 1224 1310 Διὸ
1236 1284 1258 1310 εἰ
1273 1284 1316 1311 καὶ
1331 1283 1369 1320 μὴ
1384 1282 1456 1320 λιμῷ
1470 1282 1550 1322 λόγου
1567 1286 1644 1318 Θεοῦ,
1661 1281 1728 1310 ἀλλά
1741 1282 1856 1315 πένητες

1025 1328 1146 1367 γνώσεως
1171 1331 1248 1367 Θεοῦ,
1277 1329 1321 1356 καὶ
1352 1328 1422 1355 κενοὶ
1449 1335 1510 1358 ταῖς
1559 1329 1650 1368 χερσὶν
1677 1326 1854 1366 ἐναπὲψυξαν,

1025 1372 1122 1411 ὀλίγοις
1148 1373 1212 1400 τισὶν
1236 1373 1272 1404 εἰς
1300 1371 1440 1412 διατροφὴν
1484 1371 1510 1404 ἐξ
1551 1372 1642 1411 ἐράνου
1671 1370 1855 1411 ἐφοδιάσαντες

1024 1418 1069 1444 ὲαυ
1078 1418 1143 1448 ;οὶς.

1064 1456 1118 1492 πε’,
1143 1465 1197 1493 Ηᾶς
1213 1463 1227 1489 ὁ
1251 1461 1366 1501 ἐκφέρων
1394 1461 1489 1500 λόγους
1514 1460 1641 1501 ὡφελείας
1657 1460 1709 1488 ἀπὸ
1723 1463 1769 1488 τοῦ
1786 1461 1852 1489 στό-

1026 1517 1120 1544 ματος,
1137 1507 1173 1537 εἷς
1201 1505 1342 1542 οἷκοδυμὴν
1371 1509 1416 1533 τοῦ
1444 1505 1568 1545 πλήσίον,
1595 1506 1624 1533 ἐκ
1639 1507 1768 1544 θεσαυρῶν
1784 1516 1854 1544 καρ-

1024 1550 1078 1583 δίας
1103 1551 1206 1590 ἀγαθῶν
1234 1551 1334 1590 ἐκφέρει
1363 1551 1468 1588 αὐτοὺς,
1505 1551 1601 1589 ἀγαθὸς
1632 1551 1680 1586 ὢν,
1708 1551 1776 1578 κατά
1804 1551 1855 1584 τὴν

1024 1599 1069 1623 τοῦ
1098 1596 1190 1634 Κυρίου
1226 1596 1327 1635 φωνήν,
1358 1595 1431 1624 Οὐδεὶ
1458 1595 1486 1623 δὲ
1517 1595 1623 1623 δύναται
1653 1596 1689 1627 είς
1717 1594 1855 1633 θεολογίαν

1024 1641 1175 1676 κινηθῆναι,
1194 1641 1237 1668 καὶ
1256 1641 1341 1667 εἰπεῖν
1366 1640 1398 1667 τὰ
1427 1641 1485 1679 περὶ
1517 1644 1594 1677 Θεοῦ,
1623 1641 1645 1667 εἶ
1675 1641 1713 1676 μὴ
1729 1638 1756 1667 ἐν
1769 1639 1854 1667 Πνεύ-

1025 1696 1088 1722 ματι
1104 1685 1170 1722 ἁγίῳ
1188 1693 1194 1699 ·
1211 1686 1255 1712 καὶ
1270 1684 1351 1715 οὐδεὶς
1377 1684 1403 1712 ὲν
1430 1685 1561 1722 Πνεῦματι
1595 1688 1671 1724 Θεοῦ,
1689 1683 1789 1722 λαλῶν,
1804 1682 1854 1711 λέ-

1025 1741 1065 1768 γει
1081 1729 1113 1757 τὰ
1149 1729 1252 1757 ἐναντία
1280 1729 1327 1763 τῆς
1357 1730 1392 1760 εἷς
1423 1731 1534 1768 Χριστὸν
1562 1730 1688 1765 πίστεως,
1719 1727 1778 1756 ἀλλ’
1805 1727 1856 1756 ὅσα

1023 1773 1169 1812 οἰκοδομεῖ,
1186 1773 1233 1802 ὅσα
1248 1775 1313 1814 πρὸς
1349 1775 1414 1802 Θεὸν
1448 1775 1551 1814 ἀνάγει,
1577 1774 1621 1802 καὶ
1653 1774 1702 1806 τὴν
1718 1772 1854 1811 βασιλείαν

1023 1818 1113 1854 αὐτοῦ,
1145 1820 1188 1846 καὶ
1223 1819 1270 1852 τὴν
1305 1818 1421 1847 παλαιὰν
1453 1819 1584 1857 εὐγένειαν
1619 1818 1794 1854 ἀποκαθιστᾷ,
1810 1822 1856 1849 καὶ

1024 1864 1147 1891 συνάπτει
1178 1867 1235 1900 Θεῷ
1261 1866 1313 1891 τῶν
1350 1863 1507 1901 σωζομένων
1542 1864 1629 1894 τινὰς.
1660 1864 1690 1891 Et
1718 1863 1745 1890 δὲ
1776 1863 1855 1896 καὶὴ

1024 1908 1169 1948 φανέρωσις
1197 1913 1244 1938 τοῦ
1292 1908 1443 1945 Πνεύματος
1472 1909 1574 1945 ἑκάστῳ
1610 1907 1694 1936 ὃίοται
1743 1909 1808 1947 πρὸς
1823 1908 1856 1935 τὸ

1024 1954 1165 1993 συμφέρον,
1182 1953 1231 1992 ἄρα
1253 1955 1267 1981 ὁ
1293 1954 1342 1981 τὸν
1371 1952 1451 1992 λόγον
1481 1953 1676 1986 πεπλουτηκὼς
1697 1955 1746 1986 τῆς
1761 1953 1855 1993 σοφίας

1023 2002 1098 2035 Θεοῦ,
1117 1999 1159 2026 ναὶ
1173 2002 1219 2026 τοῦ
1251 1998 1331 2037 λόγου
1374 2001 1424 2031 τῆς
1455 1998 1578 2037 γνώσεως
1614 1998 1855 2037 εὒμοιρῆσας,ῦπὸ

1022 2048 1068 2072 τοῦ
1081 2043 1149 2072 θείου
1180 2047 1332 2081 Πνεῦματος
1361 2042 1518 2082 ἐνεργεῖται,
1543 2043 1586 2071 καὶ
1615 2043 1692 2074 οἶκος
1723 2042 1779 2070 ἐστι
1801 2046 1856 2069 τῶν

1024 2088 1311 2132 ἀκενώτπκςιθησαυρῶν
1327 2091 1373 2116 τοῦ
1389 2092 1467 2118 Θεοῦ.
1550 2088 1555 2092 ’

1064 2128 1135 2170 πζ’.
1159 2124 1282 2172 1’Λμοιρος
1298 2135 1327 2162 οὔ
1342 2132 1570 2170 καταλιμπανεται
1599 2135 1648 2165 τῆς
1670 2136 1717 2160 τοῦ
1734 2135 1856 2169 Πνευμα-

994 2189 1068 2222 Βτος
1096 2178 1219 2217 χάριτος,
1251 2181 1302 2210 πᾶς
1325 2179 1338 2206 ὁ
1375 2179 1410 2209 εἷς
1438 2178 1549 2217 Χριστὸν
1579 2177 1730 2222 βαπτισθεὶς
1745 2177 1788 2222 καὶ
1805 2187 1855 2204 πι-

1023 2223 1144 2262 στεύσας,
1163 2224 1184 2250 εἶ
1200 2223 1291 2260 μὴπου
1337 2221 1440 2250 ἔκδοτον
1460 2223 1549 2250 ἐαυτέν
1569 2222 1604 2254 εἷς
1619 2225 1706 2250 πᾶσαν
1721 2221 1856 2260 ἐνέργειαν

1021 2267 1068 2296 τοῦ
1088 2267 1205 2296 ἐναντίου
1233 2266 1327 2296 δέδωκε
1357 2268 1520 2307 πνεύματος,
1550 2268 1592 2294 καὶ
1616 2267 1666 2300 τὴν
1690 2267 1778 2294 πίστιν
1793 2271 1855 2297 τοϊς

1023 2311 1108 2352 ἔργοις
1137 2312 1281 2341 ἐπολυνεν·
1318 2312 1337 2345 ἥ
1366 2313 1476 2352 ῥαθυμίᾳ
1501 2313 1544 2340 καὶ
1571 2311 1683 2349 ἀμελείᾳ
1711 2314 1789 2349 συζῇ,
1812 2311 1858 2342 ἐπὶ

1023 2359 1068 2385 τον
1092 2357 1141 2391 τὴν
1170 2357 1297 2398 ἀπαρχὴν
1325 2361 1372 2386 τοῦ
1397 2357 1472 2396 ἅγίου
1507 2354 1659 2394 Πνεῦματος
1687 2356 1857 2395 τετηρηκότα

1022 2401 1157 2440 ἄσϐεστον,
1187 2403 1219 2435 ἣν
1250 2403 1279 2430 ἐκ
1318 2406 1363 2430 τοῦ
1405 2402 1479 2441 ἁγίου
1521 2401 1703 2440 βαπτίσματος
1733 2399 1827 2428 ἔλαϐεν
1847 2410 1854 2417 ·

1022 2448 1179 2485 σβεσθεῖσαν
1204 2447 1340 2485 ἀνάψαντα
1369 2447 1395 2474 ἐν
1417 2446 1501 2486 ἔργων
1522 2445 1708 2482 δικαιοσύνης,
1734 2446 1781 2474 οὺκ
1803 2456 1860 2473 εστι

1023 2493 1061 2529 μὴ
1097 2493 1157 2532 οὖχὶ
1192 2493 1236 2520 καὶ
1262 2493 1293 2519 τὸ
1321 2491 1456 2531 πλήρωμα
1484 2493 1564 2524 αὖτης
1593 2494 1686 2518 τοῦτον
1701 2490 1799 2518 ἀνωθεν
1815 2489 1857 2517 δέ-

1023 2537 1113 2569 ξασθαι
1130 2545 1137 2551 '
1165 2537 1182 2570 ἦ
1215 2537 1264 2576 γὰρ
1290 2535 1378 2570 καλῶς
1413 2536 1613 2575 ἀγωνισάμενος
1640 2539 1686 2564 τοῦ
1707 2534 1788 2573 λόγου
1804 2537 1856 2568 τῆς

1024 2583 1114 2622 σοφίας
1130 2585 1206 2618 Θεοῦ,
1223 2581 1265 2609 διὰ
1295 2587 1340 2610 τοῦ
1361 2580 1542 2620 πληρώματος
1569 2579 1683 2612 ἀξιοῦται
1699 2583 1745 2607 τοῦ
1768 2580 1854 2607 Πνεῦ-

1024 2638 1106 2664 ματος
1136 2627 1171 2658 εἷς
1193 2625 1361 2654 διδασκαλίαν
1374 2626 1423 2659 τῆς
1453 2624 1617 2658 Ἐκκλησίας
1643 2635 1650 2642 ·
1678 2625 1695 2658 ἢ
1718 2623 1857 2663 τοῦλόγου

1022 2674 1071 2705 τῆς
1106 2672 1229 2711 γνώσεως
1258 2673 1309 2699 τῶν
1346 2671 1496 2710 μυστηρίων
1520 2674 1595 2706 Θεοῦ,
1625 2671 1692 2698 κατά
1727 2670 1758 2697 =3
1788 2670 1854 2697 αὐτὶ

1024 2720 1129 2755 Πνεῦμα
1161 2717 1196 2748 εἰς
1225 2717 1256 2744 τὸ
1293 2714 1386 2744 εἰδέναι
1422 2716 1454 2743 τὰ
1483 2715 1614 2754 μυστήρια
1642 2717 1691 2747 τῆς
1718 2713 1856 2752 βασιλείας

1022 2765 1074 2790 τῶν
1089 2761 1204 2801 οὖρανῶν
1222 2771 1229 2777 ·
1300 2763 1349 2794 τῆς
1378 2759 1524 2788 ἐνδιαθέτου
1556 2761 1669 2791 πίστεως
1685 2759 1712 2786 ἐν
1727 2760 1766 2796 τῷ
1781 2760 1855 2794 αὒτῲ

1023 2807 1165 2844 Πνεύματι,
1204 2806 1239 2837 εἰς
1276 2806 1305 2833 τὸ
1336 2805 1466 2832 πιστεύειν
1512 2805 1558 2835 τὰς
1600 2802 1760 2842 ἐπαγγελίας
1789 2806 1857 2831 θοοῦ
