1975 3071
81 193 154 225 1001

82 261 148 289 κατᾶ
171 262 215 290 τὸν
232 260 352 301 ’Λϐραεὶμ
386 270 393 277 ⁸

82 305 157 343 ἐντῷ
171 308 241 343 αὐτῷ
274 307 415 347 Πνεύματι,
445 309 480 340 εἷς
509 309 539 336 τὸ
567 310 652 336 ἰᾶσθαι
687 309 734 339 τὰς
759 308 848 338 νόσους
864 315 872 322 ⁸
888 305 905 338 ἢ

82 351 129 384 τῆε,
162 351 291 390 ἐνεργείας
321 355 372 379 τῶν
397 351 541 392 δυνάμεων,
570 354 604 385 είς
637 354 666 380 τὸ
701 352 837 389 δαίμονας,
853 350 904 378 ἀπ-

82 393 198 422 ελαυνειν
214 395 257 422 καὶ
279 402 380 433 σημεῖα
393 403 479 424 ποιεῖν
498 406 504 413 ·
522 397 539 430 ἢ
567 400 615 430 τῆς
636 397 806 436 προφητείας,
825 396 861 425 εἰς
877 395 906 422 τὸ

82 442 196 477 προορᾴν
222 440 265 467 καὶ
286 439 424 480 προλέγειν
459 442 490 468 τὰ
519 441 650 478 μέλλοντα
667 451 674 458 °
702 441 719 474 ἢ
741 443 789 474 τῆς
805 439 905 478 διακρί-

83 494 150 515 σεως
175 487 226 511 τῶν
246 485 413 524 πνευμάτων,
437 486 472 517 εἰς
496 486 524 513 τὸ
547 485 684 525 διακρίνειν
711 486 749 517 τίς
779 485 805 513 ὲν
823 483 906 512 Πνεύ-

83 538 146 564 ματι
164 532 228 557 Θεοῦ
242 528 327 567 λέγει,
342 530 384 557 καὶ
399 530 436 562 τίς
461 529 489 558 οὕ
507 538 513 544 '
529 530 546 564 ἦ
581 533 629 563 τῆς
653 530 792 568 ἑρμηνείας
814 528 907 568 διαφό-

83 583 135 610 ρων
149 571 276 610 γλωσσῶν
295 583 302 590 ·
330 574 347 607 ἢ
370 577 418 607 τῆς
444 574 610 612 ἀντιλήψεως
646 578 698 602 τῶν
712 572 908 610 καταπονουμέ-

84 628 134 644 νων
153 625 159 631 ⁸
177 617 194 650 ἦ
228 619 276 650 τῆς
313 617 492 656 κυϐερνήσεως
520 620 649 656 ποιμνίων
671 623 746 656 Θεοῦ,
775 619 818 646 καὶ
832 618 906 645 λαοῦ·

83 661 101 693 ἦ
125 662 174 694 τῆς
204 663 269 701 πρὸς
298 663 394 694 πάντες
430 664 547 701 ἀγάπης,
579 665 622 692 καὶ
652 666 702 691 τῶν
736 663 908 703 λαρισμάτων

84 706 165 738 animi;
194 707 241 739 τῆς
269 706 460 746 μακροθυμίας,
489 711 538 741 τῆς
567 708 764 747 χρηστότητος,
790 708 834 735 καὶ
857 710 908 734 τῶν

85 748 173 777 ἄλλων
187 751 265 788 ὁμοῦ.
291 753 319 779 Εἰ
334 750 361 778 δὲ
383 752 410 778 ἑ]
441 753 544 781 πάντων
572 753 671 780 τούτων
695 752 803 791 ἄμοιρος
819 753 908 790 εὑρεθῇ

84 804 137 829 τισ⁷
155 795 201 821 οὐκ
228 794 295 834 ἔχω,
325 799 381 826 πῶς
409 796 478 824 εῗπω
500 798 544 824 τὸν
573 801 691 825 τοιοῦτον
712 798 817 837 πιστὸν,
832 797 850 829 ἦ
864 800 910 824 τοῦ

85 839 233 878 καταλόγου
262 844 314 867 τῶν
343 840 518 879 ἐνδεδυμὲνων
555 844 666 882 Χριστὸν
682 842 735 870 ἀπὸ
770 848 816 871 τοῦ
843 842 910 870 θείου

85 884 279 921 βαπτίσματος.

167 924 171 932 ¹
205 924 232 944 ‘n
247 930 398 944 _;.,L.r_'_,_
435 931 445 944 ι]
546 931 566 944 ν·
618 931 648 944 ιν)
685 931 716 944 δε
745 936 774 944 ιμ-

127 932 160 963 πζ
175 952 181 958 .
213 933 232 957 0
247 932 296 963 τὴν
312 932 418 968 ἀγάπην
435 932 518 971 ἔχων,
543 932 589 960 οὒκ
603 932 660 960 οἶδε
683 932 724 961 διὰ
745 932 825 968 ζῆλον
848 934 913 972 φοο-

87 979 154 1010 νεῖν,
172 975 201 1002 οὖ
230 975 414 1014 περπερεύεται
443 977 480 1007 ὡς
515 976 662 1016 ἐπηρμένος
688 978 731 1005 καὶ
766 977 912 1016 προπέτης,

87 1019 117 1046 οὐ
132 1022 266 1058 φυσιοῦται
297 1020 364 1047 κατά
394 1031 475 1057 τινος,
505 1023 550 1050 οὐκ
578 1022 731 1061 ἀσχημονεὶ
760 1024 792 1050 τα
808 1022 914 1061 ἀπρεπῆ

88 1063 154 1102 πρὸς
170 1064 215 1090 τὸν
239 1063 362 1101 πλησίον,
395 1068 488 1104 ποιῶν,
526 1068 556 1094 οὗ
579 1070 655 1101 ζητεῖ
677 1067 708 1094 τὰ
737 1067 828 1094 ἑαυτοῦ
844 1078 913 1103 συμι

87 1107 201 1146 φέροντα
230 1108 310 1148 μόνα,
340 1107 407 1136 ἀλλά
434 1110 478 1137 καὶ
512 1110 545 1137 τὰ
559 1114 604 1138 τοῦ
633 1110 758 1151 πλησίον,
790 1112 819 1139 οὺ
845 1122 915 1150 παρ-

87 1150 204 1182 οξύνεται
227 1152 293 1179 κατὰ
308 1155 360 1180 τῶν
386 1152 536 1181 λυπούντων
559 1154 677 1194 ταχέως,
708 1157 737 1184 οὗ
771 1154 912 1193 λογίζεται,

89 1195 111 1222 εἱ
126 1195 197 1232 πάθη
212 1196 276 1223 ποτε
290 1207 315 1224 τι
334 1198 427 1237 καλὸν,
457 1199 486 1227 οὔ
514 1199 600 1238 χαίρει
630 1199 672 1227 ἐπὶ
702 1203 736 1237 τῇ
764 1198 850 1235 ἀδικίᾳ
864 1199 916 1226 τῶν

89 1238 184 1279 φίλων,
201 1240 378 1280 συγχαίρειδὲ
405 1245 438 1279 τῇ
469 1242 577 1279 ἀληθείᾳ
612 1244 660 1276 τῆς
693 1243 858 1277 δικαιοσύνης
874 1245 918 1273 αὖ·

89 1284 143 1310 τῶν
160 1292 166 1298 ·
196 1285 281 1312 πάντα
310 1285 395 1324 στέγει
437 1287 470 1314 τα
491 1287 658 1326 ἐπερχόμεναι
687 1289 757 1325 αὖτῷ
786 1288 913 1327 λυπηρα“

89 1328 176 1355 πάντα
193 1327 217 1360 ἐξ
246 1329 397 1362 ἁπλότητος
426 1332 468 1358 καὶ
495 1331 605 1363 ἀκακίας
635 1333 762 1369 πιστεύει,
786 1333 871 1360 πάντα
886 1334 918 1360 τὰ

90 1371 279 1411 ἐπηγγελμένα
295 1375 362 1411 ἡμῖν
378 1374 429 1403 ἀπὸ
446 1379 510 1403 Θεοῦ
545 1375 642 1411 ἐλπίζει
659 1375 817 1414 ἀπολαϐεῖν,
834 1378 919 1416 πάνρα

90 1418 216 1455 ὑπομένει
233 1420 265 1447 τὰ
280 1423 332 1448 τῶν
361 1422 525 1459 πειρασμῶν,
551 1422 588 1459 μὴ
616 1421 753 1453 ἀποδιδοὺς
769 1423 849 1450 κακον
863 1423 920 1454 ἀντὶ

90 1468 184 1500 κακοῦ,
201 1464 244 1491 καὶ
259 1463 381 1492 οὒδέποτε
396 1468 444 1498 τῆς
470 1470 516 1493 τοῦ
541 1465 654 1499 πλησίον
677 1467 782 1505 ἀγάπης
799 1467 919 1497 ἐκπίπτει

92 1508 106 1534 ὁ
128 1509 176 1540 τῆς
192 1507 296 1546 ἀγάπης
312 1507 436 1547 ἐργάτης.

133 1546 193 1584 πη1.
224 1555 280 1580 Τών
315 1553 468 1590 ἣξιωμένων
514 1557 562 1588 τῆς
607 1555 704 1583 ἄνωθεν
733 1556 843 1595 χάριτος
872 1559 917 1583 τοῦ

93 1595 168 1634 ἁγίου
198 1596 348 1634 Πνεύματος
385 1598 411 1625 ἐν
440 1597 572 1638 διαφόροις
601 1600 773 1639 χαρίσμασιν,
812 1601 834 1628 οἱ
869 1600 917 1637 μὲν

94 1641 157 1668 εἰσὶν
173 1639 210 1668 ἔτι
236 1642 325 1676 νήπιοι
361 1643 403 1670 καὶ
425 1643 528 1674 ἀτελεῖς
557 1645 594 1675 εἰς
622 1645 652 1671 τὸ
681 1646 739 1672 θεῖα
755 1645 918 1683 χαρίσματα,

94 1687 118 1713 οἱ
134 1684 161 1713 δὲ
183 1685 272 1724 ἄνδρες
293 1688 336 1715 καὶ
366 1687 459 1716 τέλειοι
488 1689 514 1716 ἐν
543 1693 580 1725 τῷ
602 1690 699 1717 τούτων
728 1689 886 1728 πληρώματι
911 1699 918 1706 ·

94 1731 138 1758 καὶ
161 1732 184 1758 οἱ
213 1731 260 1768 μὲν
290 1732 354 1770 πρὸς
376 1732 499 1771 ἐργασιαν
530 1736 582 1760 τῶν
611 1734 685 1761 Οείων
711 1733 920 1770 ἐπεκτεινόμενοι

96 1775 219 1812 ἐντολῶν,
257 1776 393 1811 αὖζάνουσί
419 1787 447 1804 τε
474 1777 501 1804 ἐν
536 1778 637 1809 τούτοις
671 1779 714 1806 καὶ
744 1777 920 1817 πληρούμενοι

95 1819 148 1847 τῶν
184 1819 310 1857 μειζόνων
337 1825 383 1849 τοῦ
431 1822 579 1858 Πνεύματος
617 1820 732 1861 δωρεῶν,
763 1825 920 1860 καταργοῦσι

96 1865 129 1892 τὰ
142 1862 248 1891 ὄπισθεν
273 1864 320 1898 τῆς
350 1865 511 1898 νηπιότητος
539 1867 692 1906 χαρίσματα
710 1875 717 1883 ⁶
734 1867 757 1894 οἱ
786 1865 811 1893 δὲ
842 1867 876 1897 εἰς
892 1866 922 1893 τὸ

97 1908 176 1947 ἄκρον
191 1907 337 1940 ἀλάσαντες
357 1912 406 1942 τῆς
435 1915 481 1939 τοῦ
514 1914 578 1938 Θεού
599 1910 706 1949 ἀγάπης
728 1911 772 1938 καὶ
786 1910 921 1949 γνώσεως,

97 1953 223 1980 παύονται
256 1952 348 1981 λοιπὸν
376 1957 428 1981 τῶν
464 1954 493 1982 ἐκ
521 1954 615 1994 μέρους
643 1954 837 1994 χαρισμάτωνο
866 1954 921 1982 ε’ίτε

96 1998 258 2037 προφητεταί
272 1999 346 2036 εἰσιν,
363 1999 399 2030 ὡς
414 1999 444 2026 τὸ
473 1998 576 2038 λόγιον,
606 1998 662 2027 εἴτε
686 1998 824 2039 διακρίσεις
840 2010 921 2027 πνευ-

97 2043 201 2082 μάτων,
230 2042 286 2070 εἴτε
321 2042 487 2081 ἀντιλήψεις,
505 2043 560 2071 εἴτε
594 2042 775 2084 κυϐερνήσεις,
812 2045 855 2072 καὶ
890 2045 921 2072 τὰ

97 2086 168 2120 tam.
187 2084 216 2116 Ὀ
231 2088 280 2127 γὰρ
294 2088 330 2119 εἰς
354 2088 386 2115 τὰ
412 2088 541 2128 ἀνάκτορα
568 2091 617 2122 τῆς
653 2089 760 2127 ἀγάπης
786 2088 919 2126 εἰσελθὼν,

97 2132 144 2160 οὖκ
159 2131 196 2159 ἔτι
224 2131 254 2159 ἐκ
275 2132 368 2171 μέρους
404 2133 527 2172 γινώσκει
556 2134 620 2161 Θεὸν
641 2133 690 2167 τὴν
720 2133 838 2172 ἀγάπην,
854 2133 921 2162 ἀλλὰ

97 2176 237 2215 πρόσωπον
253 2177 317 2216 πρὸς
353 2177 494 2216 πρόσωπον
522 2177 622 2215 ὁμιλῶν
654 2178 734 2215 αὒτῷ,
753 2177 920 2216 ἐπιγινώσκει

97 2221 188 2258 αὺτὸν,
202 2221 288 2252 καθὼς
303 2222 347 2248 καὶ
364 2222 440 2253 αὐτὸς
462 2220 506 2250 ὐπ’
523 2222 602 2251 αὒτοῦ
623 2222 786 2262 ἐπεγνώσθη,

138 2261 193 2296 πθ’.
212 2261 240 2293 (Ο
269 2265 298 2293 ἐκ
332 2265 412 2301 ζήλου
447 2269 499 2294 τῶν
534 2270 718 2303 πνευματικῶν
748 2267 921 2307 χαρισμάτων

98 2310 148 2342 τὴν
174 2309 279 2348 ἀγάπην
309 2309 413 2342 διώξας.
452 2311 495 2338 καὶ
523 2310 690 2351 καταλαϐὼν,
725 2313 772 2339 οὐκ
794 2311 921 2351 ἀνέχεται

99 2353 172 2392 μόνῳ
193 2355 278 2390 ἑαυτῷ
305 2353 398 2382 λαλεῖν
433 2353 475 2382 διὰ
495 2357 648 2395 προσευχῆς
683 2357 726 2383 καὶ
750 2355 920 2394 ἀναγνώσεως

97 2400 135 2430 εἰς
158 2397 298 2436 οίκοδομὴν
316 2406 322 2412 ·
347 2400 361 2426 ὁ
389 2399 438 2438 γὰρ
465 2399 553 2427 λαλῶν
580 2400 687 2438 γλώσση
717 2400 784 2438 μόνῃ
808 2403 866 2437 Θεῴ
880 2400 921 2428 διὰ

97 2446 253 2483 προσευχῆς
274 2444 316 2472 καὶ
331 2443 497 2484 ψαλμῳδίας,
520 2445 610 2472 ἑαυτὸν
643 2444 789 2485 οἰκοδομεῖ,
806 2445 843 2476 ὣς
858 2457 922 2484 φησι

97 2487 200 2520 Παῦλος
226 2496 232 2502 ·
251 2487 319 2516 ἀλλὰ
334 2489 377 2516 καὶ
406 2489 590 2528 προφητεύειν,
620 2487 680 2516 κατ’
709 2490 798 2520 αὐτὸν,
816 2489 922 2528 ἐπείγε-

96 2544 151 2570 ται,
169 2534 204 2564 εἷς
238 2532 380 2571 οἰκοδομὴν
401 2536 450 2566 τῆς
479 2537 525 2561 τοῦ
553 2537 618 2562 Θεοῦ
652 2533 823 2570 Ἐκκλησίας,
840 2534 923 2574 ’ἢφουν

97 2576 227 2606 διδάσκειν
255 2578 315 2610 τοὺς
345 2577 456 2611 πλησίον
483 2578 532 2612 τὴν
568 2577 689 2618 ἐργασίαν
717 2582 769 2606 τῶν
797 2583 843 2607 τοῦ
857 2582 922 2607 Θεοῦ

98 2622 222 2663 ἐντολῶν,
237 2624 281 2651 καὶ
295 2622 367 2654 ὅπως
404 2623 458 2662 χρὴ
488 2621 605 2650 σπεύδειν
633 2623 668 2654 εἰς
706 2623 736 2650 τὸ
752 2624 922 2662 εὐαρεστῆσαι

99 2671 167 2704 Θεῷ.
196 2669 225 2696 Ti
253 2668 302 2707 γὰρ
331 2668 374 2695 καὶ
403 2667 540 2707 ὠφελῆσαι
594 2678 666 2699 τινας
696 2666 811 2700 δυνηθείν
849 2668 879 2695 ἃν
908 2669 921 2696 ὁ

98 2711 182 2749 ἐαυτῷ
203 2713 246 2740 καὶ
262 2716 319 2750 Θεῷ
335 2712 408 2750 μόνῳ
422 2711 522 2750 λαλῶν,
539 2713 673 2751 προεστὼς
696 2711 737 2739 διὰ
768 2714 921 2752 προσευχῆς

98 2758 142 2784 καὶ
157 2755 309 2794 ψαλμῳόίας
325 2757 375 2797 ἀεὶ,
397 2757 441 2785 ἐὰν
469 2757 506 2794 μὰ
535 2755 639 2794 λαϐήσῃ
667 2757 711 2784 καὶ
739 2763 797 2788 τοῖς
812 2755 856 2784 ὑπ’
871 2758 921 2785 αύ-

139 2836 165 2858 ³σ
179 2836 192 2868 I
205 2838 272 2869 Cor.
288 2845 352 2878 xm,
368 2837 432 2869 4-8.
474 2837 502 2858 ³⁷
516 2836 528 2867 Ι
544 2836 610 2868 Cor.
628 2845 680 2874 xn,
692 2836 780 2867 4-11.
824 2836 850 2857 ³⁸
868 2835 930 2869 Ibid

258 2919 385 2951 PATROL.
401 2917 456 2950 Gn.
472 2917 555 2951 CXX.

547 196 818 229 GNOSTICORUM
841 193 1009 226 CAPITUM
1031 195 1228 232 CENTURIA
1251 197 1305 227 III.

424 263 441 297 ἦ
470 268 515 293 τοῦ
542 265 706 304 χαρίσματος
722 266 774 291 τῶν
787 262 906 299 ἰαμάτων
916 268 935 291 Α

1693 194 1772 227 1002

948 258 1041 289 instar
1061 259 1229 297 Abraham;
1257 260 1302 290 vel
1327 259 1450 298 gratiam
1475 260 1631 292 sanitatum
1653 260 1684 291 in
1707 270 1766 292 uno

947 302 1066 343 spiritu,
1092 304 1127 333 ad
1157 304 1305 334 sanandos
1331 304 1471 342 morbos;
1495 305 1540 335 vel
1567 305 1769 344 operationem

946 347 1100 392 virtutum,
1111 348 1147 378 ad
1160 348 1310 379 daemones
1325 349 1479 388 pellendos
1491 352 1519 379 et
1529 348 1612 388 signa
1622 349 1772 392 facienda;

947 391 992 421 vel
1004 392 1200 432 prophetiam,
1211 393 1246 423 ad
1263 393 1490 433 providendum,
1502 402 1536 425 ac
1548 391 1771 434 praedicendum

948 436 1066 474 futura;
1082 438 1126 468 vel
1149 437 1361 468 discretionem
1388 437 1558 478 spirituum,
1585 437 1622 468 ad
1652 437 1770 470 discer-

949 481 1079 512 nendum
1095 481 1160 521 quis
1176 481 1204 512 in
1221 481 1331 521 Spiritu
1355 481 1406 512 Dei
1432 483 1580 521 loquatur,
1607 482 1673 522 quis
1689 492 1748 514 non
1762 492 1771 520 ;

950 525 995 555 vel
1024 526 1300 565 interpretationem
1328 526 1475 557 variarum
1506 525 1694 565 linguarum;
1726 527 1772 560 vel

951 569 1173 608 opitulationem
1211 569 1410 605 afﬂictorum;
1444 570 1489 600 vel
1523 569 1771 610 gubernationem

951 613 1050 643 ovium
1065 617 1093 644 et
1108 614 1204 654 plebis
1224 614 1299 652 Dei;
1321 615 1364 645 vel
1381 614 1556 646 charitatem
1579 624 1648 654 erga
1669 625 1773 647 omnes

951 657 1074 698 ejusque
1086 658 1274 696 charisnmta,
1286 659 1550 699 longanimitatem,
1561 659 1771 699 benignitatem

952 705 981 730 et
995 705 1109 732 cwtera.
1125 702 1155 733 Si
1167 702 1233 742 quis
1245 707 1342 734 autem
1354 703 1400 734 his
1415 703 1555 734 omnibus
1569 707 1677 742 careat,
1695 705 1774 736 hunc

950 745 1051 776 dicere
1074 755 1190 786 nequeo
1215 746 1325 778 habere
1350 747 1440 778 ﬁdem
1463 748 1508 778 vel
1533 756 1601 778 esse
1622 757 1657 779 ex
1671 758 1774 780 eorum

951 801 1076 823 numero
1092 793 1141 832 qui
1157 793 1307 824 Christum
1322 793 1486 825 induerunt
1501 803 1555 834 per
1569 794 1700 826 divinum
1723 795 1774 827 ba-

953 836 1074 875 ptisma.

924 909 944 933 Β
996 928 1045 957 87.
1062 926 1117 962 Qui
1131 926 1303 958 charitatem
1319 926 1419 964 habet,
1438 927 1536 959 nescit
1558 927 1659 958 invide
1680 937 1775 960 aemu-

955 970 992 1000 la:
1002 970 1022 1008 i;
1036 979 1094 1001 non
1109 972 1168 1010 agit
1179 981 1346 1012 perperam,
1361 975 1497 1012 tanquam
1508 976 1626 1003 tumens
1641 982 1675 1003 ac
1687 976 1778 1005 teme-

956 1015 1063 1053 rarius;
1076 1025 1135 1045 non
1147 1015 1267 1046 inﬂatur
1281 1020 1383 1047 contra
1394 1025 1586 1056 quemquam;
1601 1026 1659 1048 non
1668 1016 1775 1049 incon-

955 1068 1028 1098 grua
1038 1059 1268 1092 autindecentia
1281 1060 1349 1090 facit
1364 1060 1505 1091 adversus
1521 1061 1699 1101 proximum;
1717 1071 1778 1093 non

957 1104 1062 1144 quierit
1077 1114 1142 1144 quae
1157 1114 1210 1135 sua
1221 1109 1300 1142 sunt,
1315 1105 1368 1135 sed
1383 1115 1448 1146 quae
1461 1110 1530 1136 sunt
1554 1106 1680 1146 proximi
1693 1116 1701 1147 ;
1719 1116 1779 1137 non

957 1148 1107 1179 irrritatur
1122 1149 1284 1189 promptius
1300 1154 1402 1180 contra
1421 1150 1584 1187 modestos;
1601 1160 1659 1180 non
1672 1151 1781 1190 cogitat

958 1195 1080 1230 malum,
1100 1195 1125 1223 si
1141 1194 1210 1233 quid
1228 1194 1296 1224 mali
1307 1194 1434 1234 patiatur
1448 1203 1589 1235 unquam;
1602 1204 1662 1226 non
1673 1195 1780 1234 gaudet

957 1247 1048 1278 super
1061 1238 1215 1278 iniquitate
1231 1238 1403 1276 amicorum,
1417 1239 1583 1278 congaudet
1596 1244 1692 1270 autem
1704 1239 1780 1270 veri-

958 1283 1009 1312 tati
1023 1282 1142 1322 justitiae
1158 1283 1302 1322 ipsorum;
1319 1283 1419 1314 omnia
1429 1284 1532 1314 suffert
1545 1284 1710 1316 accidentia
1722 1284 1780 1315 sibi

959 1327 1159 1364 incommoda;
1176 1327 1276 1358 omnia
1287 1328 1392 1365 credit,
1407 1332 1506 1368 utpote
1514 1328 1639 1368 simplex
1649 1334 1680 1360 et
1689 1329 1779 1361 inno-

960 1380 1050 1409 cens;
1068 1372 1167 1402 omnia
1182 1381 1198 1402 a
1213 1372 1274 1402 Deo
1301 1373 1446 1412 promissa
1470 1377 1569 1413 sperat
1592 1373 1648 1405 sibi
1671 1374 1780 1405 co'nse-

961 1416 1089 1455 quenda;
1105 1416 1204 1446 omnia
1223 1416 1349 1448 sustinet
1363 1421 1558 1457 tentamenta,
1576 1427 1634 1448 non
1648 1418 1779 1449 reddens

962 1460 1072 1490 malum
1089 1470 1141 1500 pro
1159 1461 1246 1496 malo;
1265 1470 1321 1491 nec
1333 1471 1462 1501 unquam
1477 1461 1514 1492 ab
1536 1471 1638 1493 amore
1653 1462 1780 1502 proximi

962 1505 1074 1536 decidit
1087 1506 1238 1536 charitatis
1253 1506 1408 1544 operarius
1422 1506 1458 1537 30.

999 1551 1047 1582 88.
1065 1550 1145 1581 Inter
1154 1560 1204 1581 eos
1212 1550 1261 1590 qui
1274 1550 1402 1590 desuper
1417 1551 1538 1589 gratiam
1550 1550 1678 1591 Spiritus
1687 1551 1782 1582 sancti

928 1597 947 1621 C
960 1595 1084 1625 variisin
1092 1595 1319 1625 charismatibus
1330 1595 1495 1634 accipiendi
1505 1595 1586 1635 digni
1597 1596 1692 1628 habiti
1701 1600 1780 1634 sunt,

961 1639 1011 1670 alii
1021 1644 1089 1670 sunt
1100 1639 1195 1669 adhuc
1206 1639 1332 1670 infantes
1344 1645 1373 1669 et
1385 1639 1550 1676 imperfecti
1559 1640 1589 1670 in
1600 1639 1782 1671 divinischa—

961 1683 1144 1719 rismatibus,
1157 1683 1284 1714 aliisunt
1296 1683 1351 1713 viri
1366 1687 1396 1714 et
1406 1684 1531 1724 perfecti
1550 1683 1581 1714 in
1599 1684 1704 1714 horum
1717 1684 1783 1724 ple-

963 1728 1230 1760 nitudine.Priores
1241 1728 1441 1760 observationi
1450 1729 1617 1759 divinorum
1631 1729 1783 1760 mandato-

962 1783 1027 1804 rum
1039 1773 1258 1812 incumbentes,
1271 1773 1302 1803 in
1313 1773 1356 1803 eis
1367 1777 1515 1810 crescunt,
1529 1777 1558 1803 et
1568 1773 1673 1813 repleti
1685 1773 1781 1813 majo-

962 1817 1044 1848 ribus
1061 1817 1146 1847 donis
1159 1816 1297 1856 Spiritus,
1312 1821 1423 1848 exuunt
1435 1818 1612 1848 charismata
1623 1827 1688 1858 qua:
1697 1822 1782 1849 erant

963 1861 1360 1902 parvulorum.Posteriores
1385 1871 1464 1898 vero,
1491 1862 1528 1892 ad
1547 1862 1662 1902 apicem
1688 1861 1782 1893 evecti

963 1906 1114 1937 charitalis
1126 1910 1154 1936 et
1165 1905 1296 1936 scientiae
1306 1905 1371 1942 Dei,
1385 1905 1561 1936 charismata
1573 1915 1607 1936 ex
1619 1911 1702 1946 parte
1715 1909 1781 1936 tan-

964 1956 1024 1982 tum
1035 1950 1146 1981 habere
1156 1950 1218 1989 jam
1231 1949 1380 1987 desinunt,
1391 1949 1453 1980 sive
1462 1950 1624 1989 prophetia:
1634 1950 1705 1986 sint,
1715 1950 1784 1990 jux-

963 1999 992 2026 ta
1007 1994 1127 2025 verbum
1144 1993 1227 2026 Pauli
1240 1994 1277 2030 37,
1305 1993 1366 2024 sive
1390 1993 1587 2024 discretiones
1611 1994 1781 2033 spirituum,

963 2040 1025 2070 sive
1038 2038 1257 2079 opitulationes,
1275 2037 1336 2068 sive
1350 2037 1579 2077 gubernationes
1592 2043 1621 2068 et
1631 2038 1687 2069 alia
1696 2038 1783 2069 dein-

963 2093 1033 2124 ceps
1050 2093 1056 2114 :
1073 2084 1121 2123 qui
1138 2082 1217 2113 enim
1242 2082 1272 2112 in
1289 2083 1392 2112 turrim
1409 2081 1560 2113 charitatis
1575 2081 1703 2119 intravit,
1717 2083 1781 2122 jam

963 2138 1022 2159 non
1039 2138 1076 2159 ex
1092 2131 1174 2167 parte
1189 2126 1342 2166 cognoscit
1357 2127 1451 2158 Deum
1468 2126 1518 2166 qui
1542 2127 1670 2157 charitas
1684 2133 1729 2157 est
1742 2127 1779 2162 33,

964 2174 1016 2204 sed
1030 2172 1104 2203 facie
1119 2172 1154 2202 ad
1170 2172 1275 2202 faciem
1288 2180 1355 2201 cum
1376 2180 1410 2202 eo
1427 2180 1616 2212 conversans,
1632 2172 1784 2210 cognoscit

963 2218 1046 2248 illum
1061 2217 1136 2247 sicut
1147 2220 1175 2246 et
1189 2216 1322 2255 cognitus
1338 2215 1374 2246 ab
1391 2225 1426 2246 eo
1443 2219 1497 2246 est.

1003 2263 1053 2293 89.
1084 2261 1139 2297 Qui
1168 2259 1365 2300 spiritualium
1394 2260 1604 2290 charismatum
1631 2259 1782 2290 studiosus

964 2306 1137 2338 charitatem
1149 2304 1283 2345 quaesivit
1297 2308 1326 2334 et
1337 2304 1460 2344 adeptus
1471 2307 1527 2342 est,
1541 2313 1600 2334 non
1612 2304 1683 2335 satis
1695 2303 1784 2335 habet

963 2351 1020 2382 sibi
1032 2349 1178 2389 Soliloqui
1194 2357 1249 2388 per
1267 2347 1431 2378 orationem
1444 2352 1473 2378 et
1483 2347 1641 2378 lectionem
1657 2349 1693 2378 ad
1709 2358 1782 2388 pro-

964 2396 1055 2436 priam
1068 2394 1294 2425 aediﬁcationem
1307 2392 1370 2433 (qui
1386 2392 1465 2423 enim
1481 2393 1544 2423 sola
1555 2393 1655 2432 lingua
1670 2393 1730 2424 Deo
1741 2393 1782 2424 lo-

964 2441 1063 2481 quitur
1077 2448 1130 2479 per
1146 2438 1310 2468 orationem
1327 2440 1355 2467 et
1367 2437 1573 2477 psalmodiam,
1589 2437 1782 2477 semetipsum

965 2485 1101 2521 rediﬁcat,
1120 2488 1151 2514 ut
1174 2482 1214 2512 ait
1230 2482 1335 2512 Paulus
1349 2481 1398 2520 39),
1417 2482 1468 2512 sed
1490 2481 1578 2512 etiam
1605 2482 1782 2522 prophetare

965 2531 1054 2570 (juxta
1062 2527 1214 2566 eumdem)
1226 2526 1354 2563 festinat,
1363 2526 1399 2556 ad
1410 2525 1634 2557 aediﬁcationem
1645 2526 1786 2557 Ecclesiae

964 2574 1030 2611 Dei,
1055 2573 1163 2603 docere
1187 2570 1324 2601 videlicet
1350 2570 1517 2610 proximum
1546 2571 1784 2601 observationem

964 2618 1171 2650 mandatorum
1189 2615 1242 2646 Dei
1254 2619 1282 2645 et
1297 2615 1444 2654 quomodo
1457 2615 1576 2647 studere
1592 2619 1724 2656 oporteat
1745 2615 1783 2645 ad

964 2662 1142 2703 placendum
1158 2662 1230 2692 Deo.
1248 2660 1324 2696 Quid
1340 2659 1420 2689 enim
1444 2660 1509 2690 aliis
1531 2659 1672 2699 prodesse
1687 2663 1784 2699 potest

963 2708 1111 2749 superior,
1125 2706 1173 2746 qui
1185 2704 1242 2735 sibi
1255 2706 1376 2744 Deoque
1394 2703 1448 2734 soli
1466 2704 1597 2743 loquitur
1607 2712 1661 2749 per
1671 2703 1783 2749 oratio-

963 2747 1030 2785 nein
1043 2757 1072 2783 et
1081 2749 1286 2791 psalmodiam,
1299 2749 1356 2780 nisi
1368 2749 1506 2790 loquatur
1517 2748 1605 2780 etiam
1611 2748 1672 2780 suis
1682 2747 1784 2779 subdi-

932 2244 954 2268 D

936 2862 942 2868 ,
986 2832 1198 2867 39IJoau.1v,
1218 2831 1264 2862 16.

1501 2909 1539 2941 32
