1975 3071
63 235 136 267 1005
518 236 792 271 GNOSTICORUM
814 237 885 268 CAP

958 238 984 268 M
1011 238 1206 270 CENTURIA
1228 239 1283 270 III.
1670 242 1745 274 1006

61 303 86 331 ἓν
101 303 173 343 ἔργον
196 304 334 342 ἀποτελεῖ,
367 305 422 333 εἴτε
452 308 501 339 τῆς
527 304 603 342 ὕλης,
622 305 677 333 εἴτε
691 306 741 338 τῆς
755 305 854 344 φύσεως
873 313 880 320 '

958 313 1010 341 ius,
1027 304 1089 335 sive
1105 304 1245 341 materiae,
1264 305 1326 335 sive
1342 309 1473 343 naturae;
1492 307 1517 337 si
1539 316 1609 338 vero
1629 307 1744 339 discor-

62 348 99 384 μὴ
125 352 292 388 συμφονΟὖσα
321 349 359 386 δὲ,
390 351 439 384 τὴν
461 351 598 388 ἐπιθυμίαν
619 353 668 383 τῆς
698 350 770 383 νίκης
793 350 885 388 ἐγείρει

958 352 1009 385 int,
1025 348 1119 379 oritur
1133 349 1216 388 quasi
1231 349 1341 380 bellum
1366 350 1452 382 civile
1472 351 1523 382 ubi
1538 356 1663 392 utraque
1679 362 1747 393 pars

64 391 197 437 ἐμφύλιον.
217 393 292 422 Ἀλλ’
307 396 321 422 ὁ
343 395 420 434 λόγος
449 395 529 423 ἐλθὼν
558 395 601 422 καὶ
629 395 660 422 τὸ
688 398 765 434 κῦρος
786 392 885 428 λαϐὼν,

958 392 1080 423 ctoriam
1093 393 1217 433 appetit.
1233 392 1291 424 Sed
1307 394 1384 426 ratio
1396 396 1608 436 superveniens
1616 391 1744 437 etimpe-

63 436 116 464 λύει
134 438 182 474 μὲν
204 439 295 468 αὐτίκα
316 440 362 467 τὸν
384 439 477 476 ζῆλον,
510 438 670 478 πρεσϐεύσας
693 438 719 466 δὲ
741 439 789 472 τὴν
817 438 886 475 ὀμό-

958 446 1004 467 um
1031 446 1191 477 occupans,
1222 438 1400 470 simultatem
1429 440 1553 478 dirimit,
1581 436 1748 472 concordia:

64 493 145 518 νοιαν,
162 484 192 511 τὸ
208 487 259 512 πᾶν
289 487 341 511 τῶν
373 484 455 524 ἔργων
484 487 517 522 τῇ
546 484 620 524 φύσει
648 485 743 521 καὶτῷ
758 483 885 520 πνεύματι

958 491 1013 511 ium
1029 481 1126 512 reddit
1140 482 1296 520 honorem,
1314 487 1343 513 et
1358 488 1463 515 cuncta
1478 493 1569 525 opera
1580 485 1629 516 dat
1637 490 1748 517 natura?

64 525 164 555 δίδωσιν
170 551 176 556 .

971 526 1098 566 spiritui.

104 566 159 608 ξδ’.
176 575 234 600 Τῶν
249 572 275 599 ἒν
290 574 358 610 ἡμῖν
372 577 450 613 τριῶν
466 573 547 601 ὄντων
575 573 754 612 κυριωτάτων,
777 573 808 600 τὸ
838 571 886 609 μὲν

967 570 1015 601 94.
1033 568 1074 600 Ex
1095 570 1188 601 tribus
1212 580 1276 611 quae
1303 571 1388 602 nobis
1414 573 1516 604 insunt
1532 574 1673 614 partibus,
1691 583 1750 605 una

63 617 146 645 αὐτῶν
161 616 250 656 ἄρχει,
277 620 324 646 οὐκ
349 617 459 658 ἄρχεται
475 617 502 645 δέ
519 627 525 633 ⁸
556 618 587 645 τὸ
617 616 644 645 δὲ
666 618 718 658 καὶ,
737 617 814 656 ἄρχει
845 616 887 644 καὶ

958 618 1055 654 )perat
1069 624 1124 645 nec
1140 614 1258 646 subdita
1275 620 1329 653 est,
1343 617 1436 647 altera
1449 617 1577 658 imperat
1588 622 1616 648 et
1631 617 1749 649 subdita

63 660 172 700 ἄρχεται
190 670 198 678 ⁸
221 663 252 689 τὸ
273 660 300 689 δὲ
323 664 369 692 οὒκ
391 661 479 702 ἄρχει,
507 661 618 701 ἄρχεται
640 661 678 692 δέ,
705 653 780 690 ’δταν
797 661 840 689 οὖν
856 662 886 689 τὸ

958 653 984 698 ili,
1000 658 1086 689 tertia
1098 668 1156 689 non
1171 659 1309 699 imperat,
1325 661 1377 691 sed
1389 653 1508 692 subdita
1525 665 1580 693 est.
1598 661 1672 693 Cum
1687 661 1746 700 igi-

63 704 144 745 ἅρχον
174 706 224 734 ὑπὸ
259 706 349 746 ἑτέραν
384 707 493 745 γένηται
518 708 569 734 τῶν
597 705 754 746 ἀρχομένων
783 705 883 745 ἀρχὴν,

960 712 974 732 r
990 711 1057 742 pars
1076 704 1227 744 imperans
1253 704 1435 736 subditorum
1459 706 1585 746 imperio
1602 706 1747 746 subjacet,

62 748 151 777 δοῦλον
165 751 194 778 τὸ
209 751 281 790 φύσει
297 751 429 791 ἐλεύθερον
457 758 515 782 τοῖς
538 751 611 790 φύσει
639 750 739 783 δούλοις
768 751 858 789 ὁρᾶται
875 758 881 765 '

958 757 998 778 nc
1012 757 1080 787 pars
1095 753 1198 779 natura
1209 748 1304 779 libera
1316 750 1449 789 partibus
1462 754 1567 782 natura
1581 751 1675 781 servis
1685 760 1749 781 ser-

63 794 106 821 καῖ
133 797 182 827 τῆς
206 795 270 827 ἰδίας
298 795 427 828 ἐξίσταται
457 796 544 835 ἀρχῆς
570 806 599 823 τε
626 796 670 823 καὶ
698 795 812 834 φύσεως,
842 799 885 826 καὶ

958 801 988 822 re
1003 791 1129 830 videtur,
1145 801 1179 823 ac
1194 792 1231 823 de
1245 795 1363 833 propria
1378 794 1488 825 decidit
1503 795 1646 834 dignitate
1662 798 1691 825 et
1699 803 1748 825 na-

63 838 152 871 στάσις
168 839 195 867 ἐν
224 841 325 872 τούτοις
351 839 455 879 μεγάλη
485 840 550 870 ἐστί,
582 840 703 871 Στάσεως
719 839 746 867 δὲ
761 839 884 872 τοιαύτης

961 845 1002 876 ra,
1022 840 1051 866 et
1066 846 1171 876 magna
1186 837 1214 867 in
1233 837 1278 867 his
1300 837 1424 869 rebellio
1450 843 1504 870 est.
1522 839 1586 870 Tali
1604 844 1701 870 autem
1716 839 1747 870 in

62 882 88 910 ἐν
102 885 201 916 τούτοις
214 883 306 924 οὔσης,
330 886 403 913 οὔπω
424 885 456 912 τὰ
471 885 555 912 πάντα
570 884 767 923 ὑποτεταγμένα
782 885 884 923 ὁρῶμεν

961 890 973 910 s
985 886 1086 911 exorta
1099 881 1276 916 rebellione,
1295 883 1426 914 nondum
1445 883 1544 914 omnia
1554 884 1660 914 rationi
1671 883 1746 915 obe-

61 931 98 965 τῷ
113 928 193 967 λόγῳ.
220 925 347 963 Ὀπηνίκα
362 929 389 957 δὲ
404 930 434 957 τὸ
449 928 532 969 ἄρχον
554 930 607 957 τῶν
630 929 716 957 ἄλλων
730 929 883 968 κρατήσειε,

958 925 1036 955 entia
1050 925 1195 956 videmus.
1207 926 1278 957 Cum
1294 931 1415 959 econtra
1430 937 1498 968 pars
1513 929 1665 969 imperans
1675 929 1748 959 alias

61 974 105 1001 καὶ
125 974 175 1001 ὑπὸ
190 975 239 1007 τὴν
255 974 350 1002 οἰκείαν
373 974 461 1014 ἀρχὴν
478 975 521 1002 καὶ
549 973 710 1009 δεσποτείαν,
729 972 782 1005 ἄξει
807 973 882 1009 αὐτὰ,

958 969 1095 1000 nninatur
1111 975 1139 1001 et
1153 971 1208 1001 sub
1224 971 1374 1011 propriam
1390 973 1498 1012 redigit
1522 976 1696 1013 potestatem
1713 982 1747 1004 ac

62 1023 205 1051 τηνικαῦτα
221 1019 257 1050 εἰς
280 1020 306 1048 ἓν
323 1018 501 1058 συνδραμόντα
516 1019 548 1047 τὰ
564 1018 702 1058 διεστῶτα,
715 1019 757 1046 καὶ
773 1020 884 1057 ὁμοφω-

958 1014 1081 1055 tionem,
1099 1018 1168 1045 tunc
1186 1019 1283 1054 partes
1306 1015 1429 1047 diversae
1453 1018 1481 1047 in
1503 1026 1594 1047 unum
1619 1026 1749 1048 concur-

62 1063 188 1099 νήσαντα,
207 1063 314 1102 εἰρήνην
329 1062 386 1102 ἄγει
401 1063 434 1090 τὰ
448 1063 513 1102 πρὸς
529 1064 573 1090 τὸν
596 1063 660 1090 Θεόν
679 1071 686 1078 ⁸
716 1064 759 1090 καὶ
780 1063 885 1090 πάντων

958 1062 1028 1089 ηηῐεδ
1041 1063 1069 1089 et
1084 1064 1280 1090 consonantes
1296 1060 1326 1090 in
1344 1070 1414 1100 pace
1435 1061 1470 1092 ad
1495 1061 1586 1092 Deum
1611 1061 1748 1100 tendunt,

62 1106 245 1145 ύποταγὲντων
270 1111 307 1144 τῷ
330 1106 413 1147 λόγῳ,
437 1105 602 1146 παραδίδοται
634 1108 651 1140 ἡ
679 1106 798 1144 βασιλεία
824 1105 885 1145 παρ’

981 1103 1120 1134 omnibus
1142 1104 1249 1135 rationi
1277 1105 1431 1145 subjectis,
1462 1107 1524 1137 haec
1549 1115 1672 1145 regnum
1688 1105 1749 1137 Deo

62 1151 141 1179 αύτοῦ
157 1153 196 1189 τῷ
218 1155 275 1189 Θεῷ
295 1153 339 1180 καὶ
361 1155 452 1191 [Ιατρί.

958 1148 1006 1179 itri
1024 1148 1123 1179 tradit.

106 1190 161 1234 μ’,
179 1201 244 1228 Ταῖς
269 1197 404 1235 τέσσαρσιν
431 1195 530 1235 ἀρχαῖς
557 1199 610 1223 τῶν
638 1199 748 1234 γενικῶν
774 1196 884 1235 ἀρετῶν,

968 1193 1018 1224 95.
1032 1193 1103 1224 Cum
1115 1197 1242 1234 quatuor
1253 1193 1396 1234 principis
1406 1195 1545 1226 virtutum
1556 1194 1750 1226 cardinalium

60 1241 77 1274 ἡ
110 1241 206 1274 πεντὰς
233 1244 284 1269 τῶν
315 1241 460 1275 αἰσθήσεων
489 1242 712 1279 καθυποταγεῖσα,
745 1241 787 1268 καὶ
820 1241 886 1273 αὖτῆ

958 1237 1038 1268 ιὺιιὶιί
1055 1241 1123 1268 sunt
1137 1238 1269 1279 quinque
1292 1248 1397 1270 sensus
1419 1239 1609 1280 debitamque
1634 1243 1753 1271 servant

61 1284 196 1325 φυλάξασα
210 1286 259 1318 τὴν
277 1287 432 1322 εὒπείθειαν,
449 1285 498 1318 την
527 1284 557 1312 ἐκ
586 1285 718 1324 τεσσάρων
748 1286 887 1324 στοιχείων

958 1282 1141 1320 )edientiam,
1161 1288 1220 1314 tum
1238 1292 1254 1313 e
1270 1288 1394 1324 quatuor
1407 1285 1565 1315 elementis
1587 1287 1753 1324 composita

62 1329 228 1358 πλασθεϊσαν
253 1330 328 1370 φύσιν
355 1335 401 1359 τοῦ
431 1330 566 1367 σώματος,
590 1329 732 1369 ἀταράχως
759 1331 887 1358 κινεῖσθαι

958 1327 1062 1367 »ι’ροι-ἰε
1075 1332 1178 1358 natura
1194 1328 1352 1368 tranquille
1377 1328 1456 1360 circa
1478 1329 1544 1359 vita:
1568 1328 1752 1360 curriculum

62 1376 122 1414 περὶ
151 1376 196 1403 τὸν
225 1376 323 1415 τροχὸν
351 1380 397 1404 τοῦ
431 1375 487 1412 βίου
524 1374 726 1413 παρασκευάζει,
757 1373 832 1402 Οὕτω
861 1373 888 1402 δὲ

961 1376 1072 1402 ovelur.
1091 1371 1183 1411 Hujus
1197 1377 1295 1403 autem
1313 1373 1409 1403 taliter
1422 1382 1489 1404 sese
1499 1373 1643 1404 moventis
1657 1373 1750 1404 facul-

63 1420 221 1458 κινουμένης
236 1423 329 1456 αὐτῆς,
359 1421 385 1447 αἱ
409 1418 532 1457 δυνάμεις
556 1420 621 1458 πρὸς
651 1419 745 1450 ἑαυτὰς
764 1421 793 1448 οὖ
821 1429 887 1447 στα-

961 1420 1004 1446 tes
1020 1426 1078 1446 non
1093 1426 1109 1446 ει
1125 1410 1156 1447 se
1172 1416 1296 1447 invicem
1311 1417 1456 1448 dissident
1470 1428 1478 1455 ;
1494 1418 1546 1448 sed
1563 1417 1752 1458 passionibus

63 1466 196 1501 σιάζουσιν
214 1474 220 1480 “
252 1464 319 1493 ἀλλὰ
351 1468 397 1492 τοῦ
427 1466 573 1497 παθητικοῦ
602 1463 696 1502 μέρους
727 1465 775 1498 τῆς
797 1464 887 1492 ἐπιθυ-

958 1461 1180 1500 ιιιειψὶεεεηιίεο
1190 1465 1218 1491 et
1232 1461 1284 1491 irm
1293 1461 1401 1492 rationi
1411 1462 1566 1502 subjectis,
1584 1462 1753 1493 intellectus

930 1505 1057 1535 nativam
1072 1514 1251 1544 recuperans
1266 1507 1510 1544 dominationem,
1525 1511 1651 1547 quatuor
1660 1507 1753 1537 virtu-

63 1511 124 1547 μίας
152 1510 196 1538 καὶ
233 1513 279 1538 τοῦ
319 1511 410 1547 θυμοῦ,
454 1512 492 1545 τῷ
533 1508 676 1547 λογιστικῷ
703 1508 884 1548 συναφθέντος,

62 1553 202 1582 ἀναλαϐὼν
229 1555 259 1581 τὸ
299 1555 408 1594 φυσικὸν
443 1553 537 1592 κράτος
573 1554 587 1581 ὁ
630 1556 702 1588 νοῦς,
741 1553 811 1591 ἅρμα
841 1552 888 1589 μὲν

64 1599 158 1626 ἑαυτοῦ
172 1599 219 1630 τὰς
234 1598 362 1638 τέσσαρας
393 1604 510 1626 ποιεῖται
533 1598 617 1637 ἀρχάς
635 1605 640 1612 ·
672 1597 762 1636 θρόνον
790 1596 816 1624 δὲ
838 1597 887 1630 τὴν

63 1642 161 1676 δούλην
195 1642 321 1680 πεντάδα,
358 1643 402 1670 καὶ
436 1645 483 1675 τῆς
526 1641 701 1680 τυραννούσης
741 1652 889 1680 καταστρα-

61 1688 156 1719 τεύσας
186 1688 294 1727 σαρκὸς,
324 1687 464 1725 τέθριππος
497 1687 533 1716 εἷς
555 1686 678 1724 οὖρανοῦς
708 1685 888 1724 ἁρπαζόμενος

62 1731 180 1771 αἴρεται,
198 1733 242 1760 καὶ
254 1735 292 1769 τῷ
306 1731 413 1769 βασιλεῖ
427 1730 562 1769 παραστὰς
574 1733 626 1757 τῶν
642 1729 753 1765 αἰώνων,
767 1729 889 1769 στέφεται

62 1780 112 1811 τῆς
126 1777 200 1810 νίκης
221 1777 252 1804 τὸ
276 1776 369 1816 στέφος
388 1785 396 1792 ⁸
421 1776 463 1802 καὶ
485 1774 512 1801 ὲν
535 1774 605 1811 αὐτῷ
633 1774 779 1802 καταπαύει
804 1774 889 1802 πάντα

61 1822 110 1849 τὸν
125 1820 221 1860 δρόμον
236 1820 325 1849 αὒτοῦ.

107 1860 182 1904 4ς·“.
201 1870 265 1896 Τοῖς
280 1865 306 1892 ἐν
322 1868 360 1901 τῷ
375 1864 465 1903 χρὸνῳ
479 1861 671 1899 τελειουμὲνοις
696 1864 744 1895 τῆς
769 1863 888 1901 θεωρίας,

62 1912 109 1940 καὶ
124 1912 161 1942 εἷς
190 1910 250 1941 τοὺς
279 1908 387 1940 στύλους
416 1906 623 1946 ἐπερειδομένοις
651 1909 698 1934 τοῦ
725 1906 887 1944 Ηνεύματος,

63 1955 166 1996 κρατὴρ
193 1957 323 1994 κιρνᾶται,
354 1953 398 1980 καὶ
426 1951 501 1991 ἄρτος
531 1951 561 1979 ἐκ
589 1950 726 1989 βασιλικῆς
742 1951 888 1990 προτίθεται

63 1995 233 2037 πναιθδαισίας,
262 1999 352 2038 θρόνος
387 1999 424 2028 εἰς
452 1997 609 2035 ἀνάπαυσιν,
639 1996 682 2023 καὶ
713 1995 748 2026 εἷς
777 1995 889 2024 πλοῦτον

63 2046 197 2085 ἀργύριον,
220 2045 264 2072 καὶ
291 2043 421 2082 θησαυρὸς
451 2041 604 2080 μαργάρων,
632 2040 675 2068 καὶ
697 2039 773 2067 λίθων
795 2040 888 2085 τιμίων

62 2084 106 2118 ἐπὶ
132 2084 228 2129 θύραις
268 2090 423 2128 εὑρίσκεται,
458 2087 502 2114 καὶ
530 2084 642 2116 πλοῦτος
678 2085 769 2115 αὐτοῖς
798 2084 889 2123 ἀναρί-

63 2127 208 2173 θμητος-ἒν
238 2134 314 2174 χερσὶ
336 2132 443 2162 δίδοται,
474 2131 585 2161 Tomi-rw:
614 2128 774 2168 διορατικοὺς
796 2127 888 2168 ἄνδρας

61 2181 79 2214 ἡ
124 2178 216 2219 πρᾶξις
240 2172 452 2212 Πάποτελέσασα,
495 2175 522 2203 ἐν
557 2174 713 2214 ταχυτάτων
730 2174 784 2219 ,εἰς
815 2172 889 2213 ἔργα,

64 2218 186 2264 βασιλεῖ,
212 2224 256 2251 καὶ
277 2223 324 2251 οὒκ
351 2221 456 2260 ἀνδράσι
485 2221 596 2258 νωθροῖς
619 2218 779 2257 παρεστάναι
801 2229 889 2257 παρα-

65 2269 187 2304 σκευάζει
192 2290 199 2298 .

109 2314 145 2351 4ζ
159 2335 166 2342 .
200 2313 313 2351 Πότερον
351 2311 368 2344 ἠ
403 2309 523 2348 βασιλεία
550 2311 603 2336 τῶν
633 2309 760 2346 οὐρανῶν-ρ
775 2307 889 2337 ἐντεῦθεν

65 2357 121 2393 ἤδη
136 2361 200 2386 πᾶσι
216 2356 312 2384 δίδοται
332 2362 392 2386 τοῖς
421 2353 579 2393 σπουόιίοις,
604 2352 622 2386 ἢ
652 2352 718 2390 μετὰ
740 2353 789 2386 τὴν
817 2351 890 2380 λύσιν

65 2407 113 2432 τοῦ
129 2403 252 2440 σώματος
268 2410 276 2441 ;
293 2402 322 2430 Εἰ
337 2400 384 2438 μὲν
410 2399 454 2427 οὖν
483 2398 609 2434 ἐντεῦθεν,
638 2399 669 2425 τὸ
698 2403 771 2430 νῖκος
792 2396 892 2425 ἀκατα-

67 2448 208 2487 μάχητον,
222 2447 240 2479 ἡ
256 2445 328 2485 χαρὰ
342 2442 535 2482 ἆνεκλάλητος,
550 2442 601 2487 καὶ,
618 2442 635 2475 ἡ
663 2442 728 2480 πρὸς
745 2442 790 2469 τὸν
805 2442 892 2487 παρά-

66 2485 154 2520 δεισον
183 2485 260 2528 ἡμῶν
296 2488 386 2520 ἄνοδος
416 2487 535 2527 ἐλευθέρα
553 2495 560 2501 ·
590 2486 698 2513 ’ἵσταται
733 2487 782 2525 γὰρ
818 2485 892 2528 οὖτος

65 2537 137 2565 κατὰ
150 2527 220 2567 θείας
241 2535 347 2572 ἀμέσως
363 2532 502 2564 ἀνατολάς.
520 2532 548 2559 Εἰ
571 2530 597 2558 δὲ
624 2530 691 2567 μετὰ
719 2530 821 2567 πότμον
849 2527 894 2559 καὶ

65 2581 153 2618 λύσιν,
191 2579 331 2618 ζητητέον,
358 2579 380 2606 εἱ
408 2576 488 2617 φόϐου
517 2576 599 2615 χωρὶς
628 2576 645 2608 ἡ
669 2573 753 2606 ἔξοδος
779 2575 889 2613 γίνεται,

65 2627 112 2654 καὶ
133 2626 157 2653 τί
172 2625 235 2653 ποτὲ
250 2624 305 2652 ἐστι
320 2622 439 2662 βασιλεία
463 2621 588 2661 οὔρανὼν,
613 2620 656 2647 καὶ
679 2619 798 2657 βασιλεία
814 2620 890 2656 Geo-3,

66 2671 113 2699 καὶ
127 2669 281 2709 παράδεισος
297 2669 421 2707 μάθωμεν
437 2676 444 2684 “
475 2666 519 2694 καὶ
547 2665 571 2692 τί
598 2669 644 2694 τοῦ
667 2664 756 2703 ἑτέρου
779 2663 892 2703 διαφέρει

66 2717 99 2744 τὸ
116 2708 215 2754 ἕτερον,
238 2715 282 2742 καὶ
296 2714 334 2746 τίς
350 2714 364 2741 ὂ
379 2712 475 2753 χρόνος
497 2711 596 2739 τούτων
619 2709 740 2746 ἑκάστου,
769 2709 813 2737 καὶ
828 2710 850 2736 εἰ
865 2708 892 2736 ἐν

69 2766 130 2791 τοῖς
160 2753 315 2799 ἀμφοτέροις
343 2758 481 2798 γινόμεθα,
502 2756 545 2784 καὶ
569 2758 639 2791 πῶς,
674 2754 718 2799 καὶ
745 2753 819 2791 πότε,
850 2754 893 2781 καὶ

69 2806 140 2844 μετὰ
154 2798 236 2833 πόσον
252 2804 360 2844 χρόνον.
374 2799 403 2831 Ὀ
419 2803 468 2841 γὰρ
483 2801 550 2829 εἴσω
570 2802 620 2832 τῆς
636 2798 747 2844 πρώτης
765 2798 890 2844 γεγονὼς,

69 2842 108 2879 ἔνι
138 2850 234 2889 περιὼν
254 2842 306 2876 ’καὶ
343 2849 392 2881 τὴν
420 2847 503 2886 σάρκα
533 2847 632 2884 φορῶν,
661 2845 713 2870 τῶν
739 2842 834 2882 ἐτέρων
864 2845 893 2872 οὖ

71 2895 228 2934 διήμαρτεν.

930 1553 990 1580 tum
1007 1549 1191 1590 principiain
1203 1559 1335 1589 currum,
1350 1556 1477 1591 quatuor
1484 1561 1552 1582 vero
1569 1560 1674 1583 sensus
1685 1551 1753 1582 sub-

930 1594 1008 1625 ditos
1024 1594 1053 1624 in
1068 1595 1205 1626 thronum
1223 1595 1363 1636 disponit,
1379 1605 1413 1626 ac
1429 1596 1578 1627 debellata
1595 1595 1693 1627 carnis
1708 1599 1752 1636 ty-

930 1639 1065 1676 rannide,
1092 1639 1242 1679 quadrigis
1270 1644 1370 1680 raptos
1391 1640 1422 1671 in
1447 1641 1554 1672 coelum
1572 1641 1707 1672 evehitur
1721 1645 1753 1670 et

931 1691 1030 1714 astans
1039 1684 1100 1723 regi
1116 1685 1306 1724 saeculorum,
1323 1689 1481 1715 coronatur
1496 1695 1607 1716 corona
1619 1685 1753 1716 victoriae

931 1728 961 1758 in
973 1737 1067 1768 eoque
1083 1737 1099 1758 a
1114 1737 1205 1759 cursu
1220 1728 1366 1760 laborioso
1383 1730 1556 1770 requiescit.

971 1862 1020 1894 96.
1038 1861 1076 1892 Iis
1086 1861 1135 1901 qui
1146 1866 1277 1902 tempore
1289 1864 1546 1903 contemplationis
1559 1864 1753 1904 perﬁciuntur

932 1912 961 1938 et
977 1907 1142 1938 innituntur
1166 1908 1312 1938 columnis
1337 1908 1464 1948 Spiritus
1479 1909 1583 1947 sancti,
1601 1909 1676 1940 calix
1692 1909 1751 1939 mi-

931 1957 1041 1989 scetur,
1059 1956 1086 1982 et
1102 1952 1185 1992 panis
1200 1953 1322 1982 olfertur
1338 1952 1374 1983 de
1388 1953 1480 1992 regali
1497 1962 1609 1990 mensa,
1627 1954 1753 1984 thronus

931 1997 966 2027 ad
978 1996 1223 2036 requiescendum
1236 1997 1485 2036 apponitur,etad
1497 1998 1701 2028 ditescendum
1708 2007 1754 2028 ar-

930 2041 1009 2080 genti
1033 2041 1318 2081 margaritarumque
1344 2045 1373 2071 et
1395 2041 1526 2081 lapidum
1547 2043 1702 2072 thesaurus
1722 2042 1753 2072 in

932 2086 1024 2126 portis
1038 2085 1186 2125 reperitur
1199 2085 1422 2126 innumeraeque
1438 2086 1547 2117 divitiae
1562 2086 1593 2116 in
1615 2086 1754 2117 manibus

932 2131 1099 2161 traduntur.
1110 2129 1170 2160 Hos
1183 2134 1267 2161 antea
1277 2130 1313 2161 ad
1322 2131 1470 2170 agendum
1481 2131 1646 2171 praecipites
1659 2133 1754 2171 praxis

931 2175 1135 2206 consideratus
1151 2174 1292 2208 elﬁciens.
1312 2175 1354 2205 eis
1365 2175 1478 2213 regiam
1493 2175 1676 2215 gravitatem,
1695 2185 1754 2206 non

931 2228 1000 2250 vero
1017 2219 1172 2258 pignorum
1190 2219 1359 2250 tarditatem
1377 2221 1436 2251 dat.

971 2309 1021 2340 97.
1035 2308 1223 2339 Ccelorumne
1233 2317 1357 2347 regnum
1365 2309 1428 2349 jam
1441 2318 1520 2339 nunc
1531 2309 1562 2340 in
1575 2314 1653 2340 terra
1661 2310 1757 2340 omni-

932 2353 988 2384 bus
1004 2353 1061 2386 niis
1074 2353 1169 2389 datur,
1186 2362 1223 2383 an
1240 2357 1351 2384 tantum
1369 2358 1434 2394 post
1451 2354 1629 2385 solutionem
1645 2364 1752 2394 corpo-

932 2397 997 2428 ris?
1014 2397 1045 2428 Si
1068 2397 1105 2427 ab
1132 2397 1178 2427 his
1195 2397 1292 2438 terris,
1318 2407 1388 2438 ergo
1401 2399 1462 2438 jam
1480 2407 1559 2430 nunc
1573 2398 1696 2429 victoria
1712 2403 1756 2430 est

933 2441 1180 2482 inexpugnabilis,
1198 2447 1226 2472 et
1240 2442 1378 2481 gaudium
1389 2442 1600 2480 inenarrabile,
1619 2447 1648 2473 et
1663 2443 1756 2474 libera

934 2487 1068 2518 ascensio
1083 2486 1118 2516 ad
1136 2486 1302 2526 paradisum
1314 2491 1458 2525 nostrum,
1471 2487 1519 2518 hic
1530 2487 1610 2518 enim
1626 2488 1757 2527 aperitur

935 2531 1032 2562 statim
1050 2540 1083 2561 ac
1098 2531 1215 2562 divinus
1231 2531 1274 2561 sol
1289 2531 1384 2562 oritur
1397 2532 1427 2562 in
1443 2531 1539 2561 nobis.
1557 2532 1588 2563 Si
1604 2541 1672 2562 vero
1692 2536 1757 2571 post

935 2580 1061 2606 mortem
1077 2579 1105 2605 et
1118 2576 1250 2615 corporis
1266 2576 1456 2613 solutionem;
1467 2576 1660 2615 quaerendum
1671 2575 1757 2606 nobis

934 2624 979 2650 est
992 2629 1029 2649 an
1041 2619 1105 2649 sine
1119 2623 1198 2649 metu
1211 2619 1249 2649 sit
1266 2619 1361 2649 exitus
1373 2619 1437 2650 vitae
1448 2629 1481 2650 ac
1497 2619 1673 2650 discendum
1685 2619 1756 2660 quid

933 2663 971 2694 sil
986 2673 1109 2703 regnum
1125 2663 1189 2698 Dei,
1202 2664 1252 2702 qui
1265 2673 1387 2702 regnum
1403 2663 1544 2694 caelorum
1555 2668 1583 2694 et
1592 2664 1754 2704 paradisus,

933 2708 964 2738 in
992 2717 1049 2747 quo
1079 2707 1196 2738 diﬂ'erat
1223 2717 1314 2737 unum
1341 2707 1377 2737 ab
1406 2709 1509 2744 altero,
1543 2708 1692 2747 quodnam
1719 2707 1756 2737 sit

934 2752 1083 2791 utriusque
1097 2755 1223 2791 tempus,
1235 2760 1272 2781 an
1285 2751 1315 2782 in
1328 2751 1471 2782 ambobus
1481 2751 1585 2791 simus,
1595 2751 1755 2792 quomodo,

934 2796 1050 2836 quando
1067 2800 1095 2826 et
1109 2801 1217 2835 quanto
1243 2800 1386 2836 tempore.
1403 2795 1458 2832 Qui
1471 2796 1549 2826 enim
1566 2796 1647 2836 prius
1662 2795 1756 2825 intra-

933 2841 973 2871 vit
1001 2840 1096 2870 adhuc
1125 2840 1225 2870 vivens
1251 2844 1279 2870 et
1320 2849 1409 2871 carne
1431 2840 1563 2878 indutus,
1585 2840 1680 2870 altero
1696 2848 1755 2869 non

935 2883 1134 2915 frustrabitur.
