1975 3071
191 162 195 166 ~
207 142 278 175 1011
845 145 997 178 NIGET/E
1025 146 1031 176 I

1080 147 1239 179 ITORATI
1811 148 1904 180 1012

204 211 245 241 sis
256 220 307 257 eos
321 213 489 244 absolvunt.
509 213 561 244 His
587 213 725 243 omnibus
748 217 846 244 autem
871 214 1024 253 proprium

1080 226 1111 248 ὀς
1146 217 1273 254 γίγνεται.
1305 216 1380 245 Ἐκεῖ
1409 219 1458 257 γὰρ
1494 218 1532 246 ἔτι
1565 221 1618 245 τῶν
1649 219 1834 257 εἰσαγωγικῶν
1869 219 1914 249 εἷς

205 259 249 286 est
264 255 375 302 dicere,
393 258 440 288 his
454 257 574 297 quidem
589 267 595 288 :
612 258 754 296 Benedic,
772 267 870 298 quasso
885 268 893 295 ;
909 257 967 289 illis
978 268 1028 288 au-

1080 260 1175 297 ιγῶνας
1217 260 1362 301 ’τελοῦντες⁷
1407 263 1450 290 καὶ
1490 263 1538 296 τὴν
1575 263 1667 290 στάσιν
1706 263 1832 302 ἔχοντες,
1880 265 1916 291 οὗ

205 303 264 330 tem
278 311 284 329 :
302 300 399 333 Salvet
411 305 438 332 te
454 296 532 333 Deus
545 303 551 332 l
781 296 789 298 “

1080 305 1134 343 πρὸς
1164 305 1245 341 μόνας
1288 306 1334 337 τὰς
1376 309 1429 334 τῶν
1463 309 1554 335 παθῶν
1582 307 1726 346 ἐνεργείπς,
1756 307 1826 335 ἀλλὰ
1860 308 1914 335 καὶ

203 346 268 383 πρὸς
296 347 343 378 τὰς
371 352 418 376 τοῦ
460 351 504 375 νοῦ
536 348 691 387 φαντασίαις,
735 349 778 375 καὶ
814 349 878 386 πρὸς
921 348 952 375 τὰ
991 349 1043 375 τῶν
1084 349 1207 388 πονηρῶν
1243 349 1387 387 ἰνδάλματα
1425 350 1562 390 λογισμῶν
1603 351 1810 391 ἀπερικάλυπτοι
1856 352 1912 382 τὰς

204 390 320 429 κεφκλὰς
360 391 501 431 ἐρχόμενοι
543 391 658 419 χ).ινοῦσι
702 393 797 423 ταύτας
845 395 898 419 τῶν
946 392 1090 431 εἰρημένων
1137 393 1260 429 Πατέρων
1309 394 1421 423 ἐνώπιον
1440 404 1446 410 '
1500 401 1577 425 τοῦτο
1629 396 1688 434 μὲν,
1732 397 1780 430 τὴν
1834 398 1912 435 πρὸς

204 435 297 467 αὐτοὺς
324 435 453 464 δούλωσιν
494 437 538 464 καὶ
578 438 735 464 ταπείνωσιν
776 436 976 476 ἐνδεικνύμενοι³
1010 442 1086 466 τοῦτο
1128 436 1154 465 δὲ
1190 439 1233 466 καὶ
1267 439 1315 472 τὴν
1356 440 1419 479 παρ’
1461 440 1566 468 ἐιείνων
1608 440 1727 480 εὔλογίςιν
1762 442 1912 478 τυπούμε-

205 491 244 507 νοι
275 481 317 508 καὶ
353 481 513 518 αἱτούμενοι.
551 483 579 509 Οἱ

1288 306 1334 337 τὰς

616 481 642 508 δὲ
680 485 770 521 πρῶτα
813 481 861 519 μὲν
891 483 992 520 σταυρῷ
1020 482 1066 513 τὰς
1093 483 1191 510 τούτων
1221 483 1432 523 ἐπισφραγὶζουσι
1460 484 1577 524 κεφαλάς
1596 493 1601 499 ”
1641 486 1701 513 εἶτα
1737 487 1782 517 τὰς
1814 485 1912 518 δεξιὰς

205 526 302 563 χεῖρις
330 531 392 556 ταῖς
419 525 512 564 ripa“;
541 525 697 557 ἐπιτιθέντες
734 528 830 561 αὐτῶν,
867 526 910 553 καὶ
944 526 999 562 ἅμα
1028 526 1073 556 τὰς
1102 526 1262 560 ent-.3055“:
1291 529 1314 556 οἱ
1341 527 1429 560 θέντες
1458 529 1629 566 ἀπωσάμενοι
1659 537 1754 569 γετρις
1781 530 1911 569 star/0'-

205 580 279 606 μενοι
310 570 403 601 αὐτοὺς
433 569 604 600 ἀπολύουσιν,
638 569 702 598 Ιδιον
730 569 756 597 δὲ
786 571 885 601 τιλύτως
914 571 991 597 πᾶσίν
1020 569 1074 598 ἐπι
1095 571 1125 598 τί)
1146 578 1204 602 τοῖς
1231 572 1290 608 μὲν,
1323 572 1475 612 Εὖλόγησον
1503 574 1629 613 εὔχομαι,
1654 562 1754 613 λέγειν,
1784 562 1911 606 τοτςκδέ

206 613 294 642 Σώσαι
311 624 340 642 σε
356 615 369 641 ὁ
392 614 468 645 Θεός.
1398 608 1403 612 1
1535 608 1553 613 Η

969 879 1138 916 INCIPIT

503 977 1106 1043 CUJUSDAM
1167 977 1607 1045 NICETAE‘.

704 1094 881 1117 PRESBYTEHI
904 1093 939 1116 ET
960 1093 1093 1116 MONACHI
1115 1092 1292 1116 MONAS'I‘ERII
1315 1094 1408 1116 STUDII

398 1184 736 1238 LIBELLUS
783 1183 1061 1236 CONTRA
1107 1182 1407 1237 LATINOS
1453 1184 1704 1240 EDITUS

543 1297 583 1327 Et
598 1295 636 1326 ab
651 1295 846 1335 apocrisiaris
862 1293 1037 1334 apostolt'cw
1053 1294 1131 1324 Sedis
1146 1294 1412 1334 Constantinopoli
1427 1300 1564 1336 repertus

250 1493 271 1525 Ι.
289 1493 390 1525 Niceta
401 1493 555 1534 presbyter
564 1499 593 1525 et
606 1493 769 1524 monachus
783 1491 952 1522 monasterii
963 1492 1029 1522 Stu-
1041 1496 1059 1520 B
1071 1492 1156 1523 nobis
1169 1496 1213 1524 est
1227 1491 1487 1524 consubstantialis
1498 1493 1514 1523 ?
1533 1493 1616 1524 Alter
1626 1496 1725 1524 autem
1737 1495 1840 1527 nullus
1857 1501 1910 1528 est

209 1538 338 1576 diorum,
355 1538 406 1579 qui
417 1539 618 1579 praenominor
631 1538 798 1569 Pectoratus
814 1546 820 1567 :
838 1535 1031 1582 Romanisple
1073 1536 1160 1582 nobis
1179 1536 1440 1568 consubstantialis
1459 1538 1555 1579 panis,
1577 1538 1630 1569 sed
1651 1548 1760 1579 corpus
1779 1540 1904 1582 Christi,

210 1583 318 1623 azymis
329 1587 358 1613 et
371 1583 560 1614 sabbatorum
570 1583 705 1623 jejuniis,
723 1585 751 1612 el
762 1581 872 1622 nuptiis
888 1580 1029 1611 sacerdo-
1072 1581 1150 1622 quod
1158 1582 1406 1614 consimilenobis
1415 1583 1629 1614 estsecundum
1637 1593 1756 1615 carnem
1764 1580 1906 1617 humani-

210 1630 284 1658 tum.
303 1627 385 1658 Bona
400 1632 444 1659 est
459 1627 579 1658 dilectio
603 1628 638 1658 ad
663 1626 839 1667 proximum,
858 1635 874 1656 0
897 1626 1029 1656 omnium

210 1672 342 1710 gentium
360 1672 574 1712 sapientissimi
597 1676 626 1703 et
643 1670 820 1702 nobilissimi
836 1671 972 1710 Romani,
989 1669 1029 1700 Ex

210 1716 384 1748 habitudine
396 1717 476 1748 enim
488 1716 654 1748 dilectionis
662 1716 697 1747 ad
711 1715 889 1756 proximum,
900 1719 928 1746 et
937 1714 1031 1745 humi-

210 1761 277 1792 litas
297 1761 428 1792 abundat
445 1761 480 1792 ad
495 1770 562 1792 eum
574 1761 623 1802 qui
636 1760 722 1791 habet
744 1760 836 1790 illam.
852 1759 918 1800 Ipsa
932 1763 1031 1790 autem

211 1804 365 1835 abundans
377 1804 466 1836 efﬁcit
477 1805 651 1846 participem
661 1805 705 1835 sui
717 1803 816 1835 omnia
826 1803 960 1842 diligere,
971 1812 1034 1846 om-_

211 1849 260 1880 nia
272 1844 511 1887 sustinere,utait
521 1844 638 1880 divinus
649 1849 820 1890 Apostolus,
829 1851 923 1878 etnon
936 1844 1034 1878 inﬂari

210 1893 355 1925 adversus
369 1895 534 1934 proximum
546 1903 630 1925 suum
643 1893 913 1933 aliquando,ncque
925 1902 958 1922 ea
970 1902 1035 1932 quae

211 1939 305 1979 ipsius
313 1939 480 1970 soliussunt
490 1942 636 1979 quaerere,
645 1942 695 1969 aut
705 1938 799 1968 zelum
813 1937 923 1967 habere
934 1938 1034 1967 adver-

211 1993 261 2014 sus
272 1992 340 2019 eum
355 1987 385 2014 et
400 1984 622 2014 altercationem
635 1986 663 2014 et
678 1981 908 2013 aemulationem.
927 1980 1034 2012 Omnia

212 2028 292 2058 enim
315 2028 377 2058 hac
393 2028 583 2059 dilectionem
601 2031 823 2067 persequuntur
839 2030 867 2057 et
881 2026 1033 2056 humilita-

213 2076 285 2109 tem,
310 2076 339 2103 et
358 2072 469 2103 faciunt
493 2072 645 2103 hominem
671 2081 730 2101 non
759 2070 922 2102 secundum
943 2072 1034 2101 Deum

212 2116 374 2155 ambulare,
391 2117 442 2147 sed
459 2117 622 2148 secundum
638 2116 790 2146 hominum
806 2115 932 2145 libitum.
950 2115 1032 2151 Quod

1072 1627 1139 1657 tatis
1149 1626 1290 1667 ipsius.Si
1297 1631 1395 1658 autem
1407 1628 1535 1658 animata
1545 1633 1591 1658 est
1602 1631 1712 1658 nostra}
1722 1637 1827 1660 massae
1838 1631 1908 1661 sub-

1071 1672 1175 1702 stantia
1182 1671 1369 1712 quaVerbum
1377 1671 1472 1702 induit
1480 1681 1596 1711 se,ergo
1606 1681 1664 1710 non
1672 1672 1898 1706 substantialem

1073 1716 1158 1747 nobis
1168 1725 1273 1757 panem
1287 1716 1455 1753 comeditis,
1475 1717 1543 1757 quia
1557 1725 1724 1756 azymorum
1739 1718 1901 1759 participa-

1075 1760 1159 1792 mini.
1169 1762 1277 1801 Azyma
1285 1760 1363 1791 enim
1375 1760 1535 1791 inanimata
1543 1766 1625 1800 sunt,
1636 1760 1713 1791 sicut
1724 1761 1787 1801 ipsa
1799 1772 1900 1794 rerum

1076 1809 1183 1836 natura
1191 1805 1320 1836 declarat
1329 1809 1416 1845 atque
1427 1805 1567 1846 liquidius
1576 1805 1899 1839 edocet.lntermistum

1077 1849 1156 1880 enim
1168 1849 1316 1880 modicum
1328 1849 1505 1880 fermentum
1518 1849 1649 1880 infarina
1660 1854 1688 1879 et
1700 1851 1858 1882 commisla
1865 1853 1889 1883 si

1077 1893 1117 1933 bi,
1131 1893 1194 1933 ipsa
1205 1903 1293 1923 unam
1310 1893 1400 1923 efficit
1420 1893 1546 1933 seipsam
1569 1899 1691 1933 propter
1708 1894 1899 1936 fermentum,

1076 1937 1188 1968 vivifica
1198 1937 1323 1977 quadam
1335 1937 1451 1974 virtute,
1460 1942 1488 1968 et
1499 1937 1633 1968 calefacit
1643 1947 1720 1978 eam,
1729 1944 1758 1969 et
1769 1943 1828 1969 tum
1840 1949 1899 1970 mo-

1076 1982 1165 2013 bilem
1177 1991 1264 2022 quam
1274 1982 1365 2012 vivam
1379 1988 1528 2022 operatur.
1539 1982 1622 2018 Quod
1631 1983 1659 2012 in
1668 1992 1766 2022 azymo
1774 1984 1902 2015 fermen-

1077 2031 1104 2057 to
1116 2027 1343 2063 Pharisaeorum,
1351 2026 1428 2066 quod
1442 2027 1573 2066 effugere
1583 2036 1636 2057 nos
1644 2035 1743 2057 sermo
1750 2027 1901 2065 admonet,

1076 2080 1172 2111 neque
1186 2070 1320 2101 effectum
1345 2075 1389 2101 est
1401 2070 1571 2111 aliquando,
1585 2080 1683 2112 neque
1702 2071 1751 2102 fiet
1767 2073 1899 2104 omnino.

1076 2115 1191 2146 Divinas
1199 2115 1276 2146 enim
1288 2115 1384 2146 effecti
1397 2124 1500 2146 sumus
1511 2115 1670 2155 participes
1684 2118 1899 2157 naturze,cujus

213 2166 242 2193 et
253 2162 362 2192 Paulus
377 2162 482 2201 arguit,
500 2161 603 2192 dicens
617 2172 623 2192 ι
637 2174 648 2188 α
665 2161 736 2192 Cum
753 2160 790 2190 sit
805 2161 882 2190 inter
897 2169 945 2190 vus
954 2159 1033 2190 zelus
1043 2177 1063 2201 ρ
1076 2164 1104 2190 et
1116 2160 1326 2200 participamur
1336 2159 1479 2200 quotidie,
1493 2160 1543 2200 qui
1555 2160 1798 2191 communitatem
1812 2162 1900 2193 habe-

213 2210 240 2237 et
253 2206 403 2236 contentio
418 2210 446 2236 et
461 2206 620 2243 discordia,
638 2214 736 2236 nonne
752 2205 885 2235 carnales
906 2204 988 2241 estis,
1006 2208 1034 2234 et
1077 2214 1141 2235 mus
1151 2214 1216 2234 cum
1230 2204 1515 2241 Christo,sicutdicit
1527 2208 1555 2234 et
1569 2205 1673 2234 Petrus
1686 2208 1816 2235 vertexzn
1829 2205 1898 2237 Gra-

212 2250 378 2281 secundum
403 2251 554 2281 hominem
581 2249 763 2281 ambulatis?
781 2262 793 2276 »
813 2249 842 2282 (Ι
855 2249 920 2279 Cor.
945 2257 987 2280 ut.
1005 2247 1033 2286 3)

212 2297 340 2336 Propter
355 2296 433 2336 quod
449 2305 519 2335 rogo
535 2301 660 2326 vestram
678 2294 862 2333 charitalem,
885 2292 1035 2324 humiliari

213 2349 265 2371 vos
280 2345 403 2380 propter
418 2339 471 2370 Dei
484 2344 675 2380 prmeeptum,
693 2342 721 2370 et
736 2338 838 2369 audire
854 2347 871 2368 a
886 2337 971 2368 nobis
987 2337 1035 2367 in-

214 2384 315 2425 dignis
326 2389 354 2415 et
370 2384 513 2415 minimis.

255 2429 290 2462 ΙΙ.
309 2429 507 2470 Requirentes
520 2429 599 2460 enim
613 2429 647 2459 ab
660 2429 718 2459 illis
727 2428 776 2469 qui
786 2437 819 2458 ex
835 2427 959 2457 diversis
969 2436 1035 2466 pro-

215 2474 320 2506 vinciis
335 2475 534 2506 Romanorum
554 2473 780 2514 peregrinantur
796 2473 843 2503 hic
859 2472 896 2502 (le
916 2471 1035 2512 azymis,

215 2519 286 2561 quid
300 2519 435 2550 dicemus
450 2519 487 2549 de
500 2519 546 2549 his
562 2519 592 2549 in
608 2519 767 2549 dilectione
785 2516 894 2549 Christi
904 2516 947 2561 ad
964 2516 1038 2547 vos?

216 2564 272 2601 Qui
287 2573 454 2604 azymorum
466 2563 562 2594 adhuc
579 2563 765 2604 participant,
781 2561 838 2593 sub
851 2560 956 2591 umbra
968 2561 1038 2600 legis

216 2613 328 2647 sunt,et
339 2608 530 2640 Hebraeorum
544 2617 677 2639 mensam
690 2607 860 2646 comedunt,
873 2615 931 2635 non
941 2609 1037 2636 autem

215 2654 390 2685 rationalem
416 2657 444 2684 et
470 2653 565 2684 vivam
593 2652 646 2682 Dei
669 2660 816 2687 mensam,
844 2654 872 2680 et
888 2649 973 2680 nobis
988 2649 1037 2689 qui

216 2698 400 2730 credidimus
428 2697 760 2738 supersubstantialem,
789 2695 1039 2736 quemadmodum

217 2745 354 2785 superius
370 2745 489 2785 exigere
510 2743 826 2784 supersubstantialem
849 2741 926 2772 docti
939 2749 1040 2770 sumus

219 2799 338 2830 panem.
355 2789 429 2826 Quid
443 2790 522 2820 enim
540 2792 584 2819 est
599 2785 963 2828 supersubstantialis,nisi
972 2785 1040 2825 quia

1076 2249 1116 2279 tia
1127 2248 1207 2279 vobis
1220 2252 1247 2278 et
1259 2258 1311 2288 pax
1331 2248 1543 2288 multiplicetur
1555 2248 1584 2278 in
1599 2248 1767 2288 cognitione
1791 2250 1853 2290 Dei,
1872 2256 1898 2282 et

1075 2293 1147 2324 Jesu
1161 2293 1277 2324 Domini
1290 2293 1381 2323 nostri
1394 2293 1554 2330 t1Petr.,x,
1573 2293 1636 2333 9).:
1653 2293 1687 2323 Et
1701 2298 1766 2333 post
1787 2304 1895 2334 pauca:

1081 2348 1093 2368 α
1106 2337 1205 2378 Utper
1224 2347 1288 2369 eam
1300 2337 1471 2368 efficiamini
1490 2337 1595 2368 divinae
1617 2338 1777 2378 participes
1790 2343 1895 2371 natura;

1080 2382 1125 2423 (II
1132 2382 1212 2413 Pctr.
1222 2391 1243 2421 I,
1252 2383 1293 2419 4),
1305 2394 1315 2410 υ
1327 2392 1384 2412 non
1396 2386 1494 2412 autem
1510 2383 1655 2412 fermento
1665 2383 1756 2423 azymi
1767 2383 1895 2415 interfec-

1078 2430 1175 2456 torum
1186 2426 1250 2457 Dei;
1262 2426 1394 2458 Divinam
1407 2430 1503 2456 autem
1517 2430 1664 2467 naturam,
1675 2427 1806 2467 quisquis
1815 2429 1897 2460 ratio-

1079 2472 1124 2502 nis
1135 2475 1180 2502 est
1190 2471 1338 2508 dominus,
1354 2471 1432 2501 dicet
1447 2471 1605 2511 aliquando
1621 2481 1752 2511 azymum
1769 2476 1796 2502 et
1819 2483 1895 2504 mor-

1081 2520 1163 2546 tuum
1178 2516 1355 2546 fermentum
1367 2515 1550 2552 Judzeorum,
1560 2515 1637 2555 quod
1652 2517 1680 2545 in
1694 2516 1838 2555 εδει-παρ
1849 2527 1896 2548 vos

1081 2560 1141 2591 Deo
1157 2559 1281 2599 offertis,
1291 2559 1367 2600 quod
1378 2561 1407 2589 in
1420 2561 1514 2599 figura
1525 2569 1601 2590 verae
1612 2564 1639 2590 et
1650 2560 1719 2590 vivae
1733 2559 1830 2592 carm
1838 2562 1895 2592 Do-

1082 2605 1154 2635 mini
1169 2604 1341 2635 comeditis?
1355 2604 1506 2640 Quomodo
1520 2605 1666 2635 unitatem
1675 2604 1821 2635 habebitis
1835 2617 1895 2637 cum

1080 2649 1209 2683 Christo,
1229 2649 1344 2679 vivente
1358 2650 1429 2687 Deo,
1453 2653 1612 2689 mortuum,
1635 2653 1665 2679 ut
1683 2649 1794 2679 dictum
1808 2656 1858 2692 est,
1871 2657 1897 2682 et

1080 2694 1319 2724 infermentatum
1332 2694 1509 2724 fermentum
1524 2693 1729 2730 comedentes,
1743 2693 1826 2733 legis,
1839 2706 1897 2726 um-

1080 2737 1298 2778 brae,nonNovi
1309 2737 1507 2769 Testamenti?
1518 2737 1548 2769 Si
1559 2738 1639 2768 enim
1651 2742 1678 2768 et
1692 2738 1746 2768 hoc
1758 2739 1894 2778 d.xeritis,

1081 2783 1132 2814 sed
1147 2792 1204 2812 non
1226 2782 1269 2813 sic
1288 2792 1320 2813 se
1338 2782 1436 2814 habet.
1452 2782 1550 2824 Inquit
1563 2783 1641 2813 enim
1655 2782 1782 2813 dilectus
1798 2783 1896 2817 Christi
