1975 3071
103 178 182 210 1013

781 177 933 209 CONTRA
955 176 1129 209 LATINOS.

1716 174 1795 207 1014

100 243 266 284 discipulus
279 254 286 274 :
303 255 314 271 (ι
331 243 359 275 Si
372 243 534 275 dixerimus
544 244 614 284 quia
623 243 867 274 communitatem
878 243 925 274 ha-
935 248 956 272 A
968 253 1022 274 nos
1038 248 1066 274 et
1077 244 1228 275 immolato
1240 244 1357 275 Christo
1369 244 1562 284 incorporati,
1583 248 1612 275 et
1633 243 1711 275 velut
1725 253 1793 275 caro

102 288 211 319 bemus
225 298 291 319 cum
305 298 351 324 eo,
367 293 394 319 et
406 289 436 319 in
454 289 585 319 tenebris
605 288 800 323 ambulamus,
817 288 924 318 menti-

103 342 182 370 mur,
193 337 290 364 etnon
303 333 426 364 facimus
441 333 606 364 veritatem.
618 332 648 363 Si
660 337 758 363 autem
773 333 802 362 in
815 333 926 363 lumine

101 377 443 418 ambulamussicutipse
450 383 494 408 est
506 378 535 408 in
549 378 673 417 lumine,
684 377 927 408 communitatem

102 421 249 452 habemus
263 422 300 452 ad
316 422 454 460 invicem,
473 426 502 453 et
520 422 639 461 sanguis
650 423 719 452 Jesu
745 422 854 452 Chriin
870 431 926 462 pu-

101 467 200 497 rificat
217 477 270 497 nos
285 467 320 497 ab
337 469 417 499 omni
435 472 556 508 peccato
571 467 602 505 (l
616 467 706 498 Joan.
719 476 738 504 ι,
752 467 836 506 6,7).
849 480 861 494 υ
873 466 928 502 Qui

100 520 175 550 ergo
192 521 288 551 azyma
305 513 447 550 comedit,
461 514 490 543 in
503 513 634 544 tenebris
650 512 723 551 legis
736 511 876 541 ambulat.
892 512 927 542 Et

99 556 250 595 quomodo
271 556 355 597 [non]
378 556 496 587 habebit
521 557 689 587 societatem
710 565 776 586 cum
798 555 925 594 Christo,

98 600 207 638 quiest
224 600 251 630 in
275 601 387 632 lumine
408 601 480 632 Novi
502 601 548 632 sui
562 600 745 632 Testamenti
761 604 789 630 et
806 599 928 639 gratiae?

98 643 174 673 Nam
188 644 239 683 qui
256 645 284 675 in
301 645 413 675 lumine
429 645 580 676 ambulant
603 644 714 683 gratim,
744 653 848 684 panem
871 653 923 673 co-

101 688 225 718 medunt
243 689 293 729 qui
309 693 352 720 est
368 699 474 730 corpus
497 689 614 723 Christi.
634 694 661 719 et
677 688 780 719 bibunt
802 688 921 727 sangui-

100 741 170 762 nem
182 732 403 764 immaculatum
417 735 491 774 ejus,
510 739 538 764 et
554 734 592 764 ita
608 734 717 764 habent
729 734 764 763 ad
782 733 919 768 invicem,

98 781 128 806 et
145 786 212 808 cum
231 778 346 809 Christo
368 780 551 817 societatem,
577 778 732 818 puriticati,
751 778 828 808 sicut
851 777 915 808 dic-

968 289 1130 328 ejus,sicut
1143 289 1288 329 scriptum
1304 292 1359 319 est.
1376 289 1407 320 Si
1419 293 1516 319 autem
1535 289 1572 319 ad
1584 289 1748 320 increatam
1765 292 1795 320 et

968 332 1174 373 incorpoream
1192 338 1325 363 naturam
1343 332 1611 363 sanctm'l‘rinitatis
1626 332 1792 374 assumitis,

971 377 1074 407 erratis
1090 377 1230 407 cadentes
1243 377 1272 407 in
1297 377 1433 407 hzeresim
1451 386 1555 407 eorum
1580 377 1630 417 qui
1655 380 1793 407 asserunt

970 421 1063 452 Deum
1081 431 1210 461 passum,
1220 421 1270 461 qui
1283 421 1384 452 dicunt
1393 430 1580 460 compassum
1589 420 1720 451 Verbum
1730 430 1796 452 car-

969 465 1011 502 ni,
1019 470 1048 496 et
1061 466 1195 496 eamdem
1210 467 1302 506 ipsam
1315 466 1330 496 d
1338 466 1456 496 eitatem
1476 465 1654 496 sustinuisse
1675 465 1792 506 passio-

971 510 1116 540 nem.Non
1129 511 1207 540 enim
1222 511 1332 550 pariter
1342 510 1473 541 Trinitas
1484 510 1636 541 incarnata
1645 511 1793 548 est,Pater

969 559 997 584 et
1010 555 1101 585 Filius
1114 560 1141 585 et
1155 555 1285 594 Spiritus
1297 558 1426 592 sanctus,
1441 554 1701 594 utconspiciantur
1713 554 1742 585 in
1756 564 1791 586 ea

969 599 1029 628 haec
1044 599 1109 639 tria,
1122 608 1197 638 aqua
1212 603 1242 629 ut
1253 599 1372 635 dicitur,
1385 599 1479 629 farina
1497 602 1527 629 et
1542 598 1618 637 ignis
1630 602 1659 629 et
1672 602 1703 629 ut
1712 598 1743 629 in
1755 599 1791 629 ﬁ-

966 652 1038 682 gura
1051 643 1144 683 ipsius
1158 643 1269 674 faciatis
1283 652 1416 682 azymum
1437 647 1466 673 et
1485 642 1663 673 sacrificium
1679 642 1789 673 offera-

966 687 1002 717 tis
1015 698 1022 717 :
1035 688 1085 718 sed
1102 697 1176 718 unus
1185 697 1219 718 ex
1230 688 1378 718 Trinitate
1389 687 1490 724 Filius,
1505 691 1533 717 et
1542 687 1672 717 Verbum
1685 687 1735 717 Dei
1746 687 1794 718 in-

964 737 1116 762 carnatum
1131 741 1226 768 est,ex
1236 732 1412 763 castissimis
1433 736 1543 762 sanctze
1557 731 1684 770 Virginis
1693 732 1795 763 carni-

961 777 1015 807 bus
1031 778 1117 807 homo
1137 778 1412 814 etiectus;etomnia
1422 776 1614 807 ordinationis
1623 786 1683 807 sua:
1704 777 1797 816 perﬁ—

99 825 161 851 tum
178 827 231 856 est,
249 823 286 852 ab
302 823 381 853 omni
398 823 632 864 inquinamento.
658 826 794 862 Azymum
820 826 917 852 autem
961 822 1268 852 eiens.cruritixusest
1289 831 1451 862 carne,uon
1473 831 1556 861 passa
1576 820 1727 852 divinitate
1749 823 1795 862 ip-

99 875 159 896 non
184 871 228 897 est
254 868 346 907 panis.
373 867 473 908 Neque
498 868 575 898 enim
606 868 796 908 compositus,
823 876 919 906 neque
961 864 1634 906 siustlarneigiturcruciﬁxus,tradiditnobis
1645 865 1797 906 edereper

99 920 153 951 per
167 921 199 942 se
215 911 311 951 ipsum
327 914 474 952 perfectus
485 917 542 949 est,
559 913 610 943 sed
627 913 763 951 indigens
785 912 919 952 semique
933 944 950 952 ῃ
963 920 1068 950 panem
1088 920 1207 941 carnem
1227 921 1322 950 suam,
1340 920 1426 951 quam
1444 912 1472 941 in
1488 910 1602 950 Spiritu
1618 913 1722 940 sancto
1748 910 1796 940 ita

99 944 256 995 perlectus,
284 944 420 996 indigens
448 944 634 998 plenitudine
658 944 806 987 fermenti.
832 944 951 988 l’uhisB
965 944 1057 986 vivam
1083 956 1209 986 dicimus
1227 967 1233 986 :
1254 968 1267 984 α
1287 944 1420 995 Accipite
1437 959 1466 986 et
1480 944 1641 991 conmedite,
1668 954 1725 985 hoc
1746 957 1790 985 est

99 1003 198 1030 autem
216 1001 407 1041 compositus,
436 1012 487 1042 per
508 1002 638 1042 seipsum
663 1002 811 1042 perfectus
835 1006 881 1032 est
896 1007 925 1032 et
966 1010 1074 1040 corpus
1097 1010 1206 1038 meum,
1220 1001 1296 1040 quod
1314 1010 1366 1040 pro
1386 1000 1468 1030 vobis
1479 999 1604 1030 fractum
1621 1001 1676 1036 est,
1692 999 1723 1029 in
1739 1007 1790 1030 re-

99 1045 302 1085 plenissimus,
320 1046 395 1076 sicut
410 1046 459 1076 ille
483 1046 532 1086 qui
555 1051 645 1076 totum
669 1046 756 1076 habet
780 1046 807 1076 in
826 1047 923 1087 seipse

99 1089 306 1128 plenitudinis.

138 1133 188 1164 IlI.
206 1134 441 1165 Animadvertite
466 1139 496 1166 et
516 1135 660 1165 attendite
675 1135 743 1174 quia
758 1134 788 1164 in
813 1134 923 1174 azymis

98 1178 179 1209 nulla
195 1182 239 1209 est
253 1179 352 1210 vivens
369 1179 471 1217 virtus,
485 1184 599 1210 mortua
613 1179 691 1210 enim
709 1183 787 1215 sunt;
802 1179 830 1209 in
847 1188 923 1218 pane

96 1227 210 1259 autem,
231 1223 286 1254 hoc
301 1227 354 1258 est,
369 1233 494 1264 corpore
508 1224 629 1262 Christi,
648 1226 702 1254 tria
720 1228 786 1254 sunt
797 1223 922 1254 viventia

97 1271 126 1297 et
147 1267 236 1298 vitam
263 1268 423 1308 praebentia
439 1269 481 1299 eis
497 1269 548 1309 qui
569 1278 604 1299 ea
629 1269 718 1308 digne
734 1268 894 1298 comedunt
913 1277 918 1298 :

97 1312 239 1351 Spiritus,
260 1322 335 1352 aqua
358 1317 387 1343 et
407 1314 538 1352 sanguis,
559 1323 612 1344 ceu
628 1317 657 1344 et
671 1314 750 1353 ipse,
768 1315 816 1353 qui
832 1322 922 1352 super

99 1360 202 1395 pectus
217 1357 325 1388 Christi
339 1359 367 1388 in
380 1367 464 1389 coena
474 1358 619 1395 recubuit,
637 1359 764 1389 Joannes
777 1357 919 1387 contesti-

99 1401 205 1432 ﬁcatur
216 1401 246 1432 in
263 1411 298 1432 eo
314 1402 403 1433 verbo
420 1412 427 1433 :
449 1414 462 1431 ς
481 1403 554 1433 Tres
568 1407 636 1433 sunt
652 1403 701 1442 qui
718 1402 918 1433 testimonium

97 1445 181 1482 dant,
200 1445 335 1486 Spiritus,
363 1456 437 1487 aqua
455 1452 482 1478 et
499 1447 632 1487 sanguis,
650 1450 678 1477 et
694 1446 724 1477 hi
740 1451 799 1477 tres
814 1445 844 1476 in
860 1455 918 1477 uno

97 1494 167 1520 sunt
180 1490 306 1530 (1.10mi.
324 1492 406 1532 v,8,\,
428 1504 439 1519 »
458 1491 596 1522 videlicet
610 1491 641 1521 in
657 1500 781 1531 corpore
798 1490 917 1521 Christi.

967 1045 1141 1075 missionem
1159 1049 1346 1085 peccatorum
1361 1045 1488 1083 (Matth.
1500 1051 1582 1083 XXVI,
1594 1042 1720 1083 c26-28).
1738 1055 1749 1072 ι)

1007 1090 1040 1120 \".
1056 1089 1129 1125 Quid
1142 1099 1210 1128 ergo
1222 1089 1312 1127 vobis,
1330 1090 1360 1120 in
1378 1089 1496 1120 Christo
1512 1086 1653 1118 fratribus
1668 1087 1791 1118 nostris.

967 1138 994 1164 et
1005 1134 1061 1173 legi
1074 1144 1139 1174 quae
1153 1134 1307 1164 maledicta
1314 1139 1357 1164 est
1367 1134 1396 1164 in
1405 1133 1538 1164 Christo?
1548 1132 1686 1171 quoniam
1695 1131 1793 1163 adhuc

965 1187 1096 1218 azymum
1110 1179 1287 1209 fermentum
1301 1179 1366 1218 ejus
1375 1176 1546 1208 comeditis?
1556 1176 1636 1207 Nova
1654 1181 1791 1208 creatura

964 1233 1065 1253 smnus
1077 1223 1106 1252 in
1120 1223 1234 1253 Christo
1244 1233 1250 1254 :
1260 1227 1360 1254 vetera
1372 1221 1698 1253 transierunt.Paulum
1709 1220 1794 1252 audi-

963 1273 991 1298 te
1001 1268 1149 1298 dicenti-1n
1165 1277 1170 1298 :
1189 1281 1201 1294 ιι
1216 1268 1290 1298 Ecce
1303 1270 1376 1299 facta
1387 1272 1454 1298 sunt
1466 1268 1567 1298 omnia
1580 1276 1653 1299 nova
1664 1267 1706 1301 (ΙΙ
1717 1267 1788 1298 Cor.

962 1321 990 1349 v,
1005 1313 1059 1349 ιτ).
1075 1326 1085 1339 ››
1099 1313 1130 1343 Si
1140 1318 1238 1343 autem
1250 1313 1312 1343 lnec
1324 1313 1482 1343 comedere
1492 1311 1785 1351 decernitisjustum:

963 1367 1015 1387 cur
1028 1367 1086 1387 non
1108 1362 1135 1387 et
1159 1357 1425 1388 circumeidimini‘.’
1436 1357 1570 1388 Christus
1591 1355 1790 1387 circumcisus

963 1407 1007 1432 est
1028 1404 1085 1434 Cur
1099 1412 1155 1433 non
1169 1407 1197 1434 et
1213 1401 1430 1442 puriﬁcamini?
1444 1402 1550 1432 Paulus
1570 1401 1659 1432 etiam
1682 1404 1711 1431 et
1729 1401 1786 1431 hoc

962 1447 1030 1478 fecit
1038 1456 1044 1478 :
1055 1451 1083 1477 et
1093 1447 1151 1477 alia
1160 1447 1247 1478 etiam
1257 1446 1355 1477 omnia
1363 1446 1502 1477 similiter
1512 1455 1631 1476 servare
1638 1449 1786 1483 veterum,

962 1492 1039 1522 sicut
1050 1496 1078 1522 et
1087 1492 1115 1522 hi
1128 1501 1162 1522 ca
1172 1502 1236 1532 quae
1244 1492 1316 1530 legis
1323 1496 1391 1522 sunt
1399 1491 1520 1528 faciunt,
1533 1499 1586 1531 per
1593 1499 1667 1531 quos
1680 1499 1790 1520 nomen

97 1533 158 1569 Qod
176 1538 204 1564 et
217 1536 380 1566 secundum
398 1541 513 1576 tempus
535 1536 695 1566 Dominicae
717 1535 948 1570 crucitixionisc
962 1537 1016 1567 Dei
1028 1536 1057 1566 in
1069 1536 1450 1576 gentibusblasphematur,
1465 1535 1543 1566 sicut
1555 1538 1600 1565 est
1614 1535 1758 1574 scriptum
1779 1543 1786 1565 :

96 1579 276 1610 declaratum
287 1586 342 1615 est.
353 1591 420 1611 cmn
432 1590 506 1621 aqua
515 1581 670 1620 elsanguis
681 1590 715 1611 ex
727 1579 917 1610 immaculata

97 1627 176 1654 costa
190 1623 282 1663 ipsius
293 1625 406 1657 efﬂuxit
420 1637 426 1655 2
439 1626 543 1656 lancea
556 1634 695 1665 percussa
706 1634 793 1655 carne
811 1624 915 1664 ipsius,

96 1672 215 1699 sanctus
223 1668 349 1709 Spiritus
362 1681 373 1698 κ
383 1670 555 1709 ivificusque
567 1670 596 1700 in
608 1669 743 1700 tleilicata
755 1678 845 1699 carne
855 1669 918 1708 ejus

96 1714 270 1752 permansit.
279 1714 371 1750 Quam
383 1715 574 1746 comedentes
586 1715 614 1744 in
628 1713 916 1754 pane,quiimmuta-

95 1761 142 1787 tus
150 1763 195 1789 est
203 1759 403 1799 per-Spiritum
414 1765 441 1790 et
450 1760 573 1791 effectus
581 1763 737 1798 estcorpus
746 1758 866 1794 Christi,
879 1757 918 1787 vi-

94 1802 192 1833 vimus
202 1803 230 1834 in
243 1804 319 1844 ipso,
335 1808 472 1844 tanquam
481 1804 572 1834 vivam
583 1808 612 1834 et
621 1803 786 1834 deiﬁcatam
799 1811 917 1832 carnem

95 1846 281 1879 edentes.Sic
293 1852 390 1879 autem
404 1853 431 1879 et
444 1849 615 1888 sanguinem
627 1847 723 1877 vivum
736 1851 764 1877 et
775 1846 919 1876 calidissi-

95 1901 174 1922 mum
192 1893 256 1931 ejus
273 1893 410 1923 bibentes
425 1903 491 1924 cum
512 1893 652 1923 efﬂuente
668 1901 744 1932 aqua
760 1900 794 1921 ex
811 1891 918 1920 imma—

95 1936 190 1967 culata
205 1941 286 1968 costa
301 1938 377 1977 ejus,
391 1938 571 1968 mundamur
583 1937 618 1968 ab
635 1937 715 1967 omni
729 1936 849 1968 delicto.
863 1936 919 1965 fer-

94 1981 172 2012 venti
186 1982 338 2022 replemur
354 1982 476 2022 Spiritu.
500 1982 632 2013 Calidum
649 1981 742 2020 enim,
755 1985 785 2011 ut
801 1980 916 2017 videtis,

93 2026 173 2056 velut
189 2035 224 2057 ex
239 2027 332 2058 latere
350 2027 477 2064 Domini,
495 2027 617 2057 calicem
634 2026 775 2064 bibimus,
792 2025 860 2064 quia
875 2032 912 2054 ‘ex

95 2070 156 2100 viva
179 2080 268 2102 carne
285 2075 313 2102 et
330 2072 425 2102 calida
451 2072 554 2112 spiritu
582 2071 692 2102 Christi
714 2070 914 2101 calidissimus

95 2115 179 2147 nobis
195 2116 314 2155 sanguis
330 2121 358 2146 et
378 2125 453 2156 aqua
475 2117 630 2147 emanavit.
655 2115 738 2151 Quod
759 2114 789 2144 in
806 2114 849 2144 eis
865 2114 915 2154 qui

94 2169 191 2199 azyma
206 2161 378 2197 comedunt,
394 2162 494 2201 nequit
509 2162 585 2192 fieri.

963 1594 973 1608 ε
991 1581 1053 1611 Non
1066 1581 1142 1611 bona
1161 1585 1204 1611 est
1215 1581 1355 1620 gloriatio
1373 1584 1472 1611 vestra
1485 1581 1515 1618 (Ι
1527 1579 1598 1611 Cor.
1610 1588 1640 1618 v,
1653 1579 1697 1619 6),
1713 1582 1746 1609 ut
1759 1581 1790 1609 et

959 1636 1012 1665 ego
1025 1636 1089 1666 qua!
1103 1626 1184 1657 l’auli
1196 1630 1263 1656 sunt
1274 1625 1381 1666 loquar
1392 1625 1428 1655 ad
1440 1634 1491 1654 vos
1505 1633 1511 1655 :
1533 1637 1543 1651 α
1557 1623 1697 1661 Nescitis,
1709 1634 1720 1652 υ
1735 1623 1785 1653 in-

959 1670 1032 1710 quit,
1045 1682 1058 1697 «
1068 1670 1136 1710 quia
1145 1670 1292 1700 modicum
1300 1670 1479 1700 fermentum
1488 1672 1578 1699 totam
1586 1676 1712 1698 massam
1719 1676 1786 1698 cor-

960 1715 1115 1754 rumpit?»
1130 1714 1234 1754 (lbidj)
1253 1716 1287 1745 Et.
1307 1714 1391 1754 panis
1417 1713 1550 1751 tandem,
1570 1721 1628 1742 non
1649 1720 1782 1752 azymum

960 1759 1097 1789 efﬁcitur.
1116 1759 1172 1788 Sed
1190 1758 1260 1798 quid
1273 1759 1321 1789 hic
1337 1758 1435 1788 dictus
1451 1757 1614 1798 Apostolus
1629 1756 1735 1788 scribit
1749 1755 1787 1786 ad

960 1802 1152 1834 Corinthios?
1166 1802 1327 1842 Numquid,
1345 1807 1376 1833 ut
1390 1812 1441 1832 vos
1467 1801 1630 1839 restituatis,
1644 1801 1682 1831 de
1704 1800 1784 1831 cele-

961 1847 1094 1877 bratione
1114 1856 1201 1887 quam
1218 1856 1268 1877 vos
1284 1847 1314 1877 in
1334 1847 1441 1887 azymis
1467 1845 1651 1877 celebratis?
1667 1845 1787 1886 Nequa-

960 1901 1059 1931 quam,
1086 1891 1142 1922 Sed
1168 1891 1306 1931 quoniam
1332 1892 1373 1921 illi
1396 1891 1452 1921 hoc
1490 1890 1697 1930 despiciebant
1708 1889 1788 1930 quod

959 1937 1068 1976 aliquis
1081 1945 1236 1967 novercam
1249 1940 1418 1976 acceperat,
1432 1940 1460 1966 et
1470 1935 1499 1965 in
1511 1935 1642 1975 antiquis
1658 1943 1786 1965 consue-

965 1981 1116 2011 tudinibus
1130 1981 1210 2011 falsa:
1223 1982 1354 2012 scientize
1370 1990 1430 2011 sua:
1449 1979 1667 2019 gloriabantur;
1683 1979 1785 2009 volens

955 2031 1052 2056 autem
1061 2035 1110 2056 eos
1117 2026 1359 2056 convertil’aulus
1371 2030 1399 2056 et
1407 2034 1441 2055 ex
1448 2029 1544 2054 vetere
1551 2031 1705 2054 removere
1718 2032 1780 2054 ma-

956 2071 1030 2107 litia,
1046 2071 1125 2101 venit
1146 2080 1199 2110 per
1219 2070 1443 2100 similitudinem
1466 2067 1783 2105 hanc,fermentidico

943 2119 987 2149 ,οι
1003 2125 1117 2155 ιηίιςςίιι,
1130 2115 1258 2146 ostendit
1269 2116 1312 2145 eis
1324 2115 1462 2156 quoniam
1477 2123 1567 2144 unum
1584 2113 1706 2151 malum,
1719 2116 1782 2145 tan-

957 2169 1045 2200 quam
1058 2160 1206 2190 modicum
1216 2165 1434 2200 contemptum,
1448 2168 1582 2198 magnam
1595 2158 1625 2188 in
1639 2162 1698 2188 toto
1715 2167 1783 2188 cor-

133 2204 180 2236 IV.
201 2204 231 2235 Si
247 2209 345 2235 autem
362 2210 510 2236 mortuum
527 2207 703 2236 fermentum
720 2202 912 2239 comeditis,0
924 2207 944 2231 D
956 2201 1783 2244 porelﬂcclesizefacietlresionetii.Proptereainquitadji-

95 2249 319 2288 sapientissimi,
333 2254 362 2280 ut
374 2260 471 2280 sermo
483 2250 655 2286 declaravit,
667 2250 752 2288 cujus
766 2248 809 2278 rei
822 2247 915 2286 gratia

94 2293 270 2332 gloriamini,
293 2294 447 2325 dicentes:
464 2295 563 2330 «Quia
579 2305 636 2324 non
657 2295 733 2325 sicut
746 2303 796 2323 vos
809 2293 869 2322 sale
885 2296 913 2321 et

93 2338 235 2368 fermento
257 2342 343 2378 atque
363 2349 439 2379 aqua
459 2340 581 2370 farinam
600 2344 810 2378 temperamus,
826 2341 855 2367 et
870 2337 912 2367 sic

94 2382 214 2412 facimus
222 2383 401 2414 oblationem
413 2393 579 2423 azymorum
593 2382 828 2418 nostrorum,sed
838 2390 912 2421 aqua

94 2428 152 2458 sola
164 2431 191 2457 et
202 2427 295 2458 farina
303 2428 535 2468 etigniazymum
545 2428 765 2462 conticimus.et
777 2427 806 2456 in
819 2425 914 2456 tribus

94 2473 137 2503 his
150 2481 252 2512 puram
261 2472 384 2502 facimus
398 2477 526 2503 nostram
539 2473 750 2509 oblationem»
762 2475 913 2511 pereouta-

97 2527 160 2548 mur
170 2517 259 2556 igitur
270 2518 580 2557 vos,hzectria,aquam
594 2522 622 2548 et
633 2517 754 2548 farinam
768 2515 910 2554 etignem.

94 2563 126 2592 ad
137 2562 207 2602 quid
221 2562 354 2601 accipitis
366 2572 372 2597 ;
385 2567 412 2592 et
422 2563 469 2592 cui
481 2563 604 2602 elligiem
617 2571 682 2592 esse
704 2562 765 2591 lucc
781 2560 912 2590 :ustima-

94 2607 144 2637 tis?
154 2607 256 2638 Carnis
266 2606 398 2637 Domini?
407 2606 463 2637 Sed
476 2617 533 2637 non
546 2607 640 2646 iuquit
653 2606 779 2636 dilectus
795 2605 911 2636 Christo

95 2651 242 2682 Joannes:
258 2661 271 2681 (
286 2651 358 2682 Tres
378 2656 447 2682 sunt
464 2652 513 2691 qui
535 2651 735 2681 testimonium
755 2649 913 2689 perhibent

96 2695 220 2729 tlJonn.
237 2705 265 2733 ν,
280 2697 324 2736 8;,
338 2709 350 2723 ι»
369 2706 443 2736 aqua
459 2701 487 2726 et
497 2696 592 2726 farina
603 2700 629 2726 et
641 2695 727 2733 ignis.
743 2694 801 2725 Sed
819 2693 911 2734 quid?

98 2741 246 2780 «Spiritus
261 2746 289 2771 et
307 2751 383 2781 aqua
399 2746 427 2771 et
442 2740 645 2781 sanguisethi
659 2743 719 2770 tres
730 2739 759 2769 iu
772 2748 829 2768 uno
842 2741 912 2767 sunt

95 2785 229 2824 {lbc‘rl.),n
240 2786 374 2817 videlice'
385 2787 414 2816 in
427 2795 551 2826 corpore
559 2785 679 2822 Christi,
688 2789 720 2814 ut
732 2784 842 2815 dictum
853 2788 908 2819 est,

93 2830 166 2870 quod
188 2839 242 2861 nos
276 2831 466 2862 comedentes
480 2830 598 2861 unimur
621 2830 772 2860 incarnato
791 2830 912 2868 propter

956 2249 1050 2280 ciens:
1059 2261 1069 2275 «ι
1085 2250 1183 2280 ΕΙΙΙΟΠ
1194 2251 1302 2280 luctum
1311 2249 1457 2280 habuistis
1465 2247 1654 2278 utauferatur
1662 2246 1699 2277 de
1716 2255 1783 2277 me-

956 2294 1004 2324 (lio
1018 2294 1104 2324 vestri
1114 2294 1163 2334 qui
1174 2295 1228 2324 hoc
1239 2304 1312 2334 opus
1321 2298 1460 2334 operatus
1473 2293 1537 2323 est?
1551 2291 1681 2331 n(IC01‘.
1696 2300 1725 2328 v,
1737 2291 1781 2331 2.)

957 2339 1054 2368 Potest
1066 2339 1156 2376 enim,
1171 2338 1428 2378 inquit,iniquitas
1442 2338 1496 2368 ista
1506 2337 1541 2367 ad
1555 2345 1658 2366 omnes
1668 2339 1786 2365 vestras

956 2383 1044 2413 urbes
1057 2384 1195 2419 transire,
1216 2387 1256 2420 et,
1280 2388 1418 2423 tanquam
1435 2381 1584 2413 modicum
1600 2381 1781 2410 fermentum

956 2431 1046 2458 totam
1060 2438 1184 2458 massam
1197 2428 1411 2465 fermentat,sic
1421 2428 1546 2458 homnes
1555 2423 1739 2465 apprehendi
1752 2428 1781 2455 et

957 2472 1267 2508 fermentari,elunam
1278 2482 1402 2503 massam
1412 2468 1700 2512 majorisiuiquitatis
1711 2477 1782 2509 ope-

955 2517 1033 2547 rari:
1052 2527 1065 2545 «
1091 2518 1266 2556 lixpurgate,
1291 2527 1304 2546 »
1328 2517 1436 2556 inquit,
1461 2529 1473 2543 α
1497 2518 1580 2546 vetus
1600 2514 1780 2545 fermentum

956 2561 1044 2600 (Ibid.
1053 2585 1059 2596 ,
1069 2562 1113 2599 7/,
1122 2573 1132 2588 ι)
1147 2561 1380 2600 peccati.Tollite
1392 2561 1471 2591 hunc
1482 2569 1498 2590 a
1509 2559 1620 2596 medio,
1632 2562 1664 2588 ut
1673 2557 1782 2588 efﬁcia-

954 2605 1026 2635 mini
1037 2605 1153 2635 Christo
1168 2614 1240 2635 nova
1250 2606 1434 2645 conspersio,
1449 2605 1526 2635 sicut
1540 2603 1611 2634 estis
1629 2601 1779 2643 baptizati,

954 2649 982 2679 id
993 2654 1037 2679 est
1047 2650 1091 2680 vel
1106 2650 1196 2689 azymi
1205 2650 1249 2680 vel
1261 2650 1338 2690 puri,
1352 2649 1519 2680 mortificati
1531 2647 1642 2679 mundo
1655 2651 1685 2678 et
1696 2646 1778 2678 desi-

953 2693 1046 2724 deriis
1057 2694 1164 2724 carnis.
1179 2694 1293 2724 Etenim
1305 2695 1414 2734 pascha
1422 2697 1554 2724 nostrum
1569 2693 1625 2723 hoc
1637 2695 1692 2729 est,
1701 2701 1778 2732 quo-

953 2738 1085 2778 niam,ut
1095 2739 1224 2779 eriperet
1234 2748 1287 2768 nos
1302 2748 1334 2769 ex
1347 2738 1502 2778 iniquitate
1513 2747 1546 2768 ac
1558 2736 1779 2773 n.orte,immo-

955 2782 1029 2813 latus
1047 2787 1089 2813 est
1104 2783 1248 2813 Christus.
1261 2783 1324 2819 Qua
1342 2783 1379 2813 de
1397 2792 1430 2813 re
1442 2783 1484 2813 sic
1497 2783 1555 2813 ait:
1581 2791 1596 2811 ι
1616 2781 1779 2820 Epulemur

953 2836 1012 2858 non
1026 2827 1055 2857 in
1067 2827 1213 2858 fermento
1225 2828 1330 2865 veteri,
1341 2836 1438 2867 neque
1451 2827 1482 2858 in
1496 2827 1642 2857 fermento
1656 2825 1776 2856 malitiae
