1975 3071
197 136 274 170 1015

835 134 988 168 ΝΙΟΕΤᾸΕ
1010 134 1224 167 PECTORATI

1809 138 1907 171 1016

196 206 226 233 et
240 202 394 243 nequitiae,
415 202 468 233 sed
483 203 514 232 in
524 203 633 243 azymis
649 202 828 234 sinceritatis
844 206 873 233 et
887 201 1049 233 veritatisA
1060 201 1090 231 in
1100 211 1157 242 quo
1173 203 1295 243 contigit
1317 204 1436 235 evenire
1454 205 1532 236 1534
1545 215 1639 236 annos
1654 216 1662 236 :
1681 206 1782 246 cyclus
1813 206 1908 237 enim

197 247 291 286 (Ibid.
305 248 345 286 8),
362 259 375 275 n
389 247 446 278 hoc
458 251 504 277 est
516 256 598 287 purae
609 247 674 278 vitae
687 252 715 278 et
726 248 808 285 ﬁdei,
817 257 874 288 qua
884 248 914 278 in
926 249 1018 279 Deum

197 291 358 332 credimus,
375 295 404 322 et
415 301 534 322 veraces
555 297 689 323 oratores
707 293 769 332 ejus
794 292 953 323 efﬁcimur.
971 292 1019 323 Sic

197 337 319 374 Magnus
332 336 495 375 Gregorius
504 337 657 375 theologus
666 338 721 367 hoc
730 337 852 368 verbum
863 338 986 377 accepit.
996 337 1019 368 Ο

196 379 419 420 sapientissimi,
432 390 466 412 ea
476 390 541 421 quae
554 382 662 412 mentis
673 382 842 422 apostolicae
852 387 921 412 sunt
935 383 1020 413 intel-

196 424 291 465 ligite,
303 429 331 455 et
344 426 667 466 non,quemadmodum
682 427 737 457 hoc
747 437 798 457 vos
810 427 1019 468 accepistis,de

195 478 361 509 azymorum
377 470 535 501 festivitate
548 475 576 500 et
590 470 825 510 participatione.
837 472 867 503 Si
886 473 964 503 enim
983 473 1019 503 de

196 513 304 554 azymis
316 518 346 545 et
357 514 394 545 de
405 514 608 546 celebratione
621 525 721 545 eorum
739 517 900 547 Corinthiis
913 517 1020 548 Paulus

198 559 397 598 praecepisset,
407 564 436 590 et
449 567 500 590 eos
511 559 540 589 in
550 559 658 600 azymis
669 561 781 600 epulari
796 560 948 600 jussisset,
961 572 1020 593 non

197 604 415 643 promulgasset
431 613 498 634 cum
518 604 671 642 undecim,
697 609 725 635 et
740 615 858 636 omnem
876 607 1022 637 reducens

196 647 358 678 Ecclesium
386 648 519 679 ﬁdelium
541 649 571 678 in
595 649 743 687 ordinem,
757 650 786 680 in
805 652 1021 690 septuagesimo

197 701 322 732 canone,
334 702 401 722 cum
420 693 727 724 excommunicatione
744 695 933 735 praecepisset
955 705 1022 726 om-

197 736 297 773 nibus,
306 737 477 776 hujusmodi
489 747 607 769 causam
619 748 634 768 a
643 738 754 769 Judmis
769 740 937 770 nullatenus
949 741 1024 771 acci-

199 782 242 822 pi:
257 780 385 821 «Siquis
395 782 564 823 episcopus,
577 788 626 813 aut
637 783 801 823 presbyter,
814 785 1022 821 autdiaconus,

196 829 246 856 aut
259 826 379 857 omnino
392 836 426 857 ex
439 836 562 858 numero
574 827 749 858 clericorum
762 829 938 868 jejunavcrit
949 840 1016 860 cum

1061 246 1133 276 solis
1148 251 1209 277 erat
1219 247 1253 278 18
1263 248 1328 286 et5,
1339 253 1369 279 ut
1381 258 1439 279 non
1452 250 1549 280 adhuc
1561 250 1685 281 traditus
1699 251 1911 291 praevenisset

1062 291 1214 331 proprium
1232 293 1342 332 pascha
1353 293 1508 334 discipulis
1525 297 1657 331 tradere,
1670 295 1859 326 recumbens
1871 295 1907 325 in

1062 343 1146 366 εωηᾶ
1165 337 1329 368 secundum
1346 347 1500 378 vesperum
1521 339 1616 378 quinti
1633 339 1714 375 diei;
1735 343 1906 379 postquam

1062 380 1197 418 coenavit,
1211 382 1325 421 accepit
1341 392 1458 422 panem,
1477 383 1575 422 fregit,
1600 383 1722 414 tradidit
1746 384 1906 423 apostolis

1062 426 1234 464 mysterium
1254 426 1325 457 Novi
1337 427 1519 458 Testamenti
1530 429 1560 458 in
1576 433 1662 459 nocte
1673 428 1776 468 quinta
1786 428 1819 458 in
1837 438 1907 468 qua

1061 470 1184 501 traditus
1199 475 1242 501 est
1257 481 1273 502 a
1286 471 1381 503 Juda:
1399 473 1474 503 sicut
1489 473 1632 513 scriptum
1648 478 1701 503 est.
1739 473 1800 504 Sed
1819 473 1901 513 quid

1061 514 1132 545 dicit
1144 517 1237 546 Lucas
1249 517 1418 556 apostolus?
1433 529 1443 544 α
1455 518 1578 557 Accepit
1593 527 1711 558 panem,
1724 521 1753 548 et
1765 517 1903 548 benedi-

1062 568 1132 590 cens
1141 560 1227 599 fregit
1238 560 1321 600 (Luc.
1335 569 1413 598 xxiv,
1425 562 1507 599 30).»
1521 561 1596 593 Ecce
1607 566 1636 593 et
1644 563 1736 593 Lucas
1747 563 1902 602 accipere

1063 613 1169 644 panem
1181 604 1329 636 Christum
1344 606 1426 641 dixit,
1441 611 1540 637 etnon
1553 616 1696 646 azymum.
1719 606 1783 637 Non
1806 607 1898 637 enim

1065 649 1160 679 adhuc
1186 654 1249 680 erat
1262 654 1352 681 sextae
1372 651 1453 681 ferias
1476 651 1551 681 dies.
1570 651 1668 681 Tertia
1690 651 1809 682 decima
1826 658 1900 681 erat

1065 693 1133 723 luna
1145 693 1175 724 in
1184 694 1234 724 illa
1245 696 1347 732 quinta
1357 695 1441 732 feria,
1453 699 1481 725 et
1491 705 1548 726 non
1557 699 1619 726 erat
1631 705 1775 736 azymum,
1790 705 1899 736 neque

1066 738 1162 768 adhuc
1177 738 1285 770 oblatio
1301 739 1481 770 fermentati.

1108 782 1182 813 VIII.
1196 784 1302 823 Azyma
1313 784 1390 815 enim
1401 785 1429 814 in
1441 785 1661 824 quintadecima
1676 785 1746 816 luna
1757 785 1898 826 promul-

1059 833 1126 867 gata
1137 833 1220 858 erant
1234 829 1264 858 in
1279 829 1354 868 lege,
1368 834 1398 859 ut
1411 829 1440 859 in
1459 829 1682 869 quartadecima
1703 830 1752 860 die
1770 830 1807 860 ad
1834 839 1895 859 ve—

196 869 340 909 Hebraeis,
353 875 401 901 aut
413 871 546 911 epulatus
566 872 654 902 fuerit
675 882 741 902 cum
756 873 809 909 eis,
824 877 852 903 et
871 874 1018 914 acceperit
1029 890 1048 913 Β
1060 881 1176 912 speram
1188 883 1280 912 agnus
1291 874 1508 911 immolaretur,
1524 878 1551 904 et
1561 874 1591 904 in
1603 875 1828 914 quartadecima
1837 875 1893 905 die

194 914 384 945 festivitatum
402 925 506 946 eorum
521 926 654 954 munera,
669 921 700 947 ut
717 922 784 947 sunt
799 927 899 955 azyma
908 919 1017 949 autali-

198 960 267 999 quid
286 960 468 999 hujusmodi,
493 961 675 1001 deponatur:
690 962 715 992 si
731 966 828 993 autem
845 963 947 1001 laicus,
968 974 1016 994 se-

197 1008 377 1044 questretur.
394 1017 406 1032 »

236 1048 283 1080 VI.
296 1049 328 1079 Si
343 1053 441 1080 autem
453 1049 551 1080 dicitis
563 1059 569 1081 :
584 1050 659 1086 Quia
669 1050 704 1081 ab
718 1049 851 1082 Hebraeis
867 1062 924 1083 non
937 1054 1017 1084 acci-

196 1093 364 1134 pimus,sed
374 1094 455 1124 domi
467 1094 563 1124 facere
574 1095 792 1133 consuevimus;
804 1106 857 1127 cur
867 1097 923 1127 hoc
933 1097 947 1127 ?
957 1098 1017 1129 sive

195 1137 232 1168 ab
243 1138 301 1169 illis
311 1138 472 1178 accipiatis,
487 1140 547 1169 sive
557 1138 638 1169 domi
648 1139 772 1177 faciatis,
785 1150 883 1180 azyma
894 1147 972 1173 sunt.
982 1143 1017 1173 Et

191 1182 275 1222 juxta
295 1183 351 1214 hoc
372 1183 536 1221 graviorem
557 1192 675 1223 poenam
694 1185 852 1223 habebitis,
875 1188 1013 1226 quoniam

195 1227 364 1267 relinquitis
372 1237 459 1267 agere
470 1237 534 1268 qua)
549 1228 632 1267 jussa
642 1233 709 1259 sunt
720 1229 802 1260 vobis
822 1240 838 1260 a
858 1231 972 1262 Christo
988 1236 1017 1263 et

197 1271 345 1312 Apostolis
354 1272 606 1312 ipsius,facientes
615 1274 691 1304 velut
704 1274 746 1304 illi
758 1275 806 1315 qui
816 1275 870 1305 sub
877 1276 1016 1307 servitute

196 1316 271 1356 legis
279 1317 458 1357 sunt,qua|ia
467 1317 558 1348 Judaei
569 1317 722 1355 faciunt,in
735 1319 842 1350 umbra
850 1325 878 1350 ct
888 1321 1018 1352 tenebris

198 1361 272 1399 legis
284 1361 433 1399 sedentes,
445 1362 611 1392 nullatenus
625 1362 733 1393 dicenti
748 1363 835 1394 Paulo
847 1365 1017 1399 credentes;

198 1406 553 1446 «Fratres,unusquisque
565 1407 595 1436 in
604 1416 638 1437 eo
646 1408 750 1438 ordine
760 1418 817 1448 quo
830 1411 1014 1450 vocatusjest,

1059 917 1136 947 luna:
1147 918 1233 957 primi
1246 918 1355 948 mensis
1369 919 1478 949 Pascha
1495 919 1721 958 appellaretlex,
1733 919 1887 958 quintam-

1060 961 1205 992 decimam
1215 963 1293 992 diem
1307 963 1432 1002 primum
1443 972 1610 1002 azymorum
1621 962 1818 994 etSabbatum
1833 973 1890 994 uo-

1059 1010 1153 1038 naret.
1173 1006 1248 1037 Proh
1272 1007 1356 1037 dolor
1383 1007 1585 1046 insipientiam
1606 1007 1891 1038 illiteratorumlEt

1059 1061 1118 1082 non
1127 1056 1189 1082 erat
1199 1061 1298 1091 azyma
1309 1051 1338 1081 in
1351 1052 1452 1091 quinta
1467 1051 1550 1090 feria,
1565 1061 1632 1082 cum
1643 1056 1720 1082 esset
1738 1052 1807 1082 luna
1818 1056 1889 1083 ter-

1059 1096 1226 1132 tiadecima,
1239 1100 1267 1126 et
1283 1106 1341 1126 non
1357 1096 1586 1135 quartadecima.
1603 1096 1773 1126 Secundum
1790 1097 1887 1136 quin-

1058 1144 1115 1171 tam
1132 1140 1277 1170 decimam
1290 1141 1390 1171 lunam
1407 1140 1501 1171 fuerat
1511 1140 1678 1171 insdtutum
1691 1150 1789 1179 azyma
1799 1141 1885 1178 ﬁeri,

1057 1185 1133 1215 sicut
1147 1189 1177 1216 et
1198 1193 1289 1224 agnus
1308 1185 1343 1215 ad
1360 1194 1512 1224 vesperam
1534 1185 1773 1225 quartzedecimze
1818 1185 1885 1216 diei

1054 1230 1168 1269 jussum
1185 1229 1415 1268 esscimmolari,
1430 1229 1593 1259 secundum
1605 1238 1693 1270 quam
1709 1229 1884 1261 immolatus

1059 1278 1103 1304 est
1118 1274 1261 1311 Christus,
1278 1274 1377 1312 Agnus
1393 1273 1456 1310 Dei,
1474 1274 1523 1313 qui
1540 1274 1614 1304 tollit
1629 1278 1750 1314 peccata
1762 1274 1882 1305 mundi.

1060 1318 1090 1350 Si
1103 1322 1200 1348 autem
1222 1317 1356 1349 Christus
1376 1318 1544 1348 immolatus
1571 1322 1613 1348 est
1629 1324 1659 1348 et
1674 1318 1834 1349 cruciﬁxus
1851 1319 1884 1349 in

1061 1363 1176 1393 decima
1191 1367 1292 1403 quarta
1311 1363 1359 1393 die
1381 1363 1468 1402 luna},
1491 1362 1570 1393 feriae
1587 1367 1686 1399 sextae,
1704 1363 1734 1392 in
1750 1362 1881 1393 Sabbato

1060 1412 1157 1438 autem
1168 1412 1228 1438 erat
1238 1408 1341 1437 festum
1353 1416 1532 1447 azymornm,
1544 1407 1661 1447 quando
1671 1417 1769 1447 azyma
1780 1417 1883 1438 come-

193 1449 224 1480 in
236 1450 300 1490 ipso
310 1455 481 1490 permaneat
492 1450 521 1488 (Ι
528 1450 598 1480 Cor.
611 1459 660 1487 v11,
675 1452 714 1482 220
725 1454 843 1491 cett/1).»
858 1454 923 1484 Non
937 1449 1014 1486 enim
1057 1452 1118 1482 dit?
1132 1453 1217 1483 etiam
1228 1453 1369 1492 apostolis
1380 1452 1423 1483 sic
1438 1452 1535 1482 facere
1550 1451 1580 1482 in
1590 1451 1671 1483 Novo
1687 1451 1879 1482 Testamento

195 1493 354 1525 invenietis
365 1495 486 1525 omnino
499 1496 528 1526 in
541 1495 942 1537 divinaScx-ipturaquoniam
955 1510 1016 1540 azy-
1059 1496 1200 1527 tradidit?
1215 1496 1367 1532 Quomodo
1384 1497 1483 1527 dicitis
1506 1496 1542 1527 ab
1561 1496 1702 1535 apostolis
1725 1496 1879 1536 accepisse

196 1547 277 1569 mum
289 1539 400 1569 dictum
419 1539 609 1571 sitaChristo
622 1545 670 1571 aut
688 1542 828 1580 apostolis
849 1543 922 1582 ejus,
948 1539 1013 1574 cuin
1024 1549 1043 1573 c
1057 1550 1108 1572 vos
1120 1541 1217 1572 facere
1231 1551 1330 1581 azyma
1341 1542 1402 1581 jam
1419 1545 1483 1581 post
1499 1541 1747 1571 resurrectionem
1764 1550 1780 1571 a
1795 1550 1879 1571 mor-

195 1583 454 1627 administraretur
464 1584 501 1615 ab
515 1585 565 1615 illo
576 1585 835 1616 NoviTestamenti
847 1589 1012 1627 myterium.

194 1626 302 1657 Paulus
313 1628 391 1658 enim
405 1627 564 1659 Corinthiis
575 1630 710 1660 scribens
723 1629 804 1660 dicit:
813 1641 825 1660 «
840 1626 1016 1664 DiScernere

194 1680 246 1703 vos
264 1677 381 1712 oportet
398 1672 519 1704 calicem
535 1673 752 1704 benedictionis
762 1684 848 1714 quem
859 1675 1013 1707 benedici-

196 1725 273 1755 mus;
282 1726 381 1748 nonne
389 1718 617 1749 communicatio
629 1719 758 1758 sanginis
768 1719 874 1750 Christi
888 1724 948 1752 est?
957 1721 1013 1752 Pa-

196 1769 264 1791 nem
271 1771 358 1801 quem
366 1762 527 1802 frangimus
534 1772 633 1794 nonne
640 1764 868 1794 communicatio
881 1766 1015 1805 corporis

195 1805 304 1836 Christi
311 1806 371 1837 est?
381 1806 524 1842 Quoniam
535 1817 610 1838 unus
622 1809 1016 1850 panis,unumcorpus,mul-

196 1850 218 1880 ti
229 1852 467 1882 sumus.Etenim
482 1861 585 1883 omnes
599 1862 634 1884 ex
648 1863 705 1884 uno
719 1863 794 1893 pane
806 1851 1015 1894 participamus

195 1894 226 1935 (I
236 1896 304 1926 Cor.
316 1904 347 1933 Χ,
364 1896 424 1936 16).
438 1899 497 1936 Ego
509 1898 587 1928 enim
603 1898 704 1937 accepi
718 1908 734 1928 a
745 1898 882 1936 Domino,
896 1900 972 1939 quod
987 1905 1016 1930 ot

195 1939 303 1970 tradidi
315 1939 397 1971 vobis
409 1949 416 1972 :
430 1941 569 1981 quoniam
579 1942 721 1972 Dominus
729 1944 814 1973 Jesus
825 1943 922 1984 in‘qua
932 1948 1016 1974 nocte

195 1985 378 2024 tradebatur,
396 1987 511 2026 accepit
531 1996 650 2027 panem,
667 1997 681 2016 ιι
694 1994 790 2018 etnon
803 1998 945 2028 azymum,
963 1994 1016 2020 «et

194 2029 378 2062 benedicens
390 2031 486 2072 fregit,
499 2035 528 2061 et
543 2031 632 2062 dixit:
646 2032 779 2072 Accipite
802 2037 831 2063 et
846 2034 992 2063 comedite
1011 2044 1017 2064 :

194 2074 251 2105 hoc
263 2079 307 2105 est
324 2084 431 2115 corpus
444 2085 555 2115 meum,
579 2077 657 2118 quod
683 2087 734 2117 pro
752 2077 834 2108 vobis
857 2077 1018 2116 frangetur,

194 2119 257 2150 Hoc
272 2120 359 2150 facite
374 2120 404 2150 in
416 2129 510 2151 meam
531 2123 845 2152 commemorationem
858 2123 888 2159 (Ι
897 2122 1016 2158 Coram,

194 2165 244 2203 23,
258 2165 380 2205 94).):Et
391 2175 449 2196 non
459 2167 551 2197 semel
564 2166 635 2197 dixit
648 2166 820 2206 panem,sed
832 2167 918 2196 etiam
927 2175 1016 2206 saepe.

1057 1586 1134 1616 tuis?
1148 1585 1212 1616 Non
1229 1586 1334 1616 videtis
1345 1586 1414 1626 quia
1429 1585 1582 1616 manifeste
1594 1595 1628 1615 ex
1638 1585 1727 1616 rebus
1739 1585 1879 1624 arguimi-

1057 1630 1098 1667 ni,
1112 1631 1252 1670 quoniam
1268 1640 1326 1660 non
1343 1635 1410 1661 tunc
1426 1639 1535 1670 azyma,
1560 1639 1626 1660 cum
1653 1630 1790 1669 mysteria
1805 1629 1880 1660 Novi

1056 1674 1237 1705 Testamenti
1254 1675 1384 1706 traderet
1398 1675 1541 1715 apostolis
1556 1674 1689 1706 Christus
1700 1674 1715 1703 ‘2

1096 1720 1143 1750 IX.
1161 1720 1322 1751 Ostendam
1340 1719 1420 1750 vobis
1437 1720 1492 1750 hoc
1513 1729 1547 1749 ex
1570 1719 1752 1758 legislatione
1773 1719 1878 1759 Moysi.

1058 1764 1200 1804 Loquitur
1215 1765 1293 1794 enim
1313 1774 1319 1794 :
1340 1776 1353 1792 α
1369 1765 1420 1795 HIC
1432 1768 1500 1794 sunt
1521 1763 1694 1794 festivitates
1711 1763 1827 1793 Domini
1851 1768 1880 1793 et

1057 1809 1128 1848 ipsa:
1143 1813 1262 1844 sanctae,
1273 1819 1346 1849 quas
1357 1809 1499 1839 vocabitis
1515 1808 1544 1838 in
1562 1808 1744 1847 temporibus
1759 1808 1832 1838 suis.
1847 1809 1879 1839 In

1058 1853 1153 1892 primo
1166 1863 1267 1883 mense
1281 1854 1309 1883 in
1321 1853 1541 1893 quintadecima
1556 1853 1604 1882 die
1617 1852 1727 1882 mensis
1739 1853 1825 1892 hujus
1833 1853 1879 1883 fe—

1057 1901 1133 1927 stum
1150 1907 1316 1937 azymorum
1342 1897 1477 1935 Domini;
1493 1901 1524 1928 et
1545 1897 1575 1927 in
1595 1897 1816 1937 quartadecima
1831 1896 1879 1927 die

1058 1942 1170 1972 mensis
1184 1942 1261 1972 intra
1277 1942 1407 1972 medium
1417 1944 1452 1972 ad
1467 1951 1622 1982 vesperum
1636 1941 1693 1972 erit
1705 1942 1816 1972 l’ascha
1827 1943 1879 1972 Do-

1061 1986 1158 2023 mino;
1174 1991 1202 2017 et
1213 1987 1241 2016 in
1252 1987 1471 2027 quintadecima
1486 1988 1534 2018 die
1550 1987 1637 2026 hujus
1654 1988 1763 2016 mensis
1775 1986 1878 2016 festum

1061 2039 1228 2070 azymorum
1239 2031 1502 2072 Domino.Leptem
1517 2032 1596 2062 enim
1606 2030 1711 2062 diebus
1722 2040 1820 2070 azyma
1831 2040 1879 2061 co-

1064 2075 1174 2105 medile
1186 2075 1385 2115 (Levitxxul,
1398 2077 1479 2116 4-6),
1494 2089 1505 2103 n
1519 2075 1595 2106 Ecce
1612 2075 1690 2105 enim
1711 2085 1744 2105 ex
1761 2076 1878 2114 legis‘a-

1063 2120 1142 2150 tione
1156 2120 1243 2160 Moysi
1257 2120 1414 2158 didicistis,
1431 2121 1570 2161 quoniam
1595 2130 1654 2150 non
1679 2125 1748 2150 tunc
1768 2129 1876 2159 azyma,

1061 2165 1177 2204 quando
1194 2169 1260 2205 post
1273 2175 1388 2196 caenam
1405 2165 1568 2196 secundum
1585 2165 1664 2195 diem
1681 2164 1790 2204 quintae
1802 2165 1878 2195 feriae

194 2210 260 2240 Non
273 2209 322 2240 hic
331 2210 412 2241 solus
428 2210 511 2247 dixit,
527 2211 578 2241 sed
593 2214 621 2241 et
640 2211 737 2242 czeteri
760 2211 971 2250 apostolorum,
989 2216 1018 2241 et
1030 2209 1192 2248 DChristus
1209 2210 1326 2240 tradidit
1337 2220 1389 2250 per
1401 2210 1573 2240 fractionem
1591 2209 1673 2249 panis
1687 2209 1758 2240 Novi
1776 2208 1877 2238 Testa-

194 2254 348 2285 Matthaeus
371 2254 491 2294 quidem
506 2255 567 2286 ait:
590 2267 600 2282 αι
620 2255 811 2286 Coenanlibus
838 2259 935 2286 autem
960 2255 1018 2285 illis

198 2302 283 2339 atque
292 2299 518 2330 comedentibus
529 2300 678 2340 accipiens
686 2302 771 2330 Jesus
781 2309 885 2340 panem
897 2299 1016 2332 alluit/1.

194 2344 518 2384 xxvr.26):»Aspicis,
543 2354 649 2384 panem
675 2349 704 2375 et
728 2345 776 2375 hic
799 2345 905 2384 inquit,
933 2356 947 2372 «
963 2344 1018 2375 be-

197 2388 339 2420 nedicens
355 2388 452 2428 fregit,
471 2393 500 2419 et
515 2389 596 2420 dedit
616 2389 770 2430 discipulis
787 2390 847 2420 suis
867 2393 895 2419 et
918 2389 991 2419 dixit
1008 2399 1013 2418 :

195 2432 310 2464 Sumite
321 2437 349 2464 et
358 2433 515 2473 comedite,
528 2434 584 2464 hoc
595 2438 639 2464 est
651 2443 757 2474 corpus
770 2443 867 2464 meum
880 2434 1014 2473 (Ibid.).»

194 2477 340 2509 Similiter
360 2482 457 2509 autem
474 2482 502 2508 et
522 2479 578 2509 hoc
609 2481 725 2510 Marcus
744 2478 857 2518 inquit,
889 2483 917 2508 et
945 2478 1015 2508 reli-

194 2522 307 2563 qui:et
328 2532 513 2564 nequaquam
541 2533 673 2564 azymum
699 2523 735 2554 ab
765 2523 808 2554 eis
832 2532 1015 2554 commemo-

193 2571 286 2599 ratur.

233 2611 297 2644 VII.
314 2612 456 2647 Quoniam
472 2612 594 2652 quidem
610 2613 763 2653 oportebat
788 2612 844 2652 pati
867 2611 1013 2643 Christum

193 2657 358 2689 secundum
375 2657 454 2688 diem
474 2657 577 2696 legalis
594 2658 720 2698 paschae,
738 2657 767 2688 in
790 2666 847 2698 qua
872 2660 900 2686 et
919 2665 1015 2694 agnus

1062 2254 1152 2284 menti
1169 2255 1352 2294 myslerium.
1374 2255 1449 2285 Ante
1466 2255 1572 2285 festum
1593 2258 1692 2284 autem
1715 2262 1877 2292 azymorum

1060 2298 1115 2328 hoc
1126 2298 1277 2336 fecit,cum
1288 2303 1364 2330 esset
1374 2299 1577 2329 tertiadecima
1588 2298 1651 2329 dies
1661 2298 1770 2328 mensis
1779 2297 1877 2333 .Quin-

1061 2343 1204 2373 taderima
1215 2345 1293 2374 enim
1307 2343 1354 2374 die
1369 2344 1525 2380 niensis,ut
1537 2342 1682 2382 legislatio
1700 2341 1878 2382 Moysis,erat

1061 2386 1167 2417 festum
1186 2397 1366 2428 azymorum.
1386 2388 1420 2418 Et
1434 2388 1567 2419 Christus
1582 2388 1611 2417 in
1633 2387 1705 2417 feria
1720 2391 1800 2416 sexta
1813 2396 1877 2416 cru-

1060 2433 1172 2469 ciﬁxus,
1184 2433 1347 2463 secundum
1365 2433 1646 2473 quartamdecimam
1662 2431 1741 2462 diem
1759 2431 1874 2467 mensis,

1059 2476 1174 2518 quando
1187 2477 1333 2508 debebant
1343 2477 1436 2508 Judzei
1448 2477 1603 2508 immolare
1615 2485 1735 2515 agnum;
1753 2474 1876 2506 Sabbato

1058 2526 1156 2553 autem
1175 2522 1338 2552 secundum
1357 2521 1637 2562 quintamdecimam
1658 2520 1736 2550 dicm
1759 2519 1874 2555 mensis,

1059 2571 1139 2597 esset
1149 2567 1255 2597 festum
1265 2576 1446 2606 azymorum,
1462 2566 1491 2596 in
1504 2565 1740 2606 sepulcrojacuit
1751 2564 1876 2604 sepultus

1057 2613 1168 2651 Azyma
1178 2620 1247 2650 ergo
1259 2611 1329 2641 dum
1344 2621 1402 2641 non
1413 2615 1512 2641 essent
1524 2615 1590 2640 ante
1599 2610 1704 2640 festum
1715 2618 1875 2649 azymorum

1056 2656 1086 2687 in
1096 2660 1155 2687 toto
1166 2665 1243 2686 anno
1254 2655 1339 2695 ipso:
1355 2660 1468 2696 septem
1482 2656 1560 2686 enim
1571 2654 1676 2686 diebus
1688 2654 1876 2685 cmncdebaut

193 2701 228 2733 ab
239 2701 898 2742 Hebreisimmolabatur.Oportuitenimﬁeri
910 2701 1018 2740 pascha
1060 2700 1335 2742 azymaJudzei,ceu
1346 2700 1471 2730 instituit
1482 2702 1605 2740 Moyses:
1624 2699 1653 2728 in
1665 2698 1876 2739 quintadecima

192 2746 228 2777 ab
240 2745 480 2777 interfectoribus
491 2746 545 2777 Dei
555 2747 586 2777 in
599 2751 682 2777 sexta
692 2747 775 2786 feria,
785 2747 813 2777 in
827 2755 884 2787 qua
896 2745 1015 2776 tandem
1059 2745 1107 2776 die
1120 2744 1207 2784 primi
1220 2744 1331 2775 mensis
1342 2744 1518 2784 incipientes
1528 2745 1634 2774 festum
1648 2744 1765 2783 horum,
1777 2743 1825 2773 ubi
1834 2753 1873 2774 re-

193 2795 222 2821 ct
232 2794 334 2830 quarta
345 2791 542 2822 decimaluna
554 2795 615 2822 erat
627 2792 709 2832 juxta
722 2792 849 2832 primum
865 2799 1013 2830 mensem,
1059 2794 1143 2831 perta
1158 2793 1225 2820 sunt
1240 2798 1348 2829 azyma,
1362 2789 1479 2830 quando
1502 2799 1568 2820 cum
1596 2788 1719 2828 dispulis
1743 2788 1805 2819 suis
1818 2797 1875 2819 cce-
