1975 3071
125 196 199 229 1017

792 195 945 229 CONTRA
967 194 1141 228 LATINOS.

1736 192 1812 225 1018

126 272 193 294 nam
209 263 379 295 comederet
394 263 529 295 Christus
545 263 556 294 ?
569 263 599 295 Si
618 264 697 295 enim
714 264 790 294 sicut
804 264 915 300 dicitis,
932 266 977 294 aA
990 271 1053 292 rem
1068 264 1147 294 circa
1158 273 1225 294 eum
1242 265 1343 294 ﬂetum
1355 262 1505 294 habebant
1520 271 1607 302 quam
1622 260 1761 301 gaudium
1777 269 1810 290 ex

126 307 252 338 Domino
268 308 392 348 apostvli
409 312 590 348 acceperunt
609 317 719 349 azyma,
737 312 765 339 et
782 308 825 338 illi
840 309 946 339 iterum

126 352 312 382 tradiderunt
326 352 409 383 vobis
425 353 488 383 haec
503 353 534 383 in
550 353 642 392 ﬁgura
653 352 785 393 corporis
799 352 906 384 Christi
918 353 947 382 in

127 398 265 436 mysterio
282 396 353 427 Novi
367 397 564 437 Testamenti,
581 398 649 428 dum
667 407 722 428 nec
738 397 846 428 ablatio
864 398 948 437 panis

124 441 210 471 ﬁeret
219 441 384 472 secundum
395 442 635 472 constitutionem
647 441 750 482 Moysi,
758 451 854 482 neque
863 447 946 473 erant

123 489 192 515 tunc
207 495 319 525 azyma,
337 485 386 516 ubi
397 489 514 526 reperta
525 486 618 516 sunt?
634 485 787 522 Quomodo
799 485 946 517 oblivisci-

122 538 191 560 mur
206 529 424 569 legislationum
442 529 569 570 Moysis?
595 531 714 571 Septem
732 539 860 570 namque
875 530 946 561 solis

118 574 227 605 diebus
242 575 342 605 facere
358 574 479 605 tradidit
494 574 588 606 vobis.
606 574 663 606 Sed
680 584 732 605 vos
748 574 779 604 in
794 577 853 605 toto
866 583 944 606 anno

116 619 300 649 conculcatis
311 619 443 650 instituta
459 619 577 660 Moysis.
592 620 627 650 Et
638 619 773 650 Christus
782 628 841 650 non
857 629 943 650 vene‘

118 667 165 694 rat
179 664 295 695 solvere
310 664 417 703 legem,
434 664 487 694 sed
502 664 666 704 adimplere.
694 663 813 702 (Matth.
831 673 860 704 v,
881 665 940 702 17).

161 708 197 739 Χ.
214 708 307 740 Valde
324 709 403 739 enim
429 709 582 739 veritatem
607 708 760 746 obsistitis,
778 709 893 740 fratres.
911 708 942 739 Si

124 753 203 783 enim
221 754 359 784 traditum
376 753 457 784 vobis
481 753 536 783 fuit
562 753 598 785 ab
628 752 767 793 apostolis
783 754 941 785 comedere

119 807 232 837 azyma,
239 798 388 837 quomodo
395 798 529 837 Agathon
537 798 741 828 sanctissimus
750 807 824 838 papa
831 803 939 837 vester,

120 851 280 882 praesessor
296 852 363 873 cum
376 850 455 874 esset
467 848 554 874 sextae
564 843 667 883 synodi
683 842 736 873 sub
750 842 941 874 Constantino

991 308 1134 338 memoria
1149 308 1256 339 divina;
1271 307 1462 348 operationis.
1482 320 1494 334 ι)
1521 306 1731 337 Verumtamen
1748 305 1811 336 hzec

990 352 1112 391 mystice
1128 362 1179 392 per
1194 353 1378 384 Clementem
1395 361 1498 392 papam
1513 351 1741 381 constituentem
1752 359 1810 380 non

989 397 1204 437 steteruntliic,
1221 397 1272 427 sed
1290 397 1419 427 scientes
1436 405 1573 430 magnam
1590 394 1810 425 damnationem

990 449 1054 470 esse
1079 441 1218 481 jejuuare
1240 441 1377 476 Sabbata,
1394 438 1702 471 excommunicatione
1717 438 1812 469 valida

987 484 1079 523 ligant
1094 495 1127 516 ex
1144 486 1200 517 hoc
1213 485 1376 517 Ecclesiam
1403 485 1480 516 Dicit
1491 486 1569 515 enim
1581 484 1611 514 in
1628 483 1811 522 sexagesimo

987 534 1090 568 quarto
1105 539 1230 561 canone.
1247 543 1260 558 «
1292 530 1321 561 Si
1339 530 1404 570 quis
1421 531 1557 560 inventus
1573 528 1661 560 fuerit
1676 527 1810 559 Domini-

986 583 1053 604 cum
1071 574 1150 605 diem
1163 575 1314 615 jejunare,
1333 579 1385 606 aut
1402 574 1575 611 Sabbatum,
1598 576 1705 613 praeter
1719 582 1810 603 unum

985 618 1094 655 solum,
1111 620 1299 660 deponatur;
1313 619 1338 650 si
1348 624 1447 650 autem
1460 619 1562 654 laicus,
1576 621 1778 658 sequestretur
1795 629 1808 644 ιο

1025 663 1086 695 XII.
1099 664 1160 695 Hoc
1171 668 1268 695 autem
1281 668 1476 704 exsequentes
1498 668 1526 694 et
1547 663 1598 703 qui
1614 665 1644 693 in
1666 666 1747 693 sexta
1762 664 1839 730 sy-/

1025 708 1062 730 rln
1077 710 1179 730 Dat-mc
1200 709 1486 730 nnnuoninnlorhnin
1496 708 1537 730 cio
1550 707 1734 730 nrnmnlanni
1746 716 1811 730 ean-

984 708 1062 738 nodo
1076 710 1190 746 Patres,
1200 709 1487 741 convenienterhuic
1495 708 1537 739 sic
1550 707 1735 755 promulgant
1746 716 1827 755 san-,1

983 756 1042 789 cte,
1058 754 1236 793 praesidente
1261 764 1289 794 sy
1300 753 1377 784 nodo
1392 753 1545 792 Agathone
1561 762 1635 793 papa
1651 751 1762 789 Romae,
1783 756 1822 794 et;

983 788 1121 837 Gregorio
1129 808 1194 829 cum
1203 788 1503 838 eisAgrigcntinorum
1510 788 1649 838 episcopo
1658 788 1819 837 przesente:l

986 853 997 869 α
1010 841 1154 878 Quoniam
1167 843 1288 884 quidem
1295 843 1438 874 discimus
1448 852 1498 873 eos
1508 842 1557 883 r{ui
1571 842 1600 872 in
1609 843 1809 872 RomBnorum

119 886 313 927 imperatore,
332 891 361 918 et
375 887 492 918 divinus
507 888 664 927 Gregorius
678 887 942 927 Acragantinorum
954 889 973 913 B
985 886 1058 917 urbe
1070 892 1147 925 sunt,
1161 889 1190 919 in
1202 892 1311 919 sancta:
1323 886 1692 927 Quadragesimaijejuniis
1704 884 1808 916 eadem

121 931 284 972 episcopus
297 941 356 962 non
368 932 555 971 abstinuere;
568 942 646 970 cum,
659 932 829 972 sicuthujus
839 933 943 972 synodi

117 975 209 1006 divini
218 978 328 1016 Patres,
341 977 497 1007 adversum
509 986 609 1016 azyma
618 977 712 1016 legem
722 977 944 1008 constituissent

118 1029 135 1050 a
148 1021 267 1051 nemine
279 1021 413 1052 ﬁdelium
424 1022 481 1052 hoc
495 1022 582 1052 ﬁeri?
595 1023 637 1059 Et,
651 1026 682 1052 ut
695 1022 848 1052 ostendam
861 1021 942 1053 vobis

118 1065 226 1095 horum
240 1066 458 1105 legislationem
475 1071 578 1097 contra
592 1076 700 1107 azyma,
718 1067 825 1106 adjicio
835 1065 943 1097 rationi

117 1113 297 1141 etcanonem
305 1111 437 1151 ipsorum
444 1111 487 1141 sic
495 1111 654 1142 habentem
662 1112 692 1142 in
699 1111 857 1143 undecimo
864 1111 944 1152 capi-

117 1154 179 1184 tulo
193 1163 199 1185 :
217 1166 230 1182 α
249 1154 341 1186 Nemo
354 1155 384 1185 in
395 1155 572 1186 sacerdotali
583 1157 759 1187 constitutus
770 1157 944 1194 ordine,aut

117 1198 221 1239 laicus,
242 1209 276 1230 ea
291 1209 357 1240 quae
371 1199 449 1240 apud
465 1200 582 1231 Judwos
597 1205 665 1231 sunt
679 1211 779 1242 azyma
794 1200 940 1237 comedat,

116 1247 240 1273 autcum
256 1244 299 1274 eis
310 1244 473 1285 cohabitet,
488 1249 538 1275 aut
552 1245 582 1275 in
595 1245 817 1276 inﬁrmitatibus
827 1245 940 1283 invitet,

115 1291 164 1318 aut
180 1288 357 1319 medicinam
373 1289 409 1320 ab
427 1290 470 1320 eis
487 1290 621 1330 accipiat,
639 1291 684 1321 vel
702 1291 731 1321 in
749 1289 861 1321 balneis
874 1299 941 1320 cum

116 1332 159 1362 eis
176 1333 297 1363 lavetur.
309 1333 339 1364 Si
352 1334 418 1374 quis
432 1334 487 1365 hoc
501 1343 587 1372 agere
604 1335 774 1371 initiaverit,
792 1335 940 1374 siquidem

115 1376 243 1408 clericus
253 1377 352 1418 fuerit,
364 1378 528 1418 deponatur
539 1388 547 1416 ;
560 1379 584 1409 si
596 1383 692 1410 autem
710 1379 814 1418 laicus,
828 1389 937 1419 seque-

114 1425 234 1453 stretur.
247 1431 261 1452 ι)
273 1422 466 1463 Quiazymum
477 1423 595 1454 conﬁcit
609 1428 638 1454 et
653 1424 792 1462 comedit,
809 1425 864 1455 etsi
879 1433 938 1455 non

114 1467 265 1506 acceperit
280 1467 336 1497 hoc
352 1477 368 1498 a
382 1467 504 1504 Judaeis,
518 1468 570 1498 sed
581 1468 712 1500 imitator
721 1469 807 1499 fuerit
822 1469 852 1499 in
869 1469 936 1504 hoc,

115 1514 145 1541 ut
156 1510 275 1542 Judazus
284 1511 430 1551 intelligit,
442 1516 469 1543 et
483 1517 562 1543 extra
574 1513 668 1551 legem
677 1513 938 1554 est,quemadmo-

114 1555 183 1585 dum
193 1556 480 1588 etsicircumciderit
495 1557 560 1597 quis
576 1557 718 1598 seipsum,
732 1562 782 1588 aut
796 1567 813 1589 a
827 1557 939 1589 Judaeis

113 1599 347 1639 circumciditur,
358 1601 444 1631 simul
458 1602 520 1632 etin
529 1602 653 1633 scientia
663 1602 780 1642 estillis,
789 1612 936 1633 canones-

112 1653 170 1684 que
182 1648 210 1675 et
219 1645 353 1676 instituta
366 1646 565 1686 apostolorum
578 1651 805 1688 sanctorumque
816 1648 934 1678 Patrum

113 1690 349 1729 transgrediens,
368 1695 397 1721 et
412 1691 496 1721 irrita
511 1692 609 1722 omnia
619 1692 697 1729 facit,
708 1696 739 1722 ut
750 1692 824 1722 ratio
836 1698 935 1723 nostra

112 1733 335 1770 demonstravit,
350 1735 407 1765 Sed
420 1735 456 1766 de
465 1745 563 1775 azymo
573 1737 755 1767 sufﬁcienter
766 1737 847 1766 vobis
855 1737 933 1777 quod

113 1778 295 1818 prohibitum
309 1780 347 1810 sit
361 1779 397 1810 ab
413 1780 495 1810 omni
518 1781 669 1820 Scriptura
694 1781 792 1812 divina
807 1781 933 1811 demon-

113 1822 282 1854 stravimus.

153 1865 201 1896 ΧΙ.
219 1868 282 1905 Age
298 1868 436 1908 nuncqui
446 1873 552 1900 cmtera
563 1869 830 1901 demonstravimus
841 1871 935 1907 vobis,

113 1916 142 1955 et
155 1911 254 1955 subito
271 1913 421 1944 memoriw
434 1918 603 1953 suggestum
618 1919 661 1945 est
672 1915 755 1945 vobis
771 1915 808 1945 de
821 1915 936 1955 jejunio

114 1953 321 2000 Sabbatorum,
335 1958 473 1996 quoniam
487 1958 633 1989 instillatis
645 1959 729 1990 nobis
746 1970 752 1989 :
767 1953 935 2000 undejeju-

114 2009 184 2045 nare
205 1999 346 2038 Sabbata,
360 2011 394 2032 ex
407 2011 464 2042 qua
477 2003 740 2044 sanctaScriptura
754 2005 936 2045 accepistis?

110 2043 156 2074 Ab
165 2045 329 2084 apostolis?
341 2045 542 2087 Nequaquam.
553 2043 761 2088 Apostolorum
774 2043 935 2080 verticesin

111 2088 212 2134 quinto
228 2089 348 2129 quidem
365 2091 441 2122 libro
458 2092 691 2128 ordinationum,
710 2093 758 2133 qui
775 2093 812 2124 de
824 2098 935 2134 marty—

111 2133 193 2164 ribus
208 2134 394 2172 inscribitur,
409 2137 491 2175 juxta
503 2136 684 2168 Clementem
699 2148 706 2168 :
720 2151 732 2165 «
746 2138 884 2174 Quartam
895 2133 936 2169 fe-

113 2178 186 2208 riam
204 2183 232 2208 et
247 2184 358 2209 sextam
377 2181 509 2221 praecipit
524 2181 610 2212 nobis
621 2182 762 2222 jejunare
779 2183 934 2214 Dominus.

115 2222 207 2253 Unam
223 2223 342 2263 quidem
361 2230 481 2265 propter
497 2226 698 2264 traditionem,
713 2228 834 2258 alteram
864 2238 935 2268 pro-

114 2271 179 2307 pter
195 2268 372 2307 passionem.
390 2269 488 2309 Ipsum
506 2276 603 2302 autem
621 2271 781 2303 Sabbatum
799 2283 856 2303 non
875 2277 936 2303 tra—

985 930 1257 972 Sabbatajejunare
1270 938 1353 963 extra
1365 932 1503 962 traditam
1510 930 1808 962 sibiecclesiasticam

985 977 1227 1016 consequentiam
1246 986 1252 1009 :
1270 977 1380 1018 placuit
1395 980 1505 1007 sanctae
1520 976 1632 1016 synodo
1650 975 1809 1005 observare

984 1021 1186 1052 Romanorum
1193 1022 1356 1052 Ecclesiam
1363 1021 1547 1052 immobilem
1555 1029 1700 1052 canonem
1709 1019 1809 1050 dicen-

985 1068 1060 1096 tem:
1074 1065 1182 1106 Siquis
1203 1067 1330 1097 clericus
1348 1066 1438 1096 t'uerit
1459 1065 1606 1102 inventus,
1628 1078 1640 1093 υ
1657 1069 1686 1096 ct
1702 1068 1808 1095 caetera

984 1119 1050 1150 quae
1060 1110 1168 1141 deinde
1179 1111 1293 1142 scribit.
1307 1112 1375 1142 llaec
1384 1111 1482 1150 igitur,
1492 1110 1567 1141 sicut
1583 1110 1714 1145 cernitis,
1732 1119 1807 1149 apo-

985 1154 1098 1185 stolicis
1105 1155 1367 1187 constitutionibus
1375 1154 1560 1185 etcanonicis
1569 1154 1808 1185 ﬁdeliumEccle-

984 1199 1057 1229 siam
1070 1200 1139 1240 ligat
1149 1209 1215 1231 cum
1228 1209 1303 1240 papa
1314 1201 1415 1230 Romae
1422 1200 1584 1239 Agathone.
1595 1201 1654 1229 Vos
1666 1198 1744 1229 unde
1751 1199 1806 1229 ali-

984 1247 1029 1273 ter
1038 1245 1312 1285 etexquojejunare
1322 1244 1449 1276 Sabbata
1458 1243 1628 1284 accepistis?
1639 1243 1806 1280 Quinetiam

984 1287 1163 1319 oblationem
1173 1290 1312 1329 perfectae
1324 1289 1421 1320 missae
1433 1298 1486 1329 per
1497 1299 1614 1320 omnem
1623 1289 1701 1320 diem
1711 1288 1808 1318 facere

983 1332 1014 1362 in
1022 1335 1113 1364 sacris
1120 1333 1625 1374 diebusjejuniorum,siveSabbato
1635 1333 1695 1363 sive
1706 1333 1808 1363 Domi-

980 1376 1049 1408 nico
1056 1377 1113 1408 die:
1122 1378 1200 1409 unde
1211 1378 1415 1409 assuevistis‘?a
1425 1387 1482 1418 quo
1496 1377 1617 1408 doctore
1624 1376 1806 1418 accepistis?

980 1421 1021 1453 Ex
1038 1423 1180 1463 apostolis
1196 1423 1208 1453 Υ
1234 1423 1415 1454 nullatenus.
1442 1422 1580 1463 Apostoli
1604 1423 1684 1453 enim
1701 1432 1735 1454 ex
1751 1423 1808 1453 hoc

982 1476 1109 1508 posuere
1116 1477 1262 1498 canonem
1270 1468 1312 1498 sic
1325 1468 1508 1508 loquentem:
1521 1467 1568 1498 «Si
1576 1467 1641 1507 quis
1651 1467 1808 1508 episcopus

980 1515 1030 1542 aut
1046 1511 1209 1553 presbyter,
1227 1512 1271 1543 vel
1293 1512 1437 1543 diaconus
1452 1515 1500 1542 aut
1516 1512 1610 1542 lector
1626 1516 1677 1542 aut
1692 1517 1805 1553 cantor,

981 1566 1043 1587 sam
1054 1561 1111 1588 tam
1120 1566 1179 1588 non
1188 1557 1368 1598 jejunaverit
1390 1556 1807 1596 Quadragesimamquartam-

980 1611 1036 1641 que
1052 1606 1082 1632 et
1097 1606 1208 1632 sextam
1231 1602 1347 1638 feriam,
1371 1601 1545 1641 deponatur,
1562 1601 1619 1631 nisi
1635 1601 1807 1632 inﬁrmitate

979 1646 1114 1686 corporis
1123 1646 1312 1686 impediatur.
1320 1659 1333 1674 »
1341 1646 1540 1677 ministrantes
1550 1656 1620 1685 ergo
1629 1650 1716 1686 atque
1726 1656 1807 1677 com-

978 1691 1094 1729 pientes
1105 1691 1355 1722 ministrationem
1369 1696 1479 1722 sanctae
1488 1691 1586 1722 missae
1593 1700 1679 1722 secus
1690 1691 1806 1722 tertiam

977 1735 1079 1765 horam
1094 1735 1165 1774 diei,
1177 1735 1208 1766 in
1218 1745 1274 1776 qua
1289 1740 1316 1766 et
1339 1737 1556 1776 promulgatum
1581 1741 1624 1767 est
1641 1736 1741 1767 oﬁ‘erri
1756 1745 1805 1767 sa-

975 1779 1133 1819 criﬁcium,
1147 1781 1295 1820 quomodo
1305 1781 1454 1820 jejunium
1468 1790 1564 1821 usque
1576 1781 1611 1811 ad
1629 1781 1731 1812 horam
1744 1781 1806 1812 diei

979 1834 1086 1854 nonam
1101 1824 1285 1855 observatis?
1306 1825 1456 1855 soIVentes
1468 1826 1528 1856 haec
1538 1827 1565 1856 in
1575 1829 1707 1865 tempore
1716 1826 1806 1856 mini-

979 1869 1128 1899 strationis
1136 1869 1254 1900 missae?
1266 1868 1468 1910 Nequaquam.
1481 1870 1510 1900 Si
1520 1874 1618 1901 autem
1631 1871 1805 1911 locimpos-

979 1913 1067 1944 sibile
1083 1918 1137 1951 est,
1155 1914 1366 1955 maledictione
1384 1914 1572 1955 plectemini.

1018 1959 1092 1990 XIll.
1107 1959 1161 1995 Qui
1174 1960 1203 1990 in
1216 1961 1374 1998 Gangreno
1387 1961 1470 1991 fuere
1486 1962 1588 1991 Patres
1600 1961 1726 1991 concilio
1739 1971 1804 2001 cap.

980 2004 1015 2035 19
1029 2004 1097 2034 talia
1119 2005 1263 2036 citantur:
1292 2003 1322 2035 Si
1337 2005 1403 2045 quis
1415 2005 1599 2035 continentia
1615 2004 1679 2036 sine
1695 2015 1738 2035 co:
1749 2015 1804 2046 po-

976 2048 1030 2079 rali
1042 2049 1220 2080 necessitate
1229 2049 1324 2081 elatus
1334 2050 1432 2082 fuerit.
1444 2054 1472 2080 et
1481 2050 1762 2090 constitutajejunia
1774 2050 1805 2081 in

977 2103 1135 2125 commune
1146 2099 1174 2125 et
1183 2094 1336 2125 observata
1348 2095 1385 2126 ab
1397 2094 1530 2125 Ecclesia
1538 2094 1715 2132 dissolverit,
1727 2104 1804 2135 prae-

977 2139 1122 2169 sumendo
1134 2139 1189 2170 sibi
1203 2139 1363 2180 perfectam
1375 2140 1533 2177 rationem,
1551 2140 1708 2170 anathema
1724 2139 1770 2170 sit.
1789 2153 1800 2168 ν

978 2182 1121 2214 Similiter
1138 2185 1238 2214 Patres
1258 2184 1307 2224 qui
1330 2185 1359 2214 in
1376 2184 1553 2215 Laodicrnsi
1571 2184 1653 2214 fuere
1664 2184 1802 2222 concilio,

977 2228 1142 2258 secundum
1150 2228 1426 2269 quinquagesimum
1435 2239 1578 2259 canonem
1588 2229 1631 2259 sic
1638 2229 1716 2260 eﬁ‘ati
1723 2235 1802 2261 sunt:

981 2285 993 2300 α
1005 2272 1076 2308 Qeia
1090 2283 1146 2303 non
1159 2277 1278 2313 oportet
1289 2273 1318 2304 in
1333 2273 1564 2312 Quadragesima
1579 2278 1738 2314 martyrum
1749 2283 1802 2304 ua-

114 2312 190 2342 didit
204 2312 289 2342 nobis
301 2313 453 2355 jejunare,
470 2316 608 2356 quoniam
639 2326 697 2347 non
721 2321 846 2357 oportet,
866 2327 930 2357 pro
947 2312 1299 2354 Dtaliiiacelebrare,sed
1308 2312 1802 2349 sanctorumcommemorationem

113 2360 178 2396 pter
193 2356 265 2387 illud
279 2358 385 2394 solum,
403 2358 434 2388 in
446 2369 502 2400 quo
516 2360 638 2392 Creator
650 2356 781 2392 omnium
795 2356 936 2392 subterra

112 2401 174 2431 fuit.
189 2414 200 2429 ι)
213 2401 400 2441 Unde.juxta
411 2404 521 2434 calcem
536 2405 670 2443 ejusdem
683 2406 761 2442 libri,
775 2406 880 2437 iterum
893 2407 936 2438 sic

112 2446 260 2486 loquitur:
277 2459 289 2474 ιι
303 2446 398 2478 Omne
409 2448 526 2488 quidem
536 2449 696 2480 Sabbatum
710 2455 737 2480 et
749 2461 867 2481 omnem
879 2451 934 2482 Do-

113 2491 254 2521 minicum
267 2492 479 2523 celebrandum
492 2503 557 2524 esse
565 2494 692 2525 dicimus
713 2495 846 2526 Gaudere
855 2497 934 2526 enim

114 2536 268 2576 oportetin
280 2536 325 2566 hi?
338 2540 435 2567 etnon
448 2538 558 2577 lugere.
585 2550 598 2568 ι)
617 2539 746 2579 Septimo
762 2540 880 2580 quidem
897 2541 935 2570 li—

114 2580 165 2611 bro
172 2590 271 2611 earum
280 2581 613 2623 constitutionumjuxta
622 2584 792 2614 vicesimum
800 2590 933 2624 quartum

114 2629 200 2665 caput
212 2625 267 2655 hoc
282 2625 435 2665 inquiunt:
452 2639 463 2654 (ι
483 2627 643 2658 Sabbatum
657 2638 783 2668 namque
799 2633 828 2659 et
839 2629 936 2660 Domi-

115 2669 210 2700 nicum
219 2670 417 2709 celebramus,
426 2671 573 2711 quiaillud
584 2673 703 2713 quidem
713 2673 817 2703 divinae
826 2682 934 2713 opera-

115 2714 201 2749 tionis
211 2719 254 2745 est
266 2715 409 2745 memoria
423 2725 429 2753 ;
444 2716 490 2746 hic
501 2726 571 2748 vero
583 2717 823 2748 resurrectionis.
838 2719 934 2748 Unum

113 2767 179 2789 vero
196 2762 307 2790 tantum
334 2760 494 2792 Sabbatum
522 2762 751 2793 custodiendum
768 2766 811 2793 est
828 2763 856 2793 in
875 2767 933 2793 toto

113 2804 420 2843 annosepulturaaDom
427 2806 683 2847 ini.quojejt:nat‘e
690 2807 935 2847 oportet.Quando

114 2848 192 2880 enim
205 2848 339 2880 Christus
351 2850 381 2880 in
388 2851 631 2892 sepulcrojacuit,
640 2852 936 2894 discipulipotenlio-

978 2362 1115 2392 lacerein
1128 2362 1266 2393 Sabbatis
1277 2368 1306 2393 et
1325 2362 1489 2393 Dominicis
1508 2363 1622 2393 diebus.
1646 2376 1655 2390 ι
1675 2363 1708 2393 Et
1721 2364 1803 2402 juxta

979 2407 1238 2447 quadragesimum
1251 2412 1385 2438 octavum
1398 2418 1540 2437 canonem
1553 2408 1622 2437 item
1632 2409 1713 2438 aiunt
1723 2407 1778 2448 ipsi
1793 2417 1799 2438 :

981 2464 994 2479 α
1009 2452 1091 2488 Quod
1101 2453 1162 2482 non
1176 2453 1262 2482 decet
1278 2452 1306 2482 in
1325 2452 1800 2492 Quadragcsimapanemotl'e:re,

977 2496 1035 2527 nisi
1051 2497 1079 2526 in
1097 2496 1223 2527 Sabbato
1240 2501 1267 2526 et
1283 2497 1439 2528 Dominico
1457 2497 1519 2526 solo
1553 2510 1565 2524 ι)

1019 2541 1093 2572 XIV.
1108 2541 1139 2572 EI
1153 2542 1202 2581 qui
1216 2542 1245 2571 in
1259 2545 1341 2572 sexto
1354 2541 1512 2572 universali
1524 2541 1649 2572 concilio
1657 2551 1800 2572 convene-

979 2590 1046 2616 runt
1058 2586 1158 2617 Patres
1171 2586 1393 2626 similiterjuxta
1405 2586 1684 2626 quinquagesimum
1699 2595 1804 2617 secun-

978 2632 1047 2662 dum
1065 2640 1210 2662 canonem
1224 2631 1360 2662 sanciunt
1370 2641 1435 2661 cum
1449 2631 1636 2661 sanctissimo
1648 2632 1803 2670 Agathone

978 2686 1051 2717 papa
1066 2676 1183 2706 dicente
1195 2676 1258 2706 sic:
1280 2688 1292 2701 ι
1308 2677 1337 2705 ln
1355 2676 1493 2706 omnibus
1507 2675 1619 2706 sanctis
1635 2675 1803 2715 Quadrage-

977 2721 1249 2761 simaajejuniorum
1262 2719 1378 2758 diebus,
1393 2720 1457 2750 sine
1469 2719 1596 2751 Sabbato
1608 2724 1637 2750 et
1648 2720 1802 2751 Dominico

977 2765 1036 2805 die,
1047 2766 1147 2796 etsine
1158 2768 1259 2795 s-incto
1270 2764 1509 2800 Annuntiaticnis
1521 2764 1580 2800 die,
1600 2764 1647 2794 ﬁat
1663 2765 1752 2795 missa
1766 2774 1801 2796 ex

977 2808 1452 2841 antesanctiﬁcatisoblationibus.
1468 2821 1479 2835 υ
1490 2808 1538 2839 Sic
1546 2808 1802 2848 ergoaccipientes

979 2863 1032 2887 nos
1047 2854 1176 2886 Sabhato
1194 2858 1221 2884 et
1237 2853 1392 2885 Dominica
1420 2853 1480 2892 die,
1506 2862 1593 2884 secus
1609 2853 1724 2884 tertiam
1741 2853 1801 2887 diei
