1975 3071
241 212 319 245 1007

235 325 284 362 sit,
298 329 432 366 expectat
446 326 542 357 donec
556 326 749 366 compleatur,
763 330 793 358 et
803 331 963 358 renovetur
975 337 992 357 a
1001 327 1063 367 pri-

235 369 488 409 mogenitislsrael
501 370 672 401 videntibus
686 372 791 401 Deum.
804 371 975 411 Completur
983 371 1062 401 enim

235 423 269 445 ac
291 415 442 455 perﬁcitur
457 414 492 445 ab
509 415 545 446 iis
570 415 619 455 qui
637 418 760 446 currunt
775 415 805 446 in
822 415 978 446 scientiam
997 415 1062 455 Dei,

234 462 264 489 et
278 468 295 489 a
309 459 418 490 mundo
432 459 575 490 inferiore
590 460 749 500 perfectus,
769 460 902 490 ﬁdelium
920 465 948 491 et
959 460 1063 491 inﬁde-

234 503 306 534 lium
322 504 432 535 limites
448 503 662 542 determinans,
680 514 768 535 unam
786 505 843 535 sibi
860 505 1062 536 conﬁcitcon-

234 548 447 588 gregationem,
464 558 550 579 suum
568 548 727 589 unicuique
742 549 865 589 gradum
879 549 1061 580 distribuens

235 596 265 624 et
279 592 315 624 ab
335 593 462 624 invicem
488 603 630 632 separans
652 603 717 633 quae
733 593 811 624 inter
827 603 858 625 se
875 604 934 624 non
950 603 1059 625 conve-

234 637 339 677 niunt;
353 641 441 678 atque
464 637 588 669 aliorum
605 637 754 678 principia
777 638 910 679 ﬁnesque
924 648 941 669 a
956 648 988 669 se
1004 639 1059 669 de-

235 682 324 713 ducta
338 682 374 713 ad
392 692 424 713 se
439 682 566 720 reducit,
581 691 615 714 ac
630 682 736 713 limitat
751 686 783 713 ut
799 683 942 714 terminus
963 683 1058 713 inter-

235 726 375 764 minatus,
393 727 458 767 ipse
474 736 544 758 vero
565 727 601 758 ab
624 727 681 758 alio
706 727 853 768 principio
873 737 927 758 nec
943 727 1061 758 ducitur

234 779 290 802 nec
315 770 458 802 limitatur
482 775 620 812 tanquam
644 775 751 802 motus.
769 771 841 803 Nam
866 772 1058 812 semetipsum

234 819 378 856 perpetuo
394 820 505 852 movet,
522 817 562 847 ita
574 820 606 847 ut
618 825 673 847 nec
690 816 768 847 intra
782 817 913 857 seipsum
933 817 1058 847 restrin-

234 863 329 899 gatur,
354 870 409 892 nec
432 862 567 901 proprias
583 861 657 892 ﬁnes
673 861 917 901 transgrediatur,
936 861 975 891 sit
989 869 1059 892 vero

233 903 360 935 aliorum
375 905 573 936 sabbatismus
589 909 618 937 et
630 905 750 946 requies
765 906 862 936 omnis
880 904 1018 946 principii
1031 913 1061 939 et

236 953 345 981 motus.

275 993 324 1025 99.
341 993 451 1024 Novem
478 1003 614 1034 superum
640 995 812 1033 Potestates,
840 998 872 1025 ut
897 994 1014 1026 cantica
1033 998 1062 1025 et

233 1037 359 1078 hymnos
369 1039 564 1070 concinentes
575 1039 721 1079 triplicem
734 1039 869 1070 efﬁciunt
884 1040 1019 1075 chorum,
1027 1048 1060 1070 ac

232 1083 344 1124 triplici
358 1083 463 1114 ordine
478 1083 656 1115 Trinitatem
667 1084 906 1123 circumstantes,
922 1093 987 1114 cum
1000 1087 1060 1114 tre-

233 1136 317 1159 more
339 1128 518 1168 hymnorum
541 1128 685 1159 sacriﬁcia
709 1129 850 1159 offerunt.
868 1129 979 1160 Harum
996 1128 1062 1158 alia:

233 1172 372 1212 expansis
382 1173 437 1203 alis
448 1173 570 1213 cingunt
580 1173 896 1214 omniumPrincipium
908 1172 1060 1204 etCausam

232 1225 249 1247 a
264 1225 322 1257 qua
345 1217 506 1248 oriuntur:
525 1227 629 1248 omnes
653 1221 774 1249 attenta:
797 1218 981 1258 hymnosque
1008 1217 1057 1247 in-

232 1261 386 1302 choantes,
401 1261 526 1298 Throni,
541 1261 702 1293 Cherubim
719 1266 748 1293 et
764 1261 918 1302 Seraphim
938 1271 1057 1292 nuncu-

233 1309 360 1346 pantur,
386 1305 492 1346 quibus
517 1306 638 1347 propria
658 1313 703 1338 est
727 1307 813 1346 ignea
837 1306 1000 1346 sapientia},
1030 1310 1059 1337 et

233 1350 356 1381 scientia
370 1359 470 1381 rerum
484 1351 663 1388 caelestium,
680 1360 714 1381 ac
730 1351 857 1391 denique
877 1350 981 1390 dignus
997 1350 1057 1381 Deo

233 1395 360 1435 hymnus
386 1394 473 1434 Guel,
493 1395 577 1434 juxta
591 1394 767 1426 Hebraicam
784 1404 898 1425 vocem.
920 1395 994 1425 Aliae
1003 1404 1057 1426 au-

234 1442 306 1477 tem,
321 1438 429 1470 mediae
444 1438 520 1469 inter
532 1439 752 1478 praecedentem
770 1444 798 1470 et
813 1444 986 1479 sequentem
1006 1449 1057 1470 0r-

233 1483 346 1520 dinem,
363 1482 441 1513 circa
457 1482 551 1513 Deum
562 1487 652 1522 stant,
670 1483 784 1513 scilicet
808 1482 981 1521 Potestates,
998 1483 1058 1514 Do-

236 1527 413 1558 minationes
431 1531 461 1558 et
476 1526 628 1558 Virtutes:
646 1527 680 1557 ad
694 1537 770 1566 quas
782 1527 931 1567 pertinent
941 1537 1056 1567 magna-

233 1581 301 1603 rum
315 1581 415 1602 rerum
431 1572 592 1610 gestiones,
609 1571 820 1602 miraculorum
847 1571 1058 1612 signorumque

233 1625 268 1647 ac
293 1615 496 1656 prodigiorum
519 1615 719 1656 operationes,
737 1625 770 1646 ac
786 1615 915 1655 denique
938 1625 1057 1646 sacrum

233 1660 400 1700 Trisagion,
412 1663 543 1698 sanctus,
555 1664 684 1696 sanctus,
698 1664 827 1691 sanctus.
838 1660 912 1691 Alite
924 1660 1056 1700 demum,

235 1705 275 1737 ad
288 1714 342 1735 nos
357 1705 540 1740 desinentes,
558 1705 645 1735 nobis
660 1705 781 1745 quidem
807 1705 986 1745 superiores,
1003 1715 1056 1735 su-

235 1750 336 1790 pernis
351 1753 448 1780 autem
465 1748 634 1786 inferiores,
650 1749 743 1780 Deum
760 1750 961 1788 circumstant,
976 1759 1059 1780 nem-

235 1804 273 1834 pe
288 1794 486 1834 Principatus,
498 1794 679 1833 Archangeli
688 1798 716 1824 et
726 1794 830 1834 Angeli
847 1805 853 1824 :
868 1794 974 1834 quibus
986 1804 1056 1834 pro-

235 1838 301 1879 pria
315 1842 383 1868 sunt
398 1838 501 1868 divina
516 1838 693 1878 ministeria,
706 1847 739 1869 ac
748 1838 867 1868 demum
883 1839 1058 1878 sacerhym-

235 1892 292 1914 nus
318 1882 457 1914 Alleluia.
483 1882 544 1913 Illis
568 1883 705 1913 omnibus
729 1882 881 1914 rationalis
906 1883 1057 1914 hominum

235 1931 351 1965 natura,
374 1927 457 1958 omni
483 1927 614 1967 perfecta
636 1928 754 1964 virtute,
776 1928 856 1958 omni
881 1927 1006 1958 scientia
1030 1931 1058 1958 et

235 1972 382 2012 sapientia
403 1971 530 2012 Spiritus
553 1971 693 2011 Ignisque
709 1973 784 2002 sacri
801 1971 968 2009 sublimata,
983 1981 1057 2002 con-

233 2016 378 2047 formatur
406 2024 460 2056 per
486 2015 584 2046 divina
614 2016 800 2053 charismata,
828 2016 905 2056 quod
935 2016 1058 2055 singulis

235 2061 390 2101 proprium
405 2064 449 2091 est
464 2060 520 2090 sibi
533 2061 753 2100 quodommodo
769 2060 973 2100 approprians.
987 2060 1057 2091 Ete»

233 2105 296 2135 nim
312 2104 379 2136 aliis
394 2104 515 2145 quidem
531 2104 732 2135 conformatur
750 2104 916 2135 niinisterio
928 2108 956 2135 et
973 2114 1058 2134 man-

236 2149 372 2180 datorum
386 2148 438 2180 Dei
450 2149 656 2179 observatione
669 2159 677 2189 ;
694 2148 761 2179 aliis
776 2151 874 2180 autem
892 2148 1060 2179 misericor-

236 2193 285 2224 dia
308 2197 337 2224 et
357 2193 545 2233 protectione
568 2203 637 2233 erga
661 2203 732 2224 suos
751 2193 867 2231 fratres,
887 2197 916 2223 et
936 2194 1058 2233 insuper

1066 1607 1086 1632 C

891 215 1043 247 NICET/E
1064 213 1277 246 PECTORATI

276 281 326 313 98.
343 279 486 321 Superior
500 281 642 318 mundus,
659 291 725 313 cum
742 281 840 313 adhuc
867 282 1097 323 incompletusA

1847 215 1932 249 1008

1196 274 1200 284 ¹
1231 275 1255 288 (Α
1277 277 1290 287 τ’
1376 279 1380 288 1
1423 279 1429 288 \
1478 279 1485 288 ς
1521 279 1530 288 ἢ
1541 280 1548 288 ι
1587 280 1598 288 Ἰ
1645 281 1656 288 .ι
1732 282 1737 288 1
1814 283 1820 288 ι
1881 282 1888 288 κ

1149 279 1211 317 ζη’,
1231 279 1258 308 ‘0
1274 279 1328 307 ἅνω
1349 279 1449 316 κόσμος
1474 279 1570 314 ἀτελὴς
1586 280 1624 309 ἔτι
1639 281 1688 319 ὢν,
1704 282 1778 319 μένιε
1794 283 1844 316 τὴν
1859 282 1933 317 πλή-

1107 336 1198 363 ρωσιν,
1229 325 1265 356 εἰς
1297 325 1327 352 τὸ
1350 323 1441 352 λαϐεῖν
1470 325 1519 358 τὴν
1548 324 1612 354 ἰδίαν
1641 326 1858 355 ἀποκατάστασιν
1882 328 1934 355 ἀπὸ

1106 372 1156 397 τῶν
1194 368 1361 408 προτοτόχων
1390 373 1436 397 τοῦ
1476 367 1581 408 Ἰσραὴλ
1616 372 1669 397 τῶν
1705 371 1827 410 ὁρώντων
1857 373 1930 411 Θεὸν,

1107 413 1175 442 Ἀπὸ
1199 414 1247 453 γὰρ
1276 413 1328 441 τῶν
1356 413 1392 444 εἷς
1421 413 1518 452 γνῶσιν
1548 414 1749 455 ἀνατρεχόντων
1780 420 1845 445 Θεοῦ
1866 417 1932 444 ἁνα-

1103 457 1287 497 πληρούμενος
1326 457 1496 485 τελειοῦται·
1527 459 1569 486 καὶ
1596 459 1744 491 τελειωθεὶς
1778 461 1824 488 τὸν
1859 462 1931 488 κάτω

1102 503 1214 542 κόσμον,
1247 505 1299 530 τῶν
1328 503 1429 529 πιστῶν
1457 503 1501 530 καὶ
1523 503 1639 531 ἀπίστων
1668 505 1759 543 ὁρίζων
1786 505 1819 532 τὰ
1852 505 1927 540 τέλη,

1102 548 1163 584 μίαν
1179 548 1264 584 ἑαυτῷ
1285 553 1402 574 ποιεῖται
1427 546 1476 579 τὴν
1495 546 1611 587 σύνοδον⁷
1635 549 1775 586 ἀπονέμων
1801 550 1847 577 τὸν
1863 549 1928 577 ἴδιον

1102 591 1206 628 ἑκάστῳ
1234 591 1344 630 βαθμὸν,
1382 591 1425 618 καὶ
1459 590 1564 629 διαιρῶν
1600 591 1646 620 ἀπ’
1675 593 1800 628 ἀλλήλων
1829 595 1861 621 τὰ
1889 596 1926 630 μὴ

1101 635 1160 664 καθ’
1198 636 1276 665 ἑαυτὰ
1306 635 1469 674 συναγόμενα
1488 646 1495 654 ·
1532 637 1575 663 καὶ
1603 637 1650 668 τὰς
1679 637 1727 674 μὲν
1760 637 1822 677 παρ’
1852 639 1928 666 αὖτοῦ

1102 682 1153 708 τῶν
1170 679 1256 708 ἄλλων
1279 680 1364 720 ἀρχὰς
1388 681 1430 708 καὶ
1452 681 1485 707 τὰ
1508 680 1586 718 τέλη,
1603 679 1660 719 ἄγει
1676 683 1741 721 πρὸς
1764 683 1868 722 ἑαυτὸν,
1886 683 1928 710 καὶ

1102 725 1139 756 ὡς
1155 724 1215 760 ὅρος
1233 725 1310 763 ὁρίζει
1340 724 1434 754 ταύτας
1464 724 1585 763 ἀόριστος
1604 733 1610 740 ·
1640 727 1717 757 αὐτὸς
1735 726 1762 754 δὲ
1777 728 1823 754 ὑπ’
1844 726 1928 759 ἀλλης

1102 769 1202 814 εξιρχῆς,
1220 770 1278 798 οὔτε
1301 767 1403 806 ἄγεται,
1427 769 1484 796 οὒτε
1514 769 1562 806 μὲν
1588 770 1699 809 ὁρίζεται
1715 772 1752 802 ὡς
1774 773 1927 810 φερόμενος,

1100 806 1175 843 νΙδιον
1191 815 1239 853 γὰρ
1261 814 1291 842 τὸ
1307 813 1455 846 ἆεικινητον
1481 813 1551 853 ἕλει,
1578 815 1615 845 ὼς
1645 816 1712 852 μήτε
1743 815 1928 844 συστέλλεσθαι

1101 862 1192 887 τοῦτον
1206 858 1264 886 καθ’
1290 859 1392 895 ἑαυτὸν,
1424 859 1492 894 μήτε
1518 859 1571 886 τῶν
1596 859 1697 886 οἰκείων
1725 859 1792 898 ὅρων
1815 861 1928 900 ὑπερεχ-

1101 904 1238 941 τείνεσθαι,
1260 902 1316 930 ἀλλ’
1334 909 1402 930 εἶναι
1417 905 1469 930 τῶν
1483 901 1570 930 ἄλλων
1583 902 1770 941 σαϐϐατισμῶν
1785 905 1828 932 καὶ
1843 906 1928 932 κατα-

1072 949 1091 972 Β
1102 959 1196 976 παυσιν
1212 948 1299 980 πάσης
1315 947 1400 986 ἀρχῆς
1422 948 1465 974 καὶ
1486 948 1631 982 κινήσεως.

1143 987 1199 1030 4οί
1225 987 1255 1019 (Η
1271 992 1330 1023 Eva:
1351 992 1404 1019 τῶν
1433 990 1487 1018 ἅνω
1513 990 1659 1032 δυνάμεων,
1685 993 1721 1024 ὡς
1747 993 1864 1030 ὑμνῳδὸς
1885 995 1928 1021 καὶ

1100 1039 1153 1066 τῶν
1177 1036 1266 1074 ὕμνων
1295 1036 1453 1076 ἐξάρχουσα,
1477 1035 1611 1075 τριαδικὴν
1648 1044 1765 1065 ποιεῖται
1790 1049 1926 1077 1090711-

1102 1086 1182 1110 τοῦσα
1208 1081 1257 1114 τὴν
1282 1081 1410 1120 σύνταξιν,
1441 1081 1484 1108 καὶ
1518 1080 1656 1120 τριαδικῶς
1679 1084 1711 1119 τῇ
1739 1083 1827 1120 Τριάᾶι
1856 1094 1927 1122 παρ-

1103 1126 1242 1163 ισταμένη,
1276 1126 1303 1153 ἐν
1337 1126 1410 1165 φόβῳ
1441 1124 1639 1164 λειτουργοῦσα,
1670 1127 1860 1166 προσαναφέρει
1882 1129 1927 1155 τὸν

1102 1170 1194 1208 ὕμνον.
1223 1171 1326 1199 Τούτων
1343 1171 1381 1208 ,αἱ
1410 1170 1458 1206 μὲν
1487 1173 1520 1207 τῇ
1551 1170 1624 1210 ἀρχῇ
1652 1171 1696 1198 καὶ
1725 1171 1831 1199 πάντων
1861 1173 1929 1207 ari-.5;

1102 1214 1345 1254 X10‘J?1ﬁ).05v€1t,
1383 1213 1427 1253 ἀφ’
1456 1215 1488 1246 ἦς
1518 1213 1658 1254 ἄρχονται,
1688 1214 1747 1243 ὅσαι
1783 1223 1929 1255 προσεχεῒς

1099 1261 1142 1287 καὶ
1170 1261 1221 1287 τῶν
1248 1258 1335 1296 ὕμνων
1364 1258 1534 1298 ἒξάρχουσαι,
1564 1259 1668 1298 Θρόνοι,
1698 1259 1842 1298 Χερουϐὶμ,
1875 1265 1929 1288 Σε-

1099 1305 1192 1344 ραφὶμ,
1210 1305 1285 1332 αὗται
1301 1303 1395 1343 ὄνομα,
1420 1305 1465 1335 αἶς
1491 1302 1558 1331 ἴδιον
1584 1305 1601 1337 ἡ
1629 1304 1753 1343 ἒμπύριος
1770 1305 1860 1344 copia,
1884 1307 1929 1333 καὶ

1099 1350 1116 1382 ἡ
1147 1352 1243 1387 γνῶσις
1273 1349 1325 1376 τῶν
1361 1348 1498 1387 οὗρανίων,
1529 1349 1573 1375 καὶ
1607 1348 1693 1386 τέλος,
1731 1350 1744 1376 ὁ
1778 1350 1927 1389 θεοπρεπὴς

1099 1393 1179 1430 ὕμνος
1211 1397 1257 1422 τοῦ
1283 1392 1345 1430 Γὲλ,
1371 1393 1439 1420 κατὰ
1475 1392 1524 1425 τὴν
1554 1388 1678 1431 (Εϐραΐδα
1705 1394 1795 1432 φωνήν
1812 1400 1819 1408 ⁸
1847 1396 1873 1422 αἱ
1900 1394 1927 1422 οὲ

1100 1437 1180 1474 μέσον
1221 1437 1319 1465 τούτων
1353 1437 1396 1464 καὶ
1431 1436 1482 1464 τῶν
1519 1436 1688 1476 ἐφεπομένων
1726 1437 1775 1470 τῆς
1814 1437 1925 1474 τάξεως²

1100 1483 1158 1521 περὶ
1205 1483 1269 1510 Θεὸν
1311 1481 1445 1519 ἵστανται,
1483 1479 1624 1520 Ἐξουσίαι,
1669 1481 1839 1520 κυριότητες,
1882 1484 1927 1510 καὶ

1102 1527 1231 1564 Δυνάμεις
1250 1529 1257 1542 ‘
1285 1527 1330 1558 αἶς
1360 1525 1428 1553 ἴδιον
1456 1526 1508 1553 τῶν
1544 1525 1667 1564 μεγάλων
1703 1527 1868 1565 πραγμάτων
1901 1529 1928 1555 αἱ

1099 1572 1282 1607 διευοετήσεις,
1310 1572 1335 1598 αἱ
1364 1571 1415 1598 τῶν
1450 1571 1590 1608 θαυμάτων
1630 1570 1769 1610 ἐνέργειαι,
1800 1573 1844 1599 καὶ
1873 1575 1928 1600 τών

1098 1618 1215 1655 σημείων
1252 1617 1287 1663 αἱυ
1305 1615 1483 1662 τερατομργίαι
1500 1623 1507 1630 '
1523 1651 1534 1663 μ
1550 1615 1593 1643 καὶ
1634 1614 1709 1648 τέλος
1739 1616 1752 1643 ὁ
1787 1617 1930 1656 Τρισάγιος

1098 1662 1191 1700 ὕμνος,
1207 1663 1247 1697 το,
1275 1653 1373 1699 τλλγιος,
1393 1653 1491 1697 Ἄγιος,
1523 1653 1612 1698 Ἄγιος
1628 1667 1636 1675 ’
1661 1661 1686 1686 αἱ
1715 1659 1741 1686 8‘s
1770 1661 1837 1699 πρὸς
1853 1662 1927 1698 ἡμᾶς

1098 1706 1268 1741 τελευτῶσαι,
1304 1704 1425 1742 ὕπεράνω
1465 1704 1514 1741 μὲν
1550 1705 1638 1742 ἡμῶν,
1678 1703 1871 1738 ὑποϐεϐηκυῖαι
1900 1705 1927 1734 δὲ

1098 1753 1143 1779 τὸν
1169 1751 1222 1778 ἄνω
1247 1751 1305 1788 περὶ
1337 1750 1401 1777 Θεὸν
1430 1748 1563 1785 ἵστανται,
1595 1747 1704 1788 Ἀρχαὶ,
1733 1747 1923 1789 Ἀρχάγγελοι,

1099 1788 1220 1835 Ἄγγελοι
1239 1802 1245 1809 ’
1287 1795 1330 1826 αῖς
1354 1792 1420 1821 ἴδιον
1450 1794 1480 1821 τὸ
1506 1792 1683 1832 λειτουργικὸν
1711 1793 1738 1822 ἐν
1767 1793 1924 1832 διακονίαις,

1098 1842 1141 1869 καὶ
1159 1840 1234 1872 τέλος
1250 1841 1264 1868 ὁ
1285 1840 1352 1879 ἱερὸς
1379 1838 1460 1875 ὕμνος
1490 1841 1534 1866 τοῦ
1564 1837 1741 1871 Ἀλληλούϊα.
1765 1840 1879 1871 Ταύταις
1906 1841 1922 1873 ἡ

1098 1885 1194 1924 λογικὴ
1209 1885 1262 1913 τῶν
1291 1883 1433 1923 ἀνθρώπων
1462 1883 1537 1923 φύσις
1566 1882 1609 1911 διά
1635 1883 1725 1916 πάσης
1753 1883 1850 1922 ἀρετῆς
1879 1895 1926 1912 τε-

1099 1929 1251 1967 λειουμένη,
1277 1930 1321 1957 καὶ
1349 1927 1391 1956 διὰ
1418 1928 1507 1961 πάσης
1530 1928 1664 1967 γνώσεως,
1688 1929 1731 1956 καὶ
1754 1929 1847 1968 σοφίας
1877 1929 1927 1957 ἀν-

1098 1974 1246 2012 υψουμὲνη,
1275 1975 1322 2001 τοῦ
1349 1973 1514 2010 Πνεύματος,
1555 1973 1598 2000 καὶ
1637 1976 1683 2001 τοῦ
1724 1974 1792 2001 θείου
1834 1976 1928 2014 πυρὸς,

1099 2021 1238 2048 οἰκειοῦται
1267 2025 1326 2050 ταῖς
1349 2018 1426 2050 Θείοις
1460 2017 1633 2057 χαρίσματι-ιν,
1664 2019 1701 2048 ὡς
1730 2019 1760 2046 τὸ
1790 2017 1858 2047 ἴδιον
1888 2019 1930 2047 διὰ

1099 2064 1276 2103 καθαρότητος
1291 2061 1464 2099 ἐπισπωμένη
1488 2065 1592 2092 πασῶν.
1622 2067 1688 2094 Ταῖς
1718 2063 1766 2100 μὲν
1794 2064 1855 2103 γὰρ,
1889 2066 1924 2101 τῇ

1099 2107 1226 2145 διακονίᾳ,
1270 2108 1313 2135 καὶ
1348 2106 1493 2146 λειτουργίᾳ
1528 2108 1580 2134 τῶν
1609 2106 1721 2135 ἐντολῶν
1755 2111 1801 2136 τοῦ
1831 2111 1900 2136 Θεοῦ
1917 2116 1924 2123 ·

1100 2160 1160 2185 ταῖς
1175 2152 1214 2189 δὲ,
1230 2156 1265 2190 τῇ
1291 2152 1448 2191 ωμπαθείᾳ,
1477 2152 1521 2179 καὶ
1544 2153 1577 2189 τῇ
1602 2152 1747 2191 προστασίᾳ
1776 2155 1829 2180 τῶν
1860 2154 1931 2190 ὁμο-

1101 2197 1187 2237 φύλων
1205 2205 1212 2212 ⁸
1236 2196 1274 2225 ἔτι
1298 2195 1325 2224 δὲ
1346 2199 1381 2234 τῇ
1409 2199 1460 2224 τῶν
1485 2196 1608 2236 μεγάλων
1636 2197 1680 2225 καὶ
1702 2197 1776 2224 Θείων
1799 2198 1930 2236 πραγμά-

238 2247 411 2277 magnarum
426 2238 652 2278 divinarumque
667 2247 768 2268 rerum
783 2238 919 2277 gestione
940 2242 968 2268 et
990 2238 1060 2278 Spi-

1146 2254 1154 2270 ν
1171 2242 1315 2279 οἰκονομίᾳ,
1346 2241 1390 2269 καὶ
1413 2247 1474 2272 ταῖς
1503 2241 1644 2280 ἐνεργείαις
1673 2241 1718 2269 τοῦ
1747 2242 1902 2279 Πνεύματος
1921 2251 1928 2259 ⁵

236 2282 311 2314 ritus
326 2282 547 2323 operationibus
562 2293 569 2320 ;
585 2282 650 2313 aliis
666 2282 794 2323 denique
810 2282 905 2322 ignito
915 2282 1062 2313 sermonis

237 2326 385 2367 sapientia
412 2330 441 2357 et
469 2327 595 2358 scientia
619 2327 784 2358 divinarum
812 2331 841 2357 et
867 2327 1062 2357 humanarum

237 2380 338 2402 rerum
356 2371 523 2412 participat.
536 2371 580 2402 Ita
591 2371 722 2412 perfecta
737 2375 767 2402 et
782 2375 894 2402 natura;
909 2371 987 2402 dona
999 2381 1062 2402 mu-

238 2419 346 2456 tuans,
376 2415 501 2446 decima:
530 2415 670 2456 potentiae
705 2415 766 2446 Deo
797 2425 850 2456 per
886 2415 951 2446 illas
988 2425 1062 2446 con-

235 2460 382 2500 jungitur,
405 2460 490 2500 quasi
509 2460 633 2492 decimae
661 2460 808 2500 primitias
823 2470 858 2491 ex
873 2460 971 2500 Seipsa
996 2460 1064 2491 huic

238 2505 376 2536 oﬂ‘erens.

280 2549 348 2582 100.
365 2549 445 2581 Deus
458 2549 565 2581 Unitas
580 2554 609 2581 et
622 2549 761 2588 Trinitas,
788 2548 826 2580 ab
850 2549 962 2580 unitate
984 2548 1062 2580 inci-

237 2592 335 2634 piens,
348 2594 379 2624 in
393 2595 526 2635 seipsum
544 2595 664 2625 decadis
680 2594 774 2624 instar
788 2593 953 2624 circulatim
964 2602 1063 2624 rever-

238 2637 319 2669 titur.
336 2638 391 2669 Hic
402 2639 535 2670 omnium
548 2638 693 2679 principia
704 2642 732 2668 et
741 2638 816 2669 ﬁnes
828 2637 905 2668 intra
916 2647 949 2669 se
960 2638 1060 2668 habet.

237 2682 290 2714 Est
303 2686 403 2714 autem
419 2687 501 2714 extra
516 2683 625 2721 omnia,
648 2686 794 2723 quatenus
817 2681 955 2712 omnibus
971 2691 1062 2722 supe-

237 2727 309 2759 rior.
317 2727 372 2764 Qui
379 2728 456 2759 intra
464 2737 531 2759 eum
544 2732 588 2759 est
598 2728 728 2759 rationes
739 2726 954 2767 scientiamque
961 2736 1063 2757 rerum

237 2775 385 2812 penetrat,
403 2776 432 2803 et
447 2777 529 2803 extra
540 2772 641 2803 omnia
657 2776 748 2809 stans,
766 2771 844 2801 intra
859 2771 959 2802 omnia
974 2771 1062 2802 inha-

237 2814 320 2853 bitat,
338 2816 484 2856 principia
498 2817 633 2856 ﬁnesque
645 2816 751 2847 horum
767 2815 947 2856 percallens,
960 2819 1062 2855 utpote

239 2858 316 2889 Patri
332 2868 386 2898 per
401 2859 533 2891 Verbum
546 2860 740 2901 spiritualiter
748 2860 859 2897 unitus,
873 2863 903 2891 et
914 2859 1063 2900 perfectus

1102 2294 1163 2318 ταῖς
1180 2286 1220 2326 δὲ,
1242 2289 1276 2324 τῇ
1292 2285 1399 2325 ἐμπύρῳ
1414 2286 1491 2325 σοφίᾳ
1512 2289 1558 2314 τοῦ
1586 2285 1674 2324 λόγου,
1700 2286 1744 2314 καὶ
1771 2289 1806 2324 τῇ
1833 2287 1929 2325 γνώσει

1103 2334 1155 2359 τῶν
1183 2331 1257 2359 Θείων
1287 2330 1330 2358 καὶ
1362 2330 1527 2368 ἀνθρωπίνων
1551 2330 1712 2369 πραγμάτων
1741 2339 1929 2369 συγκοινωνεῖ.

1105 2375 1179 2404 Οὕτω
1213 2374 1396 2412 τελειουμένη,
1433 2375 1477 2402 καὶ
1512 2374 1558 2406 τὰς
1587 2374 1685 2414 δωρεὰς
1709 2374 1856 2412 ἀμείϐουσα
1885 2376 1931 2407 τὰς

1105 2420 1152 2454 τῆς
1169 2420 1283 2460 φύσεως,
1306 2422 1340 2457 τῇ
1368 2418 1453 2447 δεκάδι
1483 2422 1540 2455 Θεῷ
1568 2418 1609 2446 δια
1630 2419 1729 2447 τούτων
1758 2421 1931 2456 συνάπτεται,

1105 2466 1141 2497 ὡς
1183 2464 1309 2504 ἆπαρχὶν
1359 2463 1470 2497 δεκάτης
1520 2465 1587 2501 αὐτῇ
1639 2470 1853 2503 προσενεγκοῦσα
1906 2464 1933 2497 ἒξ

1105 2510 1201 2542 ἑαυτῆς
1208 2533 1213 2540 ,

1146 2550 1180 2593 ρ’.
1199 2555 1263 2585 Θεὸς
1278 2554 1295 2588 ἡ
1313 2553 1398 2584 Μονὰς
1413 2554 1457 2581 καὶ
1471 2553 1560 2592 Τριας,
1578 2553 1630 2581 ἀπὸ
1651 2552 1763 2591 μονάδος
1779 2554 1934 2594 ἀρχόμενος

1104 2601 1140 2631 εἷς
1157 2599 1248 2627 ἑαυτὸν
1271 2600 1316 2626 οἶα
1331 2597 1362 2631 δὴ
1391 2597 1479 2637 δεκὰς,
1509 2598 1640 2629 κυκλικῶς
1663 2597 1827 2637 τελειοῦται,Δ
1851 2601 1935 2633 Οὗτος

1103 2645 1149 2676 τὰς
1175 2644 1280 2672 πάντων
1309 2643 1394 2682 ἀρχὰς
1422 2643 1466 2670 καὶ
1486 2643 1519 2670 τὰ
1541 2642 1605 2675 τέλη
1628 2642 1702 2674 ἐντὸς
1725 2643 1796 2683 ἔχει.
1813 2635 1889 2672 “Ean
1906 2643 1934 2672 δὲ

1103 2690 1208 2717 πάντων
1225 2687 1312 2724 ἐκτὸς,
1329 2689 1365 2718 ὡς
1390 2687 1575 2726 ὑπερκείμενος
1602 2690 1653 2715 τῶν
1683 2687 1764 2718 ὅλων.
1793 2689 1894 2717 Τούτου
1920 2691 1935 2716 ὁ

1105 2733 1177 2764 ἐντὸς
1192 2732 1321 2772 γεγονὼς,
1338 2731 1411 2762 ἐντὸς
1422 2731 1482 2762 τοὺς
1498 2730 1593 2769 λόγους
1610 2731 1653 2759 καὶ
1675 2731 1724 2765 τὴν
1752 2735 1852 2770 γνῶσιν
1881 2735 1934 2761 τῶν

1104 2777 1186 2806 ὄντων
1199 2777 1336 2817 ἐχώρησεν
1353 2785 1360 2794 ⁸
1377 2775 1426 2809 ἔξω
1451 2775 1478 2804 δὲ
1502 2776 1607 2804 πάντων
1637 2777 1732 2813 ἑστὼς,
1756 2776 1831 2809 ἐντὸς
1862 2778 1935 2805 πάν-

1104 2834 1156 2850 των
1171 2821 1314 2861 αὐλίζεται,
1330 2821 1377 2853 τὰς
1392 2821 1479 2861 ἀρχὰς
1496 2819 1569 2852 εἰδὼς
1595 2821 1637 2848 καὶ
1665 2821 1698 2848 τὰ
1726 2820 1792 2854 τέλη
1822 2822 1936 2858 τούτων,

1105 2868 1140 2899 ὡς
1176 2867 1242 2904 μετὰ
1272 2866 1372 2905 Πατρὸς
1403 2865 1443 2893 διὰ
1469 2868 1515 2894 τοῦ
1552 2865 1637 2903 Λόγου
1666 2865 1808 2905 συνάφειαι»
1847 2867 1939 2907 νοερὰν
