1975 3071
199 169 203 172 ι
215 149 286 182 1011
853 152 1005 184 ΝΙΟΕΤΕ
1033 153 1047 183 I

1088 153 1201 185 JTORA
1207 155 1247 186 TI
1823 155 1838 185 1
1845 155 1888 186 01
1898 153 1919 185 2

213 218 253 248 sis
264 227 315 248 eos
329 219 497 250 absolvunt.
517 219 569 250 His
595 219 733 250 omnibus
756 224 854 250 autem
880 220 1047 260 proprium,

1088 233 1119 254 '0;
1154 223 1281 261 γίγνεται.
1314 222 1388 251 Ἐκεῖ
1417 224 1466 263 γὰρ
1502 223 1539 252 ἔτι
1573 227 1626 251 τῶν
1656 225 1847 262 εἰσαγωγικῶν
1884 225 1929 254 εἰς

213 266 257 293 est
272 263 384 301 dicere,
401 264 448 295 his
463 264 582 304 quidem
597 273 603 295 :
620 264 763 302 Benedic,
780 273 878 304 quaeso
893 275 901 302 ;
918 263 976 295 illis
985 274 1036 295 au-

1088 266 1184 303 ιγῶναις
1225 266 1371 307 τελαύντες,
1415 269 1458 296 καὶ
1499 269 1546 302 τὴν
1583 269 1676 296 στάσιν

213 309 272 338 tem
286 318 292 336 ε
310 307 408 340 Salvet
419 312 447 339 te
462 309 540 340 Deus
553 309 559 339 !

211 353 276 390 πρὸς
304 354 351 384 τὰς
380 359 426 383 τοῦ
469 357 512 382 νοῦ
544 355 700 394 (pm-actu,

212 397 328 437 κεφαλὰς
369 398 510 438 ἐρχόμενοι
551 398 666 426 χ).ινοῦσι

1767 280 1831 290 υ-ε-

1714 268 1845 308 ἔχοντες,
1896 271 1931 297 οὗ

1076 311 1142 349 πρὸς
1172 312 1254 347 pto'vz;
1296 312 1342 343 τὰς
1385 315 1437 340 τῶν
1472 315 1562 341 παθῶν
1590 312 1734 352 ἐνεργείας,
1765 313 1839 342 ἀλλὰ
1874 313 1928 340 xz?

929 355 960 382 tit
1000 355 1051 381 τῶν
1093 356 1216 394 πονηρῶν
1251 355 1395 393 ἰνδάλματα
1433 356 1570 396 λογισμιῖιν
1611 357 1821 397 ἆπερικάλυπτοι
1870 358 1926 388 τᾶς

954 398 1098 437 εἰρημένων
1146 399 1268 435 lla-tepor;
1318 400 1429 428 ἐνώπιον
1448 409 1454 416 '
1509 406 1585 431 τοῦτο
1637 401 1697 439 μὲν,
1740 403 1789 436 ’ἁλν
1847 403 1925 441 πρὸς

212 442 305 474 αὖτοὺς
333 442 461 471 δούλωσιν
502 444 545 470 καὶ
586 445 743 471 ταπείνωσιν
784 442 985 482 ἐνδεικνύμενοι,
1018 448 1094 472 τοῦτο
1136 443 1163 471 δὲ
1198 445 1241 472 καὶ
1275 445 1323 478 τὴν
1365 446 1428 484 παρ’
1469 446 1574 474 ἐκείνων
1616 446 1735 486 εὒλογίςιν
1770 447 1925 484 τυπούμε-

743 355 786 382 κπὶ
822 355 886 393 πρὸς

711 398 805 430 ταύταις
853 401 906 426 τῶν

214 497 252 514 νοι
283 488 325 515 καὶ
361 487 522 525 αἰτούμενοι,
559 489 587 516 Οἱ
625 487 651 515 δὲ
689 491 779 527 πρῶται
821 488 869 525 μὲν
899 489 1001 526 σῖιυρῴ
1028 489 1074 519 τὰς
1101 489 1200 516 τούτων
1229 489 1440 528 ἐπισφραγίζιιυσι
1468 490 1585 530 κεφαλάς
1604 499 1610 505 ·
1649 492 1709 519 εἷται
1745 492 1791 522 τὰς
1827 490 1924 523 δεξιὰς

213 533 310 570 χεῖρκς
339 538 400 563 ταῖς
428 532 520 570 κάραις
549 531 705 564 ἐπιτιθέντες
743 535 838 567 πιῦτὼν,
875 533 917 559 κειὶ
952 532 1007 568 ἅμα
1036 543 1047 560 τ

1110 532 1270 565 ἐπιτεθείσις
1300 535 1322 562 οἳ
1350 533 1437 566 θέντες
1465 535 1637 572 ἀπωσάμενοι
1667 543 1762 575 χεῖρας
1790 535 1923 575 ἐπευχά.

214 587 288 613 μενοι
319 577 412 608 αὐτοὺς
441 576 612 607 ἀπολύουσιν,
646 575 710 605 ιδιον
738 576 764 604 δὲ
794 577 893 608 ῖοῦτοις
922 577 1000 603 πᾶσῖν
1028 576 1082 604 ἐστι
1104 578 1133 604 τὸ
1155 584 1212 608 τοῖς
1239 578 1299 614 μὲν,
1331 578 1483 618 Εὖλόγησον
1511 579 1638 619 εὖγομαι,
1662 570 1762 619 λὲγέιν,
1793 570 1923 612 τοτςυδέ

215 620 303 648 Σώσαι
319 631 348 648 σε
364 622 378 648 ὁ
400 620 477 652 Θεὸς.

977 885 1146 923 INCIPIT

511 983 1115 1049 CUJUSDAM
1175 983 1616 1051 NICETE

712 1100 890 1124 PRESBYTERI
913 1099 948 1122 ET
968 1099 1102 1122 MUNACHI
1124 1099 1301 1122 MONASTERII
1324 1100 1417 1123 S'l'UDll

406 1191 745 1245 LIBELLUS
792 1189 1070 1242 CONTRA
1116 1188 1416 1244 LATINOS
1462 1190 1713 1245 EDITUS

551 1303 591 1334 Et
607 1302 644 1333 ab
660 1301 856 1341 apocrisiaris
871 1300 1047 1341 apostolt'cte
1062 1300 1140 1330 sedis
1155 1299 1421 1340 Constantinopoli
1436 1306 1573 1342 repertus

258 1500 280 1531 Ι.
298 1500 399 1532 Niceta
410 1500 564 1541 presbyter
573 1505 601 1532 et
615 1499 778 1531 monachus
792 1497 960 1528 monasterii
973 1498 1038 1528 Stu-
1050 1503 1068 1527 Β

218 1545 347 1583 diorum,
365 1545 415 1586 qui
426 1546 627 1585 prmnominor
641 1545 807 1575 Pectoratus
822 1552 829 1573 :
848 1541 1040 1578 Romanis,de

219 1589 328 1630 azymis
338 1593 366 1620 et
381 1590 569 1621 sabbatorum
579 1589 714 1630 jejuniis,
732 1592 760 1619 et
771 1587 881 1628 nuptiis
897 1587 1038 1618 sacerdo—

219 1637 293 1664 tum.
312 1634 394 1665 Bona
409 1639 453 1665 est
468 1635 588 1665 dilectio
611 1634 647 1665 ad
672 1632 848 1673 proximum,
867 1642 883 1663 o
906 1632 1038 1662 omnium

218 1679 351 1717 gentium
369 1679 583 1719 sapientissimi
606 1683 634 1710 et
652 1677 829 1709 nobilissimi
845 1677 981 1716 Romani,
998 1675 1038 1706 Ex

219 1723 394 1754 habitudine
405 1724 485 1755 enim
497 1723 663 1755 dilectionis
671 1723 706 1753 ad
720 1721 898 1763 proximum,
909 1720 1040 1752 ethumi-

219 1768 286 1799 litas
306 1768 438 1799 abundat
454 1767 489 1799 ad
504 1777 571 1799 eum
583 1767 633 1809 qui
646 1767 732 1798 habet
753 1767 846 1798 illam.
862 1765 927 1806 Ipsa
941 1769 1041 1796 autem

220 1811 374 1842 abundans
385 1811 475 1842 efﬁcit
487 1811 661 1852 participem
671 1811 714 1842 sui
727 1810 826 1841 omnia
836 1809 970 1849 diligere,
980 1818 1043 1852 om-_

220 1856 270 1886 nia
281 1850 521 1893 sustinere,utait
530 1850 647 1887 divinus
658 1855 829 1896 Apostolus,
838 1858 867 1885 et
875 1864 932 1884 non
946 1850 1044 1884 inﬂari

220 1900 365 1932 adversus
378 1901 543 1941 proximum
555 1910 640 1931 suum
653 1899 922 1940 aliquando,neque
934 1908 967 1929 ea
979 1908 1044 1938 quae

220 1946 314 1986 ipsius
323 1945 490 1976 soliussunt
499 1948 646 1986 quaerere,
654 1949 704 1976 aut
715 1944 809 1975 zelum
823 1943 932 1974 habere
943 1944 1044 1973 adver-

220 1999 271 2021 sus
282 1999 349 2025 eum
365 1994 394 2021 et
409 1990 631 2021 altercationem
644 1993 673 2020 et
687 1988 918 2020 aemulationem.
937 1987 1043 2018 Omnia

222 2035 302 2066 enim
324 2035 386 2065 haec
402 2034 593 2066 dilectionem
610 2037 832 2073 persequuntur
848 2036 876 2063 et
891 2032 1043 2063 humilita-

222 2083 295 2116 tem,
320 2083 348 2109 et
367 2079 479 2110 facinnt
503 2078 654 2109 hominem
681 2088 740 2108 non
769 2077 931 2108 secundum
952 2078 1043 2107 [tcum

221 2123 383 2162 ambulare,
400 2123 452 2154 sed
469 2123 631 2154 secundum
648 2122 800 2153 hominum
816 2121 942 2152 libitum.
960 2121 1042 2157 Quod

223 2173 252 2200 et
263 2168 372 2199 Paulus
386 2169 492 2208 arguit,
510 2168 613 2199 dicens
627 2178 633 2199 :
647 2181 658 2194 α
675 2168 746 2198 Cum
762 2166 800 2197 sit
815 2167 892 2196 inter
907 2175 954 2196 vus
964 2166 1072 2208 zelusc

223 2217 250 2243 et
263 2213 413 2244 contentio
427 2216 456 2243 et
471 2212 630 2250 discordia,
648 2220 746 2242 nonne
762 2211 895 2242 carnales
916 2211 998 2247 estis,
1015 2214 1044 2240 et

222 2257 388 2288 secundum
413 2258 563 2288 hominem
590 2255 773 2288 ambulatis?
791 2268 802 2282 η
822 2255 851 2291 (Ι
865 2256 930 2285 Cor.
955 2263 997 2286 in.
1015 2254 1043 2292 3)

223 2304 350 2343 Propter
365 2303 442 2344 quod
459 2312 529 2342 rogo
545 2308 670 2333 vestram
688 2301 872 2340 charitatem,
895 2299 1045 2330 humiliari

222 2356 275 2379 vos
291 2353 413 2389 propter
428 2347 481 2379 Dei
494 2351 685 2388 przeceptum,
702 2349 731 2376 et
745 2345 848 2376 audire
865 2354 881 2374 a
896 2344 981 2374 nobis
998 2344 1045 2374 in~

225 2392 326 2433 dignis
336 2397 364 2423 et
381 2392 522 2423 minimis.

266 2438 301 2470 ΙΙ.
320 2437 516 2478 Requirentes
529 2436 608 2467 enim
622 2436 657 2467 ab
669 2436 728 2466 illis
737 2435 785 2476 qui
796 2445 828 2465 ex
845 2433 969 2464 diversis
979 2443 1046 2473 pro-

227 2482 330 2513 vinciis
345 2482 544 2513 Romanorum
563 2481 790 2521 peregrinantur
806 2480 853 2510 hic
869 2479 906 2509 de
926 2478 1045 2518 azymis,

226 2527 297 2568 quid
310 2527 444 2557 dicemus
460 2525 497 2557 de
510 2525 556 2556 his
572 2526 601 2556 in
618 2526 776 2556 dilectione
795 2523 903 2556 Christi
913 2523 956 2568 ad
974 2523 1048 2553 vos?

226 2567 282 2608 Qui
297 2580 464 2611 azymorum
476 2571 573 2601 adhuc
589 2569 775 2610 participant,
791 2568 848 2599 sub
861 2567 966 2598 umbra
978 2567 1048 2606 legis

227 2619 339 2653 sunt,et
349 2615 541 2646 Hebraeorum
554 2624 687 2645 mensam
700 2613 871 2652 comedunt,
883 2622 941 2642 non
951 2616 1047 2642 autem

226 2660 400 2692 rationalem
426 2664 454 2690 et
480 2659 575 2691 vivam
603 2659 656 2689 Dei
679 2667 826 2694 mensam,
854 2661 882 2687 et
898 2655 983 2686 nobis
998 2656 1047 2696 qui

227 2705 410 2737 credidimus
438 2703 770 2744 supersubstantialem,
799 2701 1049 2743 quemadmodum

228 2752 365 2792 superius
380 2751 499 2792 exigere
520 2749 836 2791 supersubstantialem
859 2747 1050 2792 doctirsumus

229 2791 348 2837 panem.
365 2795 439 2832 Quid
453 2796 532 2827 enim
550 2798 594 2826 est
609 2791 972 2835 supersubstantialis,nisi
982 2791 1051 2831 quia

1081 1497 1165 1529 nobis
1178 1502 1222 1530 est
1237 1497 1496 1530 consubstantialis
1508 1499 1523 1529 ‘?
1542 1498 1625 1530 Alter
1636 1502 1733 1530 autem
1746 1501 1848 1533 nullus
1863 1506 1916 1533 est

1082 1542 1169 1574 nobis
1188 1542 1449 1574 consubstantialis
1469 1544 1564 1585 panis,
1587 1543 1639 1575 sed
1660 1553 1769 1585 corpus
1787 1546 1909 1587 Christi,

1081 1587 1159 1628 quod
1167 1588 1323 1620 consimile
1330 1588 1416 1619 nobis
1424 1593 1468 1620 est
1475 1589 1639 1620 secundum
1646 1598 1764 1620 carnem
1773 1591 1911 1623 humani-

1082 1633 1148 1663 tatis
1159 1632 1404 1673 ipsius.Siautem
1415 1634 1545 1664 animata
1555 1638 1600 1664 est
1612 1637 1722 1664 nostra
1731 1643 1834 1665 massze
1846 1636 1913 1666 sub-

1080 1678 1185 1708 stantia
1191 1677 1482 1718 quaVerbuminduil
1490 1687 1605 1717 se,ergo
1616 1687 1674 1716 non
1681 1678 1903 1712 substantialem

1082 1722 1167 1753 nobis
1177 1731 1283 1763 panem
1297 1722 1464 1760 comeditis,
1484 1723 1552 1763 quia
1566 1731 1733 1762 azymorum
1748 1723 1906 1764 participa-

1084 1767 1169 1799 mini.
1177 1768 1286 1807 Azyma
1294 1766 1372 1797 enim
1384 1767 1545 1797 inanimata
1553 1771 1634 1805 sunt,
1645 1766 1722 1797 sicut
1733 1767 1796 1807 ipsa
1807 1777 1905 1800 rerum

1085 1815 1193 1842 natura
1201 1812 1330 1842 declarat
1338 1815 1425 1851 atque
1437 1811 1576 1852 liquidius
1586 1811 1903 1844 edocet.lntermistum

1087 1855 1166 1886 enim
1177 1855 1325 1886 modicum
1338 1855 1514 1886 fermentum
1528 1856 1557 1886 in
1565 1855 1658 1886 farina
1669 1859 1698 1885 et
1709 1857 1894 1888 commistasi

1087 1899 1127 1939 bi,
1141 1900 1203 1939 ipsa
1215 1909 1302 1930 unam
1320 1899 1409 1930 efﬁcit
1429 1899 1556 1939 seipsam
1578 1905 1700 1939 propter
1718 1899 1903 1942 fermentum,

1085 1944 1197 1974 vivifica
1207 1943 1332 1984 quadam
1344 1943 1497 1980 virtute,et
1509 1943 1643 1974 calefacit
1653 1950 1766 1984 eam,et
1778 1948 1835 1974 tam
1847 1955 1903 1976 mo-

1086 1988 1174 2019 bilem
1186 1998 1273 2028 quam
1283 1988 1375 2018 vivam
1388 1994 1537 2028 operatur.
1549 1987 1632 2024 Quod
1641 1989 1775 2028 inazymo
1783 1989 1906 2021 fermen-

1087 2038 1114 2063 to
1126 2033 1352 2070 Phariszeorum,
1361 2032 1437 2072 quod
1451 2033 1582 2072 effugere
1592 2041 1646 2063 nos
1654 2042 1752 2064 sermo
1759 2033 1905 2071 admonet,

1085 2087 1182 2118 neque
1195 2077 1330 2108 effectum
1354 2081 1398 2107 est
1410 2076 1581 2117 aliquando,
1595 2085 1692 2118 neque
1711 2077 1760 2108 fiet
1777 2078 1903 2110 omnino.

1085 2121 1201 2152 Divina:
1209 2121 1286 2152 enim
1298 2121 1393 2152 effecti
1407 2130 1509 2152 sumus
1520 2121 1680 2162 participes
1693 2124 1903 2163 naturte,cujus

1086 2170 1115 2196 et
1126 2166 1336 2206 participamur
1346 2165 1488 2206 quotidie,
1502 2166 1552 2206 qui
1564 2166 1805 2197 communitatem
1819 2168 1904 2199 habe-

1086 2220 1151 2241 mus
1161 2220 1225 2240 cum
1240 2210 1524 2247 Christo,sicutdicit
1536 2214 1564 2240 et
1578 2211 1683 2241 Petrus
1696 2215 1823 2241 vertexm
1835 2211 1901 2243 Gra-

1087 2255 1126 2286 tia
1137 2254 1217 2285 vobis
1230 2258 1256 2285 el
1269 2264 1321 2294 pax
1341 2255 1553 2294 multiplicetur
1564 2255 1594 2284 in
1608 2255 1776 2294 cognitione
1799 2256 1857 2296 Dei,
1876 2262 1901 2287 et

1086 2299 1157 2330 Jesu
1172 2299 1286 2330 Domini
1300 2299 1391 2329 nostri
1405 2299 1564 2336 thetr.,t,
1583 2299 1646 2339 2).»
1663 2299 1696 2329 Ει
1710 2304 1776 2339 post
1795 2310 1898 2340 pauca:

1091 2355 1103 2374 α
1116 2344 1215 2384 Utper
1234 2353 1297 2375 eam
1310 2343 1480 2374 efficiamiui
1499 2344 1605 2374 divinae
1627 2344 1787 2384 participes
1798 2350 1898 2377 natura:

1090 2389 1135 2429 (ΙΙ
1142 2389 1222 2420 Petr.
1233 2389 1302 2428 1,4),
1315 2400 1325 2416 υ)
1337 2398 1394 2418 non
1406 2392 1504 2419 autem
1519 2389 1665 2418 fermento
1675 2389 1765 2429 azymi
1776 2389 1898 2421 interfec-

1089 2436 1185 2463 torum
1197 2433 1260 2463 Dei;
1272 2432 1404 2464 Divinam
1417 2437 1513 2463 autem
1527 2436 1674 2472 naturam,
1684 2433 1813 2473 quisquis
1821 2435 1899 2465 ratio-

1090 2479 1135 2508 nis
1145 2482 1190 2508 est
1200 2477 1348 2514 dominus,
1364 2477 1441 2507 dicet
1457 2477 1615 2517 aliquando
1631 2487 1762 2516 azymum
1779 2482 1804 2507 et
1825 2488 1897 2509 mor-

1092 2526 1173 2552 tuum
1188 2522 1366 2552 fermentum
1377 2522 1560 2558 Judmorum,
1569 2521 1647 2561 quod
1661 2523 1690 2551 in
1704 2522 1843 2561 sacrifip
1854 2533 1898 2554 νος

1091 2566 1151 2597 Deo
1167 2566 1292 2604 offertis,
1301 2566 1377 2606 quod
1388 2566 1418 2596 in
1430 2566 1524 2605 figura
1535 2575 1611 2596 vera:-
1622 2570 1649 2596 et
1659 2565 1730 2596 vivae
1743 2565 1836 2597 cari“
1843 2567 1896 2598 Do-

1092 2611 1164 2642 mini
1179 2610 1351 2641 comeditis?
1365 2610 1516 2646 Quomodo
1531 2611 1675 2641 unitatem
1685 2609 1826 2641 habebitis
1839 2622 1897 2643 cum

1090 2655 1219 2690 Christo,
1239 2655 1354 2686 vivente
1369 2656 1439 2693 Deo,
1463 2659 1622 2694 mortuum,
1645 2659 1675 2684 ut
1694 2654 1802 2685 dictum
1814 2661 1861 2697 est,
1873 2663 1898 2688 et

1090 2700 1329 2731 infermentatum
1343 2700 1519 2730 fermentum
1535 2699 1740 2736 comedentes,
1753 2699 1831 2739 legis,
1843 2711 1898 2732 um-

1091 2745 1229 2785 brze,non
1236 2743 1308 2774 Novi
1319 2743 1517 2775 Téstamenti‘?
1529 2743 1558 2774 Si
1569 2744 1649 2774 enim
1661 2748 1688 2773 et
1702 2744 1756 2774 hoc
1768 2745 1896 2783 dixeritis,

1091 2790 1142 2820 sed
1157 2798 1214 2819 non
1235 2788 1279 2819 sic
1298 2798 1330 2819 se
1349 2788 1446 2820 habet.
1462 2788 1560 2829 Inquit
1573 2789 1652 2819 enim
1666 2787 1792 2819 dilectus
1805 2789 1897 2822 Christi
