1975 3071
102 168 184 200 1013

783 167 935 199 CONTRA
957 166 1130 199 LATINOS.

1718 165 1797 197 10H

100 233 268 274 discipulus
282 244 288 264 :
305 245 316 262 (ι
333 233 361 265 Si
374 233 536 264 dixerimus
547 234 615 274 quia
625 234 869 265 communitatem
879 234 927 264 ha-
937 238 957 262 A
970 244 1023 264 nos
1040 239 1068 264 et
1079 235 1229 265 immolato
1242 234 1359 265 Christo
1371 235 1564 275 incorporati,
1585 238 1614 266 et
1634 234 1713 266 velut
1727 243 1795 265 caro

102 278 213 309 bemus
227 288 293 308 eum
307 288 353 314 eo,
369 283 396 309 et
407 279 438 308 in
456 279 586 309 tenebris
607 278 802 314 ambulamus,
819 278 927 308 menti-

102 332 184 360 mur,
195 327 292 353 etnon
305 323 428 354 facimus
443 323 608 354 veritatem.
620 322 649 354 Si
661 327 760 354 autem
776 323 804 352 in
817 323 928 354 lumine

101 367 496 408 ambulamussicutipseest
508 369 537 398 in
550 368 675 408 lumine,
686 367 929 398 communitatem

102 411 251 442 habemus
266 412 302 442 ad
318 412 456 450 invicem,
475 417 504 443 et
522 412 641 451 sanguis
653 413 721 442 Jesu
747 412 856 443 Christi
872 422 928 452 pu-

101 457 202 487 riﬁcat
219 467 272 487 nos
287 458 322 487 ab
339 459 419 489 omni
438 463 557 498 peccato
573 458 604 495 (Ι
618 457 707 489 .Ioan.
721 467 740 494 ι,
755 458 783 494 6,
795 457 837 496 7).
852 471 863 484 λι
875 457 930 492 Qui

100 510 177 541 ergo
194 511 290 541 azyma
307 503 449 540 comedit,
463 502 636 534 intenebris
653 502 724 542 legis
738 501 878 532 ambulat.
894 502 929 533 Et

99 546 252 585 quomodo
273 546 356 587 [non]
380 547 498 577 habebit
522 547 691 577 sacietatem
712 555 777 576 cum
800 546 927 584 Christo,

99 590 210 629 quiest
226 590 253 620 in
277 591 389 622 lumine
409 591 482 622 Novi
504 591 549 622 sui
564 591 747 622 Testamenti
763 594 791 620 et
808 590 929 629 gratiae?

99 633 175 663 Nam
191 634 286 673 quiin
303 635 415 665 luminc
431 635 582 666 ambulant
605 635 716 674 gratim,
746 643 850 674 panem
873 644 924 663 co—

101 678 227 708 medunt
245 679 294 719 qui
311 684 355 710 est
370 689 476 720 corpus
499 680 616 713 Christi.
636 684 663 709 et
679 679 783 709 bibunt
804 678 923 718 sangui-

102 731 172 752 nem
184 722 404 754 immaculatum
419 725 493 764 ejus,
512 728 540 755 et
556 724 594 754 ita
610 724 720 754 habent
731 724 766 753 ad
783 723 920 759 invicem,

971 279 1131 318 ejus,sicut
1145 279 1290 319 scriptum
1306 283 1360 309 est.
1378 279 1409 310 Si
1420 283 1518 309 autem
1538 279 1574 309 ad
1586 279 1750 310 increatam
1767 282 1796 311 et

970 323 1176 363 incorpoream
1194 328 1327 354 naturam
1345 323 1612 354 sanctzeTrinitatis
1628 323 1793 365 assumitis,

973 368 1076 398 erratis
1092 368 1231 398 cadentes
1244 367 1273 397 in
1298 367 1435 398 haeresim
1453 376 1556 398 eorum
1581 367 1632 407 qui
1656 371 1795 398 asserunt

972 411 1065 442 Deum
1082 421 1211 451 passum,
1222 412 1272 452 qui
1284 412 1582 452 dicuntcompassum
1591 411 1722 442 Verbum
1733 421 1797 442 car-

971 456 1050 492 ni,et
1063 456 1196 487 eamdem
1210 458 1304 497 ipsam
1316 456 1458 487 deitatem
1477 456 1656 486 sustinuisse
1677 455 1794 496 passin-

972 500 1118 530 nem.Non
1131 501 1209 531 enim
1223 501 1333 541 pariter
1344 501 1475 532 Trinitas
1486 501 1637 531 incarnata
1647 502 1795 539 est,Pater

971 549 999 574 et
1012 545 1103 576 Filius
1117 551 1143 576 et
1157 546 1286 585 Spiritus
1298 549 1427 582 sanctus,
1442 545 1703 585 utconspiciantur
1714 545 1744 576 in
1758 555 1794 577 ea

971 590 1031 619 haec
1046 589 1111 629 tria,
1124 599 1199 629 aqua
1214 594 1244 620 ut
1255 589 1373 626 dicitur,
1387 589 1481 620 farina
1499 593 1528 620 et
1544 589 1620 627 ignis
1632 592 1661 619 et
1673 589 1745 620 utin
1756 590 1793 620 ﬁ-

968 643 1040 672 gura
1053 634 1146 673 ipsius
1159 634 1271 664 faciatis
1285 643 1418 674 azymum
1439 637 1467 664 et
1487 633 1664 664 sacrificium
1681 633 1790 664 offera-

968 678 1023 707 tis:
1037 679 1088 708 sed
1103 688 1178 708 unus
1187 688 1221 708 ex
1232 678 1380 709 Trinitate
1390 678 1491 715 Filius,
1506 681 1535 708 et
1544 677 1674 708 Verbum
1687 678 1737 708 Dei
1748 678 1796 708 in-

966 728 1118 753 carnatnm
1133 730 1227 759 est,ex
1238 723 1413 753 castissimis
1435 726 1544 753 sanctae
1558 722 1686 761 Virginis
1695 723 1796 754 carni-

99 771 129 796 et
146 776 214 798 cum
232 769 348 799 Christo
370 770 553 806 societatem,
579 768 734 808 purilicati,
753 768 829 798 sicut
853 767 917 798 (lic-
963 767 1017 797 bus
1033 768 1118 798 homo
1139 768 1413 805 eifcctus;etomnia
1423 767 1685 798 ordinationissuze
1705 768 1798 807 perfi-

101 815 162 841 tum
180 817 233 848 est,
252 813 287 842 ab
304 813 382 844 omni
399 813 634 854 inquinamento.
659 816 796 853 Azyinum
822 816 919 843 autem
962 812 1269 842 cienscrui-ifixusest
1290 822 1452 852 carne,non
1474 821 1557 852 passa
1577 811 1728 843 divinitate
1751 813 1797 853 ip—

100 866 160 886 non
186 861 230 887 est
256 857 348 897 panis.
375 858 474 898 Neque
500 858 577 888 enim
608 858 797 898 compositus,
825 866 921 897 neque
963 856 1798 897 sius.Carneigiturcruciﬁxus,tradiditnobisedereper

100 910 154 941 per
170 911 201 932 se
217 901 313 941 ipsum
329 903 476 942 perfectus
487 907 543 940 est,
561 903 611 933 sed
629 903 765 940 indigens
787 902 921 942 semique
935 934 952 942 n
965 911 1070 941 panem
1090 911 1208 931 carnem
1229 911 1324 941 suam,
1342 911 1428 941 quam
1446 903 1474 932 in
1490 900 1603 941 Spiritu
1619 904 1724 932 sancto
1749 901 1797 931 ita

101 934 258 985 perfectus,
285 934 423 986 indigens
449 934 635 987 plenitudine
660 934 807 977 fermenti.
834 934 952 978 PaiiisB
966 934 1058 976 vivam
1085 946 1211 976 dicimus
1230 957 1235 977 :
1256 959 1269 974 α
1289 934 1422 986 Accipite
1439 950 1467 976 et
1482 934 1642 982 comedite,
1669 945 1725 976 hoc
1747 948 1791 976 est

101 994 199 1020 autem
218 991 409 1031 compositus,
438 1001 489 1032 pi-r
510 992 640 1032 seipsum
665 992 813 1031 perfectus
837 997 882 1022 est
898 998 926 1022 et
968 1000 1075 1030 corpus
1098 1001 1207 1028 meum,
1221 991 1297 1031 quod
1316 1001 1368 1031 pro
1387 990 1469 1020 vobis
1480 990 1606 1020 fractum
1623 993 1677 1027 est,
1693 989 1725 1020 in
1741 999 1791 1021 re-

101 1035 304 1075 plenissimus,
322 1036 397 1066 sicut
412 1036 461 1066 ille
485 1036 534 1077 qui
558 1040 646 1067 totum
671 1036 758 1066 habet
781 1036 809 1066 in
827 1037 926 1077 scipso

100 1079 308 1119 plenitudinis.

140 1123 190 1155 IlI.
208 1124 443 1155 Animadvertile
468 1130 497 1156 et
518 1125 661 1155 attendite
677 1125 745 1165 quia
760 1124 790 1154 in
815 1124 924 1164 azymis

99 1169 181 1200 nulla
197 1173 241 1199 est
254 1169 354 1200 vivens
370 1169 473 1207 virtus,
487 1174 601 1200 mortua
615 1170 693 1200 enim
710 1174 789 1206 sunt;
803 1169 832 1200 in
849 1178 925 1209 pane

99 1217 211 1250 autem,
232 1214 287 1244 hoc
302 1217 356 1249 est,
371 1223 496 1255 corpore
510 1214 631 1251 Christi,
649 1216 704 1244 tria
722 1218 788 1244 sunt
798 1214 924 1244 viventia

99 1262 128 1288 et
149 1258 238 1288 vitam
265 1259 425 1298 praebentia
440 1259 483 1290 eis
499 1259 549 1299 qui
571 1268 606 1290 ea
631 1259 720 1298 digne
735 1258 896 1289 comedunt
914 1267 920 1288 :

100 1302 241 1341 Spiritus,
262 1312 337 1343 aqua
360 1307 388 1334 et
409 1304 539 1343 sanguis,
560 1313 614 1334 ceu
630 1308 659 1334 et
673 1304 752 1343 ipse,
770 1305 817 1343 qui
834 1312 923 1343 super

101 1351 204 1386 pectus
219 1347 326 1378 Christi
340 1350 369 1378 in
382 1358 465 1379 ccena
476 1349 620 1385 recubuit,
639 1349 766 1379 Joannes
778 1347 921 1378 contesti-

102 1391 248 1422 ficaturin
265 1401 299 1423 eo
316 1392 404 1424 verbo
422 1402 428 1423 :
451 1404 463 1421 (ι
483 1393 556 1423 Tres
570 1397 638 1423 sunt
653 1393 703 1433 qui
720 1392 920 1423 testimonium

99 1435 183 1473 dant,
202 1435 336 1476 Spiritus.
364 1447 438 1477 aqua
456 1442 485 1468 et
501 1437 633 1477 sanguis,
651 1441 680 1468 et
696 1437 725 1468 hi
742 1441 801 1467 tres
815 1436 845 1467 in
862 1446 920 1467 uno

100 1484 169 1510 sunt
182 1480 308 1520 (lJoan.
325 1490 354 1518 v,
366 1482 408 1521 8;),
429 1494 441 1509 ι)
460 1482 598 1512 videlicet
612 1482 642 1512 in
658 1491 783 1521 corpore
799 1481 919 1512 Christi.

968 1035 1142 1065 missionem
1161 1040 1348 1075 peccatorum
1364 1036 1489 1074 (Matth.
1502 1042 1583 1073 XXVI,
1596 1033 1721 1074 26—98).
1739 1045 1750 1062 ι)

1009 1081 1042 1111 ν.
1057 1080 1131 1116 Quid
1143 1089 1211 1119 ergo
1223 1080 1315 1117 vobis,
1332 1081 1362 1110 in
1380 1080 1497 1111 Christo
1514 1077 1654 1108 fratribus
1670 1078 1792 1109 nostris.

968 1128 996 1154 et
1007 1125 1063 1164 legi
1076 1135 1141 1164 quire
1154 1125 1308 1155 maledicta
1316 1130 1359 1155 est
1369 1125 1397 1155 in
1407 1123 1539 1155 Christo?
1549 1122 1687 1162 quoniam
1696 1122 1794 1154 adhuc

967 1178 1097 1209 azymum
1112 1169 1288 1200 fermentum
1303 1170 1368 1209 ejus
1377 1167 1548 1199 comeditis?
1558 1166 1637 1198 Nova
1656 1171 1792 1198 creatura

965 1223 1067 1243 smnus
1079 1213 1107 1243 in
1121 1213 1236 1244 Christo
1246 1223 1251 1244 :
1262 1218 1361 1244 vetera
1374 1212 1699 1244 transierunt.Pau1um
1710 1211 1795 1242 audi-

965 1263 993 1289 te
1002 1259 1151 1289 dicentem
1166 1268 1172 1289 :
1191 1271 1203 1285 (ί
1218 1259 1292 1289 Ecce
1304 1260 1378 1289 facta
1389 1263 1456 1289 sunt
1467 1258 1569 1289 omnia
1581 1267 1655 1290 nova
1666 1258 1707 1292 (Il
1717 1257 1789 1289 θον.

964 1312 992 1340 v,
1007 1304 1061 1340 l7).
1076 1317 1087 1329 η
1101 1303 1132 1334 Si
1142 1308 1239 1334 autem
1252 1304 1314 1334 huic
1325 1304 1483 1334 comedere
1494 1302 1785 1342 decernitisjustum:

965 1357 1017 1378 cur
1030 1357 1088 1378 non
1109 1353 1137 1378 et
1161 1347 1571 1378 circumcidimini?Christus
1592 1346 1790 1377 circumcisus

965 1398 1009 1423 est
1029 1395 1087 1424 Cur
1100 1403 1157 1423 non
1171 1397 1199 1424 et
1215 1392 1432 1433 puriﬁcamini?
1446 1392 1551 1422 Paulus
1571 1392 1659 1422 etiam
1683 1395 1712 1421 et
1731 1391 1787 1421 hoc

964 1438 1045 1469 fecit:
1057 1442 1084 1468 et
1095 1438 1152 1468 alia
1163 1438 1248 1469 etiam
1259 1437 1357 1468 omnia
1364 1437 1503 1468 similiter
1513 1445 1632 1467 servare
1639 1440 1786 1473 veterum,

964 1483 1040 1512 sicut
1052 1487 1080 1512 et
1088 1482 1118 1513 hi
1130 1492 1164 1513 ea
1174 1492 1238 1522 qua}
1246 1482 1318 1521 legis
1325 1487 1392 1512 sunt
1401 1481 1521 1518 faciunt,
1535 1490 1668 1521 perquos
1681 1489 1791 1511 nomen

99 1523 160 1559 Qud
178 1529 206 1555 et
219 1526 382 1556 secundum
400 1531 515 1566 tempus
536 1526 697 1557 Dominicm
719 1525 950 1561 crucifixionisc
965 1527 1017 1558 Dei
1030 1526 1059 1556 in
1071 1527 1209 1566 gentibus
1219 1527 1451 1566 blasphematur,
1467 1525 1544 1556 sicut
1557 1529 1601 1556 est
1616 1525 1760 1565 scriptum
1780 1533 1787 1555 :

99 1569 277 1600 declaratum
289 1576 344 1607 est,
355 1581 421 1601 cum
433 1581 508 1611 aqua
517 1575 546 1601 et
555 1571 672 1610 sanguis
683 1581 716 1601 ex
729 1570 918 1601 immaculata

100 1617 178 1644 costa
192 1613 284 1654 ipsius
295 1615 407 1647 efﬂuxit
422 1627 428 1645 :
441 1616 544 1646 lancea
558 1625 697 1655 percussa
708 1624 795 1645 carne
813 1614 918 1654 ipsius,

100 1662 217 1689 sanctus
225 1658 350 1699 Spiritus
364 1671 374 1688 ι
384 1660 557 1700 iviﬁcusque
570 1661 598 1690 in
610 1660 745 1690 deificala
757 1669 847 1690 carne
856 1659 920 1698 ejus

99 1704 372 1742 permansit.Quam
384 1705 575 1736 comedentes
588 1705 616 1734 in
630 1703 918 1744 pane,quiimmuta-

99 1752 144 1777 tus
152 1753 197 1780 est
205 1749 404 1789 perSpiritum
416 1755 443 1780 et
452 1750 574 1781 effectus
582 1753 739 1788 estcorpus
748 1748 868 1784 Christi,
881 1747 920 1777 vi-

97 1792 194 1823 vimus
204 1794 232 1823 in
245 1794 321 1834 ipso,
337 1799 474 1834 tanquam
483 1794 574 1824 vivam
585 1798 613 1824 et
623 1793 788 1824 deificatam
800 1801 919 1822 carnem

98 1837 282 1869 edentes.Sic
295 1843 392 1869 autem
406 1843 433 1869 et
445 1839 618 1878 sanguinein
629 1838 725 1868 vivum
738 1841 766 1867 et
777 1836 921 1867 calidissi-

97 1891 175 1912 mum
193 1883 257 1922 ejus
275 1883 411 1914 bibentes
427 1893 493 1914 cum
514 1884 653 1914 eflluente
669 1891 746 1922 aqua
762 1890 796 1911 ex
812 1881 920 1911 imma-

98 1927 192 1957 culata
207 1932 287 1958 costa
303 1929 378 1967 ejus,
394 1928 572 1958 inundamur
585 1927 620 1958 ab
636 1927 717 1957 omni
731 1926 851 1959 delicto.
864 1925 921 1955 fer-

97 1972 173 2003 venti
187 1972 340 2012 replemur
356 1972 477 2013 Spiritu.
502 1972 633 2003 Calidum
651 1971 744 2011 enim,
756 1976 787 2001 ut
803 1970 918 2007 videtis,

95 2017 175 2046 velut
191 2026 225 2047 ex
241 2017 334 2048 latere
350 2017 479 2055 Domini,
497 2017 619 2048 calicem
636 2016 777 2055 bibimus,
794 2015 862 2054 quia
877 2023 914 2044 'ex

97 2061 158 2091 viva
181 2071 270 2092 carne
287 2066 315 2093 ct
331 2062 427 2092 calida
453 2062 555 2102 spiritu
583 2061 694 2093 Christi
716 2059 916 2091 calidissimus

98 2105 180 2136 nobis
196 2107 315 2146 sanguis
332 2111 360 2137 et
380 2115 455 2147 aqua
476 2107 631 2137 emanavit.
656 2105 739 2141 Quod
760 2105 791 2135 in
808 2104 851 2135 eis
867 2104 917 2144 qui

96 2160 193 2189 azyma
208 2151 379 2188 comedunt,
395 2153 496 2192 nequit
511 2152 587 2182 ﬁeri.

965 1585 975 1599 ι
992 1571 1054 1602 Non
1068 1572 1144 1602 bona
1163 1576 1206 1602 est
1217 1571 1356 1610 gloriatio
1374 1575 1473 1602 vestra
1486 1571 1516 1609 (Ι
1528 1570 1600 1601 Cor.
1611 1578 1641 1609 v,
1655 1570 1698 1609 6),
1713 1572 1747 1600 ut
1761 1572 1791 1600 et

961 1626 1014 1656 ego
1027 1626 1092 1656 quia
1105 1616 1185 1647 l’auli
1198 1620 1265 1646 sunt
1275 1616 1382 1656 loquar
1393 1615 1430 1646 ad
1441 1624 1492 1645 vos
1506 1624 1512 1646 :
1534 1627 1544 1642 ιι
1558 1614 1698 1651 Nescitis,
1711 1625 1722 1643 ι»
1736 1613 1786 1644 in-

961 1661 1033 1700 quit,
1048 1673 1060 1687 a
1070 1661 1293 1700 quiamodicum
1302 1660 1786 1691 fermentumtotammassamcor-

962 1705 1116 1744 rumpit?»
1132 1705 1236 1744 (Ιρἱι.)
1254 1706 1288 1735 Et
1309 1704 1392 1745 panis
1419 1704 1551 1741 tandem,
1571 1712 1629 1733 non
1650 1711 1784 1742 azymum

962 1749 1099 1779 efficitur.
1117 1749 1174 1779 Sed
1191 1749 1261 1788 quid
1275 1749 1322 1779 hic
1338 1749 1436 1779 dictus
1453 1748 1615 1788 Apostolus
1630 1746 1736 1778 scribit
1751 1745 1788 1777 ad

962 1793 1154 1824 Corinthios?
1168 1793 1329 1833 Numquid,
1347 1798 1377 1823 ut
1391 1802 1442 1823 vos
1469 1791 1631 1829 restituatis,
1645 1791 1683 1821 de
1705 1791 1786 1822 cele-

963 1837 1096 1868 bratione
1116 1847 1203 1877 quam
1220 1847 1269 1867 vos
1285 1838 1315 1867 in
1336 1837 1443 1878 azymis
1468 1835 1652 1867 celebratis?
1668 1835 1788 1875 Nequa-

962 1891 1061 1921 quam,
1088 1881 1144 1912 Sed
1170 1882 1307 1921 quoniam
1334 1882 1374 1912 illi
1398 1882 1453 1912 hoc
1491 1881 1698 1920 despiciebant
1709 1880 1789 1920 quod

961 1927 1070 1965 aliquis
1083 1935 1238 1958 novercam
1251 1930 1420 1966 acceperat,
1433 1930 1461 1956 et
1472 1926 1500 1956 in
1513 1925 1643 1965 antiquis
1659 1934 1788 1955 consue-

966 1971 1118 2001 tudinibus
1132 1971 1211 2001 falsm
1224 1972 1355 2001 scientia;
1372 1981 1431 2001 suae
1450 1970 1668 2009 gloriabantur;
1684 1969 1786 2000 volens

957 2020 1053 2046 autem
1063 2025 1112 2046 eos
1119 2016 1360 2046 convertiPaulus
1372 2020 1400 2046 et
1409 2019 1546 2045 exvetcre
1553 2022 1706 2045 removere
1718 2022 1781 2044 ma~

958 2061 1032 2097 lilia,
1048 2061 1127 2091 venit
1149 2070 1200 2100 per
1221 2060 1445 2091 similitudinem
1468 2059 1555 2095 hanc,
1567 2058 1705 2089 fermenti
1718 2058 1784 2089 dico

945 2110 988 2139 ,et
1005 2115 1119 2145 massm,
1132 2106 1259 2136 ostendit
1271 2106 1313 2136 eis
1325 2105 1464 2146 quoniam
1479 2113 1569 2134 unum
1586 2104 1707 2141 malum,
1720 2107 1784 2135 tan-

959 2159 1047 2190 quam
1060 2151 1208 2181 modicum
1218 2155 1435 2190 contemptum,
1450 2158 1583 2188 magnam
1597 2148 1626 2178 in
1640 2152 1699 2179 toto
1716 2157 1784 2179 cor-

136 2194 182 2226 IV.
202 2194 232 2226 Si
248 2199 347 2226 autem
364 2201 511 2227 mortuum
528 2197 704 2226 fermentum
722 2193 913 2230 comeditis,o
925 2197 946 2222 D
958 2192 1785 2234 porelﬂcclesizefacietlaisioneu'il’roptereainquitadji-

98 2239 320 2278 sapientissimi,
334 2245 364 2270 ut
375 2250 472 2271 sermo
485 2241 657 2277 declaravit,
668 2240 753 2279 cujus
767 2239 811 2268 rei
824 2238 916 2276 gratia

96 2283 272 2322 gloriamini,
296 2285 448 2316 dicentes:
466 2298 476 2312 «
491 2286 565 2321 Quia
581 2295 638 2315 non
658 2285 735 2315 sicut
747 2293 798 2313 vos
811 2283 872 2313 sale
887 2286 915 2311 et

96 2329 237 2358 fermento
258 2333 344 2369 atque
365 2339 441 2370 aqua
460 2331 583 2360 farinam
602 2334 812 2369 temperamus,
828 2331 857 2358 et
872 2327 914 2357 sic

97 2373 217 2403 facimus
224 2373 403 2404 oblationem
415 2384 581 2414 azymorum
595 2372 830 2408 nostrorum,sed
840 2381 915 2411 aqua

96 2419 155 2448 sola
166 2422 193 2448 et
204 2418 297 2448 farina
306 2423 333 2449 et
341 2419 398 2458 igni
406 2429 536 2458 azymum
547 2418 767 2453 conﬁcimus,et
779 2417 808 2447 in
822 2416 915 2447 tribus

97 2463 140 2493 his
153 2472 254 2502 puram
263 2463 386 2493 facimus
399 2468 528 2494 nostram
540 2463 751 2499 oblationempi
763 2465 915 2502 perconta-

101 2517 163 2538 mur
172 2507 261 2546 igitur
272 2508 399 2547 vos,luec
408 2508 582 2548 Ii'ia,aquain
595 2512 623 2539 et
635 2507 757 2538 farinam
769 2506 912 2545 etignem,

97 2553 130 2583 ad
141 2553 210 2592 quid
223 2552 356 2592 accipitis
368 2563 374 2589 ;
387 2557 414 2582 et
425 2553 471 2583 cui
483 2553 606 2592 etligiem
619 2562 683 2582 esse
705 2552 767 2582 1ὶὶΕο
783 2551 913 2580 :ostima-

98 2597 147 2628 tis?
157 2597 258 2628 Carnis
268 2597 400 2627 Domini?
409 2596 465 2628 Sed
477 2607 534 2627 non
547 2597 642 2637 iuquit
655 2596 780 2627 dilectus
797 2595 912 2626 Christo

98 2641 245 2672 Joannes:
260 2652 273 2671 α
289 2641 360 2672 Tres
381 2646 449 2672 sunt
466 2642 515 2682 qui
536 2641 736 2672 testimonium
757 2639 914 2679 perhibent

100 2686 222 2719 (1.1mm.
239 2695 267 2723 v,
282 2687 325 2727 8,,
340 2700 352 2713 ι)
370 2696 445 2726 aqua
461 2691 488 2717 et
499 2687 593 2717 farina
604 2690 631 2716 et
643 2685 729 2724 ignis.
745 2684 802 2715 Sed
821 2683 890 2724 quid
900 2686 913 2713 ’ἰ

102 2744 112 2758 (ς
124 2731 249 2771 Spiritus
263 2736 292 2761 et
309 2741 386 2771 aqua
401 2736 429 2762 et
444 2730 572 2771 sanguis,
583 2730 647 2761 elhi
661 2734 720 2760 tres
732 2729 761 2759 in
774 2738 832 2758 uno
844 2731 914 2758 sunt

98 2776 231 2814 (lbill.),»
243 2776 376 2807 videlice'
387 2777 415 2806 in
429 2785 552 2816 corpore
561 2775 680 2813 Christi,
690 2779 722 2805 ut
733 2774 843 2805 dictum
854 2778 910 2809 est,

97 2821 168 2860 quod
191 2830 244 2851 nos
277 2821 467 2852 comedentes
482 2820 600 2851 unimur
622 2821 773 2851 incarnato
794 2821 914 2858 propter

958 2239 1052 2270 ciens:
1061 2251 1071 2265 α
1086 2240 1120 2270 lit
1129 2250 1184 2269 non
1196 2241 1303 2270 luctum
1313 2237 1655 2270 halmistisutauferatur
1664 2237 1700 2267 de
1717 2245 1785 2267 me-

958 2284 1006 2314 dio
1019 2285 1105 2314 vestri
1116 2285 1165 2324 qui
1176 2285 1230 2314 hoc
1240 2294 1314 2324 opus
1323 2289 1462 2324 operatus
1475 2283 1539 2314 est?
1552 2294 1564 2310 ι»
1577 2281 1683 2321 (ICor.
1697 2290 1726 2318 v,
1739 2281 1782 2321 2.)

958 2330 1055 2358 Potest
1067 2329 1158 2367 enim,
1172 2328 1430 2368 inquit,iniquitas
1443 2328 1498 2358 ista
1508 2327 1542 2358 ad
1557 2335 1660 2357 omnes
1670 2329 1788 2356 vestras

958 2373 1046 2403 urbes
1058 2374 1196 2409 transire,
1218 2377 1257 2410 et,
1281 2378 1419 2413 tanquam
1436 2372 1586 2403 modicum
1602 2371 1783 2401 fermentum

958 2421 1048 2448 totam
1062 2427 1186 2448 massam
1199 2418 1412 2455 fermentat,sic
1423 2418 1547 2448 honmes
1557 2414 1741 2456 apprehendi
1753 2418 1783 2445 et

958 2462 1269 2498 fermentari,etunam
1279 2472 1404 2493 massam
1413 2459 1702 2502 majorisiniquitatis
1713 2468 1784 2499 ope-

957 2507 1035 2537 rari:
1053 2517 1067 2535 ί(
1090 2508 1268 2547 Expurgate,
1293 2517 1306 2536 ›)
1329 2507 1438 2546 inquit,
1463 2518 1476 2533 (ς
1499 2509 1581 2536 vetus
1601 2505 1782 2535 fermentum

957 2551 1045 2591 (Ibid.
1055 2575 1061 2587 ,
1070 2552 1133 2590 7},»
1148 2551 1382 2590 peccatLToIlite
1393 2551 1472 2581 hunc
1484 2559 1500 2581 a
1511 2549 1622 2587 medio,
1633 2552 1666 2578 ut
1675 2548 1783 2578 efﬁcia-

956 2595 1027 2625 mini
1039 2596 1155 2626 Christo
1170 2605 1242 2625 nova
1251 2596 1436 2635 conspersio,
1451 2595 1527 2626 sicut
1542 2593 1612 2624 estis
1631 2592 1780 2633 baptizali,

955 2640 983 2670 id
995 2644 1038 2669 est
1048 2640 1093 2670 vel
1108 2640 1250 2680 azymivel
1263 2641 1340 2680 puri,
1354 2640 1521 2670 mortificati
1533 2638 1644 2669 mundo
1657 2641 1686 2668 et
1698 2636 1780 2668 desi-

955 2683 1046 2714 deriis
1058 2685 1165 2715 carnis.
1180 2684 1295 2715 Etenim
1307 2685 1415 2724 pascha
1423 2688 1556 2714 nostrum
1570 2683 1626 2713 hoc
1639 2686 1694 2720 est,
1703 2691 1780 2722 quo-

955 2728 1086 2768 niam,ut
1096 2730 1226 2769 eriperet
1236 2739 1288 2759 nos
1303 2739 1335 2759 ex
1349 2729 1504 2769 iniquitate
1515 2737 1548 2758 ac
1560 2726 1781 2764 morte,immo-

956 2773 1030 2803 latus
1048 2777 1090 2803 est
1105 2773 1250 2804 Christus.
1263 2773 1326 2810 Qua
1343 2773 1381 2803 de
1398 2782 1432 2804 re
1443 2774 1486 2804 sic
1499 2773 1557 2803 ait:
1583 2782 1598 2801 (
1618 2771 1780 2811 Epulemur

955 2827 1012 2848 non
1027 2818 1057 2848 in
1068 2818 1214 2848 fermento
1227 2819 1331 2855 veteri,
1343 2826 1439 2858 neque
1452 2817 1483 2848 in
1498 2817 1643 2848 fermento
1658 2815 1779 2846 malitiae
