1975 3071
191 173 268 206 1015

829 171 981 204 ΝΙΟΕΤιΕ
1003 171 1218 203 PECTORATI

1800 175 1899 207 1016

191 243 220 270 et
234 239 387 280 nequitiae,
409 239 461 270 sed
477 239 508 269 in
518 239 626 279 azymis
642 239 822 270 sinceritatis
837 243 867 269 et
881 238 1012 270 veritatis
1023 238 1084 268 Ain
1094 247 1151 278 quo
1167 239 1289 279 contigit
1311 241 1430 271 evenire
1448 241 1526 273 1534
1539 251 1633 273 annos
1648 252 1655 272 :
1675 242 1776 282 cyclus
1804 243 1900 273 enim

191 284 285 323 (Ibid.
299 285 338 323 8),
355 297 369 312 υ
383 284 440 314 hoc
452 288 497 314 est
510 293 592 323 pura)
602 284 668 315 vitae
681 289 709 315 et
720 285 867 324 ﬁdei,qua
877 284 908 314 in
920 286 1012 316 Deum

191 328 352 368 credimus,
369 332 398 359 et
409 337 528 359 veraces
549 333 683 360 oratores
700 329 763 369 ejus
788 329 946 360 efficimur.
964 329 1013 360 Sic

190 374 314 411 Magnus
325 372 489 412 Gregorius
497 373 651 412 theologus
660 374 715 404 hoc
724 373 845 404 verbum
857 375 981 414 accepit.
990 373 1013 405 Ο

190 417 412 457 sapientissimi,
425 427 460 448 ea
470 427 535 458 quae
548 419 656 449 mentis
667 418 835 458 apostolicae
846 424 914 449 sunt
929 420 1014 450 intel-

190 461 286 502 ligite,
297 467 326 492 et
338 463 661 503 non,quemadmodum
676 464 731 494 hoc
741 473 792 493 vos
804 465 1014 505 accepistis,de

190 515 355 547 azymorum
371 507 529 538 festivitate
542 512 570 537 et
584 507 819 547 participatione.
831 508 861 539 Si
880 510 958 539 enim
976 509 1013 539 de

189 551 298 591 azymis
310 555 340 582 et
350 551 387 582 de
399 551 601 583 celebratione
615 561 714 582 eorum
734 553 893 584 Corinthiis
906 554 1014 584 Paulus

192 596 391 635 praecepisset,
401 601 430 626 et
442 604 494 626 eos
505 596 534 626 in
544 596 651 637 azymis
664 597 775 637 epulari
789 597 942 637 jussisset,
955 608 1014 629 non

191 640 409 680 promulgasset
425 650 492 671 eum
512 641 665 679 undecim,
691 646 719 672 et
734 651 852 672 omnem
869 643 1016 674 reducens

190 684 352 715 Ecclesiam
380 685 513 716 fidelium
535 686 565 715 in
589 686 737 724 ordinem,
751 686 780 716 in
799 689 1015 726 septuagesimo

191 737 316 769 canone,
328 738 395 759 cum
414 730 720 760 excominunicatione
738 732 927 772 prtecepisset
949 742 1016 762 om-

191 773 291 810 nibus,
300 774 470 813 hujusmodi
483 784 601 806 causam
612 785 628 805 a
637 775 748 806 Juda-is
763 776 931 807 nullatenus
943 777 1018 808 acci-

193 819 236 858 pi:
251 817 379 858 «Siquis
389 819 558 860 episcopus,
571 824 620 850 aut
632 820 795 860 presbyter,
807 821 1016 858 autdiaconus,

191 866 241 893 aut
253 864 373 893 omnino
386 873 420 894 ex
433 873 556 894 numero
569 864 743 895 clericorum
756 866 932 905 jejunaverit
944 877 1010 897 cum

1055 282 1127 313 solis
1141 287 1203 313 erat
1213 284 1247 314 18
1257 285 1322 322 etB,
1333 289 1363 315 ut
1374 295 1432 316 non
1446 287 1542 316 adhuc
1554 287 1679 317 traditus
1693 287 1902 327 praevenisset

1057 327 1208 368 proprium
1226 329 1335 368 pascha
1347 330 1502 370 discipulis
1519 334 1650 367 tradere,
1664 331 1851 362 recumbens
1863 331 1899 362 in

1056 380 1140 402 caena
1159 374 1322 404 secundum
1340 383 1494 414 vesperum
1515 375 1610 415 quinti
1627 375 1708 412 diei;
1729 379 1898 416 postquam

1056 417 1191 454 ccenavit,
1205 418 1319 458 accepit
1335 428 1452 458 panem,
1471 419 1568 459 fregit,
1593 420 1715 450 tradidit
1740 420 1898 460 apostolis

1056 462 1228 501 mysterium
1248 462 1319 494 Novi
1331 463 1513 494 Testamenti
1524 465 1554 494 in
1570 469 1656 495 nocte
1667 464 1770 504 quinta
1781 465 1812 495 in
1830 474 1899 504 qua

1055 507 1178 537 traditus
1193 511 1235 538 est
1251 517 1267 538 a
1280 508 1375 539 Juda:
1393 509 1468 539 sicut
1483 509 1626 549 scriptum
1641 514 1695 540 est.
1733 510 1793 540 Sed
1811 509 1894 549 quid

1055 551 1127 582 dicit
1138 553 1231 583 Lucas
1243 553 1411 592 apostolus?
1427 565 1437 581 α
1450 554 1572 593 Accepit
1587 563 1704 594 panem,
1718 558 1746 584 et
1759 553 1895 584 benedi-

1056 605 1127 626 cens
1135 596 1221 635 fregit
1233 597 1315 636 (Luc.
1330 606 1408 635 xxxv,
1419 598 1500 634 30).»
1515 598 1590 629 Ecce
1600 602 1629 629 et
1638 599 1730 629 Lucas
1741 598 1894 638 accipere

1058 650 1163 680 panem
1175 641 1324 672 Christum
1338 643 1420 678 dixit,
1435 647 1464 673 et
1477 652 1535 672 non
1547 652 1689 682 azymum.
1713 642 1778 673 Non
1799 643 1891 673 enim

1059 685 1155 716 adhuc
1180 691 1242 717 erat
1256 691 1345 717 sextm
1366 687 1447 717 feriae
1471 687 1546 717 dies.
1564 687 1663 717 Tertia
1684 687 1801 718 decima
1820 694 1893 718 erat

1060 730 1128 760 luna
1139 730 1170 760 in
1179 730 1228 761 illa
1239 733 1341 769 quinta
1351 731 1436 768 feria,
1447 735 1475 762 et
1485 741 1542 762 non
1551 735 1614 762 erat
1625 741 1768 772 azymum,
1784 741 1892 772 neque

1060 774 1156 805 adhuc
1171 775 1279 806 oblatio
1295 776 1475 807 fermentati.

1102 819 1176 850 VIII.
1190 821 1296 860 Azyma
1307 820 1384 851 enim
1395 821 1423 850 in
1436 821 1656 860 quintadecima
1670 821 1739 851 luna
1751 821 1891 862 promul-

1053 870 1119 903 gata
1131 870 1214 894 erant
1228 865 1258 895 in
1273 865 1349 904 lege,
1364 865 1434 895 utin
1453 866 1677 905 quartadecima
1697 866 1746 896 die
1764 866 1800 896 ad
1827 875 1888 896 ve-

191 907 334 946 Hebrzeis,
347 912 395 938 aut
407 907 540 948 epulatus
561 909 648 939 fuerit
669 918 735 939 cum
750 910 803 945 eis,
818 914 846 940 et
865 911 1012 950 acceperit
1024 926 1042 949 Β
1054 917 1170 948 Speram
1183 919 1274 948 agnus
1286 910 1501 947 immolaretur,
1518 915 1545 940 et
1556 910 1586 940 in
1597 910 1821 950 quartadecima
1831 911 1886 941 die

188 951 379 982 festivitatum
396 961 500 983 eorum
514 963 649 991 munera,
663 958 695 984 ut
711 959 778 984 sunt
793 964 893 993 azyma
902 960 951 986 aut
961 956 1012 986 ali-

192 997 261 1036 quid
280 997 462 1036 hujusmodi,
487 998 669 1038 deponatur:
684 999 709 1029 si
725 1003 822 1030 autem
839 1000 941 1038 laicus,
962 1011 1010 1031 se-

191 1045 371 1081 questretur.
389 1054 400 1069 η

231 1085 277 1117 VI.
291 1086 322 1116 Si
337 1089 436 1117 autem
447 1086 545 1116 dicitis
557 1095 563 1117 :
578 1087 653 1123 Quia
664 1087 699 1117 ab
712 1087 845 1119 Hebrzeis
861 1099 919 1120 non
931 1091 1011 1120 acci-

190 1130 358 1170 pimus,sed
369 1131 449 1161 domi
461 1131 557 1161 facere
568 1131 786 1169 consuevimus;
798 1143 852 1163 cur
862 1134 917 1164 hoc
927 1134 942 1164 ‘2
951 1135 1011 1166 sive

189 1174 226 1205 ab
237 1175 295 1206 illis
306 1175 467 1215 accipiatis,
481 1177 542 1206 sive
552 1175 632 1206 domi
643 1176 766 1213 faciatis,
779 1187 877 1217 azyma
888 1184 967 1209 sunt.
976 1179 1011 1210 Et

185 1219 269 1259 juxta
289 1220 346 1251 hoc
367 1220 531 1258 graviorem
552 1229 668 1260 pcenam
688 1221 846 1259 habebitis,
869 1225 1007 1263 quoniam

189 1264 358 1304 relinquitis
366 1273 453 1303 agere
465 1274 529 1305 qua:
543 1265 626 1304 jussa
636 1266 796 1296 suntvobis
817 1277 833 1297 a
853 1268 967 1299 Christo
983 1273 1011 1299 et

192 1308 340 1349 Apostolis
349 1309 601 1349 ipsius,facientes
610 1310 686 1340 velut
698 1311 741 1341 illi
752 1311 801 1351 qui
810 1311 864 1342 sub
871 1313 1011 1344 servitute

190 1354 265 1393 legis
273 1354 453 1394 sunt,qualia
462 1354 553 1385 Judzei
563 1354 717 1391 faciunt,in
730 1355 872 1387 umbract
883 1357 1013 1388 tenebris

192 1398 266 1436 legis
278 1398 429 1436 sedentes,
440 1399 606 1429 nullatenus
620 1399 728 1429 dicenti
742 1399 830 1430 Paulo
842 1402 1011 1436 credentes;

193 1443 547 1483 «Fratres,unusquisque
559 1444 589 1473 in
599 1452 633 1473 eo
641 1444 744 1474 ordine
755 1455 812 1484 quo
824 1447 1009 1487 vocalusjest,

188 1487 218 1517 in
231 1487 294 1527 ipso
305 1491 475 1527 permaneat
486 1487 515 1525 (Ι
523 1487 593 1517 Cor.
606 1496 655 1524 v11,
670 1489 709 1519 ‘20
720 1490 819 1527 ctjz’i).
828 1502 837 1517 η
853 1491 917 1521 Non
931 1492 1009 1522 enim

189 1531 348 1562 invenietis
359 1532 481 1562 omnino
493 1533 522 1562 in
536 1532 633 1565 divina
642 1533 793 1573 Scriptura
801 1537 937 1573 quoniam
949 1546 1011 1576 azy-

1054 953 1130 983 lunze
1141 954 1227 993 primi
1241 955 1350 985 mensis
1363 955 1472 985 Pascha
1489 955 1716 995 appellaretlex,
1727 955 1881 994 quintam-

1054 998 1200 1028 decimam
1210 999 1287 1029 diem
1302 999 1427 1038 primum
1437 1009 1604 1038 azymorum
1615 999 1812 1030 etSabbatum
1826 1010 1883 1030 no-

1053 1047 1147 1074 naret.
1167 1043 1242 1074 Proh
1266 1044 1350 1074 dolor
1378 1043 1579 1083 insipientiam
1601 1044 1810 1074 illiteratorum
1824 1045 1831 1075 !
1847 1043 1886 1074 Et

1053 1098 1112 1118 non
1121 1092 1184 1118 erat
1194 1097 1292 1128 azyma
1304 1088 1332 1118 in
1345 1087 1446 1128 quinta
1461 1087 1545 1127 feria,
1559 1097 1626 1118 cum
1637 1093 1715 1118 esset
1731 1088 1800 1118 luna
1811 1092 1882 1119 ter-

1053 1132 1220 1169 tiadecima,
1233 1136 1262 1162 et
1278 1142 1336 1162 non
1351 1132 1580 1172 quartadecima.
1598 1132 1768 1162 Secundqu
1784 1133 1881 1172 quin-

1052 1181 1110 1208 tam
1126 1177 1271 1207 decimam
1285 1177 1383 1207 lunam
1401 1177 1673 1207 fueratinsdtutum
1685 1186 1784 1216 azyma
1794 1177 1879 1214 fieri,

1051 1221 1127 1252 sicut
1141 1226 1171 1252 et
1192 1230 1283 1260 agnus
1302 1221 1338 1251 ad
1354 1230 1506 1261 vesperam
1529 1221 1768 1261 quartzedecimte
1811 1221 1878 1252 diei

1048 1266 1163 1305 jussum
1179 1275 1242 1296 esse
1252 1265 1409 1305 immolari,
1425 1265 1588 1296 secundum
1600 1274 1687 1305 quam
1703 1265 1878 1296 immolatus

1053 1314 1097 1340 est
1112 1310 1255 1347 Christus,
1273 1310 1372 1349 Agnus
1387 1309 1451 1346 Dei,
1468 1310 1518 1349 qui
1534 1310 1609 1340 tollit
1624 1314 1745 1350 peccata
1757 1310 1876 1341 mundi.

1054 1355 1085 1386 Si
1097 1359 1195 1385 autem
1216 1354 1350 1386 Christus
1371 1354 1539 1384 immolatus
1565 1358 1608 1384 est
1624 1359 1655 1384 et
1669 1354 1828 1385 cruciﬁxus
1846 1355 1878 1385 in

1055 1400 1171 1430 decima
1185 1403 1287 1440 quarta
1306 1399 1353 1429 die
1376 1399 1463 1438 lunze,
1485 1398 1565 1429 ferite
1581 1403 1680 1436 sextae,
1699 1399 1728 1428 in
1745 1398 1874 1429 Sabbato

1055 1448 1152 1474 autem
1162 1448 1222 1474 erat
1232 1444 1336 1474 festum
1347 1453 1526 1483 azymornm,
1538 1443 1656 1483 quando
1665 1452 1764 1482 azyma
1774 1453 1876 1474 eome-

1052 1488 1113 1519 dit‘.’
1126 1489 1212 1519 etiam
1222 1489 1363 1529 apostolis
1375 1489 1417 1519 sic
1433 1488 1530 1518 facere
1545 1488 1574 1517 in
1585 1487 1666 1519 Novo
1681 1487 1873 1518 Testamento

1053 1533 1195 1563 tradidit?
1209 1533 1362 1569 Quomodo
1379 1533 1478 1563 dicitis
1501 1532 1536 1563 ab
1555 1532 1696 1571 apostolis
1720 1532 1873 1572 accepisse

191 1585 271 1606 mum
284 1576 395 1606 dictum
413 1576 604 1608 sitaChristo
617 1581 665 1608 aut
683 1579 822 1617 apostolis
844 1579 917 1618 ejus,
942 1591 1007 1611 cum
1019 1586 1038 1610 C
1051 1587 1103 1609 vos
1114 1577 1212 1608 facere
1226 1587 1324 1618 azyma
1335 1578 1397 1617 jam
1413 1582 1478 1617 post
1493 1577 1742 1607 resurrectionem
1758 1586 1775 1607 a
1789 1586 1873 1606 mor-

190 1620 448 1652 administrarelur
459 1621 496 1652 ab
510 1622 560 1652 illo
570 1622 830 1653 Novi'l‘estamenti
842 1625 1007 1663 myterium.

189 1663 296 1694 Paulus
307 1665 386 1694 enim
399 1664 559 1696 Corinthiis
569 1667 704 1697 scribens
718 1665 820 1697 dicitur
834 1668 1010 1700 Discernere

189 1717 240 1739 vos
259 1713 376 1749 oportet
392 1709 513 1741 calicem
530 1710 747 1741 benedictionis
757 1721 843 1751 quem
854 1712 1008 1744 benedici-

191 1762 267 1792 mus;
276 1763 375 1785 nonne
384 1755 611 1786 communicatio
624 1756 752 1795 sanginis
763 1756 869 1787 Christi
883 1761 942 1788 est?
952 1758 1008 1788 Pa-

191 1806 258 1828 nem
266 1807 353 1838 quem
360 1799 522 1838 frangimus
529 1809 627 1831 nonne
635 1801 863 1831 communicatio
876 1802 1010 1842 corporis

190 1842 299 1873 Christi
306 1843 366 1874 est?
376 1843 519 1879 Quoniam
530 1854 605 1875 unus
617 1846 1011 1886 panis,unumcorpus,mul-

191 1887 212 1917 ti
224 1888 462 1919 sumus.Etenim
477 1898 580 1920 omnes
594 1899 629 1920 ex
643 1900 700 1920 uno
715 1900 789 1930 pane
800 1887 1010 1931 participamus

190 1931 221 1972 (Ι
231 1932 298 1963 Cor.
311 1941 342 1970 x,
359 1933 419 1973 l6).
433 1935 491 1972 Ego
503 1935 582 1964 enim
597 1935 699 1974 accepi
713 1935 877 1973 aDomino,
891 1936 967 1976 quod
982 1941 1010 1966 et

189 1977 299 2007 tradidi
310 1976 392 2007 vobis
405 1986 411 2008 :
425 1978 564 2018 quoniam
574 1978 716 2009 Dominus
724 1981 810 2010 Jesus
820 1980 917 2020 in‘qua
927 1985 1011 2011 nocte

190 2022 373 2061 tradebatur,
391 2023 506 2063 accepit
526 2032 645 2063 panem,
662 2034 676 2053 )
689 2030 786 2055 etnon
798 2034 940 2065 azymum,
958 2036 971 2055 «
983 2031 1011 2056 et

189 2066 372 2099 benedicens
384 2068 481 2108 fregit,
494 2072 522 2098 et
537 2068 627 2099 dixit:
641 2069 774 2109 Accipite
797 2073 826 2100 et
841 2070 987 2100 come-dite
1006 2080 1012 2100 :

189 2111 246 2142 hoc
258 2116 302 2142 est
318 2121 426 2153 corpus
439 2122 550 2151 meum,
574 2114 652 2154 quod
678 2123 729 2154 pro
748 2113 829 2144 vobis
852 2113 1013 2153 frangetur,

189 2156 251 2188 Hoc
267 2157 353 2187 facite
368 2157 399 2187 in
411 2166 506 2188 meam
526 2159 840 2189 commemorationem
853 2160 882 2196 (Ι
892 2159 1011 2194 Cornxr,

189 2201 238 2240 23,
252 2202 302 2242 94)
309 2227 315 2233 .
322 2215 334 2230 η
341 2201 375 2232 Et
386 2211 444 2233 non
453 2203 546 2234 semel
559 2203 631 2233 dixit
643 2203 815 2243 panem,sed
827 2203 914 2233 etiam
923 2212 1011 2243 smpe.

1051 1622 1128 1653 tuis?
1143 1621 1206 1652 Non
1223 1622 1328 1652 videtis
1340 1622 1409 1662 quia
1423 1621 1576 1652 manifeste
1588 1631 1622 1652 ex
1633 1621 1721 1652 rebus
1733 1621 1872 1660 arguimi-

1052 1666 1093 1703 ni,
1107 1667 1246 1707 quoniam
1263 1676 1320 1696 non
1338 1671 1405 1697 tunc
1421 1676 1530 1706 azyma,
1555 1675 1620 1696 cum
1647 1665 1785 1705 mysteria
1800 1665 1874 1696 Novi

1051 1711 1232 1742 Testamenti
1249 1711 1379 1742 traderet
1393 1711 1535 1751 apestolis
1551 1710 1683 1741 Christus
1695 1710 1709 1739 ‘2

1091 1756 1138 1786 IX.
1156 1756 1318 1788 Ostendam
1334 1755 1415 1786 vobis
1431 1757 1486 1786 hoc
1507 1765 1541 1786 ex
1564 1755 1747 1794 legislatione
1767 1755 1872 1795 Moysi.

1053 1800 1194 1840 Loquitur
1210 1801 1288 1831 enim
1307 1810 1313 1830 :
1335 1813 1347 1828 α
1364 1801 1415 1831 Hae
1427 1804 1495 1830 sunt
1516 1799 1688 1830 festivitates
1706 1799 1822 1829 Domini
1845 1803 1875 1830 et

1052 1845 1123 1884 ipsae
1138 1849 1256 1880 sanctae,
1268 1855 1340 1886 quas
1352 1845 1494 1875 vocabitis
1509 1845 1538 1874 in
1557 1844 1738 1883 temporibus
1753 1844 1827 1874 suis.
1842 1845 1873 1875 lu

1052 1889 1148 1929 primo
1160 1899 1262 1919 mense
1275 1890 1304 1919 in
1316 1889 1535 1929 quintadecima
1550 1889 1599 1919 die
1611 1888 1722 1918 mensis
1734 1889 1819 1928 hujus
1827 1889 1873 1919 fe-

1052 1937 1127 1964 stum
1144 1943 1310 1973 azymorum
1337 1934 1472 1971 Domini;
1488 1938 1518 1964 et
1539 1933 1569 1963 in
1589 1933 1810 1973 quartadecima
1826 1933 1873 1963 die

1053 1978 1164 2008 mensis
1180 1978 1256 2008 intra
1272 1978 1401 2008 medium
1411 1980 1446 2009 ad
1461 1988 1616 2018 vesperum
1631 1977 1688 2008 erit
1700 1977 1810 2008 Pascha
1821 1979 1873 2008 Do-

1056 2022 1152 2059 mino;
1169 2027 1196 2054 et
1207 2023 1236 2053 in
1246 2023 1465 2063 quintadecima
1481 2024 1529 2054 die
1545 2024 1631 2062 hujus
1649 2024 1758 2052 mensis
1770 2022 1871 2052 festum

1056 2076 1222 2106 azymorum
1233 2067 1496 2108 Domino.Leptem
1511 2068 1590 2098 enim
1601 2066 1706 2097 diebus
1716 2076 1814 2106 azyma
1826 2077 1872 2097 co-

1059 2111 1168 2142 medite
1180 2112 1380 2151 (LCUft.XXlll,
1393 2113 1474 2152 4-6).
1488 2126 1500 2139 n
1514 2112 1590 2142 Ecce
1607 2112 1685 2141 enim
1705 2121 1740 2141 ex
1756 2111 1872 2150 legis'a-

1058 2156 1137 2187 tione
1150 2156 1239 2197 Moysi
1251 2156 1409 2194 didicistis,
1426 2157 1564 2198 quoniam
1590 2166 1648 2186 non
1674 2161 1743 2186 tunc
1763 2165 1870 2195 azyma,

1056 2201 1172 2241 quando
1189 2205 1255 2241 post
1267 2211 1383 2232 coenam
1400 2201 1563 2232 secundum
1580 2201 1659 2231 diem
1675 2200 1784 2240 quintae
1796 2200 1872 2230 terim

189 2247 255 2277 Non
268 2247 316 2277 hic
326 2247 406 2278 solus
423 2247 506 2285 dixit,
522 2248 574 2278 sed
588 2251 616 2278 ct
635 2248 732 2278 caeteri
755 2248 966 2287 apostolorum,
985 2252 1013 2278 et
1025 2246 1187 2284 DChristus
1204 2246 1322 2276 tradidit
1332 2256 1383 2286 per
1396 2246 1568 2276 fractionem
1585 2245 1667 2285 panis
1681 2245 1754 2276 Novi
1771 2244 1871 2274 Testa-

189 2291 343 2322 Matthaeus
367 2290 487 2331 quidem
501 2292 563 2323 ait:
585 2304 596 2320 ‹ι
615 2292 807 2324 Coenamibus
833 2296 930 2322 autem
955 2292 1013 2322 illis

193 2339 278 2376 atque
287 2336 513 2367 comedentibus
524 2337 673 2377 accipiens
681 2339 766 2367 Jesus
776 2346 880 2376 panem
892 2336 1012 2368 mila/1h.

189 2380 514 2421 xxwﬂfitnAspicis,
538 2391 644 2421 panem
671 2386 699 2412 et
723 2381 771 2412 hic
794 2381 900 2421 inquit,
929 2393 943 2409 α
959 2381 1013 2411 be—

192 2424 334 2456 nedicens
349 2425 447 2464 fregit,
466 2430 495 2456 et
510 2425 591 2456 dedit
611 2426 765 2466 discipulis
782 2427 842 2456 suis
862 2429 890 2456 et
914 2425 986 2455 dixit
1003 2435 1009 2455 :

190 2469 305 2501 Sumite
316 2470 510 2510 etcomedite,
524 2471 579 2501 hoc
590 2474 634 2501 est
647 2479 752 2510 corpus
766 2470 1009 2509 meum(1(1id.).»

190 2514 335 2546 Similiter
355 2519 453 2546 autem
469 2519 498 2545 et
517 2515 573 2546 hoc
604 2517 720 2546 Marcus
740 2514 852 2555 inquit,
885 2520 912 2544 et
940 2514 1010 2545 reli-

190 2559 302 2600 qui:et
324 2569 508 2600 nequaquam
536 2570 669 2600 azymum
695 2559 730 2590 ab
761 2559 804 2590 eis
827 2569 1011 2590 commemo-

189 2608 281 2636 ratur.

229 2649 292 2681 VII.
310 2648 451 2683 Quoniam
468 2649 590 2689 quidem
605 2649 759 2690 oportebat
783 2649 839 2689 pati
862 2648 1009 2680 Christum

189 2694 352 2726 secundum
370 2694 450 2725 diem
469 2694 572 2734 legalis
589 2695 715 2735 paschae,
733 2695 763 2724 in
785 2703 842 2735 qua
867 2697 896 2724 et
915 2702 1010 2730 agnus

188 2738 224 2770 ab
235 2738 360 2769 Hebreis
370 2738 588 2769 immolabatur.
599 2738 735 2779 Oportuit
745 2737 894 2769 enimfieri
906 2738 1013 2776 pascha

188 2783 224 2813 ab
235 2782 476 2814 interfectoribus
487 2783 541 2814 Dei
551 2784 581 2814 in
595 2787 677 2814 sexta
688 2784 770 2823 feria,
781 2784 809 2814 in
822 2792 879 2823 qua
892 2781 1011 2812 tandem

189 2831 218 2858 et
228 2831 330 2867 quarta
340 2827 459 2858 decima
469 2827 538 2859 luna
549 2833 611 2859 erat
622 2829 705 2868 juxta
717 2828 845 2869 primum
860 2835 1008 2866 mensem,

1057 2291 1146 2320 menti
1163 2291 1346 2330 mysterium.
1369 2292 1444 2321 Ante
1461 2292 1567 2321 festum
1587 2294 1686 2320 autem
1709 2298 1870 2328 azymorum

1055 2335 1110 2365 hoc
1121 2335 1273 2372 fecit,cum
1283 2340 1360 2366 esset
1369 2335 1572 2366 tertiadecima
1583 2334 1646 2364 dies
1656 2333 1765 2363 mensis
1773 2332 1871 2369 .Quin-

1056 2379 1199 2409 tadecima
1210 2380 1289 2410 enim
1303 2379 1350 2410 die
1364 2380 1520 2416 meusis,ut
1532 2378 1676 2418 legislatio
1695 2377 1871 2418 Moysis,erat

1055 2423 1162 2454 festum
1181 2434 1361 2464 azymorum.
1382 2424 1415 2454 Et
1429 2424 1561 2454 Christus
1576 2424 1606 2453 in
1627 2422 1699 2453 feria
1715 2426 1794 2452 sexta
1808 2431 1870 2452 cru-

1055 2469 1167 2506 ciﬁxus,
1179 2469 1342 2499 secundum
1360 2469 1640 2509 quartamdecimam
1657 2467 1735 2498 diem
1753 2467 1868 2503 mensis,

1054 2513 1169 2554 quando
1181 2513 1328 2544 debebant
1339 2513 1432 2544 Judaei
1444 2513 1598 2544 immolare
1609 2521 1730 2551 agnum;
1748 2510 1869 2542 Sabban

1053 2562 1152 2589 autem
1170 2558 1333 2589 secundum
1353 2557 1632 2598 quintamdecimam
1653 2555 1730 2586 diem
1754 2555 1868 2591 mensis,

1054 2607 1134 2634 esset
1144 2603 1250 2633 festum
1261 2612 1441 2642 azymorum,
1457 2603 1486 2632 in
1499 2601 1735 2642 sepulcrojacuit
1745 2600 1870 2640 sepultus

1053 2649 1163 2688 Azyma
1173 2657 1242 2686 ergo
1255 2648 1324 2677 dum
1339 2657 1397 2677 non
1408 2652 1508 2677 essent
1519 2650 1585 2677 ante
1595 2646 1699 2676 festum
1711 2654 1868 2685 azymorum

1051 2692 1082 2723 in
1091 2696 1150 2723 toto
1161 2701 1238 2722 anno
1250 2691 1334 2732 ipso:
1350 2696 1463 2732 septem
1477 2692 1556 2721 enim
1566 2690 1671 2722 diebus
1683 2690 1870 2721 comedebaut

1055 2746 1153 2777 azyma
1161 2736 1266 2773 Judazi,
1277 2745 1330 2766 ceu
1341 2736 1467 2766 instituit
1478 2738 1600 2776 Moyses:
1619 2735 1648 2765 in
1660 2734 1870 2775 quintadecima

1055 2781 1102 2812 die
1115 2780 1202 2821 primi
1215 2780 1326 2810 mensis
1337 2780 1514 2820 incipientes
1524 2781 1629 2810 festum
1643 2780 1760 2818 horum,
1772 2778 1819 2809 ubi
1830 2789 1868 2810 re-

1055 2831 1138 2867 perta
1153 2829 1221 2856 sunt
1235 2834 1344 2865 azyma,
1357 2825 1475 2866 quando
1498 2835 1564 2856 cum
1591 2824 1715 2864 dispulis
1738 2824 1800 2854 suis
1813 2833 1869 2855 cte~
