  <div class='ocr_page' id='page_1' title='image "/cluster/home/n/w/nwhite01/storage/ocr_20150623/120/njp.32101010943973/640.png"; bbox 0 0 1975 3071; ppageno 0'>
   <div class='ocr_carea' id='block_1_1' title="bbox 104 186 184 219">
    <p class='ocr_par' dir='ltr' id='par_1_1' title="bbox 104 186 184 219">
     <span class='ocr_line' id='line_1_1' title="bbox 104 186 184 219; baseline 0 -2"><span class='ocrx_word' id='word_1_1' title='bbox 104 186 184 219; x_wconf 85' lang='lat'><strong>1017</strong></span> 
     </span>
    </p>
   </div>
   <div class='ocr_carea' id='block_1_2' title="bbox 777 184 1126 219">
    <p class='ocr_par' dir='ltr' id='par_1_2' title="bbox 777 184 1126 219">
     <span class='ocr_line' id='line_1_2' title="bbox 777 184 1126 219; baseline -0.006 0"><span class='ocrx_word' id='word_1_2' title='bbox 777 185 930 219; x_wconf 78' lang='lat' dir='ltr'>CONTRA</span> <span class='ocrx_word' id='word_1_3' title='bbox 952 184 1126 218; x_wconf 81' lang='lat' dir='ltr'>LATINOS.</span> 
     </span>
    </p>
   </div>
   <div class='ocr_carea' id='block_1_3' title="bbox 1722 182 1797 216">
    <p class='ocr_par' dir='ltr' id='par_1_3' title="bbox 1722 182 1797 216">
     <span class='ocr_line' id='line_1_3' title="bbox 1722 182 1797 216; baseline -0.013 0"><span class='ocrx_word' id='word_1_4' title='bbox 1722 182 1797 216; x_wconf 91' lang='lat'><strong>1018</strong></span> 
     </span>
    </p>
   </div>
   <div class='ocr_carea' id='block_1_4' title="bbox 105 251 1794 292">
    <p class='ocr_par' dir='ltr' id='par_1_4' title="bbox 105 251 1794 292">
     <span class='ocr_line' id='line_1_4' title="bbox 105 251 1794 292; baseline -0.001 -9"><span class='ocrx_word' id='word_1_5' title='bbox 105 262 177 283; x_wconf 90' lang='lat' dir='ltr'>nam</span> <span class='ocrx_word' id='word_1_6' title='bbox 194 253 364 284; x_wconf 85' lang='lat' dir='ltr'>comederet</span> <span class='ocrx_word' id='word_1_7' title='bbox 379 254 514 285; x_wconf 84' lang='lat' dir='ltr'>Christus</span> <span class='ocrx_word' id='word_1_8' title='bbox 530 253 584 285; x_wconf 85' lang='lat' dir='ltr'>?Si</span> <span class='ocrx_word' id='word_1_9' title='bbox 603 254 682 285; x_wconf 93' lang='lat' dir='ltr'>enim</span> <span class='ocrx_word' id='word_1_10' title='bbox 699 254 775 285; x_wconf 91' lang='lat' dir='ltr'>sicut</span> <span class='ocrx_word' id='word_1_11' title='bbox 789 254 900 290; x_wconf 75' lang='lat' dir='ltr'>dicitis,</span> <span class='ocrx_word' id='word_1_12' title='bbox 917 257 962 284; x_wconf 82' lang='lat' dir='ltr'>aA</span> <span class='ocrx_word' id='word_1_13' title='bbox 974 261 1038 282; x_wconf 92' lang='lat' dir='ltr'>rem</span> <span class='ocrx_word' id='word_1_14' title='bbox 1053 254 1131 284; x_wconf 82' lang='lat' dir='ltr'>circa</span> <span class='ocrx_word' id='word_1_15' title='bbox 1143 263 1210 284; x_wconf 93' lang='lat' dir='ltr'>eum</span> <span class='ocrx_word' id='word_1_16' title='bbox 1226 255 1328 284; x_wconf 82' lang='lat' dir='ltr'>fletum</span> <span class='ocrx_word' id='word_1_17' title='bbox 1340 252 1490 284; x_wconf 81' lang='lat' dir='ltr'>habebant</span> <span class='ocrx_word' id='word_1_18' title='bbox 1504 261 1591 292; x_wconf 89' lang='lat' dir='ltr'>quam</span> <span class='ocrx_word' id='word_1_19' title='bbox 1607 251 1745 291; x_wconf 81' lang='lat' dir='ltr'>gaudium</span> <span class='ocrx_word' id='word_1_20' title='bbox 1762 260 1794 281; x_wconf 86' lang='lat' dir='ltr'>ex</span> 
     </span>
    </p>
   </div>
   <div class='ocr_carea' id='block_1_5' title="bbox 106 297 931 339">
    <p class='ocr_par' dir='ltr' id='par_1_5' title="bbox 106 297 931 339">
     <span class='ocr_line' id='line_1_5' title="bbox 106 297 931 339; baseline 0 -11"><span class='ocrx_word' id='word_1_21' title='bbox 106 297 236 328; x_wconf 92' lang='lat' dir='ltr'>Domino</span> <span class='ocrx_word' id='word_1_22' title='bbox 253 298 378 338; x_wconf 59' lang='lat' dir='ltr'>apostuli</span> <span class='ocrx_word' id='word_1_23' title='bbox 394 302 574 338; x_wconf 88' lang='lat' dir='ltr'>acceperunt</span> <span class='ocrx_word' id='word_1_24' title='bbox 594 308 704 339; x_wconf 88' lang='lat' dir='ltr'>azyma,</span> <span class='ocrx_word' id='word_1_25' title='bbox 722 302 751 329; x_wconf 86' lang='lat' dir='ltr'>et</span> <span class='ocrx_word' id='word_1_26' title='bbox 767 298 809 328; x_wconf 79' lang='lat' dir='ltr'>illi</span> <span class='ocrx_word' id='word_1_27' title='bbox 825 299 931 329; x_wconf 88' lang='lat' dir='ltr'>iterum</span> 
     </span>
    </p>
   </div>
   <div class='ocr_carea' id='block_1_6' title="bbox 106 342 932 383">
    <p class='ocr_par' dir='ltr' id='par_1_6' title="bbox 106 342 932 383">
     <span class='ocr_line' id='line_1_6' title="bbox 106 342 932 383; baseline 0 -11"><span class='ocrx_word' id='word_1_28' title='bbox 106 342 297 372; x_wconf 86' lang='lat' dir='ltr'>tradiderunt</span> <span class='ocrx_word' id='word_1_29' title='bbox 311 342 394 372; x_wconf 90' lang='lat' dir='ltr'>vobis</span> <span class='ocrx_word' id='word_1_30' title='bbox 410 343 473 373; x_wconf 78' lang='lat' dir='ltr'>haec</span> <span class='ocrx_word' id='word_1_31' title='bbox 488 343 518 373; x_wconf 89' lang='lat' dir='ltr'>in</span> <span class='ocrx_word' id='word_1_32' title='bbox 534 343 627 382; x_wconf 82' lang='lat' dir='ltr'>ﬁgura</span> <span class='ocrx_word' id='word_1_33' title='bbox 638 343 770 383; x_wconf 90' lang='lat' dir='ltr'>corporis</span> <span class='ocrx_word' id='word_1_34' title='bbox 784 342 891 374; x_wconf 78' lang='lat' dir='ltr'>Christi</span> <span class='ocrx_word' id='word_1_35' title='bbox 903 343 932 372; x_wconf 92' lang='lat' dir='ltr'>in</span> 
     </span>
    </p>
   </div>
   <div class='ocr_carea' id='block_1_7' title="bbox 107 386 932 427">
    <p class='ocr_par' dir='ltr' id='par_1_7' title="bbox 107 386 932 427">
     <span class='ocr_line' id='line_1_7' title="bbox 107 386 932 427; baseline 0.001 -11"><span class='ocrx_word' id='word_1_36' title='bbox 107 388 250 426; x_wconf 86' lang='lat' dir='ltr'>mysterio</span> <span class='ocrx_word' id='word_1_37' title='bbox 267 386 338 417; x_wconf 84' lang='lat' dir='ltr'>Novi</span> <span class='ocrx_word' id='word_1_38' title='bbox 351 387 548 427; x_wconf 84' lang='lat' dir='ltr'>Testamenti,</span> <span class='ocrx_word' id='word_1_39' title='bbox 565 388 634 418; x_wconf 93' lang='lat' dir='ltr'>dum</span> <span class='ocrx_word' id='word_1_40' title='bbox 651 397 706 418; x_wconf 91' lang='lat' dir='ltr'>nec</span> <span class='ocrx_word' id='word_1_41' title='bbox 722 387 831 418; x_wconf 88' lang='lat' dir='ltr'>ablatio</span> <span class='ocrx_word' id='word_1_42' title='bbox 849 388 932 427; x_wconf 90' lang='lat' dir='ltr'>panis</span> 
     </span>
    </p>
   </div>
   <div class='ocr_carea' id='block_1_8' title="bbox 105 431 931 472">
    <p class='ocr_par' dir='ltr' id='par_1_8' title="bbox 105 431 931 472">
     <span class='ocr_line' id='line_1_8' title="bbox 105 431 931 472; baseline 0.001 -11"><span class='ocrx_word' id='word_1_43' title='bbox 105 431 195 462; x_wconf 84' lang='lat' dir='ltr'>ﬁeret</span> <span class='ocrx_word' id='word_1_44' title='bbox 204 431 368 462; x_wconf 91' lang='lat' dir='ltr'>secundum</span> <span class='ocrx_word' id='word_1_45' title='bbox 380 431 619 462; x_wconf 89' lang='lat' dir='ltr'>constitutionem</span> <span class='ocrx_word' id='word_1_46' title='bbox 632 431 838 472; x_wconf 85' lang='lat' dir='ltr'>Moysi,neque</span> <span class='ocrx_word' id='word_1_47' title='bbox 848 437 931 463; x_wconf 88' lang='lat' dir='ltr'>erant</span> 
     </span>
    </p>
   </div>
   <div class='ocr_carea' id='block_1_9' title="bbox 104 475 931 516">
    <p class='ocr_par' dir='ltr' id='par_1_9' title="bbox 104 475 931 516">
     <span class='ocr_line' id='line_1_9' title="bbox 104 475 931 516; baseline 0.001 -11"><span class='ocrx_word' id='word_1_48' title='bbox 104 479 177 505; x_wconf 92' lang='lat' dir='ltr'>tunc</span> <span class='ocrx_word' id='word_1_49' title='bbox 192 485 305 515; x_wconf 82' lang='lat' dir='ltr'>azyma,</span> <span class='ocrx_word' id='word_1_50' title='bbox 322 475 371 506; x_wconf 91' lang='lat' dir='ltr'>ubi</span> <span class='ocrx_word' id='word_1_51' title='bbox 382 480 499 516; x_wconf 87' lang='lat' dir='ltr'>reperta</span> <span class='ocrx_word' id='word_1_52' title='bbox 509 476 602 506; x_wconf 82' lang='lat' dir='ltr'>sunt?</span> <span class='ocrx_word' id='word_1_53' title='bbox 619 475 772 512; x_wconf 85' lang='lat' dir='ltr'>Quomodo</span> <span class='ocrx_word' id='word_1_54' title='bbox 784 475 931 507; x_wconf 90' lang='lat' dir='ltr'>oblivisci-</span> 
     </span>
    </p>
   </div>
   <div class='ocr_carea' id='block_1_10' title="bbox 103 519 930 561">
    <p class='ocr_par' dir='ltr' id='par_1_10' title="bbox 103 519 930 561">
     <span class='ocr_line' id='line_1_10' title="bbox 103 519 930 561; baseline 0 -11"><span class='ocrx_word' id='word_1_55' title='bbox 103 529 176 550; x_wconf 91' lang='lat' dir='ltr'>mur</span> <span class='ocrx_word' id='word_1_56' title='bbox 191 519 409 559; x_wconf 83' lang='lat' dir='ltr'>legislationum</span> <span class='ocrx_word' id='word_1_57' title='bbox 427 519 554 560; x_wconf 85' lang='lat' dir='ltr'>Moysis?</span> <span class='ocrx_word' id='word_1_58' title='bbox 579 521 698 561; x_wconf 78' lang='lat' dir='ltr'>Septem</span> <span class='ocrx_word' id='word_1_59' title='bbox 717 529 845 560; x_wconf 83' lang='lat' dir='ltr'>namque</span> <span class='ocrx_word' id='word_1_60' title='bbox 860 520 930 551; x_wconf 87' lang='lat' dir='ltr'>solis</span> 
     </span>
    </p>
   </div>
   <div class='ocr_carea' id='block_1_11' title="bbox 99 564 929 596">
    <p class='ocr_par' dir='ltr' id='par_1_11' title="bbox 99 564 929 596">
     <span class='ocr_line' id='line_1_11' title="bbox 99 564 929 596; baseline 0.002 -2"><span class='ocrx_word' id='word_1_61' title='bbox 99 564 212 594; x_wconf 89' lang='lat' dir='ltr'>diebus</span> <span class='ocrx_word' id='word_1_62' title='bbox 227 565 327 595; x_wconf 92' lang='lat' dir='ltr'>facere</span> <span class='ocrx_word' id='word_1_63' title='bbox 343 564 464 595; x_wconf 83' lang='lat' dir='ltr'>tradidit</span> <span class='ocrx_word' id='word_1_64' title='bbox 478 564 572 596; x_wconf 81' lang='lat' dir='ltr'>vobis.</span> <span class='ocrx_word' id='word_1_65' title='bbox 590 564 648 595; x_wconf 86' lang='lat' dir='ltr'>Sed</span> <span class='ocrx_word' id='word_1_66' title='bbox 664 573 717 595; x_wconf 92' lang='lat' dir='ltr'>vos</span> <span class='ocrx_word' id='word_1_67' title='bbox 733 564 764 594; x_wconf 90' lang='lat' dir='ltr'>in</span> <span class='ocrx_word' id='word_1_68' title='bbox 779 568 838 595; x_wconf 89' lang='lat' dir='ltr'>toto</span> <span class='ocrx_word' id='word_1_69' title='bbox 850 574 929 596; x_wconf 92' lang='lat' dir='ltr'>anno</span> 
     </span>
    </p>
   </div>
   <div class='ocr_carea' id='block_1_12' title="bbox 98 608 927 649">
    <p class='ocr_par' dir='ltr' id='par_1_12' title="bbox 98 608 927 649">
     <span class='ocr_line' id='line_1_12' title="bbox 98 608 927 649; baseline 0.001 -10"><span class='ocrx_word' id='word_1_70' title='bbox 98 609 285 640; x_wconf 85' lang='lat' dir='ltr'>conculcatis</span> <span class='ocrx_word' id='word_1_71' title='bbox 295 609 428 639; x_wconf 86' lang='lat' dir='ltr'>instituta</span> <span class='ocrx_word' id='word_1_72' title='bbox 443 609 562 649; x_wconf 85' lang='lat' dir='ltr'>Moysis.</span> <span class='ocrx_word' id='word_1_73' title='bbox 577 610 612 640; x_wconf 83' lang='lat' dir='ltr'>Et</span> <span class='ocrx_word' id='word_1_74' title='bbox 623 608 758 640; x_wconf 88' lang='lat' dir='ltr'>Christus</span> <span class='ocrx_word' id='word_1_75' title='bbox 767 618 826 639; x_wconf 92' lang='lat' dir='ltr'>non</span> <span class='ocrx_word' id='word_1_76' title='bbox 842 619 927 640; x_wconf 89' lang='lat' dir='ltr'>vene-</span> 
     </span>
    </p>
   </div>
   <div class='ocr_carea' id='block_1_13' title="bbox 99 653 925 694">
    <p class='ocr_par' dir='ltr' id='par_1_13' title="bbox 99 653 925 694">
     <span class='ocr_line' id='line_1_13' title="bbox 99 653 925 694; baseline 0 -10"><span class='ocrx_word' id='word_1_77' title='bbox 99 657 149 684; x_wconf 85' lang='lat' dir='ltr'>rat</span> <span class='ocrx_word' id='word_1_78' title='bbox 164 654 280 684; x_wconf 87' lang='lat' dir='ltr'>solvere</span> <span class='ocrx_word' id='word_1_79' title='bbox 295 654 402 693; x_wconf 84' lang='lat' dir='ltr'>legem,</span> <span class='ocrx_word' id='word_1_80' title='bbox 419 653 471 684; x_wconf 92' lang='lat' dir='ltr'>sed</span> <span class='ocrx_word' id='word_1_81' title='bbox 487 653 651 694; x_wconf 84' lang='lat' dir='ltr'>adimplere</span> <span class='ocrx_word' id='word_1_82' title='bbox 679 653 798 691; x_wconf 82' lang='lat' dir='ltr'>(Matth.</span> <span class='ocrx_word' id='word_1_83' title='bbox 815 663 846 694; x_wconf 89' lang='lat' dir='ltr'>v,</span> <span class='ocrx_word' id='word_1_84' title='bbox 866 654 925 692; x_wconf 87' lang='grc'>17).</span> 
     </span>
    </p>
   </div>
   <div class='ocr_carea' id='block_1_14' title="bbox 145 698 926 735">
    <p class='ocr_par' dir='ltr' id='par_1_14' title="bbox 145 698 926 735">
     <span class='ocr_line' id='line_1_14' title="bbox 145 698 926 735; baseline 0 -6"><span class='ocrx_word' id='word_1_85' title='bbox 145 698 182 729; x_wconf 88' lang='grc' dir='ltr'>Χ.</span> <span class='ocrx_word' id='word_1_86' title='bbox 199 698 292 729; x_wconf 85' lang='lat' dir='ltr'>Valde</span> <span class='ocrx_word' id='word_1_87' title='bbox 308 699 387 729; x_wconf 89' lang='lat' dir='ltr'>enim</span> <span class='ocrx_word' id='word_1_88' title='bbox 414 698 566 729; x_wconf 85' lang='lat' dir='ltr'>veritatem</span> <span class='ocrx_word' id='word_1_89' title='bbox 591 698 744 735; x_wconf 88' lang='lat' dir='ltr'>obsistitis,</span> <span class='ocrx_word' id='word_1_90' title='bbox 762 699 878 730; x_wconf 83' lang='lat' dir='ltr'>fratres.</span> <span class='ocrx_word' id='word_1_91' title='bbox 896 698 926 729; x_wconf 87' lang='lat' dir='ltr'>Si</span> 
     </span>
    </p>
   </div>
   <div class='ocr_carea' id='block_1_15' title="bbox 106 743 926 783">
    <p class='ocr_par' dir='ltr' id='par_1_15' title="bbox 106 743 926 783">
     <span class='ocr_line' id='line_1_15' title="bbox 106 743 926 783; baseline 0.001 -10"><span class='ocrx_word' id='word_1_92' title='bbox 106 743 188 773; x_wconf 91' lang='lat' dir='ltr'>enim</span> <span class='ocrx_word' id='word_1_93' title='bbox 206 743 345 774; x_wconf 86' lang='lat' dir='ltr'>traditum</span> <span class='ocrx_word' id='word_1_94' title='bbox 361 743 442 774; x_wconf 87' lang='lat' dir='ltr'>vobis</span> <span class='ocrx_word' id='word_1_95' title='bbox 467 743 521 773; x_wconf 87' lang='lat' dir='ltr'>fuit</span> <span class='ocrx_word' id='word_1_96' title='bbox 546 743 583 774; x_wconf 88' lang='lat' dir='ltr'>ab</span> <span class='ocrx_word' id='word_1_97' title='bbox 612 743 752 783; x_wconf 87' lang='lat' dir='ltr'>apostolis</span> <span class='ocrx_word' id='word_1_98' title='bbox 767 744 926 775; x_wconf 87' lang='lat' dir='ltr'>comedere</span> 
     </span>
    </p>
   </div>
   <div class='ocr_carea' id='block_1_16' title="bbox 102 788 924 828">
    <p class='ocr_par' dir='ltr' id='par_1_16' title="bbox 102 788 924 828">
     <span class='ocr_line' id='line_1_16' title="bbox 102 788 924 828; baseline 0.001 -11"><span class='ocrx_word' id='word_1_99' title='bbox 102 796 217 827; x_wconf 82' lang='lat' dir='ltr'>azyma,</span> <span class='ocrx_word' id='word_1_100' title='bbox 224 788 372 827; x_wconf 92' lang='lat' dir='ltr'>quomodo</span> <span class='ocrx_word' id='word_1_101' title='bbox 380 788 514 827; x_wconf 82' lang='lat' dir='ltr'>Agathon</span> <span class='ocrx_word' id='word_1_102' title='bbox 521 788 726 818; x_wconf 88' lang='lat' dir='ltr'>sanctissimus</span> <span class='ocrx_word' id='word_1_103' title='bbox 734 797 809 828; x_wconf 87' lang='lat' dir='ltr'>papa</span> <span class='ocrx_word' id='word_1_104' title='bbox 816 793 924 826; x_wconf 82' lang='lat' dir='ltr'>vester,</span> 
     </span>
    </p>
   </div>
   <div class='ocr_carea' id='block_1_17' title="bbox 102 832 926 873">
    <p class='ocr_par' dir='ltr' id='par_1_17' title="bbox 102 832 926 873">
     <span class='ocr_line' id='line_1_17' title="bbox 102 832 926 873; baseline 0.001 -11"><span class='ocrx_word' id='word_1_105' title='bbox 102 841 265 871; x_wconf 73' lang='lat' dir='ltr'>praesessor</span> <span class='ocrx_word' id='word_1_106' title='bbox 281 841 348 863; x_wconf 91' lang='lat' dir='ltr'>cum</span> <span class='ocrx_word' id='word_1_107' title='bbox 361 839 439 863; x_wconf 82' lang='lat' dir='ltr'>esset</span> <span class='ocrx_word' id='word_1_108' title='bbox 451 837 538 863; x_wconf 67' lang='lat' dir='ltr'>sextae</span> <span class='ocrx_word' id='word_1_109' title='bbox 549 833 652 873; x_wconf 80' lang='lat' dir='ltr'>synodi</span> <span class='ocrx_word' id='word_1_110' title='bbox 667 832 721 863; x_wconf 91' lang='lat' dir='ltr'>sub</span> <span class='ocrx_word' id='word_1_111' title='bbox 735 832 926 864; x_wconf 85' lang='lat' dir='ltr'>Constantino</span> 
     </span>
    </p>
   </div>
   <div class='ocr_carea' id='block_1_18' title="bbox 976 296 1796 338">
    <p class='ocr_par' dir='ltr' id='par_1_18' title="bbox 976 296 1796 338">
     <span class='ocr_line' id='line_1_18' title="bbox 976 296 1796 338; baseline 0 -12"><span class='ocrx_word' id='word_1_112' title='bbox 976 298 1119 328; x_wconf 84' lang='lat' dir='ltr'>memoria</span> <span class='ocrx_word' id='word_1_113' title='bbox 1134 298 1240 329; x_wconf 72' lang='lat' dir='ltr'>divinm</span> <span class='ocrx_word' id='word_1_114' title='bbox 1255 297 1446 338; x_wconf 85' lang='lat' dir='ltr'>operationis.</span> <span class='ocrx_word' id='word_1_115' title='bbox 1466 310 1479 325; x_wconf 80' lang='grc' dir='ltr'>ι›</span> <span class='ocrx_word' id='word_1_116' title='bbox 1505 296 1716 327; x_wconf 81' lang='lat' dir='ltr'>Verumtamen</span> <span class='ocrx_word' id='word_1_117' title='bbox 1733 296 1796 326; x_wconf 62' lang='lat' dir='ltr'>haec</span> 
     </span>
    </p>
   </div>
   <div class='ocr_carea' id='block_1_19' title="bbox 975 341 1795 382">
    <p class='ocr_par' dir='ltr' id='par_1_19' title="bbox 975 341 1795 382">
     <span class='ocr_line' id='line_1_19' title="bbox 975 341 1795 382; baseline 0 -12"><span class='ocrx_word' id='word_1_118' title='bbox 975 342 1096 381; x_wconf 79' lang='lat' dir='ltr'>mystice</span> <span class='ocrx_word' id='word_1_119' title='bbox 1113 352 1164 382; x_wconf 88' lang='lat' dir='ltr'>per</span> <span class='ocrx_word' id='word_1_120' title='bbox 1178 343 1362 374; x_wconf 86' lang='lat' dir='ltr'>Clementem</span> <span class='ocrx_word' id='word_1_121' title='bbox 1380 352 1483 382; x_wconf 85' lang='lat' dir='ltr'>papam</span> <span class='ocrx_word' id='word_1_122' title='bbox 1498 341 1726 371; x_wconf 88' lang='lat' dir='ltr'>constituentem</span> <span class='ocrx_word' id='word_1_123' title='bbox 1736 349 1795 370; x_wconf 92' lang='lat' dir='ltr'>non</span> 
     </span>
    </p>
   </div>
   <div class='ocr_carea' id='block_1_20' title="bbox 974 384 1795 427">
    <p class='ocr_par' dir='ltr' id='par_1_20' title="bbox 974 384 1795 427">
     <span class='ocr_line' id='line_1_20' title="bbox 974 384 1795 427; baseline -0.002 -12"><span class='ocrx_word' id='word_1_124' title='bbox 974 387 1188 427; x_wconf 81' lang='lat' dir='ltr'>steterunthic,</span> <span class='ocrx_word' id='word_1_125' title='bbox 1205 387 1257 417; x_wconf 86' lang='lat' dir='ltr'>sed</span> <span class='ocrx_word' id='word_1_126' title='bbox 1274 387 1404 417; x_wconf 86' lang='lat' dir='ltr'>scientes</span> <span class='ocrx_word' id='word_1_127' title='bbox 1420 395 1557 420; x_wconf 56' lang='lat' dir='ltr'>magnam</span> <span class='ocrx_word' id='word_1_128' title='bbox 1575 384 1795 415; x_wconf 82' lang='lat' dir='ltr'>damnationem</span> 
     </span>
    </p>
   </div>
   <div class='ocr_carea' id='block_1_21' title="bbox 975 428 1796 471">
    <p class='ocr_par' dir='ltr' id='par_1_21' title="bbox 975 428 1796 471">
     <span class='ocr_line' id='line_1_21' title="bbox 975 428 1796 471; baseline -0.001 -11"><span class='ocrx_word' id='word_1_129' title='bbox 975 439 1038 460; x_wconf 89' lang='lat' dir='ltr'>esse</span> <span class='ocrx_word' id='word_1_130' title='bbox 1064 431 1202 471; x_wconf 86' lang='lat' dir='ltr'>jejuuare</span> <span class='ocrx_word' id='word_1_131' title='bbox 1225 431 1362 467; x_wconf 83' lang='lat' dir='ltr'>Sabbata,</span> <span class='ocrx_word' id='word_1_132' title='bbox 1379 429 1686 461; x_wconf 82' lang='lat' dir='ltr'>excoinmunicatione</span> <span class='ocrx_word' id='word_1_133' title='bbox 1701 428 1796 459; x_wconf 87' lang='lat' dir='ltr'>valida</span> 
     </span>
    </p>
   </div>
   <div class='ocr_carea' id='block_1_22' title="bbox 972 473 1795 513">
    <p class='ocr_par' dir='ltr' id='par_1_22' title="bbox 972 473 1795 513">
     <span class='ocr_line' id='line_1_22' title="bbox 972 473 1795 513; baseline -0.001 -9"><span class='ocrx_word' id='word_1_134' title='bbox 972 474 1064 513; x_wconf 83' lang='lat' dir='ltr'>ligant</span> <span class='ocrx_word' id='word_1_135' title='bbox 1078 485 1112 506; x_wconf 87' lang='lat' dir='ltr'>ex</span> <span class='ocrx_word' id='word_1_136' title='bbox 1129 476 1185 507; x_wconf 87' lang='lat' dir='ltr'>hoc</span> <span class='ocrx_word' id='word_1_137' title='bbox 1198 476 1361 507; x_wconf 87' lang='lat' dir='ltr'>Ecclesiam</span> <span class='ocrx_word' id='word_1_138' title='bbox 1387 475 1464 506; x_wconf 90' lang='lat' dir='ltr'>Dicit</span> <span class='ocrx_word' id='word_1_139' title='bbox 1475 476 1553 506; x_wconf 90' lang='lat' dir='ltr'>enim</span> <span class='ocrx_word' id='word_1_140' title='bbox 1565 474 1595 505; x_wconf 90' lang='lat' dir='ltr'>in</span> <span class='ocrx_word' id='word_1_141' title='bbox 1613 473 1795 513; x_wconf 80' lang='lat' dir='ltr'>sexagesimo</span> 
     </span>
    </p>
   </div>
   <div class='ocr_carea' id='block_1_23' title="bbox 971 518 1794 560">
    <p class='ocr_par' dir='ltr' id='par_1_23' title="bbox 971 518 1794 560">
     <span class='ocr_line' id='line_1_23' title="bbox 971 518 1794 560; baseline -0.001 -11"><span class='ocrx_word' id='word_1_142' title='bbox 971 524 1075 558; x_wconf 82' lang='lat' dir='ltr'>quarto</span> <span class='ocrx_word' id='word_1_143' title='bbox 1090 530 1215 552; x_wconf 88' lang='lat' dir='ltr'>canone.</span> <span class='ocrx_word' id='word_1_144' title='bbox 1232 533 1244 548; x_wconf 79' lang='grc' dir='ltr'><em>ει</em></span> <span class='ocrx_word' id='word_1_145' title='bbox 1277 520 1306 551; x_wconf 92' lang='lat' dir='ltr'>Si</span> <span class='ocrx_word' id='word_1_146' title='bbox 1324 520 1389 560; x_wconf 87' lang='lat' dir='ltr'>quis</span> <span class='ocrx_word' id='word_1_147' title='bbox 1406 520 1542 550; x_wconf 88' lang='lat' dir='ltr'>inventus</span> <span class='ocrx_word' id='word_1_148' title='bbox 1558 519 1645 549; x_wconf 83' lang='lat' dir='ltr'>fuerit</span> <span class='ocrx_word' id='word_1_149' title='bbox 1660 518 1794 549; x_wconf 93' lang='lat' dir='ltr'>Domini-</span> 
     </span>
    </p>
   </div>
   <div class='ocr_carea' id='block_1_24' title="bbox 971 564 1795 605">
    <p class='ocr_par' dir='ltr' id='par_1_24' title="bbox 971 564 1795 605">
     <span class='ocr_line' id='line_1_24' title="bbox 971 564 1795 605; baseline -0.002 -11"><span class='ocrx_word' id='word_1_150' title='bbox 971 573 1038 594; x_wconf 89' lang='lat' dir='ltr'>cum</span> <span class='ocrx_word' id='word_1_151' title='bbox 1056 564 1135 595; x_wconf 89' lang='lat' dir='ltr'>diem</span> <span class='ocrx_word' id='word_1_152' title='bbox 1147 565 1298 605; x_wconf 88' lang='lat' dir='ltr'>jejunare,</span> <span class='ocrx_word' id='word_1_153' title='bbox 1318 569 1370 596; x_wconf 89' lang='lat' dir='ltr'>aut</span> <span class='ocrx_word' id='word_1_154' title='bbox 1387 564 1560 601; x_wconf 89' lang='lat' dir='ltr'>Sabbatum,</span> <span class='ocrx_word' id='word_1_155' title='bbox 1583 567 1690 604; x_wconf 62' lang='lat' dir='ltr'>printer</span> <span class='ocrx_word' id='word_1_156' title='bbox 1704 572 1795 593; x_wconf 90' lang='lat' dir='ltr'>unum</span> 
     </span>
    </p>
   </div>
   <div class='ocr_carea' id='block_1_25' title="bbox 970 608 1793 650">
    <p class='ocr_par' dir='ltr' id='par_1_25' title="bbox 970 608 1793 650">
     <span class='ocr_line' id='line_1_25' title="bbox 970 608 1793 650; baseline -0.001 -12"><span class='ocrx_word' id='word_1_157' title='bbox 970 608 1078 646; x_wconf 83' lang='lat' dir='ltr'>solum,</span> <span class='ocrx_word' id='word_1_158' title='bbox 1095 610 1284 650; x_wconf 86' lang='lat' dir='ltr'>deponatur;</span> <span class='ocrx_word' id='word_1_159' title='bbox 1298 609 1322 640; x_wconf 84' lang='lat' dir='ltr'>si</span> <span class='ocrx_word' id='word_1_160' title='bbox 1333 614 1431 640; x_wconf 72' lang='lat' dir='ltr'>autem</span> <span class='ocrx_word' id='word_1_161' title='bbox 1445 609 1547 644; x_wconf 84' lang='lat' dir='ltr'>laicus,</span> <span class='ocrx_word' id='word_1_162' title='bbox 1560 611 1763 648; x_wconf 86' lang='lat' dir='ltr'>sequestretur</span> <span class='ocrx_word' id='word_1_163' title='bbox 1780 620 1793 634; x_wconf 81' lang='lat'><strong><em>»</em></strong></span> 
     </span>
    </p>
   </div>
   <div class='ocr_carea' id='block_1_26' title="bbox 1010 653 1796 694">
    <p class='ocr_par' dir='ltr' id='par_1_26' title="bbox 1010 653 1796 694">
     <span class='ocr_line' id='line_1_26' title="bbox 1010 653 1796 694; baseline -0.003 -10"><span class='ocrx_word' id='word_1_164' title='bbox 1010 653 1071 684; x_wconf 86' lang='lat' dir='ltr'><strong>XII.</strong></span> <span class='ocrx_word' id='word_1_165' title='bbox 1083 654 1145 685; x_wconf 89' lang='lat' dir='ltr'>Hoc</span> <span class='ocrx_word' id='word_1_166' title='bbox 1156 658 1252 685; x_wconf 88' lang='lat' dir='ltr'>autem</span> <span class='ocrx_word' id='word_1_167' title='bbox 1265 657 1461 694; x_wconf 82' lang='lat' dir='ltr'>exsequentes</span> <span class='ocrx_word' id='word_1_168' title='bbox 1482 658 1511 684; x_wconf 91' lang='lat' dir='ltr'>et</span> <span class='ocrx_word' id='word_1_169' title='bbox 1532 653 1583 694; x_wconf 88' lang='lat' dir='ltr'>qui</span> <span class='ocrx_word' id='word_1_170' title='bbox 1599 655 1629 683; x_wconf 87' lang='lat' dir='ltr'>in</span> <span class='ocrx_word' id='word_1_171' title='bbox 1650 656 1732 683; x_wconf 85' lang='lat' dir='ltr'>sexta</span> <span class='ocrx_word' id='word_1_172' title='bbox 1747 661 1796 692; x_wconf 90' lang='lat' dir='ltr'>sy-</span> 
     </span>
    </p>
   </div>
   <div class='ocr_carea' id='block_1_27' title="bbox 968 654 1824 740">
    <p class='ocr_par' dir='ltr' id='par_1_27' title="bbox 968 654 1824 740">
     <span class='ocr_line' id='line_1_27' title="bbox 1010 654 1824 740; baseline -0.002 -56"><span class='ocrx_word' id='word_1_173' title='bbox 1010 654 1145 685; x_wconf 85' lang='lat' dir='ltr'>XII.Hoc</span> <span class='ocrx_word' id='word_1_174' title='bbox 1156 658 1252 685; x_wconf 88' lang='lat' dir='ltr'>autem</span> <span class='ocrx_word' id='word_1_175' title='bbox 1265 657 1461 694; x_wconf 82' lang='lat' dir='ltr'>exsequentes</span> <span class='ocrx_word' id='word_1_176' title='bbox 1482 658 1511 684; x_wconf 91' lang='lat' dir='ltr'>et</span> <span class='ocrx_word' id='word_1_177' title='bbox 1532 654 1583 694; x_wconf 89' lang='lat' dir='ltr'>qui</span> <span class='ocrx_word' id='word_1_178' title='bbox 1599 655 1629 683; x_wconf 87' lang='lat' dir='ltr'>in</span> <span class='ocrx_word' id='word_1_179' title='bbox 1650 656 1732 683; x_wconf 85' lang='lat' dir='ltr'>sexta</span> <span class='ocrx_word' id='word_1_180' title='bbox 1747 654 1824 740; x_wconf 82' lang='lat' dir='ltr'>sy-/</span> 
     </span>
     <span class='ocr_line' id='line_1_28' title="bbox 968 697 1796 738; baseline -0.002 -10"><span class='ocrx_word' id='word_1_181' title='bbox 968 698 1047 728; x_wconf 92' lang='lat' dir='ltr'>nodo</span> <span class='ocrx_word' id='word_1_182' title='bbox 1061 699 1176 736; x_wconf 84' lang='lat' dir='ltr'>Patres,</span> <span class='ocrx_word' id='word_1_183' title='bbox 1185 700 1396 730; x_wconf 88' lang='lat' dir='ltr'>convenienter</span> <span class='ocrx_word' id='word_1_184' title='bbox 1403 699 1471 729; x_wconf 89' lang='lat' dir='ltr'>huic</span> <span class='ocrx_word' id='word_1_185' title='bbox 1480 698 1522 730; x_wconf 90' lang='lat' dir='ltr'>sic</span> <span class='ocrx_word' id='word_1_186' title='bbox 1534 697 1720 738; x_wconf 84' lang='lat' dir='ltr'>promulgant</span> <span class='ocrx_word' id='word_1_187' title='bbox 1731 706 1796 727; x_wconf 92' lang='lat' dir='ltr'>san-</span> 
     </span>
    </p>
   </div>
   <div class='ocr_carea' id='block_1_28' title="bbox 968 741 1807 784">
    <p class='ocr_par' dir='ltr' id='par_1_28' title="bbox 968 741 1807 784">
     <span class='ocr_line' id='line_1_29' title="bbox 968 741 1807 784; baseline -0.001 -12"><span class='ocrx_word' id='word_1_188' title='bbox 968 745 1026 780; x_wconf 90' lang='lat' dir='ltr'>cte,</span> <span class='ocrx_word' id='word_1_189' title='bbox 1042 744 1221 783; x_wconf 68' lang='lat' dir='ltr'>praesidente</span> <span class='ocrx_word' id='word_1_190' title='bbox 1246 744 1361 784; x_wconf 75' lang='lat' dir='ltr'>synodo</span> <span class='ocrx_word' id='word_1_191' title='bbox 1376 743 1530 782; x_wconf 74' lang='lat' dir='ltr'>Agathone</span> <span class='ocrx_word' id='word_1_192' title='bbox 1546 752 1620 783; x_wconf 88' lang='lat' dir='ltr'>papa</span> <span class='ocrx_word' id='word_1_193' title='bbox 1635 742 1746 778; x_wconf 66' lang='lat' dir='ltr'>Romae,</span> <span class='ocrx_word' id='word_1_194' title='bbox 1767 741 1807 784; x_wconf 65' lang='lat' dir='ltr'>eti</span> 
     </span>
    </p>
   </div>
   <div class='ocr_carea' id='block_1_29' title="bbox 968 777 1804 828">
    <p class='ocr_par' dir='ltr' id='par_1_29' title="bbox 968 777 1804 828">
     <span class='ocr_line' id='line_1_30' title="bbox 968 777 1804 828; baseline 0.004 -12"><span class='ocrx_word' id='word_1_195' title='bbox 968 777 1106 827; x_wconf 80' lang='lat' dir='ltr'>Gregorio</span> <span class='ocrx_word' id='word_1_196' title='bbox 1114 798 1179 819; x_wconf 83' lang='lat' dir='ltr'><strong>CUIIt</strong></span> <span class='ocrx_word' id='word_1_197' title='bbox 1187 777 1487 828; x_wconf 46' lang='lat' dir='ltr'>eisAg&#39;rigcntinorum</span> <span class='ocrx_word' id='word_1_198' title='bbox 1495 777 1633 828; x_wconf 76' lang='lat' dir='ltr'>episcopo</span> <span class='ocrx_word' id='word_1_199' title='bbox 1642 777 1804 827; x_wconf 69' lang='lat' dir='ltr'>praesenteIi</span> 
     </span>
    </p>
   </div>
   <div class='ocr_carea' id='block_1_30' title="bbox 971 831 1794 874">
    <p class='ocr_par' dir='ltr' id='par_1_30' title="bbox 971 831 1794 874">
     <span class='ocr_line' id='line_1_31' title="bbox 971 831 1794 874; baseline -0.001 -12"><span class='ocrx_word' id='word_1_200' title='bbox 971 843 981 859; x_wconf 78' lang='grc' dir='ltr'>α</span> <span class='ocrx_word' id='word_1_201' title='bbox 995 831 1139 868; x_wconf 83' lang='lat' dir='ltr'>Quoniam</span> <span class='ocrx_word' id='word_1_202' title='bbox 1151 834 1272 874; x_wconf 89' lang='lat' dir='ltr'>quidem</span> <span class='ocrx_word' id='word_1_203' title='bbox 1280 833 1422 864; x_wconf 90' lang='lat' dir='ltr'>discimus</span> <span class='ocrx_word' id='word_1_204' title='bbox 1433 842 1483 863; x_wconf 91' lang='lat' dir='ltr'>eos</span> <span class='ocrx_word' id='word_1_205' title='bbox 1492 832 1585 873; x_wconf 81' lang='lat' dir='ltr'>quiin</span> <span class='ocrx_word' id='word_1_206' title='bbox 1594 833 1794 862; x_wconf 75' lang='lat' dir='ltr'>Romanorum</span> 
     </span>
    </p>
   </div>
   <div class='ocr_carea' id='block_1_31' title="bbox 103 874 1793 917">
    <p class='ocr_par' dir='ltr' id='par_1_31' title="bbox 103 874 1793 917">
     <span class='ocr_line' id='line_1_32' title="bbox 103 874 1793 917; baseline -0.001 -11"><span class='ocrx_word' id='word_1_207' title='bbox 103 876 298 917; x_wconf 84' lang='lat' dir='ltr'>imperatore,</span> <span class='ocrx_word' id='word_1_208' title='bbox 317 881 346 908; x_wconf 90' lang='lat' dir='ltr'>et</span> <span class='ocrx_word' id='word_1_209' title='bbox 360 877 477 908; x_wconf 89' lang='lat' dir='ltr'>divinus</span> <span class='ocrx_word' id='word_1_210' title='bbox 492 878 648 917; x_wconf 85' lang='lat' dir='ltr'>Cregorius</span> <span class='ocrx_word' id='word_1_211' title='bbox 662 877 927 917; x_wconf 79' lang='lat' dir='ltr'>Acragantinorum</span> <span class='ocrx_word' id='word_1_212' title='bbox 940 879 958 903; x_wconf 86' lang='grc' dir='ltr'>Β</span> <span class='ocrx_word' id='word_1_213' title='bbox 970 876 1043 907; x_wconf 89' lang='lat' dir='ltr'>urbe</span> <span class='ocrx_word' id='word_1_214' title='bbox 1054 882 1131 915; x_wconf 87' lang='lat' dir='ltr'>sunt,</span> <span class='ocrx_word' id='word_1_215' title='bbox 1146 878 1175 909; x_wconf 89' lang='lat' dir='ltr'>in</span> <span class='ocrx_word' id='word_1_216' title='bbox 1186 882 1296 909; x_wconf 65' lang='lat' dir='ltr'>sancta)</span> <span class='ocrx_word' id='word_1_217' title='bbox 1307 876 1677 917; x_wconf 72' lang='lat' dir='ltr'>Quadragesimwjejuniis</span> <span class='ocrx_word' id='word_1_218' title='bbox 1689 874 1793 906; x_wconf 87' lang='lat' dir='ltr'>eadem</span> 
     </span>
    </p>
   </div>
   <div class='ocr_carea' id='block_1_32' title="bbox 103 921 927 962">
    <p class='ocr_par' dir='ltr' id='par_1_32' title="bbox 103 921 927 962">
     <span class='ocr_line' id='line_1_33' title="bbox 103 921 927 962; baseline 0.002 -11"><span class='ocrx_word' id='word_1_219' title='bbox 103 921 269 961; x_wconf 90' lang='lat' dir='ltr'>episcopus</span> <span class='ocrx_word' id='word_1_220' title='bbox 281 931 340 952; x_wconf 91' lang='lat' dir='ltr'>non</span> <span class='ocrx_word' id='word_1_221' title='bbox 352 921 540 960; x_wconf 90' lang='lat' dir='ltr'>abstinuere;</span> <span class='ocrx_word' id='word_1_222' title='bbox 552 932 631 960; x_wconf 91' lang='lat' dir='ltr'>cum,</span> <span class='ocrx_word' id='word_1_223' title='bbox 644 922 814 962; x_wconf 87' lang='lat' dir='ltr'>sicuthujus</span> <span class='ocrx_word' id='word_1_224' title='bbox 823 922 927 962; x_wconf 77' lang='lat' dir='ltr'>synodi</span> 
     </span>
    </p>
   </div>
   <div class='ocr_carea' id='block_1_33' title="bbox 100 965 928 1006">
    <p class='ocr_par' dir='ltr' id='par_1_33' title="bbox 100 965 928 1006">
     <span class='ocr_line' id='line_1_34' title="bbox 100 965 928 1006; baseline 0.002 -11"><span class='ocrx_word' id='word_1_225' title='bbox 100 965 193 996; x_wconf 88' lang='lat' dir='ltr'>divini</span> <span class='ocrx_word' id='word_1_226' title='bbox 202 967 312 1006; x_wconf 79' lang='lat' dir='ltr'>Patres,</span> <span class='ocrx_word' id='word_1_227' title='bbox 326 967 482 997; x_wconf 81' lang='lat' dir='ltr'>adversum</span> <span class='ocrx_word' id='word_1_228' title='bbox 493 976 594 1006; x_wconf 82' lang='lat' dir='ltr'>azyma</span> <span class='ocrx_word' id='word_1_229' title='bbox 603 967 697 1006; x_wconf 81' lang='lat' dir='ltr'>legem</span> <span class='ocrx_word' id='word_1_230' title='bbox 707 967 928 998; x_wconf 88' lang='lat' dir='ltr'>constituissent</span> 
     </span>
    </p>
   </div>
   <div class='ocr_carea' id='block_1_34' title="bbox 102 1011 927 1048">
    <p class='ocr_par' dir='ltr' id='par_1_34' title="bbox 102 1011 927 1048">
     <span class='ocr_line' id='line_1_35' title="bbox 102 1011 927 1048; baseline 0.002 -8"><span class='ocrx_word' id='word_1_231' title='bbox 102 1019 119 1040; x_wconf 90' lang='lat' dir='ltr'>a</span> <span class='ocrx_word' id='word_1_232' title='bbox 131 1011 251 1041; x_wconf 89' lang='lat' dir='ltr'>nemine</span> <span class='ocrx_word' id='word_1_233' title='bbox 265 1011 397 1042; x_wconf 90' lang='lat' dir='ltr'>ﬁdelium</span> <span class='ocrx_word' id='word_1_234' title='bbox 409 1012 465 1042; x_wconf 91' lang='lat' dir='ltr'>hoc</span> <span class='ocrx_word' id='word_1_235' title='bbox 479 1011 567 1042; x_wconf 85' lang='lat' dir='ltr'>ﬁeri?</span> <span class='ocrx_word' id='word_1_236' title='bbox 580 1013 622 1048; x_wconf 84' lang='lat' dir='ltr'>Et,</span> <span class='ocrx_word' id='word_1_237' title='bbox 635 1016 667 1041; x_wconf 89' lang='lat' dir='ltr'>ut</span> <span class='ocrx_word' id='word_1_238' title='bbox 679 1011 833 1042; x_wconf 89' lang='lat' dir='ltr'>ostendam</span> <span class='ocrx_word' id='word_1_239' title='bbox 845 1011 927 1042; x_wconf 90' lang='lat' dir='ltr'>vobis</span> 
     </span>
    </p>
   </div>
   <div class='ocr_carea' id='block_1_35' title="bbox 970 920 1792 962">
    <p class='ocr_par' dir='ltr' id='par_1_35' title="bbox 970 920 1792 962">
     <span class='ocr_line' id='line_1_36' title="bbox 970 920 1792 962; baseline -0.002 -10"><span class='ocrx_word' id='word_1_240' title='bbox 970 920 1242 962; x_wconf 87' lang='lat' dir='ltr'>Sabbatajejunare</span> <span class='ocrx_word' id='word_1_241' title='bbox 1254 928 1338 954; x_wconf 85' lang='lat' dir='ltr'>extra</span> <span class='ocrx_word' id='word_1_242' title='bbox 1349 922 1486 953; x_wconf 80' lang='lat' dir='ltr'>traditam</span> <span class='ocrx_word' id='word_1_243' title='bbox 1495 921 1551 952; x_wconf 88' lang='lat' dir='ltr'>sibi</span> <span class='ocrx_word' id='word_1_244' title='bbox 1560 920 1792 952; x_wconf 86' lang='lat' dir='ltr'>ecclesiasticam</span> 
     </span>
    </p>
   </div>
   <div class='ocr_carea' id='block_1_36' title="bbox 969 965 1794 1008">
    <p class='ocr_par' dir='ltr' id='par_1_36' title="bbox 969 965 1794 1008">
     <span class='ocr_line' id='line_1_37' title="bbox 969 965 1794 1008; baseline 0 -13"><span class='ocrx_word' id='word_1_245' title='bbox 969 967 1213 1006; x_wconf 88' lang='lat' dir='ltr'>consequentiam</span> <span class='ocrx_word' id='word_1_246' title='bbox 1230 976 1237 998; x_wconf 93' lang='lat'>:</span> <span class='ocrx_word' id='word_1_247' title='bbox 1255 967 1364 1008; x_wconf 85' lang='lat' dir='ltr'>placuit</span> <span class='ocrx_word' id='word_1_248' title='bbox 1379 971 1489 997; x_wconf 79' lang='lat' dir='ltr'>sanctae</span> <span class='ocrx_word' id='word_1_249' title='bbox 1505 966 1617 1006; x_wconf 82' lang='lat' dir='ltr'>synodo</span> <span class='ocrx_word' id='word_1_250' title='bbox 1634 965 1794 996; x_wconf 88' lang='lat' dir='ltr'>observare</span> 
     </span>
    </p>
   </div>
   <div class='ocr_carea' id='block_1_37' title="bbox 969 1009 1793 1043">
    <p class='ocr_par' dir='ltr' id='par_1_37' title="bbox 969 1009 1793 1043">
     <span class='ocr_line' id='line_1_38' title="bbox 969 1009 1793 1043; baseline -0.001 -3"><span class='ocrx_word' id='word_1_251' title='bbox 969 1011 1170 1042; x_wconf 80' lang='lat' dir='ltr'>Romanorum</span> <span class='ocrx_word' id='word_1_252' title='bbox 1178 1012 1341 1043; x_wconf 85' lang='lat' dir='ltr'>Ecclesiam</span> <span class='ocrx_word' id='word_1_253' title='bbox 1348 1011 1531 1042; x_wconf 90' lang='lat' dir='ltr'>immobilem</span> <span class='ocrx_word' id='word_1_254' title='bbox 1539 1019 1685 1041; x_wconf 86' lang='lat' dir='ltr'>canonem</span> <span class='ocrx_word' id='word_1_255' title='bbox 1693 1009 1793 1040; x_wconf 90' lang='lat' dir='ltr'>dicen-</span> 
     </span>
    </p>
   </div>
   <div class='ocr_carea' id='block_1_38' title="bbox 102 1054 1793 1096">
    <p class='ocr_par' dir='ltr' id='par_1_38' title="bbox 102 1054 1793 1096">
     <span class='ocr_line' id='line_1_39' title="bbox 102 1054 1793 1096; baseline 0.001 -12"><span class='ocrx_word' id='word_1_256' title='bbox 102 1054 210 1085; x_wconf 82' lang='lat' dir='ltr'>liorum</span> <span class='ocrx_word' id='word_1_257' title='bbox 225 1055 443 1095; x_wconf 81' lang='lat' dir='ltr'>legislationem</span> <span class='ocrx_word' id='word_1_258' title='bbox 460 1060 562 1087; x_wconf 87' lang='lat' dir='ltr'>contra</span> <span class='ocrx_word' id='word_1_259' title='bbox 576 1065 685 1096; x_wconf 86' lang='lat' dir='ltr'>azyma,</span> <span class='ocrx_word' id='word_1_260' title='bbox 703 1057 810 1096; x_wconf 88' lang='lat' dir='ltr'>adjicio</span> <span class='ocrx_word' id='word_1_261' title='bbox 820 1055 927 1087; x_wconf 90' lang='lat' dir='ltr'>rationi</span> <span class='ocrx_word' id='word_1_262' title='bbox 970 1058 1045 1086; x_wconf 87' lang='lat' dir='ltr'>tem:</span> <span class='ocrx_word' id='word_1_263' title='bbox 1059 1056 1089 1086; x_wconf 89' lang='lat' dir='ltr'>Si</span> <span class='ocrx_word' id='word_1_264' title='bbox 1101 1056 1167 1096; x_wconf 87' lang='lat' dir='ltr'>quis</span> <span class='ocrx_word' id='word_1_265' title='bbox 1188 1056 1315 1087; x_wconf 88' lang='lat' dir='ltr'>clericus</span> <span class='ocrx_word' id='word_1_266' title='bbox 1333 1056 1422 1087; x_wconf 83' lang='lat' dir='ltr'>fuerit</span> <span class='ocrx_word' id='word_1_267' title='bbox 1443 1055 1590 1093; x_wconf 85' lang='lat' dir='ltr'>inventus,</span> <span class='ocrx_word' id='word_1_268' title='bbox 1613 1068 1624 1083; x_wconf 78' lang='grc' dir='ltr'><strong>υ</strong></span> <span class='ocrx_word' id='word_1_269' title='bbox 1642 1059 1671 1086; x_wconf 91' lang='lat' dir='ltr'>ct</span> <span class='ocrx_word' id='word_1_270' title='bbox 1686 1058 1793 1085; x_wconf 67' lang='lat' dir='ltr'>caetera</span> 
     </span>
    </p>
   </div>
   <div class='ocr_carea' id='block_1_39' title="bbox 101 1100 1792 1142">
    <p class='ocr_par' dir='ltr' id='par_1_39' title="bbox 101 1100 1792 1142">
     <span class='ocr_line' id='line_1_40' title="bbox 101 1100 1792 1142; baseline 0.001 -13"><span class='ocrx_word' id='word_1_271' title='bbox 101 1100 421 1141; x_wconf 89' lang='lat' dir='ltr'>etcanonemipsorum</span> <span class='ocrx_word' id='word_1_272' title='bbox 429 1101 471 1132; x_wconf 91' lang='lat' dir='ltr'>sic</span> <span class='ocrx_word' id='word_1_273' title='bbox 479 1101 928 1142; x_wconf 89' lang='lat' dir='ltr'>habenteminnndecimocapi-</span> <span class='ocrx_word' id='word_1_274' title='bbox 969 1109 1034 1140; x_wconf 68' lang='lat' dir='ltr'>qna:</span> <span class='ocrx_word' id='word_1_275' title='bbox 1045 1100 1153 1132; x_wconf 91' lang='lat' dir='ltr'>deinde</span> <span class='ocrx_word' id='word_1_276' title='bbox 1164 1101 1277 1132; x_wconf 90' lang='lat' dir='ltr'>scribit.</span> <span class='ocrx_word' id='word_1_277' title='bbox 1292 1102 1359 1132; x_wconf 72' lang='lat' dir='ltr'>Ilazc</span> <span class='ocrx_word' id='word_1_278' title='bbox 1369 1101 1467 1140; x_wconf 80' lang='lat' dir='ltr'>igitur,</span> <span class='ocrx_word' id='word_1_279' title='bbox 1476 1100 1552 1132; x_wconf 88' lang='lat' dir='ltr'>sicut</span> <span class='ocrx_word' id='word_1_280' title='bbox 1567 1100 1699 1135; x_wconf 89' lang='lat' dir='ltr'>cernitis,</span> <span class='ocrx_word' id='word_1_281' title='bbox 1716 1109 1792 1140; x_wconf 89' lang='lat' dir='ltr'>apo-</span> 
     </span>
    </p>
   </div>
   <div class='ocr_carea' id='block_1_40' title="bbox 101 1144 1792 1184">
    <p class='ocr_par' dir='ltr' id='par_1_40' title="bbox 101 1144 1792 1184">
     <span class='ocr_line' id='line_1_41' title="bbox 101 1144 1792 1184; baseline 0 -10"><span class='ocrx_word' id='word_1_282' title='bbox 101 1144 163 1174; x_wconf 89' lang='lat' dir='ltr'>tulo</span> <span class='ocrx_word' id='word_1_283' title='bbox 177 1153 183 1174; x_wconf 92' lang='lat'>:</span> <span class='ocrx_word' id='word_1_284' title='bbox 202 1156 215 1172; x_wconf 77' lang='grc' dir='ltr'><strong><em>α</em></strong></span> <span class='ocrx_word' id='word_1_285' title='bbox 233 1144 326 1175; x_wconf 88' lang='lat' dir='ltr'>Nemo</span> <span class='ocrx_word' id='word_1_286' title='bbox 338 1145 368 1175; x_wconf 92' lang='lat' dir='ltr'>in</span> <span class='ocrx_word' id='word_1_287' title='bbox 379 1145 556 1176; x_wconf 86' lang='lat' dir='ltr'>sacerdotali</span> <span class='ocrx_word' id='word_1_288' title='bbox 568 1147 744 1177; x_wconf 88' lang='lat' dir='ltr'>constitutus</span> <span class='ocrx_word' id='word_1_289' title='bbox 755 1146 928 1184; x_wconf 85' lang='lat' dir='ltr'>ordine,aut</span> <span class='ocrx_word' id='word_1_290' title='bbox 970 1144 1082 1175; x_wconf 90' lang='lat' dir='ltr'>stolicis</span> <span class='ocrx_word' id='word_1_291' title='bbox 1090 1145 1352 1177; x_wconf 89' lang='lat' dir='ltr'>constitutionibus</span> <span class='ocrx_word' id='word_1_292' title='bbox 1360 1145 1544 1176; x_wconf 89' lang='lat' dir='ltr'>etcanonicis</span> <span class='ocrx_word' id='word_1_293' title='bbox 1553 1144 1792 1175; x_wconf 83' lang='lat' dir='ltr'>fideliumEccle-</span> 
     </span>
    </p>
   </div>
   <div class='ocr_carea' id='block_1_41' title="bbox 101 1187 1790 1232">
    <p class='ocr_par' dir='ltr' id='par_1_41' title="bbox 101 1187 1790 1232">
     <span class='ocr_line' id='line_1_42' title="bbox 101 1187 1790 1232; baseline 0.001 -14"><span class='ocrx_word' id='word_1_294' title='bbox 101 1187 206 1228; x_wconf 85' lang='lat' dir='ltr'>laicus,</span> <span class='ocrx_word' id='word_1_295' title='bbox 226 1198 261 1220; x_wconf 90' lang='lat' dir='ltr'>ea</span> <span class='ocrx_word' id='word_1_296' title='bbox 276 1199 342 1229; x_wconf 67' lang='lat' dir='ltr'>quae</span> <span class='ocrx_word' id='word_1_297' title='bbox 355 1189 433 1230; x_wconf 87' lang='lat' dir='ltr'>apud</span> <span class='ocrx_word' id='word_1_298' title='bbox 449 1190 566 1221; x_wconf 78' lang='lat' dir='ltr'>Iudaeos</span> <span class='ocrx_word' id='word_1_299' title='bbox 582 1195 650 1221; x_wconf 90' lang='lat' dir='ltr'>sunt</span> <span class='ocrx_word' id='word_1_300' title='bbox 664 1200 764 1232; x_wconf 89' lang='lat' dir='ltr'>azyma</span> <span class='ocrx_word' id='word_1_301' title='bbox 779 1190 925 1227; x_wconf 81' lang='lat' dir='ltr'>comedat,</span> <span class='ocrx_word' id='word_1_302' title='bbox 969 1189 1042 1220; x_wconf 87' lang='lat' dir='ltr'>siam</span> <span class='ocrx_word' id='word_1_303' title='bbox 1055 1189 1124 1230; x_wconf 84' lang='lat' dir='ltr'>ligat</span> <span class='ocrx_word' id='word_1_304' title='bbox 1134 1199 1200 1221; x_wconf 88' lang='lat' dir='ltr'>cum</span> <span class='ocrx_word' id='word_1_305' title='bbox 1212 1199 1288 1230; x_wconf 88' lang='lat' dir='ltr'>papa</span> <span class='ocrx_word' id='word_1_306' title='bbox 1300 1190 1568 1229; x_wconf 66' lang='lat' dir='ltr'>RomaaAgathone.</span> <span class='ocrx_word' id='word_1_307' title='bbox 1580 1191 1638 1220; x_wconf 83' lang='lat' dir='ltr'>Vos</span> <span class='ocrx_word' id='word_1_308' title='bbox 1650 1188 1790 1219; x_wconf 90' lang='lat' dir='ltr'>undeali-</span> 
     </span>
    </p>
   </div>
   <div class='ocr_carea' id='block_1_42' title="bbox 100 1233 1791 1275">
    <p class='ocr_par' dir='ltr' id='par_1_42' title="bbox 100 1233 1791 1275">
     <span class='ocr_line' id='line_1_43' title="bbox 100 1233 1791 1275; baseline 0 -12"><span class='ocrx_word' id='word_1_309' title='bbox 100 1236 225 1263; x_wconf 89' lang='lat' dir='ltr'>autcum</span> <span class='ocrx_word' id='word_1_310' title='bbox 241 1234 284 1264; x_wconf 89' lang='lat' dir='ltr'>eis</span> <span class='ocrx_word' id='word_1_311' title='bbox 295 1234 457 1275; x_wconf 85' lang='lat' dir='ltr'>cohabitet,</span> <span class='ocrx_word' id='word_1_312' title='bbox 472 1238 522 1266; x_wconf 86' lang='lat' dir='ltr'>aut</span> <span class='ocrx_word' id='word_1_313' title='bbox 537 1235 567 1265; x_wconf 93' lang='lat' dir='ltr'>in</span> <span class='ocrx_word' id='word_1_314' title='bbox 580 1235 802 1266; x_wconf 81' lang='lat' dir='ltr'>infirmitatibus</span> <span class='ocrx_word' id='word_1_315' title='bbox 812 1235 925 1272; x_wconf 90' lang='lat' dir='ltr'>invitet,</span> <span class='ocrx_word' id='word_1_316' title='bbox 969 1236 1014 1264; x_wconf 84' lang='lat' dir='ltr'>ter</span> <span class='ocrx_word' id='word_1_317' title='bbox 1023 1235 1296 1275; x_wconf 79' lang='lat' dir='ltr'>eteanojejunare</span> <span class='ocrx_word' id='word_1_318' title='bbox 1307 1234 1434 1266; x_wconf 89' lang='lat' dir='ltr'>Sabbata</span> <span class='ocrx_word' id='word_1_319' title='bbox 1443 1234 1613 1274; x_wconf 85' lang='lat' dir='ltr'>accepistis?</span> <span class='ocrx_word' id='word_1_320' title='bbox 1624 1233 1791 1270; x_wconf 88' lang='lat' dir='ltr'>Quinetiam</span> 
     </span>
    </p>
   </div>
   <div class='ocr_carea' id='block_1_43' title="bbox 98 1277 1792 1320">
    <p class='ocr_par' dir='ltr' id='par_1_43' title="bbox 98 1277 1792 1320">
     <span class='ocr_line' id='line_1_44' title="bbox 98 1277 1792 1320; baseline -0.002 -9"><span class='ocrx_word' id='word_1_321' title='bbox 98 1281 149 1308; x_wconf 80' lang='lat' dir='ltr'>aut</span> <span class='ocrx_word' id='word_1_322' title='bbox 164 1278 342 1309; x_wconf 86' lang='lat' dir='ltr'>medicinam</span> <span class='ocrx_word' id='word_1_323' title='bbox 358 1279 394 1310; x_wconf 89' lang='lat' dir='ltr'>ab</span> <span class='ocrx_word' id='word_1_324' title='bbox 412 1280 454 1310; x_wconf 88' lang='lat' dir='ltr'>eis</span> <span class='ocrx_word' id='word_1_325' title='bbox 471 1279 606 1320; x_wconf 82' lang='lat' dir='ltr'>accipiat,</span> <span class='ocrx_word' id='word_1_326' title='bbox 624 1281 669 1311; x_wconf 86' lang='lat' dir='ltr'>vel</span> <span class='ocrx_word' id='word_1_327' title='bbox 686 1281 716 1311; x_wconf 92' lang='lat' dir='ltr'>in</span> <span class='ocrx_word' id='word_1_328' title='bbox 733 1280 846 1311; x_wconf 85' lang='lat' dir='ltr'>balneis</span> <span class='ocrx_word' id='word_1_329' title='bbox 859 1289 926 1310; x_wconf 95' lang='lat' dir='ltr'>cum</span> <span class='ocrx_word' id='word_1_330' title='bbox 969 1277 1148 1309; x_wconf 86' lang='lat' dir='ltr'>oblationem</span> <span class='ocrx_word' id='word_1_331' title='bbox 1158 1280 1297 1319; x_wconf 83' lang='lat' dir='ltr'>perfectae</span> <span class='ocrx_word' id='word_1_332' title='bbox 1309 1279 1406 1310; x_wconf 77' lang='lat' dir='ltr'>missae</span> <span class='ocrx_word' id='word_1_333' title='bbox 1418 1288 1471 1319; x_wconf 92' lang='lat' dir='ltr'>per</span> <span class='ocrx_word' id='word_1_334' title='bbox 1481 1288 1598 1310; x_wconf 91' lang='lat' dir='ltr'>omnem</span> <span class='ocrx_word' id='word_1_335' title='bbox 1607 1279 1685 1310; x_wconf 88' lang='lat' dir='ltr'>diem</span> <span class='ocrx_word' id='word_1_336' title='bbox 1696 1278 1792 1308; x_wconf 87' lang='lat' dir='ltr'>facere</span> 
     </span>
    </p>
   </div>
   <div class='ocr_carea' id='block_1_44' title="bbox 100 1322 1794 1364">
    <p class='ocr_par' dir='ltr' id='par_1_44' title="bbox 100 1322 1794 1364">
     <span class='ocr_line' id='line_1_45' title="bbox 100 1322 1794 1364; baseline 0 -12"><span class='ocrx_word' id='word_1_337' title='bbox 100 1322 144 1352; x_wconf 93' lang='lat' dir='ltr'>eis</span> <span class='ocrx_word' id='word_1_338' title='bbox 161 1323 282 1353; x_wconf 87' lang='lat' dir='ltr'>lavetur.</span> <span class='ocrx_word' id='word_1_339' title='bbox 294 1322 324 1354; x_wconf 90' lang='lat' dir='ltr'>Si</span> <span class='ocrx_word' id='word_1_340' title='bbox 337 1323 403 1364; x_wconf 88' lang='lat' dir='ltr'>quis</span> <span class='ocrx_word' id='word_1_341' title='bbox 417 1325 472 1355; x_wconf 88' lang='lat' dir='ltr'>hoc</span> <span class='ocrx_word' id='word_1_342' title='bbox 485 1333 572 1362; x_wconf 79' lang='lat' dir='ltr'>agere</span> <span class='ocrx_word' id='word_1_343' title='bbox 588 1324 759 1362; x_wconf 86' lang='lat' dir='ltr'>initiaverit,</span> <span class='ocrx_word' id='word_1_344' title='bbox 777 1324 925 1364; x_wconf 90' lang='lat' dir='ltr'>siquidem</span> <span class='ocrx_word' id='word_1_345' title='bbox 968 1322 999 1352; x_wconf 90' lang='lat' dir='ltr'>in</span> <span class='ocrx_word' id='word_1_346' title='bbox 1007 1323 1609 1364; x_wconf 85' lang='lat' dir='ltr'>sacrisdiebusjejuniorum,siveSabbato</span> <span class='ocrx_word' id='word_1_347' title='bbox 1619 1323 1679 1354; x_wconf 92' lang='lat' dir='ltr'>sive</span> <span class='ocrx_word' id='word_1_348' title='bbox 1690 1322 1794 1354; x_wconf 91' lang='lat' dir='ltr'>Domi-</span> 
     </span>
    </p>
   </div>
   <div class='ocr_carea' id='block_1_45' title="bbox 99 1366 1790 1409">
    <p class='ocr_par' dir='ltr' id='par_1_45' title="bbox 99 1366 1790 1409">
     <span class='ocr_line' id='line_1_46' title="bbox 99 1366 1790 1409; baseline 0 -12"><span class='ocrx_word' id='word_1_349' title='bbox 99 1367 227 1398; x_wconf 89' lang='lat' dir='ltr'>clericus</span> <span class='ocrx_word' id='word_1_350' title='bbox 238 1367 336 1408; x_wconf 86' lang='lat' dir='ltr'>fuerit,</span> <span class='ocrx_word' id='word_1_351' title='bbox 348 1368 512 1408; x_wconf 87' lang='lat' dir='ltr'>deponatur</span> <span class='ocrx_word' id='word_1_352' title='bbox 524 1378 532 1405; x_wconf 86' lang='lat'><strong>;</strong></span> <span class='ocrx_word' id='word_1_353' title='bbox 544 1369 568 1399; x_wconf 91' lang='lat' dir='ltr'>si</span> <span class='ocrx_word' id='word_1_354' title='bbox 581 1374 677 1400; x_wconf 89' lang='lat' dir='ltr'>autem</span> <span class='ocrx_word' id='word_1_355' title='bbox 695 1369 799 1407; x_wconf 85' lang='lat' dir='ltr'>laicus,</span> <span class='ocrx_word' id='word_1_356' title='bbox 813 1379 922 1409; x_wconf 87' lang='lat' dir='ltr'>seque-</span> <span class='ocrx_word' id='word_1_357' title='bbox 964 1366 1185 1398; x_wconf 80' lang='lat' dir='ltr'>nicodiezunde</span> <span class='ocrx_word' id='word_1_358' title='bbox 1195 1368 1399 1399; x_wconf 82' lang='lat' dir='ltr'>assuevistis?a</span> <span class='ocrx_word' id='word_1_359' title='bbox 1410 1377 1467 1408; x_wconf 92' lang='lat' dir='ltr'>quo</span> <span class='ocrx_word' id='word_1_360' title='bbox 1480 1366 1790 1408; x_wconf 74' lang='lat' dir='ltr'>doctoreaccepislis?</span> 
     </span>
    </p>
   </div>
   <div class='ocr_carea' id='block_1_46' title="bbox 99 1411 1792 1453">
    <p class='ocr_par' dir='ltr' id='par_1_46' title="bbox 99 1411 1792 1453">
     <span class='ocr_line' id='line_1_47' title="bbox 99 1411 1792 1453; baseline 0.002 -12"><span class='ocrx_word' id='word_1_361' title='bbox 99 1414 219 1443; x_wconf 90' lang='lat' dir='ltr'>stretnr.</span> <span class='ocrx_word' id='word_1_362' title='bbox 232 1422 246 1442; x_wconf 78' lang='grc'>»</span> <span class='ocrx_word' id='word_1_363' title='bbox 257 1412 451 1453; x_wconf 89' lang='lat' dir='ltr'>Quiazymum</span> <span class='ocrx_word' id='word_1_364' title='bbox 461 1414 579 1444; x_wconf 84' lang='lat' dir='ltr'>coniicit</span> <span class='ocrx_word' id='word_1_365' title='bbox 594 1418 622 1444; x_wconf 91' lang='lat' dir='ltr'>et</span> <span class='ocrx_word' id='word_1_366' title='bbox 637 1414 777 1451; x_wconf 86' lang='lat' dir='ltr'>comedit,</span> <span class='ocrx_word' id='word_1_367' title='bbox 793 1415 848 1445; x_wconf 85' lang='lat' dir='ltr'>etsi</span> <span class='ocrx_word' id='word_1_368' title='bbox 864 1423 922 1444; x_wconf 90' lang='lat' dir='ltr'>non</span> <span class='ocrx_word' id='word_1_369' title='bbox 965 1411 1006 1442; x_wconf 81' lang='lat' dir='ltr'>Ex</span> <span class='ocrx_word' id='word_1_370' title='bbox 1023 1413 1165 1453; x_wconf 87' lang='lat' dir='ltr'>apostolis</span> <span class='ocrx_word' id='word_1_371' title='bbox 1181 1413 1193 1443; x_wconf 69' lang='grc' dir='ltr'>Υ</span> <span class='ocrx_word' id='word_1_372' title='bbox 1218 1413 1399 1443; x_wconf 86' lang='lat' dir='ltr'>nullatenus.</span> <span class='ocrx_word' id='word_1_373' title='bbox 1427 1412 1564 1452; x_wconf 74' lang='lat' dir='ltr'>Apostoli</span> <span class='ocrx_word' id='word_1_374' title='bbox 1589 1413 1669 1443; x_wconf 89' lang='lat' dir='ltr'>enim</span> <span class='ocrx_word' id='word_1_375' title='bbox 1685 1422 1719 1444; x_wconf 90' lang='lat' dir='ltr'>ex</span> <span class='ocrx_word' id='word_1_376' title='bbox 1735 1413 1792 1443; x_wconf 85' lang='lat' dir='ltr'>hoc</span> 
     </span>
    </p>
   </div>
   <div class='ocr_carea' id='block_1_47' title="bbox 99 1457 1792 1498">
    <p class='ocr_par' dir='ltr' id='par_1_47' title="bbox 99 1457 1792 1498">
     <span class='ocr_line' id='line_1_48' title="bbox 99 1457 1792 1498; baseline 0.001 -12"><span class='ocrx_word' id='word_1_377' title='bbox 99 1457 251 1496; x_wconf 89' lang='lat' dir='ltr'>acceperit</span> <span class='ocrx_word' id='word_1_378' title='bbox 264 1457 320 1487; x_wconf 89' lang='lat' dir='ltr'>hoc</span> <span class='ocrx_word' id='word_1_379' title='bbox 336 1467 353 1487; x_wconf 89' lang='lat' dir='ltr'>a</span> <span class='ocrx_word' id='word_1_380' title='bbox 367 1457 488 1494; x_wconf 63' lang='lat' dir='ltr'>Judaeis,</span> <span class='ocrx_word' id='word_1_381' title='bbox 503 1458 697 1490; x_wconf 88' lang='lat' dir='ltr'>sedimitator</span> <span class='ocrx_word' id='word_1_382' title='bbox 705 1459 792 1489; x_wconf 73' lang='lat' dir='ltr'>fuerit</span> <span class='ocrx_word' id='word_1_383' title='bbox 807 1459 837 1489; x_wconf 92' lang='lat' dir='ltr'>in</span> <span class='ocrx_word' id='word_1_384' title='bbox 853 1459 920 1494; x_wconf 82' lang='lat' dir='ltr'>hoc,</span> <span class='ocrx_word' id='word_1_385' title='bbox 966 1466 1247 1497; x_wconf 89' lang='lat' dir='ltr'>posuerecanonem</span> <span class='ocrx_word' id='word_1_386' title='bbox 1255 1458 1296 1488; x_wconf 90' lang='lat' dir='ltr'>sic</span> <span class='ocrx_word' id='word_1_387' title='bbox 1310 1458 1493 1497; x_wconf 88' lang='lat' dir='ltr'>loquentem:</span> <span class='ocrx_word' id='word_1_388' title='bbox 1505 1457 1626 1497; x_wconf 80' lang='lat' dir='ltr'>«Siquis</span> <span class='ocrx_word' id='word_1_389' title='bbox 1635 1457 1792 1498; x_wconf 88' lang='lat' dir='ltr'>episcopus</span> 
     </span>
    </p>
   </div>
   <div class='ocr_carea' id='block_1_48' title="bbox 99 1500 1790 1544">
    <p class='ocr_par' dir='ltr' id='par_1_48' title="bbox 99 1500 1790 1544">
     <span class='ocr_line' id='line_1_49' title="bbox 99 1500 1790 1544; baseline 0.001 -13"><span class='ocrx_word' id='word_1_390' title='bbox 99 1500 415 1541; x_wconf 77' lang='lat' dir='ltr'>utJudzeusintelligit,</span> <span class='ocrx_word' id='word_1_391' title='bbox 427 1506 454 1533; x_wconf 91' lang='lat' dir='ltr'>et</span> <span class='ocrx_word' id='word_1_392' title='bbox 467 1503 653 1541; x_wconf 77' lang='lat' dir='ltr'>extralegem</span> <span class='ocrx_word' id='word_1_393' title='bbox 662 1503 922 1544; x_wconf 86' lang='lat' dir='ltr'>est,quemadmo-</span> <span class='ocrx_word' id='word_1_394' title='bbox 965 1505 1015 1532; x_wconf 88' lang='lat' dir='ltr'>aut</span> <span class='ocrx_word' id='word_1_395' title='bbox 1031 1501 1194 1543; x_wconf 86' lang='lat' dir='ltr'>presbyter,</span> <span class='ocrx_word' id='word_1_396' title='bbox 1211 1502 1256 1533; x_wconf 92' lang='lat' dir='ltr'>vel</span> <span class='ocrx_word' id='word_1_397' title='bbox 1277 1502 1422 1533; x_wconf 89' lang='lat' dir='ltr'>diaconus</span> <span class='ocrx_word' id='word_1_398' title='bbox 1437 1505 1485 1532; x_wconf 88' lang='lat' dir='ltr'>aut</span> <span class='ocrx_word' id='word_1_399' title='bbox 1500 1502 1594 1532; x_wconf 92' lang='lat' dir='ltr'>lector</span> <span class='ocrx_word' id='word_1_400' title='bbox 1611 1506 1661 1532; x_wconf 90' lang='lat' dir='ltr'>aut</span> <span class='ocrx_word' id='word_1_401' title='bbox 1677 1507 1790 1544; x_wconf 87' lang='lat' dir='ltr'>cantor,</span> 
     </span>
    </p>
   </div>
   <div class='ocr_carea' id='block_1_49' title="bbox 99 1544 1792 1588">
    <p class='ocr_par' dir='ltr' id='par_1_49' title="bbox 99 1544 1792 1588">
     <span class='ocr_line' id='line_1_50' title="bbox 99 1544 1792 1588; baseline 0.002 -13"><span class='ocrx_word' id='word_1_402' title='bbox 99 1544 168 1575; x_wconf 92' lang='lat' dir='ltr'>dum</span> <span class='ocrx_word' id='word_1_403' title='bbox 177 1546 464 1577; x_wconf 87' lang='lat' dir='ltr'>etsicircumciderit</span> <span class='ocrx_word' id='word_1_404' title='bbox 479 1547 544 1587; x_wconf 91' lang='lat' dir='ltr'>quis</span> <span class='ocrx_word' id='word_1_405' title='bbox 560 1547 703 1587; x_wconf 87' lang='lat' dir='ltr'>seipsum,</span> <span class='ocrx_word' id='word_1_406' title='bbox 716 1552 766 1578; x_wconf 88' lang='lat' dir='ltr'>aut</span> <span class='ocrx_word' id='word_1_407' title='bbox 781 1557 798 1579; x_wconf 94' lang='lat' dir='ltr'>a</span> <span class='ocrx_word' id='word_1_408' title='bbox 812 1547 923 1579; x_wconf 78' lang='lat' dir='ltr'>Judmis</span> <span class='ocrx_word' id='word_1_409' title='bbox 933 1579 951 1588; x_wconf 54' lang='grc' dir='ltr'>η</span> <span class='ocrx_word' id='word_1_410' title='bbox 965 1555 1027 1577; x_wconf 87' lang='lat' dir='ltr'>sam</span> <span class='ocrx_word' id='word_1_411' title='bbox 1038 1551 1097 1578; x_wconf 90' lang='lat' dir='ltr'>tam</span> <span class='ocrx_word' id='word_1_412' title='bbox 1105 1547 1353 1588; x_wconf 82' lang='lat' dir='ltr'>nonjejunaveiit</span> <span class='ocrx_word' id='word_1_413' title='bbox 1375 1546 1792 1586; x_wconf 79' lang='lat' dir='ltr'>Quadragesimamquartam-</span> 
     </span>
    </p>
   </div>
   <div class='ocr_carea' id='block_1_50' title="bbox 98 1579 1792 1632">
    <p class='ocr_par' dir='ltr' id='par_1_50' title="bbox 98 1579 1792 1632">
     <span class='ocr_line' id='line_1_51' title="bbox 98 1579 1792 1632; baseline 0.002 -13"><span class='ocrx_word' id='word_1_414' title='bbox 98 1589 332 1628; x_wconf 83' lang='lat' dir='ltr'>circumciditur,</span> <span class='ocrx_word' id='word_1_415' title='bbox 342 1591 428 1622; x_wconf 90' lang='lat' dir='ltr'>simul</span> <span class='ocrx_word' id='word_1_416' title='bbox 442 1579 505 1622; x_wconf 80' lang='lat' dir='ltr'>etin</span> <span class='ocrx_word' id='word_1_417' title='bbox 514 1579 637 1623; x_wconf 81' lang='lat' dir='ltr'>scientia</span> <span class='ocrx_word' id='word_1_418' title='bbox 647 1593 920 1632; x_wconf 78' lang='lat' dir='ltr'>estillis,canones-</span> <span class='ocrx_word' id='word_1_419' title='bbox 933 1579 951 1604; x_wconf 66' lang='grc' dir='ltr'>Ο</span> <span class='ocrx_word' id='word_1_420' title='bbox 964 1601 1021 1631; x_wconf 88' lang='lat' dir='ltr'>que</span> <span class='ocrx_word' id='word_1_421' title='bbox 1037 1596 1067 1622; x_wconf 90' lang='lat' dir='ltr'>et</span> <span class='ocrx_word' id='word_1_422' title='bbox 1082 1579 1193 1622; x_wconf 73' lang='lat' dir='ltr'>sextarii</span> <span class='ocrx_word' id='word_1_423' title='bbox 1202 1579 1332 1629; x_wconf 54' lang='lat' dir='ltr'>&#39;feriam,</span> <span class='ocrx_word' id='word_1_424' title='bbox 1355 1579 1530 1631; x_wconf 49' lang='lat' dir='ltr'>deponatuvr,</span> <span class='ocrx_word' id='word_1_425' title='bbox 1546 1591 1603 1622; x_wconf 88' lang='lat' dir='ltr'>nisi</span> <span class='ocrx_word' id='word_1_426' title='bbox 1619 1592 1792 1622; x_wconf 87' lang='lat' dir='ltr'>inﬁrmitate</span> 
     </span>
    </p>
   </div>
   <div class='ocr_carea' id='block_1_51' title="bbox 97 1635 1792 1677">
    <p class='ocr_par' dir='ltr' id='par_1_51' title="bbox 97 1635 1792 1677">
     <span class='ocr_line' id='line_1_52' title="bbox 97 1635 1792 1677; baseline 0.002 -13"><span class='ocrx_word' id='word_1_427' title='bbox 97 1643 155 1674; x_wconf 87' lang='lat' dir='ltr'>que</span> <span class='ocrx_word' id='word_1_428' title='bbox 167 1638 195 1665; x_wconf 86' lang='lat' dir='ltr'>et</span> <span class='ocrx_word' id='word_1_429' title='bbox 204 1635 338 1666; x_wconf 92' lang='lat' dir='ltr'>instituta</span> <span class='ocrx_word' id='word_1_430' title='bbox 351 1636 549 1676; x_wconf 86' lang='lat' dir='ltr'>apostolorum</span> <span class='ocrx_word' id='word_1_431' title='bbox 562 1641 789 1677; x_wconf 87' lang='lat' dir='ltr'>sanctorumque</span> <span class='ocrx_word' id='word_1_432' title='bbox 801 1637 919 1667; x_wconf 83' lang='lat' dir='ltr'>Patrum</span> <span class='ocrx_word' id='word_1_433' title='bbox 963 1636 1099 1676; x_wconf 84' lang='lat' dir='ltr'>corporis</span> <span class='ocrx_word' id='word_1_434' title='bbox 1109 1636 1525 1676; x_wconf 58' lang='lat' dir='ltr'>impediatur.ullinistrantes</span> <span class='ocrx_word' id='word_1_435' title='bbox 1535 1646 1605 1676; x_wconf 83' lang='lat' dir='ltr'>ergo</span> <span class='ocrx_word' id='word_1_436' title='bbox 1614 1641 1700 1677; x_wconf 90' lang='lat' dir='ltr'>atque</span> <span class='ocrx_word' id='word_1_437' title='bbox 1711 1646 1792 1667; x_wconf 91' lang='lat' dir='ltr'>com-</span> 
     </span>
    </p>
   </div>
   <div class='ocr_carea' id='block_1_52' title="bbox 99 1680 1791 1719">
    <p class='ocr_par' dir='ltr' id='par_1_52' title="bbox 99 1680 1791 1719">
     <span class='ocr_line' id='line_1_53' title="bbox 99 1680 1791 1719; baseline 0.002 -10"><span class='ocrx_word' id='word_1_438' title='bbox 99 1680 334 1718; x_wconf 80' lang='lat' dir='ltr'>transgrediens,</span> <span class='ocrx_word' id='word_1_439' title='bbox 353 1685 382 1711; x_wconf 85' lang='lat' dir='ltr'>et</span> <span class='ocrx_word' id='word_1_440' title='bbox 397 1681 480 1711; x_wconf 89' lang='lat' dir='ltr'>irrita</span> <span class='ocrx_word' id='word_1_441' title='bbox 495 1682 594 1712; x_wconf 90' lang='lat' dir='ltr'>omnia</span> <span class='ocrx_word' id='word_1_442' title='bbox 603 1682 681 1719; x_wconf 87' lang='lat' dir='ltr'>facit,</span> <span class='ocrx_word' id='word_1_443' title='bbox 692 1686 723 1712; x_wconf 93' lang='lat' dir='ltr'>ut</span> <span class='ocrx_word' id='word_1_444' title='bbox 735 1682 808 1712; x_wconf 88' lang='lat' dir='ltr'>ratio</span> <span class='ocrx_word' id='word_1_445' title='bbox 821 1687 920 1713; x_wconf 84' lang='lat' dir='ltr'>nostra</span> <span class='ocrx_word' id='word_1_446' title='bbox 962 1681 1078 1719; x_wconf 75' lang='lat' dir='ltr'>pientes</span> <span class='ocrx_word' id='word_1_447' title='bbox 1090 1681 1339 1712; x_wconf 89' lang='lat' dir='ltr'>ministrationem</span> <span class='ocrx_word' id='word_1_448' title='bbox 1354 1686 1463 1712; x_wconf 66' lang='lat' dir='ltr'>sanctae</span> <span class='ocrx_word' id='word_1_449' title='bbox 1473 1682 1663 1712; x_wconf 74' lang='lat' dir='ltr'>inissaesecus</span> <span class='ocrx_word' id='word_1_450' title='bbox 1674 1682 1791 1712; x_wconf 89' lang='lat' dir='ltr'>tertiam</span> 
     </span>
    </p>
   </div>
   <div class='ocr_carea' id='block_1_53' title="bbox 98 1723 1790 1767">
    <p class='ocr_par' dir='ltr' id='par_1_53' title="bbox 98 1723 1790 1767">
     <span class='ocr_line' id='line_1_54' title="bbox 98 1723 1790 1767; baseline 0.002 -13"><span class='ocrx_word' id='word_1_451' title='bbox 98 1723 320 1760; x_wconf 84' lang='lat' dir='ltr'>demonstravit,</span> <span class='ocrx_word' id='word_1_452' title='bbox 334 1725 391 1756; x_wconf 90' lang='lat' dir='ltr'>Sed</span> <span class='ocrx_word' id='word_1_453' title='bbox 404 1725 441 1756; x_wconf 90' lang='lat' dir='ltr'>de</span> <span class='ocrx_word' id='word_1_454' title='bbox 450 1734 548 1765; x_wconf 82' lang='lat' dir='ltr'>azymo</span> <span class='ocrx_word' id='word_1_455' title='bbox 557 1727 739 1757; x_wconf 79' lang='lat' dir='ltr'>sufﬁcienter</span> <span class='ocrx_word' id='word_1_456' title='bbox 750 1727 832 1757; x_wconf 89' lang='lat' dir='ltr'>vobis</span> <span class='ocrx_word' id='word_1_457' title='bbox 840 1727 918 1767; x_wconf 90' lang='lat' dir='ltr'>quod</span> <span class='ocrx_word' id='word_1_458' title='bbox 962 1725 1064 1755; x_wconf 86' lang='lat' dir='ltr'>horam</span> <span class='ocrx_word' id='word_1_459' title='bbox 1079 1725 1150 1764; x_wconf 88' lang='lat' dir='ltr'>diei,</span> <span class='ocrx_word' id='word_1_460' title='bbox 1162 1726 1192 1756; x_wconf 92' lang='lat' dir='ltr'>in</span> <span class='ocrx_word' id='word_1_461' title='bbox 1202 1735 1260 1766; x_wconf 91' lang='lat' dir='ltr'>qua</span> <span class='ocrx_word' id='word_1_462' title='bbox 1273 1731 1301 1756; x_wconf 86' lang='lat' dir='ltr'>ct</span> <span class='ocrx_word' id='word_1_463' title='bbox 1324 1727 1540 1766; x_wconf 79' lang='lat' dir='ltr'>promulgatum</span> <span class='ocrx_word' id='word_1_464' title='bbox 1565 1731 1609 1757; x_wconf 89' lang='lat' dir='ltr'>est</span> <span class='ocrx_word' id='word_1_465' title='bbox 1625 1726 1725 1757; x_wconf 69' lang='lat' dir='ltr'>oll‘erri</span> <span class='ocrx_word' id='word_1_466' title='bbox 1740 1735 1790 1757; x_wconf 88' lang='lat' dir='ltr'>sa-</span> 
     </span>
    </p>
   </div>
   <div class='ocr_carea' id='block_1_54' title="bbox 99 1768 917 1810">
    <p class='ocr_par' dir='ltr' id='par_1_54' title="bbox 99 1768 917 1810">
     <span class='ocr_line' id='line_1_55' title="bbox 99 1768 917 1810; baseline 0.006 -12"><span class='ocrx_word' id='word_1_467' title='bbox 99 1768 279 1808; x_wconf 90' lang='lat' dir='ltr'>prohibitum</span> <span class='ocrx_word' id='word_1_468' title='bbox 293 1770 331 1800; x_wconf 90' lang='lat' dir='ltr'>sit</span> <span class='ocrx_word' id='word_1_469' title='bbox 345 1769 381 1800; x_wconf 92' lang='lat' dir='ltr'>ab</span> <span class='ocrx_word' id='word_1_470' title='bbox 397 1770 479 1800; x_wconf 90' lang='lat' dir='ltr'>omni</span> <span class='ocrx_word' id='word_1_471' title='bbox 502 1771 653 1810; x_wconf 82' lang='lat' dir='ltr'>Scriptura</span> <span class='ocrx_word' id='word_1_472' title='bbox 679 1771 777 1802; x_wconf 90' lang='lat' dir='ltr'>divina</span> <span class='ocrx_word' id='word_1_473' title='bbox 792 1771 917 1802; x_wconf 85' lang='lat' dir='ltr'>demon-</span> 
     </span>
    </p>
   </div>
   <div class='ocr_carea' id='block_1_55' title="bbox 99 1813 266 1844">
    <p class='ocr_par' dir='ltr' id='par_1_55' title="bbox 99 1813 266 1844">
     <span class='ocr_line' id='line_1_56' title="bbox 99 1813 266 1844; baseline 0.012 -2"><span class='ocrx_word' id='word_1_474' title='bbox 99 1813 266 1844; x_wconf 80' lang='lat' dir='ltr'>stravimus.</span> 
     </span>
    </p>
   </div>
   <div class='ocr_carea' id='block_1_56' title="bbox 139 1856 919 1898">
    <p class='ocr_par' dir='ltr' id='par_1_56' title="bbox 139 1856 919 1898">
     <span class='ocr_line' id='line_1_57' title="bbox 139 1856 919 1898; baseline 0.006 -11"><span class='ocrx_word' id='word_1_475' title='bbox 139 1856 186 1887; x_wconf 83' lang='lat' dir='ltr'>XI.</span> <span class='ocrx_word' id='word_1_476' title='bbox 204 1858 267 1895; x_wconf 73' lang='lat' dir='ltr'>Age</span> <span class='ocrx_word' id='word_1_477' title='bbox 282 1867 360 1888; x_wconf 89' lang='lat' dir='ltr'>nunc</span> <span class='ocrx_word' id='word_1_478' title='bbox 370 1859 420 1898; x_wconf 90' lang='lat' dir='ltr'>qui</span> <span class='ocrx_word' id='word_1_479' title='bbox 430 1863 536 1890; x_wconf 78' lang='lat' dir='ltr'>cmtera</span> <span class='ocrx_word' id='word_1_480' title='bbox 547 1859 815 1891; x_wconf 88' lang='lat' dir='ltr'>demonstravimus</span> <span class='ocrx_word' id='word_1_481' title='bbox 826 1861 919 1897; x_wconf 89' lang='lat' dir='ltr'>vobis,</span> 
     </span>
    </p>
   </div>
   <div class='ocr_carea' id='block_1_57' title="bbox 99 1901 921 1946">
    <p class='ocr_par' dir='ltr' id='par_1_57' title="bbox 99 1901 921 1946">
     <span class='ocr_line' id='line_1_58' title="bbox 99 1901 921 1946; baseline 0.007 -16"><span class='ocrx_word' id='word_1_482' title='bbox 99 1907 127 1946; x_wconf 80' lang='lat' dir='ltr'>et</span> <span class='ocrx_word' id='word_1_483' title='bbox 140 1901 238 1946; x_wconf 78' lang='lat' dir='ltr'>subito</span> <span class='ocrx_word' id='word_1_484' title='bbox 255 1904 406 1934; x_wconf 72' lang='lat' dir='ltr'>memorize</span> <span class='ocrx_word' id='word_1_485' title='bbox 418 1909 587 1943; x_wconf 73' lang='lat' dir='ltr'>suggestum</span> <span class='ocrx_word' id='word_1_486' title='bbox 602 1909 646 1935; x_wconf 89' lang='lat' dir='ltr'>est</span> <span class='ocrx_word' id='word_1_487' title='bbox 656 1905 739 1936; x_wconf 89' lang='lat' dir='ltr'>vobis</span> <span class='ocrx_word' id='word_1_488' title='bbox 756 1905 792 1935; x_wconf 92' lang='lat' dir='ltr'>de</span> <span class='ocrx_word' id='word_1_489' title='bbox 806 1906 921 1946; x_wconf 76' lang='lat' dir='ltr'>jejunio</span> 
     </span>
    </p>
   </div>
   <div class='ocr_carea' id='block_1_58' title="bbox 100 1943 920 1990">
    <p class='ocr_par' dir='ltr' id='par_1_58' title="bbox 100 1943 920 1990">
     <span class='ocr_line' id='line_1_59' title="bbox 100 1943 920 1990; baseline 0.007 -15"><span class='ocrx_word' id='word_1_490' title='bbox 100 1943 306 1990; x_wconf 80' lang='lat' dir='ltr'>Sabbatorum,</span> <span class='ocrx_word' id='word_1_491' title='bbox 319 1948 458 1987; x_wconf 87' lang='lat' dir='ltr'>quoniam</span> <span class='ocrx_word' id='word_1_492' title='bbox 472 1948 617 1980; x_wconf 83' lang='lat' dir='ltr'>insultatis</span> <span class='ocrx_word' id='word_1_493' title='bbox 630 1949 714 1980; x_wconf 89' lang='lat' dir='ltr'>nobis</span> <span class='ocrx_word' id='word_1_494' title='bbox 730 1960 736 1980; x_wconf 92' lang='lat'><strong><em>:</em></strong></span> <span class='ocrx_word' id='word_1_495' title='bbox 751 1943 920 1990; x_wconf 78' lang='lat' dir='ltr'>undejcju-</span> 
     </span>
    </p>
   </div>
   <div class='ocr_carea' id='block_1_59' title="bbox 960 1770 1790 1811">
    <p class='ocr_par' dir='ltr' id='par_1_59' title="bbox 960 1770 1790 1811">
     <span class='ocr_line' id='line_1_60' title="bbox 960 1770 1790 1811; baseline 0.004 -12"><span class='ocrx_word' id='word_1_496' title='bbox 960 1770 1118 1810; x_wconf 74' lang='lat' dir='ltr'>criticium,</span> <span class='ocrx_word' id='word_1_497' title='bbox 1131 1771 1438 1810; x_wconf 87' lang='lat' dir='ltr'>quomodojejunium</span> <span class='ocrx_word' id='word_1_498' title='bbox 1453 1781 1548 1811; x_wconf 86' lang='lat' dir='ltr'>usque</span> <span class='ocrx_word' id='word_1_499' title='bbox 1561 1771 1595 1801; x_wconf 86' lang='lat' dir='ltr'>ad</span> <span class='ocrx_word' id='word_1_500' title='bbox 1613 1771 1716 1802; x_wconf 90' lang='lat' dir='ltr'>horam</span> <span class='ocrx_word' id='word_1_501' title='bbox 1728 1771 1790 1802; x_wconf 89' lang='lat' dir='ltr'>diei</span> 
     </span>
    </p>
   </div>
   <div class='ocr_carea' id='block_1_60' title="bbox 964 1814 1790 1855">
    <p class='ocr_par' dir='ltr' id='par_1_60' title="bbox 964 1814 1790 1855">
     <span class='ocr_line' id='line_1_61' title="bbox 964 1814 1790 1855; baseline 0.002 -11"><span class='ocrx_word' id='word_1_502' title='bbox 964 1824 1071 1845; x_wconf 87' lang='lat' dir='ltr'>nonam</span> <span class='ocrx_word' id='word_1_503' title='bbox 1085 1814 1249 1845; x_wconf 87' lang='lat' dir='ltr'>observatis</span> <span class='ocrx_word' id='word_1_504' title='bbox 1257 1814 1270 1845; x_wconf 74' lang='grc' dir='ltr'>’ἶ</span> <span class='ocrx_word' id='word_1_505' title='bbox 1291 1815 1441 1845; x_wconf 69' lang='lat' dir='ltr'>solvontes</span> <span class='ocrx_word' id='word_1_506' title='bbox 1452 1816 1512 1846; x_wconf 66' lang='lat' dir='ltr'>haec</span> <span class='ocrx_word' id='word_1_507' title='bbox 1523 1816 1549 1846; x_wconf 89' lang='lat' dir='ltr'>in</span> <span class='ocrx_word' id='word_1_508' title='bbox 1559 1819 1615 1846; x_wconf 91' lang='lat' dir='ltr'>tem</span> <span class='ocrx_word' id='word_1_509' title='bbox 1622 1825 1692 1855; x_wconf 90' lang='lat' dir='ltr'>pore</span> <span class='ocrx_word' id='word_1_510' title='bbox 1700 1816 1790 1846; x_wconf 90' lang='lat' dir='ltr'>mini—</span> 
     </span>
    </p>
   </div>
   <div class='ocr_carea' id='block_1_61' title="bbox 963 1858 1790 1901">
    <p class='ocr_par' dir='ltr' id='par_1_61' title="bbox 963 1858 1790 1901">
     <span class='ocr_line' id='line_1_62' title="bbox 963 1858 1790 1901; baseline 0.004 -13"><span class='ocrx_word' id='word_1_511' title='bbox 963 1859 1238 1890; x_wconf 62' lang='lat' dir='ltr'>strationismissaa?</span> <span class='ocrx_word' id='word_1_512' title='bbox 1250 1858 1453 1900; x_wconf 86' lang='lat' dir='ltr'>Nequaquam.</span> <span class='ocrx_word' id='word_1_513' title='bbox 1464 1860 1495 1890; x_wconf 92' lang='lat' dir='ltr'>Si</span> <span class='ocrx_word' id='word_1_514' title='bbox 1505 1864 1602 1890; x_wconf 88' lang='lat' dir='ltr'>autem</span> <span class='ocrx_word' id='word_1_515' title='bbox 1616 1861 1790 1901; x_wconf 83' lang='lat' dir='ltr'>locimpos-</span> 
     </span>
    </p>
   </div>
   <div class='ocr_carea' id='block_1_62' title="bbox 963 1903 1556 1945">
    <p class='ocr_par' dir='ltr' id='par_1_62' title="bbox 963 1903 1556 1945">
     <span class='ocr_line' id='line_1_63' title="bbox 963 1903 1556 1945; baseline 0.002 -12"><span class='ocrx_word' id='word_1_516' title='bbox 963 1903 1051 1934; x_wconf 92' lang='lat' dir='ltr'>sibile</span> <span class='ocrx_word' id='word_1_517' title='bbox 1068 1908 1122 1941; x_wconf 89' lang='lat' dir='ltr'>est,</span> <span class='ocrx_word' id='word_1_518' title='bbox 1140 1904 1350 1945; x_wconf 81' lang='lat' dir='ltr'>maledictione</span> <span class='ocrx_word' id='word_1_519' title='bbox 1369 1904 1556 1945; x_wconf 91' lang='lat' dir='ltr'>plectemini.</span> 
     </span>
    </p>
   </div>
   <div class='ocr_carea' id='block_1_63' title="bbox 1002 1949 1788 1991">
    <p class='ocr_par' dir='ltr' id='par_1_63' title="bbox 1002 1949 1788 1991">
     <span class='ocr_line' id='line_1_64' title="bbox 1002 1949 1788 1991; baseline 0.005 -13"><span class='ocrx_word' id='word_1_520' title='bbox 1002 1949 1077 1980; x_wconf 85' lang='lat' dir='ltr'><strong>XIII.</strong></span> <span class='ocrx_word' id='word_1_521' title='bbox 1092 1949 1145 1985; x_wconf 91' lang='lat' dir='ltr'>Qui</span> <span class='ocrx_word' id='word_1_522' title='bbox 1159 1950 1187 1979; x_wconf 94' lang='lat' dir='ltr'>in</span> <span class='ocrx_word' id='word_1_523' title='bbox 1201 1951 1359 1988; x_wconf 77' lang='lat' dir='ltr'>Gangreno</span> <span class='ocrx_word' id='word_1_524' title='bbox 1372 1951 1455 1980; x_wconf 88' lang='lat' dir='ltr'>fuere</span> <span class='ocrx_word' id='word_1_525' title='bbox 1471 1951 1572 1981; x_wconf 85' lang='lat' dir='ltr'>Patres</span> <span class='ocrx_word' id='word_1_526' title='bbox 1584 1951 1710 1981; x_wconf 89' lang='lat' dir='ltr'>concilio</span> <span class='ocrx_word' id='word_1_527' title='bbox 1724 1961 1788 1991; x_wconf 85' lang='lat' dir='ltr'>cap.</span> 
     </span>
    </p>
   </div>
   <div class='ocr_carea' id='block_1_64' title="bbox 101 1989 1789 2036">
    <p class='ocr_par' dir='ltr' id='par_1_64' title="bbox 101 1989 1789 2036">
     <span class='ocr_line' id='line_1_65' title="bbox 101 1989 1789 2036; baseline 0.004 -17"><span class='ocrx_word' id='word_1_528' title='bbox 101 1999 170 2036; x_wconf 83' lang='lat' dir='ltr'>nare</span> <span class='ocrx_word' id='word_1_529' title='bbox 190 1989 330 2028; x_wconf 78' lang='lat' dir='ltr'>Sabbato,</span> <span class='ocrx_word' id='word_1_530' title='bbox 345 2002 378 2022; x_wconf 83' lang='lat' dir='ltr'>ex</span> <span class='ocrx_word' id='word_1_531' title='bbox 391 2002 448 2033; x_wconf 90' lang='lat' dir='ltr'>qua</span> <span class='ocrx_word' id='word_1_532' title='bbox 461 1993 724 2034; x_wconf 81' lang='lat' dir='ltr'>sanctaScriptura</span> <span class='ocrx_word' id='word_1_533' title='bbox 739 1989 895 2035; x_wconf 86' lang='lat' dir='ltr'>accepistis</span> <span class='ocrx_word' id='word_1_534' title='bbox 906 1996 920 2025; x_wconf 59' lang='grc' dir='ltr'>εἰ</span> <span class='ocrx_word' id='word_1_535' title='bbox 964 1994 1000 2025; x_wconf 86' lang='grc'>19</span> <span class='ocrx_word' id='word_1_536' title='bbox 1014 1994 1082 2024; x_wconf 87' lang='lat' dir='ltr'>talia</span> <span class='ocrx_word' id='word_1_537' title='bbox 1103 1995 1248 2025; x_wconf 82' lang='lat' dir='ltr'>etl‘antur:</span> <span class='ocrx_word' id='word_1_538' title='bbox 1276 1993 1307 2025; x_wconf 91' lang='lat' dir='ltr'>Si</span> <span class='ocrx_word' id='word_1_539' title='bbox 1322 1994 1388 2035; x_wconf 89' lang='lat' dir='ltr'>quis</span> <span class='ocrx_word' id='word_1_540' title='bbox 1400 1994 1583 2025; x_wconf 90' lang='lat' dir='ltr'>continentia</span> <span class='ocrx_word' id='word_1_541' title='bbox 1599 1994 1664 2025; x_wconf 88' lang='lat' dir='ltr'>sine</span> <span class='ocrx_word' id='word_1_542' title='bbox 1679 2005 1723 2025; x_wconf 67' lang='lat' dir='ltr'>co:</span> <span class='ocrx_word' id='word_1_543' title='bbox 1734 1989 1789 2036; x_wconf 82' lang='lat' dir='ltr'>po-</span> 
     </span>
    </p>
   </div>
   <div class='ocr_carea' id='block_1_65' title="bbox 97 2034 1789 2080">
    <p class='ocr_par' dir='ltr' id='par_1_65' title="bbox 97 2034 1789 2080">
     <span class='ocr_line' id='line_1_66' title="bbox 97 2034 1789 2080; baseline 0.004 -16"><span class='ocrx_word' id='word_1_544' title='bbox 97 2034 142 2080; x_wconf 82' lang='lat' dir='ltr'>Ab</span> <span class='ocrx_word' id='word_1_545' title='bbox 150 2035 314 2074; x_wconf 87' lang='lat' dir='ltr'>apostolis?</span> <span class='ocrx_word' id='word_1_546' title='bbox 326 2036 526 2078; x_wconf 83' lang='lat' dir='ltr'>Nequaquam.</span> <span class='ocrx_word' id='word_1_547' title='bbox 538 2038 746 2078; x_wconf 84' lang='lat' dir='ltr'>Apostolorum</span> <span class='ocrx_word' id='word_1_548' title='bbox 759 2034 884 2070; x_wconf 85' lang='lat' dir='ltr'>vertices</span> <span class='ocrx_word' id='word_1_549' title='bbox 892 2039 920 2069; x_wconf 93' lang='lat' dir='ltr'>in</span> <span class='ocrx_word' id='word_1_550' title='bbox 961 2038 1015 2069; x_wconf 90' lang='lat' dir='ltr'>rali</span> <span class='ocrx_word' id='word_1_551' title='bbox 1026 2039 1204 2070; x_wconf 87' lang='lat' dir='ltr'>necessitate</span> <span class='ocrx_word' id='word_1_552' title='bbox 1213 2039 1308 2070; x_wconf 76' lang='lat' dir='ltr'>elatus</span> <span class='ocrx_word' id='word_1_553' title='bbox 1318 2039 1416 2072; x_wconf 86' lang='lat' dir='ltr'>fuerit.</span> <span class='ocrx_word' id='word_1_554' title='bbox 1428 2044 1456 2069; x_wconf 91' lang='lat' dir='ltr'>et</span> <span class='ocrx_word' id='word_1_555' title='bbox 1465 2034 1747 2080; x_wconf 79' lang='lat' dir='ltr'>constitutajejunia</span> <span class='ocrx_word' id='word_1_556' title='bbox 1759 2040 1789 2071; x_wconf 91' lang='lat' dir='ltr'>in</span> 
     </span>
    </p>
   </div>
   <div class='ocr_carea' id='block_1_66' title="bbox 98 2079 1788 2125">
    <p class='ocr_par' dir='ltr' id='par_1_66' title="bbox 98 2079 1788 2125">
     <span class='ocr_line' id='line_1_67' title="bbox 98 2079 1788 2125; baseline 0.005 -17"><span class='ocrx_word' id='word_1_557' title='bbox 98 2079 198 2125; x_wconf 85' lang='lat' dir='ltr'>quinto</span> <span class='ocrx_word' id='word_1_558' title='bbox 213 2079 332 2120; x_wconf 89' lang='lat' dir='ltr'>quidem</span> <span class='ocrx_word' id='word_1_559' title='bbox 350 2081 426 2112; x_wconf 89' lang='lat' dir='ltr'>libro</span> <span class='ocrx_word' id='word_1_560' title='bbox 443 2083 676 2119; x_wconf 77' lang='lat' dir='ltr'>ordinationnm,</span> <span class='ocrx_word' id='word_1_561' title='bbox 695 2083 743 2124; x_wconf 91' lang='lat' dir='ltr'>qui</span> <span class='ocrx_word' id='word_1_562' title='bbox 760 2084 797 2114; x_wconf 91' lang='lat' dir='ltr'>de</span> <span class='ocrx_word' id='word_1_563' title='bbox 809 2088 919 2124; x_wconf 88' lang='lat' dir='ltr'>marty-</span> <span class='ocrx_word' id='word_1_564' title='bbox 961 2093 1120 2115; x_wconf 89' lang='lat' dir='ltr'>commune</span> <span class='ocrx_word' id='word_1_565' title='bbox 1131 2084 1321 2115; x_wconf 86' lang='lat' dir='ltr'>etobservata</span> <span class='ocrx_word' id='word_1_566' title='bbox 1333 2085 1370 2115; x_wconf 86' lang='lat' dir='ltr'>ab</span> <span class='ocrx_word' id='word_1_567' title='bbox 1382 2079 1700 2122; x_wconf 86' lang='lat' dir='ltr'>Ecclesiadissolverit,</span> <span class='ocrx_word' id='word_1_568' title='bbox 1712 2095 1788 2125; x_wconf 81' lang='lat' dir='ltr'>prae-</span> 
     </span>
    </p>
   </div>
   <div class='ocr_carea' id='block_1_67' title="bbox 98 2123 1785 2170">
    <p class='ocr_par' dir='ltr' id='par_1_67' title="bbox 98 2123 1785 2170">
     <span class='ocr_line' id='line_1_68' title="bbox 98 2123 1785 2170; baseline 0.003 -17"><span class='ocrx_word' id='word_1_569' title='bbox 98 2123 178 2170; x_wconf 83' lang='lat' dir='ltr'>ribus</span> <span class='ocrx_word' id='word_1_570' title='bbox 193 2124 378 2162; x_wconf 75' lang='lat' dir='ltr'>inscribitur,</span> <span class='ocrx_word' id='word_1_571' title='bbox 393 2127 476 2166; x_wconf 85' lang='lat' dir='ltr'>juxta</span> <span class='ocrx_word' id='word_1_572' title='bbox 487 2127 668 2159; x_wconf 85' lang='lat' dir='ltr'>Clementem</span> <span class='ocrx_word' id='word_1_573' title='bbox 684 2139 690 2158; x_wconf 91' lang='lat'>:</span> <span class='ocrx_word' id='word_1_574' title='bbox 704 2123 716 2156; x_wconf 64' lang='lat' dir='ltr'>ii</span> <span class='ocrx_word' id='word_1_575' title='bbox 731 2128 869 2164; x_wconf 90' lang='lat' dir='ltr'>Quartam</span> <span class='ocrx_word' id='word_1_576' title='bbox 880 2129 921 2159; x_wconf 86' lang='lat' dir='ltr'>fe-</span> <span class='ocrx_word' id='word_1_577' title='bbox 961 2129 1106 2159; x_wconf 87' lang='lat' dir='ltr'>sumendo</span> <span class='ocrx_word' id='word_1_578' title='bbox 1118 2129 1174 2160; x_wconf 83' lang='lat' dir='ltr'>sibi</span> <span class='ocrx_word' id='word_1_579' title='bbox 1188 2129 1347 2170; x_wconf 81' lang='lat' dir='ltr'>perfectam</span> <span class='ocrx_word' id='word_1_580' title='bbox 1360 2129 1518 2167; x_wconf 84' lang='lat' dir='ltr'>rationem,</span> <span class='ocrx_word' id='word_1_581' title='bbox 1535 2130 1692 2160; x_wconf 87' lang='lat' dir='ltr'>anathema</span> <span class='ocrx_word' id='word_1_582' title='bbox 1708 2123 1755 2160; x_wconf 76' lang='lat' dir='ltr'>sit.</span> <span class='ocrx_word' id='word_1_583' title='bbox 1774 2143 1785 2158; x_wconf 73' lang='grc' dir='ltr'><strong>η</strong></span> 
     </span>
    </p>
   </div>
   <div class='ocr_carea' id='block_1_68' title="bbox 100 2169 1786 2214">
    <p class='ocr_par' dir='ltr' id='par_1_68' title="bbox 100 2169 1786 2214">
     <span class='ocr_line' id='line_1_69' title="bbox 100 2169 1786 2214; baseline 0.004 -16"><span class='ocrx_word' id='word_1_584' title='bbox 100 2169 171 2214; x_wconf 74' lang='lat' dir='ltr'>riam</span> <span class='ocrx_word' id='word_1_585' title='bbox 189 2173 217 2199; x_wconf 93' lang='lat' dir='ltr'>et</span> <span class='ocrx_word' id='word_1_586' title='bbox 232 2174 343 2200; x_wconf 78' lang='lat' dir='ltr'>sextam</span> <span class='ocrx_word' id='word_1_587' title='bbox 361 2172 494 2212; x_wconf 77' lang='lat' dir='ltr'>prwcipit</span> <span class='ocrx_word' id='word_1_588' title='bbox 509 2172 594 2203; x_wconf 91' lang='lat' dir='ltr'>nobis</span> <span class='ocrx_word' id='word_1_589' title='bbox 606 2173 747 2212; x_wconf 84' lang='lat' dir='ltr'>jejunare</span> <span class='ocrx_word' id='word_1_590' title='bbox 764 2173 919 2204; x_wconf 90' lang='lat' dir='ltr'>Dominus.</span> <span class='ocrx_word' id='word_1_591' title='bbox 963 2172 1106 2204; x_wconf 87' lang='lat' dir='ltr'>Similiter</span> <span class='ocrx_word' id='word_1_592' title='bbox 1123 2175 1223 2204; x_wconf 81' lang='lat' dir='ltr'>Patres</span> <span class='ocrx_word' id='word_1_593' title='bbox 1242 2174 1291 2214; x_wconf 89' lang='lat' dir='ltr'>qui</span> <span class='ocrx_word' id='word_1_594' title='bbox 1315 2174 1343 2204; x_wconf 93' lang='lat' dir='ltr'>in</span> <span class='ocrx_word' id='word_1_595' title='bbox 1361 2174 1538 2205; x_wconf 61' lang='lat' dir='ltr'>Laodicensi</span> <span class='ocrx_word' id='word_1_596' title='bbox 1556 2174 1637 2204; x_wconf 81' lang='lat' dir='ltr'>fuere</span> <span class='ocrx_word' id='word_1_597' title='bbox 1649 2175 1786 2212; x_wconf 87' lang='lat' dir='ltr'>concilio,</span> 
     </span>
    </p>
   </div>
   <div class='ocr_carea' id='block_1_69' title="bbox 102 2212 1787 2259">
    <p class='ocr_par' dir='ltr' id='par_1_69' title="bbox 102 2212 1787 2259">
     <span class='ocr_line' id='line_1_70' title="bbox 102 2212 1787 2259; baseline 0.003 -15"><span class='ocrx_word' id='word_1_598' title='bbox 102 2212 191 2244; x_wconf 91' lang='lat' dir='ltr'>Unam</span> <span class='ocrx_word' id='word_1_599' title='bbox 208 2214 327 2253; x_wconf 86' lang='lat' dir='ltr'>quidem</span> <span class='ocrx_word' id='word_1_600' title='bbox 345 2220 465 2255; x_wconf 83' lang='lat' dir='ltr'>propter</span> <span class='ocrx_word' id='word_1_601' title='bbox 481 2217 682 2254; x_wconf 86' lang='lat' dir='ltr'>traditionem,</span> <span class='ocrx_word' id='word_1_602' title='bbox 698 2218 819 2248; x_wconf 77' lang='lat' dir='ltr'>alteram</span> <span class='ocrx_word' id='word_1_603' title='bbox 848 2227 920 2258; x_wconf 91' lang='lat' dir='ltr'>pro-</span> <span class='ocrx_word' id='word_1_604' title='bbox 962 2212 1787 2259; x_wconf 78' lang='lat' dir='ltr'>secundumquinquagesimumcanonemsiceffatisunt:</span> 
     </span>
    </p>
   </div>
   <div class='ocr_carea' id='block_1_70' title="bbox 101 2259 1786 2303">
    <p class='ocr_par' dir='ltr' id='par_1_70' title="bbox 101 2259 1786 2303">
     <span class='ocr_line' id='line_1_71' title="bbox 101 2259 1786 2303; baseline 0.004 -16"><span class='ocrx_word' id='word_1_605' title='bbox 101 2261 164 2303; x_wconf 85' lang='lat' dir='ltr'>pter</span> <span class='ocrx_word' id='word_1_606' title='bbox 180 2259 357 2303; x_wconf 85' lang='lat' dir='ltr'>passionem.</span> <span class='ocrx_word' id='word_1_607' title='bbox 375 2259 473 2300; x_wconf 88' lang='lat' dir='ltr'>Ipsum</span> <span class='ocrx_word' id='word_1_608' title='bbox 491 2266 588 2292; x_wconf 84' lang='lat' dir='ltr'>autem</span> <span class='ocrx_word' id='word_1_609' title='bbox 606 2262 766 2293; x_wconf 87' lang='lat' dir='ltr'>Sabbatnm</span> <span class='ocrx_word' id='word_1_610' title='bbox 783 2273 840 2293; x_wconf 90' lang='lat' dir='ltr'>non</span> <span class='ocrx_word' id='word_1_611' title='bbox 859 2268 920 2293; x_wconf 81' lang='lat' dir='ltr'>tra-</span> <span class='ocrx_word' id='word_1_612' title='bbox 966 2275 978 2290; x_wconf 79' lang='grc' dir='ltr'>α</span> <span class='ocrx_word' id='word_1_613' title='bbox 989 2262 1060 2298; x_wconf 86' lang='lat' dir='ltr'>Qeia</span> <span class='ocrx_word' id='word_1_614' title='bbox 1075 2273 1131 2292; x_wconf 84' lang='lat' dir='ltr'>non</span> <span class='ocrx_word' id='word_1_615' title='bbox 1144 2267 1262 2303; x_wconf 87' lang='lat' dir='ltr'>oportet</span> <span class='ocrx_word' id='word_1_616' title='bbox 1275 2263 1303 2293; x_wconf 90' lang='lat' dir='ltr'>in</span> <span class='ocrx_word' id='word_1_617' title='bbox 1317 2263 1549 2302; x_wconf 73' lang='lat' dir='ltr'>Quadragesima</span> <span class='ocrx_word' id='word_1_618' title='bbox 1564 2268 1723 2303; x_wconf 88' lang='lat' dir='ltr'>martyrum</span> <span class='ocrx_word' id='word_1_619' title='bbox 1734 2273 1786 2294; x_wconf 89' lang='lat' dir='ltr'>na-</span> 
     </span>
    </p>
   </div>
   <div class='ocr_carea' id='block_1_71' title="bbox 102 2301 1786 2347">
    <p class='ocr_par' dir='ltr' id='par_1_71' title="bbox 102 2301 1786 2347">
     <span class='ocr_line' id='line_1_72' title="bbox 102 2301 1786 2347; baseline 0.004 -16"><span class='ocrx_word' id='word_1_620' title='bbox 102 2301 174 2332; x_wconf 87' lang='lat' dir='ltr'>didit</span> <span class='ocrx_word' id='word_1_621' title='bbox 190 2302 274 2333; x_wconf 91' lang='lat' dir='ltr'>nobis</span> <span class='ocrx_word' id='word_1_622' title='bbox 286 2303 437 2345; x_wconf 84' lang='lat' dir='ltr'>jejunare,</span> <span class='ocrx_word' id='word_1_623' title='bbox 455 2306 593 2347; x_wconf 85' lang='lat' dir='ltr'>quoniam</span> <span class='ocrx_word' id='word_1_624' title='bbox 623 2316 682 2337; x_wconf 91' lang='lat' dir='ltr'>non</span> <span class='ocrx_word' id='word_1_625' title='bbox 705 2311 831 2347; x_wconf 78' lang='lat' dir='ltr'>oportet.</span> <span class='ocrx_word' id='word_1_626' title='bbox 850 2317 914 2347; x_wconf 27' lang='lat' dir='ltr'>pro‘</span> <span class='ocrx_word' id='word_1_627' title='bbox 931 2301 1283 2344; x_wconf 49' lang='lat' dir='ltr'>Dtaliliacelebrareﬁed</span> <span class='ocrx_word' id='word_1_628' title='bbox 1293 2301 1786 2338; x_wconf 69' lang='lat' dir='ltr'>sanctorumcou‘nmemorationem</span> 
     </span>
    </p>
   </div>
   <div class='ocr_carea' id='block_1_72' title="bbox 101 2347 921 2390">
    <p class='ocr_par' dir='ltr' id='par_1_72' title="bbox 101 2347 921 2390">
     <span class='ocr_line' id='line_1_73' title="bbox 101 2347 921 2390; baseline 0.007 -14"><span class='ocrx_word' id='word_1_629' title='bbox 101 2350 163 2386; x_wconf 88' lang='lat' dir='ltr'>pter</span> <span class='ocrx_word' id='word_1_630' title='bbox 178 2347 249 2377; x_wconf 92' lang='lat' dir='ltr'>illud</span> <span class='ocrx_word' id='word_1_631' title='bbox 263 2348 370 2384; x_wconf 84' lang='lat' dir='ltr'>solum,</span> <span class='ocrx_word' id='word_1_632' title='bbox 388 2349 418 2379; x_wconf 87' lang='lat' dir='ltr'>in</span> <span class='ocrx_word' id='word_1_633' title='bbox 430 2359 486 2390; x_wconf 85' lang='lat' dir='ltr'>quo</span> <span class='ocrx_word' id='word_1_634' title='bbox 501 2351 623 2381; x_wconf 87' lang='lat' dir='ltr'>Creator</span> <span class='ocrx_word' id='word_1_635' title='bbox 634 2352 766 2382; x_wconf 87' lang='lat' dir='ltr'>omnium</span> <span class='ocrx_word' id='word_1_636' title='bbox 779 2352 921 2382; x_wconf 85' lang='lat' dir='ltr'>subterra</span> 
     </span>
    </p>
   </div>
   <div class='ocr_carea' id='block_1_73' title="bbox 100 2391 921 2434">
    <p class='ocr_par' dir='ltr' id='par_1_73' title="bbox 100 2391 921 2434">
     <span class='ocr_line' id='line_1_74' title="bbox 100 2391 921 2434; baseline 0.01 -14"><span class='ocrx_word' id='word_1_637' title='bbox 100 2391 159 2421; x_wconf 91' lang='lat' dir='ltr'>fuit.</span> <span class='ocrx_word' id='word_1_638' title='bbox 173 2404 185 2419; x_wconf 74' lang='grc' dir='ltr'>ι)</span> <span class='ocrx_word' id='word_1_639' title='bbox 197 2391 290 2425; x_wconf 81' lang='lat' dir='ltr'>Unde.</span> <span class='ocrx_word' id='word_1_640' title='bbox 300 2393 384 2431; x_wconf 85' lang='lat' dir='ltr'>juxta</span> <span class='ocrx_word' id='word_1_641' title='bbox 395 2394 506 2424; x_wconf 85' lang='lat' dir='ltr'>calcem</span> <span class='ocrx_word' id='word_1_642' title='bbox 521 2395 654 2434; x_wconf 86' lang='lat' dir='ltr'>ejusdem</span> <span class='ocrx_word' id='word_1_643' title='bbox 668 2396 746 2432; x_wconf 86' lang='lat' dir='ltr'>libri,</span> <span class='ocrx_word' id='word_1_644' title='bbox 760 2396 865 2427; x_wconf 90' lang='lat' dir='ltr'>iterum</span> <span class='ocrx_word' id='word_1_645' title='bbox 878 2398 921 2428; x_wconf 84' lang='lat' dir='ltr'>sic</span> 
     </span>
    </p>
   </div>
   <div class='ocr_carea' id='block_1_74' title="bbox 101 2436 919 2478">
    <p class='ocr_par' dir='ltr' id='par_1_74' title="bbox 101 2436 919 2478">
     <span class='ocr_line' id='line_1_75' title="bbox 101 2436 919 2478; baseline 0.009 -13"><span class='ocrx_word' id='word_1_646' title='bbox 101 2436 244 2476; x_wconf 88' lang='lat' dir='ltr'>loquitur:</span> <span class='ocrx_word' id='word_1_647' title='bbox 261 2450 273 2464; x_wconf 70' lang='grc' dir='ltr'><em>εκ</em></span> <span class='ocrx_word' id='word_1_648' title='bbox 287 2436 382 2468; x_wconf 91' lang='lat' dir='ltr'>Omne</span> <span class='ocrx_word' id='word_1_649' title='bbox 393 2438 511 2478; x_wconf 89' lang='lat' dir='ltr'>quidem</span> <span class='ocrx_word' id='word_1_650' title='bbox 521 2439 681 2471; x_wconf 87' lang='lat' dir='ltr'>Sabbatum</span> <span class='ocrx_word' id='word_1_651' title='bbox 695 2446 722 2470; x_wconf 90' lang='lat' dir='ltr'>et</span> <span class='ocrx_word' id='word_1_652' title='bbox 734 2451 851 2472; x_wconf 91' lang='lat' dir='ltr'>omnem</span> <span class='ocrx_word' id='word_1_653' title='bbox 864 2441 919 2472; x_wconf 92' lang='lat' dir='ltr'>Do-</span> 
     </span>
    </p>
   </div>
   <div class='ocr_carea' id='block_1_75' title="bbox 102 2481 919 2516">
    <p class='ocr_par' dir='ltr' id='par_1_75' title="bbox 102 2481 919 2516">
     <span class='ocr_line' id='line_1_76' title="bbox 102 2481 919 2516; baseline 0.006 -5"><span class='ocrx_word' id='word_1_654' title='bbox 102 2481 238 2512; x_wconf 88' lang='lat' dir='ltr'>minicum</span> <span class='ocrx_word' id='word_1_655' title='bbox 251 2482 463 2514; x_wconf 86' lang='lat' dir='ltr'>celebrandum</span> <span class='ocrx_word' id='word_1_656' title='bbox 476 2485 676 2516; x_wconf 84' lang='lat' dir='ltr'>essedicimus</span> <span class='ocrx_word' id='word_1_657' title='bbox 697 2486 831 2516; x_wconf 86' lang='lat' dir='ltr'>Gaudere</span> <span class='ocrx_word' id='word_1_658' title='bbox 840 2487 919 2516; x_wconf 92' lang='lat' dir='ltr'>enim</span> 
     </span>
    </p>
   </div>
   <div class='ocr_carea' id='block_1_76' title="bbox 103 2526 920 2570">
    <p class='ocr_par' dir='ltr' id='par_1_76' title="bbox 103 2526 920 2570">
     <span class='ocr_line' id='line_1_77' title="bbox 103 2526 920 2570; baseline 0.007 -15"><span class='ocrx_word' id='word_1_659' title='bbox 103 2526 252 2566; x_wconf 87' lang='lat' dir='ltr'>oportetin</span> <span class='ocrx_word' id='word_1_660' title='bbox 264 2526 310 2556; x_wconf 58' lang='lat' dir='ltr'>hi?</span> <span class='ocrx_word' id='word_1_661' title='bbox 322 2531 419 2558; x_wconf 92' lang='lat' dir='ltr'>etnon</span> <span class='ocrx_word' id='word_1_662' title='bbox 432 2528 543 2567; x_wconf 81' lang='lat' dir='ltr'>lugere.</span> <span class='ocrx_word' id='word_1_663' title='bbox 570 2541 582 2558; x_wconf 73' lang='grc'>»</span> <span class='ocrx_word' id='word_1_664' title='bbox 602 2529 730 2570; x_wconf 88' lang='lat' dir='ltr'>Septimo</span> <span class='ocrx_word' id='word_1_665' title='bbox 746 2531 865 2570; x_wconf 88' lang='lat' dir='ltr'>quidem</span> <span class='ocrx_word' id='word_1_666' title='bbox 882 2531 920 2560; x_wconf 89' lang='lat' dir='ltr'>li—</span> 
     </span>
    </p>
   </div>
   <div class='ocr_carea' id='block_1_77' title="bbox 102 2570 919 2614">
    <p class='ocr_par' dir='ltr' id='par_1_77' title="bbox 102 2570 919 2614">
     <span class='ocr_line' id='line_1_78' title="bbox 102 2570 919 2614; baseline 0.007 -15"><span class='ocrx_word' id='word_1_667' title='bbox 102 2570 150 2600; x_wconf 90' lang='lat' dir='ltr'>bro</span> <span class='ocrx_word' id='word_1_668' title='bbox 157 2579 255 2601; x_wconf 92' lang='lat' dir='ltr'>earum</span> <span class='ocrx_word' id='word_1_669' title='bbox 264 2572 597 2614; x_wconf 81' lang='lat' dir='ltr'>constitutionumjuxta</span> <span class='ocrx_word' id='word_1_670' title='bbox 605 2574 776 2605; x_wconf 89' lang='lat' dir='ltr'>vicesimum</span> <span class='ocrx_word' id='word_1_671' title='bbox 784 2579 919 2614; x_wconf 87' lang='lat' dir='ltr'>quartum</span> 
     </span>
    </p>
   </div>
   <div class='ocr_carea' id='block_1_78' title="bbox 103 2615 921 2659">
    <p class='ocr_par' dir='ltr' id='par_1_78' title="bbox 103 2615 921 2659">
     <span class='ocr_line' id='line_1_79' title="bbox 103 2615 921 2659; baseline 0.004 -13"><span class='ocrx_word' id='word_1_672' title='bbox 103 2619 184 2655; x_wconf 87' lang='lat' dir='ltr'>caput</span> <span class='ocrx_word' id='word_1_673' title='bbox 196 2615 251 2645; x_wconf 89' lang='lat' dir='ltr'>hoc</span> <span class='ocrx_word' id='word_1_674' title='bbox 266 2616 420 2656; x_wconf 87' lang='lat' dir='ltr'>inquiunt:</span> <span class='ocrx_word' id='word_1_675' title='bbox 436 2630 448 2644; x_wconf 76' lang='grc' dir='ltr'>(ί</span> <span class='ocrx_word' id='word_1_676' title='bbox 468 2617 627 2649; x_wconf 83' lang='lat' dir='ltr'>Sabbatnm</span> <span class='ocrx_word' id='word_1_677' title='bbox 641 2628 768 2659; x_wconf 87' lang='lat' dir='ltr'>namque</span> <span class='ocrx_word' id='word_1_678' title='bbox 783 2623 812 2650; x_wconf 88' lang='lat' dir='ltr'>et</span> <span class='ocrx_word' id='word_1_679' title='bbox 824 2619 921 2650; x_wconf 86' lang='lat' dir='ltr'>Domi-</span> 
     </span>
    </p>
   </div>
   <div class='ocr_carea' id='block_1_79' title="bbox 103 2659 919 2704">
    <p class='ocr_par' dir='ltr' id='par_1_79' title="bbox 103 2659 919 2704">
     <span class='ocr_line' id='line_1_80' title="bbox 103 2659 919 2704; baseline 0.006 -15"><span class='ocrx_word' id='word_1_680' title='bbox 103 2659 195 2689; x_wconf 91' lang='lat' dir='ltr'>nicum</span> <span class='ocrx_word' id='word_1_681' title='bbox 204 2660 401 2700; x_wconf 83' lang='lat' dir='ltr'>celebramus,</span> <span class='ocrx_word' id='word_1_682' title='bbox 411 2662 480 2702; x_wconf 89' lang='lat' dir='ltr'>quia</span> <span class='ocrx_word' id='word_1_683' title='bbox 488 2663 558 2693; x_wconf 92' lang='lat' dir='ltr'>illud</span> <span class='ocrx_word' id='word_1_684' title='bbox 568 2663 688 2704; x_wconf 88' lang='lat' dir='ltr'>quidem</span> <span class='ocrx_word' id='word_1_685' title='bbox 697 2663 802 2693; x_wconf 66' lang='lat' dir='ltr'>divinw</span> <span class='ocrx_word' id='word_1_686' title='bbox 811 2673 919 2703; x_wconf 91' lang='lat' dir='ltr'>opera-</span> 
     </span>
    </p>
   </div>
   <div class='ocr_carea' id='block_1_80' title="bbox 104 2704 919 2743">
    <p class='ocr_par' dir='ltr' id='par_1_80' title="bbox 104 2704 919 2743">
     <span class='ocr_line' id='line_1_81' title="bbox 104 2704 919 2743; baseline 0.006 -10"><span class='ocrx_word' id='word_1_687' title='bbox 104 2704 186 2739; x_wconf 81' lang='lat' dir='ltr'>tionis</span> <span class='ocrx_word' id='word_1_688' title='bbox 195 2709 239 2735; x_wconf 87' lang='lat' dir='ltr'>est</span> <span class='ocrx_word' id='word_1_689' title='bbox 251 2706 394 2736; x_wconf 88' lang='lat' dir='ltr'>memoria</span> <span class='ocrx_word' id='word_1_690' title='bbox 407 2715 414 2743; x_wconf 87' lang='lat'><strong>;</strong></span> <span class='ocrx_word' id='word_1_691' title='bbox 428 2707 474 2737; x_wconf 91' lang='lat' dir='ltr'>hic</span> <span class='ocrx_word' id='word_1_692' title='bbox 486 2717 556 2739; x_wconf 86' lang='lat' dir='ltr'>vero</span> <span class='ocrx_word' id='word_1_693' title='bbox 568 2708 808 2739; x_wconf 88' lang='lat' dir='ltr'>resurrectionis.</span> <span class='ocrx_word' id='word_1_694' title='bbox 822 2709 919 2738; x_wconf 92' lang='lat' dir='ltr'>Unum</span> 
     </span>
    </p>
   </div>
   <div class='ocr_carea' id='block_1_81' title="bbox 103 2751 918 2784">
    <p class='ocr_par' dir='ltr' id='par_1_81' title="bbox 103 2751 918 2784">
     <span class='ocr_line' id='line_1_82' title="bbox 103 2751 918 2784; baseline 0.005 -6"><span class='ocrx_word' id='word_1_695' title='bbox 103 2757 164 2778; x_wconf 89' lang='lat' dir='ltr'>vero</span> <span class='ocrx_word' id='word_1_696' title='bbox 181 2752 292 2780; x_wconf 89' lang='lat' dir='ltr'>tantum</span> <span class='ocrx_word' id='word_1_697' title='bbox 318 2751 478 2782; x_wconf 86' lang='lat' dir='ltr'>Sabbatnm</span> <span class='ocrx_word' id='word_1_698' title='bbox 507 2753 736 2784; x_wconf 89' lang='lat' dir='ltr'>custodiendum</span> <span class='ocrx_word' id='word_1_699' title='bbox 753 2757 796 2783; x_wconf 87' lang='lat' dir='ltr'>est</span> <span class='ocrx_word' id='word_1_700' title='bbox 812 2753 840 2783; x_wconf 93' lang='lat' dir='ltr'>in</span> <span class='ocrx_word' id='word_1_701' title='bbox 859 2757 918 2784; x_wconf 86' lang='lat' dir='ltr'>toto</span> 
     </span>
    </p>
   </div>
   <div class='ocr_carea' id='block_1_82' title="bbox 102 2794 920 2838">
    <p class='ocr_par' dir='ltr' id='par_1_82' title="bbox 102 2794 920 2838">
     <span class='ocr_line' id='line_1_83' title="bbox 102 2794 920 2838; baseline 0.006 -15"><span class='ocrx_word' id='word_1_702' title='bbox 102 2794 405 2833; x_wconf 80' lang='lat' dir='ltr'>annosepulturaeDom</span> <span class='ocrx_word' id='word_1_703' title='bbox 412 2796 668 2838; x_wconf 81' lang='lat' dir='ltr'>ini.quojeji:nare</span> <span class='ocrx_word' id='word_1_704' title='bbox 675 2798 920 2838; x_wconf 85' lang='lat' dir='ltr'>oportet.Quando</span> 
     </span>
    </p>
   </div>
   <div class='ocr_carea' id='block_1_83' title="bbox 104 2838 921 2884">
    <p class='ocr_par' dir='ltr' id='par_1_83' title="bbox 104 2838 921 2884">
     <span class='ocr_line' id='line_1_84' title="bbox 104 2838 921 2884; baseline 0.007 -16"><span class='ocrx_word' id='word_1_705' title='bbox 104 2838 177 2869; x_wconf 90' lang='lat' dir='ltr'>enim</span> <span class='ocrx_word' id='word_1_706' title='bbox 190 2838 324 2870; x_wconf 86' lang='lat' dir='ltr'>Christus</span> <span class='ocrx_word' id='word_1_707' title='bbox 336 2840 365 2871; x_wconf 93' lang='lat' dir='ltr'>in</span> <span class='ocrx_word' id='word_1_708' title='bbox 373 2841 762 2884; x_wconf 84' lang='lat' dir='ltr'>sepulcrojacuit,discipuli</span> <span class='ocrx_word' id='word_1_709' title='bbox 771 2843 921 2884; x_wconf 86' lang='lat' dir='ltr'>potentio-</span> 
     </span>
    </p>
   </div>
   <div class='ocr_carea' id='block_1_84' title="bbox 963 2352 1788 2393">
    <p class='ocr_par' dir='ltr' id='par_1_84' title="bbox 963 2352 1788 2393">
     <span class='ocr_line' id='line_1_85' title="bbox 963 2352 1788 2393; baseline 0 -11"><span class='ocrx_word' id='word_1_710' title='bbox 963 2352 1101 2382; x_wconf 85' lang='lat' dir='ltr'>Iacerein</span> <span class='ocrx_word' id='word_1_711' title='bbox 1113 2352 1251 2383; x_wconf 86' lang='lat' dir='ltr'>Sabbatis</span> <span class='ocrx_word' id='word_1_712' title='bbox 1262 2357 1290 2383; x_wconf 90' lang='lat' dir='ltr'>et</span> <span class='ocrx_word' id='word_1_713' title='bbox 1310 2352 1474 2383; x_wconf 88' lang='lat' dir='ltr'>Dominicis</span> <span class='ocrx_word' id='word_1_714' title='bbox 1493 2352 1607 2383; x_wconf 87' lang='lat' dir='ltr'>diebus.</span> <span class='ocrx_word' id='word_1_715' title='bbox 1631 2366 1640 2380; x_wconf 74' lang='grc' dir='ltr'><em>ι</em></span> <span class='ocrx_word' id='word_1_716' title='bbox 1659 2353 1693 2383; x_wconf 85' lang='lat' dir='ltr'>Et</span> <span class='ocrx_word' id='word_1_717' title='bbox 1706 2354 1788 2393; x_wconf 86' lang='lat' dir='ltr'>juxta</span> 
     </span>
    </p>
   </div>
   <div class='ocr_carea' id='block_1_85' title="bbox 963 2397 1784 2437">
    <p class='ocr_par' dir='ltr' id='par_1_85' title="bbox 963 2397 1784 2437">
     <span class='ocr_line' id='line_1_86' title="bbox 963 2397 1784 2437; baseline 0.002 -11"><span class='ocrx_word' id='word_1_718' title='bbox 963 2397 1223 2437; x_wconf 73' lang='lat' dir='ltr'>quadragesimum</span> <span class='ocrx_word' id='word_1_719' title='bbox 1235 2401 1369 2428; x_wconf 90' lang='lat' dir='ltr'>octavum</span> <span class='ocrx_word' id='word_1_720' title='bbox 1382 2407 1524 2427; x_wconf 86' lang='lat' dir='ltr'>cauonem</span> <span class='ocrx_word' id='word_1_721' title='bbox 1537 2397 1606 2427; x_wconf 79' lang='lat' dir='ltr'>item</span> <span class='ocrx_word' id='word_1_722' title='bbox 1617 2398 1697 2428; x_wconf 84' lang='lat' dir='ltr'>aiunt</span> <span class='ocrx_word' id='word_1_723' title='bbox 1708 2397 1763 2437; x_wconf 87' lang='lat' dir='ltr'>ipsi</span> <span class='ocrx_word' id='word_1_724' title='bbox 1778 2406 1784 2428; x_wconf 90' lang='lat'>:</span> 
     </span>
    </p>
   </div>
   <div class='ocr_carea' id='block_1_86' title="bbox 965 2441 1785 2482">
    <p class='ocr_par' dir='ltr' id='par_1_86' title="bbox 965 2441 1785 2482">
     <span class='ocr_line' id='line_1_87' title="bbox 965 2441 1785 2482; baseline 0.001 -11"><span class='ocrx_word' id='word_1_725' title='bbox 965 2454 978 2469; x_wconf 78' lang='grc' dir='ltr'><strong>α</strong></span> <span class='ocrx_word' id='word_1_726' title='bbox 993 2442 1076 2478; x_wconf 87' lang='lat' dir='ltr'>Quod</span> <span class='ocrx_word' id='word_1_727' title='bbox 1086 2444 1146 2472; x_wconf 81' lang='lat' dir='ltr'>&#39;non</span> <span class='ocrx_word' id='word_1_728' title='bbox 1161 2442 1247 2472; x_wconf 85' lang='lat' dir='ltr'>decet</span> <span class='ocrx_word' id='word_1_729' title='bbox 1262 2442 1291 2472; x_wconf 90' lang='lat' dir='ltr'>in</span> <span class='ocrx_word' id='word_1_730' title='bbox 1309 2441 1542 2481; x_wconf 75' lang='lat' dir='ltr'>Qua-:lragcsima</span> <span class='ocrx_word' id='word_1_731' title='bbox 1550 2451 1655 2482; x_wconf 88' lang='lat' dir='ltr'>panem</span> <span class='ocrx_word' id='word_1_732' title='bbox 1665 2442 1785 2478; x_wconf 66' lang='lat' dir='ltr'>oﬁ‘ezre,</span> 
     </span>
    </p>
   </div>
   <div class='ocr_carea' id='block_1_87' title="bbox 962 2486 1550 2517">
    <p class='ocr_par' dir='ltr' id='par_1_87' title="bbox 962 2486 1550 2517">
     <span class='ocr_line' id='line_1_88' title="bbox 962 2486 1550 2517; baseline -0.005 -1"><span class='ocrx_word' id='word_1_733' title='bbox 962 2486 1020 2517; x_wconf 65' lang='lat' dir='ltr'>nisi</span> <span class='ocrx_word' id='word_1_734' title='bbox 1036 2487 1064 2516; x_wconf 93' lang='lat' dir='ltr'>in</span> <span class='ocrx_word' id='word_1_735' title='bbox 1082 2486 1208 2517; x_wconf 87' lang='lat' dir='ltr'>Sabbato</span> <span class='ocrx_word' id='word_1_736' title='bbox 1225 2491 1252 2516; x_wconf 87' lang='lat' dir='ltr'>et</span> <span class='ocrx_word' id='word_1_737' title='bbox 1268 2487 1424 2517; x_wconf 90' lang='lat' dir='ltr'>Dominico</span> <span class='ocrx_word' id='word_1_738' title='bbox 1442 2486 1505 2516; x_wconf 81' lang='lat' dir='ltr'>solo</span> <span class='ocrx_word' id='word_1_739' title='bbox 1539 2499 1550 2513; x_wconf 70' lang='grc' dir='ltr'>ι)</span> 
     </span>
    </p>
   </div>
   <div class='ocr_carea' id='block_1_88' title="bbox 1003 2531 1785 2572">
    <p class='ocr_par' dir='ltr' id='par_1_88' title="bbox 1003 2531 1785 2572">
     <span class='ocr_line' id='line_1_89' title="bbox 1003 2531 1785 2572; baseline 0 -10"><span class='ocrx_word' id='word_1_740' title='bbox 1003 2531 1078 2562; x_wconf 81' lang='lat' dir='ltr'><strong>XIV.</strong></span> <span class='ocrx_word' id='word_1_741' title='bbox 1093 2531 1124 2561; x_wconf 89' lang='lat' dir='ltr'>Et</span> <span class='ocrx_word' id='word_1_742' title='bbox 1138 2531 1187 2572; x_wconf 90' lang='lat' dir='ltr'>qui</span> <span class='ocrx_word' id='word_1_743' title='bbox 1201 2532 1230 2561; x_wconf 93' lang='lat' dir='ltr'>in</span> <span class='ocrx_word' id='word_1_744' title='bbox 1244 2535 1326 2562; x_wconf 72' lang='lat' dir='ltr'>sexto</span> <span class='ocrx_word' id='word_1_745' title='bbox 1339 2531 1497 2562; x_wconf 81' lang='lat' dir='ltr'>universali</span> <span class='ocrx_word' id='word_1_746' title='bbox 1509 2531 1633 2561; x_wconf 83' lang='lat' dir='ltr'>concilio</span> <span class='ocrx_word' id='word_1_747' title='bbox 1642 2540 1785 2562; x_wconf 66' lang='lat' dir='ltr'>convene»</span> 
     </span>
    </p>
   </div>
   <div class='ocr_carea' id='block_1_89' title="bbox 963 2575 1788 2616">
    <p class='ocr_par' dir='ltr' id='par_1_89' title="bbox 963 2575 1788 2616">
     <span class='ocr_line' id='line_1_90' title="bbox 963 2575 1788 2616; baseline 0 -10"><span class='ocrx_word' id='word_1_748' title='bbox 963 2580 1031 2606; x_wconf 89' lang='lat' dir='ltr'>runt</span> <span class='ocrx_word' id='word_1_749' title='bbox 1044 2576 1143 2606; x_wconf 83' lang='lat' dir='ltr'>Patres</span> <span class='ocrx_word' id='word_1_750' title='bbox 1155 2576 1378 2616; x_wconf 79' lang='lat' dir='ltr'>similiterjuxta</span> <span class='ocrx_word' id='word_1_751' title='bbox 1390 2575 1669 2616; x_wconf 77' lang='lat' dir='ltr'>quinquagesimum</span> <span class='ocrx_word' id='word_1_752' title='bbox 1684 2585 1788 2606; x_wconf 88' lang='lat' dir='ltr'>secun-</span> 
     </span>
    </p>
   </div>
   <div class='ocr_carea' id='block_1_90' title="bbox 963 2620 1788 2659">
    <p class='ocr_par' dir='ltr' id='par_1_90' title="bbox 963 2620 1788 2659">
     <span class='ocr_line' id='line_1_91' title="bbox 963 2620 1788 2659; baseline 0.001 -8"><span class='ocrx_word' id='word_1_753' title='bbox 963 2621 1032 2651; x_wconf 91' lang='lat' dir='ltr'>dum</span> <span class='ocrx_word' id='word_1_754' title='bbox 1050 2630 1195 2652; x_wconf 91' lang='lat' dir='ltr'>canonem</span> <span class='ocrx_word' id='word_1_755' title='bbox 1208 2620 1345 2652; x_wconf 89' lang='lat' dir='ltr'>sanciunt</span> <span class='ocrx_word' id='word_1_756' title='bbox 1355 2630 1420 2651; x_wconf 90' lang='lat' dir='ltr'>cum</span> <span class='ocrx_word' id='word_1_757' title='bbox 1434 2620 1621 2650; x_wconf 79' lang='lat' dir='ltr'>sanctissimo</span> <span class='ocrx_word' id='word_1_758' title='bbox 1632 2621 1788 2659; x_wconf 82' lang='lat' dir='ltr'>Agathone</span> 
     </span>
    </p>
   </div>
   <div class='ocr_carea' id='block_1_91' title="bbox 963 2664 1788 2706">
    <p class='ocr_par' dir='ltr' id='par_1_91' title="bbox 963 2664 1788 2706">
     <span class='ocr_line' id='line_1_92' title="bbox 963 2664 1788 2706; baseline 0.001 -11"><span class='ocrx_word' id='word_1_759' title='bbox 963 2675 1036 2706; x_wconf 84' lang='lat' dir='ltr'>papa</span> <span class='ocrx_word' id='word_1_760' title='bbox 1051 2666 1168 2696; x_wconf 85' lang='lat' dir='ltr'>dicente</span> <span class='ocrx_word' id='word_1_761' title='bbox 1181 2665 1223 2696; x_wconf 88' lang='lat' dir='ltr'>sic</span> <span class='ocrx_word' id='word_1_762' title='bbox 1237 2675 1243 2696; x_wconf 87' lang='lat'>:</span> <span class='ocrx_word' id='word_1_763' title='bbox 1264 2678 1276 2691; x_wconf 80' lang='grc' dir='ltr'><em>ι</em></span> <span class='ocrx_word' id='word_1_764' title='bbox 1292 2666 1322 2695; x_wconf 89' lang='lat' dir='ltr'>In</span> <span class='ocrx_word' id='word_1_765' title='bbox 1339 2665 1478 2696; x_wconf 88' lang='lat' dir='ltr'>omnibus</span> <span class='ocrx_word' id='word_1_766' title='bbox 1492 2665 1603 2695; x_wconf 88' lang='lat' dir='ltr'>sanctis</span> <span class='ocrx_word' id='word_1_767' title='bbox 1619 2664 1788 2704; x_wconf 80' lang='lat' dir='ltr'>Quadrage-</span> 
     </span>
    </p>
   </div>
   <div class='ocr_carea' id='block_1_92' title="bbox 961 2709 1787 2751">
    <p class='ocr_par' dir='ltr' id='par_1_92' title="bbox 961 2709 1787 2751">
     <span class='ocr_line' id='line_1_93' title="bbox 961 2709 1787 2751; baseline -0.001 -10"><span class='ocrx_word' id='word_1_768' title='bbox 961 2711 1234 2751; x_wconf 76' lang='lat' dir='ltr'>simaejejnniorum</span> <span class='ocrx_word' id='word_1_769' title='bbox 1247 2709 1363 2747; x_wconf 87' lang='lat' dir='ltr'>diebus,</span> <span class='ocrx_word' id='word_1_770' title='bbox 1378 2710 1442 2740; x_wconf 90' lang='lat' dir='ltr'>sine</span> <span class='ocrx_word' id='word_1_771' title='bbox 1453 2709 1581 2741; x_wconf 89' lang='lat' dir='ltr'>Sabbato</span> <span class='ocrx_word' id='word_1_772' title='bbox 1593 2713 1622 2740; x_wconf 89' lang='lat' dir='ltr'>et</span> <span class='ocrx_word' id='word_1_773' title='bbox 1633 2709 1787 2740; x_wconf 89' lang='lat' dir='ltr'>Dominico</span> 
     </span>
    </p>
   </div>
   <div class='ocr_carea' id='block_1_93' title="bbox 962 2753 1786 2795">
    <p class='ocr_par' dir='ltr' id='par_1_93' title="bbox 962 2753 1786 2795">
     <span class='ocr_line' id='line_1_94' title="bbox 962 2753 1786 2795; baseline -0.001 -10"><span class='ocrx_word' id='word_1_774' title='bbox 962 2755 1022 2795; x_wconf 84' lang='lat' dir='ltr'>die,</span> <span class='ocrx_word' id='word_1_775' title='bbox 1032 2756 1132 2786; x_wconf 86' lang='lat' dir='ltr'>etsine</span> <span class='ocrx_word' id='word_1_776' title='bbox 1143 2764 1156 2784; x_wconf 90' lang='lat' dir='ltr'>s</span> <span class='ocrx_word' id='word_1_777' title='bbox 1168 2758 1244 2784; x_wconf 72' lang='lat' dir='ltr'>incto</span> <span class='ocrx_word' id='word_1_778' title='bbox 1255 2754 1494 2786; x_wconf 82' lang='lat' dir='ltr'>Annunliationis</span> <span class='ocrx_word' id='word_1_779' title='bbox 1506 2753 1565 2789; x_wconf 82' lang='lat' dir='ltr'>die,</span> <span class='ocrx_word' id='word_1_780' title='bbox 1585 2753 1632 2784; x_wconf 82' lang='lat' dir='ltr'>ﬁat</span> <span class='ocrx_word' id='word_1_781' title='bbox 1648 2753 1738 2784; x_wconf 88' lang='lat' dir='ltr'>missa</span> <span class='ocrx_word' id='word_1_782' title='bbox 1751 2763 1786 2785; x_wconf 92' lang='lat' dir='ltr'>ex</span> 
     </span>
    </p>
   </div>
   <div class='ocr_carea' id='block_1_94' title="bbox 963 2797 1787 2837">
    <p class='ocr_par' dir='ltr' id='par_1_94' title="bbox 963 2797 1787 2837">
     <span class='ocr_line' id='line_1_95' title="bbox 963 2797 1787 2837; baseline -0.002 -7"><span class='ocrx_word' id='word_1_783' title='bbox 963 2798 1223 2830; x_wconf 82' lang='lat' dir='ltr'>antesanctiﬁcatis</span> <span class='ocrx_word' id='word_1_784' title='bbox 1229 2798 1437 2829; x_wconf 89' lang='lat' dir='ltr'>oblationibus.</span> <span class='ocrx_word' id='word_1_785' title='bbox 1454 2811 1464 2825; x_wconf 71' lang='grc' dir='ltr'>ιι</span> <span class='ocrx_word' id='word_1_786' title='bbox 1475 2797 1523 2828; x_wconf 82' lang='lat' dir='ltr'>Sic</span> <span class='ocrx_word' id='word_1_787' title='bbox 1531 2806 1599 2837; x_wconf 81' lang='lat' dir='ltr'>ergo</span> <span class='ocrx_word' id='word_1_788' title='bbox 1606 2797 1787 2837; x_wconf 90' lang='lat' dir='ltr'>accipientes</span> 
     </span>
    </p>
   </div>
   <div class='ocr_carea' id='block_1_95' title="bbox 964 2841 1786 2882">
    <p class='ocr_par' dir='ltr' id='par_1_95' title="bbox 964 2841 1786 2882">
     <span class='ocr_line' id='line_1_96' title="bbox 964 2841 1786 2882; baseline -0.001 -5"><span class='ocrx_word' id='word_1_789' title='bbox 964 2853 1016 2877; x_wconf 90' lang='lat' dir='ltr'>nos</span> <span class='ocrx_word' id='word_1_790' title='bbox 1032 2844 1161 2876; x_wconf 75' lang='lat' dir='ltr'>Sabbato</span> <span class='ocrx_word' id='word_1_791' title='bbox 1179 2847 1206 2874; x_wconf 94' lang='lat' dir='ltr'>et</span> <span class='ocrx_word' id='word_1_792' title='bbox 1222 2843 1376 2875; x_wconf 88' lang='lat' dir='ltr'>Dominica</span> <span class='ocrx_word' id='word_1_793' title='bbox 1405 2843 1465 2882; x_wconf 81' lang='lat' dir='ltr'>die,</span> <span class='ocrx_word' id='word_1_794' title='bbox 1491 2851 1578 2873; x_wconf 89' lang='lat' dir='ltr'>secus</span> <span class='ocrx_word' id='word_1_795' title='bbox 1594 2843 1710 2874; x_wconf 89' lang='lat' dir='ltr'>tertiam</span> <span class='ocrx_word' id='word_1_796' title='bbox 1726 2841 1786 2876; x_wconf 91' lang='lat' dir='ltr'>diei</span> 
     </span>
    </p>
   </div>
  </div>
