1975 3071
164 163 248 196 1019
647 169 672 199 Ν
676 169 799 200 [GETA]
817 170 983 202 PECTORA

1052 171 1204 202 CONTRA.
1226 172 1400 203 LATINOS.
1790 172 1868 205 1020

165 231 326 283 horam,_in
341 241 399 281 qua
415 232 588 283 et_Spiritus
603 238 722 283 sanctus
738 235 894 283 descendit
904 247 994 278 super
1004 246 1022 268 Α
1036 239 1090 270 bus
1098 239 1242 279 ipsorum,
1254 240 1330 280 quia
1342 240 1428 271 nobis
1439 241 1720 280 prmdictisuntmon
1728 241 1861 282 abjicere

165 275 594 327 discipulos,immolant-es,in
607 278 680 327 ipsis
692 280 910 327 sanctiﬁcamus
924 275 990 313 tnu-
1034 275 1189 325 episcopos
1204 275 1429 325 etipresbyteros
1439 275 1598 317 occasione
1606 275 1773 326 religionis:
1786 297 1862 317 uxo-

160 328 243 359 ncra,
254 329 288 350 ex
300 320 643 372 quibussut’ﬁcientiain
654 327 713 372 tota
724 324 990 372 hebdomadacon-
1032 320 1080 359 res
1093 320 1266 366 sanxerunt,
1283 334 1312 359 et
1328 320 1360 360 ut
1374 330 1517 361 caderent
1532 340 1581 361 res
1598 320 1806 371 episcoporum
1824 341 1860 362 ex

161 373 326 416 servamus.
344 365 375 396 In
388 366 454 396 aliis
470 371 568 416 autem
585 367 690 416 diebus
704 369 991 411 hebdomadisjuxta
1034 374 1227 413 potestatibus
1244 365 1345 404 eorum
1363 379 1482 415 propter
1492 375 1568 406 ﬁlios
1581 365 1761 406 etinulieres
1773 376 1859 416 ipso-

163 412 278 449 tempus
291 410 371 441 bone
385 420 469 441 nonae
482 411 541 442 diei
551 412 764 444 concludentes
776 424 896 446 omnem
907 416 993 446 mini-
1033 410 1112 449 rum.

163 454 373 504 strationemin
383 456 992 504 consummationemcompletorii,agimus
1074 462 1150 494 XVI.
1163 462 1193 494 Si
1205 467 1303 494 autem
1313 463 1420 504 aliquis
1444 463 1552 494 dixerit
1568 464 1606 495 de
1622 469 1724 495 sancta
1741 468 1771 495 et
1786 465 1859 495 uni-

163 499 468 548 nossacerdotescum
479 500 992 548 diaconibusingressum,thuribu-
1032 508 1137 538 versali
1155 508 1277 548 synodo,
1295 499 1373 548 quod
1400 518 1503 548 papam
1519 509 1620 539 Romae
1636 509 1859 541 sanctissimum

163 544 224 574 lum
233 544 327 594 solum
342 544 485 594 ferentes.
493 545 528 576 Et
537 550 603 585 post
611 545 770 594 lectionem
780 549 990 594 prophetarum
1032 544 1578 593 Agathonem,utsae-pissimediximus,
1587 563 1796 594 praesessorem
1806 555 1862 585 ha-

162 591 340 619 constitutas
355 591 505 640 orationes
520 599 537 620 a
553 599 658 640 magno
675 591 783 640 Basilio
800 593 991 640 iacientes,et
1034 596 1179 637 buit,ipsa
1187 591 1698 637 centumseptuagintal’atrdm,sed
1713 597 1860 629 Constan-

163 643 287 684 munera
296 634 515 684 transferentes
525 635 830 684 appositionisaltario
838 642 867 684 et
875 643 992 670 orantes
1034 634 1298 681 tino-imperatore,
1306 634 1550 681 nepoteiieraclii
1559 647 1587 672 et
1596 634 1677 682 patre
1684 642 1859 674 Justiniani:

162 687 229 728 cum
245 678 331 729 ipsis:
349 678 474 729 Insuper
490 683 587 729 autem
601 683 630 710 et
643 681 780 729 traditam
798 682 883 713 nobis
898 693 915 729 a
929 685 991 714 Do—
1033 678 1181 726 quomodo
1199 696 1257 716 non
1274 678 1387 717 obstitit
1401 686 1517 716 divinus
1530 678 1666 726 Agathou
1682 692 1792 718 sanctae
1809 697 1861 728 sy-

165 724 245 774 inino
258 724 422 774 orationem
433 724 579 774 dicentes,
590 724 752 774 exaltamus
762 728 990 766 praesanctiﬁcas
1031 724 1410 762 nodosancientiadversus
1418 731 1472 761 hoc
1482 724 1671 771 impiosquos
1678 741 1771 772 usque
1780 724 1862 763 nunc

165 771 226 819 tum
242 777 363 819 panem,
381 772 410 798 et
424 768 529 817 damus
545 769 790 819 praasanctiﬁcata
805 776 905 803 sancta
921 782 991 819 san-
1031 775 1161 806 habetis?
1171 775 1201 806 Si
1216 784 1284 805 vero
1296 775 1332 805 ab
1340 775 1480 815 apostolis
1493 768 1642 806 haberetis
1654 776 1706 806 has
1719 768 1841 806 traditio
1852 793 1861 799 ~

165 815 230 849 ctis,
372 815 582 863 com-munione
594 823 671 853 pane
683 819 711 863 et
726 815 817 863 calice
829 817 988 863 mysterio-
1032 828 1094 856 nes,
1113 819 1270 850 obsisteret
1292 819 1425 855 forsitan,
1456 825 1486 850 et
1514 829 1572 850 non
1601 821 1781 860 suscepisset
1796 821 1861 851 haec

165 865 230 887 rum
248 856 367 907 Christi.
385 857 476 907 ita
490 862 613 897 agentes
624 859 732 897 gratias
742 860 817 907 ‘Deo,
829 860 990 900 linquimus
1001 892 1019 907 η
1032 873 1097 903 quae
1113 863 1190 903 apud
1208 872 1262 894 nos
1278 863 1314 894 ab
1330 873 1364 893 ea
1388 864 1569 903 promulgata
1595 869 1674 895 sunt.
1690 856 1773 904 'Papa
1789 874 1859 894 cum

165 910 218 932 eos
234 905 322 942 atque
339 902 517 932 dimittimus
532 912 566 932 ex
580 903 820 942 congregatione.
838 910 989 936 sumentes
1002 902 1019 916 ⁰
1033 902 1231 948 essetvester,
1246 907 1385 948 quoniam
1397 908 1545 938 adulteras
1556 902 1752 947 cognoscebat
1764 909 1860 939 tradi-

166 955 220 996 ηοέ
232 955 422 996 communem
439 955 573 996 mensam
589 956 641 996 per
655 948 723 996 folia
741 953 769 978 et
785 949 946 988 legumina,
962 955 991 981 et
1034 953 1129 983 tiones
1141 953 1221 992 ipsas
1231 957 1259 983 et
1271 956 1425 982 extraneas
1436 952 1472 982 ab
1484 953 1685 992 apostolorum
1702 953 1858 983 doctrina:

165 990 290 1041 calidam
307 1001 411 1032 aquam
429 991 479 1041 qui
497 991 657 1041 voluerint:
684 991 760 1041 Sunt
789 997 887 1024 autem
901 1000 929 1025 et
942 995 991 1026 alii
1034 990 1191 1037 propterea
1202 990 1526 1036 paritercuml’atribus
1536 1006 1626 1027 sacrae
1638 997 1857 1037 sextaesynodi,

166 1036 215 1076 qui
229 1036 758 1081 solacommunioneetbenedictione
767 1042 912 1078 pertotam
922 1049 989 1080 per—
1033 1036 1110 1072 sicut
1125 1042 1162 1072 de
1177 1042 1289 1081 azymis
1304 1046 1333 1072 et
1359 1041 1483 1081 jejuniis
1509 1041 1704 1072 Sabbatorum
1721 1036 1861 1072 et’sacra:

165 1085 302 1112 severant
317 1080 546 1126 hebdomadam.
563 1080 622 1126 Vos
645 1087 741 1112 autem
759 1082 921 1114 referentes
939 1094 992 1124 per
1034 1086 1130 1116 missae
1140 1086 1299 1126 mysteriis,
1315 1080 1398 1116 sicet
1413 1086 1450 1116 de
1466 1086 1574 1125 nuptiis
1587 1085 1774 1116 sacerdotum
1788 1095 1862 1125 pro-

167 1134 410 1166 unumquemque
428 1125 506 1156 diem
531 1125 689 1164 perfectam
717 1126 747 1156 in
762 1126 992 1167 Quadragesima
1034 1125 1288 1170 mulgavitdicens
1300 1131 1329 1160 in
1342 1130 1458 1160 decimo
1471 1130 1555 1160 tertio
1566 1132 1662 1170 capite
1680 1139 1686 1161 :
1708 1143 1721 1157 α
1739 1129 1814 1166 Quia
1828 1131 1859 1160 in

168 1171 429 1210 ministrationem,
441 1179 505 1210 quae
515 1179 646 1209 congrua
657 1171 788 1210 estjuxta
801 1173 916 1202 tertiam
934 1173 988 1203 ho-

165 1225 228 1246 ram
243 1215 303 1246 diei
328 1215 439 1250 oﬂ‘erri,
465 1214 576 1254 positos
603 1216 845 1254 transgredimini
861 1226 992 1248 canones

162 1260 313 1291 Ecclesiae.
325 1259 394 1290 Etin
404 1259 460 1289 hoc
471 1259 673 1290 maledictioni
686 1260 804 1291 Patrum
817 1261 988 1301 subjacetis,

162 1305 241 1336 sicut
256 1305 365 1336 dictum
384 1308 440 1336 est.

203 1349 264 1380 XV.
282 1349 353 1385 Quis
369 1349 420 1379 ille
436 1352 481 1379 est
504 1348 554 1388 qui
586 1348 706 1380 tradidit
731 1349 813 1380 vobis
829 1351 989 1390 prohibere

164 1399 193 1425 et
207 1394 385 1425 abscindere
402 1392 518 1433 nuptias
531 1393 722 1424 sacerdotum
731 1394 745 1423 ἱ)
755 1394 826 1430 Quis
838 1404 872 1425 ex
884 1396 988 1427 docto—

161 1438 246 1469 ribus
256 1438 396 1469 Ecclesiaa
408 1438 483 1468 hanc
495 1436 576 1467 vobis
590 1438 711 1468 tradidit
727 1439 896 1478 pravitatem
910 1443 924 1471 ‘?
941 1439 987 1471 Si-

163 1483 284 1523 quidem
302 1483 360 1513 nisi
372 1481 520 1522 nupserit,
529 1482 838 1522 manusimpositionis
849 1485 978 1524 accipiet

1032 1176 1232 1206 Romanorum
1240 1174 1411 1206 Ecclesiain
1418 1175 1651 1205 ordinecanonis
1662 1174 1860 1214 tradicogno-

1032 1219 1136 1259 vimus,
1150 1224 1309 1259 praesentes
1321 1219 1438 1249 diaconi
1449 1224 1498 1249 aut
1509 1219 1671 1259 presbyteri
1683 1218 1787 1258 dignas
1796 1220 1861 1249 t'ore

1033 1274 1173 1295 manuum
1187 1264 1396 1304 impositiones
1408 1264 1556 1294 conﬁteri.
1572 1268 1602 1294 ut
1615 1273 1685 1294 nom
1696 1263 1825 1303 amplius
1842 1274 1860 1294 a

1030 1309 1091 1339 suis
1104 1309 1311 1348 disjungautur
1323 1308 1509 1348 Conjugibus.
1525 1309 1586 1339 Nos
1597 1308 1750 1348 antiquum
1767 1317 1860 1339 exse-

1030 1358 1155 1393 quentes
1165 1363 1310 1384 canonem
1318 1353 1656 1393 aposwlicazdiligentize
1665 1353 1861 1384 etordinatio-

1032 1398 1088 1435 nis,
1103 1402 1272 1429 sanctorum
1282 1398 1412 1428 virorum
1424 1397 1625 1437 copulationes
1636 1397 1800 1427 secundum
1812 1397 1860 1428 le—

1032 1452 1098 1481 gem
1110 1447 1138 1473 et
1149 1453 1165 1474 a
1176 1443 1263 1473 modo
1273 1443 1369 1473 valere
1382 1442 1527 1479 volumus,
1541 1441 1710 1472 nullatenus
1719 1451 1736 1471 a
1749 1442 1858 1481 conju-

1033 1497 1100 1527 gum
1112 1487 1299 1527 copulatione
1311 1487 1506 1517 dissolvenles
1517 1490 1567 1517 aut
1587 1486 1736 1525 privantes
1750 1494 1802 1516 eos
1816 1487 1854 1516 ab

163 1527 198 1558 Et
213 1528 254 1558 ita
270 1527 306 1558 ad
323 1527 441 1567 nuptias
456 1526 524 1563 ruit,
543 1527 593 1567 qui
608 1527 759 1558 ordinatus
775 1533 821 1560 est
837 1529 987 1570 innuplus,
1000 1532 1020 1558 (ἶ
1033 1526 1173 1568 invicem,
1187 1531 1352 1562 secundum
1372 1535 1487 1568 tempus
1504 1539 1666 1569 congruum
1684 1531 1852 1562 locationis.

111 1567 118 1573 ’
163 1572 309 1612 legitime,
326 1573 389 1603 Hoc
402 1575 430 1602 et
445 1572 607 1601 secundum
618 1581 746 1603 canones
764 1573 870 1608 facitis,
884 1567 989 1614 hujus-

165 1618 244 1648 modi
256 1617 372 1657 nuptias
384 1616 600 1657 prohibentes?
621 1616 651 1648 Si
664 1621 762 1647 autem
774 1622 842 1648 ante
853 1618 990 1651 habuerit

165 1672 286 1694 uxorem
301 1662 352 1692 ille
370 1662 419 1702 qui
432 1661 584 1692 ordinatus
594 1663 798 1701 estsacerdos,
815 1672 985 1702 persevera-

163 1707 298 1747 veritque
313 1707 343 1737 in
359 1706 493 1737 castitate
511 1715 676 1746 magnaque
702 1706 771 1746 vita,
791 1708 907 1747 nuptias
923 1709 987 1748 ejus

164 1752 286 1792 solvitis,
305 1751 555 1791 transgredimini,
575 1756 605 1782 ut
622 1761 656 1781 cx
678 1757 827 1792 prtecepto
843 1753 986 1792 apostoli-

163 1806 264 1828 corum
278 1805 425 1827 canonum
443 1795 595 1826 ostendam
608 1795 701 1826 vobis.
716 1795 748 1826 In
764 1800 845 1826 sexto
857 1798 937 1828 enim
952 1798 987 1828 li-

163 1842 217 1873 bro
233 1840 393 1873 Clementis
409 1840 626 1870 ordinationum
644 1850 708 1880 quas
720 1840 755 1870 ab
767 1850 801 1873 eo
810 1843 988 1881 conscriptae

161 1887 336 1926 sunt,juata
347 1886 506 1926 septimum
522 1884 670 1915 decimum
684 1886 910 1926 caputApostoli
925 1887 987 1918 haec

161 1931 282 1963 dicunt:
304 1944 317 1959 α
335 1931 513 1971 Episcopum
529 1934 558 1960 et
573 1929 779 1970 presbyterum
792 1931 988 1962 etdiaconum

161 1976 299 2012 dicimus,
313 1975 363 2016 qui
373 1985 459 2006 unam
468 1975 717 2014 habentuxorcm,
730 1974 986 2015 ordinari,quam-

163 2021 205 2052 vis
221 2021 317 2052 vivant
333 2030 432 2052 eorum
448 2020 601 2060 conjuges,
617 2019 749 2060 quamvis
758 2020 914 2058 defunclze,
928 2031 986 2051 non

163 2066 232 2097 licet
248 2076 299 2098 eos
315 2069 382 2107 post
398 2075 503 2096 manus
519 2065 742 2105 impositionem
754 2065 895 2105 innuptos
909 2075 986 2102 esse,

161 2121 216 2142 nec
232 2111 355 2151 insuper
366 2111 401 2141 ad
415 2110 533 2150 nuptias
545 2110 660 2147 irc,aut
670 2109 694 2140 si
707 2110 872 2150 nupserint,
881 2111 989 2144 alteras

161 2157 313 2196 amplecti,
327 2156 379 2186 sed
386 2155 603 2195 sufﬁcerequus
616 2154 726 2185 habent
737 2164 803 2185 cum
813 2155 849 2185 ad
861 2155 982 2186 ordina-

1032 1576 1105 1612 Quia
1116 1586 1183 1607 vero
1193 1576 1290 1616 siquis
1302 1576 1409 1615 dignus
1420 1576 1558 1606 inventus
1570 1574 1668 1611 fuerit,
1683 1575 1855 1605 manusim-

1032 1621 1178 1660 positione
1194 1621 1336 1651 diaconus
1351 1619 1394 1649 vel
1412 1619 1611 1650 subdiaconus
1627 1623 1676 1649 aut
1687 1619 1853 1659 presbyter,

1030 1665 1078 1696 hic
1094 1665 1263 1695 nullatenus
1280 1664 1469 1704 prohibeatur
1483 1663 1521 1694 ad
1545 1664 1716 1703 bujunmodi
1731 1664 1855 1702 gradum

1028 1710 1203 1747 ascendere,
1222 1708 1339 1748 conjugi
1355 1708 1578 1739 cohabitaturus
1593 1708 1722 1747 legitime
1737 1718 1744 1746 ;
1761 1718 1859 1748 neque

1030 1756 1058 1786 in
1073 1759 1206 1794 tempore
1217 1753 1548 1791 ordinationisexigatur
1557 1753 1632 1783 conti
1640 1753 1693 1782 teri
1709 1753 1744 1783 ad
1759 1753 1856 1792 legem

1031 1799 1156 1840 propriae
1171 1799 1326 1830 locationis
1337 1803 1457 1838 propter
1472 1797 1621 1837 propriam
1638 1806 1773 1827 uxorem.
1789 1810 1800 1826 υ
1819 1798 1858 1828 Et

1030 1849 1096 1884 post
1109 1853 1215 1884 pauca:
1233 1857 1246 1871 (ι
1260 1844 1291 1874 Si
1304 1844 1368 1883 quis
1381 1852 1450 1881 ergo
1460 1841 1683 1882 prmsumpserit
1695 1846 1776 1872 extra
1788 1851 1857 1882 apo-

1030 1889 1149 1920 stolicos
1160 1889 1281 1919 ordines
1294 1889 1557 1928 motusquemalam
1566 1896 1718 1917 sacrorum
1732 1887 1857 1927 presby-

1031 1938 1160 1964 terorum
1177 1938 1206 1964 et
1216 1933 1410 1964 diaconorum
1423 1932 1536 1972 privare
1550 1941 1566 1962 a
1581 1931 1768 1971 copulatione
1780 1931 1857 1971 legi-

1031 1978 1167 2009 timarum
1185 1978 1353 2011 mulierum,
1372 1986 1389 2007 a
1415 1977 1623 2006 communione
1640 1980 1856 2016 scqueslretur.

1030 2023 1174 2054 Similiter
1181 2022 1276 2062 siquis
1284 2021 1435 2062 presbyter
1442 2021 1856 2051 autdiaconuscollactaneam

1031 2077 1112 2098 suam
1129 2067 1285 2097 occasione
1301 2066 1452 2106 religionis
1483 2066 1654 2106 projecerit,
1670 2070 1830 2104 separetur
1848 2077 1856 2103 ;

1032 2121 1225 2151 perseverans
1242 2115 1338 2142 autem
1356 2112 1532 2150 deportatur.
1550 2122 1563 2140 »

1052 2156 1137 2188 XVII.
1151 2156 1235 2188 Unde
1247 2156 1336 2194 igitur
1350 2156 1432 2186 vobis
1443 2159 1472 2186 et
1484 2165 1517 2185 ex
1527 2155 1636 2195 quibus
1644 2156 1687 2186 ha:
1695 2155 1857 2186 horribiles

162 2201 274 2231 tionem
291 2204 445 2231 venerunt.
463 2212 475 2227 ιι
491 2201 521 2231 in
534 2199 637 2239 quinto
648 2203 818 2230 sanctorum
837 2209 982 2230 canonum
995 2197 1213 2233 Dinﬁrmitates
1225 2205 1470 2241 supervenerunt,
1485 2210 1500 2231 ο
1514 2201 1567 2230 viri
1588 2201 1788 2231 Romanorqu
1804 2210 1856 2230 sa-

161 2245 202 2276 ita
212 2245 289 2276 fatur
301 2245 329 2275 in
344 2245 361 2276 2
373 2254 437 2285 cap.
453 2256 458 2273 :
488 2256 499 2272 ιι
524 2244 689 2284 Episcopus
705 2248 754 2274 aut
767 2253 774 2282 ι
786 2243 919 2284 resbyler
936 2249 985 2274 aut

161 2289 304 2321 diaconus
312 2299 432 2320 uxorem
443 2298 525 2319 suam
538 2298 595 2318 non
604 2288 725 2328 abjiciat
735 2288 855 2318 obtentu
869 2289 986 2328 religio-

162 2335 228 2372 nis;
245 2335 269 2365 si
286 2339 383 2366 autem
394 2333 777 2374 abjecerit,sequeslretur.
788 2334 987 2365 Perseverans

160 2384 260 2410 autem
275 2379 451 2420 deponatur.
468 2391 478 2406 υ
493 2378 758 2418 Inquadragesimo
775 2387 843 2408 vero
860 2388 986 2411 canone,

160 2425 300 2465 inquiunt
317 2424 431 2464 palam:
449 2438 459 2450 ι
475 2423 605 2463 Propria:
617 2422 750 2463 episcopi
765 2432 822 2454 res.
840 2435 850 2451 ι»
871 2424 906 2454 Et
922 2423 988 2463 post

161 2478 272 2510 pauca:
290 2481 299 2497 α
316 2468 357 2499 Ne
369 2467 526 2499 occasione
537 2467 806 2498 ecclesiasticartun
820 2477 919 2497 rerum
934 2477 984 2498 ca-

164 2516 235 2546 dere
251 2515 420 2556 episcopum
437 2515 473 2545 ab
489 2514 531 2545 eis
550 2524 614 2554 quae
627 2518 695 2544 sunt
710 2513 852 2553 episcopi,
871 2514 900 2544 in
919 2524 984 2544 mu-

165 2562 267 2591 lierem
281 2565 309 2591 et
321 2569 427 2600 pueros
436 2564 464 2590 et
476 2559 667 2600 propinquos,
684 2568 720 2589 ne
733 2567 784 2598 per
799 2558 985 2589 occasionem

162 2615 278 2642 eorum,
292 2615 328 2636 ea
339 2614 403 2645 quae
415 2603 985 2635 Ecclesizesuutsublrahat.)Etdeimle:

164 2663 174 2678 α
187 2650 339 2689 Siquidem
351 2654 418 2680 sunt
429 2650 479 2690 qui
493 2647 988 2689 prohibeantsaccrdoteslegitimis

161 2695 345 2735 conjugibus.
367 2707 378 2721 η
397 2694 462 2725 Non
478 2694 518 2724 ita
532 2693 658 2724 vertices
676 2692 876 2732 apostolorum
893 2701 984 2731 expo-

161 2744 285 2770 suerunt
297 2739 514 2770 ecclesiasticos
529 2746 670 2768 canones.
683 2737 713 2768 Si
724 2741 821 2767 autem
833 2736 908 2766 dicis
919 2746 985 2766 mu-

161 2785 266 2815 lierem
283 2783 447 2815 Ecclesiam
463 2783 573 2814 dixisse
594 2783 756 2823 apostolos,
777 2786 844 2812 tunc
858 2780 988 2811 inﬁdelis

161 2828 366 2868 apparebitsea
376 2838 424 2859 mo
435 2833 500 2860 tuus
512 2833 540 2859 et
553 2837 673 2866 vacuus,
688 2837 753 2858 cum
766 2825 858 2857 sacris
870 2827 988 2856 canoni-

1029 2246 1205 2286 pieutissimi
1218 2250 1245 2276 et
1255 2245 1519 2276 omniumaliarum
1527 2245 1637 2284 getium
1646 2245 1831 2275 nobilissimi
1845 2246 1857 2275 ἴ

1029 2290 1153 2321 /Estimo
1165 2291 1240 2330 quod
1251 2290 1369 2330 quidam
1382 2299 1416 2320 ex
1429 2289 1539 2321 Judaeis
1549 2289 1577 2319 iu
1591 2294 1723 2329 tempore
1732 2293 1856 2328 aposto-

1032 2335 1127 2365 lu'um
1139 2335 1307 2371 credentes,
1322 2344 1355 2364 va
1379 2344 1395 2364 a
1406 2334 1487 2365 lucra
1499 2334 1652 2373 cupientes
1664 2343 1694 2363 et
1711 2333 1856 2372 pecunia-

1032 2389 1095 2410 rum
1108 2384 1253 2410 amatores
1263 2379 1384 2419 reperti,
1395 2379 1528 2410 volentes
1535 2379 1642 2408 multos
1649 2378 1781 2408 ﬁdeliqu
1789 2378 1858 2408 abs-

1031 2425 1148 2454 trahere
1161 2435 1194 2454 ex
1203 2424 1370 2463 Evangelia,
1378 2425 1433 2454 hoc
1441 2429 1496 2459 est,
1509 2432 1542 2452 ex
1551 2422 1620 2452 ﬁdei
1629 2422 1853 2462 pt‘tedicatione,

1030 2469 1176 2509 corruptis
1183 2469 1252 2499 dum
1262 2469 1527 2509 prmdixisscnteis,
1538 2469 1566 2498 in
1577 2469 1631 2498 hoc
1639 2467 1855 2498 etChristiani-

1030 2519 1072 2544 tzis
1085 2518 1112 2544 e'.
1122 2513 1293 2545 Judaismus
1304 2518 1442 2553 corrupta
1453 2518 1530 2543 sunt.
1549 2513 1590 2543 De
1606 2512 1856 2553 quibusJoaunes

1029 2559 1163 2589 fatuscst:
1177 2571 1186 2586 (ι
1198 2558 1237 2588 Ex
1247 2559 1330 2589 nobis
1339 2558 1484 2595 exierunt,
1502 2559 1554 2589 sed
1572 2568 1629 2588 non
1646 2562 1779 2588 erantex
1795 2567 1853 2588 no—

1030 2603 1075 2634 bis
1104 2603 1135 2634 Si
1152 2604 1231 2634 enim
1246 2603 1368 2633 inissent
1386 2613 1420 2633 ex
1437 2603 1532 2639 nobis,
1550 2602 1782 2643 permansissenl
1797 2602 1856 2632 uti-

1030 2659 1085 2688 que
1102 2649 1255 2680 nobiscum
1274 2649 1295 2688 (l
1314 2649 1403 2679 Joun.
1423 2657 1454 2685 u,
1481 2649 1541 2688 19),
1566 2662 1576 2675 ιι
1596 2649 1632 2680 de
1649 2648 1693 2678 his
1708 2647 1758 2687 qui
1773 2647 1856 2678 circa

1027 2693 1179 2723 Simonem
1205 2698 1233 2723 et
1256 2693 1379 2729 Deman,
1406 2692 1620 2733 Nicolaumque
1645 2697 1673 2722 et
1698 2691 1854 2723 Cleobium

1029 2737 1222 2768 subtexendo.
1236 2737 1370 2777 Reliquia
1380 2741 1478 2767 autem
1490 2737 1631 2769 vertiCum
1643 2737 1673 2767 in
1686 2736 1812 2776 septimo
1822 2737 1854 2766 li-

1029 2781 1081 2812 bro
1093 2781 1312 2813 Institutionum
1323 2782 1528 2821 juxlaseitum
1541 2782 1691 2812 decimum
1713 2785 1801 2820 caput
1816 2781 1855 2811 Ii-

1030 2826 1149 2866 quidius
1166 2827 1319 2858 dixerunt:
1335 2838 1348 2855 α
1368 2825 1486 2857 Scimus
1501 2827 1592 2865 enim,
1609 2826 1717 2866 inquit,
1734 2825 1805 2865 quia
1825 2826 1858 2857 hi
