1975 3071
107 183 187 215 1021

455 182 657 214 HUMBERTI
678 182 709 213 S.
732 183 768 212 R.
792 182 826 212 E.
850 179 1082 212 CARDINALIS
1103 180 1255 212 CONTRA
1281 180 1465 212 NICETAM.

1730 178 1808 211 1022

110 250 179 291 qui,
192 250 271 281 circa
282 249 434 281 Simonem
447 253 475 280 et
486 249 639 281 Cleobium
653 247 946 286 etludam,conscri-
956 251 975 275 Α
989 255 1078 284 nunc,
1092 247 1171 287 quod
1185 247 1313 287 primum
1325 250 1491 281 esteorum.
1501 244 1812 291 exomuiaDeoinspi-

113 299 242 335 pserunt
257 294 348 325 libi-os
365 295 394 325 in
411 294 533 325 nomine
561 293 671 325 Christi
687 298 714 324 et
729 293 942 333 discipulorum

110 340 193 379 ejus,
208 339 421 371 circumferunt
432 339 466 369 ad
477 338 828 374 seductionemvestram,
845 342 873 368 et
890 346 943 368 eo—

113 393 184 414 rum
199 383 250 424 qui
265 383 391 423 diligunt
406 383 567 420 Christum,
583 386 612 413 et
626 392 680 413 nos
695 391 795 413 servos
810 382 915 422 ipsius.
927 393 941 409 »

113 428 153 458 Et
169 427 200 458 in
215 428 367 459 veteribus
383 428 502 468 quidam
515 427 757 468 conscripserunt
767 426 858 457 libros
870 435 943 466 apo-

113 472 245 512 cryphos
257 472 349 512 Moysi
360 477 388 502 et
398 472 501 502 Enoch
512 476 540 502 et
550 472 655 512 Adam,
668 471 750 502 Isaia:
761 475 791 502 et
800 471 904 508 David,
917 474 946 501 et

114 516 202 554 Elite,
216 521 245 547 et
261 516 348 547 trium
361 517 606 557 patriarcharum,
620 516 944 556 corruptionesi’acien-

117 565 164 591 tes
179 565 267 601 atque
281 561 413 592 veritatis
427 561 566 592 inimicos
581 560 684 592 libros.
702 561 760 592 Sed
778 564 807 591 et
821 559 945 591 Paulum

115 606 239 637 Domini
251 606 417 646 apostolum
429 606 493 636 haec
504 605 721 646 praescientem,
733 609 765 636 ut
775 604 945 642 aastimo,sic

113 649 155 680 ad
165 660 216 681 vos
227 650 399 681 ascendisse
409 650 577 690 hujusmodi
587 650 772 687 seductores,
785 649 886 680 dolum
898 653 944 679 te-

115 698 224 725 xentes
234 694 326 733 vobis,
336 694 698 735 Philippensibusscribit:
710 693 835 725 «Videte
843 702 943 730 canes,

117 738 217 769 videte
225 738 317 769 malos
325 739 493 779 operarios,
501 738 598 769 videte
604 738 818 770 abscissionem
830 742 944 778 (Philip.

117 791 166 820 ut,
177 783 220 823 2).
238 795 249 810 n
264 783 301 815 Et
312 782 470 814 Timotheo
482 783 600 813 iterum:
613 795 626 811 α
636 782 669 814 In
681 782 791 813 ultimis
802 782 946 822 tempori-

118 827 177 858 bus
188 827 343 858 discedent
358 827 476 868 quidam
491 837 507 858 ει
516 828 585 865 ﬁde,
599 827 785 858 attendentes
793 826 946 867 spiritibus

117 876 150 902 et
164 871 309 903 doctrinis
323 871 504 908 daemonum,
537 872 566 902 in
591 872 740 912 hypocrisi
760 871 943 912 loquentium

120 916 288 952 mendacia,
300 920 328 946 et
338 915 542 947 incedentium
553 916 672 957 propria
683 915 877 956 conscientia,
891 916 943 946 im-

121 961 306 1002 pedientium
319 961 443 1000 nubere,
457 965 485 993 et
495 961 646 992 abstinere
660 971 677 992 a
692 961 766 992 cibis
783 971 856 1001 quos
867 962 946 992 Deus

118 1006 232 1037 creavit
242 1006 269 1046 (Ι
286 1007 361 1037 Tim.
379 1015 418 1046 iv,
440 1006 519 1046 1-3).
539 1018 552 1034 ι›
570 1006 606 1037 Et
620 1015 654 1037 ea
665 1016 730 1046 quae
741 1006 858 1036 exinde.
870 1007 945 1037 Pro-

120 1054 188 1091 pter
199 1050 277 1091 quod
299 1055 327 1082 et
346 1051 410 1082 Tito
427 1051 585 1091 praecepit:
613 1063 626 1078 α
643 1051 744 1090 Argue
761 1060 821 1086 eos,
838 1051 945 1091 inquit,

121 1094 247 1132 duriter,
259 1099 291 1126 ut
303 1095 366 1126 sani
378 1095 438 1126 sint
451 1095 481 1125 in
494 1095 564 1132 ﬁde,
577 1105 636 1126 non
646 1095 834 1126 attendentes
841 1094 946 1126 Judai-

119 1139 164 1170 cis
179 1139 297 1177 fabulis,
315 1145 344 1170 et
363 1140 519 1180 praeceptis
535 1140 688 1171 hominum
711 1139 946 1171 subvertentium

119 1184 278 1215 veritatem
293 1184 367 1223 (Tit.
386 1193 407 1221 1,
425 1185 487 1221 14).
508 1197 519 1213 ιι

163 1228 266 1260 XVIII.
284 1228 482 1264 Quamobrem
497 1228 724 1268 diligentissime
740 1228 948 1269 inquisivimus

121 1273 159 1303 de
171 1277 278 1303 cetero
289 1273 369 1304 circa
380 1273 454 1311 haec,
468 1283 484 1304 ο
496 1274 613 1310 fratres,
630 1282 666 1303 ne
677 1273 835 1314 aliquando
852 1281 887 1303 ex
902 1273 949 1303 his

121 1326 188 1357 quae
202 1317 282 1348 dicta
296 1322 363 1348 sunt
378 1321 408 1348 et
421 1318 582 1358 redargula
597 1317 678 1348 vobis
694 1317 858 1354 mendacia,
880 1317 947 1348 dico

121 1370 202 1392 nunc
216 1371 326 1402 azyma,
338 1361 665 1403 Sabbatorumjejunia,
677 1362 795 1402 nuptias
807 1361 947 1392 sacerdo-

124 1409 185 1437 tum
199 1409 228 1437 et
240 1406 269 1437 in
277 1406 400 1446 jejuniis
407 1406 572 1438 oblationes
580 1405 732 1447 accipiatis
743 1415 750 1444 ;
761 1406 813 1437 sed
820 1405 949 1437 scientes

985 295 1047 321 rata
1058 290 1229 332 Scriptura;
1242 291 1333 330 fugite
1347 301 1410 331 quia
1421 290 1592 331 hujusmodi
1601 289 1810 329 suntactitare,

986 345 1054 366 cum
1064 335 1128 366 sitis
1140 335 1272 367 Ecclesia
1285 335 1339 366 Dei
1350 339 1379 366 et
1391 336 1480 367 totius
1493 335 1573 366 orbis
1585 343 1704 374 semper
1713 333 1811 374 splen-

986 379 1075 411 didus
1091 380 1206 416 oculus,
1224 385 1257 410 ut
1272 380 1347 411 uniti
1364 379 1449 410 uehis
1463 380 1568 410 vestris
1584 379 1785 409 confratribus
1802 387 1809 409 :

986 433 1060 464 quos
1077 434 1130 465 per
1139 425 1202 464 jam
1213 424 1291 455 dicta
1302 424 1443 461 scidistis,
1454 434 1520 455 cum
1533 423 1596 454 sitis
1606 433 1713 463 corpus
1723 422 1808 454 Chri-

987 470 1024 501 sti
1042 480 1050 507 ;
1066 470 1197 502 revelata
1211 471 1285 502 facie
1301 471 1425 509 gloriam
1440 470 1559 501 Domini
1574 470 1604 500 in
1620 474 1765 500 concentu
1782 474 1811 500 et

988 514 1099 546 unitate
1111 524 1177 545 cum
1191 515 1353 546 orthodoxa
1364 515 1422 545 ﬁde
1429 514 1684 555 conspeculemur,
1697 517 1726 544 et
1735 513 1809 543 ima-

986 558 1084 598 ginem
1095 559 1159 599 ejus
1168 559 1447 590 transformemusin
1457 558 1810 591 nobis.vivademonstra-

987 602 1080 639 tione,
1096 608 1126 634 et
1140 603 1232 643 ipsius
1247 604 1283 634 ad
1313 603 1436 643 gloriam
1461 603 1685 644 sempiternam,
1703 602 1782 633 sicut
1795 612 1812 632 a

987 647 1105 678 Domini
1120 648 1238 689 spiritu,
1254 648 1392 688 quoniam
1409 648 1473 688 ipse
1488 646 1808 688 estcaputnostraaEc-

986 691 1084 723 clesiae
1094 693 1245 733 corporis;
1258 697 1287 724 et
1299 693 1330 723 in
1345 702 1380 723 eo
1396 693 1472 724 sicut
1487 693 1518 723 in
1535 702 1592 723 uno
1600 701 1811 733 corpore,om—

988 746 1042 767 nes
1058 746 1112 767 nos
1127 737 1348 777 conjungim'ur.

1026 780 1102 812 XIX.
1114 781 1183 812 Haec
1193 781 1276 812 vobis
1288 781 1440 814 Romanis.
1454 781 1485 813 Si
1497 791 1568 820 ergo
1585 780 1732 822 possimus
1747 790 1810 818 vos,

988 835 1054 856 cum
1066 826 1131 857 sitis
1141 827 1289 863 homines,
1304 828 1340 858 ad
1348 827 1552 858 credulitatem
1563 827 1717 858 nobiscum
1724 825 1812 856 redu-

987 879 1056 901 cere
1067 879 1122 912 per
1135 880 1170 902 ea
1181 881 1246 912 quae
1257 871 1396 910 diximus,
1410 875 1438 903 et
1453 872 1587 902 docendo
1598 881 1649 902 vos
1663 880 1697 902 ex
1714 870 1813 901 divina

987 916 1140 956 Scriptura
1151 916 1301 956 arguimus
1317 927 1323 954 ;
1336 917 1429 956 gratia
1439 917 1502 954 Dei,
1517 921 1545 947 et
1556 916 1638 947 vobis
1649 915 1811 947 scientibus

987 959 1064 991 bene
1072 960 1193 1001 Spiritui
1208 969 1311 992 sancto
1328 961 1465 1002 credere,
1475 965 1503 992 et
1514 961 1653 1002 prosequi
1665 960 1811 991 rationem

984 1005 1046 1045 jam
1059 1005 1166 1036 dictam
1179 1015 1214 1036 ex
1227 1005 1435 1046 Scripturis.Si
1447 1014 1515 1037 vero
1524 1005 1610 1037 aliter
1620 1004 1811 1044 tenetis,date

989 1049 1075 1080 nobis
1087 1050 1257 1081 testimonia
1269 1059 1302 1081 ex
1314 1051 1412 1082 divina
1428 1051 1580 1091 Scriptura
1596 1049 1789 1081 consistentia
1803 1059 1809 1078 :

988 1093 1019 1124 in
1035 1094 1142 1134 quibus
1157 1095 1222 1125 volo
1236 1094 1398 1126 benevolos
1413 1105 1464 1126 vos
1480 1105 1558 1132 8:58,
1575 1099 1606 1126 ut
1621 1103 1710 1134 super
1725 1093 1812 1124 sedes

988 1138 1193 1180 intelligentiae
1207 1140 1412 1180 requiescatis,
1431 1144 1459 1171 et
1474 1149 1538 1177 nos,
1557 1137 1813 1170 scientesobedire

987 1179 1180 1214 inenarrabili
1192 1179 1298 1215 rationi
1314 1184 1449 1224 spiritus,
1467 1185 1576 1215 docere
1587 1183 1687 1215 omnia
1697 1192 1763 1224 qum
1775 1182 1811 1213 ad

988 1237 1041 1258 vos
1055 1227 1240 1268 scripsimus.
1255 1228 1423 1260 Salutamus
1437 1238 1486 1260 vos
1501 1229 1531 1259 in
1548 1227 1664 1260 Christo
1675 1228 1744 1259 Jesu
1752 1226 1812 1258 Do-

990 1271 1070 1302 mino
1082 1276 1193 1310 nostro,
1207 1273 1253 1303 cui
1265 1277 1309 1304 est
1320 1273 1413 1313 gloria
1434 1277 1461 1304 et
1484 1273 1625 1313 potentia,
1642 1281 1709 1303 cum
1726 1272 1813 1302 Patre

989 1320 1019 1348 et
1033 1316 1145 1357 Spiritu
1169 1322 1285 1359 sancto,
1310 1328 1388 1349 nunc
1417 1322 1445 1349 et
1467 1327 1597 1358 semper,
1615 1322 1642 1349 et
1659 1317 1689 1347 iu
1705 1315 1813 1347 saecula

990 1361 1178 1393 saeculorum.
1196 1364 1302 1395 Aan.

303 1486 394 1518 Fim's
409 1486 504 1518 libelli
519 1487 640 1527 Nicetes,
652 1487 824 1528 presbyteri
838 1489 866 1518 et
882 1487 1026 1518 monachi
1045 1487 1223 1518 monasterii
1238 1486 1353 1526 Studii,
1372 1491 1479 1520 contra
1495 1487 1630 1519 Latinos.

1344 1566 1793 1581 Μ

859 1631 1065 1672 lNClPlT

393 1736 780 1790 RESI‘ONSIU
827 1736 981 1789 SlVE
1029 1736 1547 1791 CONTRADlllTlO

753 1842 791 1874 ΙΝ
814 1844 975 1875 EUMDEM
999 1843 1195 1875 LIBELLUM

532 1926 587 1973 A
627 1926 938 1974 FRATRE
985 1926 1422 1975 HUMBERTO

700 2017 876 2048 EPISCOPO
898 2017 1021 2048 SILVAE
1044 2018 1233 2049 CANDID/E.

165 2159 186 2190 Ι.
204 2160 235 2191 Si
252 2159 411 2198 diligenter
438 2163 547 2190 sanctae
576 2159 826 2191 Chalcedonensis
841 2160 973 2201 synodiC
986 2159 1247 2198 leonis,etmurum
1258 2160 1477 2192 adamantinum
1489 2158 1815 2200 fraugeretentastilln-

128 2210 262 2246 quartum
279 2206 498 2236 considerasses
513 2208 611 2245 caput,
629 2205 728 2245 quiete
746 2207 907 2237 monastica
918 2212 947 2238 et

124 2250 247 2289 jejuniis
256 2254 342 2291 atque
354 2250 573 2281 orationibusin
583 2249 761 2280 monasterio
772 2254 820 2280 tuo
828 2255 948 2281 conten-

127 2299 371 2335 tus,nequaquam
378 2294 587 2325 ecclesiasticis
595 2294 682 2324 rebus
689 2303 753 2324 com
759 2304 783 2324 m
789 2295 948 2332 unicasses,

128 2349 179 2369 nec
190 2339 441 2380 importunitatem
457 2339 617 2370 intulisses.
629 2339 930 2379 Quaproptersexcen
939 2358 947 2363 -

129 2388 221 2414 torum
234 2384 494 2424 tringintal’atrum
503 2384 642 2415 concordi
652 2384 772 2414 decreto
784 2394 799 2414 ιι
812 2394 948 2415 commu-

130 2428 216 2459 nione
245 2438 276 2459 es
305 2438 477 2470 suspensus,
503 2438 540 2459 ne
570 2438 623 2469 per
649 2432 676 2458 te
706 2437 814 2459 nomen
832 2429 948 2460 Domini

129 2471 540 2514 blasphemeturﬂecetenim
548 2482 714 2513 unamquaz:
729 2482 785 2512 que
793 2474 950 2513 professio-

129 2528 192 2549 nem
205 2527 237 2550 se
251 2519 305 2549 sub
317 2528 454 2550 mensura
467 2518 511 2549 sui
521 2518 638 2548 habitus
649 2517 790 2556 etgradus
798 2518 947 2555 cohibere,

128 2573 163 2594 ne
175 2563 332 2594 conturbet
343 2562 689 2602 ecclosiasticidogmatis
697 2561 831 2592 ordinem
840 2567 948 2604 totum,

128 2607 208 2646 dum,
225 2618 282 2639 non
300 2618 351 2639 suo
367 2612 524 2639 contentus
540 2606 650 2647 ofﬁcio,
666 2606 827 2646 praeripere
844 2608 950 2647 quaerit

129 2652 265 2684 alienum.
278 2653 334 2685 Sed
348 2663 387 2685 vae
404 2653 467 2691 tibi,
481 2652 642 2689 Sarabaita,
658 2652 708 2692 qui
720 2652 801 2682 nulla
817 2652 949 2684 coenobi-

130 2697 174 2728 tali
182 2698 366 2730 examinatus
375 2697 698 2738 disciplina,voluntate
706 2700 794 2737 atque
801 2696 950 2737 voluptate

129 2742 230 2773 ductus
246 2744 378 2784 propria,
404 2747 507 2774 contra
530 2747 664 2773 sanctam
696 2746 724 2772 et
741 2743 904 2773 Romanam
922 2746 950 2772 et

127 2787 478 2827 apostolicamEcclesiam
488 2792 513 2818 et
523 2786 654 2817 omnium
662 2791 949 2818 sanctorumPatrum

129 2831 250 2863 concilia
259 2832 444 2864 horribiliter
458 2831 582 2872 latrasti,
595 2831 812 2869 stultiorasino,
823 2831 949 2862 frontem

988 2213 1046 2244 quo
1056 2205 1158 2245 utique
1171 2210 1289 2243 conatu,
1303 2215 1361 2236 non
1373 2212 1417 2237 est
1429 2206 1521 2237 victor
1531 2205 1652 2244 erroris,
1661 2204 1711 2235 sed
1721 2204 1815 2236 victus

990 2258 1091 2280 errore
1103 2261 1109 2285 ;
1119 2260 1174 2281 nec
1186 2250 1351 2291 presbyter,
1365 2252 1415 2282 sed
1429 2251 1610 2282 inveteratus
1623 2250 1738 2280 dierum
1750 2259 1814 2279 ma-

990 2294 1097 2332 lorum,
1107 2300 1216 2335 etpuer
1227 2299 1347 2326 centum
1360 2305 1505 2326 annorum
1520 2295 1693 2325 maledictus
1703 2304 1710 2330 ς
1720 2297 1816 2334 potius

991 2339 1134 2371 dicendus
1140 2340 1296 2380 Epicurus,
1308 2350 1395 2381 quam
1403 2341 1564 2371 monachus
1571 2365 1574 2370 .
1581 2339 1640 2370 Nec
1647 2338 1815 2369 credendus

989 2393 1021 2414 es
1033 2385 1140 2424 degere
1152 2385 1182 2416 in
1192 2386 1370 2416 monasterio
1381 2386 1482 2423 studii,
1494 2386 1545 2415 sed
1555 2386 1584 2416 in
1597 2384 1814 2424 amphitheatro

990 2430 1194 2470 autlupanari.
1207 2429 1357 2466 Quietiam
1368 2440 1435 2461 vere
1446 2429 1813 2470 prienouiinarispectom-

993 2479 1049 2510 lus.
1068 2475 1206 2515 quoniam
1224 2485 1290 2506 cum
1308 2482 1447 2515 serpente
1468 2475 1590 2515 antiquo
1606 2484 1697 2515 super
1711 2482 1816 2515 peetus

994 2524 1072 2549 tuum
1091 2519 1342 2557 graderis.Quod,
1355 2520 1431 2551 sicut
1448 2521 1567 2560 quidam
1586 2521 1701 2550 Patrum
1715 2519 1788 2550 dixit
1806 2529 1812 2549 :

996 2576 1006 2589 «ι
1026 2563 1200 2604 Quicunque
1216 2565 1286 2601 vult,
1315 2564 1405 2595 intrat
1434 2571 1461 2595 et
1489 2565 1573 2595 solvit
1588 2565 1703 2595 asinum
1721 2574 1727 2594 :
1748 2576 1761 2592 ιι
1781 2573 1815 2594 ex

991 2608 1172 2640 abundantia
1181 2609 1260 2639 enim
1270 2609 1368 2640 cordis
1378 2619 1410 2639 os
1419 2609 1673 2650 loquitur(.llullh.
1685 2617 1736 2646 xu,
1752 2608 1813 2645 34).

990 2653 1104 2684 Deinde
1117 2653 1321 2685 detestabilior
1331 2665 1341 2683 ι
1351 2654 1571 2691 mniveueﬁcio,
1582 2654 1658 2685 labia
1671 2653 1814 2684 mortiferi

992 2698 1090 2738 poculi
1106 2698 1194 2729 melle
1210 2698 1364 2729 charitatis
1381 2703 1410 2730 et
1440 2699 1517 2730 bono
1534 2699 1626 2729 odore
1642 2697 1815 2729 humilitatis

992 2742 1140 2782 imbuens,
1158 2752 1191 2773 ex
1208 2742 1358 2783 praedictis
1369 2743 1525 2774 virtutibus
1536 2743 1712 2774 delectabile
1728 2742 1813 2773 exhi—

993 2787 1083 2818 buisti
1098 2787 1286 2827 prooemium,
1304 2792 1336 2817 ut
1360 2793 1534 2828 priegustata
1562 2788 1687 2818 dulcedo
1703 2787 1814 2818 faceret

991 2831 1208 2870 incunctanter,
1221 2831 1374 2863 absorberi
1389 2833 1427 2864 fel
1443 2832 1604 2864 draconum
1621 2836 1649 2864 et
1663 2832 1810 2873 reliquum
