1975 3071
150 155 226 189 1023

667 160 891 194 HUMBERTIS
913 163 946 194 S.
968 163 1004 194 R.
1028 163 1062 194 E.
1086 163 1320 195 CARDINALIS

1764 164 1842 196 102‘

145 225 334 275 veneficium2
346 226 402 257 Sed
415 236 456 275 va:
468 227 494 258 ei
506 227 554 275 qui
565 231 647 275 potat
665 228 792 259 amicum
809 239 895 261 suum
913 242 968 273 ρο-
979 243 999 261 Α
1012 232 1143 264 tenebris
1153 233 1285 265 ambulat
1297 233 1425 274 (lJoan.
1440 243 1472 271 η,
1487 234 1527 270 9).
1543 247 1556 262 ››
1571 234 1626 265 Hic
1642 234 1729 275 plane
1745 235 1840 275 liquet

146 269 227 300 tione
238 270 406 302 turbulenta
418 274 424 301 ε
438 271 530 307 Quam
545 272 612 302 ideo
624 275 820 304 necessariam
832 269 970 308 duximus

145 313 292 344 subtiliori
305 314 395 346 linteo
408 317 534 346 colatum
546 316 601 357 ire,
611 321 641 347 ut
652 318 756 347 modus
763 320 969 352 concinnatic-

146 357 317 404 nis.ej_us,et
329 361 459 399 potentia
469 361 654 401 aliquatenus
667 363 758 401 possit
770 364 969 404 deprehendi,

146 406 174 432 et
189 401 336 450 deinceps
352 406 458 443 caveri,
477 405 546 446 quia
560 405 727 445 ingreditur
738 401 858 450 blande,
876 411 928 441 sed
939 401 969 442 in

144 446 477 495 novissimodmordebit
491 455 523 481 ut
551 451 685 487 coluber.
716 456 745 483 et
758 452 834 484 sicut
849 446 970 495 regulus

142 500 257 523 venena
270 492 427 526 diti‘undet.

183 536 309 584 Il._Ecce
325 539 354 569 in
371 539 435 580 ipso
451 540 591 572 livoratus
606 541 648 572 tui
663 541 808 573 vestibulo
825 543 881 574 tria
896 554 968 584 pro-

143 581 279 621 posuisti:
291 583 328 614 de
337 593 437 624 azymo
446 585 576 622 scilicet,
586 585 623 616 de
632 585 764 617 Sabbato
775 590 805 618 et
817 588 854 618 de
868 581 969 620 sacer-

143 625 244 670 dotum
255 627 374 666 nuptiis.
389 628 429 659 Ex
441 629 547 670 quibus
567 633 608 660 tot
622 635 651 662 et
666 635 745 661 tanta
761 631 924 670 evomuisti,
939 639 970 665 ut

142 669 172 700 in
183 672 378 710 pervertendo
385 673 498 704 divinas
505 674 667 705 sententias
676 685 734 705 non
746 669 968 709 inferiorvidea-

143 714 185 764 ris
200 717 348 764 perversis
357 722 387 764 et
400 719 526 750 rabiosis
539 719 782 751 canibusiuliano
796 725 824 752 et
833 722 966 764 Porphy-

142 759 199 790 rio.
216 760 350 802 Denique
359 762 451 793 divini
465 763 574 804 eloquii
586 765 695 795 scalam
706 765 741 796 ad
758 766 848 797 caelos
858 759 964 799 subre-

144 807 231 842 ctam,
249 811 390 846 quantum
408 807 437 838 in
454 812 482 839 to
498 809 564 846 fuit,
581 809 726 840 retorsisti
741 811 776 840 ad
792 810 913 850 inferos,
929 823 965 845 ne

1012 277 1090 315 quod
1100 287 1157 308 non
1167 278 1202 308 ab
1212 278 1344 319 apostolo
1356 283 1468 316 sancto,
1483 278 1533 309 sed
1544 278 1720 319 abapostata
1733 281 1839 318 angelo

1012 322 1165 362 accepisti,
1181 330 1208 353 ut
1223 323 1355 354 diceres:
1369 323 1432 361 Qui
1446 332 1518 364 ergo
1533 333 1642 363 azyma
1659 325 1797 364 comedit,
1809 327 1840 354 in

1013 367 1149 398 tenebris
1164 367 1238 406 legis
1253 367 1400 406 ambulat,
1415 368 1484 408 quia
1502 372 1561 398 tota
1577 369 1770 408 epistolailla,
1781 378 1838 399 nec

1012 411 1220 442 fermentatum
1233 422 1288 444 nec
1296 422 1427 453 azymum
1439 417 1664 451 commemorat,
1679 413 1731 444 sed
1740 414 1836 444 solum

1011 455 1198 487 charitatem.

1051 501 1084 532 V.
1103 502 1172 532 Post
1186 501 1250 531 haec
1266 508 1325 532 non
1341 501 1449 532 minori
1480 501 1636 542 sacrilegio
1653 503 1764 534 abusus
1779 502 1838 533 alio

1011 545 1182 576 testimonio
1199 545 1332 585 ejusdem
1349 546 1474 585 apostoli
1490 546 1634 577 dicentis:
1656 559 1667 574 α
1681 547 1756 578 Tres
1765 551 1839 578 sunt

1012 590 1061 630 qui
1073 590 1276 621 testimonium
1289 590 1447 630 perhibent
1458 591 1488 621 in
1505 594 1594 628 terra,
1608 592 1747 632 Spiritus,
1760 601 1838 632 aqua

1012 638 1040 665 et
1050 634 1181 675 sanguis,
1199 639 1227 665 et
1243 635 1272 666 hi
1287 638 1348 665 tres
1365 645 1455 666 unum
1472 640 1540 666 sunt
1561 636 1588 676 (1
1602 636 1697 667 Joan.
1713 646 1740 673 v,
1756 637 1773 667 7
1793 647 1800 676 ;
1821 649 1833 663 ιι

1011 689 1149 719 perverse
1156 680 1274 710 conaris
1280 679 1315 710 ad
1323 688 1429 718 panem
1438 679 1655 711 menszeChristi
1663 681 1837 718 transferre,

1009 724 1086 764 quod
1095 724 1143 755 ille
1152 724 1188 754 de
1195 723 1340 763 baptismo
1348 724 1509 764 ejusvoluit
1517 725 1666 757 intimare.
1680 725 1835 766 Inbaptis-

1008 768 1282 808 mosiquidemhazc
1295 769 1473 806 triasunt,et
1490 779 1581 800 unum
1601 770 1748 810 baptisma
1769 771 1835 801 effi-

1007 813 1266 853 ciunt.ElSpiritus
1273 813 1392 853 quidem
1399 814 1655 854 sanctificat,aqua
1663 815 1837 852 abluit,san-

143 857 209 879 cum
225 851 339 898 angelis
366 852 528 898 scanderes
556 854 592 884 ad
622 855 796 895 catholicos,
827 856 879 886 sed
897 851 1834 898 cumnguisrediinit.Siquodlibethorumdefuerit,baptismus

143 896 288 943 apostasis
299 897 501 929 descenderes
511 898 546 929 ad
557 899 722 930 haireticos.
736 899 808 931 Inde
821 908 863 932 est
873 904 963 943 quod,

142 944 253 971 sanctae
267 942 408 972 Romana
424 947 452 973 et
467 943 638 982 apostolicae
653 944 732 975 sedis
748 946 893 977 sacriﬁcio
910 948 964 978 de-

142 984 272 1020 trahens,
289 985 449 1018 falsissime
461 988 621 1019 definivisti
633 998 687 1019 nos
700 999 832 1021 mensam
844 991 964 1023 Judan-

137 1032 195 1059 rtm
211 1030 382 1077 comedere.
401 1031 482 1067 Quod
500 1033 574 1064 satis
589 1034 756 1064 ostenditur
770 1035 800 1065 in
816 1033 964 1077 superiori

138 1077 238 1104 nostra
254 1076 434 1114 narratione,
452 1077 503 1107 ubi
519 1080 694 1109 commentis
705 1076 883 1119 complicum
896 1086 963 1112 tuo-

138 1127 215 1163 rum,
230 1119 385 1151 Michaelis
395 1121 511 1152 scilicet
522 1122 837 1163 Constantinopolitani
851 1126 962 1156 elLeo-

140 1162 185 1193 nis
198 1163 338 1196 Acridani
362 1166 511 1197 voluimus
536 1166 669 1198 obviare.
695 1162 756 1199 Nec
783 1173 826 1200 est
842 1179 963 1202 necesse

139 1207 242 1238 eadem
259 1218 312 1240 nos
330 1210 417 1241 toties
432 1217 581 1251 repetere.
611 1212 685 1249 Quia
700 1217 814 1253 stuppae
830 1215 961 1246 collecta:

136 1256 165 1299 et
180 1253 277 1293 palea:
292 1255 436 1295 conjectze
452 1257 632 1297 zizaniisque
647 1257 778 1288 collectis
796 1269 853 1289 una
866 1263 961 1299 potest

136 1297 255 1329 ﬂamma
264 1299 412 1332 sufficere.
430 1301 514 1332 Unde
527 1311 561 1332 ea
574 1306 685 1333 tantum
695 1297 960 1335 decreviinuslevi-

137 1345 183 1372 ter
198 1345 391 1383 succendere,
409 1355 473 1386 qua:
498 1346 580 1377 solus
605 1347 714 1378 videris
730 1347 795 1387 plus
810 1347 869 1378 illis
885 1359 959 1380 con—

136 1395 275 1425 gessisse.

176 1430 225 1461 lII.
243 1433 344 1473 Itaque
359 1434 437 1474 quod
455 1435 554 1465 dixisti
569 1435 850 1467 consubstantialem
864 1441 892 1467 et
906 1447 958 1467 su-

137 1476 416 1515 persubstantialem
426 1479 506 1510 idem
515 1489 591 1517 esse,
602 1480 722 1510 omnino
730 1485 772 1511 est
781 1481 874 1512 futile.
887 1482 959 1518 Quia

137 1519 528 1563 Dominus]esus,quamvis
541 1524 626 1555 nobis
635 1525 819 1556 humanitate
831 1526 868 1556 sit
884 1537 957 1557 con-

1008 910 1067 931 uon
1093 902 1159 939 erit,
1177 902 1254 933 sicut
1278 902 1455 933 venerabilis
1472 908 1555 942 pater
1569 903 1752 942 Augustinus
1767 904 1808 934 ait
1826 915 1832 934 :

1012 957 1022 972 α
1041 944 1125 976 Tolle
1142 955 1259 986 aquam,
1278 956 1338 976 non
1355 950 1401 976 est
1417 947 1591 987 baptismus,
1611 947 1681 978 tolle
1698 947 1832 988 verbum,

1007 998 1067 1019 non
1083 989 1312 1030 estbaptismus.
1328 990 1637 1022 Sedacceditverbum
1648 991 1685 1022 ad
1697 992 1833 1022 elemen-

1009 1037 1119 1069 tum,et
1128 1034 1159 1064 tit
1172 1039 1404 1065 sacramentum.
1416 1047 1426 1063 ι
1437 1035 1480 1066 Tu
1487 1041 1584 1066 autem
1596 1045 1722 1076 nequam
1731 1040 1832 1076 pecto~

1004 1081 1079 1118 rate,
1093 1079 1461 1119 nequiterinterpretando
1469 1085 1497 1110 et
1508 1081 1695 1120 depravando
1707 1085 1832 1111 senten-

1005 1122 1072 1152 tiam
1082 1123 1286 1154 recumbentis
1296 1134 1386 1163 super
1398 1124 1588 1164 pectusJesu,
1604 1125 1722 1156 dixisti:
1741 1125 1783 1155 Ει
1798 1126 1834 1156 lii

1005 1171 1065 1198 (res
1078 1168 1109 1198 in
1120 1177 1180 1199 uno
1201 1173 1283 1206 sunt,
1296 1169 1412 1200 scilicet
1427 1169 1458 1199 in
1473 1178 1597 1209 corpore
1613 1169 1733 1206 Christi,
1749 1171 1830 1210 quod

1003 1211 1128 1242 dilectus
1137 1213 1202 1252 ejus
1214 1223 1269 1244 nec
1280 1213 1384 1250 sensit,
1398 1223 1453 1244 nec
1464 1214 1593 1254 scripsit,
1607 1214 1670 1250 sed,
1692 1224 1706 1244 ι
1720 1214 1750 1244 hi
1764 1218 1824 1244 tres

1002 1265 1093 1286 unum
1106 1262 1175 1288 sunt
1189 1257 1315 1295 (IJoan.
1328 1267 1376 1294 vn,
1391 1259 1430 1297 8),
1443 1274 1455 1286 ιι
1465 1259 1629 1289 secundum
1641 1259 1829 1298 superiorem

1002 1301 1038 1331 de
1055 1301 1202 1342 baptismo
1220 1311 1354 1333 sensum.

1042 1345 1090 1377 VI.
1107 1346 1197 1377 Parva
1213 1351 1281 1377 sunt
1297 1347 1359 1377 haec
1374 1351 1404 1378 et
1428 1357 1503 1387 pene
1519 1347 1600 1378 nulla
1614 1347 1650 1377 ad
1666 1356 1823 1387 compara-

1001 1390 1110 1420 tionem
1118 1391 1268 1431 sequentis
1278 1391 1482 1432 blasphemiaa,
1491 1401 1688 1432 quaassei-ere
1698 1392 1826 1433 laboras,

1000 1435 1077 1474 quod
1095 1440 1228 1475 tempore
1243 1436 1404 1466 Dominicae
1414 1437 1559 1475 passionis
1570 1440 1598 1467 et
1609 1437 1824 1474 crucifixionis,

1000 1480 1117 1519 quando
1124 1481 1242 1519 sanguis
1253 1485 1280 1510 et
1289 1490 1363 1520 aqua
1371 1481 1407 1511 de
1416 1481 1508 1512 latere
1523 1481 1586 1520 ejus
1594 1481 1691 1517 exivit,
1701 1485 1824 1511 sanctus

1000 1527 1028 1553 et
1035 1524 1166 1555 viviﬁcus
1177 1525 1298 1565 spiritus
1312 1526 1341 1556 in
1354 1525 1491 1556 deiﬁcata
1500 1525 1564 1565 ejus
1571 1534 1660 1556 carne
1667 1525 1826 1555 remansit.

137 1564 340 1610 substantialis
359 1577 366 1604 ;
392 1568 434 1598 sic
451 1572 479 1599 et
496 1569 631 1599 humanae
648 1579 758 1600 mensa:
771 1580 872 1610 panes,
890 1570 988 1602 licetC
1001 1568 1084 1605 Quod
1101 1570 1126 1599 si
1142 1564 1317 1610 constiterit,
1336 1575 1470 1600 mortuus
1487 1564 1545 1600 non
1560 1569 1625 1600 fuit.
1644 1569 1674 1600 Si
1691 1573 1824 1600 mortuus

137 1608 195 1640 sint
202 1611 469 1656 consubstantiales
476 1613 652 1651 sihi,mensae
659 1618 755 1644 tamen
763 1608 870 1646 divinae
877 1616 960 1656 panis

136 1655 428 1700 supersubstantialis
436 1659 590 1695 esteisiEt,
603 1659 960 1700 omentiteDeo,etaperte

137 1698 325 1744 impugnaor
339 1702 431 1732 sancti
447 1703 617 1741 EVnngelii!
636 1703 686 1734 ubi
704 1709 732 1735 et
747 1705 865 1744 quando
879 1698 960 1736 dixit

136 1743 263 1790 Veritas,
278 1747 390 1778 veracis
402 1747 495 1778 Patris
516 1748 607 1779 Filius
622 1757 628 1779 :
655 1762 668 1776 α
686 1743 792 1780 Cavete
807 1749 843 1780 ab
859 1759 958 1790 azymo

134 1788 279 1821 fermento
289 1792 505 1823 Pharisaeorum
516 1793 550 1824 ἲ(
559 1793 665 1833 (Πανί.
674 1803 735 1834 vni,
748 1795 806 1834 15).
821 1788 956 1835 Nunquid

135 1844 273 1875 azymum
290 1837 423 1876 quolibet
451 1839 538 1869 modo
555 1839 665 1878 ‘potest
693 1839 750 1869 dici
767 1839 956 1878 fermentum,

133 1881 252 1921 quando
264 1891 395 1922 azymum
412 1883 536 1920 dicatur,
551 1893 585 1914 eo
597 1883 674 1924 quod
685 1884 797 1924 absque
814 1885 958 1916 fermento

133 1925 194 1957 sit?
206 1930 234 1956 et
251 1926 420 1968 ubicunque
436 1929 614 1958 fermentum
628 1928 727 1969 fuerit,
740 1938 860 1960 necesse
875 1934 960 1961 estut

133 1975 184 2001 aut
195 1971 374 2002 fermentum
388 1973 505 2008 efficiat,
518 1977 567 2003 aut
580 1973 756 2004 fermentum
770 1975 960 2014 permaneat?

134 2014 207 2045 Cum
223 2024 292 2054 ergo
305 2016 512 2047 fermentatum
531 2027 588 2047 non
601 2017 637 2048 sit
650 2017 714 2048 sine
733 2019 889 2058 fermento,
903 2029 958 2050 nec

132 2059 310 2091 fermentum
319 2061 478 2102 aliquando
489 2062 580 2101 possit
589 2071 654 2092 esse
661 2063 726 2093 sine
737 2063 812 2103 ipso,
829 2073 956 2103 quomu~

132 2105 170 2137 do
178 2106 283 2136 saltem
294 2107 443 2137 somniare
452 2116 542 2137 ausus
553 2116 583 2137 es
591 2117 723 2146 azvmum
734 2108 957 2139 fermentatum?

133 2149 189 2181 Sed
207 2152 341 2190 quamvis
358 2151 425 2182 talia
441 2151 566 2182 dicendo
597 2152 667 2182 telas
681 2162 797 2184 araneae
815 2154 953 2189 texueris,

134 2187 250 2226 muscas
266 2200 295 2226 et
319 2196 433 2226 culices
460 2205 512 2227 seu
528 2197 704 2227 vermiculos
721 2197 800 2228 aberi
810 2202 894 2228 antes
909 2199 956 2229 his
968 2187 988 2211 θ

133 2240 252 2271 irretire
269 2241 380 2281 poteris
397 2251 404 2279 ;
434 2250 492 2271 non
509 2245 606 2272 autem
634 2242 788 2272 columbas
805 2243 958 2283 simplices

133 2290 163 2316 et
177 2294 245 2316 oves
260 2290 511 2325 recognoscentes
528 2295 629 2317 vocem
646 2286 692 2316 sui
707 2287 846 2318 aucturis.

173 2329 221 2361 IV.
240 2329 365 2368 Deinde,
383 2338 401 2362 ο
430 2329 573 2360 subverse
598 2330 768 2371 subversor,
786 2331 957 2363 subvertere

132 2379 255 2406 conatus
268 2375 444 2405 sententiam
457 2375 582 2414 apostoli
593 2375 715 2406 Joannis
728 2376 873 2408 dicentis:
896 2389 906 2404 ιι
925 2376 955 2408 Si

132 2419 295 2450 dixerimus
305 2419 374 2460 quia
383 2420 554 2450 serietatem
569 2419 713 2450 habemus
735 2430 801 2450 cum
820 2430 866 2453 eo.
882 2425 911 2452 et
926 2422 954 2451 in

132 2463 266 2494 tenebris
277 2463 472 2501 ambulamus,
485 2465 647 2495 mentimur
659 2469 685 2494 et
699 2474 757 2495 non
769 2465 891 2496 facimus
904 2475 954 2496 ve-

132 2509 249 2540 ritatem
267 2509 396 2541 (IJoan.
407 2517 428 2546 Ι,
441 2509 485 2549 6),
500 2522 512 2536 ››
528 2513 556 2540 et
568 2509 683 2540 caateris
696 2510 823 2550 nequius
836 2521 907 2541 usus
925 2520 956 2542 es

132 2555 188 2585 hoc
205 2555 268 2594 ejus
284 2554 466 2594 testimonio,
493 2563 579 2594 quam
606 2554 723 2584 adulter
738 2555 822 2585 oculo
839 2560 868 2586 et
883 2556 956 2586 latro

131 2599 221 2636 ferro,
234 2608 300 2639 qua:
309 2598 412 2639 utique
423 2598 499 2629 bona
514 2603 591 2629 sunt.
606 2599 651 2630 [lli
665 2599 742 2630 enim
760 2599 867 2630 lazdere
888 2604 954 2630 ten-

132 2648 194 2674 tant
208 2643 333 2684 aliquos,
351 2647 379 2673 tu
398 2643 523 2683 perdere
537 2647 669 2675 cunctos.
682 2643 767 2674 Unde
782 2648 810 2675 et
826 2644 867 2674 sic
883 2654 956 2675 eon-

131 2689 239 2719 cludis:
257 2689 315 2726 Qui
330 2697 400 2727 ergo
413 2697 526 2727 azyma
538 2689 677 2725 contulit,
693 2689 869 2720 intenebris
882 2689 955 2730 legis

130 2733 339 2766 ambulat.Sed
348 2733 425 2764 idem
433 2733 564 2764 Joannes
573 2733 770 2764 intentionem
780 2738 856 2764 tuam
866 2743 955 2765 enar-

129 2787 211 2816 rans,
228 2779 293 2808 luce
308 2778 418 2808 clarius
431 2778 626 2814 demonstrat,
637 2778 686 2817 qui
697 2778 814 2814 dixerit,
828 2779 953 2819 subjun-

131 2831 220 2863 gens:
233 2834 246 2850 α
255 2822 309 2860 Qui
318 2822 379 2853 odit
388 2831 471 2853 suum
480 2822 612 2862 fratrem,
622 2823 650 2853 in
665 2823 798 2854 tenebris
809 2828 864 2861 est,
880 2827 910 2855 et
924 2824 954 2854 in

1001 1622 1059 1643 non
1073 1613 1137 1649 fuit,
1149 1623 1245 1653 neque
1255 1613 1424 1644 resurrexit.
1434 1614 1532 1644 Sinon
1542 1614 1717 1651 resurrexit,
1730 1614 1827 1644 inanis

1002 1661 1046 1687 est
1061 1658 1134 1688 fides
1150 1662 1178 1687 et
1193 1658 1362 1698 prwdicatio
1378 1663 1490 1695 nostra,
1507 1658 1575 1699 quia
1592 1667 1647 1690 nec
1659 1668 1712 1688 nos
1723 1667 1826 1688 resur-

984 1700 1114 1743 Agemus.
1134 1705 1169 1734 Et
1198 1703 1273 1733 sicut
1300 1703 1459 1743 Apostolus
1474 1703 1514 1734 ait
1531 1712 1537 1734 :
1574 1715 1587 1730 α
1618 1703 1648 1734 Si
1664 1703 1700 1733 ad
1717 1703 1827 1734 bestias

1001 1748 1125 1787 pugnavi
1140 1747 1261 1787 Ephesi,
1279 1747 1349 1788 quid
1366 1748 1438 1778 mihi
1457 1749 1586 1787 prodest,
1605 1748 1630 1778 si
1646 1748 1755 1778 mortui
1767 1757 1825 1778 non

1000 1795 1201 1831 resurgunt?»
1219 1792 1247 1832 (l
1258 1793 1326 1822 Cur.
1339 1801 1388 1827 xv.
1401 1792 1464 1831 3:2.)
1479 1793 1591 1832 thuid
1600 1793 1679 1823 enim
1689 1792 1826 1832 quotidie

1000 1841 1079 1868 tanta
1087 1837 1230 1877 patimur?
1239 1836 1436 1868 Comedamus
1443 1842 1471 1867 et
1479 1837 1614 1868 bibamus
1623 1848 1629 1866 :
1645 1837 1703 1867 imo
1714 1837 1826 1867 bestia-

1001 1882 1068 1912 liter
1079 1891 1219 1920 vwamus,
1237 1891 1302 1912 cras
1317 1882 1396 1912 enim
1408 1886 1440 1912 ut
1453 1881 1555 1912 bestiae
1567 1883 1739 1912 moriemur.
1754 1881 1784 1912 Si
1797 1882 1827 1912 iu

1002 1926 1277 1957 bacvitatantumin
1299 1926 1415 1957 Christo
1432 1931 1587 1966 sperantes
1603 1935 1716 1963 sumus,
1734 1926 1827 1956 mise-

1000 1971 1599 2007 rabilioreserunibussumusbominibus;
1615 1971 1667 2001 sed
1676 1971 1753 2001 absit
1769 1971 1828 2001 hoc

999 2017 1035 2047 ab
1045 2017 1124 2047 omni
1132 2025 1241 2056 genere
1251 2015 1470 2046 humano?Nain
1481 2016 1558 2046 idem
1569 2016 1727 2056 praeclarus
1734 2025 1826 2047 evan-

999 2061 1112 2099 gelista,
1131 2061 1180 2101 qni
1198 2062 1253 2091 hoc
1284 2063 1379 2100 ipsum
1410 2069 1541 2100 prrescns
1570 2061 1652 2097 vidit,
1670 2065 1828 2091 attestatur

998 2114 1117 2135 carnem
1135 2105 1243 2136 Christi
1259 2113 1327 2135 vere
1344 2105 1541 2135 exanimatam
1565 2104 1595 2135 in
1612 2113 1701 2135 cruce
1716 2105 1823 2146 fuisse,

998 2150 1116 2181 dicens:
1135 2163 1145 2178 (ι
1162 2152 1195 2181 Et
1207 2150 1347 2181 inclinato
1360 2150 1454 2190 capite
1466 2149 1708 2190 emisitspiritum
1721 2151 1823 2190 (Joan.

999 2197 1136 2234 xix,30).
1158 2208 1169 2222 n
1199 2197 1290 2226 l’orro
1321 2195 1437 2225 Marcus
1469 2200 1497 2225 et
1528 2194 1620 2225 Lucas
1637 2195 1740 2225 dicunt
1755 2204 1825 2225 eum

998 2241 1164 2280 exspirasse
1180 2240 1287 2279 (.llurc.
1306 2248 1354 2275 xv,
1383 2240 1443 2277 39;
1470 2240 1532 2270 Luc
1558 2248 1640 2277 xxtu,
1659 2241 1721 2278 40).
1740 2240 1826 2271 L'ude

997 2286 1071 2317 etin
1089 2285 1220 2325 symbolo
1238 2285 1414 2315 confitemur
1434 2289 1587 2315 mortuum
1613 2289 1641 2315 et
1658 2284 1823 2324 sepultum.

999 2331 1117 2370 Alioqui
1134 2329 1254 2370 sepeliri
1271 2340 1328 2360 non
1346 2329 1460 2369 debuit,
1478 2329 1527 2369 qui
1543 2334 1680 2360 mortuus
1692 2329 1825 2360 nonfuit.

999 2375 1188 2411 Obmutesce,
1207 2375 1288 2405 canis
1305 2385 1311 2404 :
1326 2375 1467 2414 linguam,
1482 2375 1565 2404 canis
1582 2374 1728 2414 improbe,
1743 2384 1824 2405 mor-

998 2419 1056 2457 de;
1074 2419 1210 2451 Christus
1226 2419 1305 2449 enim
1319 2429 1387 2450 vere
1402 2423 1535 2449 mortuus
1565 2423 1609 2449 est
1633 2422 1754 2458 propter
1769 2419 1824 2449 de-

998 2464 1065 2494 licta
1083 2469 1192 2498 nostra.
1221 2468 1249 2494 et
1278 2469 1400 2504 propter
1428 2463 1672 2503 justiticationem
1690 2468 1821 2493 nostram

1000 2509 1096 2548 (lima.
1116 2519 1156 2546 iv,
1174 2509 1225 2546 25)
1239 2508 1402 2540 resurrexit
1419 2517 1435 2538 a
1460 2508 1584 2538 mortuis
1600 2508 1738 2548 primitiae
1754 2508 1824 2538 dor—

999 2553 1154 2583 mientium
1170 2554 1200 2592 (Ι
1215 2554 1282 2584 Cor.
1302 2562 1351 2592 xv,
1364 2553 1427 2592 20).

1041 2597 1099 2629 Vli.
1117 2597 1193 2628 Eme
1209 2598 1351 2637 pestifera
1362 2597 1508 2637 doctrina,
1516 2596 1740 2627 eccediabolica
1751 2606 1822 2636 sug-

997 2643 1105 2683 gestio,
1123 2643 1208 2682 cujus
1224 2648 1252 2673 tu
1265 2642 1389 2682 signifer
1401 2643 1524 2673 effectus
1537 2641 1656 2672 conaris
1667 2641 1825 2681 opiniones

998 2694 1026 2719 et
1041 2688 1268 2718 adinrentioues
1284 2692 1402 2718 tuorum
1419 2691 1522 2717 contra
1538 2686 1727 2717 traditionem
1735 2695 1824 2725 apos-

998 2734 1127 2768 tolicam,
1138 2737 1166 2762 et
1179 2737 1281 2763 contra
1289 2733 1470 2764 manifestam
1481 2732 1634 2762 veritatem
1647 2732 1823 2768 defendere,

997 2778 1144 2808 dicendo:
1158 2777 1270 2817 Aquam
1287 2778 1412 2808 calidam
1430 2783 1460 2809 et
1475 2777 1649 2817 sanguinem
1664 2777 1702 2808 de
1714 2776 1777 2806 vivo
1794 2780 1823 2807 et

996 2822 1090 2854 calido
1100 2822 1208 2854 Christi
1219 2832 1345 2863 corpore
1357 2823 1500 2864 exisse,et
1511 2822 1578 2853 ideo
1588 2823 1706 2854 Graecos
1713 2830 1822 2862 aquam
