1975 3071
118 208 204 240 1025

123 321 217 360 longe
232 320 317 351 aliter
331 326 386 351 est.
404 321 480 352 Nam
494 331 615 352 veraces
628 321 814 360 evangelistae
828 328 956 351 concor—

127 365 210 395 diter
217 365 500 397 narrantDominum
509 370 641 396 nostrum
654 366 726 396 hora
737 374 815 396 nona
825 365 855 395 in
871 372 959 395 cruce

129 413 295 446 mortuum,
311 414 341 440 et
356 419 422 441 sero
435 410 588 450 alosepho
599 410 776 450 postulatum
794 409 960 449 depositum

129 453 171 484 de
182 453 260 492 ligno
268 458 296 484 et
305 455 463 494 sepultum.
478 457 545 495 Ipso
552 454 631 485 enim
639 454 803 485 emittentte
811 453 960 493 spiritum,

129 498 232 528 velum
249 499 349 538 templi
380 503 409 529 et
436 503 525 539 petrae
554 500 653 530 scissae
679 503 758 536 sunt,
777 503 854 530 terra
870 501 961 533 mota,

131 550 328 574 monumenta
343 547 455 583 aperta,
482 548 511 574 et
537 545 627 574 multa
656 553 780 584 corpora
794 547 960 574 sanctorum

131 593 375 618 resurrexerunt.
402 588 435 619 In
464 592 543 619 tanta
571 589 671 628 itaque
699 588 920 629 perturbatione
935 590 964 617 et

132 632 219 671 quasi
235 633 386 672 naufragio
403 633 494 664 totius
522 638 674 670 creatum,
705 643 763 664 non
779 633 873 663 solum
889 633 963 662 latus

133 675 255 707 Domini
272 687 329 707 non
347 677 400 708 fuit
415 681 550 718 apertum
566 679 681 716 lancea,
697 678 749 708 sed
765 678 851 708 etiam
870 677 897 707 hi
915 679 964 717 qui

135 721 220 760 prius
233 721 258 751 ei
271 721 498 759 insultaverunt,
515 727 545 753 et
555 723 590 753 ad
600 723 800 762 spectaculum
813 722 884 752 illud
897 731 965 752 con-

134 770 289 804 venerant,
302 767 364 796 viso
377 771 546 798 terrmmotu
556 772 584 798 et
595 767 641 798 his
652 777 716 807 qum
727 767 845 804 fiebant,
863 771 965 806 pectus

135 819 222 840 suum
239 811 448 850 percutientes,
480 812 713 842 revertebantur.
742 812 826 842 Adeo
855 815 887 841 ut
902 811 965 851 ipse

136 855 286 893 centurio,
303 855 350 886 cui
362 856 485 886 traditus
510 856 603 886 fuerat
615 857 649 886 ad
667 857 862 896 puniendum,
880 856 964 886 dice-

133 903 203 929 ret:
221 909 235 928 α
247 899 324 930 Vere
335 900 387 931 Dei
399 901 476 932 ﬁlius
488 905 549 931 erat
560 902 614 931 iste
627 901 745 940 (Matth.
757 910 848 938 XXVII,
867 900 929 940 54,)
951 913 961 928 ι»

781 208 933 241 CONTRA
955 205 1138 239 NICETAM.

121 276 292 306 ferventem
305 276 448 316 sanguine
465 277 530 316 ejus
540 277 606 316 jure
622 276 760 307 miscere.
773 275 857 312 Quod
865 278 956 306 totum
967 279 986 302 Α

1749 200 1826 234 1096

1038 272 1085 303 ΙΧ.
1097 272 1140 304 Tu
1154 281 1224 303 vero
1239 271 1396 302 maledicte
1413 276 1441 302 et
1456 271 1629 302 maledictus
1650 281 1748 303 sermo
1764 271 1824 303 oris

997 318 1051 353 tui,
1069 317 1312 356 sanctamlcgem,
1336 317 1413 347 sicut
1430 315 1618 353 Severianus,
1636 317 1822 348 maledictam

1000 362 1111 393 dixisti.
1123 361 1184 392 Nec
1196 361 1303 393 mirum
1317 371 1382 392 cum
1393 360 1479 391 etiam
1493 370 1597 401 panem
1611 366 1691 392 tuum
1704 362 1825 393 laudare

1003 415 1091 446 supra
1108 406 1226 436 modum
1243 406 1377 446 cupiens,
1408 405 1530 436 nimium
1556 405 1726 446 vituperasti
1743 407 1824 437 illum

1004 451 1127 482 dicens:
1146 463 1158 478 ιι
1172 451 1318 481 Modicum
1328 451 1505 480 fermentum
1519 455 1607 480 totam
1620 460 1745 481 massam
1757 461 1824 482 cor-

1005 495 1126 535 rumpit,
1145 499 1173 526 et
1189 496 1272 535 panis
1289 495 1418 532 tandem,
1436 504 1495 524 non
1511 504 1642 534 azj'muni
1658 496 1796 527 elticitur.
1813 509 1823 524 ι

1002 539 1063 569 Deo
1080 540 1183 577 gratia,
1200 539 1268 579 quia
1292 549 1423 579 azymum
1441 549 1499 569 non
1528 539 1655 571 efficitur
1679 541 1716 571 de
1732 551 1827 572 massa

1004 585 1150 616 fermento
1162 591 1311 626 corrupta,
1325 586 1400 616 sicut
1412 590 1478 616 tuus
1491 585 1583 625 panis.
1597 587 1668 617 Nam
1676 588 1826 628 corruptio

1005 639 1156 670 nunquam
1175 635 1205 661 et
1221 639 1366 670 nusquam
1383 630 1411 660 in
1442 629 1551 660 bonum
1579 631 1742 671 accipitur;
1759 633 1828 673 quia

1006 674 1186 716 ubicumque
1199 676 1359 715 corruptio,
1368 675 1408 705 ibi
1419 675 1507 705 etiam
1516 675 1685 707 substantiae
1696 677 1827 708 deterio-

1006 719 1090 750 ratio.
1109 719 1274 755 Quinetiam
1287 729 1353 750 cum
1369 729 1534 758 exponeres
1554 721 1734 751 sententiam
1752 721 1829 753 beati

1006 764 1099 802 Pauli,
1117 774 1207 804 quam
1220 769 1283 805 post
1295 769 1335 794 tot
1347 764 1526 794 orthodoxos
1543 766 1653 803 Patres,
1672 766 1756 797 nobis
1772 777 1829 798 no-

1007 808 1145 839 lumusali
1154 809 1300 839 haereticis
1308 809 1424 849 exponi,
1439 809 1569 849 quamvis
1580 810 1684 841 nolens
1695 821 1828 851 azymum

1007 853 1129 884 laudasti
1147 854 1269 884 dicens:
1286 853 1450 884 Sicutvstis
1461 853 1607 894 baptizati,
1624 855 1653 886 id
1672 860 1726 895 est,
1739 861 1831 897 azymi

1007 903 1036 929 et
1051 900 1126 938 puri.
1154 898 1184 929 Si
1213 908 1282 938 ergo
1312 899 1475 930 secundum
1507 904 1585 930 tuam
1613 901 1830 932 confessionem

134 943 174 974 At
185 943 235 974 ubi
248 945 388 975 tumultus
404 946 509 976 mundi
529 945 750 986 conquieverat,
768 950 797 976 et
824 940 996 976 securitasB
1008 943 1145 982 baptizati
1160 949 1228 974 sunt
1241 943 1345 984 azymi,
1362 943 1431 984 quid
1448 948 1515 974 sunt
1531 954 1589 975 non
1607 945 1756 986 baptizati,
1773 947 1832 977 nisi

137 988 237 1028 aliqua
251 989 351 1030 rediit,
367 999 433 1020 cum
447 991 508 1029 jam
534 999 601 1021 sero
616 994 706 1028 esset,
723 989 863 1021 Pharisaei
878 999 965 1028 roga-

136 1037 243 1064 verunt
258 1033 382 1064 Pilatum
399 1038 430 1065 ut
442 1038 564 1074 propter
574 1035 738 1065 solemnem
751 1035 830 1065 diem
847 1033 967 1065 Sabbati

138 1077 348 1116 frangerentur
363 1078 569 1110 cruciﬁxorum
586 1088 672 1111 crura
687 1084 716 1110 et
731 1079 960 1119 deponerentur.

137 1120 222 1152 Tunc
237 1131 357 1162 quoque
365 1122 723 1164 Josephrogavitl’ilatum
732 1128 762 1154 ut
774 1124 891 1154 tolleret
903 1132 962 1154 corr

138 1175 194 1206 pus
203 1166 285 1198 Jesu.
300 1167 411 1198 Pilatus
421 1177 491 1199 vero
504 1168 667 1199 mirabatur
677 1169 699 1198 si
711 1169 772 1208 jam
786 1168 919 1199 obiisset.
930 1167 967 1198 Et

138 1211 282 1242 accersito
297 1213 484 1251 centurione,
496 1213 545 1243 ubi
559 1214 694 1253 cognovit
708 1214 878 1253 Jesumjam
891 1222 967 1244 mor-

138 1259 232 1293 tuum,
246 1256 364 1287 donavit
374 1267 481 1297 corpus
491 1257 613 1298 Joseph.
626 1258 720 1289 Porro
731 1258 838 1288 milites
846 1258 881 1288 ad
895 1266 967 1298 prac-

138 1304 257 1340 ceptum
274 1301 358 1332 Pilati
385 1302 537 1341 fregerunt
565 1312 650 1333 crura
680 1302 788 1342 prioris
802 1306 829 1333 et
844 1302 967 1333 alterius

141 1344 443 1377 latronis.AdJesum
461 1351 559 1378 autem
576 1356 643 1377 cum
656 1347 817 1384 venissent,
833 1351 865 1378 ut
883 1347 967 1378 vide-

137 1393 286 1420 runteum
296 1390 357 1430 jam
369 1395 532 1428 mortuum,
548 1400 607 1422 non
625 1392 773 1430 fregerant
789 1392 853 1432 ejus
867 1401 964 1427 crura,

138 1434 191 1464 sed
209 1444 285 1465 unus
297 1435 423 1465 militum
437 1435 539 1466 lancea
547 1436 623 1466 latus
637 1437 700 1476 ejus
715 1437 840 1476 aperuit,
854 1440 883 1467 et
893 1445 967 1466 con—

142 1478 225 1509 tinuo
233 1479 447 1519 exivitsanguis
470 1485 498 1511 et
517 1489 603 1520 aqua,
612 1481 721 1520 quibus
729 1480 967 1512 formareturEc-

139 1523 240 1561 clesia,
259 1525 511 1564 quemadmodum
534 1535 568 1556 ex
597 1530 678 1556 costa
704 1526 775 1557 Adae
790 1526 967 1557 dormientis

139 1567 265 1599 formata
281 1574 325 1600 est
336 1569 406 1600 Eva.
430 1569 537 1600 Eccesi
565 1570 638 1601 hora
662 1580 741 1601 nona
752 1570 835 1611 obiit,
849 1574 964 1607 etsero,

135 1611 197 1651 jam
214 1613 250 1643 de
266 1623 354 1644 cruce
370 1614 574 1654 deponendus,
591 1615 693 1646 lancea
718 1602 876 1656 percussus
891 1615 946 1646 fuit
957 1625 965 1653 ς
977 1602 996 1627 C

143 1658 264 1696 sanguis
278 1658 333 1688 fuit
350 1658 411 1696 ille,
430 1659 602 1690 naturaliter
618 1660 731 1691 calidus
751 1670 809 1691 non
826 1660 890 1697 fuit,
909 1663 968 1692 toto

143 1710 270 1741 corpore
282 1703 343 1742 jam
361 1708 538 1742 prmmortuo
554 1709 582 1735 et
597 1705 715 1744 frigido.
733 1705 814 1741 Quod
832 1705 856 1735 si
871 1705 969 1745 aliquo

142 1746 230 1776 modo
248 1747 336 1777 caluit
349 1758 355 1778 :
366 1748 554 1787 Evangelium
567 1758 658 1788 quare
670 1753 781 1780 tantum
795 1750 969 1780 miraculum

142 1793 171 1821 et
185 1795 401 1822 sacramentum
420 1793 533 1823 tacuit?
548 1793 634 1824 Unde
649 1803 699 1823 vos
724 1794 791 1824 novi
806 1798 971 1834 symmystze

143 1835 276 1866 volumus
295 1836 399 1866 dicatis
413 1846 450 1867 an
466 1838 585 1877 sanguis
601 1842 728 1875 tantum,
755 1842 804 1868 aut
818 1848 894 1878 aqua
905 1843 970 1869 tan-

146 1883 220 1919 tum,
242 1884 291 1910 aut
303 1880 390 1912 simul
409 1884 566 1922 utrumque
578 1882 718 1913 caluerit‘!
732 1882 764 1913 Si
779 1883 898 1922 sanguis
913 1886 974 1913 tan.

145 1928 217 1962 tum,
235 1934 326 1964 quare
355 1935 460 1966 aquam
491 1926 674 1963 calefacitis;
702 1926 728 1957 si
755 1935 829 1967 aqua
845 1930 973 1965 tantum,

145 1979 236 2010 quare
267 1979 303 2001 ex
329 1979 363 2001 ea
387 1971 548 2002 calefacitis
577 1972 751 2011 sanguinem
777 1971 911 2002 Christi?
940 1971 970 2002 Si

145 2018 301 2055 utrumque
308 2015 406 2052 simul,
416 2025 507 2056 quare
516 2020 675 2056 utrumque
686 2016 841 2054 simulfnon
854 2015 971 2047 caleﬂt?

145 2059 202 2090 Sed
218 2060 303 2100 cujus
318 2060 380 2091 visu
397 2061 438 2092 tel
452 2064 529 2092 tactu
547 2061 642 2101 potuit
657 2061 800 2098 discerni,
817 2060 971 2101 quodlibet

146 2104 249 2135 horum
257 2104 382 2135 duorum
390 2115 422 2136 ex
436 2115 494 2136 uno
507 2105 628 2136 vulnere
637 2105 725 2136 simul
737 2105 969 2145 erumpentium,

145 2148 271 2179 calidum
286 2153 335 2179 aut
345 2149 484 2188 frigidum
499 2150 610 2180 fuisse?
624 2150 771 2181 Praeterea
785 2149 810 2180 si
834 2159 908 2190 aqua
923 2149 973 2180 illa

147 2193 246 2230 caluit,
258 2202 347 2233 quare
360 2198 388 2225 et
411 2203 486 2234 aqua
510 2194 694 2235 baptismatis
706 2204 764 2225 non
781 2194 888 2234 caleﬁt,
905 2204 972 2225 cum

1007 987 1188 1025 fermentati,
1204 988 1232 1018 id
1249 993 1294 1020 est
1308 988 1465 1028 corrupti?
1654 1002 1659 1006 ·

1047 1033 1082 1064 Χ.
1099 1034 1150 1064 Dic
1164 1038 1262 1064 tamen
1278 1033 1328 1064 ubi
1346 1033 1643 1073 etquomodoPaulus
1652 1045 1718 1065 cum
1734 1036 1830 1067 unde-

1007 1077 1064 1107 cim
1082 1078 1221 1117 apostolis
1233 1087 1360 1109 canones
1371 1078 1436 1108 illos
1462 1087 1527 1108 cum
1555 1080 1831 1112 excommuuatione

1007 1123 1154 1162 exposuit,
1172 1132 1296 1163 quorum
1317 1127 1347 1153 tu
1376 1123 1461 1153 nobis
1478 1124 1726 1163 septuagesimum
1744 1129 1832 1165 caput

1008 1166 1114 1206 objicis
1127 1171 1140 1198 II
1154 1168 1274 1198 omnino
1287 1167 1424 1198 nesciens
1437 1168 1505 1207 quid
1521 1168 1650 1208 loquaris
1662 1179 1668 1198 :
1691 1180 1702 1198 α
1715 1168 1745 1200 Si
1758 1169 1836 1209 quis,

1008 1211 1116 1249 inquit,
1129 1212 1290 1252 episcopus
1302 1217 1351 1243 aut
1377 1213 1530 1253 presbyter
1550 1217 1600 1243 aut
1615 1213 1768 1252 diaconus,
1786 1218 1836 1244 aut

1009 1257 1130 1287 omnino
1142 1267 1176 1288 ex
1189 1266 1312 1288 numero
1325 1257 1502 1288 clericorum
1512 1258 1767 1297 jejuuaveritcum
1780 1257 1837 1288 He-

1010 1301 1106 1339 braeis,
1118 1306 1168 1332 aut
1180 1302 1315 1342 epulatus
1324 1301 1413 1332 fuerit
1427 1311 1494 1332 cum
1510 1302 1565 1339 eis,
1580 1307 1608 1332 et
1622 1303 1775 1343 acceperit
1789 1303 1834 1333 fe-

1008 1346 1166 1376 stivitatum
1184 1355 1285 1377 eorum
1296 1355 1428 1383 .nunera,
1443 1350 1474 1376 ut
1489 1351 1557 1377 sunt
1568 1356 1678 1387 azyma,
1691 1351 1740 1378 aut
1755 1347 1834 1378 aliud

1008 1391 1805 1432 hujusmodi,deponatur;laciusautemsequestretur.
1821 1405 1834 1420 ι)
1856 1400 1864 1404 κ

1010 1435 1103 1465 Etiam
1115 1437 1138 1466 si
1155 1436 1211 1466 hoc
1223 1435 1383 1476 capitulum
1396 1445 1430 1466 ex
1445 1435 1529 1467 libris
1540 1436 1718 1467 authenticis
1736 1437 1838 1477 prola-

1009 1483 1070 1510 tum
1088 1485 1175 1516 esset,
1190 1480 1272 1510 nullo
1285 1481 1372 1511 modo
1389 1490 1443 1511 nos
1454 1485 1599 1521 tangeret,
1614 1481 1683 1521 quia
1697 1490 1753 1512 nec
1768 1491 1837 1512 cum

1008 1523 1331 1565 Hebraeisjejunamus,
1345 1534 1400 1555 nec
1411 1535 1478 1556 cum
1491 1525 1535 1556 cis
1558 1526 1715 1565 epulamur
1730 1530 1778 1556 aut
1792 1526 1837 1556 fe—

1009 1569 1166 1600 stivitatem
1180 1578 1282 1600 eorum
1297 1578 1423 1600 munera
1451 1569 1548 1609 aliqua
1567 1569 1739 1610 accipimus.
1755 1569 1838 1606 Quod

1010 1617 1109 1644 autem
1122 1617 1152 1644 tu
1175 1623 1283 1644 vesane
1294 1613 1466 1654 subjungis:
1481 1613 1548 1645 Sive
1559 1614 1595 1644 ab
1606 1614 1663 1644 illis
1673 1614 1836 1655 accipiatis.

1010 1658 1071 1688 sive
1082 1658 1163 1688 domi
1174 1658 1298 1696 faciatis,
1326 1668 1425 1699 azyma
1446 1662 1524 1690 sunt.
1537 1658 1710 1698 Idjaculum
1728 1659 1779 1690 tibi
1795 1669 1840 1690 re-

1011 1707 1185 1743 torquemus
1197 1703 1350 1734 dicentes;
1366 1716 1379 1731 α
1397 1703 1465 1734 Sive
1481 1713 1547 1734 cum
1563 1703 1696 1734 Hebrmis
1711 1703 1839 1735 Sabbato

1012 1747 1185 1787 epulemini,
1202 1747 1264 1779 sive
1279 1747 1371 1788 domi,
1399 1748 1529 1788 epulatio
1559 1753 1613 1780 est.
1647 1762 1660 1777 α
1691 1749 1768 1780 Sane
1784 1749 1840 1780 hoc

1012 1791 1130 1831 dignius
1144 1799 1248 1823 contra
1265 1801 1315 1823 vos
1330 1792 1518 1832 dirigeretur,
1532 1793 1600 1833 quia
1610 1803 1660 1824 vos
1673 1793 1746 1824 nihil
1758 1793 1838 1824 aliud

1012 1835 1043 1866 in
1059 1835 1184 1867 Sabbato
1196 1846 1282 1876 quam
1296 1836 1517 1868 solemnitatem
1529 1838 1710 1876 Judworum,
1725 1848 1778 1869 nos
1790 1847 1841 1868 au-

1016 1883 1073 1911 tem
1090 1880 1120 1910 in
1136 1890 1235 1921 azymo
1251 1882 1337 1920 longe
1351 1881 1431 1912 aliud
1448 1887 1666 1913 sacramentum
1675 1883 1839 1914 retinemus

1016 1925 1271 1965 etampleclimur.
1282 1925 1312 1957 Si
1323 1925 1759 1965 eniminterrogemusJudmos,
1770 1927 1839 1967 quid

1015 1969 1168 2000 celebrent
1180 1969 1210 2000 in
1226 1970 1354 2002 Sabbato
1366 1970 1381 2000 ?
1396 1971 1629 2010 Respondi-bunt
1643 1981 1649 2003 :
1666 1982 1680 2002 ιι
1696 1972 1841 2009 Requiem

1012 2014 1142 2045 Domini.
1160 2025 1174 2044 )›
1193 2014 1223 2045 Si
1239 2014 1367 2052 ercos,
1394 2015 1474 2046 idem
1502 2019 1531 2046 et
1560 2025 1619 2046 non
1634 2016 1713 2047 aliud
1728 2016 1839 2047 (licent.

1012 2058 1087 2098 Ergo
1104 2059 1158 2090 sub
1173 2059 1315 2090 servitute
1330 2059 1404 2099 legis
1433 2066 1511 2091 sunt.
1542 2060 1575 2091 In
1591 2062 1676 2101 cujus
1692 2061 1797 2092 umbra
1813 2065 1843 2092 et

1014 2102 1148 2133 tenebris
1163 2103 1374 2136 consederunt.

1054 2146 1106 2178 XI.
1123 2147 1238 2178 Deinde
1254 2155 1318 2188 post
1334 2148 1439 2180 inanes
1455 2149 1578 2181 latratus
1591 2159 1682 2190 super
1701 2149 1843 2180 vocabulo

1014 2193 1110 2232 panis,
1122 2192 1263 2223 reduxisti
1275 2193 1360 2224 nobis
1371 2203 1465 2224 annos
1477 2194 1512 2225 ab
1524 2195 1610 2225 initio
1622 2194 1737 2232 mundi,
1748 2204 1844 2235 usque

149 2238 295 2278 praecipue
309 2238 374 2278 ipsa
382 2238 559 2278 baptismum
570 2239 972 2279 prmﬁguravitsicutsanguis
982 2242 1004 2266 D
1014 2236 1050 2267 ad
1062 2237 1228 2277 passionem
1242 2238 1362 2276 Christi,
1385 2238 1503 2279 quando
1520 2239 1683 2270 secundum
1706 2243 1736 2270 te
1746 2240 1845 2280 cyclus

149 2281 384 2322 redemptionem
391 2283 547 2314 ?volumus
556 2287 653 2314 autem
661 2284 739 2315 scire
747 2283 975 2324 quaintentione

150 2329 260 2357 costam
276 2327 385 2358 Christi
399 2327 616 2358 immaculatam
633 2328 746 2358 dixeris
762 2327 818 2359 ?Si
834 2337 886 2367 pro
902 2337 973 2358 san-

151 2371 249 2402 ctitate
264 2371 469 2404 etinnocentia
480 2373 607 2413 :optime
622 2373 665 2411 ;si
676 2376 774 2404 autem
787 2382 838 2413 pro
854 2372 974 2412 eoquod

151 2416 383 2456 impenetrabilis
397 2417 476 2448 ferro
499 2417 554 2448 fuit
570 2428 576 2448 :
595 2418 724 2457 pessime
738 2428 745 2456 ;
776 2417 845 2458 quia
859 2417 895 2448 de
910 2426 979 2448 vero

151 2461 272 2492 vulnere
286 2471 397 2501 verum,
415 2472 474 2493 non
491 2462 722 2502 pbantasticum,
736 2462 909 2502 sanguinem
926 2471 979 2502 pro

152 2505 237 2536 nobis
248 2506 333 2538 fudit.
350 2506 386 2538 Et
397 2516 455 2538 non
468 2507 504 2538 de
519 2511 611 2545 costa,
626 2507 703 2538 sicut
713 2510 742 2537 tu
752 2506 869 2544 scribis,
883 2506 980 2537 sedde

153 2551 254 2588 latere,
267 2551 336 2591 quia
349 2561 381 2582 os
390 2552 566 2591 sanguinem
579 2561 638 2582 non
654 2552 729 2582 solet
752 2551 900 2588 emittere,
923 2560 979 2582 nec

153 2605 184 2626 os
199 2596 414 2627 comminutum
427 2597 481 2627 fuit
493 2606 527 2628 ex
543 2597 699 2628 Dominico
714 2605 850 2636 corpore.

192 2640 267 2672 Vlll.
280 2642 425 2672 Caeterum
441 2642 520 2682 quod
537 2642 621 2682 panis
650 2641 687 2672 sit
704 2645 732 2671 et
762 2641 878 2672 dicatur
893 2641 980 2672 etiam

154 2695 281 2725 azymus,
300 2689 332 2716 et
346 2687 423 2726 quod
440 2696 499 2717 non
515 2696 582 2717 cum
611 2685 839 2726 Theupascbitis
855 2686 884 2716 in
899 2695 983 2716 sacra

156 2730 302 2761 oblatione
318 2740 464 2769 erremus,
485 2735 513 2762 et
529 2731 608 2772 quod
637 2741 696 2762 non
723 2739 857 2769 azymum
874 2730 982 2761 veteris

157 2775 240 2813 legis,
249 2777 299 2807 sed
308 2776 485 2808 sinceritatis
492 2781 521 2807 et
531 2775 661 2807 veritatis
672 2776 875 2815 comedamus,
891 2775 984 2815 quod-

158 2829 214 2859 que
229 2824 330 2851 vetera
357 2821 552 2858 transierunt,
577 2825 606 2851 et
630 2820 708 2852 facta
720 2823 789 2851 sunt
810 2829 896 2859 nova,
913 2819 984 2851 satis

158 2865 324 2897 ostenditur
336 2866 367 2896 in
378 2866 435 2898 alia
450 2870 551 2898 nostra
566 2865 701 2906 epistola.

1015 2282 1120 2313 solaris
1135 2286 1198 2313 erat
1209 2291 1280 2314 xvin
1292 2289 1323 2314 et
1335 2283 1412 2314 luna
1422 2293 1456 2315 v:
1470 2288 1501 2315 ut
1515 2285 1571 2315 hoc
1582 2284 1688 2315 saltem
1703 2284 1845 2323 ﬁgmento

1017 2326 1111 2366 possis
1124 2327 1248 2358 evadere
1263 2337 1330 2358 cum
1342 2328 1487 2359 fermento
1500 2333 1561 2369 tuo,
1577 2329 1661 2369 quasi
1676 2329 1760 2368 juxta
1770 2329 1847 2359 hanc

1016 2371 1260 2412 supputationem
1278 2378 1372 2410 tuam,
1405 2377 1544 2404 occurrat
1571 2373 1602 2404 in
1631 2383 1715 2404 coma
1728 2372 1847 2404 Domini

1023 2415 1092 2446 luna
1105 2425 1168 2454 xm,
1199 2417 1229 2447 in
1248 2427 1306 2457 qua
1336 2418 1467 2449 nondum
1498 2418 1675 2449 fermentum
1700 2417 1849 2457 abjecerat

1023 2459 1106 2499 plebs
1115 2460 1248 2492 Hebraea.
1261 2462 1318 2492 Sed
1326 2472 1380 2492 nos
1397 2461 1635 2503 chronographis
1656 2461 1848 2493 etcalculato-

1022 2504 1105 2535 ribus
1116 2505 1184 2535 talia
1194 2506 1409 2547 relinquentes,
1422 2507 1551 2537 maxime
1563 2516 1630 2537 cum
1643 2506 1721 2546 apud
1731 2504 1849 2537 Graecos

1022 2557 1052 2580 et
1064 2549 1183 2580 Latinos
1198 2554 1285 2590 atque
1310 2550 1451 2582 Hebraeos
1468 2551 1593 2583 diversa
1607 2551 1644 2582 de
1667 2550 1850 2591 temporibus

1023 2593 1187 2641 habeantur
1211 2595 1367 2627 rationes:
1398 2596 1455 2641 hoc
1483 2600 1598 2628 tantum
1626 2596 1764 2634 dicimus,
1783 2595 1852 2636 quia

1024 2637 1159 2669 Christus
1171 2649 1225 2670 nec
1236 2649 1327 2670 unum
1340 2637 1461 2672 iotadaut
1475 2641 1588 2681 apicem
1601 2641 1711 2672 veteris
1721 2640 1794 2680 legis
1805 2649 1852 2671 re-

1025 2683 1122 2714 solvit.
1141 2683 1224 2715 Unde
1239 2689 1268 2715 et
1280 2694 1329 2717 xw
1345 2685 1414 2716 luna
1425 2685 1462 2716 ad
1487 2695 1644 2726 vesperum
1656 2685 1759 2726 quinta
1774 2684 1850 2716 Sab-

1024 2727 1083 2758 bati
1099 2727 1212 2759 Pascha
1223 2729 1395 2770 celebravit,
1413 2735 1442 2761 et
1456 2740 1523 2762 mox
1540 2731 1642 2761 eadem
1661 2734 1746 2761 nocte
1765 2739 1851 2761 com-

1025 2772 1202 2812 prehensus,
1214 2775 1371 2805 cruciﬁxus
1383 2784 1428 2805 eSt
1441 2775 1660 2815 quintadecima
1675 2775 1753 2812 luna,
1767 2773 1795 2805 id
1807 2778 1854 2805 est

1025 2821 1107 2848 sexta
1117 2818 1250 2857 Sabbati,
1261 2829 1327 2860 quae
1338 2819 1506 2860 specialiter
1517 2819 1671 2851 dicebatur
1681 2819 1778 2860 prima
1789 2819 1854 2849 dies

1027 2871 1206 2902 azymorum.
1221 2863 1360 2900 Quamvis
1370 2869 1399 2895 et
1419 2864 1450 2895 in
1467 2868 1526 2895 tota
1540 2864 1730 2905 praecedente
1745 2863 1805 2902 die,
1823 2863 1855 2895 id
