1975 3071
141 176 154 206 1
161 174 219 208 027

677 179 879 211 HUMBERTI
901 179 931 210 S.
952 179 987 210 Β.
1011 178 1044 208 Ε.
1069 177 1303 209 CARDINALIS

1767 177 1848 208 1028

145 249 188 276 est
196 249 298 286 quarta
309 243 509 275 decimaluna.
519 244 728 277 fermentatum
741 255 799 277 non
808 250 965 287 appareret
976 251 995 275 Α
1046 244 1121 275 ΧΝΙ.
1135 244 1211 275 Hinc
1221 245 1404 276 videamussi
1414 254 1472 275 non
1485 245 1556 275 estis
1569 244 1754 282 Sabbatiani,
1765 254 1842 284 quos

143 290 173 333 in
185 289 323 320 omnibus
330 287 441 333 ﬁnibus
451 287 553 320 Israel.
565 288 638 320 Nam
650 295 776 330 etagnus
786 301 852 322 cum
860 292 968 333 azymis

143 330 364 365 comedebatur.
393 332 477 369 Quod
506 333 530 364 si
553 334 635 374 juxta
665 339 741 365 luam
771 330 965 368 assertionem

142 379 278 411 Christus
293 377 406 410 Pascha
420 377 489 408 fecit
519 379 722 410 tertiadecima
737 380 807 411 luna
822 390 889 412 cum
903 381 966 412 fer-

143 427 283 460 mentato,
298 421 458 462 dupliciter
471 431 540 453 reus
556 423 624 464 fuit;
640 424 719 462 jusle
731 425 900 465 puniendus
915 435 966 456 se--

141 467 270 498 cundum
287 467 395 507 legem,
409 466 478 507 quia
503 468 614 498 Pascha
625 468 693 500 fecit
713 469 742 500 in
758 473 891 510 tempore
906 480 966 501 non

141 523 206 550 suo,
220 518 250 545 et
263 513 332 554 quia
343 522 408 543 cum
421 512 606 546 fermentato.
618 514 803 556 Quapropter
812 525 891 547 mors
902 517 966 556 ejus

141 559 215 589 nihil
237 558 323 589 nobis
348 558 494 598 conferet,
535 558 586 595 qui
615 569 673 590 non
700 569 754 600 pro
782 561 891 592 nostris
914 561 965 592 sed

143 612 195 644 pro
212 603 274 634 suis
290 602 419 642 peccatis
431 602 553 640 interiit,
587 603 701 634 scilicet
715 605 783 645 quia
798 605 851 635 fuit
866 611 965 636 trans-

142 656 261 687 gressor
276 650 385 678 sanctae
397 645 481 686 legis.
498 646 555 677 Sed
571 648 608 678 de
620 648 665 679 his
681 648 754 680 alias
768 650 887 690 copiose
903 649 965 680 dis-

142 692 301 723 seruimus.

182 736 245 768 XII.
257 736 370 767 Deinde
381 736 404 766 si
416 735 547 776 exceptis
558 740 671 776 septem
685 737 790 768 diebus
799 738 893 770 Judai
907 742 965 769 toto

142 791 220 812 anno
230 782 451 818 fermentatum,
467 784 499 811 ut
511 782 629 818 asseris,
641 782 810 822 comedunt,
822 783 964 823 quiscon-

141 826 307 857 venientius
316 825 505 863 debetargui,
520 826 569 856 ille
580 827 629 866 qui
641 827 761 858 minimo
772 831 903 868 tempore
917 837 967 859 eos

141 871 273 901 imitatur
284 871 313 900 in
326 870 444 910 azymis,
457 879 494 900 an
506 870 556 901 ille
566 871 615 910 qui
626 875 685 901 toto
699 880 776 902 anno
788 871 818 902 in
833 872 966 902 termen—

1009 293 1244 320 commemorant
1258 291 1363 320 Patres
1378 295 1486 320 sanctaa
1513 290 1625 330 quintae
1642 289 1759 329 synodi.
1778 290 1843 320 Re—

1009 334 1197 374 prehendens
1204 335 1283 365 enim
1294 344 1347 364 nos
1356 343 1409 364 cur
1417 334 1589 374 jejuuemus
1601 333 1842 368 Sabbatis,dicis:

1011 390 1022 405 «
1041 379 1151 415 Quarta
1167 382 1196 409 et
1211 383 1294 410 sexta
1311 379 1384 409 feria
1409 379 1521 418 jugiter
1544 379 1761 418 jejunandum:
1781 387 1846 408 una

1008 423 1344 463 proptertraditionem,
1357 423 1449 454 altera
1466 429 1589 463 propter
1599 423 1768 463 passionem
1785 422 1846 452 Do-

1007 466 1093 503 mini,
1112 466 1240 498 Sabbato
1257 472 1355 498 autem
1372 477 1522 507 nunquam
1538 467 1595 497 nisi
1608 477 1705 497 uno.)
1725 469 1760 498 Et
1783 467 1841 497 hoc

1007 521 1142 542 asserere
1152 512 1269 543 conaris
1281 521 1315 542 ex
1331 511 1507 552 apocryphis
1534 511 1617 542 libris
1635 515 1663 542 et
1674 510 1845 542 canonibus

1007 555 1069 595 pari
1085 556 1233 587 sententia
1248 561 1417 587 sanctorum
1435 557 1555 587 Patrum
1571 555 1745 596 repudiatis.
1763 554 1839 585 Nam

1008 599 1262 636 Clementisliber,
1274 601 1304 631 id
1317 604 1372 638 est,
1388 600 1574 632 itinerarium
1588 600 1665 631 Petri
1678 599 1845 640 apostoliet

1007 653 1137 675 canones
1147 645 1348 685 apostolorum
1363 651 1558 676 numerantur
1571 645 1649 676 inter
1658 644 1841 685 apocrypha,

1008 690 1139 729 exceptis
1151 690 1288 729 eapitulis
1304 689 1529 730 quinquaginta,
1559 699 1624 729 quae
1640 689 1844 720 decreverunt

1006 734 1116 774 regulis
1134 734 1305 765 orthodoxis
1322 735 1519 774 adjungenda.
1549 733 1634 765 Unde
1654 743 1709 764 nos
1720 742 1843 774 quoque

1009 788 1096 809 omne
1111 780 1299 820 apocryphon
1315 779 1502 819 abjicientes,
1521 778 1716 817 dedignamur
1730 778 1842 808 audire

1009 832 1110 853 earum
1126 823 1277 854 fabulosas
1293 823 1478 858 traditiones,
1495 822 1564 863 quia
1590 833 1648 853 non
1664 827 1732 853 sunt
1747 827 1778 852 ut
1793 822 1841 852 lex

1010 867 1137 898 Domini.
1150 868 1334 908 Quapropter
1344 869 1389 898 his
1405 868 1533 904 omissis,
1548 868 1577 897 in
1594 868 1687 898 altera
1700 867 1838 907 epistola,

142 915 233 946 talis?
248 914 335 946 Absit
360 919 458 944 tamen
482 919 514 944 ut
538 924 640 945 eorum
667 916 815 947 carnalem
831 916 920 947 ritum
935 912 1075 954 inBvide
1090 913 1160 952 quid
1176 913 1334 943 sentiri-int
1358 913 1394 943 de
1421 911 1549 943 Sabbato
1582 911 1660 942 beati
1677 911 1840 951 etantiqui

141 960 240 998 aliquo
255 958 423 990 imitemur!

181 1004 257 1036 XIII.
277 1004 386 1034 Verum
403 1003 542 1044 quoniam
560 1004 747 1044 labyrintheo
762 1015 864 1036 errore
879 1005 968 1037 duce-

140 1050 195 1088 ris,
214 1053 245 1079 ut
260 1058 340 1079 nunc
354 1058 410 1089 qua
425 1048 526 1079 exibas
541 1049 644 1087 intres,
662 1059 740 1080 nunc
765 1060 822 1090 qua
837 1050 968 1081 intrabas

143 1103 241 1131 exeas,
251 1094 358 1124 iterum
372 1093 509 1124 eamdem
522 1093 599 1124 viam
611 1095 693 1132 teris,
705 1094 809 1125 dicens
823 1106 828 1126 :
843 1105 857 1125 ι
871 1094 900 1126 Si
911 1100 967 1126 tra-

142 1139 236 1169 ditum
251 1138 337 1168 vobis
355 1137 409 1168 fuit
437 1137 473 1168 ab
498 1138 639 1178 apostolis
667 1139 826 1171 comedere
853 1149 966 1180 azyma,

141 1182 290 1223 quomodo
305 1182 418 1221 Agatho
445 1191 521 1222 papa
548 1187 656 1223 vester,
685 1193 845 1223 praesessor
859 1188 967 1223 sanctae

142 1231 230 1258 sexta:
242 1227 359 1267 synodi,
391 1236 457 1257 cum
472 1226 614 1266 Gregorio
626 1227 885 1268 Agrigentinorum
900 1229 966 1269 epi-

142 1281 231 1313 scopo
247 1275 275 1302 et
291 1271 358 1302 aliis
386 1271 533 1308 Patribus,
564 1276 667 1303 contra
695 1282 791 1313 azyma
808 1283 846 1304 ne
861 1275 967 1305 ﬁerent

142 1317 236 1356 legem
253 1316 376 1347 statuit?
390 1329 401 1346 ι)
412 1315 502 1354 Audi,
514 1316 614 1357 stulte,
627 1326 718 1347 vane:
734 1327 792 1348 non
809 1322 919 1349 tantum
929 1318 965 1349 ab

140 1361 292 1402 apostolis,
313 1365 453 1402 quantum
477 1360 513 1391 ab
543 1360 607 1401 ipso
624 1361 748 1392 Domino
777 1368 878 1393 nostro
894 1363 962 1394 Jesu

140 1406 256 1438 Christo
273 1406 413 1436 traditum
429 1409 472 1436 est
485 1405 582 1443 nobis,
600 1415 704 1445 azyma
732 1416 790 1437 non
816 1407 853 1438 de
872 1408 965 1439 Phase

139 1451 261 1482 Judaico
277 1450 445 1487 comedere,
459 1450 511 1480 sed
527 1449 564 1480 de
580 1451 697 1491 Pascha,
712 1451 877 1483 Christiano
893 1462 963 1493 per-

141 1496 253 1536 cipere.

180 1539 326 1570 XIV.Nec
336 1538 380 1568 rei
392 1542 528 1569 tenemur
538 1538 588 1569 illo
611 1539 688 1579 quod
699 1539 836 1580 objecisti
847 1550 912 1581 cap.
932 1543 962 1573 11

141 1589 232 1615 sexta:
243 1583 358 1624 synodi,
371 1583 494 1614 dicens:
511 1595 523 1610 α
535 1582 627 1614 Nemo
640 1583 670 1614 in
694 1585 870 1616 sacerdotali
878 1595 967 1617 cons-

143 1629 245 1660 titutus
260 1627 375 1665 ordine,
394 1633 445 1658 aut
459 1627 552 1658 laicus
566 1637 599 1658 ea
615 1637 680 1668 qua
689 1630 890 1669 apudJudzeos
900 1635 968 1662 sunt

146 1682 246 1714 azyma
258 1672 405 1712 comedat,
418 1676 469 1703 aut
479 1681 546 1702 cum
563 1673 606 1703 eis
634 1673 755 1712 habitet,
770 1681 820 1705 aut
833 1675 864 1706 in
879 1676 966 1706 inﬁr-

144 1718 296 1750 mitatibus
303 1727 354 1749 eos
365 1718 537 1755 invitet,aut
548 1718 725 1750 medicinam
737 1721 773 1750 ah
781 1720 965 1762 eisaccipiat,

141 1763 185 1794 vel
196 1764 226 1794 in
237 1763 351 1794 balneis
361 1772 428 1794 cum
441 1762 483 1793 eis
495 1763 618 1794 lavetur.
634 1763 665 1795 Si
691 1764 757 1805 quis
780 1766 843 1797 haec
859 1766 964 1806 egerit,

141 1807 287 1848 siquidem
307 1807 432 1838 clericus
456 1807 545 1838 fuerit
559 1808 739 1849 deponatur:
758 1811 781 1841 si
796 1814 893 1841 autem
910 1811 965 1842 lai-

140 1862 204 1890 cus,
212 1856 425 1893 sequestretur.
439 1864 452 1880 »
465 1851 538 1888 Quis
549 1857 692 1890 nostrum,
704 1863 893 1895 rogo,azyma
901 1865 966 1896 quae

140 1898 218 1938 apud
231 1897 349 1929 Iudaeos
365 1901 433 1927 sunt
444 1897 573 1928 comedit
585 1899 598 1928 ?
610 1897 748 1934 Quamvis
760 1899 838 1930 enim
850 1900 966 1942 reliqua

140 1942 261 1983 capituli
297 1942 387 1982 hujus
412 1941 615 1980 observemus,
641 1943 714 1974 illud
750 1947 848 1976 tamen
874 1954 966 1986 super

139 1987 240 2018 omnia
255 1986 292 2017 de
307 1985 414 2026 azymis
425 1986 629 2019 observamus.

178 2031 239 2062 XV.
257 2031 315 2062 Sed
331 2031 381 2071 qui
396 2030 478 2062 dices
495 2032 507 2062 ?
535 2034 643 2064 Nonne
670 2042 792 2073 magnus
807 2033 934 2066 Basilius
949 2045 965 2066 a

136 2076 247 2117 Joseph
256 2075 357 2107 Judazo
366 2075 546 2107 medicinam
558 2077 708 2108 multoties
722 2079 837 2119 aceepit
848 2078 860 2110 ?
871 2083 901 2110 tu
910 2089 965 2110 au-

138 2124 197 2152 tem
210 2120 429 2151 sicutdiabolus
436 2121 596 2163 psalmum,
611 2121 651 2153 ita
664 2123 839 2162 exponendo
856 2124 968 2164 capitu.

139 2167 200 2199 lum
216 2167 411 2208 subjunxisti:
433 2180 447 2195 κ
463 2167 520 2203 Qui
545 2177 614 2208 ergo
643 2178 775 2210 azymum
807 2170 925 2201 conﬁcit
940 2175 969 2202 et

139 2212 280 2250 comedit,
290 2211 423 2253 quamvis
433 2213 490 2243 hoc
502 2223 560 2244 non
573 2215 722 2254 acceperit
732 2223 749 2244 a
762 2213 884 2253 Judaeis,
896 2215 967 2246 imi-

139 2261 217 2289 tator
226 2261 324 2288 tamen
333 2255 503 2288 Judmorum
515 2262 570 2296 est,
585 2258 659 2289 sicut
670 2262 698 2289 et
708 2258 733 2289 is
744 2260 794 2300 qui
805 2260 967 2291 circumci-

137 2301 229 2332 ditur.
247 2312 261 2332 ι
281 2300 402 2339 Perdes,
429 2301 566 2339 Domine,
596 2312 700 2334 omnes
731 2304 781 2344 qui
808 2303 968 2345 loquuntur

138 2345 340 2378 mendacium!
349 2347 529 2387 (Psal.v,3.)
539 2346 689 2388 Numquid
697 2347 837 2379 omnibus
844 2349 966 2380 omnino

138 2389 314 2422 Christianis
330 2391 518 2422 interdicitur
530 2401 566 2422 ne
579 2391 738 2433 aliquando
748 2392 855 2423 alicubi
868 2403 967 2434 azyma

137 2436 307 2474 comedant,
321 2436 398 2467 sicut
409 2436 604 2469 interdtcitur
618 2446 656 2468 ne
686 2447 718 2468 se
732 2438 890 2478 aliquando
907 2439 965 2470 cir-

137 2481 435 2517 cumcidant?Quare
451 2482 506 2513 hoc
519 2481 534 2512 ?
547 2482 617 2523 quia
627 2482 658 2513 in
683 2482 730 2513 his
745 2483 898 2514 imitantur
911 2485 964 2515 Ju-

138 2525 242 2557 dmos?
255 2526 453 2557 Concedimus
469 2530 566 2558 tamen
593 2526 853 2559 circumcisionem
869 2529 964 2559 solum

137 2569 228 2601 fuisse
252 2569 443 2602 Judazorum:
467 2575 670 2602 verumtamen
698 2581 802 2612 azyma
830 2572 964 2604 omnium

137 2614 283 2656 gentium,
299 2624 365 2655 que
381 2618 410 2645 tu
426 2615 656 2647 malitiose‘non
684 2615 778 2647 solum
807 2626 824 2648 a
851 2617 961 2650 divina.

137 2659 189 2691 sed
205 2659 241 2690 ab
255 2659 383 2690 humana
394 2669 496 2691 mensa
510 2662 632 2692 omnino
661 2661 792 2701 repellis.
816 2661 877 2693 Sed
892 2662 963 2703 quid

134 2703 237 2745 facies,
252 2713 269 2734 ο
297 2704 498 2737 fermentate?
523 2705 626 2742 Judaei,
644 2715 697 2736 ceu
726 2705 863 2746 superius
877 2716 961 2738 asse-

134 2748 234 2786 ruisti,
252 2749 382 2789 exceptis
399 2753 512 2790 septem
543 2749 649 2781 diebus
665 2754 724 2780 toto
740 2759 818 2781 anno
829 2750 961 2782 fermen-

136 2796 226 2823 tatum
243 2793 449 2831 comedebant,
467 2799 496 2825 et
511 2793 667 2835 aliquando
683 2794 857 2826 oﬂ'erebant.
874 2795 963 2827 Num-

138 2835 207 2876 quid
225 2836 321 2867 ethoc
338 2837 423 2868 tolles
439 2838 634 2870 hominibus?

1009 957 1165 997 pontiﬁces
1176 957 1312 995 Romani,
1330 956 1472 988 Silvester
1486 961 1515 987 et
1541 956 1742 992 Innocentius,
1760 965 1838 996 quo-

1008 1010 1072 1031 rum
1083 1002 1237 1032 sententia:
1247 1004 1394 1033 sententia
1404 1001 1565 1041 Agathonis
1574 1000 1839 1041 quamvissanctis-

1009 1046 1075 1076 simi
1091 1046 1259 1077 nullatenus
1282 1047 1448 1087 praefertur.
1465 1045 1523 1077 Sed
1538 1045 1616 1076 absit
1631 1049 1661 1076 ut
1675 1045 1836 1085 aliquando

1009 1092 1155 1122 contraria
1172 1093 1215 1123 eis
1229 1093 1343 1131 Agatho
1359 1091 1520 1122 sensisset!
1545 1091 1580 1121 Et
1605 1096 1703 1121 tamen
1719 1091 1750 1120 in
1766 1090 1836 1129 hoc,

1009 1135 1085 1166 sicut
1100 1137 1172 1167 etin
1189 1137 1254 1167 aliis
1269 1137 1391 1173 t'a.leris,
1421 1136 1499 1176 quod
1529 1145 1597 1167 eum
1625 1143 1838 1175 praesessorem

1008 1179 1088 1210 illius
1103 1181 1206 1221 synodi
1222 1181 1313 1211 fuisse
1328 1181 1413 1217 dicis,
1433 1189 1499 1215 cum
1526 1184 1637 1210 tantum
1667 1180 1753 1218 legati
1772 1179 1838 1218 ejus

1009 1225 1105 1255 eidem
1121 1226 1232 1265 synodo
1250 1225 1458 1266 praesederint.
1475 1225 1566 1265 Cujus
1585 1228 1670 1264 gesta
1686 1225 1733 1255 hic
1749 1233 1837 1255 sum-

1008 1271 1108 1299 matim
1127 1270 1235 1308 placuit
1247 1270 1349 1300 inseri.

1048 1313 1134 1344 XVII.
1161 1315 1307 1355 Tempore
1336 1314 1533 1351 Constantini,
1565 1314 1617 1344 ﬁlii
1649 1313 1838 1344 Constantini

1007 1356 1208 1397 imperatoris,
1225 1369 1302 1389 anno
1318 1359 1436 1399 imperii
1467 1359 1531 1399 ejus
1558 1358 1686 1399 septimo
1702 1358 1833 1396 decimo,

1004 1402 1118 1442 Agatho
1137 1410 1233 1445 papas,
1249 1414 1284 1435 ex
1315 1409 1417 1444 rogatu
1447 1404 1642 1442 Constantini,
1661 1403 1789 1435 Heraclii
1805 1407 1836 1434 et

1005 1449 1116 1480 Tiberii
1128 1451 1294 1491 principum
1302 1451 1514 1492 piissimorum,
1528 1451 1608 1482 msit
1616 1451 1647 1481 in
1657 1451 1769 1489 regiam
1785 1460 1832 1481 ur.

1008 1493 1076 1525 bem
1094 1496 1204 1535 legatos
1219 1506 1299 1527 suos.
1316 1495 1349 1527 In
1364 1496 1471 1536 quibus
1481 1495 1680 1527 eratJoannes
1693 1497 1832 1526 Romanae

1007 1538 1149 1570 Ecclesiae
1165 1544 1233 1570 tunc
1242 1541 1394 1577 diaconus,
1410 1541 1497 1580 longe
1513 1544 1577 1581 post
1593 1541 1761 1580 episcopus,
1779 1549 1832 1580 pro

993 1584 1188 1620 =adunatione
1204 1585 1340 1616 facienda
1355 1589 1521 1616 sanctarum
1540 1585 1592 1616 Dei
1618 1585 1831 1616 Ecclesiarum.

1010 1627 1065 1664 Qui
1079 1628 1291 1669 benignissime
1307 1630 1438 1670 suscepti
1464 1639 1481 1660 a
1497 1629 1744 1661 reverendissimo
1763 1629 1835 1660 ﬁdei

1009 1674 1325 1705 catholicaedet'ensore
1331 1674 1533 1711 Constantino,
1539 1673 1691 1714 jussisunt
1699 1674 1834 1705 remissis

1008 1717 1256 1758 disputationibus
1267 1719 1490 1759 philosophicis,
1501 1719 1623 1759 paciﬁco
1635 1718 1784 1759 colloquio
1796 1719 1833 1749 de

1007 1762 1066 1794 ﬁde
1081 1773 1151 1794 vera
1167 1764 1351 1804 perquirere,
1370 1764 1445 1795 datis
1456 1764 1499 1795 eis
1515 1765 1552 1794 de
1566 1763 1747 1795 bibliotheca
1757 1765 1833 1795 Con-

1007 1808 1267 1848 stantinopolitana
1281 1809 1394 1839 cunctis
1410 1808 1599 1848 antiquorum
1627 1809 1746 1839 Patrum
1759 1818 1835 1848 quos

1007 1852 1283 1892 petebant,libellis.
1294 1853 1461 1884 Adfuerunt
1470 1858 1569 1884 autem
1582 1856 1610 1883 et
1620 1853 1752 1893 episcopi
1766 1853 1832 1894 150,

1006 1896 1175 1937 presidente
1186 1897 1326 1938 Gregorio
1338 1898 1428 1937 κείω
1440 1897 1522 1929 urbis
1534 1897 1661 1938 praesule
1673 1902 1703 1928 et
1724 1897 1833 1929 Antio-

1006 1942 1082 1972 chiae
1090 1942 1252 1974 Machario.
1267 1942 1301 1973 Et
1312 1942 1439 1973 convicti
1451 1946 1518 1973 sunt
1530 1942 1580 1982 qui
1596 1952 1684 1972 unam
1697 1942 1832 1973 volunta-

1007 1990 1065 2017 tem
1081 1991 1110 2017 et
1125 1988 1325 2027 operationem
1341 1987 1513 2018 astruebant
1524 1987 1553 2017 in
1568 1987 1696 2024 Christo,
1709 1987 1833 2018 falsasse

1006 2032 1125 2062 Patrum
1141 2032 1352 2063 catholicorum
1366 2032 1441 2063 dicta
1456 2042 1509 2072 per
1520 2032 1658 2072 plurima.
1671 2031 1767 2062 Finito
1783 2041 1820 2062 au

1008 2079 1066 2106 tem
1083 2077 1232 2115 conﬂictu,
1252 2086 1286 2107 ea
1314 2078 1385 2107 hora
1414 2081 1501 2108 tantae
1526 2085 1701 2107 aranearum
1720 2077 1786 2107 tela:
1802 2076 1833 2107 in

1009 2120 1141 2151 medium
1157 2121 1257 2162 populi
1270 2121 1455 2162 occiderunt,
1472 2126 1503 2152 ut
1526 2131 1630 2152 omnes
1642 2121 1832 2152 mirarentnr.

1008 2165 1051 2196 Ac
1067 2174 1120 2205 per
1129 2166 1186 2197 hoc
1201 2166 1396 2206 signiﬁcatum
1413 2171 1457 2197 est
1472 2167 1550 2206 quod
1566 2166 1671 2197 sordes
1684 2166 1833 2197 haeretica:

1009 2210 1160 2250 pravitatis
1174 2210 1305 2251 depulsae
1333 2215 1442 2242 essent.
1467 2213 1502 2242 Et
1525 2210 1684 2251 Gregorius
1712 2211 1834 2252 quidem

978 2252 1000 2276 Β
1010 2259 1161 2286 correctus
1167 2259 1220 2286 est.
1231 2255 1399 2287 Macharius
1405 2259 1501 2286 autem
1514 2266 1580 2287 cum
1590 2256 1650 2286 suis
1656 2256 1835 2296 sequacibus

1009 2299 1095 2330 simul
1112 2304 1141 2330 et
1156 2300 1439 2340 praedecessoribus,
1456 2301 1542 2340 Cyro,
1559 2301 1673 2340 Sergio,
1689 2300 1833 2338 Honorio,

1008 2344 1129 2383 Pyrrho,
1144 2344 1233 2375 Paulo
1245 2349 1274 2375 et
1296 2344 1383 2376 Petro
1403 2345 1652 2382 auathematizati,
1678 2349 1708 2376 et
1722 2346 1752 2375 in
1769 2346 1833 2376 loco

1009 2388 1075 2428 ejus
1089 2388 1301 2429 Theophauius
1313 2389 1387 2420 abba
1399 2389 1436 2420 de
1444 2389 1548 2420 Cilicia
1556 2389 1713 2430 episcopus
1722 2389 1831 2421 factus.

1008 2432 1160 2473 Tantaque
1171 2434 1388 2474 gratialegatos
1415 2434 1567 2466 catholicae
1591 2434 1672 2475 pacis
1690 2434 1831 2466 comitata

1007 2482 1064 2515 est,
1076 2477 1244 2509 utJoannes
1255 2478 1425 2510 Portuensis
1433 2479 1603 2519 episcopus,
1613 2479 1734 2519 quierat
1754 2489 1833 2510 unus

1007 2531 1041 2552 ex
1050 2522 1289 2562 ipsis,Dominica
1297 2523 1405 2554 octavis
1413 2524 1529 2554 Paschze
1535 2524 1642 2554 missas
1654 2523 1787 2564 publicas
1802 2524 1833 2554 in

1006 2567 1133 2598 ecclesia
1143 2569 1257 2599 Sanctae
1268 2567 1385 2608 Sophia;
1393 2577 1490 2600 coram
1502 2568 1638 2609 principe
1650 2572 1678 2598 et
1690 2568 1831 2608 episcopo

1005 2611 1098 2651 ipsius
1105 2611 1519 2644 urbisLatinecelebraret.Eo
1529 2617 1663 2654 tempore
1671 2613 1834 2643 Damianns

1005 2657 1173 2690 Ticinensis
1179 2659 1324 2691 Ecclesiae
1334 2660 1492 2702 episcopus
1498 2662 1552 2694 sub
1559 2660 1680 2694 nomine
1689 2663 1834 2694 Mansueti

1005 2704 1138 2746 episcopi
1153 2705 1294 2736 Ecclesiae
1321 2705 1422 2737 Sancti
1447 2707 1610 2747 Michaelis,
1630 2709 1702 2740 satis
1729 2709 1832 2740 utilem

1003 2753 1152 2795 rectaeque
1164 2750 1234 2795 ﬁdei
1254 2750 1409 2791 epistolam
1430 2753 1608 2793 composuit,
1632 2763 1698 2795 quae
1712 2754 1742 2784 in
1754 2762 1832 2795 prae-

1003 2793 1061 2825 fata
1075 2803 1134 2825 non
1150 2794 1301 2826 mediocre
1317 2796 1480 2836 suﬁ‘ragum
1496 2797 1573 2830 tulit.

1044 2838 1146 2870 XVIII.
1161 2839 1253 2871 Recta
1276 2843 1373 2871 autem
1396 2845 1425 2873 et
1435 2852 1505 2875 vera
1516 2843 1591 2876 ﬁdes
1601 2845 1662 2875 haec
1673 2848 1717 2875 est
1731 2853 1737 2875 :
1753 2843 1790 2875 Ut
1804 2844 1837 2875 in
