1975 3071
80 199 169 231 1029
758 201 913 232 CONTRA
935 199 1118 232 NICETAM.
1609 214 1612 217 '
1708 202 1791 236 1030

77 266 216 298 Domino
232 271 332 298 nostro
343 269 412 298 Jesu
426 268 544 299 Christo
556 267 632 299 sicut
640 267 705 298 dua;
715 270 914 303 suntnaturte,
928 270 948 294 Α
959 265 1125 304 liramenta,
1140 272 1168 298 et
1184 277 1248 308 qua;
1261 273 1309 298 aut
1319 269 1443 300 ﬁnxistis
1467 269 1612 309 capitulo,
1623 279 1689 300 cum
1701 271 1789 301 etiam

79 311 145 342 hoc
163 316 218 346 est,
230 312 282 343 Dei
300 316 328 343 et
342 312 484 352 hominis,
501 312 544 343 sic
570 312 657 343 etiam
682 311 747 342 duae
762 311 922 342 credantur
963 311 1791 354 ipsiDominoJesuetapostolisejusimputetisfigmenta.

82 365 156 387 esse
173 356 339 387 voluntates
355 357 415 387 sive
441 357 642 397 operationes.
662 356 715 387 Vis
729 357 832 387 audire
843 355 921 396 quod
962 355 1047 387 Unde
1056 357 1373 394 nos,scientesscxtam
1381 358 1523 398 synodum
1535 358 1570 389 ad
1581 359 1792 390 destruendam

81 400 213 431 deitatis
227 401 293 432 est?
314 412 325 429 «ι
344 401 416 441 Ego,
435 402 542 442 inquit,
563 406 592 432 et
608 401 695 432 Pater
711 410 800 431 unum
820 409 922 431 sumus
964 401 1100 431 haeresim
1127 403 1296 432 Graecorum
1322 402 1592 441 Munothelitarum,
1621 413 1678 434 nou
1694 408 1792 435 autem

81 447 188 484 (Joan.
202 456 231 483 x,
246 446 307 483 30).
320 459 333 474 π
348 447 400 477 Vis
411 447 516 477 audire
524 447 601 487 quod
615 446 806 476 humanitatis
816 445 831 476 ?
846 457 856 473 ιι
872 447 922 475 Pa-
963 445 998 476 ad
1010 446 1186 476 tradendum
1198 446 1338 477 Romanis
1352 457 1440 477 novas
1451 447 1653 479 institutiones
1669 458 1793 488 congre-

82 494 135 521 ter
152 491 250 531 major
266 501 313 522 me
326 495 371 521 est
386 492 484 527 (Joan.
502 500 562 529 xw,
579 491 638 527 28).
658 501 672 520 ω
702 491 797 522 Cerne
810 499 919 521 secun-

84 535 162 566 dum
178 536 391 567 humanitatem
404 546 470 567 eum
481 537 510 566 in
525 536 589 566 navi
603 536 812 566 dormientem.
825 536 920 566 Cerne

84 581 158 618 ejus
176 580 358 611 divinitatem
388 590 455 611 cum
485 580 667 619 evangelista
695 580 786 611 dicit:
804 590 818 609 ¢
837 579 919 610 Tunc

84 633 217 663 surgens
229 625 495 664 imperavitgventis
511 629 539 655 et
554 625 640 662 mari,
658 628 686 655 et
699 625 775 655 facta
787 627 831 655 est
848 630 925 654 tran-

89 671 218 711 quilitos
235 681 340 711 magna
355 672 462 712 (Matii.
480 681 543 712 vui,
559 672 622 711 26),
639 684 650 700 ι)

132 715 208 746 VIX.
224 715 292 746 Haec
304 720 348 746 est
357 720 439 747 sexta
451 717 579 757 synodus
593 716 770 747 universalis
780 716 924 747 Conslan-

961 494 1069 529 gatam,
1098 490 1226 530 capitula
1250 501 1315 531 qua:
1339 491 1425 522 nobis
1453 492 1508 522 sub
1538 492 1603 532 ejus
1618 494 1793 525 auctoritate

962 535 1120 575 opponitis.
1139 537 1261 566 omnino
1278 537 1453 577 refutamus,
1469 537 1538 577 quia
1562 538 1658 577 prima
1674 542 1702 569 et
1717 548 1791 579 apo-

962 579 1066 609 stolica
1074 580 1172 611 sedes,
1189 590 1243 611 nec
1251 581 1410 620 aliquando
1419 591 1453 612 ea
1461 581 1585 621 accepit,
1592 583 1789 614 necobservat

966 624 1129 662 hactenus;
1147 629 1175 655 et
1198 625 1266 665 quia
1292 629 1342 656 aut
1370 630 1439 656 sunt
1464 626 1556 663 nulla,
1586 631 1647 663 aut,
1664 632 1696 658 ut
1710 627 1791 658 vobis

966 668 1060 704 libuit,
1079 669 1235 709 depravata
1251 675 1328 701 sunt.
1346 670 1535 711 Depravastis
1558 671 1680 702 Joannis
1695 672 1790 712 Chry-

966 714 1182 754 sostomiatque
1191 715 1344 753 Gregoroii
1356 715 1486 754 theologi
1496 716 1681 756 aliorumque
1689 717 1791 747 ortho-

88 760 221 801 tinopoli
235 761 384 791 celebrata
409 765 437 791 et
453 762 554 793 Grmco
586 770 724 791 sermone
740 761 921 801 conscripta,
966 757 1108 788 doxorum
1120 758 1239 789 Patrum
1252 760 1341 799 dicta,
1355 764 1382 790 et
1395 760 1570 790 exhibuistis
1581 761 1609 790 in
1620 761 1723 791 eadem
1740 770 1791 801 sy-

87 804 924 846 tempOribuspapmAgathonis,exsequenteacresidente
967 802 1044 832 nodo
1058 808 1150 834 sexta.
1165 805 1278 844 Nempe
1289 813 1305 834 a
1319 804 1414 844 prima
1428 805 1538 844 synodo
1560 805 1684 836 Nicnena
1699 815 1791 845 usque

88 849 227 889 piissimo
240 850 373 889 principe
384 850 809 891 Constantinointrapalatium
825 859 922 889 suum,
966 846 1000 877 ad
1018 848 1092 877 hanc
1109 852 1220 878 sextam
1237 849 1360 879 trecenti
1377 855 1406 880 et
1421 850 1548 889 amplius
1569 850 1638 880 anni
1653 850 1792 880 dicuntur

88 893 241 933 simulque
258 893 361 933 legatis
377 895 547 934 apostolicae
559 895 639 926 sedis
655 899 683 925 et
703 894 850 934 episcopis
870 894 948 935 150_
967 892 1086 922 evoluti.
1104 892 1138 922 Et
1154 894 1302 932 quomodo
1314 893 1343 924 in
1359 893 1478 924 Nicmna
1492 899 1520 924 et
1531 894 1653 934 reliquis
1664 899 1792 935 quatuor

88 938 306 975 residentibus,
324 939 373 979 qui
390 933 494 970 omnes
507 940 625 980 quidem
644 933 780 970 haeresim
797 933 922 970 (iamna—
934 933 953 957 Β
966 937 1086 976 synodis
1102 937 1318 968 nniversalihus
1333 938 1414 968 nulla
1444 939 1553 969 mentio
1570 933 1651 969 titde
1667 933 1725 970 tam
1742 949 1792 970 ne-

91 987 211 1014 verunt.
230 982 313 1013 Tunc
327 984 476 1023 piissimus
505 984 644 1024 princeps
655 984 863 1015 Constantinus
876 984 921 1014 in-
966 981 1092 1011 cessaris
1103 982 1214 1012 rebus?
1225 982 1363 1022 Nunqnid
1376 993 1469 1023 usque
1481 983 1515 1014 ad
1523 987 1633 1014 sextam
1650 985 1794 1024 synodum

91 1027 251 1066 terrogavit
260 1028 443 1068 eosqualiter
452 1028 583 1060 Romana
591 1028 725 1060 Ecclesia
733 1028 769 1060 de
776 1029 922 1059 sacriﬁcio
965 1026 1059 1057 Grzeci
1073 1031 1101 1056 et
1113 1026 1205 1057 Latini
1213 1027 1357 1058 rationem
1370 1028 1466 1058 missae
1477 1028 1694 1067 acjejuniorum
1706 1030 1794 1068 igno-

95 1071 233 1110 corporis
250 1077 278 1102 et
293 1072 447 1111 sanguinis
472 1072 589 1103 Domini
613 1073 705 1104 nostri
729 1072 798 1104 Jesu
814 1074 924 1105 Christi
965 1076 1115 1111 faverunt,
1135 1076 1163 1102 et
1179 1081 1232 1112 per
1246 1077 1403 1103 sexcentos
1412 1077 1441 1103 et
1455 1073 1582 1112 amplius
1597 1082 1690 1104 annos
1701 1083 1717 1104 a
1730 1083 1794 1113 pas-

92 1115 232 1146 ordinem
242 1116 370 1148 teneret?
380 1118 658 1158 llliresponderunt;
673 1117 818 1148 «Incalice
826 1119 923 1150 Domi—
965 1115 1049 1146 sione
1064 1116 1173 1147 Christi
1188 1117 1217 1147 in
1234 1117 1342 1147 talihus
1354 1121 1514 1149 errarunt?
1526 1119 1572 1149 An
1586 1117 1685 1148 forsan
1699 1119 1794 1150 Graeci

94 1160 127 1190 ni
139 1170 200 1191 non
212 1161 404 1193 debetsolum
416 1162 500 1193 atteri
509 1163 622 1200 vinum,
637 1163 688 1194 sed
699 1172 773 1203 aqua
789 1164 922 1196 mistum.
966 1161 1027 1191 haec
1044 1164 1198 1199 noverunt,
1226 1166 1254 1192 et
1275 1161 1399 1193 Romani
1429 1162 1667 1201 ignoraverunt!
1687 1163 1744 1194 Sed
1761 1173 1795 1194 ex

95 1205 172 1236 Nam
186 1206 211 1236 si
221 1207 316 1237 solum
327 1207 426 1237 vinum
439 1207 693 1246 offertur,sanguis
706 1208 812 1238 Christi
821 1208 926 1248 incipit
965 1204 1132 1236 Missalibus
1140 1205 1339 1238 Romanorum
1351 1206 1444 1244 libris,
1457 1207 1493 1236 ab
1505 1208 1584 1237 omni
1593 1206 1730 1238 Ecclesia
1740 1207 1796 1239 Oc-

97 1258 166 1293 esse
178 1250 242 1281 sine
254 1251 351 1281 nobis.
363 1251 397 1282 Et
409 1251 433 1282 si
449 1261 523 1292 aqua
535 1262 607 1292 pura
619 1253 749 1285 offertur,
766 1253 828 1283 sola
842 1253 925 1293 plebs
970 1250 1110 1281 cidentali
1125 1251 1254 1291 antiquis
1277 1252 1416 1292 receptis,
1441 1252 1594 1283 evidenter
1608 1252 1797 1292 cognoscitur

95 1292 280 1334 incipitesse
294 1295 358 1326 sine
371 1295 500 1327 Christo.
523 1296 645 1332 Quando
658 1301 816 1336 utrumque
831 1292 929 1328 admi-
971 1305 1058 1335 quam
1070 1296 1213 1326 rationem
1225 1296 1335 1336 jejunii
1349 1301 1377 1327 et
1398 1296 1496 1327 missa:
1506 1296 1728 1327 habuerintsub
1745 1306 1796 1328 re-

101 1343 215 1375 scetur,
235 1339 262 1370 id
277 1344 332 1376 est,
347 1340 446 1370 vinum
474 1345 503 1371 et
523 1350 610 1381 aqua,
628 1345 696 1371 tunc
713 1346 929 1372 sacramentum
970 1340 1194 1371 verendissimis
1205 1341 1402 1381 pontificibus,
1413 1340 1800 1372 Silvestroscilicetauctore

99 1383 254 1423 spirituale
268 1385 431 1424 perficitur.
451 1385 566 1416 Oblatio
589 1395 659 1416 vero
689 1395 753 1425 quae
768 1386 798 1416 in
815 1386 930 1416 sacrifi-
971 1384 1099 1415 Niczenw
1112 1385 1226 1425 synodi.
1244 1385 1361 1416 Gelasio
1386 1385 1560 1416 damnatore
1588 1386 1678 1417 vestri
1707 1386 1799 1422 Acaii,

99 1427 179 1458 cium
196 1429 296 1459 altaris
321 1429 457 1466 offertur,
485 1431 597 1460 nullum
626 1430 866 1461 commistionem
882 1435 931 1461 aut
973 1429 1307 1470 maximequeGregorio
1318 1431 1800 1471 dialogo,compatreimperatoris

100 1473 322 1512 corruptionem
339 1474 478 1504 fermenti
494 1474 583 1505 debet
615 1474 738 1510 habere,
755 1475 832 1506 sicut
847 1475 932 1506 beata
973 1473 1113 1505 Maurilii.
1127 1473 1159 1504 In
1170 1475 1256 1514 cujus
1268 1475 1355 1506 libris
1366 1475 1532 1506 Missalihus
1540 1475 1707 1507 omnisdies
1718 1475 1799 1511 Qua-

102 1516 183 1556 virgo
194 1517 285 1548 Maria
292 1518 405 1559 absque
412 1519 494 1550 omni
505 1520 698 1560 corruptione
706 1520 853 1550 Christum
864 1530 933 1551 con-
973 1518 1241 1557 dragesimzehabet
1249 1519 1386 1559 specialis
1394 1520 1491 1550 missae
1498 1520 1799 1559 plenariumotl‘icium

105 1564 184 1604 cepit
197 1568 225 1595 et
251 1567 376 1606 peperit.
391 1567 466 1597 Hinc
481 1567 510 1596 in
519 1566 653 1598 Ecclesia
669 1576 733 1597 mos
759 1566 886 1598 obtinuit
901 1570 932 1598 ut
942 1571 962 1596 c
975 1566 1014 1601 et,
1029 1567 1151 1603 excepta
1164 1563 1328 1605 Dominica,
1341 1564 1515 1596 nullusdies
1525 1565 1588 1604 ejus
1599 1565 1686 1595 solvit
1697 1574 1800 1595 susce-

101 1609 279 1641 sacrificium
290 1611 393 1642 altaris
403 1611 499 1642 nonin
512 1611 608 1642 serico
620 1612 707 1642 autin
719 1621 815 1652 panno
826 1612 930 1649 tincto,
973 1608 1329 1650 plum,jejunium,quam
1338 1609 1525 1640 traditionem
1537 1612 1559 1640 si
1570 1614 1715 1640 tentasset
1724 1619 1800 1650 papa

103 1653 154 1684 sed
165 1653 194 1684 in
208 1654 278 1685 limo
290 1661 410 1686 terreno
425 1655 803 1696 cc-lebretur,sicutcorpus
814 1656 932 1690 Domini
972 1653 1085 1692 Agatho
1098 1653 1285 1693 aliquatenus
1306 1654 1618 1693 removereRomanis,
1632 1664 1690 1685 non
1698 1654 1802 1684 audire

104 1697 204 1728 fuitin
219 1699 346 1730 sindone
375 1700 484 1730 munda
512 1700 672 1740 sepultum.
701 1701 749 1732 Sic
778 1705 806 1731 et
821 1700 930 1732 oblatio
973 1697 1064 1728 turab
1076 1698 1801 1739 eis.Quia,licetipsemagnusexstiterit,praefatis

105 1743 215 1773 munda
230 1744 318 1775 debet
333 1753 399 1774 esse
411 1754 428 1774 a
442 1745 598 1781 fermento,
609 1746 692 1785 juxta
704 1745 781 1785 quod
796 1744 827 1775 in
839 1746 931 1784 gestis
973 1746 1073 1773 tamen
1089 1743 1296 1774 decessoribus
1306 1743 1367 1774 suis
1378 1743 1455 1774 sicut
1467 1748 1612 1784 tempore,
1624 1744 1664 1774 ita
1676 1744 1802 1775 scientia

104 1787 325 1827 pontificalibus
336 1797 352 1818 a
363 1788 447 1819 beato
460 1788 601 1819 Silvestro
613 1789 740 1828 legimus
752 1798 819 1820 esse
836 1793 931 1820 statu-
975 1790 1003 1817 et
1014 1787 1187 1818 auctoritate
1199 1788 1295 1819 minor
1305 1788 1369 1819 fuit.
1378 1788 1576 1824 Quamobrem
1589 1793 1739 1829 caputquo
1750 1798 1799 1819 as-

106 1836 179 1863 tum.
195 1844 206 1860 α
225 1832 308 1864 Tunc
320 1833 430 1873 placuit
446 1833 580 1873 piissimo
595 1833 722 1874 principi
738 1833 758 1864 C
772 1834 931 1864 ~nstantino
974 1832 1072 1862 seritis
1080 1841 1147 1863 eum
1162 1833 1366 1872 promulgasse
1377 1838 1409 1863 ut
1420 1833 1803 1874 siquisclericusjejunaret

105 1877 168 1908 haec
183 1877 301 1908 traditio
316 1878 487 1918 apostolicae
512 1877 602 1909 sedis.
634 1877 709 1908 Ecce
734 1878 820 1908 istius
838 1883 866 1909 et
882 1887 932 1909 sex
976 1875 1358 1916 Sabbatumpraeterunum,
1373 1878 1585 1918 deponeretur,
1598 1879 1692 1918 magis
1702 1878 1804 1909 dicen-

107 1925 278 1953 caaterarum
293 1922 473 1963 synodorum
486 1921 624 1953 omnibus
639 1922 748 1954 sanctis
762 1922 894 1963 patribus
907 1931 935 1958 et
976 1920 1045 1950 dum
1059 1925 1088 1951 et
1098 1922 1316 1953 Nazarenorum
1331 1931 1396 1953 esse
1407 1931 1493 1962 quam
1506 1923 1718 1962 apostolorum,
1728 1923 1803 1954 Che-

109 1966 277 1997 orthodoxis
292 1967 491 2008 imperatoris,
523 1976 577 2007 per
606 1967 705 1998 omnia
734 1967 847 2008 placuit
860 1967 935 1998 fides
976 1965 1240 1997 riutietHabionis
1256 1976 1341 2006 quam
1367 1970 1456 1997 sextae
1467 1966 1611 2007 synodiet
1636 1968 1804 2008 papaaAga-

110 2014 138 2041 et
147 2011 264 2042 traditio
275 2011 445 2052 apostolicae
457 2011 548 2042 sedis.
562 2011 597 2042 Et
606 2015 635 2042 tu
646 2011 694 2052 qui
707 2021 750 2049 es,
768 2011 816 2042 cui
826 2011 932 2052 displi-
976 2010 1086 2041 thonis.
1099 2010 1152 2042 Cui
1162 2020 1233 2042 sane
1245 2011 1373 2051 capitulo
1386 2012 1510 2050 epistola
1523 2011 1603 2043 Pauli
1618 2016 1721 2052 aperte
1732 2022 1803 2043 cou-

110 2055 180 2087 cet?
193 2055 250 2087 Sed
262 2056 396 2087 volumus
410 2056 509 2088 dicas:
527 2057 691 2087 Videturne
702 2056 755 2087 tibi
770 2065 932 2096 congruum
977 2055 1106 2092 tradicit,
1119 2055 1169 2086 ubi
1181 2055 1235 2086 ait:
1255 2067 1265 2084 «
1276 2055 1370 2087 Nemo
1381 2056 1589 2096 vosjudicetin
1597 2056 1662 2087 cibo
1674 2061 1721 2087 aut
1732 2061 1803 2096 potu

109 2101 227 2131 utomni
239 2104 342 2141 quarta
354 2105 382 2132 et
392 2106 472 2132 sexta
486 2101 685 2141 feriajejunes
702 2105 823 2141 propter
838 2101 933 2132 tradi-
975 2101 1066 2131 autin
1078 2105 1160 2141 parte
1171 2100 1230 2131 diei
1244 2101 1323 2137 festi,
1337 2104 1366 2132 et
1376 2101 1541 2132 neomeniae
1553 2105 1580 2132 et
1593 2100 1801 2139 Sabbatorum,

110 2144 218 2176 tionem
231 2149 260 2176 et
271 2146 436 2185 passionem
447 2145 567 2182 Christi,
581 2150 739 2186 etpropler
751 2146 932 2185 sepulturam
975 2155 1040 2186 quae
1050 2145 1231 2176 suntumbra
1241 2145 1416 2177 futurorum.
1430 2158 1441 2175 ν
1455 2145 1539 2177 Unde
1548 2145 1672 2176 Romani
1681 2146 1802 2186 pr0prio

111 2190 190 2221 nullo
201 2189 342 2228 Sabbato,
356 2190 481 2220 nisiuno
494 2189 588 2221 ?Cum
604 2199 673 2229 ergo
689 2189 770 2220 omni
780 2189 935 2220 Dominica
975 2190 1088 2221 auctori
1103 2189 1283 2229 etmogistro
1295 2191 1428 2230 gentium
1440 2190 1470 2221 in
1484 2190 1542 2221 fide
1555 2191 1712 2221 etveritate
1728 2190 1802 2221 obe—

112 2234 242 2265 celebres
252 2235 519 2272 resurrectionem,
532 2233 673 2274 omnique
689 2237 792 2274 quarta
807 2239 837 2266 et
852 2238 935 2265 sexta
975 2235 1092 2265 dientes
1104 2234 1179 2265 nulli
1190 2234 1316 2265 Sabbato
1328 2234 1435 2265 festum
1447 2235 1492 2266 vel
1507 2235 1598 2265 otium
1615 2234 1801 2275 dependunt,

112 2278 183 2309 feria
194 2279 313 2329 jejunes
322 2282 450 2334 propter
465 2279 654 2310 traditionem
678 2283 713 2334 ‘et
727 2288 864 2317 crucem;
880 2288 934 2334 cur
945 2279 1051 2334 I)sieut
1067 2288 1123 2309 nec
1138 2279 1306 2334 neomenia,
1324 2279 1392 2319 quia
1401 2279 1532 2319 profecto
1543 2278 1665 2310 Judaica
1681 2282 1759 2317 sunt,
1776 2283 1805 2310 et

115 2332 170 2354 non
186 2327 214 2354 et
228 2323 309 2354 omni
322 2323 448 2355 Sabbato
465 2327 588 2364 propter
601 2323 796 2364 sepulturam,
815 2333 882 2354 cum
897 2323 934 2354 de
945 2323 1077 2364 “utique
1091 2323 1196 2355 umbra
1212 2324 1390 2354 futurorum.

115 2367 291 2399 celebrando
308 2367 438 2399 Sabbato
453 2368 563 2399 nullam
580 2370 725 2399 rationem
743 2373 855 2405 teneas,
877 2368 935 2399 nisi
994 2368 1069 2400 XXI.
1079 2367 1170 2399 Porro
1179 2368 1465 2408 undeacceperimus
1474 2369 1555 2399 omni
1567 2368 1803 2408 diejejuniorum

114 2422 197 2454 quam
214 2412 319 2450 Judaei,
337 2412 460 2444 scillicet
475 2413 542 2454 quia
558 2413 588 2443 in
617 2423 653 2444 eo
675 2413 821 2453 requievit
834 2412 936 2444 Deus‘?
977 2414 1137 2454 perfectam
1155 2413 1275 2444 missam
1292 2414 1408 2456 facere,
1420 2423 1508 2454 supra
1524 2417 1692 2444 curavimus
1707 2417 1804 2444 osten-

115 2457 166 2494 Qui
176 2457 277 2497 utique
289 2457 425 2496 fatigatus
437 2467 496 2488 non
509 2462 562 2495 est,
578 2457 666 2488 verbo
679 2467 785 2488 creans
793 2457 937 2498 quidquid
979 2459 1051 2490 dere
1065 2469 1071 2487 :
1089 2467 1143 2489 nec
1155 2458 1294 2489 timemus
1304 2462 1392 2498 caput
1403 2458 1480 2498 quod
1495 2458 1592 2489 dicitis
1602 2457 1803 2498 apostolorum

113 2502 210 2538 voluit,
225 2501 277 2532 sed
292 2501 322 2531 in
339 2501 394 2531 hoc
421 2506 550 2532 nostram
579 2501 713 2542 requiem
731 2502 935 2542 praetiguravit.
979 2502 1016 2533 de
1028 2502 1074 2533 his
1086 2503 1136 2543 qui
1148 2502 1806 2543 nonjejunaverintQuadragesimam,quarta

116 2546 195 2583 Quod
211 2546 236 2576 si
246 2556 304 2577 uno
318 2545 446 2577 Sabbato
459 2546 489 2577 in
507 2550 565 2577 toto
582 2546 864 2586 annojejunandum
881 2550 936 2585 est,
980 2556 1097 2588 quoque
1113 2551 1141 2578 et
1156 2550 1238 2578 sexta
1251 2547 1335 2585 feria,
1351 2557 1420 2588 qua,
1433 2551 1555 2588 excepta
1569 2547 1742 2587 gravissima
1757 2547 1803 2577 in-

116 2594 232 2631 propter
245 2590 425 2630 sepulturam
455 2590 577 2630 Christi,
609 2600 678 2630 ergo
708 2594 737 2621 et
764 2600 822 2621 una
837 2594 940 2631 quarta
980 2591 1260 2630 tirmitate,sollicite
1273 2592 1373 2623 cuncti
1380 2591 1808 2631 jejunamusdiebusQuadra-

115 2635 182 2666 feria
201 2639 320 2675 propter
336 2635 540 2673 traditionem,
557 2638 587 2665 et
600 2644 660 2665 una
681 2638 762 2666 sexta
782 2635 856 2666 feria
867 2644 939 2675 pro-
980 2636 1112 2677 gesimze,
1127 2636 1202 2666 adeo
1215 2640 1247 2667 ut
1257 2636 1409 2667 interdum
1421 2637 1571 2667 decennes
1582 2646 1693 2677 pueros
1709 2636 1808 2667 nobis-

117 2683 176 2720 pter
187 2679 369 2720 passionem,
393 2680 426 2710 in
455 2684 519 2711 toto
544 2689 621 2710 anno
655 2683 700 2710 est
723 2679 935 2719 jejunandum.
981 2690 1048 2712 cum
1062 2681 1365 2721 faciamusjejunare,
1392 2690 1448 2712 nec
1461 2681 1602 2712 solvimus
1613 2690 1667 2722 per
1679 2681 1808 2713 Sabbata

117 2724 175 2756 Una
203 2734 321 2765 quoque
350 2725 504 2755 Dominica
534 2727 656 2765 propter
683 2724 935 2756 resurrectionem
979 2726 1267 2767 quadragesimalem
1289 2725 1513 2764 abstinentiam,
1541 2735 1630 2766 quam
1663 2725 1808 2756 Dominus

119 2769 304 2801 celebranda.
980 2776 1082 2803 noster
1093 2781 1152 2802 non
1177 2771 1263 2802 solvit
1278 2771 1308 2802 in
1320 2771 1512 2811 quadraginta
1519 2771 1619 2811 jejuni
1629 2771 1675 2801 sui
1686 2770 1805 2802 diebus.

155 2814 215 2845 XX.
243 2813 308 2844 Non
330 2817 428 2845 autem
458 2814 568 2846 mirum
598 2815 624 2844 si
649 2814 795 2853 Agathoni
810 2823 892 2855 papae
911 2822 941 2849 et
979 2816 1040 2848 Nec
1053 2816 1234 2848 solveremus
1243 2815 1373 2847 etiamin
1384 2816 1434 2847 die
1446 2815 1600 2848 Dominica
1609 2816 1805 2856 quemadmo-

120 2858 224 2891 sanctis
237 2857 372 2889 Patribus
387 2863 476 2890 sextae
485 2858 589 2899 synodi
610 2862 706 2890 vestra
717 2859 870 2899 imputatis
883 2860 939 2892 de-
981 2861 1051 2894 dum
1064 2870 1118 2892 nec
1131 2861 1206 2901 ipse,
1225 2870 1284 2901 prae
1304 2861 1412 2901 gaudio
1436 2860 1665 2892 resurrectionis
1675 2860 1739 2899 ejus
1750 2860 1808 2890 hoc
