1975 3071
177 165 250 198 1031

709 167 912 199 HUMBERTI
934 169 964 199 S.
988 168 1025 198 Β.
1050 168 1082 198 E.
1107 169 1338 201 CARDINALIS

1800 166 1879 200 103?

173 228 253 264 inter
263 233 385 267 dixisset
393 234 429 265 ab
455 234 539 265 initio
565 234 697 265 omnium
715 234 928 266 catholicorum
939 236 997 266 Pa-
1008 241 1029 263 A
1040 233 1134 266 dium.
1147 234 1206 266 Nec
1219 235 1415 267 dubitandum
1424 237 1455 266 in
1468 237 1728 277 quantulacunque
1736 237 1881 276 portione

174 282 251 308 trum
258 279 420 319 sententia,
435 279 523 310 etiam
531 288 597 311 cum
610 280 811 312 anathemate.
824 279 902 315 Quos
911 280 1004 311 secuti

173 323 266 353 sancti
281 324 382 354 Patres
395 323 866 363 Gangrensisconriliidixerunt:
876 336 887 353 α
897 323 928 355 Si
938 324 1004 365 quis

173 376 231 397 non
247 367 415 407 dijudicans
426 368 504 399 diem
528 369 724 407 Dominicam,
745 369 1003 409 jejunaverittan-

173 421 260 451 quam
273 411 304 443 in
317 413 384 453 ejus
399 417 582 454 contemptu,
596 414 751 444 anathema
763 414 811 445 sit.
827 427 839 441 υ
852 413 908 445 Ubi
924 418 1003 445 certe

172 455 304 487 sicuteis
330 461 509 489 attestantur
532 468 636 489 omnes
659 458 822 489 autlientici
848 458 917 489 libri
931 468 1002 494 non,

179 501 508 542 contradicunljejunio
524 502 656 537 Sabbati.
677 503 728 533 sed
755 502 915 534 Dominicae
931 503 1001 533 diei.

214 545 304 578 XXII.
321 546 391 585 Sed,
411 557 427 577 ο
455 548 567 588 perfide
597 546 834 585 Stercorianista,
853 548 902 588 qui
918 552 1004 588 putas

1046 279 1110 317 ejus
1135 280 1208 310 fides
1238 281 1417 312 manducare
1448 282 1506 312 sibi
1535 286 1625 312 totam
1655 282 1756 321 vitam,
1788 281 1816 311 id
1836 285 1886 311 est

1046 323 1207 361 Christum,
1218 325 1353 356 infideles
1367 331 1463 356 auten.
1474 331 1611 367 mortem,
1624 327 1652 357 id
1662 331 1717 366 est,
1728 326 1881 366 judicium

1045 378 1142 408 suum,
1152 374 1253 408 utpote
1266 370 1315 410 qui
1327 370 1370 401 rei
1384 371 1458 400 ﬁunt
1468 371 1602 411 corporis
1613 375 1641 402 et
1653 371 1806 410 sanguinis
1817 370 1879 401 Do-

1045 412 1118 442 mini
1145 413 1259 445 Deinde
1284 415 1417 454 quotidie
1440 416 1500 445 sive
1517 415 1611 455 tertia,
1629 415 1691 446 sive
1707 424 1795 451 nona,
1815 414 1880 446 sive

1045 467 1219 498 quacunque
1236 459 1309 489 hora
1331 459 1380 490 fiat
1389 469 1406 490 a
1418 459 1504 490 nobis
1513 460 1613 496 missa,
1623 469 1681 490 non
1691 460 1723 490 fit
1735 459 1790 489 nisi
1804 469 1878 499 per-

1046 502 1129 532 ferla.
1145 505 1206 534 Nec
1221 509 1390 534 reservatur
1401 514 1435 535 ex
1446 504 1595 535 oblatione
1604 505 1670 544 ejus
1681 514 1748 545 pars
1759 505 1872 544 aliqua,

1046 552 1076 576 ut
1090 556 1142 586 per
1152 547 1216 578 dies
1226 549 1356 588 quinque
1366 553 1468 587 agatur
1480 549 1569 580 missa
1589 549 1774 589 imperfecta.
1798 548 1877 584 Quia

172 591 253 622 ﬁdeli
270 592 496 631 participatione
512 591 645 632 corporis
662 597 690 622 et
719 592 871 632 sanguinis
885 592 1003 623 Domini
1046 601 1100 622 nec
1112 592 1206 622 sancti
1218 593 1660 634 apostolilegunturquidquam
1677 593 1767 624 exillo
1779 594 1878 633 primo

177 637 442 678 quadragesimalia
452 642 539 678 atque
548 638 1004 679 ecclesiasticadissolvijejunia,
1049 637 1183 675 corporis
1193 642 1222 667 et
1230 638 1491 676 sanguinisChristi
1502 638 1642 678 mysterio
1654 638 1708 668 sub
1719 638 1784 678 ipsa
1792 647 1880 669 cmna

177 682 299 713 omnino
311 682 441 713 credens
450 683 600 713 cmlestem
608 693 707 713 escam
715 684 793 713 velut
802 687 948 714 terrenam
956 693 1007 724 per
1047 679 1203 711 distributo
1213 691 1394 717 reservasse,
1409 692 1463 712 nec
1473 687 1554 713 actus
1568 692 1671 713 eorum
1684 683 1816 713 indicant
1827 692 1881 713 eos

179 727 338 768 aqualiculi
350 727 473 758 fetidam
486 728 673 758 etsordidam
683 728 901 767 egestionemin
909 738 1008 759 seces-
1047 724 1204 765 aliquando
1214 727 1270 757 tale
1277 727 1347 767 quid
1358 728 1454 766 egisse
1465 732 1512 758 aut
1521 727 1709 767 praecepisse.
1722 727 1879 764 Quiuimo,

171 781 235 803 sum
248 772 370 812 dimitti,
391 773 479 812 plane
492 772 586 802 sentis
610 782 673 803 cum
697 772 778 803 Ario.
797 773 852 809 Qui
868 783 934 803 cum
951 782 1003 813 pro
1048 769 1123 799 sicut
1135 771 1228 801 Lucas
1239 775 1336 802 narrat
1349 781 1355 803 :
1369 784 1381 799 α
1395 771 1593 802 Eranttideles
1604 776 1834 811 perseverantes
1848 771 1880 801 in

170 816 235 847 aliis
246 816 431 856 blasphemis
443 816 473 846 in
483 816 590 847 Filium
604 815 670 853 Dei,
685 821 745 847 tum
771 817 857 847 etiam
872 827 924 857 pro
936 817 1001 850 ista,
1045 814 1177 845 doctrina
1187 816 1387 854 apostolorum
1401 821 1428 846 et
1442 816 1709 848 communicatione
1721 816 1880 850 fractionis

169 860 282 892 foveam
298 861 438 900 delapsus
450 861 479 891 in
491 866 595 898 atram,
626 861 789 892 visceribus
807 861 878 892 fusis
894 871 1001 892 vacuus
1014 889 1030 901 η
1045 859 1128 897 ρίηιὶε
1143 862 1218 896 (Αεί-
1232 869 1262 891 ιῐ-
1277 861 1334 898 49-7).
1353 874 1363 888 υ
1379 861 1449 897 Qum
1459 861 1688 892 communicatio
1705 861 1834 901 qualiter
1846 865 1877 891 el

169 914 286 946 quoque
302 910 409 936 ventre
425 906 577 936 ramansit.
604 905 639 936 Et
667 905 719 936 ubi
743 910 786 936 est
801 905 934 937 Salvator
949 907 1000 946 qui
1013 903 1031 913 "
1043 903 1366 942 quibusdiebustieret,
1379 911 1541 946 pustpauca
1552 906 1871 942 demonstrat,dicens:

168 951 242 980 dans
252 949 411 990 discipulis
426 959 559 990 panema
571 959 603 980 se
623 949 813 981 benedictum
824 955 852 981 et
876 951 999 982 fractum
1045 960 1055 975 tl
1070 947 1208 983 Quotidie
1221 955 1443 989 perseverantes
1459 950 1641 981 unanimiter
1657 950 1685 980 in
1703 951 1828 990 templo,
1844 955 1875 980 et

168 994 260 1025 dixit:
295 995 461 1034 «Accipite
492 999 521 1025 et
552 995 712 1032 comedite,
744 995 800 1026 hoc
823 999 870 1026 est
893 1005 1000 1036 corpus

168 1049 266 1070 meum
281 1039 293 1070 ἲ
308 1052 320 1067 ››
334 1039 452 1078 (Matth.
468 1048 550 1074 xxvr.
564 1040 629 1080 26.)
656 1039 688 1069 In
699 1049 757 1080 quo
771 1040 840 1079 quid
858 1041 995 1071 traderet.

169 1084 241 1115 alibi
253 1084 325 1114 dicit
342 1094 348 1114 ε
368 1097 378 1111 ‹ι
396 1084 481 1115 Panis
494 1094 582 1125 quem
595 1092 648 1124 ego
659 1085 783 1124 dedero,
796 1094 862 1115 caro
879 1095 945 1116 mea
959 1093 1003 1119 est

167 1138 221 1169 pro
239 1128 407 1159 mundivita
426 1129 518 1165 (Joan
546 1138 584 1166 v1,
616 1129 686 1167 52);
703 1142 713 1158 η
745 1134 774 1160 et
790 1140 797 1167 ;
817 1141 827 1155 ιι
847 1130 920 1161 Caro
937 1140 1001 1160 mea

167 1183 237 1204 vere
255 1179 299 1204 est
325 1173 422 1210 cibus,
452 1178 481 1204 et
509 1174 628 1213 sanguis
659 1183 742 1204 meus
770 1183 838 1205 vere
855 1179 900 1205 est
916 1178 1000 1214 potus

167 1220 317 1256 (Joan.v1,
330 1219 394 1259 56).
412 1232 423 1247 υ
439 1219 593 1254 Quomodo
608 1218 806 1254 verus?Quia
820 1230 831 1246 α
847 1219 897 1259 qui
912 1229 997 1249 man-

166 1263 255 1294 ducat
264 1273 386 1294 carnem
397 1273 505 1300 meam,
518 1263 809 1303 etbibitsanguinem
824 1273 935 1304 meum,
948 1264 998 1295 ha-

172 1307 223 1338 bet
235 1308 321 1339 vitam
333 1313 473 1339 aeternam
486 1307 642 1346 (J001LXI.
656 1309 719 1348 55).
741 1321 751 1335 ι
766 1308 875 1348 Ειῳιω
886 1313 931 1339 est
942 1309 999 1340 vita

166 1355 298 1384 aeterna?
309 1352 422 1393 Nempe
434 1352 569 1384 Christus
593 1353 691 1392 Iesus,
718 1352 794 1383 sicut
823 1353 887 1393 ipse
903 1353 973 1384 dicit
989 1365 995 1386 :

168 1410 182 1425 ιι
195 1397 254 1437 Ego
264 1407 329 1428 sum
343 1399 400 1434 via,
413 1397 520 1428 veritas
533 1401 562 1428 et
574 1397 630 1427 vita
646 1397 751 1437 (Joun.
767 1406 827 1433 XIV,
847 1398 890 1437 6).
911 1410 924 1426 »
943 1398 996 1435 Qui

165 1451 237 1481 ergo
245 1452 351 1483 panem
357 1442 411 1474 Dei
420 1441 587 1480 manducat,
599 1451 721 1472 carnem
728 1442 781 1474 Dei
795 1443 905 1473 Christi
915 1453 998 1474 man-

165 1486 263 1517 ducat.
276 1486 331 1523 Qui
342 1490 441 1517 autem
452 1495 572 1517 carnem
585 1487 650 1526 ejus
663 1488 835 1527 manducat,
846 1487 995 1518 Christum

1041 993 1208 1032 frangentes
1214 994 1292 1024 circa
1300 995 1403 1024 domes
1412 1004 1517 1035 panem
1525 1005 1559 1025 su
1565 995 1771 1034 mebantthid.
1778 995 1835 1035 ,46)
1844 1020 1850 1026 .
1858 1007 1870 1020 η

1041 1035 1116 1067 Ecce
1125 1047 1210 1067 verax
1221 1038 1400 1077 evangelista
1412 1044 1536 1069 testatur
1547 1039 1602 1069 sub
1613 1039 1755 1078 apostolis
1767 1039 1877 1069 fideles

1044 1081 1179 1120 quotidie
1190 1091 1290 1112 orasse
1302 1087 1331 1112 et
1340 1092 1446 1123 pazzem
1460 1083 1595 1123 fregisse,
1608 1084 1710 1119 Etvos,
1723 1084 1772 1123 qui
1786 1084 1871 1121 estis,

1043 1126 1092 1165 qui
1109 1125 1206 1156 dicitis
1221 1127 1337 1158 duobus
1348 1131 1460 1157 tantum
1474 1127 1579 1158 diebus
1596 1127 1790 1158 hebdomadis
1804 1129 1876 1158 mis-

1042 1179 1102 1200 sam
1117 1171 1279 1210 perfectam
1293 1172 1357 1202 ﬁeri
1369 1172 1491 1210 debere,
1508 1172 1631 1212 reliquis
1643 1181 1712 1202 vero
1736 1173 1874 1213 quinque

1040 1216 1259 1255 imperfectam?
1271 1216 1383 1257 Nempe
1394 1217 1483 1248 hicin
1497 1217 1581 1256 punis
1593 1217 1737 1248 fractione
1751 1223 1778 1247 et
1792 1227 1877 1248 com~

1041 1260 1251 1296 municatione,
1269 1271 1327 1291 non
1345 1262 1401 1292 nisi
1417 1262 1577 1301 perfectam
1607 1262 1755 1292 actionem
1771 1262 1872 1293 missae

1040 1304 1184 1334 debemus
1196 1305 1346 1344 accipere,
1358 1306 1607 1345 quemadmodum
1615 1306 1747 1345 etipsum
1764 1307 1868 1337 Domi-

1039 1349 1598 1390 numlegimus,nonimperfectam,sed
1607 1352 1765 1391 perfectam
1786 1362 1869 1382 com-

1040 1394 1285 1424 memorationem
1297 1394 1359 1425 suis
1370 1395 1524 1434 discipulis
1538 1395 1708 1432 tradidisse,
1720 1395 1749 1426 in
1764 1406 1840 1436 pane
1853 1406 1870 1428 a

1040 1447 1071 1468 se
1081 1438 1237 1469 benedicto
1250 1443 1278 1469 et
1289 1449 1354 1470 mox
1366 1439 1458 1470 fracto
1483 1447 1512 1470 et
1523 1440 1692 1472 distributo.
1707 1440 1772 1471 Non
1786 1443 1868 1472 enim

1039 1481 1190 1513 benedixit
1203 1487 1313 1514 tantum
1326 1488 1354 1514 et
1364 1485 1489 1514 servavit
1503 1485 1697 1523 frangendum
1711 1485 1739 1515 in
1757 1486 1868 1516 crasti-

165 1531 322 1562 manducat
334 1541 341 1567 ;
355 1530 404 1571 qui
421 1530 568 1561 Christum
585 1531 754 1569 manducat,
786 1532 888 1572 procul
905 1532 1023 1563 dubioC
1036 1536 1117 1561 Itum.
1134 1537 1188 1558 nec
1199 1528 1285 1567 fregit
1298 1532 1408 1559 tantum
1422 1529 1657 1569 etreposuit,sed
1671 1529 1797 1560 fractum
1809 1535 1870 1561 sta-

164 1576 253 1607 vitam
265 1579 406 1606 aeternam
420 1575 588 1606 manducat.
601 1575 690 1615 Ergo,
702 1586 718 1606 ο
733 1576 931 1616 pestiferleno
945 1586 997 1608 an-

1041 1572 1093 1607 tim
1109 1572 1270 1604 distribuit.
1286 1572 1372 1604 Unde
1401 1573 1504 1603 beatus
1530 1574 1699 1605 Alexander
1716 1579 1826 1615 martyr
1843 1580 1873 1607 et

163 1621 238 1662 tiqui
251 1621 410 1662 serpentis,
423 1620 473 1661 qui
484 1620 603 1651 conaris
615 1620 724 1651 astutia
740 1625 788 1651 tua
803 1630 943 1660 corrump

1090 1627 1115 1647 ia
1126 1617 1151 1648 V
1162 1617 1198 1647 ab
1214 1617 1347 1658 apostolo
1358 1617 1456 1655 Petro,
1469 1618 1636 1658 passionem
1650 1620 1767 1650 Domini
1783 1620 1870 1651 iuse-

165 1675 273 1697 sensus
285 1665 394 1697 Christi
405 1674 606 1705 sponsoe,quze
618 1665 819 1702 estEcclesia,
832 1670 864 1696 ut
877 1666 999 1697 excida-
1040 1671 1110 1692 l‘enS
1121 1662 1227 1692 Camoni
1240 1662 1347 1699 missae,
1359 1672 1416 1692 non
1426 1663 1485 1693 ait:
1501 1663 1561 1694 Hoc
1571 1665 1809 1705 quotiescunque
1827 1665 1873 1696 fe-

162 1720 236 1750 tura
247 1710 392 1741 charitate
404 1710 475 1740 tanti
486 1714 515 1741 et
528 1709 595 1740 talis
623 1709 738 1750 sponsi,
768 1709 867 1741 credis
883 1719 938 1741 nos
952 1712 997 1742 vi-
1040 1706 1212 1743 cerilisﬁed
1222 1706 1308 1737 «Hzec
1317 1707 1551 1748 quotiescunque
1571 1708 1872 1746 feceritis,idestbe-

163 1765 222 1790 iam
234 1754 491 1795 incorruptibilem
502 1754 707 1792 comedentes,
720 1764 913 1796 corrumpere
922 1755 998 1787 inte-
1039 1751 1375 1796 nedixeritis,fregeritis
1384 1756 1412 1782 et
1422 1752 1745 1792 distribueritis,inrnei
1755 1764 1874 1785 memo-

163 1802 297 1841 gritatem
307 1800 503 1840 jejuniorum,
514 1800 592 1830 velut
603 1799 702 1840 aliquo
713 1799 782 1831 cibo
792 1801 998 1841 corruptibili?
1038 1795 1112 1841 riam
1124 1795 1250 1841 facietis,
1266 1808 1278 1823 ιι
1288 1795 1362 1841 quia
1371 1796 1524 1841 quodlibet
1536 1797 1641 1827 horum
1656 1797 1756 1831 trium,
1770 1798 1794 1827 si
1805 1798 1872 1829 sine

189 1839 715 1885 XXIILHdn-emusquidemdicere,
728 1839 998 1885 sedcompéuimur
1037 1839 1160 1880 reliquis
1176 1840 1235 1885 fiat,
1251 1839 1367 1885 scilicet
1387 1840 1557 1871 benedictio
1573 1841 1639 1871 sine
1656 1841 1870 1873 distributione

162 1899 179 1921 a
189 1895 238 1921 tua
247 1890 413 1930 impudenti
424 1884 625 1929 improbitate.
637 1884 942 1931 Conaris|Christum,i

1100 1884 1206 1931 fractio
1221 1885 1285 1931 sine
1298 1884 1505 1931 benedictione
1517 1885 1776 1924 etdistributione,
1794 1897 1867 1926 per-

162 1935 255 1976 ipsam
271 1927 359 1965 vitam
376 1943 427 1974 per
442 1927 643 1973 digestione")
655 1933 732 1964 sicut
746 1927 863 1965 canum
881 1935 993 1966 alidum
1037 1928 1143 1976 fectarn
1160 1927 1538 1976 Christimemoriamnnon
1555 1934 1774 1976 representant,
1791 1931 1872 1976 sicut

162 1972 319 2011 demittere
330 1972 520 2009 inlatrinam.
531 1978 567 2008 Et
581 1978 632 2010 ubi
645 1981 700 2015 est,
713 1978 792 2018 quod
804 1979 878 2009 dixit
891 1990 897 2011 :
911 1992 923 2007 α
941 1979 996 2016 Qui
1037 1972 1205 2003 distributio
1216 1972 1869 2018 nullasinebenedictioneetfractione.Quod

162 2025 320 2055 manducat
329 2033 450 2054 carnem
461 2032 569 2061 meam,
580 2027 608 2053 et
616 2023 692 2053 bibit
700 2017 875 2063 sanguinem
884 2033 942 2055 met

1090 2026 1135 2047 em
1148 2017 1281 2057 quotidie
1293 2021 1321 2048 et
1331 2022 1537 2058 quotacunque
1549 2018 1761 2056 horadiei,non
1768 2024 1868 2050 autem

160 2067 191 2098 in
204 2076 254 2100 me
265 2071 408 2104 manet,et
429 2076 484 2106 ego
503 2068 532 2097 in
543 2067 614 2097 eo?»
633 2066 734 2106 (Joan.
745 2062 928 2108 vi,57.)Sine
936 2062 995 2108 qua
1039 2062 1101 2093 sola
1111 2062 1195 2092 tertia
1207 2062 1367 2108 perfectam
1381 2062 1502 2108 missam
1518 2063 1643 2108 agimus,
1661 2064 1870 2095 auctoritatem

159 2112 323 2143 refectione
334 2111 404 2152 quia
415 2121 473 2142 non
485 2111 614 2142 habetur
624 2111 694 2150 vita,
708 2112 772 2152 ipsa
783 2106 861 2149 Vita,
875 2106 996 2152 quae—est
1039 2109 1175 2152 ienemus
1187 2115 1222 2152 eli
1232 2106 1330 2152 verbis
1342 2107 1435 2152 IPSlUS
1443 2107 1773 2147 Dominijuxubealum
1788 2110 1870 2139 Pau-

160 2156 307 2195 Christus,
319 2150 404 2197 quasi
417 2155 545 2196 quodam
556 2150 754 2196 jurejurando
765 2150 946 2196 protestatur
955 2158 998 2188 di,
1008 2193 1026 2197 _
1040 2151 1100 2181 lum
1112 2151 1241 2182 dicentis
1257 2161 1262 2180 :
1276 2161 1289 2179 ‹
1300 2150 1456 2197 Hocfacite
1464 2153 1698 2192 quotiescunque
1705 2153 1870 2187 sumitisin

162 2211 246 2232 cens:
264 2193 392 2237 «Anien,
403 2193 565 2231 ainendico
573 2193 667 2237 vobis,
679 2201 737 2231 nisi
745 2193 1136 2236 manducaveritisteam
1149 2196 1461 2226 commemorationem
1477 2196 1510 2236 (Ι
1532 2197 1601 2228 0ον-
1622 2205 1652 2227 ΧΙ
1676 2197 1736 2232 25).
1752 2210 1763 2226 ι
1782 2198 1870 2229 Unde

162 2244 741 2284 carnemFiliihominis,ethiberitisejus
750 2245 998 2284 sanguinem,non
1041 2250 1107 2270 mox
1120 2240 1198 2271 idem
1211 2240 1368 2280 Apostolus
1379 2245 1498 2271 secutus
1508 2241 1616 2281 adjecit
1629 2252 1634 2272 :
1646 2254 1659 2269 α
1669 2241 1869 2277 Quotiescun-

160 2289 308 2321 habebitis
322 2289 409 2320 vitam
426 2289 456 2319 in
469 2289 553 2320 vobis
567 2289 673 2328 (Ibid.,
687 2290 750 2330 54).
762 2303 775 2318 ››
788 2290 938 2331 Numquid
950 2291 1000 2326 hic
1040 2294 1098 2325 que
1114 2284 1329 2331 manducabitis
1342 2295 1447 2325 Panem
1461 2286 1540 2331 hunc
1551 2290 1580 2316 et
1603 2286 1726 2317 calicem
1744 2286 1866 2326 bibatis,

159 2333 540 2366 dixit:Simanducaveris
565 2343 685 2365 carnem
711 2329 808 2365 meam
822 2338 850 2365 et
862 2329 999 2367 biberitis
1040 2334 1166 2360 "101‘le
1192 2329 1310 2360 Domini
1335 2330 1547 2361 annumiabilis
1579 2331 1683 2369 (Ῑῦἱάιρ
1708 2331 1768 2367 96)-
1786 2345 1798 2359 π
1832 2332 1869 2363 Et

163 2378 341 2418 sanguinem
353 2387 465 2416 meum,
481 2378 804 2419 dissolvetisjejunium
817 2378 874 2410 ?Et
886 2379 998 2410 utinam
1039 2374 1169 2415 quandiu
1181 2373 1193 2405 ’Ξ
1207 2375 1305 2406 Donec
1319 2376 1419 2406 veniat
1436 2375 1538 2416 (Ibid.)
1553 2386 1560 2404 :
1588 2376 1702 2406 scilicet
1728 2376 1868 2416 judicare

159 2423 218 2455 hoc
230 2423 293 2454 solo
304 2426 567 2460 sacramento,non
580 2423 770 2463 adjudicium
786 2428 995 2464 nostrum,om-
1038 2419 1118 2464 vivos
1134 2423 1162 2449 et
1190 2423 1333 2450 mortuos.
1363 2419 1492 2450 Putasne
1519 2420 1627 2452 alieubi
1656 2420 1781 2451 dixerit:
1802 2422 1867 2453 Hoc

158 2468 190 2499 ni
200 2469 273 2501 hora
282 2468 477 2499 reﬁceremur
488 2467 495 2498 l
508 2466 567 2498 Sed
578 2468 648 2508 quia
660 2478 784 2507 corpore
795 2463 992 2509 corruptibili,
1035 2463 1120 2494 Γαθίιε
1135 2464 1208 2509 hora
1223 2463 1310 2509 iel‘liﬂ
1328 2463 1358 2494 in
1395 2473 1491 2495 meam
1522 2465 1836 2496 commemorationem
1851 2467 1867 2496 τ’

161 2513 292 2544 etnimia
301 2513 420 2543 miseria
429 2512 622 2544 conscientiae
633 2518 740 2544 nostra;
765 2508 893 2554 gravati,
905 2508 993 2544 etiam
1035 2509 1100 2554 Non
1118 2508 1229 2554 utique,
1242 2508 1292 2554 Sed
1306 2508 1416 2538 nullam
1432 2509 1534 2554 horam
1560 2514 1609 2540 aut
1632 2513 1766 2550 tempora
1778 2511 1863 2541 exci-

158 2557 268 2588 bonum
277 2561 410 2588 nostrum
419 2557 577 2597 nequimus
584 2557 994 2598 suﬂ'erre,asanctisPatribus
1036 2553 1120 2593 ρίθηε
1132 2553 1205 2583 (liXil
1217 2562 1224 2584 ἓ
1237 2553 1486 2593 Quotiescunque.
1500 2553 1561 2585 Nec
1574 2555 1637 2595 ipse
1661 2554 1769 2585 Paulus
1779 2556 1864 2596 jeju-

159 2606 249 2633 certae
258 2602 294 2633 ad
308 2601 534 2642 percipiendum
546 2605 657 2632 tantum
672 2607 890 2633 sacramentum
912 2612 989 2643 prae-
1033 2598 1083 2628 nia
1090 2598 1187 2638 aliqua
1197 2602 1246 2628 aut
1257 2602 1366 2628 certam
1377 2599 1541 2638 quamlibet
1552 2599 1752 2630 evolutionem
1763 2609 1863 2632 anno-

157 2648 221 2678 fixae
233 2647 406 2678 sunthorae.
421 2646 503 2682 Quod
519 2656 556 2677 ne
566 2647 690 2678 vilescat
710 2647 890 2685 carnalibus,
909 2651 937 2678 et
959 2647 991 2678 in
1032 2654 1097 2677 rum
1112 2645 1267 2676 attendens
1285 2645 1325 2675 ait
1343 2655 1349 2676 :
1377 2645 1618 2686 Quotiescunque
1644 2655 1697 2686 per
1712 2651 1754 2677 tot
1767 2657 1864 2678 annos

157 2691 351 2733 percipiendo
360 2691 994 2732 escamspiritussubmurmuretaliquiscar.
1034 2691 1106 2721 liora
1119 2699 1196 2720 nona
1213 2689 1430 2720 manducabitis
1446 2700 1552 2730 panem
1570 2692 1659 2721 hunc.
1690 2697 1720 2721 et
1735 2692 1862 2723 calicem

158 2736 205 2767 nis
216 2737 377 2777 appetitus,
391 2745 457 2766 cum
470 2745 585 2767 summa
598 2737 737 2776 parcitate
753 2741 989 2777 prtegustamus;
1035 2733 1154 2772 bibetis,
1181 2741 1308 2765 mortem
1335 2734 1454 2765 Domini
1477 2735 1714 2773 annuntiabitis;
1742 2737 1796 2767 sed
1812 2737 1863 2768 in-

157 2779 260 2811 videre
275 2779 480 2810 tantummodo
491 2780 646 2820 cupientes
661 2790 750 2821 quam
764 2781 861 2812 suavis
877 2785 922 2811 est
935 2781 991 2812 Do-
1032 2779 1205 2810 differenter
1218 2790 1224 2810 :
1244 2779 1481 2819 Quotiescunque
1496 2791 1504 2818 ;
1518 2784 1548 2811 et
1559 2781 1659 2811 Donec
1673 2783 1786 2812 veniat.

159 2824 268 2862 minus,
280 2825 365 2864 cujus
373 2823 458 2864 panis
470 2833 531 2855 non
539 2825 612 2863 vult,
623 2826 709 2856 sicuti
720 2835 776 2857 nec
789 2835 897 2857 manna
908 2826 991 2856 fasti-
1071 2823 1172 2856 XXIV.
1185 2823 1244 2855 Nec
1261 2824 1410 2855 nescimus
1424 2830 1541 2856 sanctos
1564 2826 1666 2857 Patres
1676 2825 1735 2856 diei
1753 2826 1861 2858 Domi-
