1975 3071
82 195 162 228 103⁸1
751 196 897 226 CONTRA

969 195 1108 227 CETAM.
1691 195 1769 228 1038

80 262 166 292 dere.
184 262 297 298 Quanto
316 263 411 303 magis
426 263 456 293 hi
477 261 649 293 sacerdotes
677 260 722 292 vel
738 261 833 292 levitm
849 271 904 301 pu-
916 267 936 290 Α
948 260 1158 293 benedictione
1174 261 1351 293 sacerdotali
1366 262 1528 302 permittit:
1547 271 1606 293 non
1622 266 1719 294 autem
1728 263 1769 293 vi-

81 306 213 337 dicitiam
227 316 263 337 ex
280 307 327 338 die
342 307 540 338 ordinationis
564 316 624 337 suae
648 314 766 337 servare
781 305 902 343 debent,
946 305 1034 336 duam
1051 310 1079 336 et
1095 306 1279 346 repudiatam
1290 306 1502 347 ;quiapropter
1516 307 1573 338 hoc
1581 307 1676 338 solum
1687 307 1769 338 dein-

81 351 190 391 quibus
198 351 394 382 sacerdotium
402 351 651 382 velministerium
659 351 723 381 sine
736 350 904 381 successio-
946 359 1016 390 ceps
1031 360 1086 381 nec
1101 351 1137 381 ad
1153 351 1396 382 subdiaconatum
1414 351 1535 391 provehi
1549 355 1698 391 poterunt,
1713 361 1768 383 nec

80 405 120 426 ne
135 400 190 436 est,
205 406 260 427 nec
271 396 401 437 praeterit
412 396 476 427 dies
487 405 545 437 qua
552 396 597 426 vel
608 395 786 426 asacriﬁciis
798 394 905 425 divinis
945 394 1036 425 laicus
1048 404 1108 425 non
1125 395 1269 435 virginem
1282 395 1404 426 sortitus
1422 404 1555 433 uxorem,
1569 399 1618 426 aut
1633 395 1770 436 bigamus

80 445 132 472 aut
148 440 334 480 baptismatis
348 441 447 472 ofﬁcio
462 445 568 472 vacent
582 440 595 471 ?
613 440 685 471 Nam
701 440 726 470 si
742 439 852 470 Paulus
867 439 904 470 ad
945 438 981 469 ad
998 439 1183 470 clericatum.
1201 439 1284 475 Quod
1301 439 1327 470 si
1343 440 1409 480 quis
1425 440 1614 480 praefatorum
1630 440 1768 471 ordinum

82 485 253 516 Corinthios
260 485 374 526 scribit,
383 486 504 517 dicens:
524 497 536 514 tr
547 485 702 516 Abstinete
712 493 763 514 vos
773 484 809 514 ad
825 488 902 514 tem-
946 483 1096 514 desiderat
1102 484 1137 514 ad
1146 483 1390 515 subdiaconatum
1397 484 1570 523 ascendere,
1576 484 1769 525 nequibithoc

83 539 98 558 ε
117 539 182 569 pus,
209 533 241 560 ut
263 530 371 561 vacetis
386 530 511 561 orationi
528 530 559 570 (Ι
573 530 641 561 Cor.
655 537 706 567 vu,
721 529 750 569 5)
767 539 774 566 ;
789 540 801 556 ι
813 528 903 558 ethoc
945 527 1010 558 sine
1021 537 1169 558 consensu
1178 528 1278 558 uxoris
1289 537 1359 567 suae,
1369 528 1710 570 utdecarnalideinceps
1720 530 1770 561 ﬁat

81 573 184 613 utique
200 573 283 606 laicis
310 577 450 615 praecepit
467 585 474 614 ;
492 574 584 605 multo
614 574 707 612 magis
722 572 901 608 sacerdotes,
945 572 1112 611 conjugium
1128 572 1295 612 spirituale,
1313 572 1433 604 nemine
1450 582 1501 604 eos
1516 573 1552 604 ad
1569 574 1626 604 hoc
1642 578 1769 614 cogente

81 617 191 657 quibus
207 622 235 649 et
248 618 352 649 orandi
366 623 395 649 et
410 617 598 649 sacriﬁcandi
616 618 688 657 juge
704 616 832 647 officium
849 619 902 652 est,
946 615 1005 646 Nec
1013 616 1192 656 permittitur
1201 621 1301 656 postea
1313 617 1480 657 uxorjungi
1492 617 1589 648 eidem
1599 627 1651 649 suo
1664 619 1770 650 marito

80 660 902 702 semperdebebuntabbujusmodiconsortioabstinere:
946 660 1114 700 carnaliter,
1132 670 1187 692 nec
1201 661 1338 702 cuiquam
1371 661 1484 692 nubere
1509 662 1539 692 in
1568 663 1627 693 vita
1641 668 1691 694 aut
1706 668 1769 704 post

82 706 134 746 qui
151 707 175 737 si
191 707 409 738 contaminatus
423 707 513 737 fuerit
538 706 649 738 carnali
665 704 906 746 concupiscentia
948 708 1072 735 mortem
1083 705 1575 746 illius,alioquianathematizanda
1584 711 1643 738 est:
1659 708 1771 739 sicutet

82 751 218 782 exaudiri
233 761 320 792 posse
331 761 363 783 se
374 752 469 782 credit
479 754 566 782 'Pcum
579 751 689 782 dictum
702 750 736 780 sit
750 758 756 780 :
773 761 784 778 α
801 748 907 793 Omnia
947 748 1090 780 diaconus
1106 754 1134 780 et
1149 749 1361 788 subdiaconus,
1381 755 1409 782 et
1425 751 1579 791 presbyter
1593 758 1643 782 aut
1659 752 1771 793 episco-

83 807 97 823 ι
113 796 225 827 munda
239 796 582 836 mundis;coinquinatis
593 792 906 826 autemetinﬁdelibus
947 802 1002 833 pus
1017 793 1211 833 deponendus
1241 804 1323 825 suam
1356 801 1505 835 repetens,
1536 801 1584 826 aut
1601 792 1770 829 extraneam

83 840 159 870 nihil
175 841 317 871 mundum
330 841 399 881 (Tit.
412 850 431 878 l,
448 841 507 880 15).
524 853 535 867 ιι
550 837 897 872 διξὰ-ξυνιδεεειιοοιίεθη

968 847 1071 875 ucens,
1085 839 1170 878 juxta
1186 839 1262 879 quod
1282 839 1313 869 in
1328 839 1563 871 Neocaesariensi
1577 842 1704 873 concilio
1719 851 1768 873 or-

83 885 189 923 credit,
205 886 275 926 quia
304 885 447 926 scripturn
477 889 544 916 est:
580 897 593 912 ar
623 884 717 915 Unius
745 881 1209 934 uxoris'vi-Bthod‘orisan’fere
1226 884 1338 915 Patres.

80 937 148 959 rum
167 929 196 969 (Ι
211 929 285 961 Tim.
306 938 348 970 Ill,
365 925 404 965 2).
425 942 436 957 υ
455 930 519 961 Non
536 933 656 970 propter
670 926 903 968 permanentiam
918 925 935 934 "
986 925 1112 959 XXXIII.
1131 927 1251 958 Talibus
1267 937 1337 967 ergo
1354 929 1561 960 traditionibus
1577 939 1670 971 usque
1691 941 1770 963 nunc

79 973 112 1003 in
125 973 366 1014 concupiscentia
378 973 540 1014 generandi
552 974 607 1005 hoc
618 973 700 1010 dixit,
716 971 768 1002 sed
785 974 905 1011 propter
945 975 1045 1002 sancta
1060 971 1193 1003 Romana
1207 973 1339 1004 Ecclesia
1355 979 1384 1005 et
1411 975 1571 1014 apostolica
1586 975 1674 1006 sedes
1689 978 1770 1008 omni

81 1018 296 1049 continentiam
306 1016 551 1058 futuram.Neque
559 1017 905 1057 enimintegroscorpore
945 1016 1055 1047 mundo
1070 1017 1196 1057 refulsit,
1215 1026 1269 1048 nec
1284 1017 1446 1058 aliquando
1462 1019 1594 1050 Judaicis
1618 1019 1725 1052 fabulis
1740 1026 1770 1053 et

83 1071 144 1092 non
160 1062 292 1100 admisit,
310 1062 360 1103 qui
375 1062 414 1093 ait
432 1071 438 1093 :
468 1062 584 1093 Vellem
599 1065 698 1093 autem
719 1067 904 1106 omneSeSSe
944 1061 1120 1106 apocryphis
1132 1062 1691 1104 scripturisacquievit,sedperprimos
1700 1075 1768 1106 apo-

80 1106 158 1137 sicut
172 1110 201 1137 et
215 1116 269 1146 ego
285 1106 312 1144 (Ι
327 1106 396 1137 Cor.
415 1115 465 1144 vn,
481 1106 525 1146 7).
556 1106 593 1137 Et
621 1105 752 1146 apertius
772 1103 904 1134 declarat
944 1105 1086 1136 Stolorum
1097 1106 1127 1136 in
1138 1106 1200 1146 ipso
1212 1116 1327 1138 summo
1340 1108 1474 1147 angulari
1486 1103 1586 1148 lapide
1594 1103 1769 1143 Christo-Je-

80 1150 201 1181 dicens:
214 1162 224 1179 ι
239 1150 293 1187 Qui
303 1155 400 1182 autem
413 1151 443 1181 in
455 1159 542 1182 carne
555 1154 636 1191 sunt,
647 1152 706 1182 Deo
719 1149 837 1190 placere
844 1158 903 1179 non

84 1208 98 1222 κ
113 1200 245 1235 possunt.
254 1195 313 1226 Vcs
323 1200 420 1226 autem
429 1195 490 1235 jam
499 1205 557 1226 non
579 1194 684 1226 estisin
697 1202 797 1231 carne,
813 1193 864 1224 sed
872 1192 902 1223 in

83 1252 98 1268 ι
109 1239 215 1280 spiritu
227 1241 328 1279 (Rom.
340 1248 403 1277 vni,
420 1240 449 1280 8)
480 1252 492 1268 ιι
507 1240 544 1271 Et
554 1239 713 1270 habentem
725 1237 830 1275 ﬁlium,
844 1246 902 1269 non

80 1288 275 1324 generantem
292 1285 375 1316 dixit.
392 1298 404 1312 ι

121 1347 212 1379 XXX.
230 1347 266 1379 Et
280 1346 457 1378 venerabilis
473 1355 548 1387 papa
563 1345 688 1376 Siricius
705 1356 711 1376 :
732 1357 746 1372 α
764 1344 901 1376 Feminas

81 1401 142 1423 non
158 1392 230 1422 alias
246 1401 311 1422 esse
340 1391 470 1432 patimur
484 1391 513 1421 in
543 1390 682 1421 domibus
710 1389 899 1427 clericorum,

80 1436 138 1467 nisi
147 1445 197 1467 eas
209 1440 320 1467 tantum
331 1445 404 1476 quas
419 1439 538 1476 propter
553 1435 630 1466 solas
646 1433 900 1465 necessitudinum

79 1490 184 1512 causas
199 1480 331 1511 habitare
346 1490 412 1511 cum
426 1480 532 1511 iisdem
549 1479 677 1520 synodus
696 1478 814 1510 Nicaena
829 1487 899 1518 per-

79 1526 171 1558 misit.

944 1158 977 1179 su
987 1149 1117 1188 fundata,
1129 1150 1217 1181 nullis
1229 1151 1392 1183 haeresibus
1403 1152 1503 1191 cessit,
1517 1163 1572 1184 nec
1587 1154 1739 1194 prohibuit
1753 1166 1769 1187 a

944 1196 1080 1241 conjugio
1091 1196 1200 1228 laicos:
1218 1197 1270 1228 sed
1284 1198 1360 1229 sacri
1371 1199 1472 1229 altaris
1486 1199 1637 1231 ministros
1649 1205 1678 1232 et
1693 1210 1768 1241 apo-

943 1240 1078 1272 stolicam
1093 1241 1305 1281 perfectionem
1322 1244 1471 1283 professos
1488 1245 1660 1277 monachos.

984 1284 1111 1316 XXXIV.
1128 1285 1181 1316 Illa
1197 1290 1293 1317 tamen
1317 1287 1464 1324 Ecclesia,
1494 1298 1582 1328 quam
1597 1289 1685 1320 Arius
1699 1299 1769 1321 cor-

941 1329 1032 1369 rupit,
1051 1330 1242 1375 Macedonius
1258 1332 1420 1371 prostituit,
1438 1342 1503 1373 quaa
1518 1333 1669 1372 genimina
1682 1334 1766 1375 vipe-

941 1382 1052 1414 rarum,
1070 1374 1099 1404 id
1116 1378 1172 1411 est,
1186 1374 1354 1406 Nestorium
1381 1376 1544 1417 Eutychen,
1562 1374 1766 1411 Monothelitas

943 1422 971 1448 et
986 1418 1262 1464 Theupaschitasiet
1285 1420 1415 1461 reliquas
1441 1421 1647 1453 haereticorum
1668 1427 1767 1464 pestes

943 1462 1069 1503 peperit,
1086 1463 1182 1493 adhuc
1193 1473 1209 1493 a
1219 1463 1332 1495 Nicolai
1347 1466 1552 1497 haeresiarchae
1560 1462 1766 1507 complexibus

941 1507 1072 1539 abstrahi
1087 1517 1145 1538 non
1161 1508 1268 1548 potuit,
1284 1508 1358 1540 adeo
1374 1514 1405 1540 ut
1419 1510 1454 1541 ad
1470 1511 1547 1542 sacri
1556 1511 1656 1542 altaris
1672 1513 1762 1544 mini-

941 1552 1064 1583 sterium
1081 1552 1261 1583 ordinandus
1277 1553 1442 1593 interroget
1457 1564 1493 1585 an
1505 1555 1633 1586 habeant
1644 1566 1762 1589 uxores.

120 1604 218 1636 XXXI.
231 1604 355 1636 Sanctus
368 1604 476 1636 deinde
493 1604 550 1635 Leo
562 1613 636 1644 papa
646 1602 790 1634 mirabilis
798 1603 900 1633 doctor
909 1607 929 1633 C
942 1595 997 1632 QUi
1013 1597 1232 1644 νεξεροηάθηιθξ
1245 1607 1277 1644 $9
1285 1607 1342 1629 non
1350 1598 1460 1644 habere
1467 1600 1691 1641 compelluntur
1700 1603 1765 1641 pri-

80 1649 480 1681 etsanclzeChalcedonensis
486 1649 903 1689 synodiauctor,omnemam-

81 1695 252 1734 biguitatem
269 1694 356 1733 huius
364 1694 409 1724 rei
422 1693 601 1724 abscindens
616 1693 656 1723 ait
670 1703 676 1720 :
698 1702 712 1722 ‹
728 1694 789 1723 Lex
802 1691 899 1722 conti-

80 1739 192 1770 nentia
202 1738 305 1769 eadem
328 1743 372 1769 est
385 1737 486 1768 altaris
502 1737 656 1774 ministris,
674 1746 738 1777 quae
753 1736 900 1776 episcopis

81 1788 168 1825 atque
180 1782 372 1824 presbyteris.
382 1782 438 1818 Qui
451 1791 518 1813 cum
531 1786 630 1813 essent
644 1781 722 1818 laici,
739 1781 800 1811 sive
812 1780 899 1811 lecto-

79 1838 139 1866 res,
156 1828 237 1859 licite
252 1832 281 1858 et
296 1836 400 1858 uxores
414 1827 525 1858 ducere
539 1830 568 1857 et
582 1827 659 1857 ﬁlios
675 1833 830 1866 procreare
845 1835 899 1865 po-

79 1876 211 1904 tuerunt.
227 1871 286 1902 Sed
303 1880 369 1902 cum
386 1871 422 1902 ad
439 1871 595 1911 praedictos
606 1878 769 1910 pervenere
780 1870 899 1912 gradus,

78 1921 235 1957 creperum
247 1915 290 1946 eis
305 1924 363 1946 non
376 1915 468 1946 licere
480 1924 546 1955 qua:
556 1914 716 1946 licuerunt.
729 1914 814 1945 Unde
826 1914 901 1945 utde

77 1960 191 1993 carnali
205 1961 255 1992 ﬁat
268 1959 423 2001 spirituale
438 1958 621 1998 conjugium,
646 1963 763 1999 oportet
777 1967 828 1989 eos
843 1968 899 1990 nec

77 2005 228 2038 dimittere
238 2013 357 2042 uxores,
371 2009 401 2035 et
411 2004 495 2043 quasi
509 2013 567 2035 non
578 2003 705 2034 habeant
716 2003 758 2034 sic
765 2002 875 2034 habere
888 2012 895 2034 ;

78 2061 135 2092 quo
154 2055 183 2081 et
197 2050 278 2081 salva
292 2049 331 2080 sit
345 2049 473 2080 cbaritas
487 2048 715 2087 connubiorum,
737 2052 767 2079 et
781 2052 898 2079 cessent

77 2104 168 2136 opera
183 2096 361 2135 nuptiarum.
375 2104 389 2123 )
401 2093 477 2125 Ecce
488 2093 538 2124 isti
548 2102 614 2125 cum
628 2095 714 2124 l’etro
725 2098 755 2124 et
771 2102 824 2133 per
840 2094 895 2123 Pe-

78 2144 154 2170 trum
171 2139 270 2170 effecti
284 2137 423 2177 clavigeri
437 2138 524 2178 regni
538 2139 691 2178 caelorum,
708 2139 748 2168 ita
762 2137 894 2168 confrin-

75 2187 146 2224 gunt
160 2192 264 2214 omnes
279 2182 436 2213 claviculas
452 2182 641 2213 iuferualium
672 2185 834 2222 portarum,
865 2187 896 2213 ut

75 2228 154 2260 nulla
167 2228 229 2268 jam
244 2227 374 2267 supersit
389 2227 512 2258 haeresis
527 2226 749 2258 Nicolaitarum.

114 2305 223 2337 XXXII.
241 2305 299 2337 Sed
315 2315 353 2336 ne
368 2306 437 2346 quid
453 2305 551 2336 minus
564 2305 671 2338 factum
687 2306 779 2343 dicas,
799 2306 893 2337 seria-

75 2350 126 2381 tim
138 2354 166 2381 et
176 2354 279 2391 aperte
289 2359 517 2391 prosequemur,
530 2350 600 2391 quid
614 2350 748 2382 Romana
761 2350 895 2381 Ecclesia

72 2395 103 2426 in
114 2394 256 2435 gradibus
267 2394 444 2426 clericorum
456 2398 532 2435 agat.
543 2394 674 2426 Clericos
685 2399 797 2426 tantum
809 2395 896 2426 ostia-

72 2440 142 2477 rios,
165 2440 304 2480 lectores,
318 2440 487 2478 exorcistas,
501 2443 530 2470 et
543 2440 703 2480 acolythos,
720 2440 893 2471 siextravo-

73 2488 133 2515 tum
153 2488 182 2515 et
196 2483 327 2515 habitum
342 2484 480 2515 monachi
496 2484 687 2516 inveniuntur
698 2488 726 2515 et
736 2485 894 2516 continen-

73 2529 141 2560 tiam
153 2528 286 2570 proﬁteri
296 2528 411 2566 nolunt,
419 2538 542 2560 uxorem
550 2529 693 2569 virginem
701 2529 812 2561 ducere
827 2539 894 2560 cum

942 1650 1021 1671 mum
1034 1641 1154 1686 ducere,
1169 1647 1199 1673 et
1209 1642 1252 1673 sic
1262 1642 1462 1683 impositionis
1478 1646 1740 1686 manumaccipere
1755 1657 1763 1678 :

941 1685 1052 1730 utqnovi
1071 1686 1179 1721 mariti,
1197 1690 1226 1717 et
1240 1687 1354 1717 recenti
1370 1688 1467 1719 carnis
1481 1689 1629 1730 voluptate
1645 1685 1696 1721 toti
1711 1699 1764 1722 re-

941 1728 1028 1759 soluti
1045 1733 1073 1759 ct
1087 1730 1222 1770 marcidi,
1241 1734 1269 1761 et
1292 1731 1371 1762 inter
1394 1737 1496 1764 sancta
1524 1728 1671 1765 sacriﬁcia
1685 1736 1765 1775 cogi-

941 1776 1036 1803 tantes
1049 1775 1197 1814 quomodo
1214 1775 1349 1815 placeant
1373 1777 1526 1816 uxoribus,
1542 1779 1763 1811 immaculatum

942 1816 1048 1862 Christi
1066 1827 1173 1858 corpus
1189 1823 1315 1850 tractent
1343 1824 1431 1860 atque
1447 1822 1556 1861 populo
1571 1822 1764 1862 distribuant,

943 1861 1070 1902 indeque
1086 1864 1281 1894 sanctiﬁcatas
1297 1874 1400 1895 manus
1415 1865 1451 1896 ad
1468 1867 1654 1898 tractandum
1671 1861 1764 1899 mem?

943 1905 996 1953 bra
1010 1907 1170 1953 muliebria
1197 1917 1262 1939 mox
1281 1909 1422 1947 referant,
1440 1914 1469 1941 et
1482 1911 1520 1941 sit
1535 1911 1610 1943 sicut
1636 1913 1763 1953 populus

942 1950 985 1982 sic
1000 1955 1029 1982 et
1043 1952 1240 1990 sacerdos,‘et
1255 1953 1374 1984 tandem
1390 1954 1490 1994 populi
1502 1955 1579 1986 sicut
1593 1950 1763 1989 sacerdotes

941 1995 1022 2026 mali.

979 2040 1294 2082 XXXV._Quapropter
1308 2043 1420 2082 parcite
1432 2045 1494 2084 jam
1509 2043 1603 2082 vobis,
1626 2049 1655 2076 et
1670 2046 1762 2078 nolite

938 2086 1090 2117 attendere
1102 2085 1256 2126 spiritibus
1268 2088 1378 2119 erroris
1391 2089 1640 2120 etdaemoniorum
1650 2090 1761 2122 doctri-

938 2130 996 2176 nis,
1012 2131 1210 2176 utrnobiscum
1229 2131 1265 2162 de
1281 2141 1350 2163 vera
1365 2143 1448 2174 pace,
1466 2143 1532 2174 quae
1547 2133 1683 2165 Christus
1699 2140 1755 2176 est,

938 2174 986 2205 hic
1001 2179 1030 2206 et
1044 2175 1074 2205 in
1090 2175 1188 2206 futuro
1204 2176 1366 2216 gaudeatis.
1381 2177 1426 2209 Tu
1438 2188 1507 2210 vero
1522 2179 1690 2210 miserrime
1705 2174 1759 2212 Ni-

906 2244 927 2269 Β
937 2224 1011 2269 ceta,
1030 2219 1125 2269 donec
1131 2220 1301 2262 resipisces,
1314 2222 1355 2253 sis
1366 2224 1533 2262 anathema,
1541 2223 1577 2254 ab
1584 2224 1759 2256 omniChri-

937 2264 974 2294 sti
987 2264 1132 2302 Ecclesia,
1160 2274 1227 2309 cum
1250 2266 1389 2298 omnibus
1404 2268 1455 2307 qui
1472 2268 1525 2299 tibi
1540 2268 1716 2309 aquiescunt
1729 2270 1760 2300 in

936 2312 995 2339 tam
1008 2318 1148 2349 perversa
1159 2308 1306 2341 doctrina.
1317 2309 1390 2342 Nam
1399 2313 1503 2344 volens
1514 2308 1579 2344 esse
1590 2312 1665 2353 legis
1681 2313 1758 2345 divi-

936 2362 981 2383 nae
991 2353 1110 2398 doctor,
1128 2363 1186 2384 non
1203 2354 1345 2395 intelligis
1361 2365 1427 2396 quae
1451 2357 1592 2398 loqueris,
1609 2367 1706 2398 neque
1722 2358 1760 2389 de

936 2397 1044 2439 quibus
1056 2397 1196 2437 afﬁrmas,
1215 2403 1243 2429 et
1254 2400 1360 2431 stultus
1376 2402 1450 2441 ipse,
1467 2402 1629 2442 sapientior
1645 2397 1697 2434 tibi
1712 2402 1757 2433 vi-

936 2442 1016 2474 deris
1031 2447 1145 2482 septem
1161 2443 1230 2474 viris
1245 2444 1437 2484 loquentibus
1449 2446 1613 2486 parabolas.
1631 2445 1690 2478 Sed
1700 2447 1758 2478 sal-

936 2491 994 2518 tem
1004 2487 1164 2528 aliquando
1177 2487 1258 2519 disce
1269 2493 1378 2528 tacu‘e,
1389 2490 1439 2530 qui
1451 2500 1601 2531 nunquam
1612 2491 1693 2531 loqui
1707 2492 1756 2522 di-

936 2532 1046 2564 dicisti.
1245 2546 1247 2549 τ

302 2617 441 2658 Explicit
455 2619 607 2658 responsio
621 2620 729 2658 fratris
744 2618 904 2652 Humberti
918 2621 1046 2661 episcopi
1061 2626 1166 2654 contra
1182 2623 1296 2655 Nicelw
1311 2624 1521 2666 blasphemias.
