  <div class='ocr_page' id='page_1' title='image "/cluster/home/n/w/nwhite01/storage/ocr_20150623/120/njp.32101010943973/651.png"; bbox 0 0 1975 3071; ppageno 0'>
   <div class='ocr_carea' id='block_1_1' title="bbox 838 180 1298 215">
    <p class='ocr_par' dir='ltr' id='par_1_1' title="bbox 838 180 1298 215">
     <span class='ocr_line' id='line_1_1' title="bbox 838 180 1298 215; baseline 0 -1"><span class='ocrx_word' id='word_1_1' title='bbox 838 180 998 214; x_wconf 81' lang='lat' dir='ltr'><strong>JOANNIS</strong></span> <span class='ocrx_word' id='word_1_2' title='bbox 1019 182 1298 215; x_wconf 86' lang='lat' dir='ltr'><strong>EUCHAITENSIS</strong></span> 
     </span>
    </p>
   </div>
   <div class='ocr_carea' id='block_1_2' title="bbox 1843 179 1919 212">
    <p class='ocr_par' dir='ltr' id='par_1_2' title="bbox 1843 179 1919 212">
     <span class='ocr_line' id='line_1_2' title="bbox 1843 179 1919 212; baseline -0.013 0"><span class='ocrx_word' id='word_1_3' title='bbox 1843 179 1919 212; x_wconf 75' lang='grc'><strong>1040</strong></span> 
     </span>
    </p>
   </div>
   <div class='ocr_carea' id='block_1_3' title="bbox 748 320 1393 371">
    <p class='ocr_par' dir='ltr' id='par_1_3' title="bbox 748 320 1393 371">
     <span class='ocr_line' id='line_1_3' title="bbox 748 320 1393 371; baseline 0.002 -2"><span class='ocrx_word' id='word_1_4' title='bbox 748 321 788 369; x_wconf 94' lang='grc' dir='ltr'><strong>Ν</strong></span> <span class='ocrx_word' id='word_1_5' title='bbox 793 321 996 369; x_wconf 76' lang='lat' dir='ltr'>ICET/E</span> <span class='ocrx_word' id='word_1_6' title='bbox 1036 320 1393 371; x_wconf 80' lang='lat' dir='ltr'><strong>PECTORATI</strong></span> 
     </span>
    </p>
   </div>
   <div class='ocr_carea' id='block_1_4' title="bbox 645 425 1514 459">
    <p class='ocr_par' dir='ltr' id='par_1_4' title="bbox 645 425 1514 459">
     <span class='ocr_line' id='line_1_4' title="bbox 645 425 1514 459; baseline 0.002 -3"><span class='ocrx_word' id='word_1_7' title='bbox 645 425 799 458; x_wconf 77' lang='lat' dir='ltr'><strong>GARMEN</strong></span> <span class='ocrx_word' id='word_1_8' title='bbox 821 425 1005 458; x_wconf 74' lang='lat' dir='ltr'><strong>[AMBICUM</strong></span> <span class='ocrx_word' id='word_1_9' title='bbox 1026 425 1064 456; x_wconf 89' lang='lat' dir='ltr'><strong>IN</strong></span> <span class='ocrx_word' id='word_1_10' title='bbox 1086 425 1290 458; x_wconf 81' lang='lat' dir='ltr'><strong>SYMEONEM</strong></span> <span class='ocrx_word' id='word_1_11' title='bbox 1311 426 1514 459; x_wconf 82' lang='lat' dir='ltr'><strong>JUNIOREM.</strong></span> 
     </span>
    </p>
   </div>
   <div class='ocr_carea' id='block_1_5' title="bbox 898 506 1239 547">
    <p class='ocr_par' dir='ltr' id='par_1_5' title="bbox 898 506 1239 547">
     <span class='ocr_line' id='line_1_5' title="bbox 898 506 1239 547; baseline 0.003 -11"><span class='ocrx_word' id='word_1_12' title='bbox 898 506 975 537; x_wconf 87' lang='lat' dir='ltr'><strong>Vide</strong></span> <span class='ocrx_word' id='word_1_13' title='bbox 989 516 1079 547; x_wconf 80' lang='lat' dir='ltr'>supra</span> <span class='ocrx_word' id='word_1_14' title='bbox 1093 506 1150 538; x_wconf 94' lang='lat' dir='ltr'><strong>col.</strong></span> <span class='ocrx_word' id='word_1_15' title='bbox 1169 506 1239 538; x_wconf 87' lang='lat'><strong>307.</strong></span> 
     </span>
    </p>
   </div>
   <div class='ocr_carea' id='block_1_6' title="bbox 226 588 1884 602">
    <p class='ocr_par' dir='ltr' id='par_1_6' title="bbox 226 588 1884 602">
     <span class='ocr_line' id='line_1_6' title="bbox 226 588 1884 602; baseline -0.006 -2"><span class='ocrx_word' id='word_1_16' title='bbox 226 588 1884 602; x_wconf 47' lang='lat' dir='ltr'><strong>m—ﬂ</strong></span> 
     </span>
    </p>
   </div>
   <div class='ocr_carea' id='block_1_7' title="bbox 265 642 1915 693">
    <p class='ocr_par' dir='ltr' id='par_1_7' title="bbox 265 642 1915 693">
     <span class='ocr_line' id='line_1_7' title="bbox 265 642 1915 693; baseline -0.004 -13"><span class='ocrx_word' id='word_1_17' title='bbox 265 642 340 680; x_wconf 68' lang='lat' dir='ltr'><strong>Vita</strong></span> <span class='ocrx_word' id='word_1_18' title='bbox 355 645 513 693; x_wconf 64' lang='lat' dir='ltr'><strong>Symeonis</strong></span> <span class='ocrx_word' id='word_1_19' title='bbox 527 644 849 693; x_wconf 55' lang='lat' dir='ltr'><strong>Jyytiorisfragmenta</strong></span> <span class='ocrx_word' id='word_1_20' title='bbox 863 649 988 681; x_wconf 67' lang='lat' dir='ltr'><strong>edantur</strong></span> <span class='ocrx_word' id='word_1_21' title='bbox 1001 649 1084 689; x_wconf 75' lang='lat' dir='ltr'><strong>infra</strong></span> <span class='ocrx_word' id='word_1_22' title='bbox 1101 652 1134 680; x_wconf 73' lang='lat' dir='ltr'><strong>in</strong></span> <span class='ocrx_word' id='word_1_23' title='bbox 1149 651 1228 680; x_wconf 81' lang='lat' dir='ltr'><strong>notis</strong></span> <span class='ocrx_word' id='word_1_24' title='bbox 1242 649 1294 680; x_wconf 76' lang='lat' dir='ltr'><strong>Fr.</strong></span> <span class='ocrx_word' id='word_1_25' title='bbox 1312 648 1481 688; x_wconf 80' lang='lat' dir='ltr'><strong>Combeﬁsii</strong></span> <span class='ocrx_word' id='word_1_26' title='bbox 1495 648 1532 678; x_wconf 82' lang='lat' dir='ltr'><strong>ab</strong></span> <span class='ocrx_word' id='word_1_27' title='bbox 1544 646 1699 678; x_wconf 61' lang='grc' dir='ltr'><strong>Μαιηιείιέ</strong></span> <span class='ocrx_word' id='word_1_28' title='bbox 1709 646 1827 676; x_wconf 67' lang='lat' dir='ltr'><strong>Catenae</strong></span> <span class='ocrx_word' id='word_1_29' title='bbox 1842 653 1915 684; x_wconf 84' lang='lat' dir='ltr'><strong>opus</strong></span> 
     </span>
    </p>
   </div>
   <div class='ocr_carea' id='block_1_8' title="bbox 221 683 760 726">
    <p class='ocr_par' dir='ltr' id='par_1_8' title="bbox 221 683 760 726">
     <span class='ocr_line' id='line_1_8' title="bbox 221 683 760 726; baseline 0.007 -11"><span class='ocrx_word' id='word_1_30' title='bbox 221 683 261 722; x_wconf 74' lang='lat' dir='ltr'><strong>de</strong></span> <span class='ocrx_word' id='word_1_31' title='bbox 271 683 399 722; x_wconf 64' lang='lat' dir='ltr'><strong>essentia</strong></span> <span class='ocrx_word' id='word_1_32' title='bbox 414 688 441 717; x_wconf 85' lang='lat' dir='ltr'><strong>et</strong></span> <span class='ocrx_word' id='word_1_33' title='bbox 454 687 630 726; x_wconf 60' lang='lat' dir='ltr'><strong>operatione</strong></span> <span class='ocrx_word' id='word_1_34' title='bbox 644 683 760 719; x_wconf 61' lang='lat' dir='ltr'><strong>dicina.</strong></span> 
     </span>
    </p>
   </div>
   <div class='ocr_carea' id='block_1_9' title="bbox 929 856 1200 882">
    <p class='ocr_par' dir='ltr' id='par_1_9' title="bbox 929 856 1200 882">
     <span class='ocr_line' id='line_1_9' title="bbox 929 856 1200 882; baseline -0.004 -3"><span class='ocrx_word' id='word_1_35' title='bbox 929 856 1008 879; x_wconf 79' lang='lat' dir='ltr'><strong>ANNO</strong></span> <span class='ocrx_word' id='word_1_36' title='bbox 1029 857 1130 882; x_wconf 79' lang='lat' dir='ltr'><strong>DOMINI</strong></span> <span class='ocrx_word' id='word_1_37' title='bbox 1152 857 1200 879; x_wconf 77' lang='lat' dir='ltr'><strong>ML.</strong></span> 
     </span>
    </p>
   </div>
   <div class='ocr_carea' id='block_1_10' title="bbox 765 943 1367 1049">
    <p class='ocr_par' dir='ltr' id='par_1_10' title="bbox 765 943 1367 1049">
     <span class='ocr_line' id='line_1_10' title="bbox 765 943 1367 1049; baseline 0.005 -3"><span class='ocrx_word' id='word_1_38' title='bbox 765 943 1367 1049; x_wconf 84' lang='lat' dir='ltr'><strong>JOANNES</strong></span> 
     </span>
    </p>
   </div>
   <div class='ocr_carea' id='block_1_11' title="bbox 338 1120 1049 1196">
    <p class='ocr_par' dir='ltr' id='par_1_11' title="bbox 338 1120 1049 1196">
     <span class='ocr_line' id='line_1_11' title="bbox 338 1120 1049 1196; baseline 0.007 -4"><span class='ocrx_word' id='word_1_39' title='bbox 338 1120 1049 1196; x_wconf 77' lang='lat' dir='ltr'><strong>EUCHAITARUM</strong></span> 
     </span>
    </p>
   </div>
   <div class='ocr_carea' id='block_1_12' title="bbox 1103 1120 1791 1197">
    <p class='ocr_par' dir='ltr' id='par_1_12' title="bbox 1103 1120 1791 1197">
     <span class='ocr_line' id='line_1_12' title="bbox 1103 1120 1791 1197; baseline -0.009 0"><span class='ocrx_word' id='word_1_40' title='bbox 1103 1120 1791 1197; x_wconf 72' lang='lat' dir='ltr'><strong>METROPOLITA</strong></span> 
     </span>
    </p>
   </div>
   <div class='ocr_carea' id='block_1_13' title="bbox 930 1351 1190 1399">
    <p class='ocr_par' dir='ltr' id='par_1_13' title="bbox 930 1351 1190 1399">
     <span class='ocr_line' id='line_1_13' title="bbox 930 1351 1190 1399; baseline 0.008 -3"><span class='ocrx_word' id='word_1_41' title='bbox 930 1351 1190 1399; x_wconf 78' lang='lat' dir='ltr'><strong>NOTlTlA</strong></span> 
     </span>
    </p>
   </div>
   <div class='ocr_carea' id='block_1_14' title="bbox 561 1451 1566 1493">
    <p class='ocr_par' dir='ltr' id='par_1_14' title="bbox 561 1451 1566 1493">
     <span class='ocr_line' id='line_1_14' title="bbox 561 1451 1566 1493; baseline -0.001 -11"><span class='ocrx_word' id='word_1_42' title='bbox 561 1451 686 1482; x_wconf 83' lang='lat' dir='ltr'><strong>Auctore</strong></span> <span class='ocrx_word' id='word_1_43' title='bbox 701 1451 837 1484; x_wconf 84' lang='lat' dir='ltr'><strong>Conrado</strong></span> <span class='ocrx_word' id='word_1_44' title='bbox 853 1453 997 1493; x_wconf 83' lang='lat' dir='ltr'><strong>Janningo</strong></span> <span class='ocrx_word' id='word_1_45' title='bbox 1015 1453 1045 1486; x_wconf 90' lang='lat' dir='ltr'><strong>S.</strong></span> <span class='ocrx_word' id='word_1_46' title='bbox 1062 1455 1090 1486; x_wconf 88' lang='lat' dir='ltr'><strong>J.</strong></span> <span class='ocrx_word' id='word_1_47' title='bbox 1107 1455 1138 1486; x_wconf 89' lang='lat' dir='ltr'><strong>in</strong></span> <span class='ocrx_word' id='word_1_48' title='bbox 1153 1455 1233 1486; x_wconf 87' lang='lat' dir='ltr'><strong>Junii</strong></span> <span class='ocrx_word' id='word_1_49' title='bbox 1248 1453 1434 1487; x_wconf 87' lang='lat' dir='ltr'><strong>Bollandiani</strong></span> <span class='ocrx_word' id='word_1_50' title='bbox 1450 1457 1528 1484; x_wconf 89' lang='lat' dir='ltr'><strong>tomo</strong></span> <span class='ocrx_word' id='word_1_51' title='bbox 1545 1451 1566 1482; x_wconf 92' lang='grc' dir='ltr'>Ι.</span> 
     </span>
    </p>
   </div>
   <div class='ocr_carea' id='block_1_15' title="bbox 262 1600 1913 1648">
    <p class='ocr_par' dir='ltr' id='par_1_15' title="bbox 262 1600 1913 1648">
     <span class='ocr_line' id='line_1_15' title="bbox 262 1600 1913 1648; baseline -0.003 -13"><span class='ocrx_word' id='word_1_52' title='bbox 262 1603 451 1648; x_wconf 79' lang='lat' dir='ltr'><strong>Scripseram</strong></span> <span class='ocrx_word' id='word_1_53' title='bbox 458 1602 641 1648; x_wconf 68' lang='lat' dir='ltr'><strong>praemissum</strong></span> <span class='ocrx_word' id='word_1_54' title='bbox 655 1602 884 1644; x_wconf 81' lang='lat' dir='ltr'><strong>Paragraphum,</strong></span> <span class='ocrx_word' id='word_1_55' title='bbox 894 1610 1045 1638; x_wconf 78' lang='lat' dir='ltr'><strong>auctorem</strong></span> <span class='ocrx_word' id='word_1_56' title='bbox 1057 1611 1077 1635; x_wconf 75' lang='grc' dir='ltr'>Α</span> <span class='ocrx_word' id='word_1_57' title='bbox 1088 1607 1223 1638; x_wconf 85' lang='lat' dir='ltr'><strong>venimus</strong></span> <span class='ocrx_word' id='word_1_58' title='bbox 1230 1608 1384 1648; x_wconf 85' lang='lat' dir='ltr'><strong>cujusdam</strong></span> <span class='ocrx_word' id='word_1_59' title='bbox 1392 1605 1503 1637; x_wconf 88' lang='lat' dir='ltr'><strong>codicis</strong></span> <span class='ocrx_word' id='word_1_60' title='bbox 1509 1603 1669 1639; x_wconf 71' lang='lat' dir='ltr'><strong>clinrtarei,</strong></span> <span class='ocrx_word' id='word_1_61' title='bbox 1681 1611 1740 1633; x_wconf 90' lang='lat' dir='ltr'><strong>non</strong></span> <span class='ocrx_word' id='word_1_62' title='bbox 1749 1600 1913 1632; x_wconf 86' lang='lat' dir='ltr'><strong>admodum</strong></span> 
     </span>
    </p>
   </div>
   <div class='ocr_carea' id='block_1_16' title="bbox 223 1645 1047 1690">
    <p class='ocr_par' dir='ltr' id='par_1_16' title="bbox 223 1645 1047 1690">
     <span class='ocr_line' id='line_1_16' title="bbox 223 1645 1047 1690; baseline 0.001 -10"><span class='ocrx_word' id='word_1_63' title='bbox 223 1648 298 1680; x_wconf 67' lang='lat' dir='ltr'><strong>Vitae</strong></span> <span class='ocrx_word' id='word_1_64' title='bbox 311 1646 454 1679; x_wconf 90' lang='lat' dir='ltr'><strong>Dorothei</strong></span> <span class='ocrx_word' id='word_1_65' title='bbox 467 1645 600 1677; x_wconf 84' lang='lat' dir='ltr'><strong>Junioris</strong></span> <span class='ocrx_word' id='word_1_66' title='bbox 611 1656 646 1677; x_wconf 82' lang='lat' dir='ltr'><strong>ex</strong></span> <span class='ocrx_word' id='word_1_67' title='bbox 662 1648 769 1679; x_wconf 85' lang='lat' dir='ltr'><strong>Allatio</strong></span> <span class='ocrx_word' id='word_1_68' title='bbox 785 1649 941 1690; x_wconf 83' lang='lat' dir='ltr'><strong>assignans</strong></span> <span class='ocrx_word' id='word_1_69' title='bbox 955 1649 1047 1681; x_wconf 87' lang='lat' dir='ltr'><strong>Joan-</strong></span> 
     </span>
    </p>
   </div>
   <div class='ocr_carea' id='block_1_17' title="bbox 223 1691 1048 1735">
    <p class='ocr_par' dir='ltr' id='par_1_17' title="bbox 223 1691 1048 1735">
     <span class='ocr_line' id='line_1_17' title="bbox 223 1691 1048 1735; baseline 0.001 -10"><span class='ocrx_word' id='word_1_70' title='bbox 223 1703 291 1725; x_wconf 91' lang='lat' dir='ltr'><strong>nem</strong></span> <span class='ocrx_word' id='word_1_71' title='bbox 309 1692 529 1732; x_wconf 85' lang='lat' dir='ltr'><strong>metropolitam</strong></span> <span class='ocrx_word' id='word_1_72' title='bbox 558 1691 766 1723; x_wconf 86' lang='lat' dir='ltr'><strong>Euchaitarum</strong></span> <span class='ocrx_word' id='word_1_73' title='bbox 785 1704 791 1734; x_wconf 88' lang='lat'><strong>;</strong></span> <span class='ocrx_word' id='word_1_74' title='bbox 823 1695 853 1724; x_wconf 94' lang='lat' dir='ltr'><strong>in</strong></span> <span class='ocrx_word' id='word_1_75' title='bbox 869 1703 1048 1735; x_wconf 88' lang='lat' dir='ltr'><strong>omnemque</strong></span> 
     </span>
    </p>
   </div>
   <div class='ocr_carea' id='block_1_18' title="bbox 222 1737 1047 1778">
    <p class='ocr_par' dir='ltr' id='par_1_18' title="bbox 222 1737 1047 1778">
     <span class='ocr_line' id='line_1_18' title="bbox 222 1737 1047 1778; baseline 0.001 -9"><span class='ocrx_word' id='word_1_76' title='bbox 222 1737 375 1769; x_wconf 85' lang='lat' dir='ltr'><strong>versabam</strong></span> <span class='ocrx_word' id='word_1_77' title='bbox 384 1737 516 1768; x_wconf 90' lang='lat' dir='ltr'><strong>animum</strong></span> <span class='ocrx_word' id='word_1_78' title='bbox 534 1740 657 1776; x_wconf 86' lang='lat' dir='ltr'><strong>partem,</strong></span> <span class='ocrx_word' id='word_1_79' title='bbox 676 1746 735 1777; x_wconf 87' lang='lat' dir='ltr'><strong>quo</strong></span> <span class='ocrx_word' id='word_1_80' title='bbox 749 1738 860 1778; x_wconf 89' lang='lat' dir='ltr'><strong>aliquid</strong></span> <span class='ocrx_word' id='word_1_81' title='bbox 880 1739 917 1769; x_wconf 92' lang='lat' dir='ltr'><strong>de</strong></span> <span class='ocrx_word' id='word_1_82' title='bbox 925 1743 1047 1770; x_wconf 82' lang='lat' dir='ltr'><strong>auctore</strong></span> 
     </span>
    </p>
   </div>
   <div class='ocr_carea' id='block_1_19' title="bbox 223 1781 1047 1822">
    <p class='ocr_par' dir='ltr' id='par_1_19' title="bbox 223 1781 1047 1822">
     <span class='ocr_line' id='line_1_19' title="bbox 223 1781 1047 1822; baseline 0 -8"><span class='ocrx_word' id='word_1_83' title='bbox 223 1782 286 1820; x_wconf 87' lang='lat' dir='ltr'><strong>illo,</strong></span> <span class='ocrx_word' id='word_1_84' title='bbox 305 1782 401 1822; x_wconf 86' lang='lat' dir='ltr'><strong>deque</strong></span> <span class='ocrx_word' id='word_1_85' title='bbox 417 1785 501 1812; x_wconf 75' lang='lat' dir='ltr'><strong>aetate</strong></span> <span class='ocrx_word' id='word_1_86' title='bbox 530 1790 589 1820; x_wconf 86' lang='lat' dir='ltr'><strong>qua</strong></span> <span class='ocrx_word' id='word_1_87' title='bbox 618 1781 699 1819; x_wconf 83' lang='lat' dir='ltr'><strong>vixit,</strong></span> <span class='ocrx_word' id='word_1_88' title='bbox 731 1782 868 1814; x_wconf 82' lang='lat' dir='ltr'><strong>alicunde</strong></span> <span class='ocrx_word' id='word_1_89' title='bbox 884 1793 899 1813; x_wconf 90' lang='lat' dir='ltr'><strong>e</strong></span> <span class='ocrx_word' id='word_1_90' title='bbox 916 1784 1047 1815; x_wconf 85' lang='lat' dir='ltr'><strong>tenebris</strong></span> 
     </span>
    </p>
   </div>
   <div class='ocr_carea' id='block_1_20' title="bbox 224 1825 1045 1866">
    <p class='ocr_par' dir='ltr' id='par_1_20' title="bbox 224 1825 1045 1866">
     <span class='ocr_line' id='line_1_20' title="bbox 224 1825 1045 1866; baseline 0 -7"><span class='ocrx_word' id='word_1_91' title='bbox 224 1836 361 1859; x_wconf 89' lang='lat' dir='ltr'><strong>eruerem</strong></span> <span class='ocrx_word' id='word_1_92' title='bbox 380 1836 388 1863; x_wconf 90' lang='lat'><strong>;</strong></span> <span class='ocrx_word' id='word_1_93' title='bbox 404 1825 490 1856; x_wconf 83' lang='lat' dir='ltr'><strong>facile</strong></span> <span class='ocrx_word' id='word_1_94' title='bbox 504 1825 613 1856; x_wconf 89' lang='lat' dir='ltr'><strong>deinde</strong></span> <span class='ocrx_word' id='word_1_95' title='bbox 629 1835 663 1856; x_wconf 88' lang='lat' dir='ltr'><strong>ex</strong></span> <span class='ocrx_word' id='word_1_96' title='bbox 679 1826 734 1857; x_wconf 88' lang='lat' dir='ltr'><strong>hac</strong></span> <span class='ocrx_word' id='word_1_97' title='bbox 749 1828 917 1866; x_wconf 75' lang='lat' dir='ltr'><strong>cognitione</strong></span> <span class='ocrx_word' id='word_1_98' title='bbox 928 1833 1045 1859; x_wconf 78' lang='lat' dir='ltr'><strong>aetatem</strong></span> 
     </span>
    </p>
   </div>
   <div class='ocr_carea' id='block_1_21' title="bbox 225 1870 1045 1911">
    <p class='ocr_par' dir='ltr' id='par_1_21' title="bbox 225 1870 1045 1911">
     <span class='ocr_line' id='line_1_21' title="bbox 225 1870 1045 1911; baseline -0.002 -6"><span class='ocrx_word' id='word_1_99' title='bbox 225 1871 367 1905; x_wconf 88' lang='lat' dir='ltr'><strong>Dorothei</strong></span> <span class='ocrx_word' id='word_1_100' title='bbox 378 1870 508 1902; x_wconf 86' lang='lat' dir='ltr'><strong>Junioris</strong></span> <span class='ocrx_word' id='word_1_101' title='bbox 517 1870 705 1902; x_wconf 81' lang='lat' dir='ltr'><strong>deﬁniturus.</strong></span> <span class='ocrx_word' id='word_1_102' title='bbox 719 1874 736 1901; x_wconf 90' lang='lat' dir='ltr'><strong>A</strong></span> <span class='ocrx_word' id='word_1_103' title='bbox 743 1873 798 1903; x_wconf 90' lang='lat' dir='ltr'><strong>deo</strong></span> <span class='ocrx_word' id='word_1_104' title='bbox 809 1873 899 1911; x_wconf 79' lang='lat' dir='ltr'><strong>igitur</strong></span> <span class='ocrx_word' id='word_1_105' title='bbox 909 1873 1045 1904; x_wconf 90' lang='lat' dir='ltr'><strong>Allatium</strong></span> 
     </span>
    </p>
   </div>
   <div class='ocr_carea' id='block_1_22' title="bbox 223 1914 1045 1958">
    <p class='ocr_par' dir='ltr' id='par_1_22' title="bbox 223 1914 1045 1958">
     <span class='ocr_line' id='line_1_22' title="bbox 223 1914 1045 1958; baseline 0.001 -10"><span class='ocrx_word' id='word_1_106' title='bbox 223 1918 255 1948; x_wconf 90' lang='lat' dir='ltr'><strong>in</strong></span> <span class='ocrx_word' id='word_1_107' title='bbox 271 1915 404 1948; x_wconf 86' lang='lat' dir='ltr'><strong>Diatriba</strong></span> <span class='ocrx_word' id='word_1_108' title='bbox 434 1915 471 1945; x_wconf 88' lang='lat' dir='ltr'><strong>de</strong></span> <span class='ocrx_word' id='word_1_109' title='bbox 499 1914 672 1946; x_wconf 88' lang='lat' dir='ltr'><strong>Simeonum</strong></span> <span class='ocrx_word' id='word_1_110' title='bbox 703 1917 845 1956; x_wconf 82' lang='lat' dir='ltr'><strong>scriptis;</strong></span> <span class='ocrx_word' id='word_1_111' title='bbox 875 1927 907 1948; x_wconf 89' lang='lat' dir='ltr'><strong>ac</strong></span> <span class='ocrx_word' id='word_1_112' title='bbox 928 1918 1045 1958; x_wconf 89' lang='lat' dir='ltr'><strong>reperio</strong></span> 
     </span>
    </p>
   </div>
   <div class='ocr_carea' id='block_1_23' title="bbox 224 1959 1048 2003">
    <p class='ocr_par' dir='ltr' id='par_1_23' title="bbox 224 1959 1048 2003">
     <span class='ocr_line' id='line_1_23' title="bbox 224 1959 1048 2003; baseline 0 -10"><span class='ocrx_word' id='word_1_113' title='bbox 224 1960 390 1993; x_wconf 85' lang='lat' dir='ltr'><strong>identidem</strong></span> <span class='ocrx_word' id='word_1_114' title='bbox 408 1959 538 1990; x_wconf 89' lang='lat' dir='ltr'><strong>auctoris</strong></span> <span class='ocrx_word' id='word_1_115' title='bbox 554 1969 674 2000; x_wconf 82' lang='lat' dir='ltr'><strong>nomen,</strong></span> <span class='ocrx_word' id='word_1_116' title='bbox 692 1965 720 1991; x_wconf 92' lang='lat' dir='ltr'><strong>et</strong></span> <span class='ocrx_word' id='word_1_117' title='bbox 735 1962 877 2001; x_wconf 87' lang='lat' dir='ltr'><strong>producta</strong></span> <span class='ocrx_word' id='word_1_118' title='bbox 903 1963 1048 2003; x_wconf 86' lang='lat' dir='ltr'><strong>principia</strong></span> 
     </span>
    </p>
   </div>
   <div class='ocr_carea' id='block_1_24' title="bbox 223 2005 1047 2047">
    <p class='ocr_par' dir='ltr' id='par_1_24' title="bbox 223 2005 1047 2047">
     <span class='ocr_line' id='line_1_24' title="bbox 223 2005 1047 2047; baseline 0 -9"><span class='ocrx_word' id='word_1_119' title='bbox 223 2007 335 2047; x_wconf 82' lang='lat' dir='ltr'><strong>aliquot</strong></span> <span class='ocrx_word' id='word_1_120' title='bbox 350 2008 611 2036; x_wconf 87' lang='lat' dir='ltr'><strong>monumentorum</strong></span> <span class='ocrx_word' id='word_1_121' title='bbox 628 2005 693 2044; x_wconf 89' lang='lat' dir='ltr'><strong>ejus</strong></span> <span class='ocrx_word' id='word_1_122' title='bbox 707 2014 715 2042; x_wconf 84' lang='lat'><strong>;</strong></span> <span class='ocrx_word' id='word_1_123' title='bbox 731 2006 784 2036; x_wconf 90' lang='lat' dir='ltr'><strong>sed</strong></span> <span class='ocrx_word' id='word_1_124' title='bbox 802 2007 838 2036; x_wconf 90' lang='lat' dir='ltr'><strong>de</strong></span> <span class='ocrx_word' id='word_1_125' title='bbox 860 2007 917 2037; x_wconf 86' lang='lat' dir='ltr'><strong>vita</strong></span> <span class='ocrx_word' id='word_1_126' title='bbox 928 2011 1047 2038; x_wconf 79' lang='lat' dir='ltr'><strong>etzetate</strong></span> 
     </span>
    </p>
   </div>
   <div class='ocr_carea' id='block_1_25' title="bbox 222 2048 1046 2090">
    <p class='ocr_par' dir='ltr' id='par_1_25' title="bbox 222 2048 1046 2090">
     <span class='ocr_line' id='line_1_25' title="bbox 222 2048 1046 2090; baseline -0.001 -7"><span class='ocrx_word' id='word_1_127' title='bbox 222 2051 310 2083; x_wconf 88' lang='lat' dir='ltr'><strong>nihil.</strong></span> <span class='ocrx_word' id='word_1_128' title='bbox 324 2050 408 2082; x_wconf 89' lang='lat' dir='ltr'><strong>Adeo</strong></span> <span class='ocrx_word' id='word_1_129' title='bbox 417 2048 586 2080; x_wconf 93' lang='lat' dir='ltr'><strong>Simeonem</strong></span> <span class='ocrx_word' id='word_1_130' title='bbox 605 2053 740 2081; x_wconf 90' lang='lat' dir='ltr'><strong>nostrum</strong></span> <span class='ocrx_word' id='word_1_131' title='bbox 754 2050 1024 2089; x_wconf 82' lang='lat' dir='ltr'><strong>Wangnerechium</strong></span> <span class='ocrx_word' id='word_1_132' title='bbox 1039 2062 1046 2090; x_wconf 88' lang='lat'><strong>;</strong></span> 
     </span>
    </p>
   </div>
   <div class='ocr_carea' id='block_1_26' title="bbox 221 2093 1045 2135">
    <p class='ocr_par' dir='ltr' id='par_1_26' title="bbox 221 2093 1045 2135">
     <span class='ocr_line' id='line_1_26' title="bbox 221 2093 1045 2135; baseline 0 -9"><span class='ocrx_word' id='word_1_133' title='bbox 221 2096 253 2128; x_wconf 90' lang='lat' dir='ltr'><strong>in</strong></span> <span class='ocrx_word' id='word_1_134' title='bbox 265 2093 488 2135; x_wconf 84' lang='lat' dir='ltr'><strong>Prolegomenis</strong></span> <span class='ocrx_word' id='word_1_135' title='bbox 497 2093 534 2123; x_wconf 90' lang='lat' dir='ltr'><strong>ad</strong></span> <span class='ocrx_word' id='word_1_136' title='bbox 543 2094 683 2133; x_wconf 83' lang='lat' dir='ltr'><strong>pietatem</strong></span> <span class='ocrx_word' id='word_1_137' title='bbox 693 2093 852 2125; x_wconf 88' lang='lat' dir='ltr'><strong>Marianam</strong></span> <span class='ocrx_word' id='word_1_138' title='bbox 863 2095 1045 2133; x_wconf 71' lang='lat' dir='ltr'><strong>Grzccorum;</strong></span> 
     </span>
    </p>
   </div>
   <div class='ocr_carea' id='block_1_27' title="bbox 222 2138 1044 2181">
    <p class='ocr_par' dir='ltr' id='par_1_27' title="bbox 222 2138 1044 2181">
     <span class='ocr_line' id='line_1_27' title="bbox 222 2138 1044 2181; baseline -0.001 -9"><span class='ocrx_word' id='word_1_139' title='bbox 222 2141 368 2181; x_wconf 87' lang='lat' dir='ltr'><strong>videoque</strong></span> <span class='ocrx_word' id='word_1_140' title='bbox 384 2148 466 2169; x_wconf 88' lang='lat' dir='ltr'><strong>num.</strong></span> <span class='ocrx_word' id='word_1_141' title='bbox 484 2138 524 2168; x_wconf 68' lang='lat'>95</span> <span class='ocrx_word' id='word_1_142' title='bbox 540 2142 640 2168; x_wconf 93' lang='lat' dir='ltr'><strong>notum</strong></span> <span class='ocrx_word' id='word_1_143' title='bbox 657 2139 683 2168; x_wconf 89' lang='lat' dir='ltr'><strong>ci</strong></span> <span class='ocrx_word' id='word_1_144' title='bbox 709 2138 800 2170; x_wconf 80' lang='lat' dir='ltr'><strong>fuisse</strong></span> <span class='ocrx_word' id='word_1_145' title='bbox 825 2140 967 2171; x_wconf 86' lang='lat' dir='ltr'><strong>Joannem</strong></span> <span class='ocrx_word' id='word_1_146' title='bbox 985 2141 1044 2171; x_wconf 87' lang='lat' dir='ltr'><strong>Eu-</strong></span> 
     </span>
    </p>
   </div>
   <div class='ocr_carea' id='block_1_28' title="bbox 223 2183 1044 2225">
    <p class='ocr_par' dir='ltr' id='par_1_28' title="bbox 223 2183 1044 2225">
     <span class='ocr_line' id='line_1_28' title="bbox 223 2183 1044 2225; baseline -0.001 -8"><span class='ocrx_word' id='word_1_147' title='bbox 223 2186 350 2217; x_wconf 88' lang='lat' dir='ltr'><strong>chaitam</strong></span> <span class='ocrx_word' id='word_1_148' title='bbox 362 2184 527 2224; x_wconf 81' lang='lat' dir='ltr'><strong>Hymnogra</strong></span> <span class='ocrx_word' id='word_1_149' title='bbox 532 2183 634 2223; x_wconf 84' lang='lat' dir='ltr'><strong>phum,</strong></span> <span class='ocrx_word' id='word_1_150' title='bbox 647 2183 699 2215; x_wconf 84' lang='lat' dir='ltr'><strong>sed</strong></span> <span class='ocrx_word' id='word_1_151' title='bbox 707 2183 744 2214; x_wconf 89' lang='lat' dir='ltr'><strong>de</strong></span> <span class='ocrx_word' id='word_1_152' title='bbox 755 2188 841 2216; x_wconf 75' lang='lat' dir='ltr'><strong>aetate</strong></span> <span class='ocrx_word' id='word_1_153' title='bbox 851 2190 900 2215; x_wconf 91' lang='lat' dir='ltr'><strong>aut</strong></span> <span class='ocrx_word' id='word_1_154' title='bbox 911 2185 970 2215; x_wconf 79' lang='lat' dir='ltr'><strong>vita</strong></span> <span class='ocrx_word' id='word_1_155' title='bbox 981 2186 1044 2225; x_wconf 84' lang='lat' dir='ltr'><strong>ejus</strong></span> 
     </span>
    </p>
   </div>
   <div class='ocr_carea' id='block_1_29' title="bbox 223 2226 1044 2269">
    <p class='ocr_par' dir='ltr' id='par_1_29' title="bbox 223 2226 1044 2269">
     <span class='ocr_line' id='line_1_29' title="bbox 223 2226 1044 2269; baseline -0.002 -7"><span class='ocrx_word' id='word_1_156' title='bbox 223 2231 355 2262; x_wconf 92' lang='lat' dir='ltr'><strong>nondum</strong></span> <span class='ocrx_word' id='word_1_157' title='bbox 369 2228 532 2269; x_wconf 84' lang='lat' dir='ltr'><strong>quidquam</strong></span> <span class='ocrx_word' id='word_1_158' title='bbox 560 2226 721 2265; x_wconf 83' lang='lat' dir='ltr'><strong>invenisse,</strong></span> <span class='ocrx_word' id='word_1_159' title='bbox 751 2229 828 2269; x_wconf 87' lang='lat' dir='ltr'><strong>quod</strong></span> <span class='ocrx_word' id='word_1_160' title='bbox 857 2229 927 2260; x_wconf 88' lang='lat' dir='ltr'><strong>viris</strong></span> <span class='ocrx_word' id='word_1_161' title='bbox 951 2229 1044 2260; x_wconf 87' lang='lat' dir='ltr'><strong>doctis</strong></span> 
     </span>
    </p>
   </div>
   <div class='ocr_carea' id='block_1_30' title="bbox 223 2271 1043 2316">
    <p class='ocr_par' dir='ltr' id='par_1_30' title="bbox 223 2271 1043 2316">
     <span class='ocr_line' id='line_1_30' title="bbox 223 2271 1043 2316; baseline -0.002 -9"><span class='ocrx_word' id='word_1_162' title='bbox 223 2276 353 2316; x_wconf 89' lang='lat' dir='ltr'><strong>probare</strong></span> <span class='ocrx_word' id='word_1_163' title='bbox 366 2282 398 2304; x_wconf 90' lang='lat' dir='ltr'><strong>se</strong></span> <span class='ocrx_word' id='word_1_164' title='bbox 407 2281 494 2313; x_wconf 85' lang='lat' dir='ltr'><strong>posse</strong></span> <span class='ocrx_word' id='word_1_165' title='bbox 507 2271 681 2302; x_wconf 84' lang='lat' dir='ltr'><strong>conﬁderet.</strong></span> <span class='ocrx_word' id='word_1_166' title='bbox 696 2272 780 2303; x_wconf 89' lang='lat' dir='ltr'><strong>Adeo</strong></span> <span class='ocrx_word' id='word_1_167' title='bbox 787 2273 916 2314; x_wconf 89' lang='lat' dir='ltr'><strong>denique</strong></span> <span class='ocrx_word' id='word_1_168' title='bbox 927 2275 1043 2305; x_wconf 87' lang='lat' dir='ltr'><strong>Marac-</strong></span> 
     </span>
    </p>
   </div>
   <div class='ocr_carea' id='block_1_31' title="bbox 222 2316 1045 2357">
    <p class='ocr_par' dir='ltr' id='par_1_31' title="bbox 222 2316 1045 2357">
     <span class='ocr_line' id='line_1_31' title="bbox 222 2316 1045 2357; baseline -0.004 -5"><span class='ocrx_word' id='word_1_169' title='bbox 222 2320 302 2352; x_wconf 88' lang='lat' dir='ltr'><strong>cium</strong></span> <span class='ocrx_word' id='word_1_170' title='bbox 317 2319 348 2350; x_wconf 89' lang='lat' dir='ltr'><strong>in</strong></span> <span class='ocrx_word' id='word_1_171' title='bbox 363 2316 547 2349; x_wconf 87' lang='lat' dir='ltr'><strong>Bibliotheca</strong></span> <span class='ocrx_word' id='word_1_172' title='bbox 568 2316 699 2347; x_wconf 88' lang='lat' dir='ltr'><strong>Mariana</strong></span> <span class='ocrx_word' id='word_1_173' title='bbox 715 2327 722 2357; x_wconf 90' lang='lat'><strong>;</strong></span> <span class='ocrx_word' id='word_1_174' title='bbox 750 2317 802 2348; x_wconf 91' lang='lat' dir='ltr'><strong>sed</strong></span> <span class='ocrx_word' id='word_1_175' title='bbox 819 2317 912 2348; x_wconf 92' lang='lat' dir='ltr'><strong>nihilo</strong></span> <span class='ocrx_word' id='word_1_176' title='bbox 928 2318 1045 2350; x_wconf 82' lang='lat' dir='ltr'><strong>felicius</strong></span> 
     </span>
    </p>
   </div>
   <div class='ocr_carea' id='block_1_32' title="bbox 222 2360 1044 2405">
    <p class='ocr_par' dir='ltr' id='par_1_32' title="bbox 222 2360 1044 2405">
     <span class='ocr_line' id='line_1_32' title="bbox 222 2360 1044 2405; baseline -0.004 -9"><span class='ocrx_word' id='word_1_177' title='bbox 222 2368 399 2405; x_wconf 86' lang='lat' dir='ltr'><strong>occupatum</strong></span> <span class='ocrx_word' id='word_1_178' title='bbox 427 2361 458 2392; x_wconf 88' lang='lat' dir='ltr'><strong>in</strong></span> <span class='ocrx_word' id='word_1_179' title='bbox 488 2360 668 2405; x_wconf 81' lang='lat' dir='ltr'><strong>inquirenda</strong></span> <span class='ocrx_word' id='word_1_180' title='bbox 694 2362 819 2391; x_wconf 85' lang='lat' dir='ltr'><strong>Joannis</strong></span> <span class='ocrx_word' id='word_1_181' title='bbox 847 2367 934 2393; x_wconf 80' lang='lat' dir='ltr'><strong>actate</strong></span> <span class='ocrx_word' id='word_1_182' title='bbox 957 2372 1044 2403; x_wconf 85' lang='lat' dir='ltr'><strong>quam</strong></span> 
     </span>
    </p>
   </div>
   <div class='ocr_carea' id='block_1_33' title="bbox 222 2404 1046 2451">
    <p class='ocr_par' dir='ltr' id='par_1_33' title="bbox 222 2404 1046 2451">
     <span class='ocr_line' id='line_1_33' title="bbox 222 2404 1046 2451; baseline -0.002 -11"><span class='ocrx_word' id='word_1_183' title='bbox 222 2404 391 2451; x_wconf 61' lang='lat' dir='ltr'><strong>prmmissos</strong></span> <span class='ocrx_word' id='word_1_184' title='bbox 416 2406 502 2451; x_wconf 87' lang='lat' dir='ltr'><strong>duos,</strong></span> <span class='ocrx_word' id='word_1_185' title='bbox 519 2404 669 2451; x_wconf 79' lang='lat' dir='ltr'><strong>_observo.</strong></span> <span class='ocrx_word' id='word_1_186' title='bbox 687 2405 858 2437; x_wconf 85' lang='lat' dir='ltr'><strong>Debebatur</strong></span> <span class='ocrx_word' id='word_1_187' title='bbox 872 2416 980 2447; x_wconf 88' lang='lat' dir='ltr'><strong>nempe</strong></span> <span class='ocrx_word' id='word_1_188' title='bbox 996 2408 1046 2438; x_wconf 90' lang='lat' dir='ltr'><strong>illa</strong></span> 
     </span>
    </p>
   </div>
   <div class='ocr_carea' id='block_1_34' title="bbox 220 2449 1043 2494">
    <p class='ocr_par' dir='ltr' id='par_1_34' title="bbox 220 2449 1043 2494">
     <span class='ocr_line' id='line_1_34' title="bbox 220 2449 1043 2494; baseline -0.004 -8"><span class='ocrx_word' id='word_1_189' title='bbox 220 2449 315 2494; x_wconf 79' lang='lat' dir='ltr'><strong>gloria</strong></span> <span class='ocrx_word' id='word_1_190' title='bbox 324 2449 527 2492; x_wconf 79' lang='lat' dir='ltr'><strong>augustissimi</strong></span> <span class='ocrx_word' id='word_1_191' title='bbox 553 2450 677 2494; x_wconf 72' lang='lat' dir='ltr'><strong>Caesaris</strong></span> <span class='ocrx_word' id='word_1_192' title='bbox 700 2451 1043 2490; x_wconf 80' lang='lat' dir='ltr'><strong>LeopoldiBiblothecae,</strong></span> 
     </span>
    </p>
   </div>
   <div class='ocr_carea' id='block_1_35' title="bbox 220 2493 1044 2536">
    <p class='ocr_par' dir='ltr' id='par_1_35' title="bbox 220 2493 1044 2536">
     <span class='ocr_line' id='line_1_35' title="bbox 220 2493 1044 2536; baseline -0.005 -5"><span class='ocrx_word' id='word_1_193' title='bbox 220 2493 253 2530; x_wconf 82' lang='lat' dir='ltr'><strong>ut</strong></span> <span class='ocrx_word' id='word_1_194' title='bbox 268 2499 338 2530; x_wconf 89' lang='lat' dir='ltr'><strong>inde</strong></span> <span class='ocrx_word' id='word_1_195' title='bbox 352 2497 384 2527; x_wconf 95' lang='lat' dir='ltr'><strong>in</strong></span> <span class='ocrx_word' id='word_1_196' title='bbox 398 2497 496 2527; x_wconf 89' lang='lat' dir='ltr'><strong>lucem</strong></span> <span class='ocrx_word' id='word_1_197' title='bbox 519 2493 653 2535; x_wconf 86' lang='lat' dir='ltr'><strong>prodiret</strong></span> <span class='ocrx_word' id='word_1_198' title='bbox 679 2495 821 2536; x_wconf 84' lang='lat' dir='ltr'><strong>primum,</strong></span> <span class='ocrx_word' id='word_1_199' title='bbox 851 2496 930 2536; x_wconf 90' lang='lat' dir='ltr'><strong>quod</strong></span> <span class='ocrx_word' id='word_1_200' title='bbox 958 2496 1044 2528; x_wconf 90' lang='lat' dir='ltr'><strong>inde-</strong></span> 
     </span>
    </p>
   </div>
   <div class='ocr_carea' id='block_1_36' title="bbox 219 2538 1044 2576">
    <p class='ocr_par' dir='ltr' id='par_1_36' title="bbox 219 2538 1044 2576">
     <span class='ocr_line' id='line_1_36' title="bbox 219 2538 1044 2576; baseline -0.005 0"><span class='ocrx_word' id='word_1_201' title='bbox 219 2544 300 2576; x_wconf 74' lang='lat' dir='ltr'><strong>fessa</strong></span> <span class='ocrx_word' id='word_1_202' title='bbox 314 2546 356 2573; x_wconf 88' lang='lat' dir='ltr'><strong>tot</strong></span> <span class='ocrx_word' id='word_1_203' title='bbox 371 2540 556 2573; x_wconf 87' lang='lat' dir='ltr'><strong>eruditorum</strong></span> <span class='ocrx_word' id='word_1_204' title='bbox 572 2538 672 2570; x_wconf 90' lang='lat' dir='ltr'><strong>studia</strong></span> <span class='ocrx_word' id='word_1_205' title='bbox 691 2542 721 2569; x_wconf 88' lang='lat' dir='ltr'><strong>et</strong></span> <span class='ocrx_word' id='word_1_206' title='bbox 742 2539 856 2571; x_wconf 88' lang='lat' dir='ltr'><strong>labores</strong></span> <span class='ocrx_word' id='word_1_207' title='bbox 871 2540 921 2571; x_wconf 80' lang='lat' dir='ltr'><strong>diu</strong></span> <span class='ocrx_word' id='word_1_208' title='bbox 937 2540 1044 2572; x_wconf 83' lang='lat' dir='ltr'><strong>frustra</strong></span> 
     </span>
    </p>
   </div>
   <div class='ocr_carea' id='block_1_37' title="bbox 221 2587 433 2630">
    <p class='ocr_par' dir='ltr' id='par_1_37' title="bbox 221 2587 433 2630">
     <span class='ocr_line' id='line_1_37' title="bbox 221 2587 433 2630; baseline -0.009 -10"><span class='ocrx_word' id='word_1_209' title='bbox 221 2587 433 2630; x_wconf 70' lang='lat' dir='ltr'><strong>quaesiverunt.</strong></span> 
     </span>
    </p>
   </div>
   <div class='ocr_carea' id='block_1_38' title="bbox 260 2627 1041 2672">
    <p class='ocr_par' dir='ltr' id='par_1_38' title="bbox 260 2627 1041 2672">
     <span class='ocr_line' id='line_1_38' title="bbox 260 2627 1041 2672; baseline -0.005 -7"><span class='ocrx_word' id='word_1_210' title='bbox 260 2633 333 2665; x_wconf 88' lang='lat' dir='ltr'><strong>Cum</strong></span> <span class='ocrx_word' id='word_1_211' title='bbox 349 2631 441 2672; x_wconf 83' lang='lat' dir='ltr'><strong>igitur</strong></span> <span class='ocrx_word' id='word_1_212' title='bbox 457 2637 535 2661; x_wconf 88' lang='lat' dir='ltr'><strong>anno</strong></span> <span class='ocrx_word' id='word_1_213' title='bbox 554 2628 632 2660; x_wconf 86' lang='grc'>1688</span> <span class='ocrx_word' id='word_1_214' title='bbox 647 2627 771 2659; x_wconf 73' lang='lat' dir='ltr'><strong>Viennae</strong></span> <span class='ocrx_word' id='word_1_215' title='bbox 785 2632 915 2660; x_wconf 73' lang='lat' dir='ltr'><strong>aestatem</strong></span> <span class='ocrx_word' id='word_1_216' title='bbox 933 2631 1041 2661; x_wconf 88' lang='lat' dir='ltr'><strong>transi-</strong></span> 
     </span>
    </p>
   </div>
   <div class='ocr_carea' id='block_1_39' title="bbox 219 2675 1042 2722">
    <p class='ocr_par' dir='ltr' id='par_1_39' title="bbox 219 2675 1042 2722">
     <span class='ocr_line' id='line_1_39' title="bbox 219 2675 1042 2722; baseline -0.005 -10"><span class='ocrx_word' id='word_1_217' title='bbox 219 2689 371 2722; x_wconf 77' lang='lat' dir='ltr'><strong>geremus,</strong></span> <span class='ocrx_word' id='word_1_218' title='bbox 389 2687 424 2709; x_wconf 91' lang='lat' dir='ltr'><strong>ac</strong></span> <span class='ocrx_word' id='word_1_219' title='bbox 437 2685 517 2718; x_wconf 59' lang='lat' dir='ltr'><strong>sape</strong></span> <span class='ocrx_word' id='word_1_220' title='bbox 542 2675 775 2722; x_wconf 44' lang='lat' dir='ltr'><strong>bibliothecam,</strong></span> <span class='ocrx_word' id='word_1_221' title='bbox 790 2685 832 2722; x_wconf 69' lang='lat' dir='ltr'><strong>ex</strong></span> <span class='ocrx_word' id='word_1_222' title='bbox 851 2676 1042 2722; x_wconf 54' lang='lat' dir='ltr'><strong>benignitate</strong></span> 
     </span>
    </p>
   </div>
   <div class='ocr_carea' id='block_1_40' title="bbox 219 2719 1042 2764">
    <p class='ocr_par' dir='ltr' id='par_1_40' title="bbox 219 2719 1042 2764">
     <span class='ocr_line' id='line_1_40' title="bbox 219 2719 1042 2764; baseline -0.006 -6"><span class='ocrx_word' id='word_1_223' title='bbox 219 2719 346 2758; x_wconf 68' lang='lat' dir='ltr'><strong>Caesaris</strong></span> <span class='ocrx_word' id='word_1_224' title='bbox 356 2726 553 2764; x_wconf 85' lang='lat' dir='ltr'><strong>promptaque</strong></span> <span class='ocrx_word' id='word_1_225' title='bbox 563 2729 654 2760; x_wconf 85' lang='lat' dir='ltr'><strong>opera</strong></span> <span class='ocrx_word' id='word_1_226' title='bbox 665 2719 836 2760; x_wconf 59' lang='lat' dir='ltr'><strong>praenobilis</strong></span> <span class='ocrx_word' id='word_1_227' title='bbox 849 2720 967 2752; x_wconf 90' lang='lat' dir='ltr'><strong>Domini</strong></span> <span class='ocrx_word' id='word_1_228' title='bbox 983 2723 1042 2753; x_wconf 87' lang='lat' dir='ltr'><strong>Da—</strong></span> 
     </span>
    </p>
   </div>
   <div class='ocr_carea' id='block_1_41' title="bbox 219 2764 1045 2806">
    <p class='ocr_par' dir='ltr' id='par_1_41' title="bbox 219 2764 1045 2806">
     <span class='ocr_line' id='line_1_41' title="bbox 219 2764 1045 2806; baseline -0.005 -4"><span class='ocrx_word' id='word_1_229' title='bbox 219 2764 697 2802; x_wconf 85' lang='lat' dir='ltr'><strong>nielisdeNesselBibliothecarii</strong></span> <span class='ocrx_word' id='word_1_230' title='bbox 717 2764 818 2802; x_wconf 87' lang='lat' dir='ltr'><strong>aulici,</strong></span> <span class='ocrx_word' id='word_1_231' title='bbox 833 2774 952 2806; x_wconf 90' lang='lat' dir='ltr'><strong>semper</strong></span> <span class='ocrx_word' id='word_1_232' title='bbox 959 2766 1045 2798; x_wconf 90' lang='lat' dir='ltr'><strong>nobis</strong></span> 
     </span>
    </p>
   </div>
   <div class='ocr_carea' id='block_1_42' title="bbox 219 2809 1044 2856">
    <p class='ocr_par' dir='ltr' id='par_1_42' title="bbox 219 2809 1044 2856">
     <span class='ocr_line' id='line_1_42' title="bbox 219 2809 1044 2856; baseline -0.002 -11"><span class='ocrx_word' id='word_1_233' title='bbox 219 2817 381 2856; x_wconf 85' lang='lat' dir='ltr'><strong>patentem,</strong></span> <span class='ocrx_word' id='word_1_234' title='bbox 412 2813 680 2854; x_wconf 83' lang='lat' dir='ltr'><strong>perscrutaremur,</strong></span> <span class='ocrx_word' id='word_1_235' title='bbox 709 2809 740 2840; x_wconf 94' lang='lat' dir='ltr'><strong>in</strong></span> <span class='ocrx_word' id='word_1_236' title='bbox 769 2809 903 2841; x_wconf 84' lang='lat' dir='ltr'><strong>notitiam</strong></span> <span class='ocrx_word' id='word_1_237' title='bbox 926 2820 1044 2852; x_wconf 88' lang='lat' dir='ltr'><strong>quoque</strong></span> 
     </span>
    </p>
   </div>
   <div class='ocr_carea' id='block_1_43' title="bbox 1089 1645 1912 1692">
    <p class='ocr_par' dir='ltr' id='par_1_43' title="bbox 1089 1645 1912 1692">
     <span class='ocr_line' id='line_1_43' title="bbox 1089 1645 1912 1692; baseline -0.011 -9"><span class='ocrx_word' id='word_1_238' title='bbox 1089 1653 1217 1692; x_wconf 83' lang='lat' dir='ltr'><strong>antiquae</strong></span> <span class='ocrx_word' id='word_1_239' title='bbox 1244 1645 1410 1692; x_wconf 71' lang='lat' dir='ltr'><strong>scripturae,</strong></span> <span class='ocrx_word' id='word_1_240' title='bbox 1433 1650 1483 1690; x_wconf 90' lang='lat' dir='ltr'><strong>qui</strong></span> <span class='ocrx_word' id='word_1_241' title='bbox 1499 1650 1581 1689; x_wconf 74' lang='lat' dir='ltr'><strong>olim,</strong></span> <span class='ocrx_word' id='word_1_242' title='bbox 1599 1652 1630 1678; x_wconf 91' lang='lat' dir='ltr'><strong>ut</strong></span> <span class='ocrx_word' id='word_1_243' title='bbox 1646 1646 1729 1677; x_wconf 90' lang='lat' dir='ltr'><strong>multi</strong></span> <span class='ocrx_word' id='word_1_244' title='bbox 1743 1646 1806 1680; x_wconf 79' lang='lat' dir='ltr'><strong>alii.</strong></span> <span class='ocrx_word' id='word_1_245' title='bbox 1823 1645 1857 1676; x_wconf 77' lang='grc' dir='ltr'><strong>Ο.</strong></span> <span class='ocrx_word' id='word_1_246' title='bbox 1869 1645 1912 1692; x_wconf 77' lang='lat' dir='ltr'><strong>_V.</strong></span> 
     </span>
    </p>
   </div>
   <div class='ocr_carea' id='block_1_44' title="bbox 1089 1690 1914 1735">
    <p class='ocr_par' dir='ltr' id='par_1_44' title="bbox 1089 1690 1914 1735">
     <span class='ocr_line' id='line_1_44' title="bbox 1089 1690 1914 1735; baseline -0.01 -7"><span class='ocrx_word' id='word_1_247' title='bbox 1089 1690 1256 1728; x_wconf 72' lang='lat' dir='ltr'><strong>Sebastiani</strong></span> <span class='ocrx_word' id='word_1_248' title='bbox 1272 1690 1465 1735; x_wconf 74' lang='lat' dir='ltr'><strong>&#39;l&#39;engnagelii</strong></span> <span class='ocrx_word' id='word_1_249' title='bbox 1488 1694 1578 1724; x_wconf 81' lang='lat' dir='ltr'><strong>fuisse</strong></span> <span class='ocrx_word' id='word_1_250' title='bbox 1601 1692 1726 1723; x_wconf 89' lang='lat' dir='ltr'><strong>discitur</strong></span> <span class='ocrx_word' id='word_1_251' title='bbox 1755 1700 1790 1722; x_wconf 88' lang='lat' dir='ltr'><strong>ex</strong></span> <span class='ocrx_word' id='word_1_252' title='bbox 1819 1690 1914 1730; x_wconf 89' lang='lat' dir='ltr'><strong>ipsius</strong></span> 
     </span>
    </p>
   </div>
   <div class='ocr_carea' id='block_1_45' title="bbox 1089 1735 1911 1781">
    <p class='ocr_par' dir='ltr' id='par_1_45' title="bbox 1089 1735 1911 1781">
     <span class='ocr_line' id='line_1_45' title="bbox 1089 1735 1911 1781; baseline -0.009 -9"><span class='ocrx_word' id='word_1_253' title='bbox 1089 1741 1207 1781; x_wconf 86' lang='lat' dir='ltr'><strong>propria</strong></span> <span class='ocrx_word' id='word_1_254' title='bbox 1227 1741 1433 1781; x_wconf 83' lang='lat' dir='ltr'><strong>inscriptione,</strong></span> <span class='ocrx_word' id='word_1_255' title='bbox 1450 1739 1640 1777; x_wconf 81' lang='lat' dir='ltr'><strong>continetque</strong></span> <span class='ocrx_word' id='word_1_256' title='bbox 1653 1737 1745 1767; x_wconf 84' lang='lat' dir='ltr'><strong>solius</strong></span> <span class='ocrx_word' id='word_1_257' title='bbox 1773 1735 1911 1771; x_wconf 83' lang='lat' dir='ltr'><strong>Joannis,</strong></span> 
     </span>
    </p>
   </div>
   <div class='ocr_carea' id='block_1_46' title="bbox 1088 1779 1911 1826">
    <p class='ocr_par' dir='ltr' id='par_1_46' title="bbox 1088 1779 1911 1826">
     <span class='ocr_line' id='line_1_46' title="bbox 1088 1779 1911 1826; baseline -0.009 -10"><span class='ocrx_word' id='word_1_258' title='bbox 1088 1779 1193 1825; x_wconf 81' lang='lat' dir='ltr'><strong>dequo</strong></span> <span class='ocrx_word' id='word_1_259' title='bbox 1206 1779 1331 1826; x_wconf 70' lang='lat' dir='ltr'><strong>agimus,</strong></span> <span class='ocrx_word' id='word_1_260' title='bbox 1345 1785 1496 1816; x_wconf 70' lang='lat' dir='ltr'><strong>Euchaitze</strong></span> <span class='ocrx_word' id='word_1_261' title='bbox 1508 1787 1644 1823; x_wconf 87' lang='lat' dir='ltr'><strong>poemata</strong></span> <span class='ocrx_word' id='word_1_262' title='bbox 1658 1781 1720 1812; x_wconf 86' lang='lat' dir='ltr'><strong>fere</strong></span> <span class='ocrx_word' id='word_1_263' title='bbox 1736 1789 1825 1826; x_wconf 75' lang='lat' dir='ltr'><strong>sacra</strong></span> <span class='ocrx_word' id='word_1_264' title='bbox 1840 1779 1911 1814; x_wconf 75' lang='grc'><strong>102,</strong></span> 
     </span>
    </p>
   </div>
   <div class='ocr_carea' id='block_1_47' title="bbox 1089 1824 1913 1866">
    <p class='ocr_par' dir='ltr' id='par_1_47' title="bbox 1089 1824 1913 1866">
     <span class='ocr_line' id='line_1_47' title="bbox 1089 1824 1913 1866; baseline -0.01 -4"><span class='ocrx_word' id='word_1_265' title='bbox 1089 1831 1125 1862; x_wconf 91' lang='lat' dir='ltr'><strong>de</strong></span> <span class='ocrx_word' id='word_1_266' title='bbox 1140 1824 1331 1862; x_wconf 24' lang='lat' dir='ltr'><strong>variisrrobus</strong></span> <span class='ocrx_word' id='word_1_267' title='bbox 1359 1839 1445 1860; x_wconf 91' lang='lat' dir='ltr'><strong>versu</strong></span> <span class='ocrx_word' id='word_1_268' title='bbox 1471 1827 1599 1859; x_wconf 90' lang='lat' dir='ltr'><strong>iambico</strong></span> <span class='ocrx_word' id='word_1_269' title='bbox 1629 1830 1723 1866; x_wconf 89' lang='lat' dir='ltr'><strong>pacta.</strong></span> <span class='ocrx_word' id='word_1_270' title='bbox 1751 1825 1783 1855; x_wconf 90' lang='lat' dir='ltr'><strong>In</strong></span> <span class='ocrx_word' id='word_1_271' title='bbox 1813 1824 1913 1855; x_wconf 84' lang='lat' dir='ltr'><strong>fronte</strong></span> 
     </span>
    </p>
   </div>
   <div class='ocr_carea' id='block_1_48' title="bbox 1087 1871 1913 1911">
    <p class='ocr_par' dir='ltr' id='par_1_48' title="bbox 1087 1871 1913 1911">
     <span class='ocr_line' id='line_1_48' title="bbox 1087 1871 1913 1911; baseline -0.01 -5"><span class='ocrx_word' id='word_1_272' title='bbox 1087 1880 1183 1906; x_wconf 82' lang='lat' dir='ltr'><strong>autem</strong></span> <span class='ocrx_word' id='word_1_273' title='bbox 1200 1875 1310 1906; x_wconf 88' lang='lat' dir='ltr'><strong>codicis</strong></span> <span class='ocrx_word' id='word_1_274' title='bbox 1324 1875 1379 1906; x_wconf 86' lang='lat' dir='ltr'><strong>iste</strong></span> <span class='ocrx_word' id='word_1_275' title='bbox 1395 1873 1495 1904; x_wconf 88' lang='lat' dir='ltr'><strong>titulus</strong></span> <span class='ocrx_word' id='word_1_276' title='bbox 1510 1871 1627 1911; x_wconf 80' lang='lat' dir='ltr'><strong>legitur,</strong></span> <span class='ocrx_word' id='word_1_277' title='bbox 1659 1874 1810 1901; x_wconf 89' lang='lat' dir='ltr'><strong>auctorem</strong></span> <span class='ocrx_word' id='word_1_278' title='bbox 1839 1879 1913 1899; x_wconf 83' lang='lat' dir='ltr'><strong>san-</strong></span> 
     </span>
    </p>
   </div>
   <div class='ocr_carea' id='block_1_49' title="bbox 1089 1915 1914 1953">
    <p class='ocr_par' dir='ltr' id='par_1_49' title="bbox 1089 1915 1914 1953">
     <span class='ocr_line' id='line_1_49' title="bbox 1089 1915 1914 1953; baseline -0.01 -3"><span class='ocrx_word' id='word_1_279' title='bbox 1089 1920 1198 1950; x_wconf 88' lang='lat' dir='ltr'><strong>ctitatis</strong></span> <span class='ocrx_word' id='word_1_280' title='bbox 1213 1919 1301 1950; x_wconf 89' lang='lat' dir='ltr'><strong>laude</strong></span> <span class='ocrx_word' id='word_1_281' title='bbox 1316 1918 1519 1949; x_wconf 84' lang='lat' dir='ltr'><strong>condecorans</strong></span> <span class='ocrx_word' id='word_1_282' title='bbox 1536 1926 1542 1945; x_wconf 89' lang='lat'>:</span> <span class='ocrx_word' id='word_1_283' title='bbox 1575 1921 1626 1945; x_wconf 75' lang='grc' dir='ltr'>Τοῦ</span> <span class='ocrx_word' id='word_1_284' title='bbox 1651 1915 1678 1943; x_wconf 80' lang='grc' dir='ltr'>ἐν</span> <span class='ocrx_word' id='word_1_285' title='bbox 1695 1915 1779 1953; x_wconf 76' lang='grc' dir='ltr'><strong>ἁγίοις</strong></span> <span class='ocrx_word' id='word_1_286' title='bbox 1809 1916 1914 1953; x_wconf 67' lang='grc' dir='ltr'><strong>Πιτρὸς</strong></span> 
     </span>
    </p>
   </div>
   <div class='ocr_carea' id='block_1_50' title="bbox 1087 1959 1912 2002">
    <p class='ocr_par' dir='ltr' id='par_1_50' title="bbox 1087 1959 1912 2002">
     <span class='ocr_line' id='line_1_50' title="bbox 1087 1959 1912 2002; baseline -0.01 -9"><span class='ocrx_word' id='word_1_287' title='bbox 1087 1966 1164 2001; x_wconf 81' lang='grc' dir='ltr'>ἡμῶν</span> <span class='ocrx_word' id='word_1_288' title='bbox 1194 1964 1314 1992; x_wconf 72' lang='grc' dir='ltr'>Ἰωάννου</span> <span class='ocrx_word' id='word_1_289' title='bbox 1357 1961 1551 2002; x_wconf 69' lang='grc' dir='ltr'>μητροπολίτου</span> <span class='ocrx_word' id='word_1_290' title='bbox 1583 1961 1724 2000; x_wconf 75' lang='grc' dir='ltr'><strong>Εὖχαίτων</strong></span> <span class='ocrx_word' id='word_1_291' title='bbox 1753 1959 1912 1996; x_wconf 67' lang='grc' dir='ltr'><strong>ὖπόμνημι,</strong></span> 
     </span>
    </p>
   </div>
   <div class='ocr_carea' id='block_1_51' title="bbox 1092 2002 1913 2044">
    <p class='ocr_par' dir='ltr' id='par_1_51' title="bbox 1092 2002 1913 2044">
     <span class='ocr_line' id='line_1_51' title="bbox 1092 2002 1913 2044; baseline -0.01 -4"><span class='ocrx_word' id='word_1_292' title='bbox 1092 2022 1105 2036; x_wconf 67' lang='grc' dir='ltr'>ε</span> <span class='ocrx_word' id='word_1_293' title='bbox 1118 2009 1217 2040; x_wconf 87' lang='lat' dir='ltr'><strong>Sancti</strong></span> <span class='ocrx_word' id='word_1_294' title='bbox 1225 2008 1319 2039; x_wconf 83' lang='lat' dir='ltr'><strong>Patris</strong></span> <span class='ocrx_word' id='word_1_295' title='bbox 1331 2007 1408 2038; x_wconf 89' lang='lat' dir='ltr'><strong>notri</strong></span> <span class='ocrx_word' id='word_1_296' title='bbox 1427 2005 1551 2038; x_wconf 89' lang='lat' dir='ltr'><strong>Joannis</strong></span> <span class='ocrx_word' id='word_1_297' title='bbox 1571 2003 1765 2044; x_wconf 69' lang='lat' dir='ltr'><strong>melropolitaz</strong></span> <span class='ocrx_word' id='word_1_298' title='bbox 1781 2002 1913 2034; x_wconf 87' lang='lat' dir='ltr'><strong>Euchai-</strong></span> 
     </span>
    </p>
   </div>
   <div class='ocr_carea' id='block_1_52' title="bbox 1089 2047 1916 2090">
    <p class='ocr_par' dir='ltr' id='par_1_52' title="bbox 1089 2047 1916 2090">
     <span class='ocr_line' id='line_1_52' title="bbox 1089 2047 1916 2090; baseline -0.008 -6"><span class='ocrx_word' id='word_1_299' title='bbox 1089 2057 1195 2090; x_wconf 87' lang='lat' dir='ltr'><strong>tarum,</strong></span> <span class='ocrx_word' id='word_1_300' title='bbox 1213 2056 1451 2083; x_wconf 88' lang='lat' dir='ltr'><strong>monumentum.</strong></span> <span class='ocrx_word' id='word_1_301' title='bbox 1471 2063 1484 2078; x_wconf 74' lang='lat' dir='ltr'><strong>n</strong></span> <span class='ocrx_word' id='word_1_302' title='bbox 1511 2049 1585 2080; x_wconf 92' lang='lat' dir='ltr'><strong>Tum</strong></span> <span class='ocrx_word' id='word_1_303' title='bbox 1601 2048 1689 2079; x_wconf 84' lang='lat' dir='ltr'><strong>vitam</strong></span> <span class='ocrx_word' id='word_1_304' title='bbox 1706 2047 1842 2087; x_wconf 87' lang='lat' dir='ltr'><strong>ejusdem</strong></span> <span class='ocrx_word' id='word_1_305' title='bbox 1860 2057 1916 2087; x_wconf 91' lang='lat' dir='ltr'><strong>per</strong></span> 
     </span>
    </p>
   </div>
   <div class='ocr_carea' id='block_1_53' title="bbox 1089 2091 1913 2138">
    <p class='ocr_par' dir='ltr' id='par_1_53' title="bbox 1089 2091 1913 2138">
     <span class='ocr_line' id='line_1_53' title="bbox 1089 2091 1913 2138; baseline -0.008 -9"><span class='ocrx_word' id='word_1_306' title='bbox 1089 2097 1299 2138; x_wconf 91' lang='lat' dir='ltr'><strong>compendium</strong></span> <span class='ocrx_word' id='word_1_307' title='bbox 1326 2095 1474 2136; x_wconf 85' lang='lat' dir='ltr'><strong>proponit,</strong></span> <span class='ocrx_word' id='word_1_308' title='bbox 1502 2095 1644 2124; x_wconf 76' lang='lat' dir='ltr'><strong>hactenus</strong></span> <span class='ocrx_word' id='word_1_309' title='bbox 1666 2091 1777 2123; x_wconf 88' lang='lat' dir='ltr'><strong>Latinis</strong></span> <span class='ocrx_word' id='word_1_310' title='bbox 1792 2093 1866 2130; x_wconf 77' lang='lat' dir='ltr'><strong>(imo</strong></span> <span class='ocrx_word' id='word_1_311' title='bbox 1883 2095 1913 2122; x_wconf 84' lang='lat' dir='ltr'><strong>et</strong></span> 
     </span>
    </p>
   </div>
   <div class='ocr_carea' id='block_1_54' title="bbox 1088 2138 1713 2181">
    <p class='ocr_par' dir='ltr' id='par_1_54' title="bbox 1088 2138 1713 2181">
     <span class='ocr_line' id='line_1_54' title="bbox 1088 2138 1713 2181; baseline -0.01 -8"><span class='ocrx_word' id='word_1_312' title='bbox 1088 2143 1198 2174; x_wconf 70' lang='lat' dir='ltr'><strong>Graecis</strong></span> <span class='ocrx_word' id='word_1_313' title='bbox 1214 2142 1275 2172; x_wconf 82' lang='lat' dir='ltr'><strong>fere</strong></span> <span class='ocrx_word' id='word_1_314' title='bbox 1289 2141 1376 2181; x_wconf 89' lang='lat' dir='ltr'><strong>ipsis)</strong></span> <span class='ocrx_word' id='word_1_315' title='bbox 1389 2144 1419 2170; x_wconf 90' lang='lat' dir='ltr'><strong>ut</strong></span> <span class='ocrx_word' id='word_1_316' title='bbox 1434 2139 1560 2170; x_wconf 85' lang='lat' dir='ltr'><strong>vidimus</strong></span> <span class='ocrx_word' id='word_1_317' title='bbox 1575 2138 1713 2177; x_wconf 85' lang='lat' dir='ltr'><strong>ignotam.</strong></span> 
     </span>
    </p>
   </div>
   <div class='ocr_carea' id='block_1_55' title="bbox 1129 2177 1911 2225">
    <p class='ocr_par' dir='ltr' id='par_1_55' title="bbox 1129 2177 1911 2225">
     <span class='ocr_line' id='line_1_55' title="bbox 1129 2177 1911 2225; baseline -0.009 -10"><span class='ocrx_word' id='word_1_318' title='bbox 1129 2183 1156 2215; x_wconf 50' lang='grc' dir='ltr'><strong>(Ο</strong></span> <span class='ocrx_word' id='word_1_319' title='bbox 1185 2188 1252 2225; x_wconf 73' lang='grc' dir='ltr'>βίος.</span> <span class='ocrx_word' id='word_1_320' title='bbox 1285 2187 1364 2218; x_wconf 74' lang='grc' dir='ltr'><strong>Οὗτος</strong></span> <span class='ocrx_word' id='word_1_321' title='bbox 1389 2186 1421 2219; x_wconf 73' lang='grc' dir='ltr'><strong>ἦν</strong></span> <span class='ocrx_word' id='word_1_322' title='bbox 1451 2185 1492 2212; x_wconf 82' lang='grc' dir='ltr'><strong>ἐπὶ</strong></span> <span class='ocrx_word' id='word_1_323' title='bbox 1525 2187 1570 2211; x_wconf 76' lang='grc' dir='ltr'>τοῦ</span> <span class='ocrx_word' id='word_1_324' title='bbox 1604 2181 1734 2220; x_wconf 69' lang='grc' dir='ltr'><strong>βασιλέως</strong></span> <span class='ocrx_word' id='word_1_325' title='bbox 1771 2177 1911 2219; x_wconf 67' lang='grc' dir='ltr'><strong>Ῥωμαίων</strong></span> 
     </span>
    </p>
   </div>
   <div class='ocr_carea' id='block_1_56' title="bbox 1087 2227 1911 2268">
    <p class='ocr_par' dir='ltr' id='par_1_56' title="bbox 1087 2227 1911 2268">
     <span class='ocr_line' id='line_1_56' title="bbox 1087 2227 1911 2268; baseline -0.01 -7"><span class='ocrx_word' id='word_1_326' title='bbox 1087 2233 1281 2261; x_wconf 69' lang='grc' dir='ltr'><strong>Κωνστκντίνου</strong></span> <span class='ocrx_word' id='word_1_327' title='bbox 1311 2236 1357 2260; x_wconf 79' lang='grc' dir='ltr'><strong>τοῦ</strong></span> <span class='ocrx_word' id='word_1_328' title='bbox 1392 2229 1552 2268; x_wconf 71' lang='grc' dir='ltr'><strong>Μονομόχου</strong></span> <span class='ocrx_word' id='word_1_329' title='bbox 1582 2228 1624 2255; x_wconf 67' lang='grc' dir='ltr'><strong>καὶ</strong></span> <span class='ocrx_word' id='word_1_330' title='bbox 1653 2229 1728 2260; x_wconf 80' lang='grc' dir='ltr'><strong>Ζωῆς</strong></span> <span class='ocrx_word' id='word_1_331' title='bbox 1758 2227 1806 2259; x_wconf 80' lang='grc' dir='ltr'><strong>τῆς</strong></span> <span class='ocrx_word' id='word_1_332' title='bbox 1830 2227 1911 2264; x_wconf 70' lang='grc' dir='ltr'><strong>βασι-</strong></span> 
     </span>
    </p>
   </div>
   <div class='ocr_carea' id='block_1_57' title="bbox 1086 2268 1911 2309">
    <p class='ocr_par' dir='ltr' id='par_1_57' title="bbox 1086 2268 1911 2309">
     <span class='ocr_line' id='line_1_57' title="bbox 1086 2268 1911 2309; baseline -0.008 -5"><span class='ocrx_word' id='word_1_333' title='bbox 1086 2276 1191 2309; x_wconf 66' lang='grc' dir='ltr'><strong>λίσσης.</strong></span> <span class='ocrx_word' id='word_1_334' title='bbox 1222 2268 1285 2309; x_wconf 52' lang='lat' dir='ltr'><strong>&quot;Em</strong></span> <span class='ocrx_word' id='word_1_335' title='bbox 1321 2275 1348 2303; x_wconf 72' lang='grc' dir='ltr'>δὲ</span> <span class='ocrx_word' id='word_1_336' title='bbox 1376 2275 1408 2302; x_wconf 76' lang='grc' dir='ltr'>τὰ</span> <span class='ocrx_word' id='word_1_337' title='bbox 1434 2275 1486 2302; x_wconf 80' lang='grc' dir='ltr'><strong>ἀπὸ</strong></span> <span class='ocrx_word' id='word_1_338' title='bbox 1521 2274 1580 2301; x_wconf 78' lang='grc' dir='ltr'>τότε</span> <span class='ocrx_word' id='word_1_339' title='bbox 1617 2271 1740 2300; x_wconf 78' lang='grc' dir='ltr'>συντείνει</span> <span class='ocrx_word' id='word_1_340' title='bbox 1781 2270 1911 2306; x_wconf 68' lang='grc' dir='ltr'><strong>ἐξήκοντι</strong></span> 
     </span>
    </p>
   </div>
   <div class='ocr_carea' id='block_1_58' title="bbox 1085 2314 1910 2360">
    <p class='ocr_par' dir='ltr' id='par_1_58' title="bbox 1085 2314 1910 2360">
     <span class='ocr_line' id='line_1_58' title="bbox 1085 2314 1910 2360; baseline -0.01 -13"><span class='ocrx_word' id='word_1_341' title='bbox 1085 2321 1199 2360; x_wconf 68' lang='grc' dir='ltr'><strong>τέσσαρα</strong></span> <span class='ocrx_word' id='word_1_342' title='bbox 1224 2321 1288 2359; x_wconf 67' lang='grc' dir='ltr'>πρὸς</span> <span class='ocrx_word' id='word_1_343' title='bbox 1319 2326 1376 2351; x_wconf 76' lang='grc' dir='ltr'>τοῖς</span> <span class='ocrx_word' id='word_1_344' title='bbox 1413 2319 1608 2349; x_wconf 68' lang='grc' dir='ltr'><strong>πᾶντπκοσίοις,</strong></span> <span class='ocrx_word' id='word_1_345' title='bbox 1639 2315 1719 2355; x_wconf 72' lang='grc' dir='ltr'>Ἀνὴρ</span> <span class='ocrx_word' id='word_1_346' title='bbox 1754 2314 1779 2342; x_wconf 75' lang='grc' dir='ltr'><strong>δὲ</strong></span> <span class='ocrx_word' id='word_1_347' title='bbox 1817 2316 1910 2356; x_wconf 63' lang='grc' dir='ltr'>σοφώ-</span> 
     </span>
    </p>
   </div>
   <div class='ocr_carea' id='block_1_59' title="bbox 1085 2359 1910 2403">
    <p class='ocr_par' dir='ltr' id='par_1_59' title="bbox 1085 2359 1910 2403">
     <span class='ocr_line' id='line_1_59' title="bbox 1085 2359 1910 2403; baseline -0.007 -10"><span class='ocrx_word' id='word_1_348' title='bbox 1085 2376 1163 2396; x_wconf 65' lang='grc' dir='ltr'><strong>τατος</strong></span> <span class='ocrx_word' id='word_1_349' title='bbox 1190 2366 1233 2393; x_wconf 65' lang='grc' dir='ltr'>καὶ</span> <span class='ocrx_word' id='word_1_350' title='bbox 1267 2365 1415 2403; x_wconf 76' lang='grc' dir='ltr'><strong>ἀγιώτατος</strong></span> <span class='ocrx_word' id='word_1_351' title='bbox 1454 2363 1490 2391; x_wconf 71' lang='grc' dir='ltr'>ὢν</span> <span class='ocrx_word' id='word_1_352' title='bbox 1527 2361 1673 2401; x_wconf 47' lang='lat' dir='ltr'><strong>mus-{prbe</strong></span> <span class='ocrx_word' id='word_1_353' title='bbox 1714 2359 1819 2392; x_wconf 80' lang='grc' dir='ltr'>πλείους</span> <span class='ocrx_word' id='word_1_354' title='bbox 1857 2364 1910 2388; x_wconf 74' lang='grc' dir='ltr'><strong>τῶν</strong></span> 
     </span>
    </p>
   </div>
   <div class='ocr_carea' id='block_1_60' title="bbox 1085 2403 1910 2449">
    <p class='ocr_par' dir='ltr' id='par_1_60' title="bbox 1085 2403 1910 2449">
     <span class='ocr_line' id='line_1_60' title="bbox 1085 2403 1910 2449; baseline -0.007 -12"><span class='ocrx_word' id='word_1_355' title='bbox 1085 2409 1184 2449; x_wconf 68' lang='grc' dir='ltr'><strong>λόγων,</strong></span> <span class='ocrx_word' id='word_1_356' title='bbox 1207 2410 1250 2437; x_wconf 74' lang='grc' dir='ltr'>καὶ</span> <span class='ocrx_word' id='word_1_357' title='bbox 1266 2409 1406 2440; x_wconf 67' lang='grc' dir='ltr'><strong>ἐπιστολὰς</strong></span> <span class='ocrx_word' id='word_1_358' title='bbox 1421 2408 1465 2436; x_wconf 67' lang='grc' dir='ltr'>καὶ</span> <span class='ocrx_word' id='word_1_359' title='bbox 1478 2407 1585 2446; x_wconf 74' lang='grc' dir='ltr'><strong>στίχους</strong></span> <span class='ocrx_word' id='word_1_360' title='bbox 1599 2403 1747 2443; x_wconf 72' lang='grc' dir='ltr'><strong>ἱαμϐικοὺς,</strong></span> <span class='ocrx_word' id='word_1_361' title='bbox 1775 2405 1818 2432; x_wconf 64' lang='grc' dir='ltr'><strong>καὶ</strong></span> <span class='ocrx_word' id='word_1_362' title='bbox 1842 2404 1910 2432; x_wconf 70' lang='grc' dir='ltr'>ἅλλει</span> 
     </span>
    </p>
   </div>
   <div class='ocr_carea' id='block_1_61' title="bbox 1085 2449 1909 2493">
    <p class='ocr_par' dir='ltr' id='par_1_61' title="bbox 1085 2449 1909 2493">
     <span class='ocr_line' id='line_1_61' title="bbox 1122 2449 1886 2482; baseline -0.008 0"><span class='ocrx_word' id='word_1_363' title='bbox 1122 2454 1215 2482; x_wconf 67' lang='grc' dir='ltr'><strong>λγὶι</strong></span> <span class='ocrx_word' id='word_1_364' title='bbox 1251 2455 1343 2472; x_wconf 57' lang='grc' dir='ltr'><strong>--κ-</strong></span> <span class='ocrx_word' id='word_1_365' title='bbox 1586 2449 1699 2478; x_wconf 56' lang='grc' dir='ltr'><strong>κρλλ-</strong></span> <span class='ocrx_word' id='word_1_366' title='bbox 1737 2449 1771 2467; x_wconf 67' lang='grc'><strong>-“</strong></span> <span class='ocrx_word' id='word_1_367' title='bbox 1809 2449 1886 2477; x_wconf 73' lang='grc' dir='ltr'><strong>’θ’</strong></span> 
     </span>
     <span class='ocr_line' id='line_1_62' title="bbox 1085 2461 1909 2493; baseline -0.007 -11"><span class='ocrx_word' id='word_1_368' title='bbox 1085 2466 1120 2482; x_wconf 86' lang='grc' dir='ltr'>πο</span> <span class='ocrx_word' id='word_1_369' title='bbox 1148 2466 1171 2482; x_wconf 33' lang='grc' dir='ltr'><strong>να</strong></span> <span class='ocrx_word' id='word_1_370' title='bbox 1196 2466 1265 2493; x_wconf 61' lang='grc' dir='ltr'><strong>ιιιγο)</strong></span> <span class='ocrx_word' id='word_1_371' title='bbox 1282 2465 1323 2482; x_wconf 72' lang='grc' dir='ltr'><strong>Ααι</strong></span> <span class='ocrx_word' id='word_1_372' title='bbox 1341 2465 1401 2493; x_wconf 44' lang='grc' dir='ltr'><strong>χ-αβι</strong></span> <span class='ocrx_word' id='word_1_373' title='bbox 1409 2464 1448 2484; x_wconf 60' lang='lat' dir='ltr'><strong>LO‘</strong></span> <span class='ocrx_word' id='word_1_374' title='bbox 1466 2463 1534 2487; x_wconf 70' lang='grc' dir='ltr'><strong>αςια,</strong></span> <span class='ocrx_word' id='word_1_375' title='bbox 1551 2462 1594 2478; x_wconf 76' lang='grc' dir='ltr'><strong>χαι</strong></span> <span class='ocrx_word' id='word_1_376' title='bbox 1613 2462 1643 2478; x_wconf 67' lang='lat'><strong>1.0</strong></span> <span class='ocrx_word' id='word_1_377' title='bbox 1679 2461 1722 2480; x_wconf 85' lang='grc' dir='ltr'><strong>ους</strong></span> <span class='ocrx_word' id='word_1_378' title='bbox 1743 2462 1789 2477; x_wconf 61' lang='grc' dir='ltr'><strong>»ων</strong></span> <span class='ocrx_word' id='word_1_379' title='bbox 1804 2461 1836 2477; x_wconf 82' lang='grc' dir='ltr'><strong>αν</strong></span> <span class='ocrx_word' id='word_1_380' title='bbox 1854 2461 1909 2488; x_wconf 78' lang='grc' dir='ltr'><strong>ρω-</strong></span> 
     </span>
    </p>
   </div>
   <div class='ocr_carea' id='block_1_62' title="bbox 1085 2495 1910 2536">
    <p class='ocr_par' dir='ltr' id='par_1_62' title="bbox 1085 2495 1910 2536">
     <span class='ocr_line' id='line_1_63' title="bbox 1085 2495 1910 2536; baseline -0.008 -8"><span class='ocrx_word' id='word_1_381' title='bbox 1085 2511 1142 2528; x_wconf 71' lang='grc' dir='ltr'><strong>πων</strong></span> <span class='ocrx_word' id='word_1_382' title='bbox 1159 2499 1319 2532; x_wconf 67' lang='grc' dir='ltr'><strong>ἒξεπκίδευσε</strong></span> <span class='ocrx_word' id='word_1_383' title='bbox 1335 2499 1371 2528; x_wconf 79' lang='grc' dir='ltr'><strong>ὢν</strong></span> <span class='ocrx_word' id='word_1_384' title='bbox 1397 2496 1605 2536; x_wconf 72' lang='grc' dir='ltr'><strong>πεπληρωμένος</strong></span> <span class='ocrx_word' id='word_1_385' title='bbox 1628 2498 1675 2528; x_wconf 70' lang='grc' dir='ltr'><strong>τῆς</strong></span> <span class='ocrx_word' id='word_1_386' title='bbox 1705 2497 1750 2523; x_wconf 74' lang='grc' dir='ltr'><strong>τοῦ</strong></span> <span class='ocrx_word' id='word_1_387' title='bbox 1778 2495 1910 2534; x_wconf 67' lang='grc' dir='ltr'>παναγίου</span> 
     </span>
    </p>
   </div>
   <div class='ocr_carea' id='block_1_63' title="bbox 1087 2538 1911 2584">
    <p class='ocr_par' dir='ltr' id='par_1_63' title="bbox 1087 2538 1911 2584">
     <span class='ocr_line' id='line_1_64' title="bbox 1087 2538 1911 2584; baseline -0.005 -12"><span class='ocrx_word' id='word_1_388' title='bbox 1087 2545 1236 2582; x_wconf 74' lang='grc' dir='ltr'><strong>Πνεύματος</strong></span> <span class='ocrx_word' id='word_1_389' title='bbox 1252 2545 1373 2584; x_wconf 77' lang='grc' dir='ltr'><strong>χάριτος.</strong></span> <span class='ocrx_word' id='word_1_390' title='bbox 1408 2555 1420 2570; x_wconf 77' lang='grc' dir='ltr'>α</span> <span class='ocrx_word' id='word_1_391' title='bbox 1451 2541 1529 2573; x_wconf 86' lang='lat' dir='ltr'><strong>Vita.</strong></span> <span class='ocrx_word' id='word_1_392' title='bbox 1546 2540 1625 2572; x_wconf 79' lang='lat' dir='ltr'><strong>Vixit</strong></span> <span class='ocrx_word' id='word_1_393' title='bbox 1639 2540 1767 2571; x_wconf 89' lang='lat' dir='ltr'><strong>Joannes</strong></span> <span class='ocrx_word' id='word_1_394' title='bbox 1781 2538 1837 2569; x_wconf 87' lang='lat' dir='ltr'><strong>sub</strong></span> <span class='ocrx_word' id='word_1_395' title='bbox 1854 2540 1911 2569; x_wconf 90' lang='lat' dir='ltr'><strong>im-</strong></span> 
     </span>
    </p>
   </div>
   <div class='ocr_carea' id='block_1_64' title="bbox 1086 2583 1910 2629">
    <p class='ocr_par' dir='ltr' id='par_1_64' title="bbox 1086 2583 1910 2629">
     <span class='ocr_line' id='line_1_65' title="bbox 1086 2583 1910 2629; baseline -0.008 -9"><span class='ocrx_word' id='word_1_396' title='bbox 1086 2593 1221 2629; x_wconf 80' lang='lat' dir='ltr'><strong>peratore</strong></span> <span class='ocrx_word' id='word_1_397' title='bbox 1235 2583 1434 2619; x_wconf 82' lang='lat' dir='ltr'><strong>Romanorum</strong></span> <span class='ocrx_word' id='word_1_398' title='bbox 1449 2585 1640 2618; x_wconf 88' lang='lat' dir='ltr'><strong>Constantino</strong></span> <span class='ocrx_word' id='word_1_399' title='bbox 1664 2583 1862 2629; x_wconf 79' lang='lat' dir='ltr'><strong>Monomacho</strong></span> <span class='ocrx_word' id='word_1_400' title='bbox 1880 2588 1910 2614; x_wconf 89' lang='lat' dir='ltr'><strong>et</strong></span> 
     </span>
    </p>
   </div>
   <div class='ocr_carea' id='block_1_65' title="bbox 1084 2627 1912 2673">
    <p class='ocr_par' dir='ltr' id='par_1_65' title="bbox 1084 2627 1912 2673">
     <span class='ocr_line' id='line_1_66' title="bbox 1084 2627 1912 2673; baseline -0.01 -8"><span class='ocrx_word' id='word_1_401' title='bbox 1084 2627 1274 2673; x_wconf 85' lang='lat' dir='ltr'><strong>imperatrice</strong></span> <span class='ocrx_word' id='word_1_402' title='bbox 1292 2633 1361 2664; x_wconf 89' lang='lat' dir='ltr'><strong>Zoe.</strong></span> <span class='ocrx_word' id='word_1_403' title='bbox 1375 2631 1489 2663; x_wconf 85' lang='lat' dir='ltr'><strong>Exinde</strong></span> <span class='ocrx_word' id='word_1_404' title='bbox 1508 2634 1606 2661; x_wconf 87' lang='lat' dir='ltr'><strong>autem</strong></span> <span class='ocrx_word' id='word_1_405' title='bbox 1622 2628 1692 2659; x_wconf 84' lang='lat' dir='ltr'><strong>anni</strong></span> <span class='ocrx_word' id='word_1_406' title='bbox 1707 2627 1912 2659; x_wconf 77' lang='lat' dir='ltr'><strong>extenduntur</strong></span> 
     </span>
    </p>
   </div>
   <div class='ocr_carea' id='block_1_66' title="bbox 1085 2672 1908 2717">
    <p class='ocr_par' dir='ltr' id='par_1_66' title="bbox 1085 2672 1908 2717">
     <span class='ocr_line' id='line_1_67' title="bbox 1085 2672 1908 2717; baseline -0.009 -8"><span class='ocrx_word' id='word_1_407' title='bbox 1085 2672 1237 2717; x_wconf 78' lang='lat' dir='ltr'><strong>sexaginta</strong></span> <span class='ocrx_word' id='word_1_408' title='bbox 1251 2681 1377 2717; x_wconf 83' lang='lat' dir='ltr'><strong>quatuor</strong></span> <span class='ocrx_word' id='word_1_409' title='bbox 1405 2684 1494 2716; x_wconf 89' lang='lat' dir='ltr'><strong>supra</strong></span> <span class='ocrx_word' id='word_1_410' title='bbox 1523 2674 1699 2713; x_wconf 84' lang='lat' dir='ltr'><strong>quingentos</strong></span> <span class='ocrx_word' id='word_1_411' title='bbox 1714 2672 1761 2710; x_wconf 92' lang='lat' dir='ltr'><strong>(ad</strong></span> <span class='ocrx_word' id='word_1_412' title='bbox 1776 2676 1908 2712; x_wconf 86' lang='lat' dir='ltr'><strong>tempus,</strong></span> 
     </span>
    </p>
   </div>
   <div class='ocr_carea' id='block_1_67' title="bbox 1086 2717 1909 2763">
    <p class='ocr_par' dir='ltr' id='par_1_67' title="bbox 1086 2717 1909 2763">
     <span class='ocr_line' id='line_1_68' title="bbox 1086 2717 1909 2763; baseline -0.007 -9"><span class='ocrx_word' id='word_1_413' title='bbox 1086 2726 1169 2763; x_wconf 85' lang='lat' dir='ltr'><strong>puto.</strong></span> <span class='ocrx_word' id='word_1_414' title='bbox 1187 2732 1244 2763; x_wconf 90' lang='lat' dir='ltr'><strong>quo</strong></span> <span class='ocrx_word' id='word_1_415' title='bbox 1259 2722 1385 2762; x_wconf 88' lang='lat' dir='ltr'><strong>scriptor</strong></span> <span class='ocrx_word' id='word_1_416' title='bbox 1400 2721 1456 2751; x_wconf 90' lang='lat' dir='ltr'><strong>iste</strong></span> <span class='ocrx_word' id='word_1_417' title='bbox 1484 2719 1577 2757; x_wconf 77' lang='lat' dir='ltr'><strong>vixit).</strong></span> <span class='ocrx_word' id='word_1_418' title='bbox 1609 2717 1754 2763; x_wconf 82' lang='lat' dir='ltr'><strong>Quoniam</strong></span> <span class='ocrx_word' id='word_1_419' title='bbox 1770 2725 1843 2747; x_wconf 80' lang='lat' dir='ltr'><strong>vero</strong></span> <span class='ocrx_word' id='word_1_420' title='bbox 1859 2726 1909 2748; x_wconf 84' lang='lat' dir='ltr'><strong>sa-</strong></span> 
     </span>
    </p>
   </div>
   <div class='ocr_carea' id='block_1_68' title="bbox 1085 2761 1909 2807">
    <p class='ocr_par' dir='ltr' id='par_1_68' title="bbox 1085 2761 1909 2807">
     <span class='ocr_line' id='line_1_69' title="bbox 1085 2761 1909 2807; baseline -0.007 -9"><span class='ocrx_word' id='word_1_421' title='bbox 1085 2761 1238 2807; x_wconf 24' lang='lat' dir='ltr'><strong>pientia‘et</strong></span> <span class='ocrx_word' id='word_1_422' title='bbox 1248 2761 1402 2797; x_wconf 86' lang='lat' dir='ltr'><strong>sanctitate</strong></span> <span class='ocrx_word' id='word_1_423' title='bbox 1411 2765 1478 2795; x_wconf 59' lang='lat' dir='ltr'><strong>vitae</strong></span> <span class='ocrx_word' id='word_1_424' title='bbox 1489 2764 1520 2795; x_wconf 88' lang='lat' dir='ltr'><strong>in</strong></span> <span class='ocrx_word' id='word_1_425' title='bbox 1532 2763 1636 2804; x_wconf 89' lang='lat' dir='ltr'><strong>primis</strong></span> <span class='ocrx_word' id='word_1_426' title='bbox 1649 2761 1823 2807; x_wconf 84' lang='lat' dir='ltr'><strong>excelleret,</strong></span> <span class='ocrx_word' id='word_1_427' title='bbox 1836 2771 1909 2793; x_wconf 81' lang='lat' dir='ltr'><strong>con-</strong></span> 
     </span>
    </p>
   </div>
   <div class='ocr_carea' id='block_1_69' title="bbox 1086 2806 1910 2852">
    <p class='ocr_par' dir='ltr' id='par_1_69' title="bbox 1086 2806 1910 2852">
     <span class='ocr_line' id='line_1_70' title="bbox 1086 2806 1910 2852; baseline -0.005 -9"><span class='ocrx_word' id='word_1_428' title='bbox 1086 2806 1203 2852; x_wconf 75' lang='lat' dir='ltr'><strong>scripsit</strong></span> <span class='ocrx_word' id='word_1_429' title='bbox 1219 2812 1318 2852; x_wconf 87' lang='lat' dir='ltr'><strong>plures</strong></span> <span class='ocrx_word' id='word_1_430' title='bbox 1349 2810 1507 2847; x_wconf 86' lang='lat' dir='ltr'><strong>orationes,</strong></span> <span class='ocrx_word' id='word_1_431' title='bbox 1538 2812 1567 2839; x_wconf 90' lang='lat' dir='ltr'><strong>et</strong></span> <span class='ocrx_word' id='word_1_432' title='bbox 1595 2806 1747 2848; x_wconf 89' lang='lat' dir='ltr'><strong>epistolas,</strong></span> <span class='ocrx_word' id='word_1_433' title='bbox 1762 2810 1792 2837; x_wconf 88' lang='lat' dir='ltr'><strong>et</strong></span> <span class='ocrx_word' id='word_1_434' title='bbox 1807 2816 1910 2839; x_wconf 78' lang='lat' dir='ltr'><strong>versus</strong></span> 
     </span>
    </p>
   </div>
  </div>
