1975 3071
58 194 140 227 1041

816 193 989 226 NOTITIA.

1668 192 1748 227 1018

51 259 217 300 iambicos,
244 260 361 300 aliaque
391 261 494 296 multa,
525 260 612 299 digna
637 269 703 300 qua)
731 259 919 291 laudenturA
930 259 1300 300 demOpuscnlacontinet,
1314 262 1383 299 puta
1397 258 1534 290 Canoms
1550 259 1745 299 parueteticos

53 308 204 344 grataque
234 304 421 336 habeantur:
456 305 563 335 inultos
603 305 724 345 insuper
752 304 887 335 homines

55 349 111 388 pie
131 349 270 389 erudivit,
288 354 389 390 n'pote
405 350 536 390 repletus
552 349 644 388 gratia
659 349 786 390 Spiritus
803 358 887 380 sanc-

52 399 90 423 ti,
115 406 127 420 ι)

101 437 239 478 Scriptor
250 438 394 478 ρηωηὶδεί
405 439 518 469 codicis
529 443 646 469 notatur
659 438 749 469 fuisse
765 438 884 478 quidam

54 483 196 513 Andreas
208 483 362 513 Damarius
373 483 572 522 Epidauriota,
582 483 665 523 cujus
682 483 814 522 ejusdem
829 491 884 514 no-

56 536 131 556 men
149 527 214 557 aliis
229 537 345 566 quoque
361 527 514 558 codicibus
530 527 557 557 in
572 527 740 558 biblotheca
755 528 886 558 Caesarea

52 571 236 611 inscriptum
253 572 370 610 legitur,
385 581 418 602 ac
426 572 587 612 praesertim
595 571 756 602 centesimo
764 575 884 611 septua-

50 616 173 655 gesimo
204 616 337 646 secundo
367 616 445 646 inter
470 616 676 655 theologicos;
706 616 756 646 ubi
782 616 886 646 leviter

53 663 176 690 mutato
192 660 314 691 nomine
340 665 459 692 vocatur
488 660 541 691 sub
570 661 659 690 ﬁnem
676 660 744 690 libri
760 660 881 699 Ἀνδρέας

53 706 200 744 Tag/p.190:
216 707 230 733 ὁ
246 704 453 745 Ἐπιδαυριώττις
471 715 477 735 ε
502 709 569 735 aetas
584 714 700 745 quoque
729 705 793 743 ejus
821 704 881 735 ibi-

53 749 127 778 dem
138 748 297 786 indicatur,
307 749 547 790 perdescriptum
555 749 779 780 Christiannum
794 750 879 781 1560.

53 792 203 823 Eamdem
220 793 365 824 Darmarii
390 798 505 824 aetatem
522 795 677 824 conﬁrmat
691 793 834 833 Gangius,
851 793 880 823 in

55 837 176 868 Prmt‘at.
196 838 231 868 ad
249 847 333 868 suum
346 838 545 875 Paschalium,
559 847 624 868 cum
640 838 720 869 illius
735 839 882 878 ecgrapho

55 881 198 912 collatum
215 892 245 912 n.
261 882 309 919 33,
328 882 376 913 ubi
392 883 506 913 inducit
521 882 653 913 Isaacum
668 882 880 914 Casaubonum
895 901 913 926 Β

51 930 255 961 asserentem,
269 927 345 966 quod
359 927 396 958 ab
410 927 517 958 eodem
532 928 683 958 Darmario
698 939 709 954 a
723 926 883 958 EmitAt‘ri-

51 979 164 1001 canum
185 971 230 1002 De
246 971 351 1002 bellico
366 975 531 1011 apparatu,
550 967 883 1011 etFragmentumPetri

50 1015 251 1046 Alexandrini
269 1016 305 1046 de
320 1015 474 1046 Paschate.
507 1028 518 1043 η
549 1017 641 1047 Natus
668 1016 748 1046 enim
765 1016 883 1046 Isaacus

51 1060 106 1090 ille
124 1060 177 1090 fuit
192 1070 270 1091 anno
287 1061 374 1095 1559,
393 1062 493 1101 etiam
511 1065 573 1091 erat
586 1061 882 1100 ajuventuteGrmt-is

52 1104 354 1144 Latinisquelittcris
383 1105 554 1135 excolendis
582 1109 669 1145 atque
685 1106 880 1137 eruderandis

51 1148 207 1179 veteribus
225 1150 424 1180 monumentis
439 1149 581 1186 intentus,
597 1150 682 1180 facile
698 1150 791 1190 potuit
805 1151 879 1182 ado-

55 1195 176 1224 lescens
193 1193 256 1234 ipse
270 1194 420 1224 seniorem
446 1194 631 1225 Darmarium
660 1195 832 1225 convenisse
850 1195 878 1226 in

55 1238 166 1269 Gallia.
181 1237 218 1269 Ut
230 1242 327 1268 autem
344 1238 483 1278 praccitati
496 1238 607 1269 codicis
622 1239 748 1278 scriptor
764 1240 879 1270 exstite-

56 1282 96 1312 rit
116 1282 283 1313 Dannarius
299 1292 376 1313 anno
396 1283 481 1323 l560,
500 1287 569 1313 tunc
585 1284 659 1314 forte
682 1283 779 1314 adhuc
791 1284 880 1322 juve-

56 1329 115 1364 nis,
134 1329 173 1359 ita
187 1329 303 1358 videtur
317 1333 420 1359 auctor
445 1329 535 1360 fuisse
559 1329 691 1370 adjuncti
706 1330 879 1369 Compendii

55 1374 141 1407 Viue,
157 1377 185 1404 et
197 1373 315 1413 quidem
327 1373 442 1414 primus
453 1383 628 1404 :recensens
640 1374 718 1404 enim
730 1374 759 1404 in
770 1374 820 1405 illo
830 1384 880 1405 an-

56 1427 113 1448 nos
122 1418 170 1459 qui
182 1418 260 1448 inter
269 1419 494 1448 Constantinum
511 1419 738 1450 )Ionomachum
751 1425 779 1449 et
795 1428 876 1450 suam

54 1467 171 1494 aetatem
188 1463 432 1501 intercesserunt,
461 1462 550 1493 debet
577 1463 640 1503 ipse
669 1463 878 1503 compendium

56 1507 130 1538 illud
148 1512 196 1538 aut
214 1508 326 1548 primus
342 1507 496 1548 scripsisse
511 1512 561 1538 aut
584 1508 775 1539 contraxisse.
793 1507 877 1544 Quod

55 1557 154 1582 tamen
168 1561 324 1583 numerum
337 1561 483 1583 annorum
503 1552 661 1592 aliquando
670 1553 812 1592 majorem
822 1563 876 1592 po-

56 1602 107 1627 nat
122 1597 336 1632 intercessisse,
354 1606 440 1637 quam
457 1601 576 1637 recepta
588 1597 675 1627 modo
687 1597 879 1636 chronologia

55 1641 176 1681 patitur,
187 1641 292 1671 factum
305 1651 370 1671 esse
378 1646 472 1681 potest
481 1641 598 1671 defectu
605 1645 750 1672 accurata:
769 1641 880 1672 notitiae

55 1686 208 1726 temporis,
222 1696 278 1726 quo
291 1686 664 1726 Monomachusimperavit
685 1685 877 1717 Polestetiain

59 1730 124 1770 ipse
139 1730 284 1761 codicem.
300 1730 338 1760 de
352 1739 410 1770 quo
433 1730 481 1760 hic
497 1730 645 1769 praecipue
660 1729 787 1768 agimus,
803 1731 879 1760 scri-

57 1776 150 1813 psisse
165 1774 215 1804 diu
235 1778 299 1813 post
314 1774 411 1811 illutn,
427 1774 475 1804 cui
491 1783 600 1804 anntnn
623 1774 695 1804 1560
710 1774 871 1805 annotavit.

56 1819 140 1849 Certe
150 1818 259 1859 aliquid
269 1818 433 1854 anterrori,
455 1823 504 1849 aut
525 1818 709 1858 ignorantiae,
728 1823 777 1848 aut
788 1819 873 1846 ἐπιει-

55 1865 111 1891 κεία
125 1863 351 1894 concedendum
367 1867 411 1893 est
435 1863 459 1894 A
479 1867 571 1893 tnorte
587 1863 665 1893 enitn
689 1862 873 1893 Constantini

56 1909 240 1939 Menemachi
253 1910 288 1939 ad
301 1917 395 1948 usque
405 1918 515 1939 annum
531 1908 874 1940 iBGOdeﬂuxeruntanni

54 1953 193 1983 duntaxat
207 1954 277 1989 506,
295 1957 422 1993 ponente
434 1953 552 1984 interim
565 1952 682 1984 Andrea
694 1962 786 1984 annos
802 1954 870 1984 564.

56 1997 92 2028 Ut
103 2001 131 2028 ut
143 2002 185 2028 est
196 1998 233 2028 de.
247 2007 337 2028 sensu
348 1999 468 2037 scripto:
480 1998 504 2027 is
519 1997 660 2032 Andi'eze;
680 1997 709 2027 in
723 2007 758 2028 eo
770 1997 873 2028 saltem

57 2052 112 2072 non
126 2043 245 2078 erravit,
263 2042 339 2082 quod
355 2042 501 2073 Joannem
519 2041 734 2081 metropolitam
752 2041 875 2072 Euchai-

56 2091 146 2117 larum
165 2087 262 2127 (quem
278 2091 307 2117 et
321 2086 531 2126 Mauropodem
555 2085 697 2126 appellari
726 2087 804 2126 lego)
819 2086 874 2116 sub

59 2133 249 2162 Constantino
268 2132 462 2161 Menemachi)
483 2131 590 2160 vixisse
605 2135 727 2162 asserat.
746 2130 776 2160 Id
794 2130 871 2161 enim

57 2186 89 2205 ex
101 2175 217 2215 scriptis
231 2175 324 2215 ipsius
338 2175 425 2205 etiam
437 2175 558 2205 Joannis
569 2175 682 2204 eruitur
694 2183 701 2212 ;
714 2179 814 2213 utpote
823 2174 870 2214 qui

928 305 1327 345 quosCanticnconsolatoria
1336 305 1525 345 interpretari
1531 305 1600 336 licet
1614 316 1626 334 α
1636 305 1673 336 ad
1685 306 1742 338 Do-

928 350 1041 380 minum
1053 354 1081 380 et
1093 350 1186 381 Deum
1198 354 1331 381 nostrum
1343 350 1616 388 JesumChriStum;
1629 361 1642 378 ιι
1657 356 1745 381 sant-

927 404 984 434 que
996 395 1095 434 viginti
1108 398 1231 435 quatuor
1242 398 1416 431 numero,et
1433 394 1541 432 singuli
1560 403 1643 425 suam
1658 403 1746 426 acro—

926 439 1081 470 sticliidem
1097 439 1219 470 habent.
1248 439 1385 470 Continet
1411 437 1521 469 deinde
1545 438 1620 470 alios
1634 439 1748 470 similes

927 493 1054 514 canones
1070 483 1144 514 duos
1160 483 1195 514 ad
1212 483 1351 514 eumdem
1368 482 1527 514 Dominum
1542 487 1677 515 nostrum
1692 495 1701 523 ;
1716 487 1748 514 et

926 528 1045 558 tertium
1061 528 1096 558 ad
1122 527 1259 567 angelum
1285 527 1438 558 custodem
1456 538 1464 558 ε
1491 537 1618 568 quorum
1632 527 1748 568 priores

926 572 991 602 sine
1007 573 1157 612 posterior
1172 582 1238 603 cum
1254 572 1453 603 acrostichide
1460 577 1539 603 sunt.
1553 572 1747 614 Subsequitu-

927 621 975 647 tur
985 627 1053 648 mox
1066 629 1079 645 α
1093 617 1124 648 in
1140 617 1357 648 sanctissimam
1373 617 1530 648 Dominam
1550 622 1680 648 nostram
1692 617 1746 649 Dei

926 660 1106 692 Genitricem
1117 670 1247 693 canones
1258 662 1308 698 67,
1323 661 1391 692 etin
1403 660 1435 692 S.
1453 662 1596 692 Joannem
1610 663 1744 694 Praecur-

922 714 1025 736 sorem
1038 714 1168 738 canones
1195 706 1349 737 undecim.
1383 718 1396 734 ι›
1427 705 1562 746 Denique
1577 705 1671 737 codex
1686 706 1745 739 309

923 750 1128 790 complectitur
1138 751 1251 791 aliquot
1269 750 1306 781 ad
1312 750 1460 781 Christum
1467 760 1610 791 canones,
1617 760 1745 792 quorum

923 794 1019 834 primo
1041 795 1107 825 talis
1137 796 1297 835 praeligitur
1325 795 1512 833 acrosticbis,
1544 799 1649 835 Πρῶτόν
1673 796 1745 836 φέρω

925 839 1040 877 μέλιτμά
1054 851 1107 875 σοι,
1124 843 1189 868 Θεοῦ
1204 840 1283 880 Λόγε,
1300 840 1420 879 paulo:
1436 839 1571 873 Ἰωάννης.

965 885 1063 924 Atque
1074 884 1105 914 hi
1117 883 1234 915 codices
1247 887 1373 924 quatuor
1383 893 1463 914 nunc
1471 888 1539 915 sunt
1558 883 1745 916 bibliotheca!

929 928 1078 966 Caesareas,
1092 938 1127 959 eo
1139 928 1210 959 illati
1222 938 1238 958 a
1247 928 1362 960 duobus
1372 928 1469 959 studio
1481 932 1510 959 et
1523 928 1657 960 doctrina
1665 938 1745 970 pra;-

926 973 1071 1003 stantibus
1086 973 1167 1010 viris,
1180 973 1298 1003 natione
1313 972 1422 1012 Belgis,
1439 973 1568 1012 Augerio
1579 973 1744 1005 Busbeckio

925 1021 955 1048 et
965 1017 1138 1049 Sebastiano
1150 1018 1360 1058 Tengnagelio.
1374 1017 1410 1048 Et
1421 1018 1658 1050 ducentesimum
1673 1020 1743 1060 qui-

923 1061 992 1092 dem
1021 1062 1212 1093 undecimum
1241 1072 1308 1093 cum
1338 1062 1473 1102 pluribus
1501 1063 1567 1094 aliis
1595 1063 1745 1096 eointnlit

922 1106 1137 1146 Tengnageiius
1157 1118 1164 1144 ;
1194 1107 1328 1147 reliquos
1353 1116 1422 1137 vero
1437 1110 1499 1138 tres
1515 1114 1582 1139 cum
1598 1108 1665 1139 aliis
1678 1109 1744 1148 plus

922 1161 1010 1192 quam
1027 1151 1163 1182 ducentis
1177 1151 1277 1182 intulit
1291 1151 1487 1190 Busbeckius,
1517 1161 1534 1182 a
1563 1162 1596 1183 se
1612 1153 1744 1185 studiose

922 1196 1104 1236 conquisitos
1118 1201 1147 1226 et
1177 1200 1363 1235 comparatos
1384 1195 1414 1226 in
1439 1195 1565 1234 Graecia,
1593 1206 1663 1228 cum
1690 1207 1742 1238 pro

921 1241 1138 1280 Augustissimo
1168 1241 1283 1272 Caesare
1311 1240 1536 1273 FerdinandoI
1563 1241 1742 1281 legationem

921 1285 1018 1316 obiret
1041 1285 1309 1325 Constantinopoli.
1339 1284 1398 1316 Sed
1429 1294 1527 1325 operae
1553 1286 1681 1326 pretium
1696 1286 1742 1317 ΐοι-

922 1339 1000 1370 eero,
1019 1329 1044 1360 si
1071 1329 1117 1360 his
1146 1338 1312 1369 apposuero
1339 1338 1486 1360 canonum
1515 1328 1546 1360 in
1569 1329 1742 1371 Deiparam,

921 1374 958 1405 de
969 1374 1076 1414 quibus
1086 1374 1189 1405 codice
1199 1374 1269 1411 299,
1282 1373 1398 1404 titulum
1408 1378 1513 1412 totum,
1528 1376 1560 1405 ut
1569 1374 1612 1405 ibi
1623 1375 1741 1415 legitur,

920 1419 954 1449 ad
982 1419 1223 1458 cognoscendum
1251 1418 1422 1450 distinctius
1450 1422 1602 1449 auctorem
1632 1418 1741 1459 ipsum.

922 1464 1033 1495 Κανόνες
1083 1463 1275 1503 παρακλητικοὶ
1317 1465 1365 1497 τῆς
1406 1464 1546 1503 ὑπεραγίις
1597 1465 1742 1498 Δεσποίνης

919 1509 994 1545 ἡμῶν
1023 1508 1162 1538 Θεοτόκου.
1188 1509 1292 1546 Ποίημα
1322 1508 1442 1536 Ἰωάννου
1475 1512 1606 1548 μοναχοῦ,
1631 1509 1662 1537 τὸ
1683 1509 1739 1538 ἐπί-

919 1553 986 1586 κλην
1012 1553 1192 1593 Μαυρόποδος,
1216 1553 1263 1582 τοῦ
1283 1552 1309 1581 ἐν
1330 1552 1448 1592 ὑστέροις
1484 1553 1591 1592 χρόνοις
1626 1565 1739 1594 χρημα-

920 1597 1038 1630 τίσαντος
1067 1597 1211 1637 ἀρχιερέως
1236 1598 1388 1637 Εὖχαῖτων,
1427 1598 1456 1625 οὗ
1483 1598 1514 1625 τὸ
1548 1597 1630 1636 ὄνομα
1665 1598 1741 1626 ἐντέ-

920 1653 1013 1670 unum
1028 1646 1061 1680 τῇ
1083 1641 1250 1682 ἀχροστιχίδι
1266 1642 1381 1675 ἑκάστης
1399 1641 1508 1675 ἒννάτης
1529 1641 1611 1679 ᾠδῆς.
1640 1652 1652 1670 I
1680 1643 1739 1673 Ca—

921 1695 1014 1717 nones
1028 1686 1168 1726 paracleti
1190 1685 1384 1717 sanctissimae
1409 1686 1545 1717 Dominae
1566 1690 1674 1718 nostra;
1688 1685 1743 1718 Dei

921 1731 1090 1762 Genitricis.
1108 1730 1216 1761 Poema
1237 1730 1361 1762 Joannis
1377 1730 1526 1770 monachi,
1543 1731 1739 1770 cognomento

915 1775 1104 1815 Mauropodis
1115 1784 1168 1806 seu
1179 1775 1356 1814 Nigripedis,
1371 1774 1420 1814 qui
1431 1774 1543 1805 ultimis
1554 1775 1740 1816 temporibus

915 1820 1025 1850 exstitit
1040 1819 1281 1860 archiepiscopus
1289 1819 1501 1850 Euchaitarum
1516 1820 1620 1858 ;cujus
1635 1823 1665 1850 et
1679 1829 1736 1850 no-

916 1873 984 1894 men
1010 1864 1154 1894 insertum
1183 1866 1228 1893 est
1254 1861 1445 1894 acrostichidi
1474 1872 1560 1893 nonae
1589 1863 1735 1904 cujusque

915 1908 990 1939 edat.
1011 1921 1024 1936 ι

956 1952 1033 1983 Addi
1045 1951 1140 1982 citatis
1152 1951 1304 1982 Euchaitae
1313 1951 1431 1991 scriptis
1449 1956 1583 1992 possunt,
1603 1961 1668 1993 quas
1683 1961 1736 1983 no-

917 2001 955 2027 tat
971 1997 1095 2028 Allatius
1108 1997 1137 2027 in
1153 1996 1285 2027 Diatriba
1310 1996 1348 2027 de
1369 1996 1573 2033 Simeonibus,
1591 1995 1736 2037 producto

915 2043 1100 2082 singulorum
1131 2042 1275 2083 principio
1303 2041 1447 2082 tituloque
1462 2043 1589 2080 Graece;
1613 2048 1734 2083 nempe,

919 2100 929 2115 α
945 2087 1101 2119 Orationes
1113 2087 1142 2117 in
1158 2087 1264 2118 festum
1284 2090 1456 2118 sanctorum
1468 2086 1649 2125 Angelorum
1668 2097 1676 2124 ;
1706 2087 1737 2118 in

914 2136 1045 2162 sanctam
1058 2131 1273 2162 Dormitionem
1288 2130 1482 2162 sanctissima;
1491 2130 1709 2163 DeiGenitricis
1726 2141 1735 2168 ς

914 2176 943 2206 in
955 2175 1128 2206 memoriam
1139 2175 1232 2206 sancti
1243 2175 1500 2214 megalomartyris
1517 2175 1666 2206 Theodori
1679 2185 1686 2216 ;
1704 2176 1736 2206 in

58 2219 146 2249 tribus
153 2219 338 2259 poematibus
345 2219 417 2258 suis,
428 2219 567 2249 videlicet
577 2219 626 2255 74,
640 2220 675 2250 87
690 2219 763 2248 et88
775 2219 803 2248 in
820 2229 870 2249 (νο-
883 2220 904 2244 Ι)
915 2220 1087 2250 memoriam
1097 2219 1485 2260 sanctimartyrisTheodori
1494 2219 1613 2252 Tironis
1620 2220 1683 2250 sive
1699 2221 1735 2253 εἰς

57 2265 120 2294 dice
132 2266 278 2301 Caesareo,
288 2265 324 2293 de
338 2263 530 2294 Constantino
541 2268 677 2303 tanquam
690 2263 872 2295 viventclau-

56 2309 189 2339 dabiliter
197 2309 441 2348 agitaﬂirmatque
453 2309 518 2348 ejus
530 2308 688 2347 imaginem
699 2309 728 2338 in
741 2309 870 2339 Euchai-

58 2354 91 2384 tis
106 2354 250 2384 asservari

95 2397 240 2428 Hactenus
252 2399 287 2428 de
300 2397 361 2428 viro
373 2397 449 2438 ipso,
463 2397 683 2438 paruinl.atinis
694 2403 761 2429 noto
788 2398 872 2430 Nunc

58 2443 92 2473 de
107 2442 221 2482 scriptis
237 2443 313 2482 ejus,
331 2443 428 2472 minus
445 2442 531 2472 etiam
545 2452 553 2471 ῖ
565 2445 633 2479 olis,
645 2443 756 2482 juverit
773 2443 852 2474 brevi
863 2461 871 2466 -

59 2493 100 2518 ter
117 2492 250 2522 tractare,
269 2496 361 2526 eaque
372 2487 517 2526 imprimis
528 2487 671 2521 indicare,
687 2497 750 2527 qua:
763 2487 871 2518 biblio-

59 2533 138 2563 theca
150 2531 281 2563 Czesarea
293 2531 498 2561 subministrat
512 2542 582 2562 mss.
602 2531 699 2562 Exstat
714 2532 756 2562 ibi
769 2533 872 2563 codice

57 2578 110 2608 204
124 2577 201 2607 inter
219 2577 383 2616 theologos,
419 2588 430 2602 ‹ι
463 2576 584 2607 Joannis
599 2577 793 2616 Melropolilze
809 2579 870 2608 Eu-

57 2622 210 2652 cltaitarum
228 2621 321 2651 oratio
338 2621 367 2650 in
395 2625 455 2650 tres
481 2625 599 2651 sanctos
614 2621 714 2651 Patres
730 2621 869 2652 Basilium

58 2667 196 2705 Magnum,
205 2665 378 2703 Gregorium
389 2665 572 2704 Theologuin
582 2675 633 2695 seu
642 2665 868 2702 Nazianzenum,

58 2715 83 2740 et
96 2711 232 2741 Joannem
248 2711 508 2748 (“IDSOSIOIDUHL
529 2720 542 2739 )
559 2709 656 2741 Codex
673 2710 742 2749 2H,
758 2719 794 2740 ex
810 2719 868 2750 quo

57 2755 258 2795 (impendium
290 2756 361 2785 Vita;
387 2755 449 2794 jam
478 2754 729 2794 deprompsimus,
749 2754 868 2785 exhibet

56 2803 178 2838 poemata
193 2799 251 2828 duo
268 2808 356 2838 supra
384 2802 516 2834 centum,
542 2798 682 2838 pleraque
698 2799 866 2836 argumenti

55 2843 134 2880 sacri,
150 2852 234 2873 versu
250 2843 377 2873 iambico
393 2842 581 2873 concinnata.
599 2843 697 2874 Codex
710 2843 768 2873 299
781 2843 865 2882 ejus-

912 2267 956 2292 τὲιν
972 2265 1106 2302 ἁιιῡισμόν-
1131 2264 1161 2295 in
1182 2265 1358 2294 memoriam
1374 2263 1467 2294 sancti
1484 2265 1620 2304 martyris
1634 2263 1735 2295 Then-

913 2309 977 2339 dori
990 2310 1050 2340 sive
1060 2314 1105 2338 τοῦ
1117 2313 1216 2344 Ιιεζοῦ·
1243 2308 1273 2339 in
1296 2312 1356 2339 tres
1375 2312 1494 2339 sanctos
1512 2309 1659 2340 antistites
1676 2311 1734 2340 Ba-

913 2351 1024 2388 silium,
1041 2353 1291 2392 Chrysostomum,
1308 2357 1337 2383 et
1350 2352 1527 2392 Gregorium
1546 2364 1553 2382 :
1585 2363 1596 2381 tl
1614 2352 1689 2384 Item
1704 2353 1734 2384 in

914 2397 1036 2427 eosdem
1052 2398 1145 2428 oratio
1160 2397 1227 2435 alia,
1250 2407 1374 2438 quarum
1390 2398 1471 2438 prior
1487 2396 1591 2428 eadem
1608 2402 1652 2429 est
1668 2406 1735 2428 cum

913 2442 1000 2472 citata
1016 2451 1050 2473 ex
1078 2442 1256 2473 bibliotheca
1285 2441 1427 2478 Cmsarea,
1457 2441 1607 2482 posterior
1633 2441 1669 2472 ab
1686 2442 1738 2473 illa

913 2486 1040 2517 diversa.
1054 2487 1096 2517 Ad
1107 2487 1169 2517 haec
1188 2497 1198 2514 α
1214 2486 1370 2517 Orationes
1384 2487 1414 2516 in
1431 2486 1605 2516 memoriam
1621 2489 1733 2517 sancta:

914 2531 1049 2570 martyris
1060 2531 1194 2562 Eusebiae
1205 2531 1282 2571 apud
1308 2530 1485 2568 Euchaitas;
1511 2530 1542 2560 in
1558 2530 1735 2562 memoriam

913 2576 1011 2613 magni
1028 2575 1266 2616 Triumphatoris
1295 2579 1361 2616 post
1386 2575 1569 2606 celebratum
1585 2575 1740 2606 Paschalis

912 2620 1058 2661 triduum;
1072 2621 1102 2651 in
1114 2621 1193 2651 diem
1204 2620 1358 2652 memoriae
1378 2619 1476 2660 magni
1485 2619 1739 2660 Triumphatoris,

912 2664 1002 2705 inque
1020 2674 1114 2704 nuper
1129 2665 1239 2696 factum
1250 2664 1328 2705 apud
1345 2663 1490 2696 Barbaros
1514 2663 1702 2695 miraculum.
1721 2676 1736 2692 ι

912 2709 1046 2750 Denique
1061 2709 1140 2747 Vita,
1161 2719 1248 2750 quam
1267 2717 1316 2740 vos
1342 2708 1418 2740 intra
1431 2708 1622 2750 proferimus,
1643 2709 1738 2740 sancti

911 2755 1005 2786 Patris
1015 2755 1107 2786 nostri
1120 2754 1260 2786 Dorothei
1269 2754 1400 2785 iunioris
1411 2754 1474 2786 sive
1486 2758 1531 2783 τοῦ
1539 2755 1566 2783 ἒν
1578 2758 1616 2792 τῷ
1637 2755 1736 2783 xam-

908 2801 1002 2837 κώμω.
1020 2799 1055 2829 Et
1073 2800 1136 2830 haec
1164 2798 1287 2838 quidem
1317 2799 1430 2838 scripta
1457 2800 1536 2838 ejus,
1562 2799 1597 2830 ab
1627 2798 1734 2830 Atlatio

910 2845 1048 2886 indicata,
1061 2844 1104 2875 uti
1117 2844 1284 2885 superiora,
1295 2845 1325 2876 in
1337 2843 1492 2876 codicibus
1503 2844 1647 2876 Caesareis
1658 2850 1734 2875 con:
