1975 3071
206 164 282 198 1043

812 166 973 198 JOANNIS
994 165 1274 200 EUCHAITENSIS

1813 165 1895 198 1044

203 237 297 274 tenta,
309 237 468 264 annotasse
488 233 626 265 sut‘ﬁciat.
644 233 807 265 [ndicatum
823 238 920 265 tamen
937 232 1164 273 cupi-Aponto.
1195 232 1270 265 Hinc
1299 233 1442 275 colligere
1471 238 1527 272 est,
1570 234 1693 266 mullum
1736 233 1895 264 aberrasse

203 287 270 309 mus
285 279 396 310 amanti
415 283 587 311 sanctorum
611 279 712 320 gloriae
727 279 842 317 lectori,
860 278 1022 310 desiderari

203 322 289 354 nobis
297 332 480 364 magnopere
493 325 660 365 praecitatas
671 324 822 355 orationes
830 324 1024 365 metropolitw

203 367 240 399 de
256 366 285 399 S.
305 368 444 406 Eusebia,
462 373 492 400 et
506 368 543 399 de
559 373 685 410 utroque
700 369 869 400 Theodoro.

243 411 282 443 At
297 421 366 443 vero
381 412 465 444 lubet
478 413 637 445 Lambecio
649 413 898 453 grammaticalem
909 422 1025 454 quoque

204 456 398 496 quaestionem
405 457 556 495 movere,d
562 458 741 488 icendumne
749 457 787 488 sit
795 459 1024 492 Euchaitarum,

204 510 241 531 an
247 500 650 542 Euchaitarumicensetque
657 512 690 532 ex
697 501 1024 541 Graecaterminatione,

204 545 399 586 posteriorem
411 547 553 587 loquendi
566 547 686 578 modum
696 547 787 587 priori
797 546 1024 588 praeferendum,

205 589 262 621 Sed
280 599 335 630 ego
352 591 381 621 in
398 591 561 628 locutione,
579 591 655 632 apud
684 591 803 623 Latinos
815 592 878 632 jam
894 595 1025 630 recepta,

205 634 425 666 nilmutandum
437 635 523 674 duxi;
536 636 805 677 Euchaitarumque
816 636 923 676 potius,
940 645 1027 676 quam

205 677 415 711 Euchaitarum
427 680 600 721 episcopum
613 681 762 721 appellare
774 681 862 711 malui
871 682 1027 717 Joannem;

206 723 368 755 accedente
385 725 547 765 praesertim
565 725 600 756 ad
632 725 801 756 Latinorum
826 734 923 762 usum,
942 725 1027 755 etiam

205 767 376 799 Graecorum
386 769 572 807 auctoritate,
586 769 667 800 idem
678 779 787 800 nomen
800 779 853 810 per
859 769 1031 801 declinatio-

206 821 275 843 nem
297 821 379 844 suam
396 814 559 845 secundam
591 824 670 855 sape
699 814 840 854 (quamvis
854 814 962 855 saepius
978 823 1031 853 per

1066 277 1234 308 Ferrarium
1241 303 1248 315 ,
1256 278 1286 309 in
1293 279 1375 310 Nova
1384 278 1591 319 Topographia
1601 279 1637 310 ad
1650 277 1894 319 Martyrologium

1067 321 1244 359 Romanum,
1262 323 1380 363 quando
1401 323 1573 354 Heracleam
1603 323 1756 354 Ponticam
1772 322 1894 354 descri—

1067 364 1151 402 bens,
1170 366 1272 397 urbem
1289 367 1315 397 ei
1332 369 1493 407 proximam
1522 368 1589 399 facit
1614 368 1798 398 Euchailam.
1815 367 1894 398 Nam

1067 409 1210 442 Heraclea
1219 411 1249 441 in
1262 412 1414 452 provincia
1427 412 1607 449 Honoriade,
1619 417 1649 443 et
1659 412 1781 452 quidem
1794 421 1896 442 remo-

1068 453 1181 485 tissima
1190 455 1254 495 ejus
1267 460 1348 495 parte
1359 457 1426 494 sita,
1441 466 1498 487 non
1523 461 1634 488 tantum
1658 460 1718 487 toto
1731 455 1896 497 provinciae

1068 508 1138 535 suae,
1156 509 1242 539 quam
1256 500 1314 531 late
1330 505 1420 541 pa'et,
1447 501 1561 542 spatio;
1585 501 1637 532 sed
1655 501 1742 532 etiam
1760 500 1894 541 Paphla-

1069 544 1173 582 goniae,
1190 554 1256 585 quae
1271 545 1347 576 inter
1372 545 1572 577 Honoriadem
1597 550 1627 577 et
1651 545 1893 585 Helenopontum

1070 589 1234 628 interjacet,
1264 589 1487 621 disterminatur
1515 591 1552 621 ab
1574 590 1735 621 Euchaitis.
1766 589 1893 620 Verioru

1071 632 1181 663 habent
1195 634 1267 664 Acta
1286 635 1416 675 martyrii
1445 635 1476 666 S.
1504 635 1654 666 Theodori
1682 634 1801 666 Tironis
1817 643 1892 664 mss.

1072 677 1181 717 Latina,
1208 688 1332 718 quorum
1356 679 1539 719 exemplaria
1565 684 1693 720 quatuor
1721 688 1812 720 penes
1839 687 1897 708 nos

1071 726 1148 759 sunt,
1157 732 1192 753 ex
1200 723 1288 754 variis
1294 723 1484 755 bibliothecis
1491 724 1679 764 deprompta:
1693 733 1783 764 eaque
1791 724 1898 753 omnia

1072 766 1251 798 unanimiter
1279 767 1371 806 aiunt,
1399 773 1562 800 matronam
1586 768 1716 799 nobilem
1734 767 1894 799 Eusebiam

1072 811 1257 842 transtulisse
1267 821 1375 852 corpus
1386 813 1479 843 sancti
1499 812 1634 853 martyris
1652 824 1662 839 α
1685 812 1714 842 in
1732 812 1899 852 possessio-

208 856 338 903 tertiam)
356 858 582 903 inflectentium.
601 859 682 898 Lege
697 859 776 890 enim
789 859 818 889 in
834 859 956 891 Menaeis
971 859 1029 889 im-
1043 878 1062 903 Β
1073 864 1140 903 nem
1153 864 1248 903 suam,
1264 866 1329 897 quae
1345 857 1461 888 distata
1480 857 1732 903 civitateAmasia
1745 857 1791 903 via
1806 856 1899 903 unius

207 901 329 941 pressis,
342 902 378 932 ad
389 902 468 934 diem
482 903 500 935 8
522 903 690 941 Februarii,
711 903 737 931 ἐν
753 911 812 937 ταῖς
828 904 873 943 sax
881 911 979 939 αιῖτκις,
1004 908 1032 934 et
1045 899 1061 903 ⁷
1076 899 1187 938 diei,in
1199 900 1296 932 locum
1309 903 1487 941 quivocatur
1497 901 1670 933 Euchaita.)
1687 900 1899 932 JacetAmasia

207 945 365 978 ad8Junii
387 947 415 975 ἐν
436 949 568 988 Εὗχαὶτα.
587 949 659 979 Item
676 949 706 979 in
721 947 886 988 Menologio
904 957 959 979 ms.
978 950 1034 978 Ba-
1077 944 1243 976 inextrema
1265 946 1400 978 orientali
1417 951 1498 986 parte
1513 946 1711 987 Helonoponti
1721 946 1758 977 ad
1771 945 1897 976 fluvium

206 988 266 1020 silii
281 989 482 1031 imperatoris,
499 998 640 1024 narrante
655 992 691 1024 ad
720 992 800 1023 diem
822 993 840 1023 8
854 992 934 1024 Junii
951 993 988 1023 de
1004 991 1034 1023 S.

207 1033 378 1076 Theodoro,
389 1037 466 1077 quod
477 1037 611 1077 reliquiae
623 1037 686 1077 ejus
700 1037 841 1077 depositae
850 1040 918 1067 sunt
932 1037 958 1065 ἐν
975 1040 1028 1067 Εὐ-

207 1079 277 1118 χα”ίᾳ
291 1079 403 1114 πλησίον
419 1082 572 1122 Εὒχαϊτὼν.
588 1081 672 1113 Adde
700 1081 854 1119 Zonaram,
872 1082 902 1112 in
918 1082 1029 1113 Joanne

207 1122 333 1154 Zimisce
347 1124 540 1163 scribentem,
556 1127 623 1155 κατὰ
650 1127 699 1160 τὴν
724 1127 856 1166 Ely/aviam
882 1127 899 1160 ἢ
925 1127 1027 1166 Εὖχαῗ-

207 1177 267 1199 ταν.
280 1167 433 1200 Cedrenus
444 1180 561 1211 quoque
571 1171 601 1201 in
618 1171 723 1201 eodem
739 1169 874 1208 Zimisce,
889 1171 1025 1201 eumdem

209 1211 307 1243 locum
320 1214 466 1254 Εὖχανείαν
481 1215 621 1256 appellat.
631 1215 739 1252 Quidni
756 1215 845 1255 igitur
857 1215 961 1246 eadem
978 1225 1031 1246 vox

208 1258 331 1296 Εὖχα“ίτα
350 1258 405 1289 sub
429 1268 487 1290 una
512 1259 721 1290 terminatione
751 1259 908 1299 singularis
921 1259 1033 1299 pariter

208 1307 245 1330 ac
260 1300 382 1340 pluralis
398 1303 437 1334 sit
454 1304 581 1341 numeri,
607 1308 637 1335 et
663 1313 717 1344 per
733 1304 856 1344 primam
874 1304 984 1344 pariter
998 1313 1032 1335 ac

209 1345 370 1376 secundam
407 1346 577 1378 Latinorum
608 1347 837 1379 declinationem
870 1348 1032 1389 ﬂectatur;

209 1389 459 1427 quemadmodum
475 1391 566 1422 scitur
582 1392 646 1422 ﬁeri
671 1392 699 1422 in
730 1392 848 1422 urbium
864 1392 1034 1422 nominibus

207 1432 335 1476 Solyma
351 1434 489 1474 Gangra,
520 1436 658 1476 aliisque.
688 1435 763 1472 Quid
793 1436 881 1466 etiam
897 1435 1033 1476 prohibet

209 1475 310 1508 dicere
326 1487 427 1510 vocem
444 1475 734 1511 Euchaila’numero
750 1475 906 1519 singulari,
923 1479 1034 1519 gentile

1078 987 1147 1019 Irim
1162 1000 1169 1030 ;
1187 990 1257 1021 hinc
1271 991 1362 1030 igitur
1375 992 1411 1022 ad
1428 992 1514 1022 aliam
1527 991 1660 1032 quamvis
1676 991 1789 1031 plagam
1804 990 1900 1030 hujus

1079 1032 1172 1073 ipsius
1195 1035 1352 1074 provinciae
1366 1036 1391 1066 si
1419 1035 1526 1066 itinere
1555 1035 1640 1066 unius
1655 1035 1715 1065 diei
1729 1034 1900 1066 subsistere

1069 1078 1185 1114 vesperi
1200 1079 1325 1118 cogeris,
1344 1079 1523 1120 perrexeris,
1539 1079 1618 1110 inter
1633 1079 1804 1119 praedictum
1823 1077 1895 1109 lrim

1070 1125 1100 1152 et
1115 1121 1210 1152 Halim
1228 1124 1348 1160 ﬂuvios;
1361 1128 1448 1164 atque
1461 1124 1535 1155 adeo
1545 1123 1624 1154 inter
1632 1123 1753 1154 eosdem
1764 1123 1896 1154 Euchai-

1070 1167 1128 1196 tam
1145 1177 1270 1208 quaeque
1285 1168 1414 1199 colloces
1430 1168 1542 1200 licebit.

1114 1211 1276 1243 Clariorem
1303 1213 1384 1244 hisce
1422 1214 1542 1244 aﬂ‘etret
1584 1213 1671 1244 etiam
1702 1213 1798 1244 lucem
1830 1212 1898 1243 Vita

1074 1255 1175 1288 Graeca
1191 1266 1235 1287 ms
1265 1257 1297 1288 S.
1315 1258 1461 1294 Barbarae,
1494 1268 1581 1298 quam
1607 1268 1702 1298 nuper
1731 1258 1866 1288 eruimus
1882 1267 1899 1287 c

1075 1300 1254 1332 bibliotheca
1266 1302 1408 1340 Caesarea,
1429 1303 1453 1333 si
1471 1303 1591 1334 termini
1603 1302 1749 1334 distantia:
1765 1302 1901 1333 notiores

1075 1345 1181 1377 forent.
1198 1346 1292 1378 Habet
1307 1346 1373 1378 Vita
1386 1347 1436 1378 illa
1450 1347 1480 1377 in
1497 1347 1642 1387 principio
1661 1358 1667 1376 :
1710 1351 1746 1375 Ην

1075 1391 1151 1430 χώρᾳ
1164 1391 1366 1429 τῇάιιατολικῇ,
1391 1395 1425 1430 τῇ
1446 1391 1594 1430 κιὶειυμένῃ
1623 1388 1801 1431 Ἡλιουπόλει,
1832 1392 1900 1430 (Nil:

1074 1439 1206 1464 κςιτοικῶν
1242 1436 1268 1464 ἐν
1297 1437 1389 1476 χωρίῳ
1410 1436 1590 1476 ἐπιλεγομένῳ
1612 1436 1750 1470 Palmam;
1779 1439 1816 1468 ὡς
1846 1438 1901 1464 ἀπῇ

1075 1480 1170 1516 μιλίων
1185 1479 1300 1508 δεκαδύο)
1317 1482 1457 1520 Εὖχπίτων
1489 1493 1502 1508 α
1521 1480 1589 1511 Erat
1610 1481 1639 1511 in
1655 1481 1778 1521 regione
1790 1480 1897 1511 orien—

1774 1347 1828 1357 νς
1888 1351 1894 1353 »

1771 1358 1798 1375 οε
1820 1358 1848 1374 εν
1863 1358 1878 1374 τ
1886 1360 1899 1384 ς,

207 1522 394 1566 essepopuli,
407 1523 908 1564 civitatemEuchaitamincolentis,
922 1534 1028 1565 quem-
1039 1541 1058 1565 ο
1074 1522 1136 1561 tali,
1154 1533 1219 1563 qua:
1233 1524 1397 1564 appellatur
1412 1524 1585 1565 Heliopolis,
1614 1525 1658 1556 vir
1673 1525 1793 1566 quidam
1811 1524 1897 1555 habi-

207 1564 367 1597 admodum
380 1576 397 1597 a
407 1568 585 1607 civitatibus,
600 1579 658 1600 non
669 1569 828 1600 admodum
841 1569 877 1600 ab
889 1564 1028 1600 Euihaita
1044 1564 1053 1565 ί
1071 1571 1135 1598 tans
1148 1569 1176 1599 in
1189 1569 1254 1599 loco
1265 1570 1473 1608 cognominata
1487 1564 1631 1608 Gelaseis,
1642 1582 1649 1600 t
1659 1564 1763 1601 irriter
1774 1579 1815 1602 xu
1826 1570 1897 1600 mil-

209 1611 344 1650 remotis,
354 1611 540 1644 deducuntur
548 1614 668 1654 gentilia
684 1614 756 1650 haec,
767 1614 913 1654 Cypasita,
927 1614 1026 1650 Zelita,

1070 1612 1163 1643 liariis
1175 1613 1281 1644 dissito
1291 1613 1327 1644 ab
1341 1613 1502 1646 Euchaitis.
1515 1627 1527 1642 ι
1545 1614 1639 1645 Habet
1654 1615 1759 1646 iterum
1777 1615 1807 1646 in
1825 1616 1896 1650 tinc,

208 1654 366 1695 Berita;ut
377 1657 451 1688 nihil
463 1657 500 1689 de
510 1658 837 1695 remotioribusdicam,
847 1659 1028 1699 Ascalonita,
1072 1656 1124 1687 ubi
1138 1657 1175 1687 de
1188 1659 1340 1697 sepultura
1356 1657 1408 1691 SS.
1426 1658 1562 1690 Barbarae
1574 1665 1603 1690 et
1613 1659 1748 1697 Julianae,
1770 1669 1896 1700 quarum

208 1700 546 1743 Bethleemita,aliisque
553 1703 804 1744 sexcentiszhujus
816 1707 897 1734 certe
908 1707 1030 1734 senten-
1074 1711 1157 1732 sacra
1172 1711 1296 1742 corpora
1311 1701 1484 1733 Valentinus
1503 1716 1515 1731 α
1547 1704 1671 1735 sollicite
1687 1705 1831 1736 mandans
1846 1714 1896 1735 se-

207 1744 428 1778 tizet'uitinmss.
438 1748 547 1778 nostris
563 1758 726 1786 nonnemo,
748 1748 798 1789 qui
816 1747 919 1779 scribit
933 1748 959 1776 ἐν
975 1755 1032 1780 τοῖς
1075 1746 1210 1785 pullum,
1229 1756 1253 1786 p-
1267 1746 1326 1776 suit
1354 1747 1383 1778 in
1409 1747 1484 1784 loco,
1509 1749 1558 1788 qui
1587 1753 1705 1779 VOCuiUI‘
1719 1748 1897 1789 Heliopolis,

207 1791 366 1829 Εὑχαίταις,
383 1790 441 1822 Sed
457 1791 519 1823 haec
535 1793 736 1832 grammaticis
748 1793 954 1833 relinquenda.
972 1792 1033 1824 Nos
1076 1799 1166 1830 prope
1177 1790 1304 1822 insulam
1317 1792 1345 1822 in
1358 1791 1490 1823 Gelaseis
1501 1801 1585 1832 pago,
1603 1793 1631 1823 in
1647 1793 1798 1824 domicilio
1810 1802 1897 1823 vene-

205 1833 300 1874 ipsam
318 1835 422 1866 urbem
449 1835 620 1868 Euchaitam
650 1838 774 1878 ejusque
798 1837 887 1868 situm
906 1837 1030 1876 indage-
1075 1835 1179 1872 rando,
1196 1843 1236 1865 xu
1253 1835 1316 1866 fere
1338 1835 1514 1868 milliaribus
1530 1837 1565 1867 ab
1581 1837 1744 1869 Euchaitis.
1763 1849 1776 1865 ι
1795 1838 1899 1869 Graeca

207 1887 283 1909 mus.
1075 1883 1166 1910 sunt:
1204 1879 1388 1920 Οὺιλεντῖνος,
1425 1881 1558 1919 ἐπιμελῶς
1593 1881 1721 1915 κηδεύσας
1760 1883 1794 1910 τὰ
1823 1883 1898 1919 τίμιι

246 1923 561 1965 AntiquumEuchaitis
571 1926 661 1958 fuisse
667 1927 867 1967 episcopatum
875 1926 1024 1966 aliquandi

1115 1926 1185 1961 ψανκ
1202 1925 1297 1964 αὒτῶν,
1313 1925 1423 1954 ἀπέθετο
1447 1927 1474 1954 ἐν
1502 1927 1576 1963 τόπῳ
1601 1926 1756 1964 χαλωμένῷ
1787 1923 1897 1955 Ἡλιω-

207 1967 443 2001 credidiLabbeo
450 1975 550 2001 nostro
558 1970 1020 2007 tom.lIConciliorumcol.ij5,ub

1114 1968 1162 2008 ὶιει1
1193 1968 1305 2002 πλησίον
1335 1970 1381 2003 τῆς
1410 1972 1491 2005 νήσου
1523 1971 1549 1998 ἐν
1577 1971 1710 2003 relati-for;
1732 1975 1770 2008 τῷ
1792 1973 1899 2011 [tog-7'9,

207 2012 285 2043 inter
295 2013 369 2044 alios
387 2014 542 2056 episcopos
559 2015 589 2046 in
605 2015 775 2057 {Egyptiaca
790 2014 916 2056 quadam
933 2015 1024 2046 chart:

1118 2013 1242 2050 οἰκήματι
1270 2016 1367 2054 σεμνῷ,
1392 2016 1428 2046 ὡς
1451 2015 1502 2042 ἀπὺ
1532 2015 1625 2053 μιλίων
1646 2015 1761 2044 δεκαδύο)
1792 2017 1900 2056 Εὔχπὶ-

208 2057 372 2098 descriptos
385 2059 471 2099 (quos
480 2060 544 2100 ipse
557 2065 639 2101 putat
659 2056 785 2092 concilio
804 2059 922 2090 Niczcno
939 2059 1032 2090 inter-
1074 2068 1137 2088 των.
1155 2056 1304 2101 Habemus
1319 2058 1366 2088 hic
1382 2058 1565 2097 Euchaitam,
1583 2058 1725 2090 habemus
1740 2060 1898 2093 Gelasets.

208 2101 313 2140 fuisse)
326 2103 497 2136 nominatur
517 2100 604 2136 etiam
624 2105 788 2145 Ἐπιφάνιος,
801 2104 904 2137 ἀνάξιος
921 2104 1024 2132 ἐπίσκο-

1114 2101 1218 2132 bemus
1233 2100 1411 2142 Heliopolim
1431 2114 1437 2132 :
1454 2103 1505 2134 sed
1523 2103 1654 2134 incertus
1669 2105 1802 2134 omnium
1819 2105 1896 2135 situs

207 2157 257 2178 πος
268 2149 317 2180 τῆς
333 2148 475 2187 Εὖχαίτων
497 2149 614 2190 ’πόλεως⁷
635 2153 683 2183 τῆς
707 2149 870 2178 Ἐλελιώτων
887 2149 1024 2188 ἐπαρχίας,

1118 2145 1270 2190 nulliusex
1282 2146 1407 2177 aliorum
1417 2148 1611 2178 determinari
1623 2149 1725 2188 possit.
1734 2149 1896 2180 Notissima

208 2191 296 2243 opterit;
307 2191 445 2243 Ξπέιίρπξιια
473 2204 484 2221 α
508 2193 702 2234 Epiphanius,
725 2194 864 2233 indiguus
875 2189 1194 2243 episcopuquuidem
1210 2189 1371 2243 Heliopolis
1400 2195 1428 2221 et
1458 2192 1601 2243 maxime
1616 2193 1709 2233 varia,
1732 2194 1783 2243 sed
1801 2195 1896 2226 nulla.

209 2234 290 2266 urbis
306 2235 528 2278 Euchaitarum,
542 2238 700 2278 provincia;
714 2237 917 2269 Eleliotorum.
938 2250 950 2264 ιι
967 2236 1028 2268 Ve-
1044 2234 1139 2274 "quae
1149 2234 1283 2264 videatur
1297 2235 1353 2266 huc
1365 2245 1451 2275 posse
1461 2237 1570 2270 facere.
1594 2237 1738 2267 hactenus
1754 2238 1896 2269 innotuit.

208 2287 273 2309 rum
290 2288 357 2310 cum
373 2280 494 2311 eosdem
510 2291 613 2312 omnes
643 2282 798 2322 episcopos
820 2281 925 2312 eodem
943 2281 1030 2311 modo
1073 2278 1144 2314 QuiB
1156 2279 1287 2318 proxima
1311 2280 1401 2320 possit
1417 2291 1492 2318 esse,
1511 2281 1669 2312 collocatur
1682 2281 1718 2312 ab
1731 2281 1846 2313 Ortelio
1864 2293 1895 2313 ex

209 2322 550 2364 subscriptosinveuiam
565 2330 635 2357 tom.
646 2326 685 2357 VI
697 2326 811 2358 Conril.
825 2325 881 2356 col.
900 2325 985 2362 1009,
1003 2330 1033 2356 et
1076 2323 1226 2353 Michaelis
1242 2323 1328 2364 Glyca
1344 2325 1466 2365 Phrygia
1481 2335 1488 2363 ;
1519 2326 1571 2356 sed
1587 2325 1649 2357 haec
1665 2326 1734 2357 {sive
1749 2327 1897 2358 minorem

207 2366 315 2399 iterum
332 2368 387 2399 col.
418 2369 508 2408 1061,
534 2379 625 2409 cogor
651 2370 775 2402 credere
804 2370 934 2401 chartam
952 2369 1030 2400 illam
1075 2367 1136 2397 sive
1150 2367 1290 2407 majorem
1317 2369 1472 2410 intelligas)
1491 2375 1631 2411 quantum
1648 2370 1737 2401 distat
1751 2371 1788 2402 ab
1806 2371 1896 2402 Helv-

208 2412 384 2453 IEgyptiam,
402 2417 553 2455 utcunque
567 2415 688 2456 antiqua
717 2416 777 2446 visa
804 2414 853 2454 sit,
878 2414 913 2444 ad
929 2414 1032 2444 conci-
1077 2416 1208 2452 noponto
1225 2417 1255 2443 et
1270 2413 1387 2444 Amasia
1404 2418 1409 2445 !

209 2456 282 2502 lium
297 2458 355 2489 CP.
373 2458 412 2488 M.
431 2468 480 2490 an.
512 2460 570 2491 680
601 2460 768 2492 inchoatum
785 2458 946 2500 pertinere.
965 2458 1036 2494 Qua:
1077 2500 1082 2502 Α
1115 2456 1225 2502 Tenuit
1240 2466 1327 2502 porro
1344 2459 1484 2490 Euchaita
1512 2469 1620 2491 nomen
1650 2470 1735 2491 suum
1752 2460 1788 2491 ad
1807 2471 1899 2502 usque

209 2501 298 2532 fuerit
313 2501 507 2533 Eleliotorum
523 2503 686 2543 provincia,
714 2505 857 2535 hactenus
873 2512 932 2532 non
950 2511 1033 2532 com-
1076 2500 1233 2541 imperium
1249 2501 1370 2533 Joannis
1382 2503 1526 2541 Zimiscaz,
1540 2505 1590 2544 qui
1614 2515 1691 2535 anno
1707 2505 1766 2537 969
1782 2500 1900 2536 creatus

209 2545 664 2588 perio.Quandocunqueautem
678 2548 795 2579 initium
804 2546 1035 2578 suuxnhabuerit
1076 2549 1121 2576 est
1135 2545 1305 2585 imperator.
1326 2548 1506 2588 Prmcipuum
1529 2549 1647 2590 imperii
1664 2550 1727 2589 ejus
1742 2549 1836 2580 decus
1848 2551 1900 2580 fuit

209 2589 419 2622 Euchaitarum
433 2591 631 2633 episcopatus,
652 2593 745 2632 magis
756 2602 790 2624 ex
804 2597 937 2632 tempore
950 2591 1034 2621 istius
1076 2590 1208 2628 victoria,
1224 2599 1311 2630 quam
1322 2593 1479 2632 reportavit
1489 2603 1505 2624 a
1515 2593 1614 2625 Russis
1626 2595 1674 2625 die
1694 2597 1725 2625 Β.
1742 2595 1900 2626 Theodoro

210 2635 329 2667 concilii
344 2635 492 2674 inclaruit,
511 2636 605 2668 factus
630 2639 716 2669 etiam
743 2635 1007 2676 archiepiscopalis
1025 2646 1031 2665 :
1075 2634 1144 2665 duci
1156 2639 1606 2677 sacro,eode.nsanctofavente,
1616 2643 1644 2669 et
1665 2652 1677 2666 α
1694 2640 1780 2670 visoa
1801 2640 1901 2670 multis

211 2689 278 2711 nam
293 2680 370 2721 apud
386 2681 523 2712 Carolum
540 2691 557 2712 a
571 2681 601 2714 S.
630 2683 720 2714 Paulo
750 2683 779 2713 in
795 2681 911 2712 duabus
927 2680 1035 2710 tabulis
1076 2679 1105 2709 in
1117 2688 1191 2719 equo
1203 2678 1350 2710 Romanos
1360 2681 1532 2718 defendere,
1560 2688 1588 2713 et
1613 2683 1810 2714 Barbarorum
1829 2685 1897 2724 plm-

211 2724 380 2756 notitiai-um
416 2725 604 2766 antiquarum
638 2730 849 2758 annumeratur
878 2725 1033 2764 Λῦτοκεφά-
1078 2724 1177 2763 langes
1193 2725 1383 2760 conturbare,
1403 2737 1416 2756 ›
1450 2731 1524 2758 teste
1554 2727 1675 2759 Zur-ara.
1697 2728 1899 2764 Quamobrem

211 2769 278 2806 λοις,
296 2778 361 2810 quae
375 2769 506 2809 suijuris
521 2775 599 2809 sunt,
613 2780 647 2802 ac
658 2772 732 2802 nulli
746 2769 943 2810 metropolitae
964 2768 1036 2799 sub-
1078 2768 1250 2808 imperator,
1269 2773 1300 2799 ut
1315 2770 1434 2810 martyri
1465 2780 1516 2812 pro
1548 2777 1652 2802 novata
1671 2782 1762 2812 opera
1778 2774 1900 2812 gratiam

214 2811 293 2850 dita,
311 2817 341 2844 et
352 2812 508 2854 utrobique
519 2814 679 2846 collocatur
689 2815 718 2846 in
735 2814 888 2856 provincia
902 2813 1035 2844 Helenc-
1078 2812 1213 2852 referret,
1224 2812 1476 2853 elegantissimum
1486 2816 1512 2846 ei
1524 2820 1581 2847 tem
1587 2816 1665 2857 plum
1675 2811 1836 2849 Euchaniaa
1843 2819 1900 2849 sive
