1975 3071
72 188 160 222 1045

842 193 1016 225 ΝΟΤΙΤΙΑ.

1689 193 1766 227 1046

68 254 230 301 Euchaita:
242 256 358 291 struxit.
368 257 572 288 veterediruto
584 258 628 297 ;in
637 268 696 298 quo
705 268 812 299 corpus
829 260 905 300 ejus,
918 273 939 290 Α
951 264 1054 292 norata
1074 260 1129 292 fuit
1145 269 1152 297 ',
1185 264 1214 291 et
1244 260 1454 292 miraculorum
1483 261 1514 292 in
1539 270 1571 292 se
1586 264 1771 301 patratorum

72 299 184 344 multis
199 301 412 332 certaminibus
428 302 608 339 defunctum,
636 303 799 342 repositum
817 299 879 335 erat
895 315 902 344 ;

74 348 106 373 et
123 343 243 379 urbem,
262 345 353 376 veteri
369 346 491 377 nomine
515 347 636 384 abolito,
653 343 903 389 Theodoropolim

74 388 254 428 appellavit.
271 402 282 416 ιι
296 391 461 430 Appeltatio
476 395 573 422 tamen
585 392 647 422 hanc
661 401 718 422 non
730 393 769 423 ita
777 388 906 424 abolevit.

73 437 167 463 vetus
178 443 299 471 nomen,
313 441 344 464 ut
357 445 413 465 non
424 435 511 466 fuerit
529 436 617 466 etiam
629 441 729 476 postea
740 437 770 468 in
781 448 835 468 usu
847 437 904 468 ali-

74 487 140 522 quo
154 487 207 522 per
233 479 372 509 saeculum
405 479 508 510 saltem
539 480 698 520 integrum,
722 481 757 511 ad
776 486 907 522 tempora

75 520 221 566 videlicet
237 531 329 562 usque
354 524 476 554 Joannis
505 524 706 564 Mauropodis,
733 535 820 565 quem
837 520 906 566 pas—

77 564 139 595 sim
154 566 560 606 metropolimEuchaitarum
583 568 706 599 inscribi
726 564 814 610 supra
830 564 905 602 vidi-

79 619 163 640 mus.

122 653 227 694 Neque
239 664 307 686 vero
318 655 419 687 civitas
431 656 580 695 Euchaita,
603 658 690 689 modo
710 658 780 689 dicti
796 658 904 689 dunta-

78 703 131 743 ξεί
147 698 298 731 Theodori
322 701 410 731 ducis
437 710 470 732 ac
499 702 633 742 martyris
664 702 762 743 (quem
779 703 860 742 prius
875 703 904 733 in

78 742 182 773 lucem
197 743 259 783 ipsa
270 744 405 782 dederat,
414 745 524 777 deinde
537 750 601 786 post
611 747 769 786 gloriosam
781 751 905 778 mortem

78 796 199 818 sacrum
210 798 317 829 corpus
323 790 448 830 recepit,
462 791 631 831 temploque
641 792 706 831 ejus
717 792 907 823 nominicon-

77 831 146 876 dito
161 831 271 863 decore
285 834 466 871 asservavit),
484 835 535 866 sed
551 835 673 867 alterius
685 845 802 876 quoque
813 836 908 868 Theo-

76 875 146 906 dori
165 876 278 914 militis,
296 878 379 918 vulgo
395 879 514 910 Tironis
529 879 611 918 dicti,
630 875 715 920 paulo
733 875 802 912 ante
819 880 906 911 istum

79 921 224 960 martyrio
236 922 381 960 coronati,
396 923 532 963 reliquiis
555 924 664 964 pariter
678 929 708 956 et
723 926 832 966 templo
849 925 904 956 ho-
919 931 937 955 Β

947 305 1052 336 famam
1069 309 1126 336 tam
1144 305 1202 336 late
1217 305 1398 345 propagavit,
1427 310 1460 336 ut
1483 305 1548 345 ipsa
1563 314 1680 346 quoque
1696 305 1774 336 inter

947 350 1112 380 celebriora
1128 349 1254 380 evaserit
1267 350 1342 386 foca,
1358 349 1393 380 ad
1412 359 1477 390 quae
1498 349 1591 390 pietas
1605 349 1773 381 Christiana

949 394 1166 434 peregrinatum
1184 393 1227 424 ire
1242 393 1366 424 solebat.
1384 394 1415 425 Id
1432 397 1567 424 testatum
1585 393 1654 425 facit
1667 403 1772 424 exem—

949 438 1028 478 plum
1039 438 1162 470 Joannis
1169 438 1356 469 anachoreta:
1367 438 1445 478 apud
1451 438 1614 476 Moschum,
1631 437 1662 469 in
1676 437 1773 469 Prata

946 483 1115 523 spirituati,
1132 492 1158 514 c.
1176 482 1243 520 180,
1262 486 1488 514 enumerantem
1506 482 1721 520 locacelebria,
1735 482 1772 513 ad

949 537 1014 568 quae
1026 528 1081 558 iste
1105 537 1122 558 e
1136 527 1289 558 Palaestina
1304 531 1348 557 sat
1359 526 1446 566 longo
1461 526 1570 557 itinere
1588 539 1598 554 ι
1618 525 1771 567 pergebat,

954 581 1031 602 nunc
1046 571 1165 612 quidem
1180 570 1330 611 Ephesum
1345 571 1382 601 ad
1399 570 1427 602 S.
1449 571 1606 608 Joannem,
1624 579 1702 601 nunc
1717 579 1772 601 au-

953 620 1010 646 tem
1027 615 1200 646 Euchaitam
1215 615 1251 646 ad
1268 614 1298 646 S.
1326 615 1528 652 Theodorum,
1557 624 1636 646 nunc
1651 623 1720 645 vero
1734 614 1771 645 ad

952 661 983 691 S.
995 659 1134 690 Theclam
1147 659 1177 689 in
1189 658 1354 690 Seleuciam
1366 658 1495 697 Isauriae,
1509 668 1588 690 nunc
1599 658 1636 689 ad
1652 658 1684 690 S.
1699 659 1772 690 Ser-

952 704 1032 743 gium
1050 705 1077 734 in
1093 703 1251 744 Saraphas.
1274 716 1285 732 υ
1304 702 1425 734 Talibus
1446 703 1535 742 igitur
1549 703 1688 734 decorata
1702 711 1773 733 san-

947 749 1012 786 ctis,
1039 747 1146 779 talibus
1175 751 1278 778 ornata
1306 747 1434 788 templis,
1466 746 1572 778 talibus
1587 746 1774 788 frequentata

948 791 1235 834 peregrinationibus
1249 791 1403 830 Euchaita,
1419 795 1514 832 potest
1527 792 1671 823 meruisse
1683 792 1713 823 in
1725 801 1773 823 se-

948 837 1015 868 dem
1027 836 1312 877 archiepiscopalem
1325 836 1409 876 erigi,
1423 840 1452 867 et
1461 835 1498 867 ab
1514 836 1646 868 antistite
1660 836 1771 865 «brou-

948 881 1024 922 φίλῳ
1037 880 1212 921 gubernari.

575 1057 836 1104 ΝΟἸῚἸῚΑ
875 1057 949 1104 EX
993 1056 1285 1104 FABRICIO

485 1141 637 1180 (Biblioth.
670 1143 764 1175 Graac.
796 1143 845 1174 ed.
876 1142 991 1180 Harles,
1022 1147 1093 1174 tom.
1124 1140 1201 1179 Vill,
1227 1151 1256 1182 p.
1285 1140 1369 1180 626).

125 1255 224 1287 Poetis
238 1255 413 1288 Christianis
428 1257 656 1298 elegantioribus
671 1259 759 1290 etiam
784 1259 990 1290 accensendus
1004 1259 1084 1290 venit
1099 1259 1228 1290 Joannes
1254 1257 1412 1296 Mauropus
1428 1257 1476 1296 (α)
1493 1257 1667 1288 monachus.
1683 1260 1772 1297 atque

83 1300 153 1330 inde
164 1301 350 1340 metropolita
365 1301 580 1344 Euchaitensis,
597 1303 659 1334 sive
683 1303 842 1335 Euchaniaz
867 1308 941 1344 (quae
962 1304 1048 1335 etiam
1073 1302 1300 1342 Theodoripolis
1322 1311 1339 1332 a
1352 1301 1522 1337 Theodoro,
1540 1305 1666 1341 martyre
1680 1301 1770 1340 dicta,

83 1344 131 1375 cui
147 1345 288 1385 templum
303 1345 386 1377 Joan.
406 1347 556 1385 Zimisces,
575 1348 680 1388 imper.
698 1349 843 1386 condidit,
860 1349 931 1380 urbs
946 1348 1116 1388 Heloponti,
1147 1346 1306 1388 provinciae
1333 1346 1364 1376 in
1378 1345 1445 1377 Asia
1461 1345 1595 1385 Minori),
1612 1345 1662 1385 qui
1674 1345 1772 1386 scrip—

83 1390 159 1420 sisse
174 1398 206 1420 Se
220 1394 345 1422 testatur
361 1391 542 1431 temporibus
554 1392 738 1424 Constantini
763 1393 960 1431 Monomachi,
991 1393 1063 1424 Zoes
1091 1402 1124 1423 ac
1152 1391 1328 1431 Theodoraa,
1355 1391 1386 1422 h.
1410 1399 1436 1421 e.
1453 1389 1532 1420 circa
1546 1399 1594 1421 an.
1609 1390 1663 1421 Ch.
1682 1390 1761 1421 1050

83 1432 179 1472 Rogat
194 1434 284 1471 enim,
302 1445 319 1475 p
347 1435 396 1476 43,
415 1435 573 1474 Christum,
602 1441 632 1468 ut
655 1437 904 1478 quemadmodum
932 1437 962 1468 in
991 1437 1111 1468 fornace
1139 1435 1318 1477 Babylonica
1348 1435 1418 1466 olim
1435 1434 1531 1465 tribus
1544 1434 1714 1474 juvenibus,
1730 1435 1774 1467 sic

84 1478 173 1509 etiam
189 1478 220 1509 in
237 1479 361 1521 imperio
378 1480 470 1512 tribus
487 1481 568 1513 hisce
583 1481 660 1513 adsit
672 1491 728 1523 ope
743 1491 806 1515 sua.

629 1565 709 1595 Οὗτος
724 1564 784 1603 γὰρ,
802 1564 890 1603 ὥσπερ
904 1570 962 1595 τοῖς
978 1565 1046 1603 τρισὶ
1061 1564 1174 1594 νεανίαις

631 1611 716 1641 Συνῆν
731 1608 853 1647 τέταρτος
874 1608 901 1635 ἐν
917 1608 990 1646 μὲσω
1004 1607 1104 1648 φλογὸς
1119 1607 1212 1643 πάλαι,

630 1652 704 1681 Οῧτω
716 1652 795 1681 πάλιν
812 1653 935 1692 τέταρτος
951 1653 1019 1681 ἔστω
1034 1651 1153 1691 κάνθάδε,

633 1698 780 1735 Δροσισμὸς
794 1698 858 1734 ὑμῖν
873 1697 900 1724 ἐν
914 1697 1055 1735 βασιλείοις
1071 1695 1174 1733 μέσοις,

631 1741 681 1769 Τὸν
695 1740 770 1774 ἥλιόν
786 1752 814 1769 σε
830 1744 921 1780 πρῶτα
938 1742 1034 1781 σώζον,
1050 1741 1094 1769 καὶ
1109 1739 1196 1777 νέμων

632 1785 706 1818 Ζωὴν
719 1784 826 1821 ἄλυπον,
846 1786 958 1825 εὺτυχῆ,
974 1785 1128 1824 νικηφόρον,

632 1828 731 1867 Ιξιλοϊς
749 1840 777 1857 τε
793 1836 852 1861 τοῖς
867 1830 1000 1867 σύμπασιν
1016 1828 1208 1866 εὖθηνουμέννη

638 1864 742 1902 Ἐπειτι
756 1874 853 1907 ταύτην
864 1864 912 1907 τὴν
924 1873 1038 1909 σελήνην
1054 1877 1100 1901 τοῦ
1120 1864 1230 1911 δέράτους

635 1918 689 1952 Τὴν
710 1918 904 1957 χασμώαιμπῆ,
928 1919 971 1946 ut
985 1917 1224 1957 διαπρεπεστάτην,

634 1963 687 1996 Τὴν
702 1962 775 1991 οὖδὲν
790 1962 856 1991 ἄλλο
870 1962 941 1996 πλὴν
955 1963 969 1990 ὃ
985 1962 1112 1995 κέκληται
1128 1962 1209 1999 μόνον
1226 1971 1233 1978 ⁸

635 2007 694 2040 Ζωὴ
712 2008 761 2047 γὰρ
777 2007 858 2040 ὅντως
872 2009 889 2041 ἡ
905 2007 966 2040 Ζωὴ
980 2012 1026 2036 τοῦ
1041 2006 1084 2034 νῦν
1099 2007 1166 2045 βίου.

633 2051 728 2090 Τρίτην
743 2050 770 2079 δέ
786 2063 831 2089 μοι
846 2053 971 2080 σύνταιττε
986 2052 1028 2079 καὶ
1044 2051 1093 2084 τὴν
1108 2050 1228 2091 δευτέραν

635 2097 670 2136 re
684 2095 790 2136 φαιδρὸν
806 2096 900 2136 ἄστρον
913 2101 960 2125 τοῦ
974 2094 1114 2124 πανολϐίου
1129 2095 1238 2136 στέφους

638 2132 651 2143 π
691 2132 696 2136 “
747 2132 756 2151 ζ
856 2132 860 2136 “
889 2142 895 2151 ,
938 2139 961 2150 \I
1052 2139 1076 2150 vr

638 2144 668 2180 _H
683 2152 732 2174 την
748 2141 849 2174 εκείνης
869 2139 1118 2180 απαοελφην.αςίαν

632 2177 664 2214 "0
679 2186 777 2217 πκντὸς
793 2185 873 2215 ἄλλοι)
889 2177 993 2223 μαζοί
1004 2185 1039 2215 εἷς
1055 2183 1180 2217 εὐδοξίαν.

92 2276 132 2307 Ad
149 2276 285 2307 eamdem
301 2268 376 2306 Zoen
393 2285 426 2306 ac
442 2275 627 2306 Theodoram
644 2275 834 2306 referendum
850 2284 904 2306 car]

953 2284 980 2312 u,
999 2284 1028 2315 p.
1047 2275 1102 2306 44:
1120 2275 1163 2308 Ἐς
1180 2278 1225 2309 τὰς
1250 2278 1404 2314 Δεσποίνις,
1421 2285 1478 2316 quo
1495 2283 1551 2306 nec
1565 2274 1778 2314 imperatorem

93 2320 243 2352 celebrare
258 2319 378 2351 omittit.

649 2362 699 2389 Τὸν
722 2360 814 2399 εὖγενῆ
832 2361 891 2400 μὲν,
909 2360 1008 2398 εὔτυχῆ
1023 2359 1050 2388 δὲ
1062 2359 1205 2397 δεσπότην,

649 2405 699 2434 Τὺν
714 2405 813 2444 εὔτυχῆ
830 2405 890 2442 μὲν,
907 2403 1001 2438 εὗσεϐἧ
1017 2404 1044 2432 δὲ
1059 2405 1102 2433 καὶ
1113 2403 1205 2442 πλέον,

649 2452 702 2490 Ti:
723 2452 773 2489 γῆς
788 2450 819 2477 τὸ
833 2449 933 2486 θαῦμα,
949 2450 993 2477 τὸν
1010 2449 1093 2488 μέγιν
1119 2450 1297 2490 Μονομάχον,

650 2487 696 2534 10v
715 2495 732 2528 ἡ
747 2494 857 2534 πρόνοια
871 2497 1008 2532 κοσμικῶν
1023 2497 1112 2522 κακῶν
1128 2493 1200 2522 λύσιν

651 2529 761 2572 νΕδειξεν
776 2540 857 2578 ἡμῖν,
873 2539 917 2567 καὶ
932 2539 1021 2567 καλῶν
1038 2539 1144 2566 πάντων
1159 2539 1260 2578 βρύσιν.

133 2604 218 2637 Adde
230 2613 349 2635 carmen
365 2605 394 2635 in
412 2605 595 2636 Constantini
612 2603 797 2636 Monomachi
812 2603 984 2643 imaginem,
999 2603 1026 2631 ἐν
1043 2605 1187 2644 Eva-£11m:
1203 2604 1279 2645 apud
1294 2604 1506 2636 Euchaitenses
1520 2602 1697 2639 dedicatam,
1714 2610 1782 2633 cum

98 2649 236 2690 particula
251 2648 348 2679 crncis
363 2649 483 2686 Christi,
500 2659 565 2689 pag.
582 2649 632 2679 47.
649 2649 734 2679 Plura
747 2649 777 2680 in
793 2647 982 2679 Monomachi
997 2647 1126 2685 laudem,
1153 2658 1219 2688 pag.
1246 2649 1286 2680 23
1302 2657 1333 2680 et
1347 2650 1380 2681 5t
1398 2649 1439 2689 (ὁ)
1456 2653 1543 2689 atque
1558 2647 1588 2678 in
1603 2646 1782 2683 Theodorae,

99 2702 161 2733 pag.
178 2693 215 2724 52
246 2692 302 2724 Sed
317 2692 505 2732 imperatoris
520 2692 633 2724 obitum
649 2692 749 2731 deﬂet,
766 2702 795 2733 p.
812 2693 849 2724 54
865 2701 948 2732 seqq.
966 2692 1070 2732 Neque
1085 2691 1128 2722 illi
1144 2696 1257 2724 tantum
1272 2697 1300 2726 et
1315 2693 1380 2724 Zoze
1393 2703 1428 2724 ac
1441 2691 1605 2724 Theodore
1615 2691 1780 2732 fuitsuper—

137 2759 178 2798 (α)
195 2761 346 2797 Μαυρόπως
373 2759 451 2790 idem
478 2763 522 2790 est
550 2769 583 2790 ac
610 2759 789 2791 Μελινόπους.
807 2757 904 2790 Confel

985 2757 1042 2798 "((2)7
1058 2756 1204 2789 Nonnulla
1217 2768 1285 2789 cum
1301 2758 1402 2797 Argoli
1417 2757 1520 2789 Latina
1540 2757 1678 2788 versione
1693 2757 1785 2788 refert

101 2798 297 2840 lambecium,
316 2804 386 2840 tofm.
401 2801 424 2833 l.
436 2809 500 2839 pag.
514 2799 733 2840 249[pag.272,
747 2798 904 2830 ed.Kollar
957 2797 1783 2840 Allatius,Detibriseqclesiapttcisereorym,pag.»97,

100 2838 173 2870 cont.
204 2839 240 2880 de
269 2849 303 2870 eo
334 2837 443 2880 Oudin}
472 2837 597 2880 Comm."
614 2837 653 2871 de
678 2840 832 2880 scriptun,
859 2842 904 2880 etc

962 2837 1017 2880 ubi
1027 2837 1113 2868 etiam
1141 2838 1241 2869 titulns
1266 2838 1420 2880 integrior,
1438 2839 1481 2870 Εἰς
1496 2839 1526 2867 τὸ
1538 2837 1636 2880 ριϐλίον
1651 2840 1701 2871 τῆς
1723 2838 1784 2867 δια-

99 2888 160 2920 pag.
177 2878 262 2920 606;
291 2879 378 2920 Cave,
407 2879 614 2920 ἐμμελείην.
644 2877 748 2920 script}
765 2879 866 2911 eccles.
882 2877 904 2909 ll

962 2878 1049 2920 κονίᾳς
1073 2883 1119 2908 τοῦ
1146 2877 1349 2919 τροπκιοφόροά,
1373 2887 1427 2919 pro
1454 2888 1512 2919 quo
1543 2879 1652 2910 Bustus
1673 2881 1786 2910 tantum

100 2917 163 2959 pag.
182 2917 304 2959 l39,'ad
319 2927 369 2950 an.
387 2920 473 2952 1054.
489 2919 599 2959 Hann].
705 2917 713 2920 “

964 2917 1057 2948 edidit
1071 2927 1079 2950 :
1094 2919 1136 2950 Εἰς
1152 2917 1195 2947 ἑὸν
1209 2917 1412 2960 τροτίεαὶοφόρόν.
