1975 3071
201 153 281 188 104-7
813 155 829 185 J
832 154 937 186 OANN
940 153 975 184 IS

1131 151 1278 184 [TENSIS
1824 145 1911 180 1048

203 223 276 257 stu,
291 220 440 252 sedetiam
452 219 549 251 Alexii
560 219 703 252 Gomneni
718 219 992 259 attigitimperium,
1009 218 1156 258 siquidem
1166 219 1197 249 in
1207 218 1279 249 Jure
1291 217 1560 258 Graeco-Romano,
1574 217 1669 254 lib.u,
1687 226 1714 256 p.
1732 217 1801 254 215,
1822 216 1912 246 inter

204 264 448 305 metropolitanos
461 265 512 305 qui
526 264 661 302 Nicolao,
680 264 854 304 patriarcha:
869 264 926 295 CP.
945 273 1047 294 mense
1062 263 1148 295 Junio
1163 263 1269 294 indici.
1288 263 1324 293 15
1341 263 1409 301 (hoc
1426 266 1470 294 est
1485 262 1592 293 Christi
1618 262 1703 298 1092,
1728 260 1824 293 Alexii
1843 259 1911 290 Co—

204 309 306 340 mneni
318 309 381 349 (12)
398 309 584 349 assederunt,
602 312 785 340 memoratur
800 311 813 337 ὁ
831 310 974 348 Εὒχαινείας

344 309 381 349 2)
398 309 584 349 assederunt,
602 312 785 340 memoratur
800 311 813 337 ὁ
831 310 974 348 Εὒχαινείας
991 308 1124 341 Ἰωάννης.

243 352 276 384 In
305 353 336 385 S.
366 348 618 394 Theophylactum
648 363 776 394 quoque,
808 353 857 393 qui
886 357 914 383 et
956 353 1019 393 ipse
1061 352 1155 383 Alexii
1197 352 1342 383 Comneni
1383 352 1505 391 conligit
1534 356 1677 391 tempora,
1709 353 1802 380 exstat
1833 348 1907 388 cpi-

203 406 347 438 gramma,
363 408 393 439 p.
411 398 463 429 47.

245 442 389 482 [Auctore
403 444 493 481 Cave,
511 443 531 474 l.
547 452 574 475 c.
591 442 711 482 scripsit
724 443 768 473 Jo.
786 442 953 482 Mauropus.

244 486 426 519 Orationem
436 487 682 519 encomiasticam
691 487 726 518 in
741 490 798 518 tres
810 486 867 518 SS.
881 487 995 524 Patres,
1008 486 1155 517 Basiliam
1168 487 1224 522 111.,
1241 486 1424 525 Gregorium
1441 484 1622 524 Theologum
1649 488 1676 514 et
1688 483 1777 514 Joan.
1797 483 1909 521 Chry-

203 535 379 563 sostomum.
395 531 429 563 In
444 532 510 563 cod.
527 531 657 563 Vindob.
675 532 748 562 Caes.
764 531 835 568 204,
853 541 884 561 n.
902 532 930 562 5.
947 530 984 562 V.
1001 529 1140 562 Lambec.
1155 530 1321 561 Comment.
1339 529 1375 569 V,
1394 538 1461 570 pag.
1485 530 1519 560 11
1551 537 1633 568 seqq.
1661 527 1795 558 Meminit
1809 526 1908 557 etiam

203 575 270 616 ejus
285 579 362 607 orat.
376 575 436 607 Leo
456 575 582 607 Allatius
596 576 627 606 in
642 575 734 608 Diatr.
751 575 788 606 de
803 575 974 607 Simeonum
990 574 1119 614 scriptis,
1138 583 1203 614 pag.
1225 574 1291 605 105.
1311 573 1377 604 Vid.
1396 583 1512 614 quoque
1527 582 1616 613 supra
1628 572 1664 602 de
1676 571 1906 611 Chrysostomo,

204 623 233 650 et
247 619 324 651 infra
337 621 395 652 vol.
409 620 462 658 IX,
482 630 509 661 p.
527 619 579 651 62.

246 665 427 697 Orationem
442 660 487 697 εἱςν
499 665 548 699 τὴν
564 666 673 703 μνήμην
687 670 733 694 τοῦ
747 665 820 704 ἁγίου
834 666 963 704 μάρτυρος
979 669 1026 692 Θεο

1151 663 1208 697 ἤτοι
1238 668 1282 692 τοῦ
1310 667 1388 699 πεζοῦ
1406 672 1411 677 “
1436 663 1540 703 incipit
1570 661 1633 701 [Ιαρ’
1662 663 1730 700 ἡμῖν
1751 660 1773 688 δ’
1796 660 1844 688 οὖν
1876 661 1908 688 οὗ

204 709 302 739 σπάνια
315 710 349 739 τὰ
363 710 443 747 καλὰ,
458 711 489 739 τὸ
503 713 549 738 τοῦ
564 709 645 749 λογοῦ
663 720 669 726 ·
685 718 771 750 quam
788 709 943 740 confundit
959 710 984 741 N

1127 709 1157 738 in
1174 708 1235 740 Cat.
1254 707 1341 739 codd.
1359 708 1466 739 Caesar.
1484 712 1559 747 part.
1576 715 1597 746 ι,
1629 715 1694 746 pag.
1726 705 1797 741 224,
1830 713 1905 734 cum

205 762 319 794 priore.

247 799 384 830 Canones
395 798 611 838 paracleticos,
627 798 689 828 sive
703 797 835 829 carmina
849 797 1047 828 consolatoria
1060 797 1110 836 24,
1127 796 1163 827 ad
1179 797 1344 833 Christum,
1360 800 1469 827 sotera.
1487 797 1519 827 ln
1535 795 1601 826 cod.
1616 794 1743 825 Vindob.
1761 793 1906 825 Caesareo

205 839 298 874 theol'.
315 843 366 881 98,
381 842 546 875 secundum
561 842 678 874 Nesseli
692 843 753 874 Cat.
773 852 803 873 n.
823 846 849 883 1,
867 842 917 873 1'01.
938 843 964 873 1.
982 842 1079 873 Unum
1095 841 1233 881 quodque
1247 850 1368 872 carmen
1385 841 1567 880 peculiarem
1582 849 1666 870 suam
1688 838 1778 870 habet
1793 846 1906 883 aeros-

205 886 360 927 tichidem,
376 896 442 927 quae
456 886 560 917 itidem
576 891 607 918 ut
622 887 760 927 quaelibet
775 887 841 924 ode,
863 895 941 918 nona
965 885 1085 917 nomine
1102 885 1225 916 Joannis
1251 885 1390 925 insignita
1414 889 1468 916 est.
1485 885 1553 916 Haec
1568 889 1597 915 et
1613 883 1769 924 sequentia
1784 882 1908 913 cantica

201 931 265 962 sive
279 940 412 963 canones
427 931 599 970 diligentius
613 931 765 972 fusiusque
780 929 1082 971 recensuitLambec.
1100 932 1213 961 Comm.
1231 931 1266 966 V,
1285 939 1314 970 p.
1341 930 1400 961 560
1429 939 1514 969 seqq.
1538 929 1575 960 de
1604 928 1670 959 cod.
1699 927 1756 967 (uti
1787 935 1905 957 nume-

202 975 263 1014 rat)
276 975 348 1006 219.

243 1019 322 1052 Ibid.
337 1018 390 1050 fol.
407 1018 457 1055 77,
472 1028 539 1060 pag.
554 1020 584 1058 2,
602 1019 659 1050 alia
673 1023 742 1051 sunt
756 1020 816 1051 duo
846 1020 976 1052 Cantica
1005 1019 1055 1058 adj
1071 1019 1229 1056 Christum,
1261 1023 1369 1054 sotera,
1402 1017 1466 1048 sine
1495 1017 1693 1048 acrostichide
1722 1020 1750 1047 et
1774 1015 1905 1046 nomine

204 1063 347 1095 auctoris.

242 1107 287 1139 Ib.
299 1107 350 1138 fol.
363 1106 414 1144 33,
427 1116 494 1148 pag.
508 1108 536 1145 1,
551 1108 669 1139 Conon.
684 1109 746 1140 sive
755 1109 906 1140 Canticum
919 1107 955 1138 ad
965 1113 1098 1139 sanctum
1108 1107 1247 1146 angelum
1258 1108 1421 1139 custodem.
1436 1125 1473 1130 —
1494 1106 1557 1138 Fol.
1571 1106 1620 1143 88,
1634 1115 1697 1146 pag.
1719 1106 1744 1141 1,
1763 1105 1905 1136 Canones

201 1152 264 1183 sive
273 1152 388 1183 cantica
397 1152 446 1189 67,
457 1152 494 1182 ad
505 1153 628 1183 Mariam
639 1152 809 1193 Deiparam,
824 1162 948 1193 quorum
968 1162 1058 1183 unum
1070 1153 1206 1194 quodque
1217 1153 1396 1193 peculiarem
1411 1162 1493 1184 suam
1507 1151 1595 1182 habet
1606 1149 1851 1189 acrostichidem,
1871 1155 1903 1182 et

202 1196 318 1234 itidem,
332 1200 364 1227 ut
373 1196 586 1237 quaelibetode,
600 1206 678 1228 noua
687 1197 936 1229 nomineJoanuis
948 1202 992 1228 est
1001 1197 1150 1237 insignita.
1167 1215 1205 1220 --
1228 1198 1292 1229 Fol.
1309 1198 1378 1236 315,
1397 1208 1425 1239 p.
1445 1198 1474 1235 1,
1491 1198 1628 1228 (Iunones
1651 1195 1712 1226 sive
1728 1195 1846 1239 cantica
1865 1196 1897 1225 11

201 1240 239 1272 ad
256 1242 287 1273 S.
303 1241 449 1273 Joannem
467 1241 640 1282 Baptistam,
657 1242 774 1282 eodem,
787 1252 845 1281 quo
858 1242 969 1282 priora,
979 1243 1065 1274 modo
1075 1242 1204 1274 condita.
1221 1261 1260 1265 —
1272 1243 1391 1284 Aliquot
1407 1250 1538 1274 canones
1545 1240 1724 1281 paracletici
1733 1238 1901 1270 suntetiam

202 1286 234 1317 in
249 1285 316 1317 cod.
334 1285 441 1318 Caesar.
458 1285 528 1324 309,
546 1287 597 1318 tiu.
615 1285 649 1317 V.
667 1287 807 1318 Lambec.
824 1287 861 1317 V.
876 1296 905 1327 p.
924 1287 993 1318 575.

242 1329 318 1361 Ibid.
336 1331 401 1361 cod.
422 1331 491 1370 103,
507 1331 697 1361 continentur
712 1331 845 1370 ejusdem
863 1331 921 1361 102
934 1331 1184 1370 sacrajambica,
1202 1331 1575 1372 praaﬁxaipsiusEpitome.
1590 1329 1725 1360 Curatius
1736 1327 1902 1366 descripsit

203 1374 346 1406 Lambec.
363 1375 443 1405 hunc
457 1374 523 1405 cod.
540 1384 628 1414 quem
644 1379 779 1405 numerat
794 1375 864 1412 211,
882 1375 912 1404 in
929 1376 1093 1406 Comment.
1110 1376 1167 1407 vol.
1185 1375 1222 1416 V,
1238 1384 1305 1416 pag.
1324 1376 1362 1408 66
1377 1386 1442 1416 sqq.
1457 1386 1464 1415 ;
1495 1379 1525 1406 et
1538 1375 1721 1413 singulorum
1736 1377 1899 1412 poematum

200 1418 412 1459 inscriptiones
427 1422 515 1459 atque
530 1418 675 1459 principia
690 1420 797 1459 posuit,
815 1420 946 1460 itemque
960 1420 1088 1450 correxit
1102 1420 1249 1460 Hippolyti
1265 1420 1402 1452 Maraceii
1422 1419 1574 1455 Lucensis,
1602 1418 1652 1458 qui
1665 1418 1693 1448 in
1709 1417 1901 1447 Bibliotheca

202 1463 346 1494 Mariana
360 1462 398 1493 de
411 1462 533 1493 Joannis
548 1464 641 1494 Maur.
659 1467 754 1500 aetate,
772 1467 910 1503 tanquam
926 1472 959 1494 re
974 1463 1085 1494 incerta
1101 1464 1170 1503 agit,
1187 1468 1215 1495 et
1229 1464 1302 1495 Sim.
1316 1465 1517 1503 Wagnereck,
1529 1463 1618 1503 quiin
1630 1463 1746 1493 Pietate
1754 1461 1900 1493 Mariana

206 1506 394 1544 Graecorum,
407 1511 483 1547 part.
501 1515 520 1546 ι,
538 1507 566 1538 in
583 1506 749 1546 Prolegom.
767 1517 796 1537 u.
814 1507 864 1544 23,
882 1507 985 1537 scribit
1005 1517 1037 1538 se
1062 1508 1193 1539 nondum
1210 1508 1369 1549 quidquam
1385 1508 1422 1539 de
1439 1513 1538 1539 nostro
1554 1506 1715 1543 invenisse,
1732 1505 1810 1546 quod
1827 1505 1900 1536 viris

201 1551 297 1582 doctis
312 1551 439 1590 probare
453 1560 485 1581 se
500 1559 588 1591 posse
600 1551 772 1582 conﬁderet.
789 1551 854 1591 Ipse
869 1555 966 1582 tamen
982 1551 1122 1584 Lambec.
1139 1553 1282 1592 ignoravit
1296 1553 1366 1584 edit.
1384 1553 1467 1584 Busti
1480 1552 1671 1587 Etonensem,
1685 1550 1817 1587 miratus,
1829 1559 1901 1590 poe.

203 1598 284 1626 mata
297 1603 381 1626 sacra
395 1598 560 1626 memorata
574 1604 592 1626 a
606 1594 680 1626 Joan
696 1595 824 1626 Meursio
837 1596 934 1626 sexies
950 1596 1034 1627 citari
1050 1596 1080 1627 in
1096 1596 1245 1628 Glossario
1271 1597 1530 1636 Graeco-Barbam,
1555 1600 1585 1626 et
1609 1595 1729 1636 quidem
1744 1594 1824 1624 velut
1834 1595 1897 1634 jam

202 1639 294 1670 edita.
311 1638 369 1671 Sed
384 1639 533 1670 Kollarius
548 1639 608 1679 jam
622 1639 654 1670 in
669 1644 739 1670 nota
752 1641 790 1676 A,
805 1640 869 1670 loco
886 1640 980 1670 nostri
995 1640 1123 1672 Fabricii
1139 1641 1238 1681 allato,
1254 1641 1381 1672 certiora
1395 1642 1507 1673 docuit.

240 1683 324 1715 Idem
337 1683 423 1716 Joan.
440 1685 534 1715 Maur.
551 1683 671 1723 scripsit
689 1683 790 1714 Vitam
808 1684 840 1716 S.
859 1684 1009 1721 Eusebiae,
1025 1685 1103 1724 apud
1117 1685 1274 1716 Euchaitas
1289 1685 1320 1716 in
1346 1695 1450 1726 magna
1472 1684 1662 1716 veneratione
1677 1682 1784 1714 habitae
1801 1691 1808 1719 ;
1826 1683 1896 1713 item

203 1727 302 1759 Vitam
314 1729 349 1759 S.
361 1727 504 1759 Dorothei
515 1728 648 1766 iunioris
663 1730 698 1759 in
712 1727 907 1766 Chiliocomo,
921 1737 955 1759 ex
967 1728 1074 1769 quibus
1084 1729 1247 1768 fragmenta
1259 1730 1392 1770 quaedam
1407 1730 1518 1771 prolata
1531 1738 1596 1759 esse
1605 1738 1621 1758 a
1633 1727 1858 1764 LeoneAllatio,
1866 1727 1896 1771 in

199 1771 276 1803 libro
287 1772 334 1804 De
343 1781 494 1804 consensu
500 1775 658 1812 utriusque
667 1772 810 1804 Ecclesiae
823 1774 854 1804 in
865 1773 1003 1813 dogmate
1015 1774 1053 1804 de
1064 1775 1254 1814 purgatorio,
1265 1784 1293 1815 p.
1307 1775 1374 1812 754,
1387 1775 1499 1806 indicat
1509 1773 1596 1805 Care.
1610 1772 1686 1803 Add.
1710 1772 1806 1812 ipsum
1823 1770 1894 1802 Fab.

199 1817 231 1848 in
246 1817 307 1848 ﬁne
320 1817 464 1850 sectionis
477 1816 514 1848 de
525 1817 598 1848 Joan
625 1818 720 1848 Maur.

242 1863 350 1893 Praeter
362 1865 543 1893 memoratos
553 1861 641 1893 codd.
654 1861 824 1893 Vindobon.
843 1866 910 1893 sunt
925 1862 974 1893 alii
991 1872 1120 1903 quoque,
1137 1863 1167 1894 in
1183 1864 1291 1904 quibus
1308 1867 1420 1895 exstant
1436 1864 1519 1895 Joan.
1536 1860 1722 1900 Mauropotlis
1736 1859 1894 1899 Opuscula-

199 1906 359 1938 Florentiae
372 1907 404 1937 in
418 1905 492 1938 bibl.
506 1905 644 1937 Laurent.
661 1905 769 1937 Conon
785 1906 818 1938 in
834 1907 866 1938 S.
884 1907 1027 1948 angelum
1041 1909 1206 1948 custodem,
1224 1909 1253 1939 in
1270 1909 1336 1940 cod.
1353 1909 1403 1948 17,
1421 1918 1451 1938 n.
1472 1908 1516 1945 t2,
1534 1908 1607 1947 plut.
1623 1907 1659 1937 15
1676 1905 1813 1946 (Bandin.
1833 1904 1894 1936 Cat.

199 1951 287 1982 codd.
304 1951 354 1983 Gr.
371 1951 459 1982 Laur.
475 1949 497 1986 Ι,
515 1959 581 1990 pag.
600 1951 660 1986 40).
678 1968 717 1973 -
731 1950 907 1982 Encomium
923 1951 951 1982 in
968 1951 1020 1983 SS.
1038 1952 1150 1988 Patres,
1165 1953 1242 1984 Basil
1267 1955 1306 1985 Μ.
1324 1953 1446 1992 Gregor‘
1466 1952 1607 1991 Theolng.
1626 1957 1654 1982 et
1670 1951 1755 1982 Joan.
1772 1950 1896 1990 Chryso-

199 2000 340 2037 stomum,
357 1995 388 2026 in
403 1995 469 2027 cod.
489 1995 537 2032 17,
556 2005 586 2026 n.
603 1995 642 2027 29
659 1995 760 2032 (Band.
778 1995 798 2026 Ι.
817 2005 844 2026 c.
863 2005 927 2036 pag.
947 1997 1030 2036 418).
1047 1997 1099 2028 Est
1115 2006 1233 2038 quoque
1259 1998 1330 2029 illud
1360 1997 1536 2030 Encomium
1553 1997 1582 2027 in
1597 1997 1685 2027 codd.
1705 1996 1839 2026 Vatican.
1864 1995 1892 2027 γ.

199 2040 301 2072 Montf.
320 2040 400 2072 Bibl.
419 2039 488 2071 bibl.
504 2048 576 2071 mss.
593 2039 616 2077 Ι,
633 2049 698 2080 pag.
716 2040 753 2070 12
767 2040 803 2075 D,
821 2044 852 2071 et
871 2042 904 2072 13
921 2040 951 2073 C.
969 2052 976 2081 ;
994 2059 1032 2064 —
1046 2041 1077 2072 in
1091 2042 1158 2072 cod.
1172 2042 1290 2074 Mediol.
1305 2043 1406 2073 Ambr.
1420 2042 1493 2073 ibid.
1509 2041 1694 2082 pag.500A;
1712 2058 1751 2063 —
1765 2040 1794 2070 in
1807 2039 1891 2070 codd.

198 2086 295 2118 Paris.
307 2084 379 2116 bibl.
393 2084 474 2125 publ.
487 2084 557 2122 559,
572 2094 602 2116 n.
615 2085 644 2125 9,
662 2089 692 2115 et
708 2085 796 2122 1557,
808 2095 839 2114 n.
858 2087 906 2120 2%.
926 2086 1051 2117 secund.
1067 2087 1128 2118 Cat.
1145 2087 1232 2118 codd.
1249 2087 1341 2119 Paris.
1359 2088 1404 2118 vol
1422 2086 1466 2127 II;
1484 2104 1520 2109 —
1539 2086 1567 2116 in
1585 2085 1671 2116 codd.
1698 2084 1820 2115 Coislin.
1836 2083 1892 2115 301

200 2134 229 2162 et
243 2129 356 2168 307,in
367 2129 504 2161 Homiliis
514 2134 543 2160 et
553 2128 626 2160 Vitis
638 2128 691 2161 SS.
706 2133 825 2169 martyr.
837 2130 901 2160 Jan.
922 2130 952 2162 V.
966 2131 1125 2162 Montfauc.
1151 2132 1181 2162 in
1207 2132 1284 2163 Bibl.
1311 2132 1400 2164 Coisl.
1418 2141 1482 2172 pag.
1500 2131 1569 2167 418,
1588 2139 1674 2170 quem
1693 2129 1795 2168 miror,
1822 2138 1892 2159 nus-

198 2185 286 2216 quam
297 2175 378 2206 illius
388 2174 569 2206 mentionem
581 2174 686 2204 factam
696 2174 846 2213 reperisse
857 2185 865 2214 ;
876 2181 903 2205 et
917 2184 981 2215 pag.
995 2175 1065 2214 433,
1079 2176 1130 2206 ubi
1141 2181 1229 2216 errat,
1244 2177 1368 2207 Caveum
1382 2186 1441 2207 non
1456 2175 1626 2206 meminisse
1649 2174 1730 2204 illius
1746 2173 1892 2213 opusculi.

196 2218 408 2252 —Tauriniin
420 2218 496 2249 Bibl.
512 2219 585 2258 Reg.
599 2218 746 2255 codd.70,
761 2219 811 2249 fol.
824 2219 893 2252 329.
908 2220 1016 2251 et115.
1034 2220 1063 2251 in
1078 2220 1129 2251 SS.
1142 2220 1615 2260 PatrumSermonibusViﬁsque,
1627 2218 1852 2249 menseJanuar.
1863 2218 1879 2247 d

197 2264 247 2296 30.
261 2264 293 2296 V.
302 2264 366 2296 Cat.
379 2263 466 2294 codd.
481 2262 530 2294 Gr.
545 2262 666 2294 Taurin.
680 2273 745 2303 pag.
760 2263 815 2295 167
830 2264 948 2300 et221).
968 2282 1005 2287 —
1018 2266 1091 2295 Tum
1105 2265 1134 2295 in
1152 2266 1218 2297 cod.
1234 2267 1372 2297 Laurent.
1402 2266 1447 2302 18,
1460 2275 1488 2296 n.
1508 2267 1538 2301 3,
1557 2265 1632 2305 plut.
1648 2264 1678 2299 9,
1695 2263 1779 2294 Joan.
1799 2264 1891 2293 Maur.

194 2309 348 2342 Invocatio
354 2312 381 2340 et
392 2308 538 2347 confessio
549 2309 581 2338 in
588 2308 730 2348 angelum
737 2308 890 2339 custodem
898 2309 968 2339 vitae
978 2310 1238 2347 nostrae,versihus
1250 2311 1303 2342 156
1310 2310 1455 2341 iambicis.
1462 2328 1496 2332 —
1504 2310 1616 2341 Sermo
1626 2309 1658 2339 in
1673 2308 1891 2338 Dormiiionem

194 2355 346 2394 Deiparw,
354 2353 384 2384 iu
391 2352 458 2385 cod.
466 2352 515 2390 31,
524 2361 554 2382 ιι.
566 2351 601 2383 21
609 2351 693 2392 ,plut.
709 2353 759 2384 10.
770 2370 807 2374 —
816 2352 1057 2392 Etymologicum
1066 2355 1223 2385 metricum
1231 2356 1387 2386 nominum
1397 2356 1428 2385 in
1438 2355 1461 2386 S
1467 2380 1472 2385 .
1480 2354 1642 2393 Scriptura
1649 2351 1855 2388 celebrimum,
1863 2351 1892 2382 in

195 2398 263 2430 cod.
280 2397 329 2435 13,
348 2407 379 2428 n.
395 2397 446 2434 49,
464 2397 539 2437 plut.
554 2397 603 2429 74.
629 2397 659 2428 ν.
677 2397 803 2428 Bandin.
823 2397 845 2438 Ι,
864 2407 927 2437 pag.
947 2398 975 2429 41

1109 2399 1133 2432 5,
1151 2409 1185 2430 ac
1202 2404 1273 2431 tom.
1299 2400 1348 2437 ΙΙΙ,
1375 2411 1403 2440 p.
1423 2409 1456 2432 ιιι
1471 2400 1521 2430 ubi
1537 2399 1662 2431 dubitat.
1681 2407 1750 2427 num
1767 2396 1816 2426 illa
1828 2406 1889 2428 car-

196 2442 278 2474 mina
292 2442 478 2483 etymologici
495 2441 525 2472 iu
542 2441 588 2473 ed.
609 2441 695 2473 Etou.
713 2443 913 2482 reperiantur.
930 2442 961 2473 In
979 2443 1047 2474 eod.
1064 2444 1130 2474 cod.
1151 2446 1197 2476 13.
1215 2455 1244 2476 n.
1263 2446 1312 2482 50,
1331 2450 1375 2476 est
1386 2443 1889 2483 Initiumetgmologiarumeomm.

193 2497 261 2528 qua:
271 2487 312 2519 ad
321 2487 470 2518 hominem
482 2487 649 2526 pertinent,
659 2486 794 2517 versibus
802 2486 935 2524 iambic.,
946 2497 1071 2527 quorum
1078 2492 1227 2520 auctorem
1236 2490 1374 2521 eumdem
1385 2491 1526 2521 Joannem
1543 2498 1608 2519 esse
1619 2486 1786 2527 suspicatur
1802 2487 1888 2527 Band.

196 2542 264 2574 pag.
275 2532 345 2564 112.
354 2530 534 2568 ~—Taurini,
547 2531 577 2562 in
584 2531 659 2562 bibl.
668 2533 742 2570 Reg.
753 2530 819 2562 cod.
831 2532 900 2572 108,
911 2533 1118 2572 llgpomnema
1129 2536 1159 2564 in
1170 2533 1342 2565 Dominicas
1348 2534 1464 2565 solemn
1471 2532 1670 2565 itatesiambic
1677 2530 1891 2570 isaliisquevcr-

195 2577 280 2609 sibus
291 2576 443 2617 praemissa
455 2575 580 2608 Joannis
596 2577 690 2607 Maur.
705 2575 1019 2608 Vita.Plurav.inCat.
1030 2577 1077 2608 cit.
1089 2579 1231 2617 pag.244.
1244 2595 1281 2601 —
1294 2579 1388 2610 Paris.
1401 2578 1429 2609 in
1442 2579 1514 2609 bibl.
1529 2577 1610 2618 publ.
1624 2576 1690 2607 cod.
1713 2576 1782 2611 817,
1806 2575 1889 2606 iambi

197 2621 228 2653 iu
243 2621 472 2657 Thesdoretum,
486 2620 577 2661 hujus
594 2619 815 2651 Commentario
831 2621 861 2650 in
877 2629 917 2652 xu
935 2621 1070 2661 pr0phet.
1088 2623 1218 2653 minores
1234 2624 1344 2663 praeﬁxi
1361 2633 1371 2662 ;
1387 2624 1416 2654 in
1433 2623 1499 2654 cod.
1518 2624 1530 2653 t
1544 2623 1608 2658 I82,
1627 2620 1734 2651 n.113.
1746 2619 1890 2650 Joan.Eu-

196 2667 365 2699 chaitarum
376 2665 573 2706 metropolita:
583 2665 728 2706 Epistola.
739 2683 778 2688 —
790 2665 938 2696 Monachii
952 2665 981 2696 in
994 2666 1066 2697 bibl.
1082 2667 1202 2699 elector.
1219 2668 1273 2698 cod
1288 2669 1357 2704 235,
1369 2669 1480 2698 Versus
1495 2666 1614 2698 iambici
1631 2666 1659 2696 in
1675 2665 1761 2696 Festa
1777 2665 1889 2696 Domini

196 2715 227 2744 et
238 2712 269 2743 in
284 2711 343 2743 alia
358 2710 603 2750 diversigeneris
617 2714 802 2750 argumenta.
822 2710 870 2750 (V.
887 2711 950 2742 Cat.
967 2711 1054 2742 codd.
1086 2712 1136 2744 Gr.
1151 2712 1254 2743 Bavar.
1273 2723 1301 2753 p.
1332 2713 1396 2751 8‘2.)
1426 2731 1465 2735 —
1492 2713 1534 2743 De
1562 2712 1648 2744 Joan.
1676 2710 1767 2741 Maur.
1783 2709 1889 2740 inedita

196 2756 324 2797 quadam
340 2755 493 2793 Oratione,
511 2755 540 2785 in
557 2765 615 2795 qua
630 2754 742 2786 dictum
758 2754 771 2785 Ι
785 2754 872 2787 Joan.
888 2763 917 2795 v,
934 2755 950 2786 7
971 2766 977 2786 :
1008 2758 1036 2785 0t
1060 2757 1130 2785 ana-.01
1153 2765 1224 2796 τρεῖς
1241 2759 1283 2785 καὶ
1299 2759 1336 2794 ἓν,
1368 2758 1427 2797 agit
1453 2757 1559 2788 Franc.
1590 2759 1699 2788 Anton.
1727 2755 1846 2786 Knittel.
1861 2755 1888 2785 in

197 2800 323 2832 Neuven
335 2800 495 2832 Kriticken
509 2799 583 2831 uber
594 2798 729 2830 dember.
747 2800 879 2840 Spruch.
896 2799 977 2840 Drey

197 2847 270 2875 sect.
285 2843 440 2882 Maur.).

1106 2802 1143 2832 lie
1158 2803 1198 2832 da
1213 2810 1326 2842 zeugen
1343 2803 1385 2833 im
1401 2802 1545 2842 Himmel,
1558 2805 1614 2833 etc.
1625 2801 1747 2832 Brunsv.
1764 2800 1849 2837 1785,
1860 2800 1886 2837 8,

194 2847 270 2875 sect.
285 2844 440 2884 2.0mm).
