1975 3071
95 193 110 224 1
118 193 189 226 053

95 259 139 290 εἷς
181 259 230 292 τὴν
265 260 317 287 τῶν
353 260 551 299 προγεγονότων
598 259 735 296 ὁμοίωσιν,
772 259 861 298 ὥσπερ
897 258 933 289 εἷς

96 304 247 343 προγόνων
281 304 423 343 εὐγένειαν,
458 306 488 332 τὸ
535 303 566 331 δα
611 303 687 336 κλέος
738 303 843 331 ἐκείνων
873 302 937 340 ὑπὲρ

99 349 198 376 πίστιν
234 347 321 379 ἄλλως
356 347 448 378 δοκοῦν
490 347 531 376 διὰ
577 350 608 376 τὸ
644 347 788 388 παράδοξον
821 347 851 375 ὲκ
884 349 937 374 τῶν

100 393 249 432 παρόντων
290 393 463 430 πιστούμενος
482 402 489 409 ·
519 394 563 420 καὶ
605 393 675 431 παρά
717 403 745 420 τε
774 394 822 425 τῆς
851 390 938 428 ὅψεως

102 437 182 476 παρέ
205 448 232 465 τι
268 439 317 470 τῆς
343 437 426 471 ἀκοῆς
455 438 485 466 τὸ
513 438 576 477 πρὸς
598 437 693 477 ἀρετὴν
729 435 827 476 ἀνδρῶν
863 435 937 475 γόνι-

104 493 161 519 μον
199 482 242 509 καὶ
284 482 432 522 πολυφόρον
485 482 708 522 μαρτυρούμενος,
757 482 794 509 ὧν
834 480 938 508 ἅπασαν

104 525 204 565 πλήρη
220 526 268 560 τὴν
284 527 378 557 ἑαυτοῦ
398 527 546 566 περίχωρον
576 526 633 566 ἔχει
652 534 658 540 ·
677 525 757 555 ἄλλου
784 524 842 554 κατ’
873 522 938 552 ἄλλο

107 571 194 611 μέρος
223 571 304 604 αὒτῆς
346 571 372 599 ἐν
407 571 540 613 διαιροροις
577 578 680 610 καιροῖς
714 571 762 604 τὴν
785 573 830 598 τοῦ
856 568 938 597 καλοῦ

106 616 278 655 κατόρθωσιν
305 615 511 654 ἐπιδειξαμένου,
541 618 584 643 καὶ
621 616 710 654 μέντοι
740 616 783 643 καὶ
805 615 834 642 τὸ
861 617 938 651 σῶμα

108 660 183 698 μετᾶ
197 661 258 692 τοὺς
286 659 377 693 ἄθλους
406 660 485 690 αὺτοῦ
514 671 563 688 που
590 659 780 692 καταλιπόντος
808 659 878 697 παρα
892 659 938 686 τὸν

107 704 197 733 τόπον
227 707 276 738 τῆς
299 705 426 744 ἀγωνίας,
455 711 514 737 τοῖς
543 705 683 745 περιοίκοις
706 704 830 744 ἐνέχυρον
857 703 939 742 ἀσφα-

110 747 160 781 λὲς
185 749 330 789 σωτηρίας,

154 788 193 832 β’.
225 788 328 823 Τοιίτων
359 796 400 826 εἷς
429 795 473 823 καὶ
503 795 647 835 Δωρόθεος,
667 796 681 823 ὁ
703 794 785 833 μέγας
801 794 827 821 ὲν
849 794 936 826 ἀσκη-

111 844 176 869 ῖαϊς
196 847 204 855 ·
226 838 297 877 λέγω
324 838 351 866 δὲ
379 840 425 867 τὸν
454 838 511 867 νέόν
532 840 576 867 καὶ
604 839 661 868 καθ’
699 840 769 876 ἡμᾶς
787 847 794 855 ·
825 838 883 878 περὶ
908 837 939 866 οὗ

111 883 199 916 πολὺς
231 883 321 924 λόγος,
352 885 396 912 καὶ
424 888 527 924 μακρᾶς
564 887 715 925 συγγραφῆς
751 885 795 912 καὶ
825 884 938 922 ἱστορίας

111 927 240 966 δεόμενος
257 937 266 946 ”
295 930 362 967 ἡμῖν
384 928 406 956 δ’
423 929 587 969 ἀποχρήσειν
609 929 639 958 ἐκ
659 929 767 958 πολλῶν
781 928 857 968 ὀλίγα
871 927 940 956 δοκῶ

112 984 163 1010 μοι
182 975 190 988 ‘
207 973 264 1001 ἀντὶ
292 973 398 1002 πολλῶν
413 974 462 1013 γὰρ
483 977 575 1004 ταυτα.
592 973 641 1002 κᾶν
663 974 692 1002 οὒ
706 973 793 1002 πολλά
810 983 817 989 ·
835 972 942 1011 ἐπείπερ

111 1018 195 1046 ἱκανὰ
222 1018 266 1046 καὶ
295 1019 359 1046 αὐτὰ
387 1018 417 1046 τό
443 1029 471 1046 τε
492 1017 578 1058 ἄκρως
603 1018 748 1059 φιλόσοφον
776 1023 822 1047 τοῦ
849 1016 941 1056 ἀνδρὸς

115 1064 287 1102 παραστῆσαι
309 1063 353 1091 καὶ
379 1063 409 1090 τὸ
437 1063 505 1093 πάνυ
529 1062 660 1104 φιλόθεον,
691 1063 728 1091 ἔτι
756 1062 783 1091 δὲ
804 1063 848 1091 καὶ
876 1061 941 1095 ὅσης

114 1106 255 1141 ἀπήλαυσε
275 1110 323 1141 τῆς
353 1107 462 1147 χάριτος
489 1107 534 1136 ἐπὶ
554 1108 667 1146 τούτοις,
699 1108 742 1136 καί
764 1108 822 1146 πρὶν
851 1106 941 1135 ἐντεῦ-

114 1152 158 1179 θεν
187 1151 384 1187 ἀπαναστῆναι,
428 1151 564 1191 ὰῤῥαϐὦνα
605 1155 654 1186 τῆς
689 1153 732 1180 νῦν
767 1150 940 1189 ἐκδεξαμένης

117 1195 196 1224 οὖτὸν
218 1197 341 1236 καὶπρὸς
363 1197 427 1225 Θεὸν
453 1197 622 1229 οἷκειώσεως.
653 1198 733 1229 Οὗτος
762 1201 898 1235 τοιγαροῦν
927 1196 941 1223 ὁ

119 1244 243 1272 τοσοῦτος
266 1241 332 1281 ἐφύη
348 1241 395 1280 μέν
421 1243 498 1270 ποθεν
524 1241 594 1270 ἔνθεν
622 1241 648 1274 ἐξ
677 1241 809 1279 ἐπισήμου
837 1240 940 1271 πόλεως

117 1285 245 1324 γείτονος,
278 1285 378 1324 μᾶλλον
407 1285 434 1314 δὲ
461 1286 651 1325 μητροπόλεως
685 1286 771 1318 ἔθνους
799 1286 846 1314 οὒκ
874 1283 942 1312 ἄνω-

118 1331 211 1368 νύμου.
229 1332 430 1370 Τραπεζούντίος
452 1333 526 1372 γάρ’
550 1332 626 1372 γένος
653 1333 697 1361 καὶ
726 1333 778 1360 τῶν
807 1332 834 1360 εὖ
861 1342 940 1370 γεγο-

118 1375 214 1415 νότων,
232 1377 276 1404 καὶ
299 1378 352 1404 τῶν
374 1377 401 1404 ἐν
427 1376 497 1405 τέλει
519 1378 552 1405 τὰ
580 1378 672 1417 πρῶτα
690 1385 696 1392 ⁵
721 1377 748 1405 ἐν
768 1377 817 1416 γὰρ
844 1387 942 1415 1:11:91-

117 1420 184 1451 κίοις
214 1419 318 1449 ἐτέλουν
354 1422 376 1449 οἱ
404 1422 469 1461 πρὸς
504 1422 604 1461 πατρὸς
632 1421 743 1460 πατέρες
772 1423 842 1458 αὐτῷ
860 1430 866 1437 ⁸
898 1421 942 1448 καὶ

119 1464 220 1492 τούτων
248 1465 277 1493 οὗ
302 1472 361 1497 τοῖς
389 1465 415 1498 ἐξ
441 1465 552 1494 ἰδιωτῶν
582 1465 640 1506 ἄρτι
668 1467 771 1506 πρῶτον
807 1466 842 1497 είς
866 1470 942 1494 τοῦτο

121 1509 310 1549 παραγγείλασι
345 1511 376 1538 τὸ
413 1510 526 1548 ἀξίωμα,
564 1510 623 1538 ἀλλ’
652 1512 705 1546 οἷς,
735 1511 772 1541 ὡς
808 1509 838 1538 ἂν
869 1509 942 1537 εἴποι

122 1563 174 1590 τις,
200 1554 268 1582 κατὰ
294 1554 393 1594 κλῆρον
422 1555 454 1589 ἦν
488 1556 505 1589 ἡ
529 1555 657 1595 εὐγένεια,
677 1556 721 1583 καὶ
748 1556 790 1586 οὒς
819 1554 943 1594 γενεσίως

122 1596 159 1626 ἔτι
188 1599 232 1627 καὶ
270 1602 325 1639 νῦν,
366 1601 402 1632 ὡς
441 1600 572 1638 ἐπίσημόν
607 1611 631 1628 τι
666 1600 755 1639 γένους
786 1599 944 1639 λαμπρότα-

122 1653 178 1683 τον,
207 1645 266 1672 οἷον
296 1639 464 1682 Ἡρακλείδας
498 1645 569 1676 τινας
599 1646 642 1672 καὶ
671 1643 814 1676 Πελοπίδας
843 1644 943 1684 ἐπιφη-

123 1687 239 1724 μίζουσιν
244 1711 251 1718 .

162 1771 199 1815 γ’.
222 1775 271 1806 Ἐκ
298 1777 398 1805 τούτων
427 1777 471 1806 οὖν
506 1777 639 1817 προελθὼν
669 1779 712 1806 καὶ
746 1779 779 1806 τὶ
813 1781 859 1806 τοῦ
889 1778 945 1816 βίου

122 1822 246 1860 προοιμία
273 1821 324 1849 ὑπὸ
352 1821 518 1854 διδασκάλοις
546 1823 664 1861 κοσμίως
691 1823 735 1851 καὶ
764 1821 945 1862 παιδαγωγοῖς

123 1864 254 1899 διανύσας,
272 1866 309 1897 ὡς
325 1866 393 1898 εἰκὸς
415 1866 448 1900 ἧν
463 1865 548 1901 δήπου
564 1867 608 1895 τὸν
630 1869 724 1906 εὐγενῆ
742 1875 749 1881 ⁸
774 1866 818 1894 ὅτε
841 1869 945 1906 πρῶτον

123 1908 202 1942 ἀνέϐη
230 1908 407 1945 δωδεκαέτης,
444 1909 539 1944 ἡδίστη
567 1912 721 1939 καθίσταται
756 1912 859 1951 φροντὶς
888 1918 946 1943 τοῖς

124 1955 234 1993 πατράσι
269 1956 313 1983 καὶ
361 1955 454 1993 σκέψις
498 1954 541 1984 ἐπ’
584 1956 654 1993 αὒτῷ
688 1957 866 1996 παραχρῆμα,
904 1957 947 1984 καὶ

125 1997 204 2037 βουλὴ
250 1999 486 2046 περισποέδαστος,
529 2000 616 2039 γάμου
654 2000 800 2034 καταδῆσαι
837 1999 946 2038 δεσμοῖς

124 2045 166 2071 τὸν
189 2042 332 2083 ἐλεύθερον.
363 2042 418 2073 Ἔτι
445 2046 495 2085 γὰρ
525 2045 636 2082 ἠγνόουν
665 2047 688 2074 οἱ
721 2045 852 2084 ἂνθρωποι
874 2047 910 2078 ὡς
933 2047 947 2074 ὁ

123 2094 183 2120 πιϊς
212 2088 303 2121 αὖτοῖς
318 2089 500 2129 εὐγενέστερος
522 2090 572 2124 τὴν
601 2091 694 2130 ψυχὴν
723 2090 741 2124 ἢ
764 2091 794 2118 τὸ
809 2092 898 2128 σῶμα,
917 2090 946 2123 ὅς

124 2144 151 2171 γε
172 2133 216 2160 καὶ
244 2135 295 2172 πρὸ
316 2136 365 2166 τῆς
389 2137 545 2171 σωματικῆς
580 2134 685 2169 ἡλικίας
714 2135 778 2174 ὑπὲρ
815 2135 844 2162 τὸ
870 2138 947 2173 σῶμα

125 2178 264 2217 φρονήσας,
295 2178 338 2205 καὶ
374 2179 444 2218 παρὰ
470 2180 520 2213 τὴν
542 2179 650 2218 πρώτην
680 2179 751 2211 εὗθὺς
783 2180 819 2211 εἷς
841 2179 946 2218 ὑψηλό-

126 2221 183 2261 τέρα
205 2221 306 2259 βλέψας
328 2224 379 2250 τῶν
411 2226 506 2251 κοινῶν
541 2224 584 2251 καὶ
614 2223 821 2264 νενομισμένων,
851 2225 947 2264 σαρκὸς

127 2265 172 2302 μὲν
193 2266 236 2293 καὶ
259 2266 373 2303 α”ματος
403 2266 535 2306 ὑπεριδεῖν
570 2267 626 2296 δεῖν
655 2268 741 2304 ᾠήθη,
772 2267 833 2296 ὅλον
855 2268 881 2297 δὲ
907 2270 949 2297 καὶ

128 2313 200 2347 σῶμα
235 2311 279 2338 καὶ
314 2316 417 2348 πνεῦμα
455 2312 566 2350 καθαρὸν
596 2312 710 2350 τηρῆσαι
741 2316 778 2349 τῷ
807 2314 949 2352 πνεύματι.

128 2354 210 2392 Ταύτῃ
240 2366 281 2384 τοι
317 2356 360 2383 καὶ
395 2355 482 2387 ἄλλως
510 2358 562 2396 οὐχ
591 2356 663 2396 ἔχων
690 2355 719 2384 ἐκ
741 2360 789 2390 τῆς
819 2358 949 2397 κεφαλῆς,

129 2398 258 2436 ἐπιθυμίας
308 2400 406 2433 ταύτης
444 2407 551 2440 τυχεῖν,
588 2402 632 2429 καὶ
681 2404 733 2429 τῶν
768 2401 947 2431 ἇντελκόντων

129 2444 228 2471 ἐκείνων
279 2443 408 2482 έμποδίων
464 2445 654 2484 περιγενέσθαι,
720 2446 811 2474 ἑαυτὸν
861 2448 948 2486 σοφῶς

129 2488 310 2525 ὖπεκχλὲπτει,
340 2490 384 2518 καὶ
419 2491 490 2530 ταχὺ
518 2491 600 2529 φυγὰς
629 2492 643 2518 ὁ
675 2498 808 2530 γενναῖος,
833 2492 948 2521 ἐντεῦθεν

169 2577 212 2617 (1)
226 2576 302 2618 Ergo
319 2577 503 2618 Trapezunte
519 2583 614 2617 natus,
639 2579 749 2610 celebri
771 2580 887 2611 civitate
917 2581 953 2613 ad

131 2616 410 2660 PontumEuxinum,
421 2619 549 2660 quaealio
564 2629 683 2660 quoque
695 2620 815 2660 nomine
830 2620 956 2653 Oezenis

137 2658 308 2697 appellatur.
328 2658 378 2688 Est
394 2663 423 2689 et
437 2658 584 2699 Trapezus
614 2660 668 2690 alia
685 2660 719 2690 ad
737 2659 833 2690 sinum
851 2662 958 2693 Arabi-

132 2706 218 2728 cum:
253 2702 280 2728 et
308 2700 396 2741 tertia
426 2699 456 2741 in
482 2699 618 2741 Arcadia.
652 2700 708 2731 Sed
740 2701 777 2731 de
794 2701 893 2741 priore
909 2703 958 2733 hic

132 2745 235 2780 sermo,
266 2738 351 2780 cujus
380 2739 549 2780 antiquitati
578 2741 689 2778 grande
713 2738 806 2770 decus
836 2741 954 2774 addidit

134 2777 282 2821 imperiutn
296 2777 436 2821 Orientis,
444 2777 701 2821 rConstant'nopoli
719 2790 754 2810 eo
771 2781 807 2810 ab
821 2780 951 2821 impera-

133 2818 238 2861 toribus
247 2817 527 2860 Graecissazculuxm
538 2821 634 2861 transl.
646 2817 723 2860 tum,
742 2820 843 2861 ibique
859 2817 954 2852 annos

133 2857 187 2888 fere
202 2857 347 2889 ducentos
362 2864 523 2891 retentum.
544 2860 608 2892 Fuit
623 2857 725 2892 eadem
743 2857 840 2893 natale
857 2862 952 2893 solum

664 194 756 226 VITA
779 193 809 225 S.
832 193 1028 225 DOROTHEI
1048 193 1235 226 IUNIORIS.

1714 194 1793 226 1054

945 261 964 284 Α
975 256 1046 288 dum
1062 257 1112 289 illa
1125 268 1191 298 qua;
1206 268 1283 290 nunc
1299 264 1458 300 geruntur,
1475 260 1584 292 similia
1598 260 1635 291 iis
1647 270 1712 301 quae
1726 259 1797 290 olim

977 306 1160 340 gestasunta
1172 304 1370 343 generositate
1396 305 1539 344 majorum
1555 308 1734 345 nostrorum,
1753 303 1797 334 his

977 345 1052 386 ipsis
1067 347 1156 378 ﬁdem
1182 352 1332 387 praestant.
1362 349 1470 380 futuris
1496 348 1604 389 alioqui
1621 352 1741 389 propter
1755 348 1799 379 ni-

979 390 1068 421 miam
1078 400 1159 422 suam
1169 391 1430 424 admirabilitatem
1439 393 1677 431 incredibilibus;
1684 397 1712 423 et
1721 392 1798 423 visus

979 435 1155 476 audituSque
1172 436 1260 467 simul
1277 437 1477 468 testimonium
1493 437 1652 477 perhibent
1666 437 1799 468 fecundae

979 478 1130 511 hominum
1147 480 1265 511 illorum
1281 481 1317 512 ad
1333 482 1579 520 virtutemindoli,
1590 481 1799 523 quibusomnis

979 523 1036 554 late
1050 524 1131 564 regio
1147 524 1259 556 circum
1286 525 1416 557 abundat
1434 536 1441 566 ;
1472 526 1537 557 aliis
1551 530 1637 567 atque
1652 525 1728 563 aliis,
1747 535 1799 566 per

979 568 1109 600 diversas
1120 569 1184 609 ejus
1195 574 1294 609 partes
1307 574 1497 611 temporaque
1513 572 1652 612 praeclara
1658 570 1797 602 virtutum

979 614 1114 654 exempla
1129 614 1330 655 praebentibus
1341 626 1348 656 ;
1359 615 1429 656 quin
1439 616 1525 646 etiam
1542 625 1661 656 corpus,
1674 615 1797 646 decursa

979 658 1043 689 vitae
1058 659 1202 698 palaestra,
1219 659 1347 690 subinde
1362 659 1599 701 relinquentibus
1613 660 1643 691 in
1659 660 1724 690 loco
1736 668 1798 690 cer-

979 701 1098 732 taminis
1112 707 1252 734 tesseram
1268 703 1370 734 salutis
1382 704 1576 735 indubitatam
1585 703 1697 736 circum
1714 703 1796 734 inco-

979 745 1110 777 lentibus
1127 756 1312 779 mansurum.

1020 791 1048 822 2.
1063 790 1103 821 Ex
1115 791 1221 822 horum
1233 801 1356 823 numero
1369 793 1423 824 fuit
1434 793 1520 824 etiam
1534 794 1712 831 Dorotheus,
1721 803 1798 835 pm-

979 834 1076 866 clarus
1090 835 1140 867 i'le
1154 836 1185 867 in
1201 837 1302 877 paucis
1316 842 1430 868 ascetes
1447 850 1453 867 :
1472 837 1652 869 Dorotheum
1666 834 1733 870 dico
1746 839 1784 871 Ju

980 879 1108 921 niorem,
1120 880 1171 921 qui
1185 885 1285 912 nostra
1299 885 1383 912 zelate
1398 882 1497 913 ﬂoruit
1513 892 1521 922 ;
1537 883 1574 914 de
1589 892 1645 923 quo
1661 882 1802 924 frequens

981 933 1090 962 sermo,
1109 925 1209 956 multae
1224 925 1396 965 scriptionis
1410 935 1444 957 ac
1460 927 1641 957 narrationis
1656 927 1776 967 indigus
1793 938 1799 960 :

981 968 1033 999 sed
1049 969 1134 1000 nobis
1150 969 1307 1001 sutfectura
1319 974 1388 1011 puto
1404 979 1421 1001 ο
1436 971 1536 1002 multis
1551 980 1644 1012 pauca
1661 982 1669 1009 ;
1689 981 1756 1004 cum
1772 977 1803 1004 et

982 1021 1076 1053 pauca
1090 1013 1139 1044 illa
1164 1014 1324 1046 multorum
1354 1015 1447 1046 instar
1460 1015 1598 1047 habitura
1612 1016 1683 1055 sint,
1700 1021 1801 1058 utpote

981 1058 1204 1089 accommodata
1228 1059 1265 1090 ad
1289 1060 1564 1100 repraesentandum
1585 1070 1732 1093 summam
1748 1062 1802 1094 viri

982 1102 1156 1143 sapientiam
1186 1113 1392 1145 summamque
1421 1105 1619 1146 religionem;
1651 1110 1680 1137 et
1707 1106 1738 1138 in
1766 1107 1804 1138 iis

983 1150 1090 1187 quanta
1120 1153 1286 1189 pmventus
1311 1150 1349 1180 sit
1370 1149 1473 1190 gratia,
1506 1159 1654 1191 quamque
1678 1155 1800 1183 certam.

984 1191 1153 1232 priusquam
1169 1193 1238 1224 hinc
1245 1193 1415 1233 emigraret,
1428 1195 1577 1234 acceperit
1587 1196 1802 1234 arrbamillius,

984 1245 1040 1276 qua
1051 1246 1129 1268 nunc
1141 1237 1257 1275 fruitur,
1269 1238 1475 1270 familiaritatis
1486 1238 1603 1270 divinae.
1625 1239 1704 1271 Talis
1714 1240 1803 1280 igitur

983 1286 1139 1323 tantusque
1154 1284 1207 1324 vir,
1225 1293 1260 1315 ex
1275 1284 1324 1316 illa
1337 1285 1457 1324 regione
1470 1285 1628 1326 aliquando
1643 1285 1726 1317 duxit
1747 1287 1805 1317 ori-

981 1327 1092 1367 ginem,
1102 1332 1206 1372 utpote
1218 1333 1303 1360 natus
1322 1329 1352 1360 in
1368 1329 1478 1360 celebri
1491 1330 1575 1370 urbe,
1590 1330 1681 1361 Ponto
1694 1330 1802 1372 vicina,

983 1376 1032 1403 aut
1049 1371 1145 1412 potius
1170 1373 1200 1404 in
1230 1374 1386 1414 metropoli
1416 1374 1586 1406 clarissime
1613 1375 1719 1414 gentis.
1736 1375 1806 1406 Erat

983 1416 1062 1446 enim
1074 1425 1091 1447 a
1102 1416 1316 1458 Trapezuntius
1327 1418 1365 1459 (ι)
1382 1420 1389 1449 ε
1402 1427 1495 1458 genus
1507 1419 1628 1450 trahens
1647 1429 1663 1450 e
1678 1419 1803 1450 nobilis-

983 1460 1067 1491 simis
1078 1462 1222 1501 parentibx
1235 1472 1259 1500 s,
1269 1462 1365 1503 iisque
1378 1464 1405 1493 in
1417 1463 1586 1503 magistratu
1597 1463 1781 1505 principibus
1794 1475 1801 1504 ;

984 1505 1112 1545 majores
1121 1506 1231 1547 quippe
1245 1507 1310 1547 ejus
1323 1515 1357 1538 ex
1370 1511 1452 1547 parte
1465 1508 1556 1547 patris
1575 1508 1806 1540 numerabantur

954 1568 973 1592 ρ
987 1549 1063 1581 inter
1079 1552 1229 1590 patricios,
1247 1561 1306 1583 non
1332 1552 1399 1583 illos
1427 1552 1476 1593 qui
1501 1562 1607 1584 recens
1635 1562 1652 1584 e
1668 1553 1753 1594 plebe
1769 1554 1804 1584 ad

985 1595 1071 1625 istam
1084 1595 1256 1636 dignitatem
1280 1601 1486 1637 pervenerant,
1504 1601 1555 1628 sed
1573 1597 1680 1638 quibus
1695 1597 1806 1630 nobili-

987 1643 1041 1680 tas,
1054 1644 1084 1670 ut
1093 1640 1203 1678 dicam,
1216 1641 1402 1672 haereditaria
1414 1648 1478 1673 erat
1492 1651 1499 1680 ;
1519 1641 1629 1682 quique
1638 1642 1808 1674 etiamnunc

986 1683 1024 1714 ob
1039 1684 1153 1724 insigne
1168 1686 1311 1727 prosapiae
1326 1695 1387 1717 suae
1402 1687 1506 1727 decus,
1520 1686 1562 1717 uti
1570 1686 1807 1728 Heraclidaequi-

986 1728 1054 1759 dam
1069 1733 1118 1760 aut
1133 1730 1282 1771 Pelopidae
1297 1730 1346 1769 (2),
1363 1731 1529 1762 laudantur.

1027 1778 1057 1804 5.
1067 1774 1186 1806 Talibus
1198 1775 1295 1815 itaque
1303 1779 1463 1815 prognatus
1469 1774 1808 1815 parentibus,exordium

987 1817 1052 1849 vitae
1067 1819 1121 1850 sub
1137 1819 1294 1860 disciplina
1307 1819 1513 1859 magistrorum
1528 1829 1563 1850 ac
1583 1820 1809 1861 paedagogorum

988 1864 1139 1904 praeclare,
1156 1868 1187 1895 ut
1202 1864 1331 1895 nobilem
1352 1868 1448 1904 pecet,
1466 1864 1591 1904 peregit.
1610 1864 1665 1896 Ubi
1681 1864 1808 1905 primum

987 1908 1081 1948 attigit
1095 1918 1206 1940 annum
1221 1908 1316 1940 aetatis
1332 1908 1553 1947 duodecimum,
1583 1909 1679 1940 suavis
1698 1909 1810 1940 sollici-

989 1952 1058 1983 tudo
1080 1953 1248 1990 [arentibus
1275 1952 1380 1984 oborta
1409 1956 1465 1993 est,
1490 1953 1748 1985 considerantibus
1776 1963 1810 1985 ac

988 1997 1120 2028 studiose
1134 1997 1368 2029 consultantibus
1391 1997 1429 2028 de
1454 1997 1514 2029 {Ilio
1542 1998 1572 2028 in
1588 1999 1811 2029 matrimonium

988 2042 1172 2074 collocando.
1200 2041 1378 2082 lgnorabant
1400 2042 1481 2073 enim
1509 2047 1634 2075 eatenus
1662 2043 1812 2084 homines,

990 2096 1112 2127 puerum
1130 2086 1322 2127 illum_animi
1344 2086 1436 2126 magis
1450 2096 1537 2128 quam
1554 2087 1688 2128 corporis
1703 2087 1812 2119 nobili-

989 2136 1047 2163 tate
1064 2135 1213 2172 praestare,
1231 2131 1282 2172 qui
1297 2135 1364 2162 ante
1380 2135 1494 2162 aetatem
1519 2133 1706 2172 corporalem
1722 2142 1813 2173 supra

990 2186 1097 2217 corpus
1110 2177 1240 2216 sapiens,
1269 2185 1286 2206 a
1314 2175 1425 2207 teneris
1440 2176 1537 2207 statim
1554 2176 1640 2208 annis
1655 2177 1811 2208 oculorum

990 2221 1083 2252 aciem
1099 2221 1128 2251 in
1145 2221 1330 2258 sublimiora,
1346 2229 1434 2260 quam
1451 2220 1607 2261 putabatur
1621 2225 1651 2252 et
1666 2221 1716 2252 alii
1746 2221 1813 2261 ple-

991 2275 1116 2307 rumque
1124 2266 1230 2303 solent,
1244 2264 1371 2296 intendit
1384 2277 1391 2300 ;
1405 2274 1578 2305 persuasum
1592 2266 1714 2304 habens,
1731 2265 1813 2297 carni

992 2315 1021 2342 ct
1036 2311 1171 2350 sanguini
1185 2309 1395 2341 remittendum
1412 2311 1547 2340 nuntium
1565 2320 1642 2350 esse,
1662 2315 1815 2352 totumque

993 2361 1132 2397 etcorpus
1140 2360 1169 2386 et
1179 2356 1311 2386 animum
1322 2354 1352 2385 in
1365 2356 1508 2386 munditia
1519 2355 1635 2396 spiritui
1650 2365 1812 2387 resertan-

991 2401 1074 2432 dum.
1092 2400 1192 2441 Itaque
1207 2400 1381 2440 desperans.
1407 2400 1493 2431 aliter
1517 2405 1684 2440 compotem
1701 2410 1733 2431 se
1750 2401 1813 2432 ﬁeri

990 2445 1192 2478 ardentissimi
1203 2443 1346 2476 desiderii
1356 2444 1401 2474 sui
1412 2449 1440 2475 et
1452 2445 1636 2476 ubstacutaid
1648 2445 1813 2486 impedien-

991 2492 1030 2522 tia
1042 2499 1234 2533 perrumpere
1246 2498 1331 2530 posse
1345 2498 1353 2527 ;
1366 2489 1439 2519 clam
1456 2499 1522 2520 sese
1536 2489 1676 2520 subducit
1691 2493 1720 2520 et
1735 2490 1815 2521 cele-

950 913 969 938 Β

997 2580 1138 2613 celeberri
1143 2589 1256 2610 morum
1264 2578 1817 2619 virorumGeorgii,vulgoTrapezuntii,

997 2627 1026 2653 et
1040 2620 1201 2653 cardinalis
1216 2620 1411 2652 Bessarimis.

1039 2664 1080 2701 ('2)
1097 2663 1166 2693 Duae
1182 2661 1227 2691 hae
1241 2660 1369 2701 familiae
1392 2659 1596 2691 celeberrimae
1620 2657 1820 2701 Censebantnr

1000 2699 1181 2733 ab'llercule
1196 2705 1225 2730 et
1240 2700 1347 2740 Pelope
1368 2701 1473 2735 ductae,
1501 2700 1578 2730 inter
1593 2709 1665 2740 quas
1679 2699 1716 2740 de
1732 2699 1820 2740 Peto-

995 2742 1118 2782 ponensi
1137 2738 1325 2782 possessione
1339 2741 1428 2782 adeo
1459 2741 1570 2782 famosa
1587 2738 1737 2782 contentio
1754 2739 1818 2782 (uti,

996 2778 1026 2812 ιιι
1042 2778 1266 2813 Heraclidarum
1291 2781 1321 2812 in
1337 2781 1416 2811 illam
1441 2781 1554 2811 reditus
1569 2779 1716 2819 aliquibus
1732 2778 1818 2809 etiam

996 2831 1048 2861 pro
1065 2818 1179 2862 epocha
1207 2824 1304 2852 IUBI'IL
1336 2820 1409 2852 Vide
1435 2820 1582 2852 Salianum
1611 2830 1638 2851 α.
1662 2828 1702 2850 ιιι.
1728 2819 1819 2857 295”,

997 2872 1078 2894 num.
1096 2862 1126 2894 3.
