1975 3071
119 170 131 203 1
137 172 196 207 057

683 180 776 214 VITA
799 181 828 212 S.
854 178 1047 212 DOROTHEI
1067 177 1244 213 JUNIORIS

1730 177 1807 212 1058

119 243 250 283 ἐχόμενα,
274 246 390 285 καθάπερ
420 245 587 280 πολύπλοκος
615 248 688 288 σειρά
723 259 764 280 τις
791 252 891 288 χρυοῆ,
914 249 940 276 τὶ

994 248 1125 288 {ueniam
1151 249 1244 288 magis
1271 249 1405 281 minusve
1430 249 1556 289 insignis
1581 249 1707 280 evaserit
1720 254 1807 290 atque

119 296 255 327 γενναῖον,
280 291 310 318 τὸ
334 291 478 330 πρόθυμον,
502 303 529 319 τε
558 291 757 331 λελογισμένον,
780 294 810 321 τὸ
836 292 942 333 περιδέ-

120 332 185 370 Ξιον,
210 335 240 362 τὸ
265 336 359 363 θᾶττον
382 336 399 369 ἢ
428 335 598 370 κελευσθῆναι
628 338 692 377 πρὸς
714 339 744 365 τὸ
772 337 942 375 κελευόμενον

119 379 285 419 ὓπακοεύειν,
302 381 332 407 τὸ
361 387 480 419 κρεῖττον
513 380 615 413 ἐλπίδος
637 381 752 414 ἐξανύειν
780 383 810 409 τὸ
841 381 915 421 ἔργον
933 389 940 397 ’

121 423 165 451 ἐπὶ
187 427 263 459 πᾶσι,
287 425 317 452 τὸ
346 425 450 453 πάντων
479 425 646 463 ὕψηλότατὸν
677 437 705 454 τε
739 428 781 454 καὶ
806 426 941 466 μέγιστον,

120 469 152 496 τὸ
174 468 257 506 μηδὲν
286 469 356 508 μέγα
384 471 523 508 κατορθοῦν
552 470 664 511 οἷέσοαι,
694 470 742 499 κᾶν
773 472 805 499 τὰ
839 471 944 499 πάντων

121 512 215 552 ἄριστα
249 513 429 553 κατεπράξατο
447 524 453 530 ·
494 514 561 542 ἀλλὰ
597 517 663 555 πρὸς
700 516 748 549 τὴν
778 516 945 548 Λεσποτικὴν

121 559 184 596 ὁρᾷν
200 557 323 597 ἐντολὴν,
345 559 389 586 καὶ
405 559 472 595 μετὰ
495 560 544 592 τὴν
566 563 617 588 τῶν
646 561 751 588 πάντων
779 559 944 598 ἐκπλήρωσιν

121 601 234 642 ἁχρεῖδν
255 603 346 630 ἑαυτὸν
369 603 463 631 καλεῖν
491 602 592 643 δοῦλον,
622 605 665 633 καὶ
694 606 743 638 τῆς
772 607 825 632 τῶν
839 605 942 643 1ἃπηρε-

121 647 255 684 τουμένων
278 647 361 687 εὐχῆς
377 648 420 675 καὶ
436 647 555 687 εὐλογίας
571 648 684 682 ἀνάξιτιν,

984 291 1275 332 apparuerit.0mnia
1289 294 1368 324 enim
1383 294 1446 333 ejus
1457 293 1596 324 virtutum
1608 293 1716 324 decora
1728 294 1807 325 inter

984 345 1016 366 se
1032 337 1112 376 paria
1126 346 1160 367 ac
1176 337 1340 375 simillima,
1365 342 1394 368 et
1409 338 1444 368 ad
1461 338 1554 369 instar
1576 342 1687 369 catenae
1710 348 1807 370 aurea;

986 381 1144 412 multorum
1158 381 1335 412 annulorum
1348 392 1480 412 connexa
1489 386 1583 420 erant;
1598 391 1705 422 nempe
1716 383 1806 414 animi

985 425 1050 464 ejus
1073 425 1243 464 magnitudo
1268 435 1302 457 ac
1327 427 1538 467 promptitudo,
1567 427 1734 466 prudentia,
1757 437 1807 459 sa-

986 469 1280 509 pientia,obedieutia
1297 470 1465 501 mandatum
1480 475 1668 511 praeverteris,
1681 480 1789 503 exsecu

985 515 1027 544 tio
1043 523 1164 554 operum
1184 515 1342 554 perfectior
1357 524 1443 555 quam
1468 515 1581 556 sperari
1601 522 1711 556 posset;
1726 517 1807 548 deni.

986 567 1042 598 que
1056 560 1135 598 quod
1154 559 1285 589 omnium
1312 560 1492 600 praecipuum
1519 564 1548 590 et
1574 559 1731 591 maximum
1750 568 1806 602 est,

986 603 1031 633 sui
1046 604 1203 634 aestimatio
1220 613 1276 644 qua
1292 604 1365 635 nihil
1380 604 1538 645 quidquam
1556 604 1696 644 praclare
1712 605 1777 637 ﬁeri
1792 615 1809 637 a

986 656 1017 677 se
1030 648 1280 687 putabat,tametsi
1292 649 1520 689 praeclarissima
1530 658 1654 690 quaeque
1670 659 1808 689 operare-

121 695 188 731 tur;
204 691 256 722 sed
272 690 457 722 Dominicum
473 692 638 733 respiciens
655 698 845 734 praeceptum,
861 702 927 724 cum
953 692 1052 722 omnia
1079 692 1264 732 explevisset,
1281 693 1418 724 inutilem
1433 702 1465 724 se
1480 693 1543 734 ipse
1557 693 1724 734 appellabat
1739 704 1806 726 ser-

121 736 228 778 vumqe,
243 739 270 766 et
286 735 346 767 Deo
361 736 565 767 famulantium
582 738 733 778 precibus,
751 743 781 769 et
796 737 1005 770 benedictione
1019 736 1183 775 indignum.

160 775 210 817 ς’.
241 781 315 810 Οὕτω
336 780 358 808 δ’
374 781 416 810 ἐπὶ
443 783 574 820 μήκιστον
596 784 693 823 χρόνον
720 791 780 816 ταῖς
806 785 938 814 τοιαύταις

122 826 254 865 ἐργασίαις
287 825 483 866 διαγενόμενος,
513 829 555 856 καὶ
583 827 665 861 δεξιὸς
693 829 729 860 ὡς
759 828 839 861 ἄλλος
861 827 941 860 οὒδεὶς

120 871 154 898 τὰ
187 871 252 908 πρὸς
287 871 423 910 θεραπείαν
462 872 604 912 ἀνθρώπων
642 875 826 913 μαρτυρηθεὶς,
856 873 944 901 ἐντεῦ-

120 917 164 943 θεν
185 914 255 947 ἄξιος
277 915 391 954 κρίνεται
412 917 455 944 καὶ
489 920 554 945 Θεοῦ
583 917 756 958 λειτουργίας,
778 919 822 946 καὶ
850 917 942 946 διακο-

122 961 204 994 νήσας
229 959 318 991 καλῶς
351 960 395 999 (τὸ
423 961 472 1000 γὰρ
500 961 674 990 ἀποστολικὸν
697 964 782 992 εἰπεῖν
810 962 940 1002 εὔκαιρον)

122 1005 222 1042 βαθμὸν
266 1004 351 1042 ἐαυτῷ
393 1004 474 1032 καλὸν
520 1013 709 1045 περιποιεῖται,
754 1008 780 1035 ἐν
833 1006 943 1046 καθέδρᾳ

122 1047 301 1088 πρεσϐυτέρων
330 1050 414 1077 αἰνεῖν
442 1050 487 1078 τὸν
531 1051 623 1091 Κύριον
667 1052 775 1084 εἰκότως
812 1051 940 1084 ἀξιωθείς.

122 1095 172 1122 Τὸν
200 1093 226 1121 δὲ
255 1097 373 1122 τοιοῦτον
411 1095 510 1132 βαθμὸν
544 1095 682 1130 ἐπιστεύθη
725 1097 773 1134 μὲν
809 1097 837 1124 εὖ
871 1096 943 1134 μάλα

121 1141 324 1176 κατακοσμῆσαι
360 1137 393 1166 δι’
430 1139 512 1179 ἔργων
540 1141 592 1168 τῶν
627 1141 796 1174 καθηκόντων
813 1149 820 1156 ⁸
860 1151 941 1169 κατε-

120 1183 241 1220 κόσμησε
263 1182 289 1210 ἔὲ
305 1182 407 1220 μᾶλλον
423 1184 440 1217 ἢ
457 1184 595 1218 ἐπιστεύθη
615 1194 620 1200 ”
646 1185 714 1214 οὕτω
729 1186 778 1223 μὲν
793 1185 942 1226 φιλοπόνως

121 1228 179 1267 περὶ
217 1228 265 1261 τὴν
302 1228 373 1266 ἱερὰν
408 1227 569 1268 λειτουργίαν
607 1230 705 1263 ταύτην
733 1229 869 1268 διατεθεὶς,
905 1231 942 1261 ὼς

122 1271 164 1299 ἐπὶ
179 1271 250 1304 ὅλοις
279 1272 346 1300 ἔτεσι
375 1271 429 1301 δυσὶ
457 1274 501 1301 καὶ
529 1273 667 1312 ἐξήκοντα,
691 1274 717 1307 ἐς
732 1274 793 1303 ὅτου
814 1275 860 1302 τὸν
874 1285 942 1314 πρε-

122 1314 244 1355 σϐύτερον
260 1315 409 1353 ἀνεδέξατο,
426 1317 503 1345 αὒτὸν
518 1318 576 1346 καθ’
605 1319 720 1352 ἑκάστην
746 1319 779 1346 τὰ
799 1321 849 1353 τῆς
879 1318 942 1347 εὔα-

120 1364 182 1399 γοῦς
205 1362 390 1400 μυσταγωγίας
413 1360 546 1389 ἐπιτελεῖν
575 1362 664 1395 πάσης
700 1362 759 1390 ἄνευ
786 1363 942 1402 προφάσεως

120 1406 163 1433 καὶ
199 1404 276 1432 ὄκνου
310 1404 372 1445 δίχα
401 1406 499 1437 παντός
519 1415 526 1422 ·
571 1406 639 1434 οὕτω
667 1406 693 1434 δὲ
722 1406 871 1447 φιλοσόφως
900 1408 943 1435 καὶ

119 1451 251 1488 καθαρῶς,
267 1450 304 1480 ὼς
334 1450 400 1486 μετᾶ
422 1450 471 1484 τὴν
497 1449 556 1478 νέαν
585 1451 668 1488 μονὴν
696 1452 765 1490 (περι
785 1452 817 1484 ἦς
853 1452 943 1487 αὐτίκα

120 1493 265 1533 λελέξεται)
305 1495 349 1522 καὶ
383 1495 432 1528 την
467 1496 532 1534 πρὸς
567 1496 666 1529 ταύτην
707 1495 849 1533 μετάϐασιν
879 1497 943 1534 μήτ’

121 1538 195 1570 ἐκτὸς
224 1542 277 1566 τῶν
299 1538 365 1578 ὅρων
394 1539 476 1573 αὐτῆς
501 1541 534 1568 τὰ
563 1543 617 1568 τῶν
639 1539 725 1569 ποδῶν
756 1539 823 1580 ἴχνη
845 1542 972 1581 θετναι,α

120 1584 188 1620 μήτε
218 1585 320 1622 γυναικὶ
341 1584 370 1611 τὸ
399 1585 522 1622 παράπαν
544 1586 580 1616 εἰς
606 1584 666 1623 ὄψιν
687 1585 830 1623 ὑπομεῖναι
859 1596 943 1625 παρι-

120 1628 239 1666 γενέσθκι
257 1636 263 1643 ·
289 1629 332 1656 καὶ
359 1631 411 1656 τῶν
439 1627 537 1667 ἀνδρῶν
563 1629 600 1667 δὲ,
618 1630 708 1667 μόνοις
724 1631 760 1662 ὡς
779 1628 870 1663 ἥδιστα
885 1641 943 1658 ουν-

122 1679 190 1700 ετναι
212 1679 270 1704 τοῖς
301 1672 442 1713 φιλοθέοις,
476 1675 520 1701 καὶ
549 1674 598 1707 τήν
626 1674 722 1714 ἀρετὴν
757 1673 850 1707 ἐπίσης
873 1675 942 1711 αὒτῷ

121 1715 229 1750 διηνεκῆ
277 1716 392 1754 μελέτην
438 1718 641 1756 πεποιημένοις,
683 1722 736 1746 τῶν
783 1717 805 1746 δ’
847 1718 940 1758 ἑτέρως

122 1762 241 1801 ἐχόντων
262 1762 308 1793 τὰς
325 1761 429 1799 ὁμιλίας
452 1762 638 1802 ἐκτρέπεσθαι·
664 1763 749 1800 ἑαυτῷ
770 1761 796 1790 δὲ
826 1770 942 1796 συνεῖναι

119 1809 163 1836 καὶ
185 1811 243 1845 Θεῷ
271 1809 305 1835 τὰ
332 1807 432 1846 πολλὰ,
455 1808 507 1848 οὐχ
535 1808 625 1841 ἁπλῶς
645 1809 692 1840 τὰς
719 1809 814 1848 εὐχὰς,
838 1808 889 1836 οὔδ’
905 1810 942 1840 ὡς

121 1853 151 1880 ἅν
179 1863 218 1884 τις
247 1851 326 1884 ἄλλος
355 1852 554 1893 ἀφοσιούμενος,
593 1852 652 1881 ἀλλ’
689 1852 796 1892 ὄμϐροις
824 1853 942 1884 ἀεννάοις

121 1897 235 1936 δακρύων
264 1896 440 1937 καταϐρέχων
462 1898 492 1925 τὸ
521 1896 624 1937 ἔδαφος,
654 1901 692 1935 τῷ
721 1898 782 1935 θείῳ
810 1898 870 1937 πυρὶ
894 1901 942 1931 τῆς

121 1942 273 1979 θαυμαστῆς
316 1941 479 1974 κατανύξεως
525 1941 702 1981 εὒαγγελικὼς
745 1943 793 1976 τὴν
837 1941 943 1981 καρδίαν

122 1986 266 2024 καιομένην
289 1986 360 2026 ἔχων
389 1986 416 2015 ἐν
439 1987 532 2024 ἑαυτῷ,
564 1987 608 2014 καὶ
634 1987 665 2015 τὸ
685 1987 837 2026 πρόσωπον,
854 1986 942 2026 ὥσπερ

121 2032 135 2059 ὁ
165 2031 285 2065 Θεόπτης
314 2032 343 2059 τὸ
379 2032 518 2072 πρότερον,
548 2031 577 2059 ἐκ
605 2034 654 2065 τῆς
692 2033 772 2065 αὐτῆς
795 2032 877 2064 αἰτίας
900 2032 943 2061 καὶ

122 2077 195 2108 οὗτος
224 2075 413 2114 δεδολασμένον
442 2075 542 2108 δεικνὺς
571 2077 615 2104 καὶ
650 2080 743 2115 μικροῦ
770 2088 794 2104 τι
822 2083 942 2116 κρεῖττον

121 2121 219 2157 ὁμοίως
262 2120 349 2158 ὅψεως
386 2121 561 2160 ἀνθρωπίνης.
603 2120 692 2152 Οὕτως
725 2119 781 2158 ᾔδει
821 2124 900 2158 τιμᾷν
929 2122 943 2149 ὁ

121 2165 188 2204 ἱερὸς
223 2164 325 2195 ἐκεῖνος
359 2165 513 2204 ἱερωσύνην,
549 2164 617 2193 οὕτω
652 2163 675 2192 δ’
704 2165 735 2192 αὖ
773 2164 851 2193 πάλιν
880 2164 943 2204 παρ’

1021 781 1048 811 6.
1060 780 1132 812 Cum
1149 781 1255 813 talibus
1267 782 1437 821 longissimo
1452 786 1585 823 tempore
1595 783 1726 816 dedisset
1736 794 1808 825 ope-

982 833 1045 855 ram
1055 826 1203 856 exercitiis
1211 827 1398 858 ethominum
1407 827 1626 858 lamulatuitam
1638 833 1806 870 promptum

983 878 1016 900 se
1027 870 1168 901 exhibere
1181 870 1320 910 probatus
1336 876 1424 911 esset,
1443 875 1474 902 ut
1489 881 1577 902 nemo
1592 872 1685 912 magis
1700 873 1807 912 dignus

985 922 1102 954 quoque
1113 914 1262 953 judicatus
1278 915 1387 955 estqui
1411 915 1511 946 divino
1539 916 1637 947 missae
1661 917 1808 948 sacrificio

985 958 1204 998 applicaretur;
1220 962 1248 990 et
1258 959 1375 999 egregie
1386 959 1582 990 ministerium
1600 969 1687 991 suum
1702 961 1808 993 obiens

986 1002 1034 1042 (ad
1050 1012 1113 1033 rem
1129 1003 1238 1044 quippe
1253 1003 1321 1035 facit
1335 1004 1470 1044 Apostoli
1483 1005 1631 1036 sententia
1643 1005 1806 1046 5),gradum

984 1046 1039 1077 sibi
1055 1047 1164 1078 bonum
1189 1048 1354 1088 acquisivit,
1377 1058 1412 1079 ex
1435 1049 1541 1080 merito
1567 1049 1685 1090 dignus,
1711 1051 1762 1091 qui
1776 1051 1807 1082 in

983 1091 1124 1122 cathedra
1133 1093 1284 1123 seniorum
1306 1093 1438 1124 laudaret
1448 1094 1618 1126 Dominum.
1635 1094 1806 1127 Istiusmodi

984 1145 1072 1176 porro
1095 1137 1230 1176 gradum,
1256 1146 1309 1178 per
1326 1147 1445 1178 operam
1470 1138 1570 1170 eidem
1585 1140 1805 1178 convenientia,

984 1180 1115 1212 creditus
1143 1181 1196 1212 fuit
1223 1191 1310 1222 quam
1334 1182 1446 1222 optime
1468 1192 1593 1222 ornare;
1610 1184 1663 1215 sed
1691 1184 1806 1216 ornavit

985 1225 1083 1266 reipsa
1095 1226 1187 1266 magis
1202 1236 1288 1266 quam
1298 1227 1428 1258 creditus
1439 1227 1494 1258 fuit
1508 1238 1515 1258 :
1532 1236 1599 1258 nam
1616 1233 1805 1260 sacrosancto

984 1270 1130 1301 sacrificio
1145 1271 1322 1311 operabatur
1338 1275 1418 1302 tanta
1427 1271 1546 1312 quidem
1558 1281 1624 1303 cum
1635 1273 1804 1311 sedulitate,

984 1319 1015 1345 ut
1031 1315 1100 1346 totis
1119 1315 1269 1355 saxaginla
1293 1316 1409 1347 duobus
1436 1316 1533 1356 annis,
1549 1326 1584 1347 ex
1612 1326 1670 1357 quo
1700 1317 1806 1348 ordine

984 1360 1159 1390 sacerdotali
1175 1360 1306 1391 initiatus
1320 1360 1385 1397 fuit,
1398 1370 1513 1392 sacram
1533 1361 1658 1391 hostiam
1675 1361 1735 1392 Deo
1751 1361 1804 1392 ob-

986 1404 1085 1434 tulerit
1105 1405 1247 1444 quotidie,
1273 1405 1353 1435 nulla
1383 1414 1415 1436 se
1442 1405 1582 1445 impediri
1604 1405 1640 1436 ab
1670 1405 1804 1437 instituto

985 1457 1085 1488 causa,
1104 1447 1186 1479 nullo
1203 1452 1331 1488 torpore,
1347 1448 1558 1489 passus.Tanta
1573 1458 1641 1480 vero
1657 1458 1723 1481 cum
1736 1458 1806 1489 pru-

985 1491 1085 1523 dentia
1112 1496 1141 1523 et
1167 1493 1315 1532 puritate;
1339 1496 1372 1524 ut
1400 1499 1467 1533 post
1489 1493 1667 1524 aediﬁcatum
1697 1503 1805 1525 novum

985 1537 1210 1573 monasterium,
1228 1537 1266 1568 de
1290 1547 1347 1578 quo
1367 1546 1435 1568 mox
1457 1546 1556 1569 sermo
1572 1538 1640 1577 erit,
1656 1542 1685 1569 et
1699 1538 1805 1569 factam

984 1589 1018 1611 eo
1048 1581 1335 1621 commigrationem,
1364 1591 1514 1622 nunquam
1543 1586 1627 1613 extra
1645 1586 1728 1623 septa
1743 1583 1806 1623 ejus

985 1625 1091 1665 pedem
1119 1626 1267 1664 extulerit,
1297 1631 1347 1658 aut
1376 1627 1530 1657 mulierem
1565 1627 1686 1658 omnine
1715 1627 1805 1658 ullam

983 1674 1174 1710 conspectum
1205 1680 1290 1702 suum
1325 1670 1426 1703 subire
1459 1671 1642 1703 sustinuerit.
1667 1671 1739 1703 Cum
1769 1671 1806 1702 iis

985 1718 1097 1745 tantum
1115 1714 1184 1746 viris
1195 1715 1369 1747 suavissime
1385 1715 1622 1756 conversabatur,
1640 1716 1690 1756 qui
1705 1725 1807 1748 amore

986 1758 1036 1789 Dei
1052 1759 1214 1797 ﬂagrabant
1229 1763 1258 1790 et
1274 1765 1425 1800 perpetua,
1443 1761 1485 1792 uti
1499 1761 1577 1800 ipse,
1590 1761 1706 1792 virtutis
1717 1770 1805 1792 exer-

984 1803 1053 1834 citia
1067 1803 1206 1844 obibant;
1225 1813 1327 1834 eorum
1339 1814 1419 1842 vero,
1436 1805 1487 1845 qui
1502 1805 1589 1836 aliter
1599 1805 1696 1836 all‘ecti
1709 1809 1804 1843 erant,

983 1847 1229 1878 consuetudinem
1258 1848 1437 1880 declinabat.
1468 1848 1574 1880 Secum
1605 1853 1634 1879 et
1657 1858 1724 1880 cum
1744 1850 1806 1881 Deo

984 1891 1089 1931 agebat
1102 1892 1288 1933 plerumque,
1301 1902 1359 1923 non
1375 1893 1437 1924 sola
1449 1893 1518 1924 huic
1528 1902 1638 1933 praeces
1652 1902 1806 1934 suas,que.-

986 1935 1175 1967 n.admodum
1198 1937 1247 1967 alii
1268 1937 1374 1977 solent,
1400 1937 1595 1977 persolvens;
1612 1937 1664 1969 sed
1690 1938 1806 1969 interea

984 1984 1126 2021 perpetuo
1150 1981 1239 2012 etiam
1266 1981 1461 2022 lacrymarum
1486 1981 1584 2013 imbre
1607 1981 1805 2022 pavimentum

984 2025 1083 2065 rigans
1100 2037 1106 2056 :
1124 2025 1350 2057 circumferebat
1375 2025 1456 2057 enim
1480 2035 1543 2064 cor,
1557 2027 1642 2066 juxta
1670 2026 1804 2066 Evange-

985 2070 1057 2101 lium
1072 2070 1099 2108 4,
1115 2070 1214 2101 divina
1223 2071 1297 2101 mire
1308 2070 1547 2111 compunctionis
1562 2071 1681 2110 ﬂamma
1696 2071 1806 2102 ardens

984 2115 1014 2145 in
1026 2115 1136 2155 seipso.
1154 2115 1317 2155 eademque
1333 2124 1368 2146 ex
1383 2124 1471 2146 causa
1486 2115 1661 2155 praeferebat
1686 2114 1802 2153 faciem,

984 2164 1016 2190 ut
1031 2159 1100 2190 olim
1116 2159 1141 2190 is
1165 2159 1212 2199 (6)
1226 2159 1277 2200 qui
1292 2159 1385 2190 Deum
1409 2159 1532 2197 viderat,
1557 2159 1751 2198 glorificatam
1777 2163 1806 2191 et

122 2208 224 2242 ἐκείνης
253 2209 449 2246 ἀντιτιμᾶσθαι.
477 2210 507 2238 Τί
528 2208 555 2236 δὲ
585 2211 630 2238 οὒκ
656 2208 776 2246 ἔμελλεν,
808 2211 830 2246 ᾤ
850 2213 940 2238 τοο-οὖ-

994 2204 1095 2244 tliquid
1107 2204 1234 2235 humana
1246 2204 1346 2244 specie
1362 2204 1456 2244 majus
1472 2203 1673 2235 exhibentem.
1690 2204 1733 2235 [ta
1747 2212 1805 2234 no-

125 2264 165 2281 ιον
194 2252 340 2291 ἐξέλαμψεν
364 2254 377 2281 ὁ
399 2254 455 2292 βίος
477 2255 491 2282 ὁ
518 2254 586 2291 μετὰ
617 2256 708 2293 ταῦτα,
738 2254 782 2282 καὶ
809 2254 942 2285 τοιαύταις

121 2299 150 2325 τὸ
177 2299 250 2326 θετον
285 2298 433 2337 θεραπείαις
466 2297 646 2336 ἐξῳκειώσατο
667 2298 728 2334 (ἵνα
757 2298 795 2335 μὴ
823 2299 855 2326 τὰ
884 2297 942 2326 καθ’

121 2342 217 2370 ἕκαστα
229 2346 282 2371 τῶν
297 2341 384 2370 ἄλλων
406 2342 487 2370 ἐπιὼν
501 2341 647 2382 διατρίϐω),
672 2343 708 2374 ὡς
735 2343 778 2370 καὶ
805 2343 944 2380 θεαμάτων

121 2386 275 2426 ἀποῤῥήτων
305 2386 446 2420 ἀξιωθῆναι
484 2388 529 2415 τὸν
572 2385 663 2426 ἄνδρα,
707 2387 750 2414 κιὶ
794 2387 943 2426 μυστηρίων

121 2430 244 2470 μεγάλων
265 2431 431 2469 ἀποκάλυψιν
460 2430 590 2468 δέξασθαι,
626 2436 661 2459 Θν
690 2433 719 2459 τὸ
749 2431 823 2463 τέλος
849 2434 945 2471 ψυχῶν

121 2476 256 2514 οἰκονομία
278 2477 321 2504 καὶ
343 2476 460 2516 σωτηρία
482 2474 626 2516 παράδοξον
660 2477 709 2514 μὲν
737 2476 786 2510 τὴν
822 2476 945 2517 ἀφορμὴν

160 2574 173 2596 9
187 2575 259 2606 Luc.
277 2582 350 2613 xm,
366 2575 415 2607 10.
457 2575 473 2600 5
492 2574 518 2606 ΙΙ
532 2574 610 2606 Tim.
623 2583 643 2613 ι,
661 2574 689 2607 3.

161 2678 203 2718 (4)
219 2679 276 2709 Pro
291 2676 542 2718 énOﬁclegebatur
555 2677 585 2708 in
600 2676 746 2717 ecgrapho
762 2680 861 2707 nostro
876 2675 942 2709 ἀλη-

121 2719 167 2752 θὴς
185 2727 194 2756 ;
212 2727 272 2749 non
287 2722 368 2749 recte
382 2717 440 2748 hoc
456 2718 534 2749 loco.

160 2758 311 2798 (5)⁷1“έννα,
329 2758 492 2796 A’ativitas,
510 2758 621 2795 Ortus;
643 2756 786 2798 fortassis,
803 2757 871 2797 quia
887 2755 943 2787 sub

123 2797 205 2829 titulo
220 2797 329 2829 Natalis
345 2798 491 2830 Dominici
507 2798 661 2830 dedicatus
674 2797 757 2828 locus
771 2801 844 2829 orat.

983 2253 1067 2281 verot
1076 2252 1195 2281 sanctus
1210 2248 1260 2279 ille
1275 2248 1473 2279 sacerdotium
1491 2248 1656 2285 honorare;
1673 2247 1713 2278 ita
1736 2257 1805 2278 rur-

984 2303 1048 2325 sum
1069 2303 1086 2324 a
1103 2292 1269 2324 sacerdotio
1294 2292 1505 2324 honorabatur.
1519 2291 1594 2328 Quid
1611 2291 1691 2322 enim
1707 2291 1805 2322 minus

984 2338 1105 2370 evenire
1119 2338 1162 2368 illi
1173 2341 1299 2378 poterat,
1316 2337 1400 2377 cujus
1413 2337 1530 2377 reliqua
1543 2335 1648 2368 exinde
1663 2336 1720 2368 vita
1730 2336 1804 2368 adeo

987 2383 1136 2423 excelluit,
1149 2383 1258 2423 talique
1273 2390 1336 2413 rem
1351 2381 1480 2413 divinam
1497 2381 1682 2422 pertractavit
1697 2380 1804 2412 obser-

988 2428 1130 2465 vantia,ut
1144 2426 1277 2458 arcarnis
1287 2426 1373 2457 etiam
1382 2425 1545 2457 visionibus
1556 2426 1606 2466 (ne
1627 2424 1743 2464 singula
1751 2424 1805 2456 viri

987 2479 1069 2515 gesta
1079 2470 1391 2513 prosequar)dignatus
1401 2470 1438 2502 sit
1447 2475 1475 2502 et
1485 2470 1640 2510 grandium
1651 2470 1806 2511 mysterio-

733 2575 748 2600 4
762 2574 833 2606 Luc.
851 2583 930 2613 xxxv,
948 2574 998 2607 39.

1023 2675 1062 2715 (6)
1077 2674 1190 2716 Nempe
1204 2675 1323 2716 Moyses
1337 2674 1376 2705 de
1389 2683 1447 2715 quo
1463 2673 1557 2706 Exodi
1569 2680 1667 2716 xxxiv,
1677 2671 1746 2716 βὸεΔ
1755 2675 1805 2716 ttat

983 2713 1056 2744 εἶδον
1071 2717 1093 2744 οἱ
1115 2713 1162 2744 υἱοῖ
1178 2713 1284 2756 ἰσραῆλ
1308 2716 1337 2743 τὸ
1359 2713 1499 2755 πρξὶσωπον
1515 2715 1658 2752 Μωυσέως,
1674 2714 1714 2743 ὅτι
1735 2713 1806 2743 δεδό-

984 2756 1090 2789 Euam.
