1975 3071
119 162 195 196 106i

672 165 763 199 VITA
788 168 817 199 S.
841 168 1038 199 DOROTHEI
1058 164 1244 200 JUNIORIS.

1727 168 1807 202 4062

122 231 214 270 μένον,
239 232 328 272 ὥσπερ
358 234 440 273 εἰκὸς,
469 234 513 262 καὶ
546 233 653 274 θορύϐου
687 235 735 268 τὴν
770 235 862 274 ψυχὴν
892 245 940 262 πε-

989 233 1100 272 pariter
1112 237 1141 264 et
1156 234 1265 272 gaudio
1283 243 1372 275 supra
1389 244 1476 275 quam
1495 234 1553 266 dici
1568 235 1664 275 possit
1679 239 1802 276 compe-

121 277 286 317 πλησμένον,
303 278 431 317 χαίροντα
453 277 475 305 δ’
499 278 571 315 ὅμως
606 282 639 317 τῇ
668 283 714 307 τοῦ
741 280 800 318 πρὶν
822 278 942 318 ἀποῤῥή-

120 331 166 348 του
189 320 302 355 δηλώσει
335 324 377 350 καὶ
399 324 538 362 σαφηνείᾳ,
569 324 612 351 καὶ
634 323 674 352 ὅτι
697 324 735 361 μὴ
757 324 845 358 μάτην
874 323 944 359 αὖ·εῷ

120 366 188 393 κιτᾶ
215 367 265 400 τὴν
293 368 402 406 θεωρίαν
444 367 546 400 ἐκείνην
588 369 605 402 ἡ
641 369 719 407 Τριὰς
757 367 807 406 ὅλῃ
836 367 945 407 γλώσσῃ

120 410 152 437 τὸ
173 411 257 450 τρίτον
285 411 449 451 ἒξεφωνήθη.
476 411 556 440 Οὔπω
578 411 600 440 δ’
631 413 675 441 οὖν
705 413 768 452 εἶχε
790 411 903 440 σδνιδεῖν
917 423 944 443 τι

120 454 202 493 πέρας
236 459 282 483 τηῦ
316 457 473 495 πράγματος
491 466 498 474 ·
540 456 600 485 ἀλλ’
628 458 661 491 ἦν
688 459 706 492 ἡ
733 460 782 491 τῆς
814 457 943 497 προτέρας

120 498 205 536 λύσις,
229 500 266 531 ὡς
288 499 368 536 ἔοικε,
399 499 519 541 δευτέρας
537 502 646 542 ἀπορίας
670 501 741 542 αρχή
760 511 766 518 ·
791 505 866 529 τοῦτο
895 501 944 539 μὲν

119 544 169 576 τὴν
204 544 274 576 τάξιν
311 545 476 586 θυμουμένῳ,
519 547 562 574 καὶ
596 547 632 578 ὡς
674 548 720 576 οὒκ
762 546 817 579 ἐξὸν
860 545 939 582 αὸτῷ,

118 588 168 616 ὑπὸ
209 588 320 624 ἐντολήν
361 600 388 617 τε
433 589 470 618 ἔτι
505 591 619 629 κειμένῳ
661 592 704 619 καὶ
737 591 787 624 την
821 590 942 623 ὑπακοὴν

120 631 260 670 διανύονιι,
284 634 354 673 μέγα
386 645 415 663 τε
449 643 538 663 ποιεῖν
566 637 583 670 ἣ
605 638 698 676 μικρὸν
721 637 791 676 παρὰ
819 635 868 668 τὴν
896 637 942 662 106

120 676 230 716 ἄγοντος
244 677 368 716 βούλησιν
387 687 393 694 ·
415 682 493 708 τοῦτο
520 679 547 708 δὶ
561 681 604 708 καὶ
618 681 649 708 τὸ
664 679 730 708 ἴδιον
753 679 847 719 μέτρον
863 679 941 707 εὕω-

120 721 200 753 νέτως
217 726 367 760 σκοποῦντι,
384 724 427 751 καὶ
442 725 510 760 μήτε
519 725 582 763 πρὸς
591 725 768 762 ποιμαντικὴν
778 724 939 761 ἐπιστήμην.

121 767 189 803 μήτε
205 768 270 806 πρὸς
295 766 414 801 δαπάνην
435 768 452 802 ἢ
475 768 602 808 μέριμναν
630 768 706 808 ἔργον
729 769 884 802 τηλικούτου
899 768 942 796 καὶ

120 811 276 851 πράγματος
292 814 387 844 ἱκανῶς
403 813 493 853 ἔσχεν,
511 813 579 845 ὅλως
598 813 762 853 λογιζομένῳ
780 821 787 828 ⁵
812 812 898 844 ἄλλως
913 823 941 840 τε

121 856 164 883 καὶ
179 856 257 888 πόθος
273 857 349 884 αὐτὸν
364 857 486 897 ἔρῤητος,
510 859 568 890 οἷος
583 861 636 886 τῶν
657 858 776 898 ἀφύκτων
799 858 938 897 σειρήνων,

119 903 167 927 106
181 898 336 929 διδασκάλου
350 909 474 942 κατεῖχε,
498 902 541 930 καὶ
564 902 649 930 πάντα
672 901 773 939 μᾶλλον
797 904 892 930 παθεῖν
921 902 939 935 ἢ

119 945 286 980 ζημιωθῆναι
301 949 393 974 τοῦτον
408 946 546 983 ὑπέμενεν.

985 278 1096 308 hensns
1121 279 1174 308 luit
1205 279 1311 309 timore
1333 279 1454 319 qvidem
1477 280 1630 319 perculsus
1659 289 1693 310 ac
1708 285 1808 311 mento

985 323 1132 360 turbatus,
1150 332 1184 353 ex
1202 323 1320 354 insolita
1335 327 1367 353 nt
1382 332 1436 363 par
1448 328 1492 354 est
1504 323 1721 361 visione;simul
1739 334 1807 356 vero

985 367 1137 397 delibutus
1153 367 1272 405 gaudio,
1289 367 1356 407 quia
1373 368 1553 398 declaratum
1575 377 1654 399 nunc
1670 373 1698 399 et
1712 369 1807 410 expli-

985 415 1081 442 catum
1093 411 1303 452 videbat,quod
1321 411 1403 452 prius
1414 412 1441 442 ei
1454 412 1603 443 acciderat
1616 414 1785 453 mysterium
1797 424 1804 452 ;

985 455 1161 496 dicebatque
1177 465 1234 486 non
1251 456 1358 486 frustra
1373 455 1444 496 sibi,
1462 456 1491 486 in
1507 455 1599 496 priori
1615 457 1666 488 illa
1680 457 1805 494 visione.

986 500 1102 530 tertium
1120 504 1179 530 toto
1195 500 1259 530 nisu
1276 500 1463 531 inclamatam
1480 501 1694 532 sanctissimam
1711 502 1808 533 Trini-

986 544 1226 574 tatem.N~ndum
1245 551 1344 575 tamen
1359 545 1404 575 rei
1418 549 1554 575 eventum
1571 554 1678 586 capere
1693 550 1808 586 poterat

984 588 1220 624 omnimodegsed
1239 588 1342 629 primae
1352 588 1545 619 dubitationis
1556 589 1710 630 solutio,ut
1720 591 1807 632 solet,

983 632 1104 663 alterius
1120 632 1298 673 principium
1310 632 1484 673 fuit,partim
1501 634 1666 665 adversanti
1679 636 1806 666 manda—

983 681 1057 715 tum,
1068 677 1273 718 opinantique,
1284 677 1340 708 sibi
1357 677 1412 708 sub
1429 678 1552 709 alterius
1565 679 1721 719 praeceptis
1734 690 1805 711 con-

984 722 1096 758 stituto,
1113 726 1141 752 et
1152 722 1206 752 sub
1218 721 1389 752 obedientia
1413 722 1532 759 viventi,
1555 723 1629 754 nihil
1646 724 1806 765 quidquam

984 766 1076 796 licere
1105 771 1212 806 praeter
1242 766 1437 797 moderatoris
1466 768 1510 797 sui
1537 767 1727 807 voluntatem,
1745 770 1807 801 sive

983 819 1119 850 magnum
1137 811 1207 841 illud
1220 812 1258 842 sit
1279 810 1341 842 sive
1359 820 1462 852 pavum
1478 820 1485 848 ;
1507 812 1612 852 partim
1628 813 1715 844 etiam
1731 823 1806 845 con-

952 878 971 902 B
983 855 1123 886 sideranli
1137 856 1293 902 modulum
1311 865 1409 894 suum,
1425 859 1514 902 aque
1529 857 1651 889 omnino
1667 858 1807 898 cogitanti

983 909 1042 930 non
1059 905 1217 940 suppetere
1239 900 1295 931 sibi
1319 905 1370 931 aut
1393 901 1548 932 scientiam
1566 902 1741 942 pastoralem
1768 905 1804 935 ad

983 945 1216 984 regenilum,aut
1229 948 1364 985 sumptus
1379 949 1410 976 et
1425 945 1640 985 providentiam
1665 947 1701 977 ad
1719 949 1809 988 perli-

121 986 261 1018 ciendum
279 993 391 1020 tantum
407 999 481 1030 opus
497 999 504 1021 :
523 990 685 1031 praesertim
700 999 768 1021 cum
782 988 951 1021 incredibili
974 988 1137 1029 desiderio,
1154 989 1232 1020 velut
1256 989 1469 1020 inevitabilium
1491 989 1640 1029 Sirenum,
1658 986 1809 1024 teneretur

121 1031 254 1076 magistri
269 1033 325 1071 sui,
342 1033 457 1074 quidvis
471 1035 571 1076 potius
586 1035 737 1066 subiturus
752 1043 835 1075 qaam
852 1034 889 1065 ab
903 1034 995 1074 ipsius
1010 1034 1159 1064 consortio
1175 1042 1358 1064 recessurus.

161 1074 197 1109 θ’.
215 1074 244 1108 ι0
266 1079 314 1118 μὲν
329 1080 373 1108 οὖν
388 1080 414 1108 ἐν
430 1074 530 1113 τούτοις
551 1082 584 1115 ἧν
605 1082 649 1110 καὶ
669 1074 771 1113 τούτοις
800 1081 941 1120 λογισμοῖς

121 1123 314 1162 προσεπάλαιεν
332 1136 337 1141 ·
361 1127 406 1154 οὺγ
429 1126 461 1160 ἦν
475 1125 502 1154 δὲ
518 1125 567 1166 ἄρα
587 1131 668 1158 ταῦτα
682 1126 773 1155 λαϐεῖν
802 1127 847 1155 τὸν
876 1125 941 1164 βλέ-

120 1179 216 1208 ποντα,
246 1168 318 1201 ὅστις
354 1170 401 1198 οὒκ
435 1170 526 1208 ἄλλος,
561 1170 620 1199 ἀλλ’
643 1171 720 1203 αὖτὺς
742 1174 775 1205 ἣν
797 1170 910 1205 ἐκεῖνος,
927 1171 941 1198 ὁ

120 1215 167 1240 τοῦ
206 1215 342 1242 θεσπεσίου
369 1214 442 1244 τοῦδε
468 1217 568 1255 Πατρὸς
609 1217 766 1255 καθηγητὴς
801 1217 844 1244 καὶ
872 1214 942 1242 διδά-

119 1256 230 1295 σκαλος,
260 1260 283 1295 ᾧ
303 1259 346 1286 καὶ
374 1263 418 1288 νῦν
439 1261 475 1292 ὡς
503 1260 543 1288 ἀεὶ
570 1261 656 1289 πάντα
683 1261 804 1300 γνώρμκ
837 1260 934 1295 τίθησι,

121 1302 206 1329 καίτοι
228 1313 258 1341 γε
284 1304 386 1343 μακρὰν
420 1305 563 1344 ἀφεστῶτι,
598 1306 612 1332 ὁ
640 1304 831 1333 ἀνακαλύπτων
858 1303 937 1342 βαθέα

121 1345 165 1373 καὶ
207 1345 365 1385 ἀπογυμνῶν
413 1349 590 1388 κεκρυμμένα,
642 1344 857 1388 (ι’ποστρέψαντα
890 1348 940 1387 γὰρ

121 1390 188 1426 μετᾶ
217 1392 265 1424 τὴν
293 1394 343 1425 τῆς
378 1391 508 1424 διακονίας
538 1392 716 1432 ἐκπλήρωσιν,
751 1393 845 1432 μικρὸν
879 1392 940 1420 ἔπι-

121 1435 209 1474 σχὼν,
232 1435 421 1472 μετακαλεῖται
436 1438 482 1465 τὸν
503 1436 587 1475 ὅσιον,
609 1438 653 1465 καὶ
667 1438 707 1474 Τί,
730 1438 806 1477 φησὶ,
822 1436 939 1474 μέλλεις,

122 1478 145 1506 ὦ
175 1480 290 1519 Δωρόθεε
314 1481 416 1518 τέκνον,
444 1481 461 1516 ἧ
491 1482 556 1519 μήτι
584 1493 635 1510 που
662 1482 724 1521 σύγε
753 1481 837 1516 λήθην
863 1480 942 1520 ἔσχες

122 1527 168 1552 106
209 1526 424 1563 χρηματίσαντος
464 1527 508 1554 καὶ
548 1527 585 1554 ὧν
623 1526 725 1558 ἐκεῖνος
766 1525 939 1565 ἐπέσκηψενί

124 1569 204 1607 Elim,
233 1571 277 1599 καὶ
314 1570 521 1612 διαταραχθέντα
556 1574 600 1601 τὸν
632 1573 706 1602 ὅσιον
740 1572 840 1612 ἀθρόως
881 1571 942 1600 ἰδὼν

125 1614 189 1653 πρὸς
217 1615 248 1643 τὸ
279 1621 326 1646 τοῦ
360 1616 440 1656 λόγου
468 1616 624 1657 παράδοξον,
659 1618 703 1646 καὶ
734 1617 855 1657 καθάπερ
888 1617 940 1646 ὖπό

1024 1081 1054 1111 9.
1063 1079 1185 1110 Talibus
1192 1080 1241 1110 ille
1251 1079 1420 1120 agitabatur
1426 1080 1697 1122 cogitationibus,et
1707 1091 1806 1114 secum

983 1123 1047 1164 ipse
1063 1124 1253 1156 luctabatur:
1267 1124 1346 1165 quod
1358 1124 1449 1155 latere
1458 1134 1516 1156 non
1529 1126 1624 1165 potuit
1634 1125 1805 1168 videntem;

982 1168 1091 1209 ipsum,
1107 1169 1238 1209 inquam,
1252 1169 1377 1209 hujusce
1388 1169 1508 1200 miriﬁci
1518 1169 1610 1201 Patris
1626 1170 1803 1202 directorem

981 1221 1016 1244 ac
1031 1214 1203 1252 magistrum
1219 1224 1227 1254 ;
1243 1214 1292 1244 cui
1314 1218 1343 1244 et
1365 1223 1454 1251 nunc,
1475 1214 1517 1245 uti
1539 1223 1667 1255 semper,
1684 1217 1804 1248 tametsi

979 1256 1070 1300 longe
1085 1257 1286 1296 absonti,nota
1296 1263 1360 1289 erat
1374 1258 1574 1296 omnia,solito
1589 1260 1721 1291 revelare
1737 1269 1804 1300 pro-

978 1297 1081 1340 funda,
1104 1312 1137 1333 ac
1166 1303 1309 1342 detegere
1333 1302 1460 1333 occulta.
1486 1304 1647 1334 Reversum
1663 1297 1804 1346 quippea

982 1350 1100 1386 peracto
1117 1347 1281 1378 ministerio
1291 1346 1513 1387 Sanctum,post
1523 1357 1637 1378 moram
1652 1348 1802 1388 exiguam,

982 1391 1104 1422 advocat
1113 1391 1150 1422 ad
1165 1395 1301 1432 se,atque
1309 1391 1369 1423 ait:
1393 1391 1468 1427 Quid
1481 1391 1693 1431 tergiversaris,
1710 1393 1749 1423 tili
1762 1393 1802 1424 mi

982 1434 1145 1467 Dorothee?
1157 1434 1306 1475 Numquid
1329 1434 1436 1465 oblivio
1457 1440 1487 1466 te
1502 1435 1582 1476 cepit
1595 1435 1687 1473 illius,
1708 1437 1758 1477 qui
1774 1441 1803 1468 te

984 1479 1124 1511 divinitus
1140 1479 1267 1516 monuit,
1285 1484 1314 1510 et
1325 1479 1531 1510 mandatorum
1547 1489 1612 1520 quae
1626 1480 1730 1512 dedit?
1743 1480 1801 1513 dic.

984 1524 1057 1556 Cum
1071 1533 1141 1555 vero
1157 1524 1266 1564 ipsum,
1279 1523 1431 1564 inopinato
1450 1533 1590 1555 sermone
1605 1524 1754 1556 turbatum
1768 1535 1802 1557 ac

982 1569 1072 1600 veluti
1093 1569 1221 1600 tonituro
1246 1568 1373 1609 quodam
1413 1568 1609 1609 stupefactum
1638 1574 1800 1609 cerneret;

983 1613 1127 1645 recreavit
1151 1613 1286 1644 nonnihil
1311 1613 1412 1644 animo
1435 1612 1624 1645 deﬁcientem
1639 1618 1669 1645 et
1684 1614 1801 1653 placide

122 1647 193 1690 τινος
215 1659 324 1698 βροντῆς
355 1647 597 1702 ἑκτιεθαμόημὲνον,
616 1647 797 1698 ’ἀνελάμϐανέ
825 1647 854 1690 τὶ
876 1660 940 1690 ιατᾶ

989 1658 1144 1702 revocavit,
1155 1667 1189 1689 ac
1199 1658 1319 1689 tandem
1334 1657 1470 1688 manibus
1478 1657 1659 1698 prehensum
1674 1647 1803 1690 reduxit.

123 1703 217 1742 μικρὸν
233 1726 242 1741 ,
302 1705 346 1732 καὶ
396 1705 549 1734 ἐνεκαλεῖτο
603 1707 649 1734 σὺν
704 1706 822 1742 εὐμενείᾳ
839 1730 847 1746 ,
902 1707 940 1734 κα

989 1701 1052 1743 ipse
1067 1712 1135 1734 vero
1152 1707 1212 1734 tum
1228 1711 1280 1733 sua
1305 1705 1367 1734 tum
1393 1706 1508 1742 patrum
1534 1711 1656 1734 suorum
1685 1703 1805 1743 vestigia

125 1746 201 1779 τέλος
223 1748 270 1780 τὰς
287 1755 383 1788 χεῖρας
413 1749 508 1782 ἐπιθεὶς
530 1749 709 1790 ἐπανήγαγεν,
741 1746 769 1779 ’0
791 1749 830 1788 δὲ,
853 1751 940 1780 ἐαυτοῐ

989 1750 1143 1789 relegens,
1169 1747 1372 1789 supplicabat,
1399 1748 1585 1788 precabatur,
1617 1748 1804 1785 obsecrabat.

123 1802 151 1818 τε
165 1792 221 1829 ἅμα
248 1794 292 1821 καὶ
313 1794 365 1822 τῶν
396 1797 530 1834 πατρικῶν
554 1795 638 1835 ἰχνῶν
666 1795 792 1834 γεγονὼς,
817 1794 940 1831 ἱκέτευεν,

989 1794 1091 1829 oculis.
1108 1793 1255 1834 lacrymis,
1271 1793 1410 1833 amplexu
1425 1802 1565 1824 manuum
1576 1792 1724 1824 formosos
1737 1803 1803 1824 mo-

123 1835 268 1874 ἠντιϐόλει,
300 1837 481 1877 κατελιπάρει,
519 1838 661 1879 φιλήμασι,
692 1839 809 1879 δάκρυσι,
845 1839 940 1879 χειρῶν

989 1837 1131 1870 deratoris
1156 1837 1202 1868 sui
1225 1836 1317 1878 pedes
1332 1837 1539 1868 venerabatur.
1556 1836 1633 1873 Quid
1648 1836 1728 1868 enim
1744 1846 1804 1869 non

125 1879 285 1918 ἒμπλοκατς,
323 1883 383 1914 τοὺς
417 1884 514 1922 ὡραίου
554 1883 667 1916 ἐκείνονς
707 1883 790 1915 πόδας
831 1883 940 1923 ἐξεθερά-

989 1882 1126 1915 dicebat?
1141 1881 1210 1923 quid
1226 1890 1284 1912 non
1299 1880 1403 1921 agebat
1423 1881 1541 1912 illorum
1564 1890 1630 1922 quae
1656 1885 1723 1913 nata
1736 1887 1806 1914 sunt

124 1935 196 1957 πευε,
235 1926 265 1955 Τί
285 1927 335 1967 γὰρ
362 1929 409 1957 οὒκ
430 1926 504 1967 ἔλεγε
521 1938 529 1965 ;
564 1928 589 1956 τί
621 1927 648 1956 δὲ
672 1928 720 1957 οὒκ
739 1928 821 1956 ἐποίει
841 1931 893 1957 τῶν
908 1929 940 1962 εἷς

989 1927 1114 1959 animam
1131 1925 1355 1957 misericordem
1378 1933 1496 1957 movere
1515 1925 1551 1956 ad
1567 1925 1804 1958 commiseratio-

124 1970 217 1998 οἶκτον
255 1972 351 2000 ἱκανῶν
391 1972 549 2001 ἐπισπᾶσθαι
585 1973 677 2013 ψυχὴν
720 1973 940 2014 φιλοικτίρμονας

989 1975 1074 2004 nem?
1083 1972 1112 2002 id
1129 1979 1218 2001 unum
1234 1974 1264 2001 et
1277 1970 1372 2001 solum
1390 1970 1564 2011 deprecans,
1580 1980 1619 2002 ne
1634 1979 1651 2002 a
1665 1971 1805 2011 magistro

123 2013 156 2042 δι’
184 2017 221 2043 ὧν
242 2017 365 2046 ἁπάντων
387 2019 415 2047 ἓν
442 2018 518 2046 τοῦτο
550 2024 698 2057 παρῃτεῖτο
722 2019 766 2047 καὶ
781 2019 873 2057 μόνον,
895 2019 940 2053 τήι

989 2026 1041 2048 suo
1057 2019 1264 2057 separaretur;
1284 2014 1363 2055 quod
1388 2014 1475 2054 plane
1494 2015 1711 2055 separationem
1727 2015 1772 2047 sui
1787 2025 1805 2047 ι

122 2060 168 2088 ἀπ’
201 2060 299 2090 ἐκείνου
321 2061 466 2103 διάστασιν,
490 2064 629 2103 χωρισμὸν
663 2067 729 2092 Θεοῦ
756 2063 874 2103 ἄντικρυς
901 2065 940 2092 καῖ

989 2062 1048 2093 Deo
1075 2065 1162 2102 atque
1186 2059 1331 2100 iacturam
1357 2059 1465 2090 anima:
1485 2068 1546 2091 sua)
1570 2059 1748 2101 appellabat,
1775 2064 1804 2092 et

122 2105 218 2143 ζημίαν
246 2109 348 2147 ψυχῆς,
379 2108 410 2136 τὸ
444 2111 554 2147 πρᾶγμα
587 2107 676 2136 καλῶν
709 2109 754 2137 καὶ
788 2108 940 2140 κατωδύνως

989 2106 1138 2146 aegerrime
1146 2103 1300 2136 ferendum
1311 2103 1565 2135 imointolerabile
1574 2103 1630 2134 sibi
1638 2103 1802 2136 asserebat.

123 2149 196 2189 ἄγειν
217 2151 281 2190 πρὸς
309 2155 399 2189 τοῦτο,
420 2153 465 2180 καὶ
486 2151 544 2181 λίαν
565 2152 703 2192 ἆφορήτως
735 2152 940 2191 διατεινόμενος,

989 2151 1040 2183 Sed
1057 2150 1217 2191 praeclarus
1233 2147 1404 2192 moderator
1418 2157 1521 2179 rursus
1536 2157 1604 2179 eum
1620 2147 1776 2179 consolans
1793 2159 1802 2179 :

123 2193 197 2222 Ἀλλ’
225 2195 239 2223 ὁ
261 2195 344 2234 μέγας
371 2196 442 2228 αὖθις
464 2191 635 2237 παρηγορῶν,
667 2197 714 2226 οὒκ
742 2197 823 2236 ἔστιν,
852 2197 940 2233 εἶπεν,

989 2194 1047 2226 Non
1061 2197 1167 2235 potest.
1183 2192 1290 2237 inquit,
1307 2191 1409 2232 ﬁlimi,
1425 2195 1595 2237 nonpotest
1609 2191 1775 2237 aliterrﬁeri
1793 2203 1800 2222 :

123 2238 145 2266 ὦ
192 2239 293 2277 τέκνον,
339 2240 384 2268 οὐγ
431 2235 508 2270 ἔστιν’
542 2235 629 2274 ἄλλως
677 2242 795 2281 γενέσθαι
809 2251 818 2260 ο
853 2242 940 2281 -οἶσθα

989 2239 1061 2270 nosti
1073 2246 1212 2277 namque.
1229 2245 1247 2267 a
1263 2236 1337 2281 Deo,
1354 2245 1414 2267 non
1429 2236 1466 2267 ab
1489 2235 1611 2267 homine
1638 2236 1802 2281 perfectum

123 2283 172 2322 γὰρ
193 2282 233 2311 ὅτι
260 2272 344 2322 θείῐον,
367 2285 414 2313 οὖκ
439 2284 607 2324 ἐνθρώπινον,
622 2272 666 2314 ’τὸ
684 2272 830 2325 ξπίταγμα,
852 2278 885 2315 “Λ
913 2285 940 2314 δὲ

989 2283 1078 2314 ιειιιοο
1095 2272 1277 2313 mandatum.
1293 2272 1365 2316 Quae
1389 2284 1487 2325 autem
1508 2282 1599 2318 Deus,
1615 2272 1665 2321 qui
1685 2284 1804 2312 sanctus

124 2327 137 2355 ὁ
159 2328 224 2359 Θεὸς
247 2328 262 2356 ὁ
288 2328 364 2368 ἅγιος
391 2327 571 2368 βεϐούλευται,
598 2330 637 2362 τίς
673 2324 835 2358 διασκεδάσει
859 2340 867 2371 ς
897 2331 940 2360 καὶ

989 2332 1038 2368 est,
1054 2327 1166 2362 statuit.
1177 2325 1243 2371 quis
1255 2324 1443 2371 dissipabit}
1458 2329 1487 2356 et
1502 2333 1622 2371 manum
1637 2325 1716 2364 ejus,
1738 2334 1803 2365 quae

123 2372 172 2406 τὴν
193 2379 274 2413 χεῖρα
301 2375 381 2402 αὐτοῦ
414 2374 464 2407 τὴν
491 2374 599 2412 ὑψηλὴν
626 2376 664 2408 τίς
698 2368 883 2414 ἀποστρέψεις
907 2375 940 2404 Οὐ

989 2372 1100 2403 excelsa
1114 2375 1171 2409 est,
1187 2370 1254 2411 quis
1276 2369 1406 2414 avertit?
1419 2368 1484 2400 Non
1505 2369 1596 2408 igitur
1620 2378 1736 2409 aequum
1758 2373 1803 2414 est

122 2416 197 2454 θέμις
234 2417 279 2446 οὖν
321 2418 440 2447 ἀπειθεῖν
480 2425 541 2452 ταῖς
580 2418 722 2458 θειοτέραις
757 2419 916 2457 οἰκονομίαις
934 2428 940 2436 ·

123 2464 200 2490 τοῦτο
228 2462 283 2504 γὰρ.
299 2462 329 2491 οὗ
343 2462 424 2500 μόνον
452 2463 613 2504 ἀσύμφορον,
635 2463 703 2492 ἀλλὰ
730 2467 768 2501 τῷ
802 2464 880 2492 παντὶ
901 2464 945 2491 καὶ

124 2505 259 2537 ἀδύνατον.
277 2502 362 2545 Ἠμᾶς
377 2506 399 2536 δ’
415 2507 446 2536 ἂν
460 2508 478 2546 ᾖ
493 2502 611 2546 Θὲλημα,⁷
623 2507 736 2537 κωλύσει
751 2509 857 2540 πάντως
871 2506 943 2536 οὖὸὲν

124 2550 324 2579 επισκέπτεσθαί
337 2563 367 2579 σε
380 2552 424 2580 καὶ
445 2551 538 2589 πάλιν,
565 2551 615 2581 κᾶν
638 2552 664 2580 ἐν
678 2552 804 2592 ἐσχάτοις
819 2554 870 2591 γῆς
884 2551 943 2579 δια-

122 2594 223 2635 τρίϐῃς,
246 2596 290 2624 καὶ
310 2597 343 2624 τὰ
364 2597 463 2632 συνήθη
478 2595 669 2637 γνωμοδοτετι,
684 2598 728 2625 καὶ
741 2597 904 2636 καταρτίζειν
916 2596 943 2624 ἐν

123 2648 181 2672 τοῖς
202 2644 248 2669 τοῦ
268 2642 429 2680 πνεύματος.

163 2725 193 2762 ι’.
213 2721 290 2771 ’δι-ιερ
310 2731 354 2760 οὖν
370 2732 407 2764 ὡς
429 2731 593 2771 ἐτι-ἤγγελτο,
609 2733 653 2760 καὶ
676 2734 760 2760 ποιῶν
781 2731 829 2759 οὒκ
849 2730 943 2770 ἔληγεν

123 2774 228 2813 ὕστερον
250 2777 264 2803 ὁ
292 2775 409 2814 ἀψευδὴς
437 2777 556 2817 θεράπων
586 2776 634 2811 τῆς
660 2775 784 2810 ἀληθείας
800 2784 806 2790 ·
835 2776 896 2804 τότε
921 2774 942 2803 δ’

124 2819 214 2854 ἂπειόὴ
241 2821 340 2849 τούτων
367 2823 463 2858 ἤκουσε
499 2820 561 2862 παρ’
597 2820 687 2849 ἰλπίδα
708 2822 751 2849 καὶ
780 2820 900 2861 γνώμην,
930 2821 944 2848 ὃ

984 2416 1096 2447 divinae
1107 2413 1294 2455 dispositioni
1310 2423 1369 2445 non
1385 2422 1500 2454 parere:
1509 2413 1538 2445 id
1550 2414 1630 2444 enim
1643 2422 1701 2444 non
1715 2413 1802 2444 modo

984 2462 1088 2493 inutile
1103 2461 1189 2501 foret,
1205 2459 1258 2490 sed
1271 2459 1360 2490 etiam
1387 2459 1508 2490 omnino
1532 2459 1596 2490 ﬁeri
1612 2459 1724 2500 nequit.
1742 2458 1803 2490 Nos

985 2515 1085 2547 porro,
1102 2505 1140 2536 sit
1153 2505 1193 2535 ita
1208 2504 1263 2534 tibi
1278 2503 1406 2535 lubitum
1430 2503 1529 2542 fuerit,
1546 2502 1619 2534 nihil
1642 2503 1803 2544 quidquam

984 2549 1138 2591 impediet,
1155 2559 1172 2580 a
1186 2547 1355 2580 visitatione
1379 2547 1433 2589 tui,
1459 2548 1578 2579 tametsi
1602 2547 1633 2578 in
1662 2547 1803 2579 extremis

984 2599 1130 2627 terrarum
1160 2592 1254 2634 plagis
1276 2592 1449 2633 morereris,
1464 2592 1621 2624 consilium
1645 2591 1699 2623 tibi
1718 2600 1802 2624 more

984 2644 1085 2672 nostro
1100 2639 1231 2679 daturos,
1248 2641 1277 2669 et
1291 2637 1322 2668 in
1337 2637 1427 2669 rebus
1447 2636 1652 2678 spiritualibus
1668 2636 1801 2668 directu-

984 2694 1045 2717 ιὀε.

1026 2729 1146 2761 10.Haec
1152 2728 1203 2760 ubi
1211 2726 1308 2759 edicta
1317 2726 1411 2764 luere,
1420 2734 1483 2757 rem
1492 2725 1670 2766 propositam
1682 2725 1806 2765 exsequi

985 2784 1045 2806 non
1051 2774 1129 2806 ultra
1137 2772 1252 2806 distulit
1266 2770 1364 2802 ﬁdelis
1373 2770 1509 2802 minister
1522 2770 1666 2810 veritatis;
1676 2769 1729 2802 sed
1742 2769 1804 2802 illis

987 2824 1093 2861 prteter
1105 2827 1188 2861 spem
1205 2821 1234 2849 et
1243 2816 1421 2848 sententiam
1433 2813 1554 2854 auditis,
1566 2814 1646 2848 illico
1659 2814 1717 2847 sibi
1731 2822 1803 2858 per-

1739 2963 1756 2984 ι
