1975 3071
165 158 243 192 1063

779 161 940 194 JOANNIS
961 158 1240 193 EUCHAITENSIS

1778 161 1788 192 1
1795 159 1873 192 604

163 227 282 259 suaderi
297 228 365 259 sivit
378 237 464 259 verus
479 227 655 260 obedientiae
671 230 844 268 lilius;nihil
860 238 974 261 excusa:

1021 227 1104 266 ταχὺς
1126 227 1176 260 τὴν
1213 227 1355 256 εὐπείθειαν
1378 226 1479 258 ἐκεῖνος
1515 227 1559 254 καὶ
1589 227 1798 266 ἀπροφάσιστος,
1831 228 1870 255 τὸ

164 273 251 303 tionis
265 273 402 310 atterens,
413 272 486 303 nihil
500 273 531 303 in
548 275 726 305 contrarium
740 274 981 311 adducens,nihil

163 316 361 356 dissentiens;
378 317 429 348 sed
447 317 559 357 absque
581 319 662 350 omni
683 319 821 350 violentia
843 329 875 350 se
888 323 978 350 totum

163 363 263 401 gratiae
290 362 456 401 commisit;
481 367 510 394 et
538 374 685 404 piopeusa
713 365 874 402 voluntate,
901 365 978 405 quod

162 407 386 438 convenientius
409 412 483 444 erat,
514 408 636 449 eligens,
664 409 736 440 abiit
760 409 913 446 continuo,
930 414 980 440 aut

163 452 261 491 potius
289 451 373 488 adiit,
398 456 428 482 ut
447 452 549 492 jussus
573 453 677 490 fuerat,
703 454 738 484 ad
763 454 948 493 designatum
963 463 980 484 a

160 496 274 527 visione
290 496 398 527 locum.
411 496 495 526 Illum
511 497 628 528 scilicet
652 498 759 534 locum,
778 498 827 538 qui
843 507 859 528 e
874 498 980 528 vicinia

162 541 219 572 late
232 541 420 581 conspicuus,
437 550 502 572 cum
518 542 599 581 prius
611 542 812 573 inhabitabilis
828 547 979 583 esset,tam

163 595 352 616 numerosum
385 595 463 616 nunc
483 594 601 626 gregem
629 587 851 622 monachorum,
875 590 904 617 in
928 596 980 627 spe

163 629 355 666 habitantem,
368 629 409 660 uti
435 630 578 670 scriptum
601 635 645 661 est
662 631 687 668 θ,
706 631 793 662 habet
816 635 902 671 atque
917 632 979 669 alit,

161 674 227 705 cibo
244 678 304 704 tum
320 673 477 714 corporali,
505 678 565 705 tum
590 675 681 706 multo
704 675 797 715 magis
822 675 978 715 spirituali,

161 719 246 758 cujus
271 718 447 758 praecipuam
474 718 517 748 illi
542 719 684 750 rationem
713 719 834 754 ducunt.
853 724 881 750 et
896 719 980 759 cujus

161 771 248 794 causa
259 762 421 793 certamina
429 763 594 801 spiritualia
605 768 633 794 et
644 763 794 794 salutifera
804 764 978 804 suscipiunt.

159 807 203 838 Ad
217 807 333 838 huncce
343 807 439 838 locum
451 807 615 839 Dorotheus
630 817 647 838 a
661 808 722 839 Deo
735 813 764 840 et
775 817 882 848 magno
894 808 980 840 Patre

1024 271 1070 304 τῆς
1092 271 1212 304 ὑπακοῆς
1234 271 1315 302 ὄντως
1351 271 1452 311 τέκνον,
1476 272 1523 300 οὐκ
1557 271 1707 300 ἀντιτείνων
1739 271 1777 305 ἧν
1802 271 1867 308 ἔτι,

1023 315 1068 343 οὔκ
1082 315 1208 352 ἀπειθῶν,
1225 318 1254 345 οὗ
1269 315 1504 355 προσϐιαζόμενος,
1528 315 1588 343 ἀλλ’
1617 315 1679 344 ὅλον
1701 316 1796 344 ἑαυτὸν

1022 360 1111 399 χάριτι
1144 359 1286 399 παραδοὺς,
1323 361 1366 388 καὶ
1400 361 1448 393 τῆς
1484 365 1531 389 τοῦ
1549 361 1695 399 κρείττονος
1718 359 1862 397 εΜοκίας,

1021 404 1123 432 ἄπεισιν
1155 405 1239 442 εὐθὺς,
1274 406 1311 436 ὡς
1339 404 1528 444 προστέτακτο,
1558 406 1629 444 παρὰ
1664 406 1710 432 τὸν
1745 404 1865 433 ὑποδει-

1021 447 1118 487 χθὲντα
1140 449 1220 477 τόπον
1248 450 1298 477 ὑπὸ
1320 451 1368 483 τῆς
1395 449 1494 486 ὅψεως,
1524 449 1625 486 μᾶλλον
1649 448 1676 476 δὲ
1698 450 1862 486 πρόσεισιν·

1021 493 1096 524 οὗτος
1125 494 1174 532 γὰρ
1203 493 1304 524 ἐκεῖνος
1335 494 1349 520 ὁ
1378 493 1471 532 τόπος,
1508 494 1583 524 οὗτος
1619 494 1632 520 ὁ
1658 493 1687 520 ἐκ
1721 493 1863 531 γειτόνων

1021 537 1164 576 ὁρώμενος,
1190 539 1233 566 καὶ
1263 539 1392 571 τοσαύτην
1419 538 1519 577 ἀγέλην
1555 542 1599 566 νῦν
1628 541 1779 577 μοναστῖλν,
1804 537 1862 566 ἐπ’

1025 580 1107 609 ἐλπίδι
1143 586 1327 622 κατοικοῦσαν,
1369 583 1405 614 ὡς
1447 581 1607 621 γέγραπται,
1650 581 1681 609 ἐκ
1714 585 1760 609 τοῦ
1792 583 1862 620 πρὶν

1023 625 1149 660 ἀοικήτου
1171 627 1255 666 φέρων
1284 627 1328 654 καὶ
1356 626 1457 666 τρέφων
1483 630 1516 665 τῇ
1539 629 1680 664 σωματικῇ
1701 637 1728 654 τε
1751 630 1861 665 τροφῇ,

1022 671 1064 698 καὶ
1087 670 1179 708 πολλῷ
1200 682 1231 710 γε
1255 670 1355 708 μᾶλλον
1377 673 1411 709 τῇ
1433 673 1549 710 ψυχικῇ,
1583 671 1612 703 ἧς
1635 672 1725 702 αὺτοῖς
1761 672 1775 698 ὁ
1798 673 1861 701 πᾶς

1022 715 1110 753 λόγος,
1142 716 1185 743 καὶ
1219 716 1284 754 ὑπὲρ
1311 716 1344 748 ἧς
1380 717 1403 742 οἱ
1429 715 1529 753 ἀγῶνες
1558 716 1581 742 οἱ
1609 716 1786 752 πνευματικοὶ
1808 716 1861 742 καὶ

1021 760 1157 798 σωτήριοι.
1176 761 1242 798 Πρὸς
1264 764 1354 789 τοῦτον
1376 759 1480 790 ἐκεῖνος
1495 760 1545 787 ὑπὸ
1567 763 1632 787 Θεοῦ
1660 770 1689 787 τε
1718 761 1856 799 πεμφθεὶς

1020 805 1063 831 καὶ
1097 807 1143 832 τοῦ
1174 803 1290 842 μεγάλου
1333 805 1433 843 Πατρος
1482 804 1580 832 ἐκείνου
1623 804 1665 831 καὶ
1693 802 1855 844 παιδευτοῦ,

159 861 213 882 suo
229 855 316 892 atque
339 851 507 883 institutore
520 852 643 890 missus,
659 854 724 884 sine
736 847 974 892 tergiversatione

1021 847 1137 885 μηδεμιᾷ
1164 847 1291 885 μελλήσει
1319 849 1350 876 τὸ
1385 851 1493 887 πρᾶγμα
1529 848 1597 885 μηδὲ
1625 847 1763 887 δισταγμῴ
1791 859 1850 876 τινι

158 896 231 937 ulla,
248 897 314 927 sine
338 896 398 926 ulla
421 896 610 936 ambiguitate
633 907 708 938 opus
735 906 892 937 aggressus
913 903 974 935 est;

1021 892 1089 929 δοὺς,
1134 892 1209 931 ἔργου
1246 893 1350 932 εἴχετο,
1387 894 1432 921 καὶ
1465 893 1555 924 πόνοις
1597 893 1692 924 πόνους
1728 893 1852 926 συνῆπτε

158 945 187 971 et
202 941 318 972 labores
330 940 483 972 laboribus
491 942 674 982 sudoresque
688 942 845 973 sudoribus
852 942 975 980 addidit,

158 985 221 1016 suis
237 985 372 1016 manibus
399 985 496 1016 locum
522 987 723 1026 repurgando,
747 987 975 1027 complanando,

159 1029 246 1061 noxia
261 1029 411 1060 etTerendo
424 1039 431 1060 :
446 1034 509 1060 erat
519 1030 630 1071 quippe
641 1030 801 1061 admodum
821 1031 974 1072 silvestris,

156 1079 185 1105 et
199 1074 294 1105 ruinis
314 1073 532 1114 ruderibusque
554 1076 651 1106 omnis
679 1075 798 1115 generis
826 1076 974 1116 oppletus.

155 1118 251 1155 Quare
265 1117 353 1150 initio
368 1117 488 1158 quidem
504 1122 602 1150 actum
627 1129 727 1159 agere,
744 1124 833 1159 atque
848 1120 877 1150 id
897 1120 974 1160 quod

156 1163 220 1195 ﬁeri
236 1172 295 1193 non
307 1166 404 1202 potest
419 1163 577 1194 videbatur
590 1164 668 1195 velle
683 1163 781 1195 moliri
800 1172 806 1194 :
824 1173 890 1194 cum
900 1173 976 1195 exae-

155 1207 278 1238 diﬁcare
300 1207 458 1238 ecclesiam
479 1212 507 1238 et
521 1209 734 1239 monasterium
756 1213 931 1240 con>truere
946 1210 975 1240 in

156 1256 234 1283 terra
244 1251 362 1283 deserta
373 1255 402 1282 et
416 1252 494 1282 invia
505 1252 619 1283 induxit
629 1252 658 1283 in
670 1252 974 1293 animum;etquidem

155 1296 328 1337 peregrinus
356 1297 434 1327 inter
462 1297 645 1337 peregrinos.
677 1306 806 1338 pauper,
835 1298 971 1337 extorris,

154 1342 282 1381 ignotus,
296 1341 378 1372 omni
388 1341 496 1372 auxilio
511 1341 694 1382 consilioque
707 1342 846 1382 privatus.
859 1341 975 1374 Etenim

154 1386 276 1416 omnino
303 1385 405 1423 solus,
434 1385 601 1426 adjutorem
631 1396 690 1417 non
716 1386 844 1417 habebat
869 1392 977 1427 praeter

156 1439 248 1460 unum
268 1430 423 1468 Basilium,
447 1430 543 1461 virum
570 1431 694 1468 bonum,
711 1440 799 1470 quem
817 1440 851 1461 ex
863 1433 975 1463 circum

156 1482 189 1505 se
197 1473 462 1505 stantibussocium
469 1474 733 1514 preregrinationis
740 1479 769 1505 et
775 1475 974 1507 certaminum

1018 938 1062 965 καὶ
1096 936 1199 976 ἱδρῶσιν
1241 936 1362 976 ἱδρῶτας,
1404 937 1575 977 ἐκκαθαίρων,
1606 937 1734 976 ἐκφορῶν,
1771 939 1852 975 ὁμα-

1018 981 1095 1016 λίζων
1111 988 1171 1013 ταῖς
1200 981 1291 1010 ἑαυτοῦ
1313 982 1403 1021 χερσὶν
1424 982 1439 1009 ὁ
1467 988 1587 1020 γενναῖος
1605 989 1611 996 ·
1637 982 1732 1019 μεστὸς
1753 982 1805 1020 γὰρ
1832 982 1849 1009 ὁ

1016 1026 1099 1057 τόπος
1145 1024 1211 1058 ὕλης
1260 1026 1364 1065 ἀγρίας,
1408 1027 1505 1063 μεστὸς
1555 1026 1758 1063 συμπτωμάτων
1802 1027 1851 1054 καὶ

1017 1068 1185 1098 παντοδαποῦ
1212 1073 1334 1110 φορυτοῦ.
1367 1071 1439 1109 Παρὰ
1479 1072 1530 1103 τὴν
1571 1069 1679 1109 πρώτην
1715 1071 1762 1108 μὲν
1801 1070 1851 1098 οὖν

1017 1115 1132 1150 ἀνήτυῖᾶ
1160 1126 1188 1142 τε
1218 1116 1327 1152 κάμνειν
1354 1116 1430 1152 ἐῴκει
1463 1117 1506 1144 καὶ
1542 1114 1678 1147 ἀδυνάτοις
1703 1115 1850 1155 προδήλως

1017 1159 1177 1200 ἐπιχειρεῖν,
1195 1160 1336 1198 οἰκοδομὴν
1366 1160 1508 1194 ἐκκλησίας
1535 1161 1578 1188 καὶ
1604 1163 1689 1197 μονῆς
1719 1161 1850 1188 σύστασιν

1019 1204 1045 1232 ἐν
1069 1205 1162 1244 ἐρήμῳ
1191 1208 1225 1244 γῇ
1253 1206 1297 1232 καὶ
1325 1204 1416 1242 ἀϐάτῳ
1444 1205 1628 1242 διανοούμενος
1669 1206 1847 1239 καταστήσα-

1016 1251 1097 1277 σθαι·
1135 1250 1178 1277 καὶ
1210 1260 1291 1284 ταρτα
1320 1249 1391 1282 Ξένος
1431 1250 1458 1277 ἐν
1495 1249 1588 1287 ξένοις,
1628 1249 1722 1286 πένης,
1753 1249 1844 1287 ἄοικο,

1015 1293 1159 1332 ἄγνωστος,
1196 1292 1294 1333 ἕρημος
1329 1294 1436 1327 ἁπάσης
1462 1294 1584 1332 βοηθείας
1609 1295 1654 1322 καὶ
1691 1295 1846 1333 συγκροτή-

1018 1349 1085 1370 σεως
1103 1347 1110 1353 ·
1142 1338 1233 1372 ἐπειδὴ
1260 1339 1304 1366 καὶ
1333 1339 1495 1377 μονώτατος,
1526 1338 1566 1366 ὅτι
1596 1339 1635 1374 μὴ
1665 1339 1701 1366 ἐνὶ
1726 1342 1848 1378 συνεργῴ

1018 1382 1147 1419 Βασιλείῳ
1171 1387 1209 1420 τῷ
1244 1382 1318 1420 καλῷ
1340 1383 1478 1423 χρώμενος
1495 1391 1502 1398 ⁸
1531 1384 1572 1423 ὃν,
1602 1387 1648 1411 τοῦ
1677 1383 1735 1410 κατ’
1764 1385 1846 1411 αὐτὸν

1017 1427 1079 1455 ὄντα
1121 1427 1228 1465 κύκλου,
1273 1427 1435 1465 συνέκδημον
1476 1427 1577 1467 εἰλήφει
1621 1428 1664 1455 καὶ
1703 1427 1843 1463 σύναλθον,

1016 1472 1087 1510 παρὰ
1108 1476 1153 1500 τοῦ
1180 1472 1281 1511 Πατρὸς
1297 1472 1474 1509 αἰτησάμενος
1491 1479 1498 1486 ⁸
1531 1470 1587 1509 μεθ’
1617 1472 1648 1498 οὗ
1676 1474 1764 1499 πονῶν
1779 1469 1841 1499 κατ’

158 1518 283 1559 petierat
293 1522 380 1557 atque
395 1517 566 1550 obtinuerat
580 1528 598 1550 a
612 1519 765 1550 communi
781 1520 868 1550 Patre
886 1531 893 1551 :
907 1530 974 1552 cum

1021 1515 1102 1555 ἂρχὰς
1131 1517 1173 1543 καὶ
1200 1518 1266 1556 πρὸς
1293 1515 1450 1548 τηλικοῦτον
1478 1514 1555 1544 ἆθλον
1591 1514 1840 1555 παραλαλλόμενος,

153 1562 231 1602 quod
248 1566 277 1593 et
291 1562 408 1593 initium
426 1562 536 1594 laboris
551 1563 673 1600 faciens,
683 1568 713 1593 et
723 1567 802 1594 tanta
813 1566 974 1596 certamina

152 1607 342 1647 aggrediens,
361 1617 420 1638 non
444 1607 475 1638 in
499 1607 588 1638 ﬁnem
615 1608 867 1648 derelinquendus
881 1613 976 1640 erata

153 1651 345 1683 Providentia
359 1651 470 1683 divina.
494 1650 647 1693 Siquidem
669 1652 780 1683 circum
808 1653 975 1685 habitantes

153 1695 267 1736 populi,
284 1695 314 1726 id
329 1696 410 1736 quod
424 1705 473 1727 res
484 1701 547 1727 erat
563 1706 630 1727 mox
645 1697 928 1739 animadvertentes,
946 1703 975 1730 et

152 1749 212 1771 non
227 1740 284 1771 nisi
300 1744 415 1771 motore
429 1740 491 1772 Deo
507 1741 574 1772 talia
591 1741 656 1772 ﬁeri
666 1742 743 1782 apud
754 1742 975 1783 sesesapienter

151 1788 328 1822 statuentes;
348 1784 429 1815 omni
453 1785 548 1817 studio
563 1789 593 1816 et
607 1790 715 1817 conatu
738 1795 857 1818 manum
874 1791 903 1818 et
916 1787 973 1828 ipsi

151 1829 345 1860 admoverunt
359 1829 461 1870 operi;
479 1830 615 1870 pecunia,
633 1830 755 1868 viribus,
769 1831 895 1872 aliisque
909 1841 969 1862 mo-

151 1874 198 1904 dis
213 1873 351 1905 alacriter
372 1874 560 1905 conferentes
571 1884 657 1915 opem
675 1879 703 1906 et
718 1884 839 1916 operam
858 1885 941 1907 suam
961 1887 967 1906 :

151 1918 230 1950 unde
244 1922 274 1950 et
283 1918 426 1959 templum
437 1922 478 1954 (ut
497 1918 627 1950 breviter
649 1919 759 1960 dicam)
776 1920 880 1960 exiguo
892 1924 969 1951 tem-

150 1971 233 2002 pore,
249 1966 278 1994 et
293 1963 380 2004 paulo
391 1967 457 2003 post
471 1963 683 1994 monasterium
699 1973 817 2004 quoque
832 1964 868 1995 ad
888 1964 969 1996 illam

149 2007 275 2039 formam
301 2007 428 2039 adducta
454 2011 534 2045 sunt,
560 2017 618 2048 qua
645 2017 725 2039 nunc
757 2012 934 2049 spectantur
961 2020 967 2041 :

150 2061 317 2093 quanquam
347 2052 436 2083 etiam
459 2056 587 2092 tempus,
610 2052 679 2083 licet
703 2052 804 2094 breve,
834 2053 968 2093 exiguam

148 2096 276 2137 aliquam
292 2097 494 2128 accessionem
510 2097 548 2129 iis
562 2106 629 2137 quas
644 2101 706 2128 tum
733 2097 808 2129 facta
832 2102 901 2129 sunt
913 2098 968 2129 ad-

145 2141 229 2180 jecit.

193 2186 222 2217 11
231 2207 239 2216 .
252 2185 349 2226 Atque
362 2186 426 2216 haec
436 2185 556 2226 quidem
569 2194 658 2216 causa
671 2190 700 2218 et
708 2186 784 2217 ratio
797 2190 942 2226 susceptae
953 2195 970 2217 a

149 2230 299 2262 Dorotheo
323 2230 353 2260 in
376 2230 473 2261 locum
501 2230 590 2261 istum
623 2230 894 2270 peregrinationis:
916 2231 972 2262 hoc

148 2284 222 2315 opus
237 2273 342 2314 ipsius,
359 2273 407 2305 hic
422 2274 538 2306 vivendi
556 2274 768 2316 laborandique
780 2274 890 2305 ibidem
904 2284 970 2306 mo-

147 2319 203 2350 dus
220 2328 227 2350 :
243 2319 305 2350 imo
318 2327 386 2350 vero
401 2318 474 2350 illud
487 2327 547 2350 non
559 2328 634 2359 opus
644 2318 750 2359 ipsius,
765 2319 817 2350 sed
830 2319 971 2360 quodam-

148 2363 236 2395 modo
251 2363 367 2394 occasio
394 2372 428 2394 ac
451 2363 678 2394 fundamentum
705 2363 840 2394 melioris
855 2363 968 2404 operis,

147 2408 216 2450 quia
232 2408 331 2439 omnia
341 2408 403 2439 haec
416 2407 561 2448 dirigebat
577 2408 823 2448 conferebatque;
840 2408 876 2439 ad
892 2418 967 2449 ope-

145 2453 303 2491 rationem,
322 2453 400 2491 dico,
410 2452 570 2491 virtutis,et
579 2453 720 2492 angelicae
734 2453 967 2484 conversationis

146 2497 319 2530 exercitium
327 2501 416 2537 atque
426 2497 589 2528 institutum
597 2522 604 2535 ,
615 2497 693 2537 quod
702 2497 767 2537 ipse
775 2496 923 2528 inchoavit
937 2507 971 2528 ac

145 2542 273 2583 posteris
295 2541 407 2572 ibidem
429 2542 492 2573 suis
516 2541 648 2582 reliquit.
673 2541 710 2573 Et
736 2541 832 2581 prima
846 2541 969 2581 quidem

146 2586 302 2627 principia,
320 2595 386 2627 quae
396 2595 450 2626 pro
460 2585 571 2626 Regula
580 2586 642 2617 suis
653 2595 719 2617 esse
728 2585 856 2623 volebat,
863 2595 969 2625 magno

146 2632 234 2663 Patre
250 2640 303 2662 suo
313 2630 402 2662 Veluti
414 2630 563 2662 elementa
577 2629 712 2671 quaedam
727 2633 876 2661 mutuatus
891 2630 966 2666 fuit;

145 2684 306 2716 eorumque
321 2675 455 2714 formam,
474 2684 509 2706 ex
524 2674 653 2706 celebris
667 2674 748 2705 illius
762 2674 870 2705 Arseni
891 2683 969 2715 pra-

146 2721 239 2761 ceptis
251 2719 442 2760 descriptam,
461 2719 502 2751 uti
517 2719 595 2751 alter
616 2718 729 2759 Moyses
753 2722 885 2750 exaratas
914 2719 969 2750 Dei

184 2809 292 2841 orsu.
310 2809 416 2851 Π,10.

1017 1562 1064 1589 οὒκ
1078 1561 1114 1592 εἰς
1141 1559 1216 1592 τέλος
1241 1559 1349 1598 ἔμελλεν
1372 1559 1420 1599 ἄρα
1450 1561 1521 1600 παρὰ
1549 1563 1598 1593 τῆς
1625 1560 1696 1592 θείας
1720 1559 1842 1598 ἐγκατα-

1016 1604 1150 1645 λειφθῆναι
1192 1606 1326 1644 προνοίας,
1371 1603 1454 1633 Ἀλλὰ
1494 1606 1565 1644 ταχὺ
1602 1605 1634 1632 τὰ
1674 1607 1720 1632 τοῦ
1747 1605 1838 1643 πράγ-

1016 1660 1098 1687 ματος
1134 1651 1157 1677 οἱ
1191 1649 1318 1689 περίοικοι
1347 1649 1556 1689 συναισθόμενοι,
1577 1649 1620 1676 καὶ
1647 1649 1686 1686 μη
1714 1648 1746 1676 ἂν
1767 1648 1836 1676 ἆθιεῖ

1014 1699 1096 1723 ταῦτα
1127 1694 1242 1733 γίνεσθαι
1270 1695 1298 1722 εὖ
1332 1693 1404 1731 μάλα
1438 1694 1525 1733 σοφῶς
1554 1692 1617 1732 παρ’
1644 1694 1749 1724 ἑαυτοῖς
1778 1693 1840 1732 κρί-

1015 1750 1117 1776 ναντες,
1146 1738 1196 1776 ὅλῃ
1221 1739 1264 1766 καὶ
1296 1737 1397 1776 σπουδῇ
1438 1739 1482 1766 καὶ
1521 1738 1592 1778 χειρὶ
1630 1737 1838 1777 συνεφάπτονται

1013 1785 1066 1811 τῶν
1088 1782 1171 1823 ἔργων
1186 1784 1277 1815 αὐτοῖς
1305 1783 1427 1823 χρήμασί
1448 1793 1475 1810 τε
1507 1784 1551 1810 καὶ
1576 1782 1682 1810 σώμασι
1710 1782 1754 1810 καὶ
1769 1785 1834 1810 πᾶσι

1013 1829 1119 1868 τρόποις
1148 1827 1266 1865 ἐκθύμως
1302 1829 1334 1855 τὰ
1362 1829 1410 1861 της
1442 1827 1575 1866 συνεργίας
1602 1827 1807 1864 ἐπιδεικνύμενοι
1828 1836 1835 1844 ν

1012 1872 1037 1905 ἐξ
1066 1873 1102 1900 ὧν
1141 1872 1199 1912 (ἵνα
1227 1871 1327 1900 συνέλω
1351 1872 1382 1899 τὸ
1402 1871 1466 1911 πᾶν)
1496 1871 1527 1899 τό
1548 1882 1576 1899 τε
1605 1871 1674 1910 ἱερὸν
1695 1870 1722 1898 ἐν
1743 1870 1838 1910 ὀλίγῳ,

1010 1918 1055 1946 καὶ
1081 1918 1098 1950 ἡ
1123 1917 1191 1955 μονὴ
1207 1917 1266 1954 μετ’
1281 1916 1381 1956 ὀλίγον,
1407 1917 1443 1947 εἰς
1473 1916 1487 1944 ὃ
1515 1919 1558 1943 νῦν
1574 1917 1684 1955 ὁρῶνται
1701 1926 1838 1955 συναπαρ-

1011 1962 1122 1997 τίζονται
1151 1964 1247 2001 σχῆμα
1264 1969 1271 1976 ·
1302 1960 1403 1994 δηλαδὴ
1432 1961 1476 1988 καὶ
1506 1965 1552 1990 τοῦ
1580 1961 1677 2000 χρόνου
1705 1961 1836 2000 βραχεῖάν

1010 2017 1068 2034 τινα
1083 2007 1247 2045 προσθήκην,
1265 2005 1321 2033 ἐπεὶ
1337 2006 1379 2033 καὶ
1407 2005 1510 2045 βραχὺς
1540 2012 1598 2036 τοῖς
1628 2004 1838 2044 ἐξειργασμένοις

1010 2051 1069 2079 τότε
1087 2050 1338 2089 συνεισενέγκαντος.

1055 2179 1102 2213 ια’.
1120 2184 1191 2217 Αὕτη
1213 2184 1262 2221 μὲν
1289 2185 1306 2217 ἡ
1330 2185 1410 2223 αἰτία,
1431 2184 1474 2211 καὶ
1491 2184 1565 2215 οὗτος
1581 2185 1595 2212 ὁ
1616 2183 1695 2222 λόγος
1725 2186 1775 2216 τῆς
1797 2184 1831 2214 εἷς

984 2214 1086 2256 ῐ)τόνδε
1116 2229 1160 2256 τὸν
1186 2228 1266 2256 τόπον
1289 2232 1334 2256 τοῦ
1349 2227 1440 2267 ἀνδρὸς
1470 2227 1594 2266 ἐνδημίας
1609 2237 1618 2246 ·
1647 2231 1724 2256 τοῦτο
1746 2227 1773 2255 δὲ
1794 2229 1835 2255 καὶ

1013 2273 1043 2301 τὸ
1078 2272 1166 2312 ἔργον,
1201 2273 1244 2300 καὶ
1273 2273 1347 2304 οὗτος
1377 2274 1390 2300 ὁ
1425 2273 1521 2311 τρόπος
1548 2276 1598 2306 τῆς
1620 2273 1729 2301 ἐνταῦθα
1744 2283 1835 2311 παροι-

1012 2317 1069 2349 κίας
1088 2319 1167 2346 αὐτοῦ
1184 2318 1229 2345 καὶ
1249 2317 1407 2356 φιλοπονίας
1423 2326 1431 2334 ·
1455 2316 1556 2354 μᾶλλον
1587 2316 1614 2345 δὲ
1642 2318 1673 2345 τὸ
1708 2315 1785 2355 ἔργον
1806 2317 1834 2345 οὗ

1011 2366 1099 2398 τοῦτο,
1115 2360 1173 2389 ἀλλ’
1203 2363 1261 2390 οἷόν
1283 2372 1321 2394 τις
1350 2361 1456 2401 ἀφορμή
1487 2363 1531 2390 καὶ
1553 2360 1689 2395 καταϐολὴ
1705 2372 1751 2389 του
1765 2360 1833 2394 ἁλη-

1010 2408 1068 2437 θοῦς
1084 2405 1171 2445 ἔργου,
1194 2407 1259 2445 πρὸς
1284 2407 1298 2433 ὃ
1326 2410 1408 2434 ταῦτα
1436 2406 1522 2434 πάντα
1551 2406 1674 2435 συντείνει
1710 2407 1753 2433 καὶ
1788 2406 1832 2445 φέ-

1009 2462 1059 2491 ρει,
1091 2451 1140 2484 τὴν
1171 2451 1292 2491 ἐργασίαν
1324 2451 1394 2490 λέγω
1423 2455 1468 2480 τοῦ
1496 2451 1605 2492 ἀγαθοῦ,
1635 2453 1678 2480 καὶ
1713 2451 1762 2484 τὴν
1788 2450 1832 2485 τῆς

1012 2495 1156 2535 ἀγγελικῆς
1184 2496 1317 2529 πολιτεὶας
1354 2495 1466 2530 ἄσκησιν
1508 2497 1552 2524 καὶ
1595 2497 1767 2536 κατόρθωσιν,
1802 2497 1832 2528 ἧς

1011 2540 1114 2572 ἐκεῖνος
1151 2540 1273 2580 κατῆρξε,
1310 2542 1353 2570 καὶ
1395 2541 1427 2573 ἢν
1458 2547 1516 2572 τοῖς
1553 2540 1654 2569 ἐκεῖνον
1683 2539 1806 2568 κατέλιπε
1821 2549 1830 2559 δ

1010 2586 1057 2618 τὰς
1100 2590 1206 2625 πρώτας
1249 2587 1297 2623 μέν
1349 2585 1484 2617 ὑποθέσεις
1522 2586 1595 2625 παρὰ.
1636 2588 1682 2613 τοῦ
1721 2584 1830 2624 μεγάλου

1011 2632 1124 2670 Πατρὸς,
1155 2632 1250 2659 ὡσανεί
1290 2642 1348 2658 τινι
1388 2637 1524 2670 στοιχεῖα,
1567 2629 1738 2670 παρειὶηφὼς
1772 2631 1830 2669 πρὸς

1009 2677 1054 2703 τὸν
1083 2676 1129 2710 τῆς
1155 2675 1287 2715 ἀκριϐείας
1323 2678 1414 2704 τοῦτον
1443 2675 1553 2714 κανόνα,
1591 2675 1628 2702 ὧν
1655 2675 1715 2706 τοὺς
1742 2674 1829 2705 τύπους

1010 2721 1155 2760 ἐγγράφους
1183 2721 1213 2749 ἐκ
1235 2723 1287 2748 τῶν
1316 2720 1446 2759 Ἀρσενίου
1475 2722 1520 2747 τοῦ
1548 2720 1615 2747 πάνυ
1635 2718 1824 2757 διαταγμάτων,
