1975 3071
89 144 166 176 1065

652 146 744 179 VITA
766 146 796 177 S.
819 141 1013 175 DOROTHEI
1031 143 1218 175 JUNlORIS.

1705 134 1782 173 1066

82 211 175 250 ὥσπερ
204 210 283 242 ἄλλος
329 213 428 245 Μωσῆς
464 213 658 252 θεοχαρᾶκτους
687 212 789 243 πλάκας
805 209 877 242 ἐδέξα

951 205 1040 252 digito
1052 206 1177 252 tabulas,
1191 206 1316 252 excepit.
1340 205 1410 237 Erat
1430 210 1530 238 autem
1545 207 1689 252 Arsenius
1709 207 1766 238 iste

84 254 130 294 (ἧν
151 254 178 282 δὲ
214 258 289 286 οὗτος
332 254 464 295 Ἀρσένιος
497 258 511 284 ὁ
547 257 594 290 τὴν
630 257 726 297 ἀρετὴν
754 254 910 295 περιϐόητος

82 297 186 329 ἐκεῖνος
213 298 239 326 ἐν
268 306 428 336 μοναστατς,
446 300 473 330 ὃς
504 301 547 328 καὶ
568 303 617 333 τῆς
645 303 749 340 χρυσῆς
776 298 910 336 καλουμέ-

81 353 131 375 νης
147 342 259 383 Πέτρας,
283 343 312 371 οὗ
337 341 360 370 δ’
387 343 474 377 ἐκείνη
501 343 528 372 δὲ
556 344 656 384 πόῤῥω,
692 344 786 384 ἄριστα
805 344 910 372 πάντων

80 385 151 425 ἦρχε
165 387 208 414 καὶ
224 386 406 426 ἀφηγήσατο),
438 388 481 415 καὶ
507 388 585 420 αὒτὸς
621 388 648 416 δὲ
669 388 756 417 πολλᾶ
770 386 909 426 προσεξευ-

81 431 136 468 ρων
172 429 288 468 οἴκοθεν,
325 432 368 459 καὶ
403 435 441 468 τῷ
476 431 637 470 πολυπλόκῳ
671 433 755 470 τούτῳ
789 432 909 471 στεφάνῳ

78 473 130 507 τῆς
174 475 322 508 ἀσκητικῆς
371 477 524 515 εὐπρεπείας
572 477 798 516 συγκαταπλέξας,
853 476 909 513 ἅμα

80 518 131 555 μὲν
144 519 180 549 εἰς
207 518 321 550 κάλλους
355 521 515 558 περιουσίαν,
542 520 598 558 ἅμα
633 520 660 549 δὲ
696 522 739 549 καὶ
767 521 831 560 πρὸς
848 520 908 557 μεί-

78 565 156 596 ζονος
188 562 316 602 ὠφελείας
343 564 475 595 ὑπόθεσιν,
505 565 534 593 Τί
563 566 612 605 γὰρ
640 566 692 594 τῶν
714 565 803 593 καλῶν
847 567 908 603 παρ’

79 607 174 638 αὐτοῖς
198 607 227 634 οὗ
249 607 456 648 φιλοσοφεῖται;
494 610 523 637 οὖ
538 610 726 650 μαγρυθδμία,
755 610 801 638 οὐκ
829 609 908 636 ἐπιεί-

79 660 140 678 κεια
157 660 165 690 ς
181 652 242 690 οὖχὶ
273 655 326 679 τῶν
349 652 484 691 παρόντων
514 654 642 693 ὑπεροψία
659 663 667 694 ς
696 654 757 694 οὖχί
771 656 824 681 τῶν
839 652 906 691 μελ-

79 694 180 723 λόντων
197 695 344 737 ἐπιθυμία,
368 697 397 724 οὗ
425 697 564 738 πραότης,
601 701 629 728 οὔ
664 699 832 738 καθαρότης;
855 700 907 737 οὐχ

78 740 98 772 ἡ
121 740 189 767 κατὰ
203 743 306 778 πνεῦμα
331 742 476 781 πτωχεία;
501 743 553 782 οὔχ
581 741 629 770 ὅσα
650 744 702 771 τῶν
725 742 906 782 μακαριζομέ-

80 795 134 811 νων
159 784 176 817 ﬁ
199 785 242 812 καὶ
270 784 357 816 ἄλλως
379 786 596 826 ἐπαινουμένων,
620 782 651 815 Ἡ
686 787 799 820 ἁκτησία
827 786 866 823 δὲ,
888 787 905 820 ἡ

82 827 104 837 κν
155 828 162 837 ς
190 828 194 837 γ
321 830 327 838 ε
373 829 377 839 ι
417 830 423 839 g
512 831 519 839 ς
693 832 698 842 ι
801 833 808 841 ς
878 831 884 839 \

79 836 94 854 ο
140 828 267 866 ευτελεια,
304 841 334 857 το
355 828 370 856 δ
414 841 538 869 εγκρατες
572 832 631 871 περὶ
664 843 760 869 παντα,
784 842 814 859 το
841 841 906 870 προς

79 872 226 911 ἀγρυπνίαν
243 873 396 913 φιλόπονον,
413 875 443 902 τὸ
478 876 535 914 περὶ
550 876 580 903 τὸ
615 875 725 913 ψάλλειν
753 876 904 915 ἀκόρεστον,

78 916 98 949 ἡ
124 916 151 943 ἐν
173 924 337 957 προσευχαῖς
366 918 476 956 εὐτονία,
509 920 526 953 ἡ
560 919 612 948 τῶν
643 921 717 948 θείων
748 919 858 958 μελέτη,
876 920 906 947 τὸ

79 959 228 1000 φιλόξενον,
253 963 282 990 τὸ
296 962 481 1002 φιλόπτωχον,
496 963 558 992 ὅσον
573 964 604 992 ἐκ
615 967 668 992 τῶν
690 965 825 1004 παρόντων
843 975 851 1005 ;

122 1090 170 1133 ιβ’,
207 1097 243 1124 Τὸ
272 1095 354 1133 μηδὲν
375 1096 467 1130 ἁπλῶς
502 1100 554 1125 τῶν
582 1101 752 1138 σωματικῶν,
789 1099 856 1136 μόνα
880 1097 906 1125 δὲ

79 1139 114 1166 τὰ
144 1143 190 1167 τοῦ
216 1140 364 1177 πνεύματος
391 1144 483 1176 ζητεῖν
518 1152 547 1170 τε
582 1144 625 1170 καὶ
665 1143 903 1182 πραγματεύεσθαι,

81 1182 123 1211 ὅτι
140 1185 178 1216 μὴ
207 1186 279 1212 πᾶσα
307 1185 424 1225 ἀνάγκη,
459 1186 503 1213 καί
529 1188 567 1214 ὧν
588 1187 671 1226 χωρὶς
700 1186 834 1227 δηλονότι,
862 1187 906 1215 τὸν

79 1228 146 1266 πρὸς
161 1229 191 1255 τὸ
215 1231 293 1266 σῶμα
314 1227 409 1266 δεσμὸν
431 1232 464 1268 τῇ
490 1232 566 1270 ψυλῇ
601 1231 730 1269 διαμένειν
746 1230 814 1262 ὅλως
832 1231 907 1268 ἀμή-

80 1283 178 1311 χανον,
195 1273 239 1300 καὶ
261 1277 337 1302 τοῦτο
365 1272 391 1301 δὲ
420 1276 473 1301 τῶν
495 1275 583 1303 ἄλλων
611 1278 662 1316 οὐχ
689 1277 770 1309 ἦττον
785 1286 904 1313 πνευμα-

79 1317 154 1344 τικόν
169 1327 197 1344 τε
232 1318 276 1345 καὶ
297 1317 483 1356 ὰποστολικὸν,
522 1324 560 1358 μὴ
583 1321 720 1360 φορτικούς
734 1331 802 1348 τισιν
824 1322 905 1360 εἶναι,

79 1361 114 1388 τὰ
143 1362 208 1400 πρὸς
246 1362 337 1400 χρείαν
381 1363 528 1403 αἰτοῦντας,
564 1363 627 1402 μηδ’
657 1365 775 1403 ἐγκοπὴν
810 1363 906 1392 διδόναι

79 1406 140 1432 τινα
154 1409 188 1443 τῇ
217 1409 263 1433 τοῦ
297 1406 397 1445 ἀγαθοῦ
425 1410 584 1447 κατορϐὦσει
606 1409 636 1436 ἐκ
659 1414 706 1438 τοῦ
740 1410 799 1447 περὶ
824 1412 906 1436 ταῦτα

79 1453 246 1489 καταναρκᾷν
268 1449 336 1479 ἔστιν
363 1452 401 1478 ὧν
431 1461 439 1470 ·

79 1494 185 1534 χερσὶν,
223 1493 267 1522 ὅτε
294 1493 346 1532 δεῖ,
376 1496 420 1524 καὶ
467 1497 575 1535 βοηθεῖν
625 1498 746 1536 ἑαυτοῖς⁴
763 1497 797 1525 δι’

79 1538 128 1566 τοῦ
155 1539 190 1570 είς
219 1539 251 1566 τὰ
293 1539 427 1578 ἀναγκαῖα
462 1549 469 1556 '
504 1544 554 1575 τῆς
583 1541 674 1574 ἔξωθεν
705 1541 732 1570 δὲ
762 1545 904 1582 περιφορᾶς

78 1583 190 1620 ταύτης,
228 1583 260 1617 ἢν
290 1583 385 1612 πολλοὶ
412 1585 465 1613 τῶν
492 1586 680 1626 ἁπλουστέρων
709 1586 904 1620 ἐπιτηδεύουσιν

80 1628 118 1659 εἷς
155 1627 293 1667 ἐρανισμὸν
327 1632 379 1657 τῶν
415 1631 481 1658 κατὰ
503 1631 594 1670 χρείαν
623 1638 681 1662 τοῖς
721 1631 903 1669 ἆσκουμένοις,

79 1672 153 1711 παρὰ
174 1675 227 1700 τῶν
256 1673 370 1710 ἑτοίμων
399 1673 575 1712 μεταδιδόναι,
626 1675 754 1714 φείδεσθαι
790 1687 818 1703 τε
847 1675 905 1703 κατ’

80 1715 145 1744 ὅλου
185 1717 284 1744 καὶτὸ
305 1717 410 1754 σύμπαν
458 1718 615 1758 ἀπέχεσθαι,
661 1719 698 1747 ’ίν’
739 1720 908 1759 ἀπροσκόπον

81 1761 174 1792 αὺτοῖς
201 1761 366 1800 πανταχόθεν
396 1765 448 1794 τῶς
467 1761 630 1796 δικαιοσύνης
661 1764 734 1801 μένοι
761 1764 791 1791 τὸ
820 1763 906 1803 ἔργον,

80 1805 126 1832 καὶ
141 1804 254 1842 μηδενὸς
286 1808 338 1833 τῶν
366 1806 470 1835 πάντων
493 1807 637 1840 συνείδησις
663 1808 705 1836 ἐπὶ
733 1819 782 1836 τινι
817 1807 906 1842 πλήτ-

841 1498 905 1525 ἑαυ-

81 1860 155 1877 τοιτο
168 1853 220 1877 τῶν
247 1848 291 1877 ὑπ’
313 1852 398 1878 αὐτῶν
434 1852 621 1890 πραττομένων
646 1861 652 1868 ’
670 1851 771 1890 μᾶλλον
799 1853 847 1890 μὲν
863 1853 907 1880 οὖν

82 1893 108 1921 εί
125 1904 164 1925 τις
197 1893 314 1931 δύναμις,
332 1893 424 1927 αὐτοὺς
459 1899 512 1924 τῶν
541 1895 611 1924 ἰδίων
647 1897 732 1924 πόνων
769 1903 906 1925 κοινωνεῖν

81 1937 181 1976 ἑτέροις
202 1938 342 1978 προθύμως
360 1947 366 1953 ·
387 1938 433 1967 ’ίνα
447 1940 585 1969 κέντεῦθεν
620 1944 638 1974 ἦ
655 1944 748 1979 μεῖζον
776 1942 806 1969 τὸ
820 1942 906 1978 θαῦμα

80 1984 132 2016 τῆς
159 1982 254 2020 ἀρετῆς
269 1982 346 2022 [μετὰ
373 1986 421 2017 τῆς
449 1985 592 2025 φιλοσόφου
625 1986 716 2017 πενίας
741 1985 906 2018 πλουτοόσης

81 2027 126 2054 καὶ
148 2028 196 2062 τήν
223 2027 362 2065 μετάδοσιν
378 2037 386 2046 ⁸
410 2028 467 2056 ἐπεὶ
492 2030 535 2057 καὶ
563 2029 666 2062 Παῦλος
693 2030 741 2061 τὰς
766 2036 862 2070 χεῖρας
878 2031 907 2058 οὒ

81 2077 142 2103 ταῖς
159 2071 251 2100 ἑαυτοῦ
277 2073 379 2112 χρείαις
404 2073 494 2112 μόνον,
521 2072 588 2102 ἀλλὰ
616 2075 660 2103 καὶ
693 2081 751 2106 τοῖς
780 2074 836 2102 οὖσι
848 2073 905 2111 μετ’

81 2116 158 2144 αὐτοῦ
192 2115 322 2148 διακόνοις
368 2118 552 2157 ἀνακηρύττει.
597 2121 664 2158 Πρὸς
699 2119 713 2146 ὃ
740 2118 906 2158 παράδειγμα

951 250 1133 281 clarissimus
1139 251 1621 292 virtuteintermonachos,quique
1629 252 1771 288 Auream,

951 299 983 325 ut
998 295 1160 336 appellant,
1177 295 1310 335 Petram,
1323 304 1382 325 non
1398 295 1500 335 procul
1524 296 1594 326 inde
1614 300 1773 336 remotam,

951 339 1064 379 primus
1079 339 1215 370 omnium
1226 339 1377 370 inchoavit
1388 338 1534 379 rexitque.
1555 339 1621 380 Ipse
1631 349 1700 370 vero
1711 339 1773 370 Do-

950 384 1072 414 rotheus
1083 384 1175 414 multa
1187 383 1246 413 illis
1259 392 1313 422 per
1325 392 1358 414 se
1370 383 1489 413 inventa
1499 383 1773 423 adjiciens,'eadem

950 437 1011 457 suae
1035 427 1217 458 multimodis
1243 427 1336 467 plexm
1363 427 1485 458 ascetici
1513 427 1629 459 decoris
1658 436 1776 459 corona:

948 471 1085 512 intexuit,
1105 477 1166 502 tum
1184 471 1219 502 ad
1243 471 1409 512 augendam
1426 472 1518 511 magis
1545 472 1773 512 pulcritudinem

950 516 1027 556 ejus,
1044 521 1105 547 tum
1124 517 1160 547 ad
1179 517 1351 556 ponendum
1369 516 1490 556 majoris
1509 516 1643 547 utilitatis
1666 517 1774 548 funda—

950 566 1094 592 mentum.
1107 560 1191 597 Quod
1214 561 1293 592 enim
1307 561 1447 591 virtutum
1463 570 1558 600 genus
1573 560 1610 592 ab
1626 561 1700 601 ipsis
1714 570 1775 592 non

948 605 1163 636 exercebatur?
1180 605 1225 636 An
1245 605 1479 644 longaminitas?
1499 614 1536 635 an
1557 604 1723 636 modestia?
1736 615 1775 636 an

948 649 1144 690 despicientia
1155 659 1256 680 rerum
1273 649 1475 689 praesentium,
1498 653 1549 680 aut
1561 659 1643 680 amor
1659 650 1774 681 futura-

948 698 1037 725 rum?
1059 703 1096 725 an
1123 694 1343 725 mansuetudo?
1365 703 1403 724 an
1425 694 1562 734 puritas?
1588 703 1625 725 an
1653 693 1776 734 spiritus

949 738 1126 778 paupertas?
1135 738 1290 778 analiquid
1300 737 1421 768 demum
1434 738 1567 768 omnium
1578 747 1644 778 quae
1655 737 1774 770 beatum

948 783 1075 813 reddere
1099 787 1224 821 possunt
1247 782 1399 813 hominem
1422 786 1474 813 aut
1502 782 1590 813 aliter
1614 782 1776 813 laudabilia

948 826 1043 857 sunt?
1065 826 1156 857 Porro
1182 830 1357 866 paupertas,
1382 826 1549 866 frugalitas,
1577 827 1607 857 in
1633 826 1775 858 omnibus

948 871 1155 910 temperantia,
1178 870 1321 910 vigilandi
1345 871 1487 910 studium,
1515 870 1663 911 psallendi
1686 870 1776 902 ardor

948 914 1137 952 insatiabilis,
1147 915 1252 946 orandi
1262 914 1401 952 intentio,
1415 924 1516 945 rerum
1530 914 1703 945 divinarum
1716 924 1777 946 tne-

947 958 1134 998 ditatio,erga
1143 958 1318 1000 peregrinos
1324 959 1408 999 juxta
1419 968 1453 989 ac
1465 959 1625 989 mendicos
1635 959 1774 998 Charitas,

947 1007 1035 1043 quota
1050 1012 1117 1043 pars
1133 1009 1203 1034 sunt
1218 1003 1337 1034 illorum
1354 1012 1419 1044 quae
1434 1003 1464 1033 in
1476 1007 1616 1043 promptu
1631 1007 1676 1034 est
1690 1013 1775 1035 enar-

948 1056 1016 1078 rare
1027 1049 1041 1077 ?

988 1093 1036 1123 12.
1051 1091 1231 1132 ΙΙΙοι-ιιηιζθει
1247 1091 1320 1122 nihil
1337 1091 1458 1122 omnino
1469 1101 1570 1122 rerum
1583 1100 1648 1132 quae
1660 1091 1698 1123 ad
1709 1101 1776 1123 cor-

947 1146 1014 1177 pus,
1027 1136 1122 1167 solum
1133 1145 1202 1167 vero
1213 1145 1279 1176 quae
1288 1136 1324 1167 ad
1334 1136 1465 1167 animum
1479 1140 1623 1176 spectant,
1637 1145 1772 1176 quaerere

949 1186 977 1211 et
996 1181 1115 1218 sectari,
1136 1180 1195 1211 nisi
1220 1189 1337 1211 summa
1359 1181 1522 1211 necessitas
1536 1184 1640 1220 urgeat
1653 1190 1687 1212 ac
1703 1181 1773 1212 talia

948 1234 983 1256 ea
1011 1226 1082 1262 sint,
1109 1225 1175 1256 sine
1204 1225 1312 1266 quibus
1338 1225 1478 1256 sustineri
1499 1225 1556 1255 vita
1577 1226 1658 1256 nullo
1683 1225 1772 1256 modo

948 1273 1053 1310 potest.
1071 1269 1191 1300 Illorum
1211 1273 1256 1300 est
1268 1269 1339 1300 illud
1356 1279 1485 1310 quoque,
1498 1279 1557 1300 non
1569 1269 1668 1300 minus
1683 1279 1770 1310 quam

947 1315 1005 1346 alia
1011 1314 1166 1354 spirituale
1175 1317 1204 1344 et
1211 1313 1416 1354 apostolicum,
1423 1314 1500 1354 quod
1507 1323 1574 1344 cum
1584 1314 1773 1345 necessitatis

948 1368 1035 1390 causa
1053 1363 1155 1399 petunt
1178 1358 1341 1398 quidpiam,
1365 1358 1477 1389 nemini
1491 1359 1610 1389 onerosi
1626 1359 1696 1397 sint,
1715 1368 1770 1390 nec

948 1409 1046 1435 tamen
1058 1403 1242 1434 obstaculum
1260 1403 1401 1442 praeclaro
1421 1403 1536 1434 virtutis
1558 1404 1699 1434 exercitio
1715 1413 1772 1444 po-

467 1452 534 1481 ἀλλὰ
556 1460 616 1485 ταῖς
644 1452 718 1485 ἰδίαις
755 1453 877 1492 ἐργάζεσθ

951 1452 1019 1479 nant
1030 1457 1082 1488 per
1092 1447 1260 1478 istiusmodi
1273 1456 1373 1477 rerum
1381 1447 1580 1487 corporalium
1590 1447 1770 1488 neglectum;

946 1493 998 1523 sed
1010 1492 1137 1533 propriis
1149 1494 1310 1532 operantur
1328 1492 1478 1529 manibus,
1496 1491 1613 1532 quando
1626 1501 1703 1532 opus
1713 1497 1769 1531 est,

948 1538 1090 1578 etjuvant
1111 1546 1143 1567 se
1169 1545 1222 1577 per
1248 1536 1361 1576 seipsos
1386 1536 1416 1567 in
1443 1536 1504 1567 suis
1519 1537 1769 1576 necessitatibus;

947 1582 1026 1612 illam
1034 1586 1132 1612 autem
1139 1581 1318 1612 exteriorum
1327 1580 1513 1620 negotiorum
1523 1590 1636 1617 curam,
1646 1581 1771 1622 inquam

947 1627 1163 1667 simpliciorum
1189 1625 1273 1656 multl
1301 1629 1358 1655 tam
1388 1625 1514 1656 sollicite
1538 1625 1715 1657 incumbunt
1733 1625 1770 1656 ad

948 1671 1128 1710 corroganda
1153 1669 1385 1700 exercitanlibus
1408 1670 1588 1709 necessaria,
1610 1670 1770 1701 transferre

948 1715 984 1746 ad
999 1715 1086 1745 facile
1103 1715 1408 1754 parabiliasatagunt;
1426 1719 1476 1745 aut
1490 1714 1588 1754 potius
1598 1723 1633 1745 ea
1646 1715 1768 1746 omnino

948 1759 1108 1798 abstinent,
1126 1763 1157 1789 ut
1170 1758 1278 1798 ubique
1290 1758 1414 1798 justitim
1436 1767 1528 1798 opera
1548 1767 1689 1790 exercere
1703 1760 1769 1790 sine

950 1804 1114 1834 offensione
1121 1803 1292 1834 etscandalo
1299 1803 1427 1843 possint,
1437 1803 1605 1843 nulliusque
1616 1804 1769 1834 conscien-

948 1848 1027 1878 tiain
1039 1848 1136 1888 aliquo
1150 1856 1274 1888 operum
1287 1856 1409 1878 suorutn
1420 1851 1544 1886 angatur
1561 1856 1567 1878 :
1587 1848 1667 1886 quod
1682 1848 1708 1878 si
1722 1848 1767 1879 fa-

947 1893 1042 1923 cultas
1057 1896 1206 1932 suppetat,
1231 1891 1288 1932 ipsi
1312 1891 1445 1922 labornm
1471 1901 1593 1922 suorum
1609 1892 1769 1933 participes

947 1937 1020 1967 alios
1033 1936 1143 1967 faciunt
1156 1936 1303 1976 alacriter,
1318 1940 1349 1966 ut
1363 1935 1409 1966 vel
1425 1935 1495 1966 hinc
1510 1935 1716 1968 admirabilior
1731 1937 1770 1968 sit

946 1981 990 2012 vis
1004 1981 1129 2017 virtutis,
1146 1990 1211 2021 quae
1236 1984 1266 2011 et
1286 1980 1521 2020 philosophicam
1549 1984 1680 2012 sectatur
1693 1991 1766 2022 pau-

948 2030 1102 2067 pertatem,
1122 2030 1151 2056 et
1174 2025 1315 2065 opulenta
1341 2033 1430 2054 manu
1453 2025 1484 2054 in
1499 2025 1573 2055 alios
1591 2025 1766 2064 distribuit;

948 2079 1014 2101 cum
1031 2070 1118 2101 etiam
1135 2070 1241 2100 Paulus
1254 2068 1428 2109 praedicet5,
1442 2077 1546 2100 manus
1558 2078 1627 2100 suas
1635 2079 1696 2100 non
1707 2070 1768 2100 suis

948 2114 1046 2154 modo,
1059 2115 1110 2145 sed
1120 2114 1269 2144 sociorum
1285 2122 1402 2154 quoque
1418 2123 1538 2144 suorum
1551 2113 1653 2144 usibus
1664 2123 1768 2145 neces-

80 2159 187 2198 βλέπων
214 2161 228 2188 ὁ
254 2161 430 2193 ἆποστολικὸς
468 2163 570 2195 ἐκεῖνος
611 2157 688 2204 ανὴρ,
727 2163 756 2192 οὔ
780 2157 852 2192 πολὺ

951 2159 1026 2190 saria
1033 2158 1285 2190 subministrasse.
1293 2157 1377 2194 Quod
1387 2158 1554 2198 exemplum
1567 2158 1624 2188 sibi
1635 2161 1768 2199 proposi-

81 2204 148 2236 ἴσως
164 2205 249 2232 εἰπεῖν
265 2204 304 2232 ὅτι
331 2206 376 2233 καὶ
402 2206 562 2247 ἀπόστολος,
593 2208 686 2236 ἔαυτόν
707 2218 736 2236 τε
751 2208 815 2247 πρὸς
830 2210 906 2236 τοῦτο

81 2248 209 2276 κάλλιστα
242 2249 332 2287 ἤσκει,
360 2251 404 2278 καὶ
437 2251 497 2282 τοὺς
525 2252 617 2280 ἑαυτοῦ
646 2251 819 2285 ἐξεπαίδευσέ.
857 2253 906 2281 Καὶ

81 2297 125 2321 νῦν
147 2292 216 2320 ἔστιν
244 2292 309 2321 ἰδεῖν
336 2295 402 2331 μετᾶ
429 2298 483 2322 τῶν
514 2295 600 2324 ἄλλων
634 2297 724 2325 καλῶν
759 2298 802 2325 καὶ
829 2302 906 2330 τοῦτο

80 2335 142 2376 παρ’
171 2338 262 2382 αςῦτοϊς
290 2337 511 2378 σπουδαζόμενον,
541 2341 588 2374 τὴν
623 2343 674 2369 τῶν
697 2345 794 2382 χειρῶν
829 2341 906 2381 ἐργα-

80 2382 148 2426 σίαν,
177 2381 239 2411 ὅσον
267 2383 348 2420 μόνον
374 2384 473 2417 ταύτην
500 2385 549 2422 μὲν
584 2386 655 2414 εἶναι
691 2387 820 2426 πάρεργον
837 2396 844 2403 ·
874 2387 904 2414 τὸ

79 2425 101 2453 δ’
132 2425 228 2460 ἄληθες
283 2427 358 2467 ἔργον
401 2427 488 2467 ἕτερον
529 2430 577 2463 τὴν
626 2429 668 2458 διὰ
716 2425 804 2464 πάσης
834 2430 903 2462 ἰδέας

79 2469 241 2511 λειτουργίαν
264 2477 311 2500 τοῦ
331 2472 399 2500 θείου
413 2474 456 2500 καὶ
482 2474 632 2515 θεραπείαν,
663 2475 710 2504 οὒκ
745 2474 797 2504 οἷδ’
813 2475 838 2502 εἰ
854 2486 904 2504 που

80 2514 168 2560 ἄλλοοι
198 2515 311 2554 μᾶλλον,
340 2517 358 2550 ἢ
387 2516 495 2545 ἐνταῦθα
533 2520 742 2560 κατορθουμένην
775 2529 781 2536 ¹
811 2521 847 2552 ὡς
872 2520 902 2547 ἃν

81 2559 171 2591 αὐτοῖς
206 2561 294 2600 ἂρτιον
322 2562 366 2590 καὶ
397 2563 563 2602 πανταχόθεν
603 2564 702 2604 πλῆρες
730 2565 774 2592 καὶ
802 2564 902 2593 τελειον

79 2604 110 2631 τὸ
125 2603 221 2642 ἀγᾶθὸν
236 2606 264 2644 ἧ,
290 2606 320 2634 ἐκ
354 2617 383 2634 τε
418 2608 470 2634 τῶν
506 2603 665 2645 σωματικῶν
690 2611 798 2646 ἱκανῶς,
831 2608 861 2637 ἔκ
874 2619 903 2636 τε

79 2650 132 2675 τῶν
178 2653 362 2687 πνευματικῶν
407 2650 538 2688 δαψιλῶς,
581 2654 616 2685 εἰς
664 2655 709 2682 τὸν
738 2654 904 2692 ἀπαρτισμὸν

79 2693 326 2734 συμπληρούμενον.

119 2804 134 2828 5
149 2804 215 2837 Act.
230 2814 282 2844 xx,
293 2807 342 2838 24.

241 2866 371 2898 Ρλτιιοι..
390 2869 446 2900 Gn.
469 2869 560 2904 CXX,

948 2208 1010 2234 tum
1026 2204 1137 2234 habens
1153 2203 1196 2233 vir
1206 2203 1261 2234 iste
1277 2203 1466 2243 apostolicus,
1479 2204 1538 2233 imo
1556 2206 1585 2233 et
1600 2204 1766 2243 apostolum

947 2248 1060 2286 dixero,
1077 2248 1108 2278 in
1121 2248 1180 2278 illis
1195 2256 1227 2278 se
1242 2248 1381 2287 praeclare
1397 2247 1566 2284 exercebat,
1583 2252 1612 2278 et
1631 2248 1766 2279 instrue-

947 2293 1091 2333 bat’jsuos.
1112 2292 1177 2324 Jam
1192 2301 1260 2322 vero
1277 2292 1524 2322 considerandum
1538 2292 1624 2323 nobis
1639 2297 1684 2323 est
1699 2302 1766 2324 cum

946 2338 1128 2377 aliisieorum
1141 2336 1233 2376 gestis
1247 2336 1318 2366 illud
1334 2346 1452 2377 quoque
1466 2336 1497 2366 in
1509 2336 1588 2376 quod
1603 2337 1766 2368 seduloin—

948 2383 1099 2418 cumbant,
1126 2381 1263 2412 videlicet
1284 2381 1416 2421 operatio
1443 2381 1598 2418 manualis,
1620 2386 1766 2421 quatenus

945 2427 1041 2458 solum
1065 2430 1144 2458 esset
1166 2425 1319 2466 occupatio
1335 2424 1526 2463 secundaria;
1542 2435 1610 2456 cum
1627 2425 1768 2466 primaria

945 2472 976 2502 in
989 2481 1024 2502 eo
1036 2475 1214 2507 versaretur,
1241 2469 1322 2510 quod
1345 2469 1442 2500 omnis
1463 2470 1582 2509 generis
1608 2471 1722 2502 cultum
1738 2476 1768 2502 et

945 2516 1091 2548 sacrificia
1105 2516 1230 2547 offerant
1242 2514 1314 2554 Deo,
1338 2523 1394 2544 nec
1418 2514 1493 2555 scio,
1508 2524 1545 2545 an
1561 2515 1635 2545 nulli
1651 2515 1764 2556 uspiam

945 2561 1052 2601 majori
1075 2570 1141 2591 cum
1167 2559 1356 2590 accuratione
1378 2569 1465 2599 quam
1484 2560 1529 2591 illi
1553 2560 1601 2591 hic
1620 2569 1626 2591 :
1643 2561 1716 2591 adeo
1732 2565 1766 2591 ut

943 2606 1090 2646 integrum
1103 2609 1132 2635 et
1144 2604 1225 2635 omni
1243 2612 1277 2634 ex
1293 2608 1375 2643 parte
1385 2604 1565 2644 completum
1574 2608 1661 2644 atque
1669 2605 1766 2644 perfe-

943 2654 1020 2681 ctum
1038 2649 1208 2690 possideant
1232 2647 1353 2686 bonum,
1378 2648 1475 2688 quoad
1499 2657 1607 2688 corpus
1628 2649 1762 2688 quidem,

942 2695 1145 2731 sufficienter;
1161 2693 1258 2734 quoad
1283 2693 1412 2723 animam
1427 2702 1509 2731 vero,
1530 2692 1719 2724 abundanter
1733 2698 1763 2725 et

943 2749 1009 2772 cum
1026 2738 1246 2770 absolutissima
1262 2737 1457 2778 perfectione.

1566 2865 1602 2898 34
