1975 3071
209 130 287 162 1067

821 131 981 164 JOANNIS
1003 131 1283 163 EUCHAITENSIS

1818 131 1914 164 1068

957 207 1080 240 CAPUT
1109 208 1149 240 III

823 277 977 310 Miracula
1005 279 1031 305 et
1059 283 1142 308 mors
1169 277 1285 309 Sancti.

253 349 300 381 l3.
317 350 396 381 Talis
407 351 496 390 igitur
507 352 561 382 fuit
572 351 716 383 mirabilis
730 352 873 383 Dorothei
887 350 1030 382 institutio
1041 354 1062 378 Α

211 399 241 426 et
256 396 454 432 conversatio,
472 396 539 427 talis
554 397 617 437 ipse
633 396 793 436 legislator,
811 396 862 436 qui
876 396 1033 427 sublimem

210 440 290 470 hunc
299 444 387 480 atque
403 440 534 472 divinum
548 441 665 471 vivendi
677 442 797 472 modum
809 440 1008 472 constabilivit
1026 451 1032 470 :

210 484 289 524 quod
316 495 407 515 unum
437 495 489 526 pro
520 486 621 516 multis
648 486 774 516 sufﬁciat
789 485 980 525 argumentis,
996 485 1032 515 ad

210 528 396 569 probandum
406 530 461 560 viri
470 530 653 568 virtutem,et
665 531 900 569 dignoscendum
914 539 1034 570 quomo-

211 573 249 604 do
266 573 322 612 ipsi
335 583 413 604 curae
429 579 507 605 esset
522 576 600 606 Deus
615 578 646 606 et
667 575 731 615 ipse
746 575 875 606 vicissim
896 574 969 610 Deo,
987 574 1037 614 qui

211 617 410 656 gloriﬁcantes
428 627 459 648 se
474 619 617 658 glorificat
631 623 659 649 et
674 620 855 650 honorantes
872 629 903 650 se
921 619 965 649 sic
982 628 1035 658 pa-

211 661 284 692 riter
296 662 433 694 honorat.
446 662 556 694 Verum
567 663 865 704 enimveroquoniam
878 663 1034 694 multitudo

213 706 376 745 gratiarum
395 716 429 738 ac
457 707 617 746 donorum,
640 708 710 738 inde
735 708 766 738 in
786 712 921 738 sanctum
943 708 1038 738 virum

214 750 438 790 proﬂuentium,
455 751 485 782 in
509 761 561 782 ore
587 752 746 783 multorum
772 757 927 789 versatur;
943 752 1039 792 quiut

213 794 355 825 audiendi
370 796 471 835 cupidi
487 797 667 833 sunt,solent
678 797 776 828 acrius
787 797 942 828 intendere
951 806 1039 827 aures

215 838 246 868 in
261 847 363 870 rerum
389 849 529 871 novarum
551 841 758 879 narrationes;
782 850 836 880 age
856 841 1039 881 proferamus

215 886 243 913 et
258 892 312 913 nos
327 884 357 914 in
372 885 501 915 medium
528 895 619 925 pauca
644 886 777 924 quaedam
803 886 868 925 ejus
884 885 1036 922 miracula,

217 926 307 967 idque
317 933 428 968 quanta
449 930 514 960 ﬁeri
532 930 622 969 possit
635 930 798 967 brevitate;
815 935 845 960 ut
861 939 898 960 ne
914 931 1037 970 cupien-

216 975 261 1002 tes
275 973 402 1004 novitate
418 973 558 1004 dictionis
575 975 651 1005 bene
669 975 778 1005 mereri
789 974 826 1004 de
840 974 1035 1011 auditoribus,

215 1016 423 1056 imprudenter
445 1018 516 1058 ipsis
542 1019 739 1049 obtundamus
762 1028 848 1050 aures
873 1019 1038 1059 prolixitate

217 1061 426 1092 orationis.Est
435 1067 531 1093 autem
542 1063 670 1103 primum
678 1063 898 1102 maximumque
907 1063 1039 1093 omnium

217 1105 248 1135 in
263 1105 325 1136 viro
348 1107 626 1148 miraculum,quod
647 1108 838 1138 habitualiter
863 1112 891 1138 et
912 1109 1040 1147 perfecte

218 1155 391 1190 penetraret
404 1161 458 1182 seu
471 1153 724 1192 contemplaretur
739 1153 857 1191 divina;
872 1159 979 1192 etquae
994 1162 1041 1183 co-

219 1200 361 1234 gnoverat
385 1197 508 1234 agenda,
534 1201 602 1228 actu
619 1197 794 1236 compleret,
812 1197 890 1227 unde
902 1201 931 1227 et
945 1197 1040 1228 abun-

219 1239 405 1270 dantioribus
427 1251 444 1272 a
464 1241 540 1272 ccelo
567 1241 826 1278 illustrationibus,
848 1246 879 1272 ut
908 1251 961 1281 par
984 1245 1040 1278 est,

219 1283 355 1322 dignatus
369 1285 424 1316 fuit
439 1290 559 1326 propter
578 1288 685 1317 animae
700 1286 870 1326 puritatem.
889 1285 966 1317 Ecce
985 1295 1039 1316 au—

219 1331 278 1359 tem
295 1330 441 1370 exempla.

258 1373 307 1404 14.
326 1373 468 1405 ίΕείίνυω
482 1375 622 1414 agebatur
637 1379 764 1414 tempus,
781 1378 810 1405 et
825 1374 941 1405 medius
955 1374 1040 1404 inca-

221 1417 318 1448 luerat
332 1419 406 1456 dies,
425 1429 490 1449 cum
507 1423 630 1459 repente
645 1419 723 1449 oculi
743 1418 869 1449 videntis
884 1427 1040 1458 praevene-

221 1469 312 1499 runt;
330 1463 471 1502 praavenit
486 1469 582 1494 autem
599 1464 686 1494 etiam
701 1463 764 1502 ipse
785 1463 872 1495 citus.
891 1467 919 1492 et
931 1463 1040 1493 clama-

222 1506 264 1537 vit
279 1506 310 1536 in
326 1506 538 1538 immaturitate
547 1511 655 1538 cretum
672 1507 810 1537 fratribus
823 1506 957 1537 indicens
970 1515 976 1536 :
987 1506 1041 1536 iis-

220 1559 278 1590 que
294 1551 394 1581 slatim
411 1556 442 1582 ut
454 1561 506 1591 par
521 1551 829 1589 est,convenientibus
845 1551 1044 1591 stupentibus-

222 1604 280 1634 que
295 1595 332 1625 ob
348 1596 392 1626 rei
408 1597 566 1626 novitatem
581 1597 721 1633 (nondum
740 1596 818 1626 enim
840 1596 1038 1635 Vesperarum

219 1642 338 1679 tempus
353 1641 427 1680 erat)
441 1650 448 1671 :
461 1640 583 1680 Demus,
596 1641 701 1680 inquit,
720 1640 772 1670 lilii
789 1640 953 1680 fratresque
967 1639 1036 1679 mei,
1049 1637 1068 1661 (ἶ

220 1683 326 1714 demus
334 1685 457 1724 gloriam
466 1685 539 1724 Deo,
552 1686 601 1726 qui
611 1686 698 1716 modo
708 1689 814 1725 praeter
824 1693 906 1724 spem
919 1693 1037 1715 omnem

220 1737 256 1759 ex
269 1729 414 1768 profundo
431 1731 521 1760 maris
543 1730 651 1770 eripuit
673 1729 840 1770 quempiam
859 1729 996 1769 (addebat
1011 1732 1041 1760 et

221 1774 342 1814 nomen)
359 1775 470 1805 salvum
480 1779 566 1815 atque
577 1775 769 1805 incolumem.
780 1773 830 1804 His
842 1774 927 1804 dictis
939 1773 1038 1811 tacuit,

223 1820 252 1848 et
279 1819 472 1850 mirabundos
501 1820 536 1851 ad
567 1819 693 1860 Synaxin
723 1819 849 1850 dimisit.
867 1817 932 1848 Non
958 1818 1042 1849 multi

222 1861 421 1893 intercessere
435 1863 512 1903 dies,
529 1873 595 1894 cum
611 1863 661 1894 ille
672 1863 738 1902 ipse
749 1862 922 1892 festinanter
933 1861 968 1891 ad
981 1871 1042 1891 mo—

223 1906 385 1937 nasterium
395 1907 520 1948 accedit,
532 1908 592 1938 alta
601 1917 670 1938 vove
685 1907 847 1937 inclamans
863 1910 1040 1937 servatorem

222 1950 472 1992 liberatoremque
488 1961 587 1992 suum,
608 1951 658 1992 qui
671 1951 729 1982 silli
745 1951 831 1981 vitam
848 1950 1039 1988 reddiderat;

221 1998 250 2026 et
261 1995 446 2026 venerabiles
454 1997 518 2036 ejus
530 1997 620 2037 pedes
629 1995 772 2026 ambabus
783 1995 1044 2034 manibusquanta

222 2039 316 2079 potuit
330 2049 395 2070 cum
415 2040 567 2072 alacritate
588 2045 676 2081 atque
699 2040 818 2077 atl‘ectu,
841 2039 1043 2079 apprehensus

223 2087 346 2120 tenens,
371 2094 429 2114 non
455 2085 537 2124 prius
565 2084 677 2115 dimisit
705 2087 752 2114 aut
780 2084 869 2114 humo
899 2082 1041 2120 surrexit,

222 2128 340 2158 tametsi
355 2129 392 2159 ab
416 2129 555 2160 omnibus
578 2133 746 2169 cogeretur,
765 2137 852 2168 quam
870 2132 958 2158 totam
980 2127 1041 2157 for-

223 2175 302 2203 tunae
316 2182 377 2203 suae
392 2173 500 2204 seriem
527 2173 721 2214 praesentibus
741 2172 925 2203 exhibuisset
942 2182 948 2203 z
967 2181 1042 2211 quo-

225 2216 312 2247 modo
335 2217 419 2256 jussu
444 2218 522 2257 regis
550 2218 689 2258 navigans
713 2225 765 2256 per
791 2217 973 2247 Astacenum
1000 2216 1044 2246 si-

224 2269 294 2291 num
304 2262 359 2301 (7),
373 2261 403 2292 in
419 2263 624 2293 vehementem
636 2260 776 2292 inciderit
787 2264 1013 2300 tempestatem;
1028 2269 1046 2291 a

1114 346 1162 390 ιγ’.
1179 353 1292 385 Τοιαύτη
1317 351 1365 389 μὲν
1393 352 1437 380 οὖν
1472 352 1494 379 ὡ
1521 351 1659 389 θαυμαστὴ
1687 350 1804 389 μεγάλου
1820 361 1919 387 νομο-

1076 397 1149 424 θεσία
1160 397 1202 424 καὶ
1218 396 1350 433 πολιτεία,
1379 399 1498 426 τοιοῦτος
1526 395 1554 423 δὲ
1588 396 1633 423 καὶ
1661 396 1674 423 ὁ
1716 394 1881 432 νομοθέτης,
1903 395 1921 421 ὃ

1075 441 1105 468 τὸ
1132 440 1200 479 μέγα
1226 444 1301 469 τοῦτο
1334 441 1377 468 καὶ
1406 442 1477 468 θετον
1505 439 1650 477 πολίτευμα
1678 439 1886 476 συστησάμενος
1908 448 1918 456 ·

1076 484 1090 512 ὅ
1105 486 1148 513 καὶ
1175 485 1255 522 μόνον
1283 485 1313 513 ἂν
1348 485 1457 524 ἤρκεσεν
1486 485 1575 512 ἱκανὸν
1607 483 1724 522 γενέσθαι
1760 484 1921 522 τεκμήριον

1079 531 1128 562 τῆς
1157 532 1203 556 τοῦ
1225 528 1316 568 ἀνδρὸς
1345 529 1452 568 ἀρετῆς,
1482 529 1526 557 καὶ
1554 528 1626 560 ὅπως
1655 529 1704 565 μὲν
1740 528 1811 564 αὖτῷ
1841 528 1920 557 Θεὸς

1078 572 1091 583 ⁷1
1128 573 1134 576 ⁸
1215 572 1228 583 υ
1318 572 1339 582 ΝΣ
1397 575 1403 584 ν
1426 574 1432 582 \
1522 576 1535 581 -
1597 574 1602 582 1
1728 576 1740 581 ~
1775 571 1787 581 ἢ
1803 571 1815 582 Γ
1826 572 1832 582 7

1080 580 1184 610 εμεΛεν,
1214 584 1287 605 οπως
1315 584 1343 601 οε
1377 584 1453 604 uoto:
1483 577 1540 610 Θεῳ
1568 572 1658 610 παλιν,
1707 584 1746 610 τῳ
1773 575 1918 607 οοςαζοντι

1078 618 1137 650 τοὺς
1167 616 1332 657 δοξάζοντας,
1362 618 1406 646 καὶ
1441 618 1500 649 τοὺς
1528 620 1662 654 τιμῶντας
1690 616 1773 648 οὕτως
1801 617 1918 644 ἀντιτι-

1078 665 1174 699 μῶντι,
1191 662 1226 690 0'3
1242 662 1295 699 μὴν
1319 661 1377 690 ἀλλ’
1403 661 1458 689 ἐπεὶ
1492 663 1535 689 καὶ
1563 664 1616 689 τῶν
1641 660 1683 689 ἐπ’
1712 661 1790 689 αὖτὸν
1805 659 1920 688 ἐκεῖθεν

1078 706 1189 744 ῥυέντων
1216 707 1390 746 λαρισμάτων
1417 707 1448 734 τὸ
1487 705 1588 739 πλῆθος
1633 705 1681 733 ἀνά
1726 706 1812 742 στόμα
1848 711 1919 736 τοῖς

1079 750 1190 782 πολλοῖς
1218 751 1396 790 περιφέρεται,
1441 752 1483 782 οἷς
1512 751 1556 778 καὶ
1595 749 1696 788 μᾶλλον
1745 748 1819 789 φιλεῖ
1848 759 1916 779 πως

1079 795 1220 834 ἐγείρεσθαι
1249 795 1280 822 τὰ
1308 796 1363 823 ὦτα
1389 801 1449 826 τοῖς
1483 794 1635 835 φιληκόοις,
1675 795 1739 832 πρὸς
1777 794 1828 827 τὴν
1855 797 1918 821 τῶν

1079 839 1236 878 καινοτέρων
1287 839 1410 878 ἀκρόασιν
1451 839 1576 871 ἐπιεικῶς
1611 839 1798 879 λιχνευόμενα⁷
1833 838 1915 878 φέρε,

1079 885 1122 911 καὶ
1136 885 1217 920 ἡμεῖς
1230 887 1272 912 νῦν
1296 883 1372 923 ὀλίγα
1407 887 1460 911 τῶν
1493 888 1540 912 τοῦ
1568 883 1659 923 ἀνδρὸς
1687 883 1854 921 θαυμασίων,
1875 883 1918 914 εἰς

1078 929 1127 961 τὴν
1156 927 1213 956 κατ’
1249 928 1327 956 αὒτὸν
1362 927 1486 967 διήγησιν
1519 926 1726 967 παραλάϐωμεν,
1755 928 1797 955 καὶ
1825 930 1918 955 ταῦτα

1079 972 1121 1000 διὰ
1142 972 1265 1012 βραχέων
1286 974 1322 1003 ὡς
1345 972 1460 1009 μάλιστα
1480 984 1485 989 ’
1509 972 1554 1000 ’ἕνα
1571 973 1609 1009 μὴ
1631 975 1669 1009 τῷ
1695 975 1748 1000 τῶν
1770 971 1917 1010 ἀκροατῶν

1080 1016 1223 1056 φιλοκαίνιρ
1263 1020 1402 1052 ζητοῦντες
1442 1017 1610 1056 χαρίσασθαι,
1657 1016 1778 1052 λάθωμεν
1813 1016 1917 1046 αὖτοὺς

1081 1060 1285 1092 ἆποκναίσαντες
1314 1072 1352 1097 τῳ
1384 1061 1463 1098 μήκει
1498 1061 1545 1088 τοῦ
1572 1059 1663 1099 λόγον,
1716 1064 1779 1089 Em
1815 1059 1843 1087 δὲ

1081 1108 1183 1144 πρῶτον
1198 1105 1241 1132 καὶ
1257 1105 1380 1144 μέγιστον
1416 1105 1443 1133 ἐν
1478 1105 1599 1141 ἐκείνοις,
1614 1106 1631 1139 ἡ
1657 1105 1716 1144 περὶ
1737 1106 1767 1132 τὸ
1788 1103 1916 1144 διορατι-

1882 1062 1916 1088 τὸ

1081 1151 1138 1186 κον,
1156 1149 1207 1178 εἴτ’
1245 1150 1287 1178 οὖν
1314 1151 1486 1189 θεωρητικὸν,
1517 1151 1553 1181 ὡς
1583 1150 1613 1177 ἃν
1636 1149 1708 1178 εἴποι
1722 1160 1774 1187 τις,
1790 1149 1842 1182 ἕξις
1861 1150 1915 1177 αὖ-

1081 1197 1127 1222 τώ
1161 1195 1204 1222 καὶ
1246 1193 1379 1226 τελείωσις
1397 1202 1404 1209 ⁶
1428 1196 1451 1231 ᾧ
1478 1195 1509 1222 τὸ
1537 1195 1682 1233 πρακτικὸν
1717 1194 1912 1234 ἑπεσφράγισε,

1081 1237 1269 1277 δαψιλεστέραν
1284 1239 1334 1272 τὴν
1369 1238 1465 1268 ἄνωθεν
1501 1237 1633 1275 ἕλλιμψιν
1669 1238 1776 1269 εἰκότως
1791 1237 1914 1273 πλουτή-

1082 1281 1196 1317 σας,δια
1209 1283 1257 1316 τὴν
1286 1283 1336 1315 τῆς
1365 1285 1456 1323 ψυχῆς
1483 1283 1661 1322 καθαρότητα.
1693 1283 1742 1311 Καὶ
1771 1283 1803 1310 τὰ
1819 1293 1914 1322 παρα-

1082 1326 1207 1366 δείγματα
1223 1327 1315 1355 τούτου
1321 1352 1327 1358 ,

1123 1366 1167 1400 ιδ’.
1199 1371 1294 1410 Θέρους
1325 1372 1357 1405 ἧν
1371 1371 1426 1411 ὥρα
1454 1373 1497 1400 καὶ
1541 1370 1720 1411 μεσημϐρινὸς
1763 1373 1777 1400 ὁ
1805 1373 1913 1411 καιρὶις,

1083 1415 1247 1456 προέφθκσαν
1261 1416 1304 1444 οὖν
1338 1418 1361 1444 οἱ
1386 1415 1514 1456 ὀφθαλμοὶ
1541 1420 1587 1444 τοῦ
1609 1418 1733 1456 ὁρῶντος,
1763 1417 1914 1456 προέφθασε

1083 1459 1168 1488 δὲκαὶ
1199 1461 1275 1492 αὐτὸς
1305 1461 1378 1493 εὒθὺς
1414 1461 1458 1489 καὶ
1480 1460 1616 1500 ἐκέκραξεν
1644 1461 1671 1488 ἐν
1697 1461 1779 1500 ἀωρίᾳ
1799 1472 1912 1499 τοιαυτῃ

1084 1504 1226 1537 ἐκκλησίαν
1254 1505 1389 1544 κηρύττων
1418 1512 1476 1537 τοῖς
1511 1504 1636 1545 ἀδελφοῖς
1663 1515 1671 1523 ·
1700 1505 1756 1534 ἐπεὶ
1790 1505 1818 1533 δὲ
1847 1517 1911 1534 συν-

1085 1548 1195 1588 έδραμον
1224 1551 1261 1581 ὡς
1290 1551 1372 1590 εἶκὸς,
1416 1550 1486 1589 ταχὺ
1535 1550 1580 1577 σὺν
1614 1549 1738 1585 ἐκπλήξει
1778 1552 1844 1591 πρὸς
1879 1552 1911 1579 τὸ

1083 1593 1233 1633 παράλογον
1269 1593 1356 1632 (οὔπω
1385 1594 1434 1633 γὰρ
1476 1593 1508 1627 δη
1549 1595 1638 1633 καιρὸς
1675 1597 1727 1623 τῶν
1763 1596 1908 1634 ἐσπερινῶν

1079 1638 1166 1676 ὕμνων
1201 1638 1255 1678 ἦν),
1295 1641 1399 1678 Δῶμεν,
1435 1639 1458 1667 ὦ
1484 1638 1563 1666 τέκνα
1603 1640 1647 1667 καὶ
1676 1638 1795 1680 ἀδελφοὶ,
1830 1641 1907 1678 ignei,

1080 1682 1166 1720 δῶμεν
1193 1682 1248 1720 ἅμα
1283 1681 1357 1716 δόξαν
1392 1687 1459 1720 Θεῷ,
1504 1694 1541 1720 τῳ
1580 1684 1651 1723 παρὰ
1699 1687 1787 1712 πᾶσαν
1817 1684 1908 1713 ἐλπίδα

1080 1727 1194 1755 σώσαντι
1216 1732 1260 1756 νῦν
1275 1726 1305 1755 ἐκ
1339 1728 1416 1766 βυθοῦ
1441 1727 1575 1761 θαλάσσης
1604 1729 1649 1756 τῦν
1677 1727 1750 1757 δεῖνα
1767 1737 1775 1744 ⁶
1792 1740 1907 1769 προστε-

1080 1773 1173 1803 Θεικὼς
1208 1772 1252 1799 καὶ
1277 1773 1307 1799 τὸ
1342 1771 1438 1810 ὄνομα.
1483 1772 1561 1801 Ταῦτ’
1607 1774 1699 1812 εἰπὼν,
1729 1772 1802 1803 οὐδὲν
1831 1773 1907 1812 (ἷλλο,

1084 1815 1186 1850 πλὴνῆ
1215 1817 1296 1853 μόνον
1323 1818 1504 1854 θαυμάζοντας
1539 1816 1581 1845 ἐπὶ
1615 1819 1665 1851 τὴν
1695 1817 1796 1851 σῦναξιν
1831 1820 1907 1858 ¹ἦγεν,

1083 1861 1119 1889 Οὒ
1133 1859 1230 1889 πολλαὶ
1265 1862 1296 1888 τὸ
1332 1861 1412 1898 μέσον
1440 1861 1550 1901 ἡμέραι,
1580 1862 1702 1894 κάκεῖνος
1731 1862 1846 1891 ἐλαύνων
1873 1864 1908 1894 εἷς

1083 1905 1131 1938 τὴν
1168 1905 1265 1943 μονὴν,
1297 1905 1416 1945 ἐξαίφνης
1451 1906 1582 1942 εἰσέπεσε,
1611 1907 1656 1934 τὸν
1697 1910 1816 1946 σωτῆρα,

1082 1949 1178 1987 ρύστην
1213 1950 1260 1977 τὸν
1285 1948 1402 1985 ζωδότην
1441 1949 1550 1990 λαμπρᾷ
1600 1951 1668 1988 βοῶν
1704 1955 1738 1990 τῇ
1867 1953 1908 1980 καὶ

1084 1997 1137 2021 τῶν
1160 1995 1236 2034 ἱερῶν
1262 1993 1367 2023 ἐκείνων
1394 1993 1481 2023 ποδῶν
1517 1995 1678 2035 ἀμφοτέραις
1706 1997 1742 2028 ὡς
1772 1997 1830 2036 εἶχε
1847 1999 1907 2037 Θερ-

1085 2038 1201 2075 μότητος
1216 2039 1259 2067 καὶ
1286 2039 1385 2079 τάχους
1414 2039 1610 2077 ἐπειλημμένος
1629 2048 1635 2054 '
1666 2040 1695 2069 οὗ
1730 2042 1789 2081 πρὶν
1803 2041 1905 2082 ἀνῆκεν,

1085 2081 1137 2111 οὔδ’
1173 2082 1308 2119 ἐξανέστη,
1341 2084 1426 2112 καίτοι
1468 2085 1539 2124 παρὰ
1580 2085 1686 2113 πάντων
1714 2081 1905 2125 ἐκϐιαζόιενος,

1085 2126 1135 2160 ἕως
1165 2126 1286 2167 δάκρυσιν
1322 2127 1377 2166 ἅμα
1406 2132 1458 2157 πᾶν
1487 2129 1518 2157 τὸ
1545 2140 1609 2157 κατε
1633 2129 1711 2158 αὐτὸν
1739 2129 1822 2169 δρᾶμα
1850 2139 1907 2163 τοῖς

1085 2175 1211 2211 παροῦσιν
1240 2171 1452 2212 ἐξετραγῴδησεν
1483 2181 1489 2188 ·
1515 2172 1588 2204 ὅπως
1613 2185 1642 2202 τε
1664 2174 1732 2202 κατά
1758 2175 1826 2214 πρόο·
1840 2187 1907 2215 αγμα

1085 2216 1232 2254 βασιλικὸν,
1268 2218 1313 2245 τὸν
1356 2216 1521 2251 Ἀστακηνον
1549 2218 1625 2246 πλέοι
1656 2219 1774 2258 κόλπων,
1804 2221 1845 2248 κιὶ
1871 2222 1905 2254 ὡς

1087 2260 1196 2289 κλύδῶνι
1225 2261 1301 2299 δεινῷ
1329 2262 1477 2302 περιπέσοι,
1512 2261 1555 2303 ὑφ’
1581 2264 1610 2291 οὗ
1637 2266 1671 2301 τῇ
1700 2266 1747 2297 νη³ι
1777 2275 1824 2303 σδγ
1839 2276 1904 2293 11:1-

1864 1909 1908 1936 τὸν

224 2314 282 2345 qua
297 2315 398 2336 eversa
414 2316 481 2337 cum
497 2306 665 2338 vectoribus
680 2304 757 2341 navi,
773 2305 837 2344 ipse
858 2304 979 2334 fundum
992 2313 1041 2344 pe-

1095 2304 1236 2338 ἲαπτισθεὶς
1266 2307 1332 2344 μετᾶ
1360 2309 1411 2335 τῶν
1447 2306 1601 2345 συμπλόων,
1630 2308 1674 2336 καὶ
1699 2309 1814 2347 γεγονὼς
1841 2310 1904 2338 ὓπο-

223 2349 322 2388 tierit;
336 2351 566 2392 etjamjamque
581 2351 666 2391 aquis
687 2350 833 2380 violenter
849 2349 1049 2389 suffocandus,

224 2393 362 2425 blandam
378 2396 486 2427 viderit
510 2396 666 2432 visionem,
694 2399 781 2435 atque
802 2403 903 2424 voccm
925 2393 1052 2429 audierit

223 2440 490 2486 exoptatissimam;
505 2450 562 2481 qua
576 2440 714 2486 ﬁduciam
726 2439 885 2486 concipere
894 2438 1053 2486 jubebatur

224 2493 241 2514 a
255 2489 357 2515 sancto
372 2484 469 2524 Patre,
484 2495 604 2516 manum
614 2483 832 2517 auxiliatricem
847 2483 935 2514 simul
950 2483 1054 2519 exten',

225 2527 326 2560 dente.
348 2529 441 2565 Quam
457 2529 509 2561 ille
524 2539 615 2561 sacrm
637 2529 770 2561 adinstar
791 2528 929 2558 anchorae
942 2535 1052 2568 appre-

225 2572 373 2611 hendens,
387 2578 495 2614 praeter
510 2584 606 2615 spem,
631 2574 738 2615 inquit,
767 2582 886 2604 omnem
900 2577 930 2603 et
943 2581 1052 2613 exspe-

224 2618 384 2650 ctationem
400 2619 476 2650 nihil
492 2620 663 2651 detrimenti
680 2627 795 2659 passus,
814 2617 902 2649 modo
927 2627 1049 2659 prorsus

263 2704 315 2749 (fl),
328 2703 384 2740 Qui
399 2712 415 2749 εξ
430 2704 613 2749 Propontide
621 2705 654 2749 in
662 2704 764 2736 Ortum
777 2703 864 2749 longo
884 2707 980 2749 tractu
994 2713 1048 2734 ex-

225 2743 356 2785 tenditur
390 2743 738 2785 sinus,’Bithyniamque
763 2743 858 2782 alluit,
880 2744 916 2774 ab
931 2746 1048 2785 Astace,

226 2783 300 2825 urbe
311 2784 380 2825 olim
393 2785 516 2825 celebri,
528 2783 636 2816 nomen
649 2783 733 2816 suum
747 2788 896 2814 mutuatus
909 2788 963 2825 est.
975 2783 1048 2814 Nam

228 2822 285 2852 alia
296 2823 365 2852 urbs
381 2822 515 2862 ejusdrni
534 2826 662 2856 nominis
681 2826 710 2855 in
732 2825 897 2855 Acarnania
916 2824 974 2854 huc
990 2833 1048 2854 non

1092 2349 1212 2391 ϐρύχιος,
1241 2350 1294 2384 ἤδη
1321 2350 1349 2379 δὲ
1396 2353 1440 2380 καὶ
1485 2351 1559 2384 δόξας
1605 2353 1696 2390 βιαίως
1723 2353 1822 2382 ἑναποπ
1839 2357 1903 2382 sont

1093 2402 1150 2427 τοῖς
1165 2395 1264 2433 ὕδασιν,
1281 2394 1342 2434 ὄψιν
1378 2395 1429 2425 ἴδοι
1465 2395 1602 2436 γλυκεῖαν,
1631 2398 1675 2425 καὶ
1702 2400 1792 2437 φωνῆς
1806 2398 1821 2426 ὰ
1839 2398 1902 2426 ούσοι

1093 2441 1292 2480 ποθεινοτάτης,
1330 2440 1435 2480 θαῤῥεῖν
1475 2452 1504 2469 τε
1555 2441 1709 2474 κελεύοντος
1757 2444 1820 2480 αὑτᾷ
1862 2443 1901 2471 τοῦ

1097 2485 1208 2525 Πατρὸς,
1238 2486 1282 2513 καὶ
1311 2492 1391 2525 χεῖρα
1420 2487 1550 2525 σωτήριον
1592 2486 1730 2525 ὀρέγοντος
1758 2486 1812 2524 ἅμα
1845 2496 1852 2502 ’
1872 2489 1901 2521 ἦς

1093 2530 1209 2570 καθάπερ
1243 2530 1358 2569 ἀγκύρας
1385 2532 1455 2570 ἱερᾶς
1481 2530 1653 2570 ἑλεχύμενος,
1684 2531 1754 2571 Πέρα
1787 2532 1819 2560 πί‹
1839 2541 1898 2571 ἐως,

1093 2573 1155 2614 ἔφη,
1178 2574 1244 2613 πέρα
1278 2573 1433 2614 προσδοκίας
1461 2574 1580 2613 ἀπάσης,
1608 2576 1708 2606 παντὸς
1732 2575 1810 2614 λόγου
1839 2586 1899 2614 ρειτ-

1092 2630 1146 2647 τονι
1162 2619 1261 2658 τρόπῳ,
1277 2623 1365 2648 κακῶν
1380 2619 1482 2653 ἀπαθὴς
1510 2619 1552 2648 ἐπὶ
1578 2620 1609 2647 τὸ
1628 2618 1707 2658 ξηρὸν
1732 2617 1817 2659 ἐξεϐρά
1839 2622 1874 2653 ιην
1889 2629 1896 2637 ⁸

1091 2702 1171 2735 facit.
1194 2702 1322 2734 Vocatur
1336 2703 1416 2735 idem
1431 2703 1515 2734 sinus
1529 2702 1656 2734 subinde
1671 2703 1761 2734 etiam
1773 2702 1815 2734 Νἱ(
1840 2713 1895 2735 me-

1091 2743 1216 2781 diensis,
1227 2752 1244 2774 a
1254 2742 1443 2785 Nicomedia,
1456 2753 1522 2785 qua
1531 2743 1610 2785 siuui
1623 2742 1672 2774 isti
1687 2743 1814 2785 similiter
1839 2744 1896 2785 idja-

1090 2788 1147 2854 pet,
1160 2787 1190 2815 et
1205 2793 1221 2814 ο
1236 2783 1332 2815 ruinis
1345 2783 1447 2816 Astac'i
1461 2783 1505 2816 vel
1521 2783 1640 2816 condita
1655 2783 1699 2815 vel
1722 2788 1805 2815 aucta
1839 2783 1893 2816 uia-

1105 2833 1150 2854 ur.
