1975 3071
94 128 174 162 1069

653 132 745 164 VITA
767 131 798 162 S.
823 129 1017 162 DOROTHEI
1038 129 1225 163 JUNIORIS.

1711 132 1788 164 10⁵10

91 197 141 224 καὶ
177 197 232 225 ἰδοὺ
262 198 294 226 τὰ
323 201 426 238 σῶστρα
455 200 499 228 καὶ
530 199 759 244 χαριστήριάνσοι
791 201 830 235 τῷ
871 198 927 226 σώ-

991 199 1186 244 iexplicabili,
1203 199 1232 230 in
1248 199 1361 231 siccum
1373 200 1486 240 ejectus
1497 200 1551 239 fui;
1560 200 1658 232 etbaec
1667 205 1788 232 servata:

91 251 184 278 σαντι,
209 242 305 281 Πάτερ,
323 242 466 271 ἀποδώσων
501 245 612 281 πάαειμι
647 242 704 273 νῦνξ
731 242 924 282 Παρεσημάνθη

91 283 127 318 δὴ
144 290 190 315 τοῦ
213 287 410 325 συμπτώματος
432 290 445 316 ὁ
474 289 564 328 καιρὸς
600 289 666 328 πρὸς
702 288 748 316 τὸν
777 288 825 320 τῆς
840 287 923 326 προρ-

89 329 209 368 ῥήσεως,
227 332 270 359 καὶ
296 333 310 360 ὁ
334 333 412 365 αυτὸς
441 334 551 373 εὕρεθεὶς
573 336 611 370 τῷ
639 334 780 361 πεπονθότι
807 333 850 360 καὶ
866 338 923 363 τοῖς

89 376 272 412 προακούσασι
294 382 344 411 τήν
354 377 419 411 ἴσην
435 378 561 412 ἔκπληξιν
585 379 707 408 ἐνεποίει,
739 380 858 405 Τοιοῦτοι
874 377 922 414 μὲν

93 417 123 445 ἕν
136 422 189 447 τῶν
204 423 250 448 τοῦ
265 421 382 460 μεγάλου
395 423 546 460 θαυμάτων,
570 422 627 462 εῗγε
640 423 684 450 καὶ
698 421 724 450 ἓν
741 429 750 438 ⁸
767 420 861 454 ἐπεεδὴ
879 421 923 448 καὶ

95 464 249 502 πρόγνωσιν
265 465 334 505 ἔχει,
350 467 394 494 καὶ
407 467 606 507 προαγόρευσιν,
623 469 666 495 καὶ
681 467 729 500 τὴν
752 467 816 505 πρὸς
844 464 922 493 ἀνέλ-

93 518 192 536 πιστον
213 510 344 549 σωτηρίαν
373 512 515 551 ἀνθρώπων
550 512 614 551 ὑπὲρ
641 511 776 550 ἄνθρωπον
801 509 922 549 λύναμιν,

91 551 184 591 ἕτερον
194 552 233 591 δὲ,
251 554 352 592 μᾶλλον
374 555 400 583 δὲ
422 555 497 595 ἔτερα
513 566 518 572 ·
539 555 580 584 δεῖ
614 556 663 595 γὰρ
691 554 743 588 ἤδη
772 553 922 591 συντέμνειν

93 598 141 624 καὶ
154 598 191 629 ὡς
207 597 234 626 ἕν
248 598 400 638 διηγεῖσθαι
433 601 467 628 τὰ
493 599 579 628 πολλὰ
608 611 636 628 τε
669 600 713 627 καὶ
733 597 919 638 παραπλήσια,

91 641 143 668 κᾶν
159 641 186 669 ἐν
200 641 332 683 διαφόροις
348 643 458 672 ἕκαστον
473 645 556 672 αὐτῶν
571 644 678 683 γέγονεν
692 650 808 683 καιροτς,

968 242 1069 274 salutis
1082 245 1201 284 praemia
1214 248 1300 284 atque
1311 245 1499 284 gratiludinis
1512 245 1588 277 dona
1599 255 1677 276 nunc
1685 245 1787 275 adsum

966 287 1138 318 redditurus
1154 287 1219 328 tibi,
1236 289 1378 319 servatori
1402 299 1479 327 meo,
1508 291 1606 322 Pater.
1633 292 1702 322 Past
1725 290 1788 320 haec

965 331 1153 362 observatum
1166 337 1211 363 est
1222 337 1349 373 tempus,
1363 343 1421 374 quo
1433 343 1518 365 casus
1529 334 1584 366 iste
1597 338 1626 366 et
1636 333 1788 374 praedictio

964 375 1040 406 facta
1055 380 1139 414 sunt;
1156 377 1296 417 idemque
1322 379 1443 408 omnino
1469 378 1572 416 fuisse,
1603 382 1788 418 compertum

965 424 1009 450 est
1031 429 1037 450 :
1064 421 1142 460 quod
1168 421 1307 452 omnibus
1336 422 1446 462 pariter
1470 427 1498 453 et
1526 423 1576 463 qui
1603 422 1790 463 periclitatus

963 463 1067 501 fueral,
1082 465 1172 505 etqui
1193 465 1358 505 periculum
1380 471 1594 506 praenoverant,
1613 466 1788 497 admiratio-

964 518 1033 539 nem
1046 509 1148 541 movit.
1159 509 1193 540 Et
1205 510 1261 540 tale
1274 511 1392 550 quidem
1406 519 1496 541 unum
1509 511 1564 541 fuit
1578 511 1789 542 miraculorum

966 553 1042 592 ejus,
1060 554 1084 584 si
1097 558 1193 584 tamen
1205 564 1296 584 unum
1313 565 1319 585 :
1337 555 1448 595 quippe
1462 555 1542 595 quod
1569 560 1598 586 et
1624 555 1787 596 praenotio-

963 607 1044 635 nem,
1067 602 1095 628 et
1120 599 1316 639 prophetiam,
1345 605 1373 630 et
1408 599 1547 630 virtutem
1577 599 1790 640 complectitur

962 642 1091 672 humana
1107 643 1261 682 majorem,
1278 643 1314 673 ad
1341 644 1525 674 reddendam
1549 644 1724 675 hominibus
1739 644 1788 674 in-

92 690 243 724 speratam
259 688 395 718 salutem.
413 688 501 718 Aliud
517 698 617 728 porro,
633 692 681 718 aut
697 687 795 728 potius
820 686 878 717 alia
892 689 972 724 sunt,
996 695 1060 726 quae
1087 696 1165 717 nunc
1185 688 1361 718 contrahere
1385 693 1510 728 oportet,
1539 699 1593 729 per
1607 689 1789 728 modumque

91 729 182 773 unius
198 731 282 771 plura
294 735 323 762 et
338 732 514 773 multiplicia
530 741 679 768 enarrare,
697 731 892 769 tametsifalio
908 731 1068 771 atquealio
1085 735 1219 771 tempore
1232 732 1310 772 quod
1327 732 1398 763 libet
1420 742 1522 764 eorum
1538 733 1705 773 contigerit.

133 771 177 805 ιε’.
194 775 314 817 Ἀδελφοί
342 781 391 810 τῆς
419 771 488 817 ἱερᾶς
524 778 621 817 ἀγέλης
669 777 771 810 ἐκείνης
801 777 950 816 ἀποφοι-Β

88 821 190 852 eain-.2;
207 820 287 849 ἐνίοτε
317 821 376 850 κατ’
404 822 550 858 ἱδιάζουσάν
585 833 642 850 τινα
670 821 761 861 χρείαν

766 845 774 861 ,
803 821 918 860 ὀκνηρό-

89 875 166 904 τερον
182 866 262 905 εἶχον
277 867 341 905 πρὸς
356 867 405 900 τὴν
421 866 546 894 ἐπάνοδον
565 875 571 881 ’
609 866 665 894 ἐπεὶ
693 866 737 893 καὶ
749 867 762 893 ὁ
791 866 839 902 μὲν
854 875 918 892 ποι-

89 910 145 947 μὴν
161 910 290 943 πολλάκις
317 911 486 948 ἀνεκαλεῖτο,
510 912 553 939 καὶ
580 909 767 948 διαμέλλοντας
797 909 917 948 ἤπειγεν¹

90 956 139 983 οὐκ
168 956 295 994 εὐπρεπὲς
336 957 367 984 τὸ
408 959 518 995 πρᾶγμα
562 955 663 995 καλῶν,
704 953 761 981 οὐδὲ
789 954 918 993 συμφέρον

90 1006 151 1031 τοῖς
168 999 250 1032 οὕτως
265 1001 329 1040 ὑπὲρ
355 1002 386 1028 τὸ
415 1000 472 1029 δέον
499 1003 712 1028 λειποτακτοῦσιν
730 1007 736 1014 ·
761 1000 784 1026 οἱ
811 997 838 1025 δὲ
852 1008 918 1037 προ-

89 1044 186 1083 φάσεις
217 1044 312 1073 ἄλλοτε
347 1045 428 1077 ἄλλας
465 1045 491 1073 ἐν
521 1044 657 1084 ἁπαρτίαις
686 1042 916 1083 προφασιζόμενοι,

89 1089 141 1122 τὴν
172 1090 339 1129 ὑποστροφὴν
386 1088 561 1117 ἀνεϐάλλοντο
591 1097 598 1105 ³
643 1090 689 1117 οὐκ
713 1088 740 1116 ἐν
766 1087 918 1126 παροιμίαις

89 1132 131 1161 ’ἐτι
145 1134 160 1161 ὁ
176 1132 258 1168 ὅσιος,
274 1133 342 1161 ἀλλὰ
368 1132 507 1173 διαῤῥήδην
536 1135 627 1164 αὐτοῖς
649 1133 699 1166 τὴν
727 1131 850 1164 τελευτὴν
872 1134 917 1158 τοῦ

88 1178 149 1215 βίου
179 1178 385 1217 προύσήμαινεν,
418 1179 439 1205 εἰ
474 1178 513 1215 μὴ
540 1179 632 1206 θᾶττον
659 1178 696 1208 ὡς
725 1176 818 1216 ἔχουσι
852 1175 916 1214 πρὸς

88 1221 137 1256 ἔθη
153 1223 186 1250 τὰ
214 1223 312 1250 ἑαυτῶν
342 1221 520 1252 ἐπανέλθοιεν.
551 1223 605 1250 Οὔκ
649 1222 739 1260 ἒποιγε
767 1219 914 1260 προλέγων,

90 1266 153 1294 ἀλλ’
183 1267 268 1296 ἔπειθε
296 1266 396 1298 δεικνὺς
437 1267 486 1300 τὴς
527 1266 682 1305 προρρήσεις
712 1263 917 1296 ὰποὸαινούσας.

89 1311 163 1341 Πάνυ
186 1312 236 1351 γὰρ
264 1312 350 1351 βραχὺ
397 1311 427 1338 τὸ
460 1310 586 1350 ἐντεῦθεν,
622 1311 665 1339 καὶ
711 1311 748 1340 ὡς
793 1310 807 1337 ὁ
835 1308 918 1347 μέγας

88 1355 206 1392 ἠπείλει,
236 1356 391 1395 οἰκτρότατα
428 1355 602 1395 κατέστρεφεν
630 1354 740 1386 ἕκαστος
769 1357 817 1387 τῆς
843 1353 918 1381 ἆπει.

89 1401 161 1432 θείας
190 1400 324 1440 ἐπίχειρα,
347 1401 392 1428 τὸν
415 1399 463 1433 ἔξω
498 1400 546 1434 τῆς
574 1399 657 1433 αὐλῆς
688 1400 779 1438 Κύριοι)
794 1399 945 1445 εὑρίσκωνο

89 1444 265 1473 ἐπονείδιστον
280 1445 402 1474 θάνατον.
433 1449 554 1476 Τοιοζτος
584 1445 632 1482 μὲν
661 1447 705 1472 οὖν
727 1445 740 1471 ὁ
755 1443 859 1482 βλέπων
876 1451 882 1457 ’
901 1443 915 1470 ὁ

88 1489 198 1522 δυνατὸς
213 1488 251 1530 δὲ,
267 1489 380 1523 πηλίκος
416 1491 477 1528 Περὶ
493 1500 564 1521 τινας
593 1489 673 1528 εἶχον
706 1489 729 1516 οἱ
754 1491 802 1521 τῆς
831 1489 915 1525 μονῆς

90 1534 236 1574 ἀναγκαίας
251 1533 390 1572 οἰκοδομάς
430 1544 436 1550 ·
467 1533 537 1566 λίθος
567 1533 609 1562 οὖν
645 1534 695 1561 ὑπὸ
717 1533 915 1572 μηχανήματος

89 1579 245 1617 κινοῖδμὲνος
280 1579 468 1618 παμμεγέθης,
500 1579 556 1607 ἐπεὶ
574 1579 605 1607 τὸ
632 1577 784 1617 μηχάνημα
812 1580 850 1613 τῷ
864 1577 914 1613 βά-

89 1635 130 1665 ρει
160 1624 307 1664 συνέτριψε,
339 1623 397 1662 μετ’
441 1623 523 1656 ὀξείας
569 1623 653 1661 ῥύμης
695 1621 802 1665 ἐφέρετο
834 1620 917 1665 λυθεὶς

90 1663 160 1698 κατὰ
192 1672 239 1697 τοῦ
272 1671 401 1708 πρανοῦς,
436 1669 479 1696 καὶ
520 1668 584 1706 ὑπὲρ
613 1666 731 1706 κεφαλῆς
757 1664 817 1693 ὅσον
845 1663 918 1692 οὸπω

90 1720 150 1745 τοῖς
179 1712 326 1750 οὶκοδόμοις
368 1711 478 1749 ἔμελλεν
517 1712 699 1749 ἐμπεσεῖσθαι.
731 1709 860 1748 Μέγιστος
891 1707 917 1735 δὲ

40 1773 44 1777 -
90 1756 171 1797 φόϐος
201 1757 293 1785 αὖτίκα
329 1757 395 1796 πρὸς
433 1757 464 1784 τὸ
491 1755 585 1795 δεινὸν,
617 1756 661 1783 καὶ
704 1754 806 1793 κραυγὴ
848 1752 918 1797 παρὰ

89 1796 176 1830 πάντα
192 1802 237 1828 σὺν
264 1800 369 1838 ἀπορίᾳ·
401 1799 476 1828 Ἀλλ’
504 1801 518 1828 ὁ
541 1800 631 1838 Πατὴρ
652 1802 742 1838 παρῶν
773 1799 820 1826 οὒκ
843 1796 916 1830 ἡπό-

90 1857 140 1886 ρει,
157 1852 249 1886 χεῗρες
291 1845 340 1885 γὰρ
368 1845 440 1876 equ
483 1844 526 1872 ἐπὶ
555 1845 619 1872 Θεὸν
655 1843 780 1880 ἐκτενεῖς,
825 1847 916 1881 χεῖρες

90 1880 252 1930 indagat-ts
281 1880 332 1918 καὶ.
354 1888 438 1928 ἅγιαι,
468 1890 511 1917 καὶ
540 1887 644 1928 δάκρυσι
681 1888 825 1927 σύγκρατος
858 1886 916 1914 ὁσία

91 1936 171 1976 εὐχὴ,
198 1934 335 1968 ἐπίκλησιν
364 1933 462 1974 ἔχουσα
496 1934 544 1968 τῆς
573 1934 649 1972 ἁγίας
679 1931 797 1976 Τριάδος,
829 1931 872 1976 καὶ
886 1931 917 1959 τὸ

90 1981 172 2009 κακὸν
189 1979 223 2020 (ὣ
248 1984 294 2009 τοῦ
329 1978 484 2016 θαύματοςῑ
523 1978 545 2006 ὣ
572 1981 621 2011 τῆς
657 1977 742 2005 πάντα
772 1975 916 2012 δυνάμένης

93 2025 209 2065 εὒχερῶς
243 2023 362 2063 ἀρετῆςί
387 2022 397 2062 )
427 2022 494 2056 ἄστη
543 2020 774 2065 *τε-παραχρῆμα,
807 2020 850 2047 καὶ
870 2020 915 2047 τὸν

1006 776 1050 806 15.
1068 775 1194 815 Accidit,
1213 776 1319 807 fratres
1334 777 1477 817 quosdam
1495 778 1571 808 sacri
1586 778 1672 808 istius
1682 782 1786 816 castus,

961 819 1120 859 aliquando
1136 819 1219 851 abire
1245 821 1343 860 aliquo
1359 823 1477 860 privatae
1506 822 1690 852 necessitatis
1703 832 1785 862 ergo,

961 869 991 894 et
1006 873 1103 894 moras
1131 865 1227 904 quoad
1255 865 1383 895 reditum
1411 865 1601 906 interponere
1623 866 1784 906 longiores.

961 907 1039 944 Quos
1068 917 1134 938 cum
1161 909 1337 948 praepositus
1380 919 1482 940 eorum
1511 911 1678 941 Dorothcns
1708 920 1787 951 saepe

960 958 1127 983 revocasset
1134 957 1162 983 et
1171 957 1344 984 cunctantes
1355 954 1478 984 ursisset
1485 963 1555 988 ,rem
1564 955 1628 985 fieri
1636 954 1787 994 iudignam

960 996 1112 1027 dictitabat
1128 1001 1156 1027 et
1172 1007 1273 1037 parum
1290 998 1450 1038 proﬁcuam
1474 999 1521 1035 iis,
1534 999 1584 1039 qui
1611 999 1686 1030 ultra
1701 1000 1790 1030 deco-

959 1050 1024 1071 rum
1037 1041 1080 1072 sic
1091 1042 1282 1072 morabantur
1296 1052 1304 1074 :
1316 1042 1373 1082 ipsi
1389 1052 1458 1073 vero
1484 1043 1686 1075 obtendebant
1716 1044 1789 1075 alias

960 1094 994 1115 ex
1010 1085 1075 1116 aliis
1090 1086 1296 1117 excusationes
1324 1087 1354 1117 in
1371 1088 1512 1127 peccatis,
1541 1087 1668 1118 reditum
1699 1098 1786 1119 suum

959 1129 1141 1160 dim-rentes.
1158 1131 1240 1161 Tunc
1257 1141 1315 1161 non
1339 1132 1466 1172 amplius
1495 1132 1523 1162 in
1559 1132 1717 1173 parabolis,
1735 1133 1787 1163 sed

959 1174 1054 1214 palam
1069 1174 1142 1214 ipsis
1150 1180 1275 1206 mortem
1287 1176 1787 1216 prtesigniticavit,nisi,quantocius

961 1223 1090 1257 possent,
1108 1219 1143 1249 ad
1174 1219 1333 1259 pristinum
1359 1220 1475 1251 vivendi
1505 1221 1625 1251 modum
1642 1221 1786 1251 redirent.

962 1261 1018 1292 Sed
1035 1262 1107 1292 nihil
1122 1263 1789 1304 persuasitobstinatispraedicendo,persuasit

960 1311 1058 1337 autem
1070 1316 1134 1347 quae
1145 1308 1318 1347 praedixerat
1329 1309 1495 1347 probando.
1504 1309 1648 1340 Perbreve
1659 1317 1787 1349 namque

961 1354 1078 1390 tempus
1093 1351 1163 1381 inde
1178 1352 1301 1389 efﬂuxit,
1319 1362 1386 1383 cum
1403 1352 1522 1391 singuli,
1540 1357 1571 1383 ut
1584 1353 1711 1383 minatus
1736 1353 1787 1383 ille

959 1395 1055 1426 fuerat
1089 1396 1288 1426 miserabilem
1320 1397 1502 1428 inﬁdelitatis
1530 1407 1591 1428 sua;
1618 1398 1788 1428 auferentes

959 1441 1139 1477 mercedem,
1158 1440 1384 1480 ignominiosam
1405 1446 1487 1472 extra
1516 1441 1636 1472 domum
1666 1441 1787 1472 Domini

958 1485 1262 1525 oppetieremortem,
1276 1485 1313 1516 Et
1325 1485 1390 1515 talis
1401 1486 1521 1526 quidem
1533 1486 1586 1517 fuit
1598 1487 1649 1517 ille
1662 1495 1697 1517 ex
1709 1486 1786 1516 dono

958 1530 1120 1570 prophetia}
1135 1539 1142 1567 ;
1155 1539 1189 1562 ex
1202 1530 1294 1568 gratia
1306 1539 1375 1560 vero
1389 1530 1611 1569 miraculorum,
1639 1535 1765 1571 quantus
1777 1534 1783 1562 Ι

958 1574 1186 1614 Occupabantur
1212 1575 1347 1605 monachi
1374 1575 1453 1605 circa
1477 1575 1635 1606 aedificium
1664 1574 1785 1615 aliquod

958 1619 1014 1650 sibi
1030 1619 1243 1656 necessarium,
1262 1629 1328 1650 cum
1345 1620 1519 1659 praegrande
1544 1629 1647 1650 saxum
1665 1619 1782 1650 machi-

960 1674 1039 1702 nam,
1056 1674 1121 1704 qua;
1135 1664 1301 1701 tollebatur,
1320 1665 1451 1704 pondere
1466 1674 1519 1695 suo
1536 1665 1628 1704 rupit,
1642 1668 1672 1695 et
1681 1673 1785 1704 magno

959 1708 1070 1748 impetu
1099 1709 1157 1738 ruit
1186 1709 1216 1738 in
1247 1718 1389 1749 praeceps,
1421 1709 1649 1749 impingendum
1678 1709 1740 1739 fere
1754 1709 1786 1739 in

959 1754 1053 1792 capita
1067 1753 1287 1784 aedilicantium.
1313 1753 1442 1784 Pervasit
1470 1753 1551 1784 illico
1566 1756 1693 1791 animos,
1711 1763 1786 1784 con-

958 1801 1059 1837 specto
1070 1796 1206 1836 praesenti
1218 1797 1360 1836 periculo,
1373 1797 1481 1836 ingens
1493 1802 1589 1828 terror
1602 1802 1646 1835 ;et
1659 1798 1787 1830 horren-

959 1841 1027 1871 dum
1040 1850 1106 1872 cum
1118 1841 1325 1880 desperatione
1347 1841 1531 1872 sustulerunt
1542 1842 1702 1872 clamorem
1718 1851 1786 1872 om-

958 1895 1023 1922 nes,
1040 1890 1146 1925 prwter
1160 1885 1352 1922 Dorotheum,
1371 1884 1422 1925 qui
1437 1894 1567 1926 praesens
1595 1886 1698 1917 aderat
1712 1886 1786 1917 nihil

958 1931 1131 1971 desperans.
1149 1930 1268 1962 Etenim
1295 1940 1400 1961 manus
1425 1931 1462 1961 ad
1490 1931 1584 1962 Deum
1616 1941 1632 1962 e
1660 1931 1784 1969 vestigio

958 1975 1070 2011 levatae,
1091 1984 1193 2005 manus
1209 1984 1290 2015 pura;
1317 1979 1346 2005 et
1377 1979 1497 2013 sanctae,
1525 1975 1702 2016 fervensque
1717 1985 1785 2006 cum

957 2020 1093 2060 lacrymis
1107 2020 1200 2050 oratio
1215 2019 1270 2050 sub
1292 2019 1479 2050 invocatione
1503 2023 1612 2051 sanctae
1627 2019 1785 2051 Trinitatis

92 2060 224 2102 στῖσΙαντα
239 2060 339 2108 τρανῶς
376 2060 544 2105 διεσήμανεν.
582 2062 611 2095 ιΟ
639 2066 689 2106 γὰρ
724 2065 806 2099 λίθος,
830 2060 935 2092 καθεὶ-¹

1005 2064 1178 2094 miraculum
1195 2064 1202 2094 l
1218 2073 1234 2094 ο
1251 2068 1462 2103 praepotentem
1477 2063 1592 2094 virtutis
1608 2063 1665 2094 vim
1679 2064 1698 2100 l)
1723 2068 1785 2094 ste-

91 2124 138 2153 mp
167 2112 318 2147 εὒλαϐηθεὶς
363 2113 408 2140 τὸν
451 2112 614 2151 ἀνείργοντα,
663 2111 699 2142 εἰς
740 2109 855 2138 τοῦπίσω
888 2119 916 2136 τε

94 2158 264 2198 ἆνεκρούσθη,
286 2158 329 2186 καὶ
357 2159 406 2191 τῆς
443 2160 523 2196 φορᾶς
559 2156 725 2193 παυσάμενος
752 2154 826 2190 ἔστη,
840 2164 915 2198 μαρ-

94 2206 175 2242 τυρῶν
206 2203 284 2231 εἰσέτι
313 2203 357 2230 καὶ
383 2205 426 2229 νῦν
455 2201 504 2235 τὴν
533 2200 802 2239 Θαδματουργήσασαν
837 2197 915 2226 δύνα-

95 2259 139 2285 μιν
156 2258 161 2264 ·
179 2247 235 2275 ἐπεὶ
255 2246 364 2287 φοϐερὸς
398 2245 452 2274 ἐστι
480 2246 524 2274 καὶ
552 2244 590 2272 ἔτι
604 2251 663 2276 τοῖς
691 2246 785 2284 ὁρῶσιν
807 2243 857 2282 οὐχ
871 2243 919 2275 ἧτ-

95 2303 138 2320 τον
172 2291 198 2320 ἐν
234 2291 364 2331 ὀλισθηρῷ
398 2292 442 2319 καὶ
476 2290 646 2327 ὰποκμήμνῳ
673 2288 852 2323 παντάπασιν,
890 2289 918 2316 οὗ

96 2338 196 2365 κεῖσθαι
211 2335 305 2373 δοκῶν,
330 2335 388 2364 ἀλλ’
403 2338 463 2364 οἷον
479 2335 682 2373 ἁπαιωρεῖσθαι,
699 2334 742 2361 καὶ
757 2339 815 2364 τοῖς
831 2331 918 2359 κάτων

96 2380 237 2417 ϐαδίζουσιν
272 2381 380 2422 ὕπερθεν
415 2380 604 2420 ἐπικρέμασθαι
639 2378 754 2416 καθάπερ
783 2376 861 2408 ἄλλος
878 2387 917 2407 τις

96 2427 200 2464 μυθικὸς
215 2427 257 2454 καὶ
279 2425 434 2457 Ταντάλειος
440 2450 447 2456 .

137 2555 196 2598 ις’,
217 2552 294 2595 rv0cm;
310 2559 337 2588 δὲ
353 2566 480 2600 μετεῖχεν
503 2560 572 2596 αὒτῷ
600 2558 643 2585 καὶ
671 2556 735 2585 αὐτὰ
756 2556 788 2584 τὰ
801 2555 920 2595 πάρεργα

98 2608 148 2634 τῶν
183 2609 280 2646 χειρῶν
317 2605 463 2645 εὖλογίας,
507 2601 678 2641 ’Λμπελὼνος
713 2601 745 2634 ἦν
781 2600 919 2638 ἐπιμέλεια

959 2113 1057 2140 terunt
1074 2109 1102 2139 in
1119 2115 1270 2139 momento
1286 2108 1463 2148 periculum,
1479 2113 1508 2138 et
1529 2108 1660 2138 sistentis
1676 2112 1784 2148 poten-

958 2154 1027 2184 tiam
1055 2153 1238 2184 manifestam
1267 2153 1473 2184 reddiderunt.
1522 2153 1628 2184 Savum
1659 2153 1780 2193 quippe,

957 2198 1046 2229 veluti
1061 2197 1214 2229 declinans
1228 2207 1345 2238 operas,
1377 2202 1456 2228 retro
1485 2202 1583 2228 actum
1613 2202 1668 2236 est,
1686 2197 1786 2237 ibique

959 2251 1096 2283 represso
1113 2243 1226 2282 impetu
1240 2242 1341 2280 stetit;
1355 2241 1385 2272 in
1399 2243 1478 2272 hunc
1490 2251 1584 2282 usque
1607 2242 1686 2273 diem
1701 2241 1784 2272 testi-

959 2288 1051 2318 ﬁcans
1066 2287 1263 2327 operatricem
1291 2286 1320 2317 in
1349 2286 1411 2317 viro
1443 2292 1544 2317 sancto
1574 2286 1785 2317 miraculorum

958 2333 1118 2363 virtutem:
1145 2331 1384 2372 quandoquidem
1416 2331 1503 2362 etiam
1533 2341 1611 2361 nunc
1642 2330 1787 2362 horribile

958 2376 1143 2408 intuentibus
1159 2376 1359 2416 spectaculum
1377 2375 1516 2415 praebeat,
1532 2385 1599 2406 cum
1621 2375 1652 2406 in
1669 2375 1785 2406 lubrico

960 2425 988 2452 et
1005 2420 1220 2461 prazcipitiloco
1231 2429 1291 2451 non
1311 2420 1425 2460 jacere,
1436 2420 1488 2451 sed
1502 2419 1591 2451 veluti
1606 2429 1785 2459 suspensum

959 2465 1118 2496 imminere
1134 2464 1344 2503 subeuntibus,
1359 2464 1452 2495 instar
1485 2464 1610 2495 fabulosi
1626 2474 1660 2495 ac
1675 2463 1784 2495 Tanta-

960 2510 999 2541 lei
1015 2510 1059 2550 (8)
1074 2509 1148 2546 saxi,
1165 2509 1309 2541 videatur.

1001 2555 1050 2585 16.
1081 2553 1228 2590 Quantam
1255 2563 1324 2584 vero
1354 2553 1471 2584 laudem
1501 2552 1609 2584 Sancto
1625 2553 1786 2584 attulerunt

961 2609 1052 2640 opera
1076 2608 1215 2630 manuum
1246 2599 1310 2639 ejus
1352 2597 1435 2638 quasi
1464 2597 1655 2628 accesseria?
1685 2597 1786 2629 Vinea!

139 2715 180 2756 (8)
193 2715 362 2747 Memoriale
375 2715 433 2745 hoc
447 2713 582 2756 sphalma
596 2716 641 2743 est
658 2720 665 2744 :
684 2711 843 2752 Sisyphum
864 2711 974 2743 faciunt
990 2715 1096 2752 poetae,
1115 2720 1172 2740 non
1196 2709 1361 2748 Tantalum,
1386 2708 1505 2741 volvere
1529 2712 1558 2739 et
1580 2707 1731 2739 revolvere
1753 2705 1785 2736 in

99 2754 225 2787 montem
241 2765 346 2788 saxum
362 2763 481 2795 semper
495 2754 662 2795 lapsuram.
