1975 3071
214 123 286 156 1071

819 127 836 156 J
838 126 943 157 OANN
946 126 980 156 IS
1000 124 1283 158 EUCHAITENSIS

1826 121 1910 154 10⁵12

212 191 346 224 colendae
360 201 430 223 cura
437 192 612 233 quibusdam
626 191 780 223 monachis
792 192 950 223 commissa
961 196 1017 222 eral

1101 200 1135 224 ης
1157 194 1192 225 εἰς
1207 196 1284 221 τοῦτο
1311 192 1482 232 τεταγμένοις
1510 193 1563 220 τῶν
1591 194 1718 231 μοναχιῖη
1742 190 1796 217 ’καὶ
1818 188 1909 225 οἱμὲν

209 239 360 267 strenuam
377 237 404 268 ei
427 246 547 277 operam
568 236 830 277 impendentibus:
861 236 967 276 quibus
983 236 1034 266 ille

209 281 364 320 praefectus
380 285 408 312 et
420 291 520 313 comes
529 282 685 321 accedens,
704 291 795 320 grana
815 281 927 321 aliquot
950 282 1031 320 legu-

210 325 324 355 minum
341 326 416 356 clam
438 330 527 357 terrae
554 326 712 364 mandavit,
741 335 774 356 ac
789 325 897 356 leniter
910 325 1034 366 pedibus

207 373 325 408 aggesta
335 370 425 401 humo
437 371 576 402 contexit.
589 370 620 401 Id
634 379 722 410 porro
745 370 823 410 quod
851 370 894 401 sic
909 370 1037 400 semina-

211 417 272 443 tum
289 417 362 451 erat,
379 415 525 446 decimam
542 419 655 455 partem
672 414 817 445 medimni
839 424 898 445 non
927 414 1036 454 imple-

207 457 275 488 bat:
292 458 321 489 id
333 468 402 490 vero
413 459 490 499 quod
504 469 556 489 suo
568 463 700 498 tempore
710 458 764 489 fuit
779 458 926 489 redditum
942 458 1036 498 (Deus

212 502 302 542 bone,
330 503 395 543 quis
414 504 562 544 justorum
589 507 705 533 tuorum
735 503 895 542 potentiam
912 503 1034 542 eloqua—

204 547 287 587 fur!)
304 548 449 578 censitum
463 548 553 578 estad
578 548 745 579 medunnos
760 548 880 578 omnino
903 547 1032 586 triginta.

204 593 374 624 Istiusmodi
384 593 437 622 viri
448 592 580 633 prodigia
592 597 691 632 posset
702 592 769 632 quis
790 601 842 631 per
869 592 962 622 otium
977 601 1031 622 an-

203 640 371 668 numerare'
378 637 473 677 plura,
491 646 584 676 eaque
611 636 787 673 verissima;
804 645 864 666 non
880 645 914 666 ex
929 636 1031 666 auditu

203 683 327 714 collecta
341 682 485 719 referens,
504 681 557 711 sed
572 680 639 711 illos
655 681 736 720 ipsos
751 681 801 720 qui
829 680 943 719 singula
959 689 1029 720 pro-

203 727 275 768 priis
291 726 384 759 oculis
398 728 588 766 usurparunt,
602 725 633 754 in
647 724 803 755 maximam
827 724 1026 755 conﬁrmatio-

204 781 272 802 nem
290 772 438 802 dictorum
454 779 574 800 suorum
590 769 741 800 adducens
756 779 762 799 :
789 769 1028 809 quandoquidem

203 817 239 846 ad
255 817 336 856 ipsos
350 823 559 856 quoquereges
574 814 718 844 factorum
735 813 800 853 ejus
817 814 917 844 fanum
934 823 1017 853 pene

1101 820 1214 852 ιυνούσης
1250 819 1295 846 τὸν
1330 817 1443 858 ἐργάτην
1478 818 1526 851 τῆς

201 860 486 898 traverit,celebrem
495 858 638 889 reddente
646 861 831 898 operatorem
842 857 948 888 virtute
961 867 1025 895 sua,

201 905 371 946 quaeipsum
388 909 418 934 ut
430 904 517 940 solet,
544 903 581 933 ad
611 911 749 941 magnam
776 902 901 940 gloriam
918 902 1025 934 evexit.

199 951 342 981 Sanctum
359 950 438 980 enim
450 948 510 979 illis
526 951 584 978 tam
599 946 799 977 venerabilem
815 947 896 983 fecit,
919 951 951 976 ut
966 950 1027 978 tum

202 995 299 1035 quoad
315 994 372 1024 alia
382 992 629 1033 suprahominem
642 991 752 1030 aliquid
763 991 821 1031 ipsi
836 991 1024 1021 tribuendum

200 1043 340 1080 putarent
356 1049 364 1076 ;
379 1042 441 1068 tum
458 1046 529 1068 vero
545 1035 646 1067 divino
662 1036 727 1075 ejus
748 1036 831 1076 operi
858 1037 960 1075 (novo,
977 1035 1025 1066 in-

204 1093 304 1125 quam,
320 1082 426 1113 huicce
437 1091 470 1112 ac
497 1080 663 1125 venerabili
685 1080 886 1118 monasterio),
914 1081 1024 1119 regiam

199 1124 282 1160 suam
298 1126 529 1158 sollicitudinem
545 1124 757 1165 impenderint,
773 1134 838 1164 quae
853 1129 1029 1155 etnecessa~

201 1173 247 1204 ria
257 1173 293 1203 ad
308 1176 443 1212 sumptus
458 1170 610 1201 faciendos
635 1169 842 1209 suppeditavit,
855 1173 883 1200 et
893 1178 979 1209 opem
991 1169 1026 1199 ad

207 1217 359 1248 molestias
374 1214 521 1256 quaslibet
531 1214 667 1244 ferendas
682 1213 788 1252 attulit,
807 1214 966 1253 molestias,
978 1213 1028 1244 in-

203 1271 291 1302 quam
320 1260 504 1292 extrinsecus
533 1257 750 1295 advenientes;
774 1257 882 1298 quibus
910 1258 979 1288 olim
1000 1260 1028 1288 et

202 1305 290 1336 modo
307 1304 433 1336 maxime
449 1302 607 1334 turbantur
620 1302 730 1341 omnia,
749 1306 778 1332 et
802 1311 926 1342 quorum
941 1311 1029 1332 causa

198 1351 260 1381 vita
271 1351 400 1381 humana
411 1348 556 1378 violenter
567 1346 773 1378 labefactatur.
788 1347 885 1387 Atque
894 1347 935 1376 ita
945 1350 1028 1377 recte

201 1395 345 1425 factorum
357 1393 414 1424 viri
427 1391 522 1423 sancti
540 1391 634 1430 gloria
659 1391 690 1420 in
718 1400 864 1421 summam
880 1390 1028 1430 magnitu-

200 1439 302 1470 dinem
314 1442 400 1477 atque
426 1435 652 1467 admirationem
681 1434 820 1472 excrevit,
849 1438 878 1465 et
890 1435 949 1465 vita
963 1434 1056 1474 ejusc

200 1492 254 1523 per
268 1486 360 1513 totum
378 1490 453 1521 pene
469 1484 614 1510 terrarum
629 1478 732 1510 orbem
747 1479 898 1509 inclaruit.

240 1527 291 1557 17.
307 1526 384 1557 Mors
398 1534 468 1555 vero
484 1524 618 1563 ejusdem
632 1525 698 1562 (cur
720 1523 800 1553 enim
822 1523 938 1562 longius
953 1533 1021 1554 ora-

202 1571 312 1602 tionem
343 1568 572 1610 protendimus‘?
600 1577 687 1607 quam
731 1567 874 1598 mirabilis
903 1572 933 1598 et
957 1568 1022 1608 ipsa

200 1615 264 1655 fuit,
282 1623 429 1655 quamque
444 1616 644 1643 consentanea
660 1612 710 1642 tali
725 1612 790 1642 vitm
804 1612 810 1642 !
829 1612 1021 1652 operantibus

197 1659 248 1690 hic
263 1667 381 1699 quoque
395 1659 425 1688 in
441 1657 540 1688 anima
565 1657 640 1695 ejus,
671 1657 772 1695 gratim
801 1657 898 1696 plena,
915 1656 1021 1687 divinis

200 1704 298 1736 donis.
315 1703 451 1734 Nondum
468 1701 628 1742 quidquam
656 1701 864 1732 invaletudinis
892 1701 1023 1739 tcntabnt

199 1757 326 1789 corpus;
343 1747 475 1778 nondum
498 1746 655 1785 vestigium
683 1746 832 1784 languoris
861 1745 1022 1785 apparebat

197 1794 291 1824 ullum
307 1803 313 1823 :
331 1792 448 1833 quando
464 1791 507 1821 vir
518 1795 636 1821 sanctus
652 1792 823 1832 propediem
839 1791 895 1821 sibi
910 1791 1019 1822 instare

197 1843 323 1868 mortem
341 1836 491 1878 prtedixit:
508 1836 661 1875 oravitque
677 1845 778 1866 earum
794 1836 917 1875 insuper
936 1845 1018 1866 suam

197 1882 378 1917 recularuin,
394 1890 460 1921 quae
480 1880 511 1910 in
523 1880 701 1911 monasterio
724 1885 817 1915 erant,
833 1886 946 1920 partem
962 1879 1019 1910 sibi

198 1926 274 1964 dari,
294 1930 327 1956 ut
353 1925 503 1964 viaticum,
529 1924 690 1964 inquiebat,
722 1924 846 1954 habeam
877 1933 934 1964 quo
949 1924 1020 1954 illuc

195 1970 400 2009 commigrem.
414 1970 486 2001 Cum
497 1978 566 1999 vero
578 1969 658 2008 illiin
671 1973 843 2008 paupertate
852 1978 906 1998 sua
915 1968 1019 1999 divites

196 2015 346 2053 monachi,
362 2015 442 2045 illico
459 2014 489 2044 in
518 2013 639 2043 mediun
667 2013 862 2044 contulissent
885 2013 1018 2043 certatim

1454 241 1468 267 ὁ
1517 238 1539 266 δ’
1579 240 1670 270 αὐτοῖς
1716 237 1832 277 ἐφεστὼς
1860 234 1907 263 καὶ

1074 284 1256 323 παρεπόμενος
1298 284 1365 323 ἅμα,
1429 284 1541 314 κόκκους
1597 282 1747 316 λεληθότως
1786 280 1906 319 ὀσπρίων

1075 329 1187 368 ἒῤῥίπτει
1215 330 1282 358 κατὰ
1316 332 1365 362 τῆς
1410 332 1473 368 γῆς,
1511 335 1570 360 τοῖς
1599 329 1674 356 ποσὶν
1701 327 1788 366 ἠρέμα
1814 335 1905 353 κατα-

1077 375 1213 413 χωννύων.
1243 375 1278 403 Τὸ
1306 372 1469 407 καταϐληθὲν
1498 374 1547 411 μέν
1581 373 1625 401 οὖν
1653 371 1706 400 οὔδ’
1742 372 1777 402 εἰς
1792 370 1905 399 δέκατον

1077 418 1203 450 ἐξικνεῖτο
1237 419 1315 458 μέρος
1347 417 1482 458 μεδίμνου,
1511 419 1541 445 τὸ
1576 416 1598 445 δ’
1621 416 1747 445 ἀποδοθὲν
1761 415 1787 443 ἐν
1815 417 1904 453 καιρῷ

1080 462 1142 502 (τίς,
1164 463 1211 491 Θεὲ
1226 464 1278 492 τῶν
1293 462 1410 502 δικαίων,
1441 462 1552 502 γαλήσει
1581 462 1628 493 τας
1653 460 1801 491 δυναστείας
1817 470 1866 487 σου
1878 458 1902 497 ;)

1076 508 1111 539 εἷς
1126 507 1202 539 ὅλους
1229 508 1367 547 τριάκοντα
1397 507 1535 545 μεδίμνους
1563 509 1754 547 ωνεποσοῦτοέ
1786 507 1904 533 τοιαῦτα

1104 538 1108 539 ν
1196 538 1199 539 ν
1246 538 1250 547 .
1397 538 1402 545 .
1455 538 1460 545 .

1074 551 1160 579 πολλὰ
1174 552 1226 580 τῶν
1261 555 1306 580 τοῦ
1329 551 1420 591 ἀνδρὸς
1448 552 1589 590 τεραστίων
1615 550 1681 578 κατὰ
1695 538 1798 589 σχξλὴν
1815 547 1847 575 ἄν
1862 558 1905 578 τις

1074 595 1132 636 ἔχοι
1182 595 1335 636 φιλαλήθως
1384 596 1600 635 ἀπαριθμεῖσθαι,
1653 595 1699 622 οὐκ
1747 592 1773 625 ἐξ
1814 592 1905 625 ἀκοῆς

1072 640 1219 679 ἀναλέγων,
1255 640 1315 668 ἀλλ’
1344 641 1436 672 αὖτοὺς
1472 641 1582 672 ἐκείνους
1609 640 1668 670 τοὺς
1688 638 1785 666 ἕκαστα
1799 637 1903 665 τούτων

1071 684 1130 722 ὄψει
1159 683 1372 725 παραλαϐόντας,
1422 686 1458 716 εἷς
1512 682 1702 723 ἀκριϐεστάτην
1758 680 1903 720 βεϐαίωσιν

1070 730 1194 769 παράγων
1247 733 1300 757 τῶν
1345 729 1494 768 λεγομένων
1517 737 1524 743 “
1561 727 1702 767 ἐπειδήπερ
1743 727 1786 755 καὶ
1814 725 1900 765 μέχρι

1069 773 1198 812 βασιλέων
1215 775 1299 803 αὐτῶν
1317 775 1334 808 ἡ
1364 775 1422 813 περὶ
1451 774 1548 801 τούτων
1576 772 1670 812 ἔφθασε
1705 773 1796 811 φήμη,
1824 771 1899 808 λαμ-

1576 817 1683 856 ἀρετῆς,
1720 817 1776 856 καὶ,
1805 815 1899 855 ὥσπερ

1074 240 1222 279 εἰργάζοντο
1257 239 1417 280 φιλοπόνως,

1422 686 1458 716 εἷς

1068 864 1147 900 νόμος
1163 864 1239 900 αὖτῇ,
1256 863 1299 891 ἐπὶ
1314 862 1382 901 μέγα
1424 861 1500 895 δόξης
1530 862 1650 901 αἰρούσης
1669 868 1675 875 “
1701 861 1743 892 οἷς
1764 861 1899 893 τοσαύτην

1069 906 1132 935 αἱδὼ
1146 908 1189 935 καὶ
1219 908 1300 945 τιμὴν
1338 908 1396 946 περὶ
1431 908 1476 934 τὸν
1505 906 1580 945 ἅγιον
1609 905 1773 942 ἐνεποίησεν,
1810 906 1848 936 ὡς
1863 906 1900 933 τὰ

1069 951 1136 980 ἄλλα
1162 952 1296 991 κρείττονα
1322 952 1426 983 τούτοις
1455 950 1473 984 ἣ
1507 949 1567 978 κατ’
1583 950 1730 989 ,ἄνθρωπον
1762 951 1898 987 νομισθῆ-

1069 1007 1110 1024 ναι
1125 997 1170 1024 τὸν
1186 995 1276 1036 ἄνδρα,
1298 997 1342 1024 καὶ
1375 997 1406 1024 τὸ
1432 997 1503 1024 θεῖον
1536 994 1610 1034 ἔργον
1641 995 1718 1023 αὐτοῦ
1747 993 1790 1033 (τὸ
1803 995 1899 1021 καινὸν

1067 1044 1143 1068 τοῦτο
1178 1040 1249 1079 λέγω
1289 1041 1333 1069 καὶ
1371 1040 1467 1068 σεπτὸν
1515 1038 1724 1079 φροντιστήριον)
1753 1037 1899 1076 βασιλικῆς

1068 1085 1189 1125 προνοίας
1206 1092 1298 1124 τυχεῖν
1314 1086 1380 1125 πρὸς
1406 1095 1434 1112 τε
1461 1084 1510 1117 τὴν
1545 1083 1662 1116 δαπάνην
1691 1082 1898 1122 συναιρομένης,

1068 1131 1113 1157 καὶ
1138 1130 1290 1169 ἀποτροπὴν
1320 1132 1389 1167 αὐτῷ
1431 1127 1608 1167 βραϐευούσης
1653 1128 1747 1166 βάρους
1781 1129 1897 1164 παντὸς,

1067 1171 1168 1206 δηλαδὴ
1183 1174 1235 1201 τῶν
1250 1173 1341 1205 ἔξωθεν
1356 1173 1454 1202 τούτων
1472 1181 1479 1189 ⁸
1496 1173 1538 1203 οἷς
1573 1171 1613 1199 ἀεὶ
1647 1172 1690 1199 καὶ
1712 1175 1755 1198 νῦν
1777 1171 1899 1208 μάλιστα

1067 1218 1101 1245 τὰ
1135 1218 1220 1246 πάντα
1255 1217 1384 1253 δοκετται,
1414 1217 1457 1244 καὶ
1484 1215 1518 1243 δι’
1545 1217 1582 1244 ὦν
1611 1216 1628 1249 ἡ
1656 1215 1804 1255 ἀνθρωπίνη
1836 1217 1896 1251 ζωὴ

1069 1263 1138 1302 παρὰ
1155 1265 1203 1294 τῆς
1226 1262 1348 1302 ἐπηρείας
1374 1261 1537 1299 λυμαίνεται.
1569 1261 1612 1291 Ei:
1627 1260 1749 1288 τοσοῦτον
1764 1260 1895 1300 μεγέθους

1068 1306 1134 1346 ἤρθη
1148 1307 1192 1335 καὶ
1206 1307 1338 1344 θαύματος
1357 1307 1375 1340 ἡ
1390 1305 1517 1345 δόξαγτῶν
1545 1308 1591 1333 τοῦ
1619 1303 1737 1343 μέγαλου
1751 1307 1894 1344 κατορθω-

1069 1352 1170 1389 μάτων²
1186 1351 1230 1378 καὶ
1251 1351 1332 1382 οὕτως
1349 1352 1362 1378 ὁ
1389 1351 1444 1388 βίος
1473 1352 1544 1387 αὐτῷ
1565 1351 1602 1381 εἷς
1624 1351 1710 1377 πᾶσαν
1725 1360 1820 1388 μικρου
1842 1350 1895 1383 τὴν

1068 1396 1224 1434 οἰκουμένην
1239 1395 1395 1434 ἐξέλαμψεν,

1105 1523 1155 1565 ις’
1176 1530 1239 1560 Οἷος
1261 1527 1346 1556 δὲκαὶ
1369 1530 1383 1556 ὁ
1411 1528 1520 1559 θάνατος
1539 1527 1545 1558 !
1581 1527 1618 1566 (τί
1660 1528 1710 1566 γὰρ
1738 1528 1769 1555 ἃν
1800 1538 1895 1568 παρα-

1061 1574 1189 1611 τείνοιμεν
1212 1573 1254 1601 ἐπὶ
1268 1572 1348 1601 πλέον
1362 1573 1406 1600 τὸν
1434 1572 1512 1611 λόγον
1529 1571 1553 1611 ;)
1568 1573 1604 1604 ὡς
1620 1573 1769 1609 θαυμαστὸς
1784 1575 1822 1609 τῷ
1834 1573 1892 1601 ὄντι

1061 1618 1196 1655 κάκεῖνος,
1226 1618 1270 1647 καὶ
1310 1617 1432 1650 τοιαύτης
1467 1619 1537 1652 ζωῆς
1575 1618 1611 1648 ὡς
1648 1616 1753 1649 ἀληθῶς
1799 1616 1887 1656 ἄξιος,

1062 1663 1167 1702 ἐνεργὸν
1195 1663 1324 1691 κάνταῦθα
1358 1663 1388 1690 τὸ
1439 1663 1559 1702 χάρισμα
1601 1665 1636 1700 τῇ
1678 1662 1888 1702 κεχαριτωμένη

1062 1710 1162 1748 ψυχῇς
1186 1708 1275 1742 Μήπω
1302 1712 1362 1746 γοῦν
1384 1708 1453 1738 τινὸς
1484 1706 1625 1744 ἀνωμάλου
1649 1707 1681 1734 τὸ
1709 1709 1787 1743 σῶμα
1816 1718 1891 1746 παρ-

1062 1751 1246 1792 ενοχλοῦντος,
1285 1750 1346 1788 μηδ’
1396 1752 1488 1791 ἴχνους
1527 1750 1656 1788 μαλακὶας
1694 1750 1888 1789 ὑποφανέντος,

1062 1797 1139 1828 adeo;
1166 1796 1228 1825 ὅσον
1255 1795 1328 1825 οῧπω
1355 1798 1404 1829 τὴν
1426 1795 1551 1829 τελευτὴν
1580 1796 1650 1832 αὺτῷ
1678 1795 1807 1834 προεῖπεν
1837 1795 1887 1834 ἔγ-

1060 1842 1139 1880 γζειν
1158 1852 1164 1859 ·
1197 1840 1267 1874 ὴξίον
1303 1840 1335 1874 δὴ
1369 1841 1414 1868 καὶ
1450 1841 1526 1871 αὐτὸς
1553 1841 1583 1867 τὸ
1612 1837 1754 1868 ἐπιϐάλλον
1789 1839 1884 1879 μέρος,

1060 1885 1137 1924 εἴπερ
1165 1896 1190 1914 τι
1224 1888 1277 1912 τῶν
1304 1887 1337 1922 τῇ
1363 1887 1433 1922 μονῇ
1454 1884 1617 1924 προσόντων,
1650 1883 1812 1921 μεταλαϐεῖν
1849 1885 1887 1912 ἵν’

1060 1928 1175 1969 ἐφόδιον,
1211 1929 1302 1968 φησὶν,
1319 1929 1411 1969 ἔχοιμι
1454 1930 1519 1968 πρὸς
1554 1929 1603 1962 τὴν
1653 1928 1710 1957 ἐκεῖ
1738 1930 1888 1966 μετοικίαν,

1059 1974 1135 2013 Ταχὺ
1149 1972 1176 2000 δὲ
1210 1976 1263 2002 τῶν
1298 1974 1420 2008 πενήτων
1444 1973 1550 2001 ἐκείνων
1578 1972 1710 2002 πλουσίων
1738 1973 1775 2004 εἱς
1805 1973 1888 2011 μέσον

1059 2019 1092 2046 τὰ
1119 2018 1204 2046 πάντα
1231 2019 1370 2058 προθύμως
1406 2018 1614 2057 συνενεγκάντων
1649 2017 1730 2058 (οὕτω
1756 2019 1806 2058 γὰρ
1822 2019 1889 2057 πρὸς

196 2069 294 2090 omnia
304 2059 355 2099 (ita
368 2059 502 2099 quippea
511 2057 650 2102 magistro
661 2067 714 2088 suo
739 2057 853 2097 pridem
866 2057 1017 2094 exercitati

1101 2062 1202 2091 ιείθειαν
1228 2063 1294 2096 ἦσαν
1320 2061 1365 2091 ὑπ’
1407 2062 1504 2091 ἐκείνου
1532 2062 1614 2090 πάλαι
1649 2063 1888 2102 γεγυμνασμένοι),

195 2097 509 2140 erantinobedientia),
535 2101 689 2132 dimidiam
701 2101 819 2132 illorum
831 2105 943 2141 partem
952 2111 1017 2132 con-

1101 2106 1162 2140 δόθη
1191 2108 1258 2135 κατὰ
1279 2107 1395 2141 σπουδὴν
1423 2114 1483 2139 τοῖς
1510 2097 1662 2147 περιοίκοις⁷
1676 2097 1720 2135 τὰ⁷
1737 2097 1803 2147 προς
1818 2097 1887 2146 ἡμίξ

195 2148 292 2182 festim
304 2146 538 2178 distribuendam
551 2146 628 2177 inter
653 2146 768 2177 accolas
792 2146 1021 2177 curavitzerant

195 2192 361 2230 autem,uti
375 2191 509 2229 decebat,
538 2190 691 2221 villissima
718 2194 747 2221 et
773 2190 884 2221 nullius
898 2191 1019 2222 omnino

195 2237 283 2278 pretii
301 2239 470 2276 tegumenta
485 2239 514 2266 et
533 2236 650 2266 vascula
676 2244 770 2275 eaque
796 2234 832 2264 ad
856 2235 1019 2275 suscipien-

195 2281 267 2313 dum
282 2290 317 2312 ac
333 2280 523 2311 serviendum
539 2279 707 2320 hospitibus
723 2279 880 2311 destinata.
896 2280 941 2310 Ad
957 2281 1019 2311 haec

193 2335 295 2357 rerum
325 2324 469 2363 omnium,
509 2333 575 2364 quae
607 2324 644 2355 ad
682 2324 904 2355 sustentandam
930 2325 1019 2356 vitam

193 2370 356 2402 reconditae
385 2369 588 2409 servabantur,
621 2369 782 2409 participes
809 2368 895 2399 reddi
910 2378 945 2400 ex
962 2369 1019 2399 iiii-

193 2415 358 2446 sericordia
385 2421 532 2455 pauperes
560 2413 661 2452 voluit,
687 2413 859 2454 priusquam
885 2422 1020 2446 morere-

191 2463 249 2492 tur.

231 2504 282 2534 18.
294 2503 368 2534 Tres
379 2502 488 2534 exinde
499 2502 562 2533 dies
571 2503 760 2540 efﬂuxerunt,
772 2511 839 2533 cum
852 2501 937 2533 solito
949 2513 1014 2535 ma-

190 2549 284 2579 turius
295 2557 431 2588 surgens,
444 2547 638 2578 domunculas
650 2547 772 2578 fratrum
785 2547 936 2584 circuivit;
946 2558 1012 2579 cum

188 2593 370 2633 singulisque
382 2592 508 2624 seorsim
520 2601 621 2632 agens,
634 2592 712 2632 et;ad
741 2592 832 2632 pedes
843 2600 946 2623 eorum
960 2602 1011 2624 ac-

188 2638 302 2678 cidens,
319 2642 457 2678 tanquam
473 2636 647 2668 humilitatis
661 2645 730 2667 vere
759 2645 828 2667 suos
857 2637 1010 2668 exaltantis

187 2685 283 2723 typus,
301 2682 449 2714 orationes
464 2681 556 2722 ipsius
571 2686 600 2712 et
610 2681 728 2712 veniam
743 2681 919 2712 delictorum
938 2691 1011 2713 suo-

185 2735 252 2757 rum
269 2727 435 2767 postulavit.
467 2725 584 2757 lnterea
611 2725 760 2764 fratribus,
791 2735 858 2756 cum
881 2726 1012 2758 demisaa

185 2771 352 2805 reverentia
360 2775 389 2802 et
399 2770 555 2809 religione,
569 2771 687 2802 Patrem
713 2779 799 2801 suum
812 2770 1011 2804 circumstan-

1061 2162 1133 2179 σειαν
1157 2159 1163 2166 '
1186 2151 1357 2179 εὔτελέστατα
1371 2151 1394 2178 δ’
1415 2151 1494 2192 ἦσαν,
1529 2153 1575 2179 οἶα
1609 2153 1692 2190 εἰκὸς,
1721 2153 1765 2180 καὶ
1790 2152 1888 2192 φαυλό-

1059 2207 1125 2224 τατα
1161 2196 1248 2230 πάντη
1302 2197 1477 2234 σκεπάσματα
1518 2197 1562 2224 καὶ
1603 2197 1738 2236 σκευάρια,
1771 2197 1885 2225 κάκεῖνα

1060 2241 1125 2280 πρὸς
1151 2239 1288 2280 ὑποδοχὴν
1322 2241 1368 2269 καὶ
1417 2241 1554 2280 θεραπείαν
1581 2240 1660 2273 ξένων
1686 2241 1859 2281 ἀφωρισμένα
1877 2251 1884 2257 ·

1060 2284 1098 2313 ἔτι
1118 2284 1145 2312 δὲ
1159 2285 1203 2312 καὶ
1217 2283 1266 2313 ὅσα
1290 2288 1342 2313 τῶν
1371 2285 1520 2324 ἀναγκαίων
1548 2286 1584 2317 εἷς
1610 2285 1763 2326 ἀπο-τροφὴν
1792 2287 1886 2318 αὔτοτς

1060 2329 1245 2369 προαπέκειτο,
1262 2330 1306 2357 καὶ
1326 2331 1341 2357 ὁ
1368 2329 1541 2370 φιλόπτωχος
1570 2329 1655 2368 ὅμως,
1685 2329 1743 2360 om
1784 2331 1886 2360 τούτων

1061 2373 1163 2407 ἀπῆλθε
1177 2374 1242 2413 πρὸς
1257 2373 1330 2402 ἔλεον
1344 2373 1534 2408 ἀκοινώνητος.

1097 2502 1146 2541 ιη’.
1174 2512 1252 2547 Τρεῖς
1276 2507 1390 2535 ἐντεῦθεν
1417 2507 1526 2548 ἡμέραι,
1555 2509 1599 2537 καὶ
1621 2508 1736 2540 ἀναστὰς
1761 2509 1881 2548 πρωϊαί-

1054 2563 1140 2592 τερον,
1155 2552 1214 2584 τοὺς
1243 2552 1372 2583 οἰκία-κους
1401 2552 1504 2592 περιῄει
1530 2555 1582 2581 τῶν
1610 2551 1741 2593 ἀδελφῶν,
1771 2553 1839 2589 ὁμου
1852 2564 1880 2581 τε

1054 2598 1097 2624 καὶ
1125 2596 1185 2624 κατ’
1212 2595 1278 2624 ἰδίαν
1305 2596 1475 2636 ἐντυγχάνων
1517 2598 1618 2635 αὐτοῖς,
1649 2598 1692 2626 καὶ
1733 2597 1805 2636 παρὰ
1819 2597 1879 2628 τοὺς

1051 2640 1132 2673 πόδας
1163 2641 1268 2677 ἑκάστῳ
1295 2639 1558 2680 προκυλινδούμενος,
1588 2643 1602 2670 ὁ
1630 2642 1710 2673 τύπος
1724 2644 1774 2675 τῆς
1797 2641 1880 2673 ὄντως

1051 2687 1179 2723 ὕψοποιοῦ
1215 2685 1414 2722 ταπεινώσεως,
1463 2686 1548 2726 εὐχὴν
1594 2686 1664 2725 παρὰ
1689 2686 1795 2714 πάντων
1837 2687 1881 2714 καὶ

1053 2730 1212 2769 συγγνώμην
1245 2729 1302 2763 ἧτει
1344 2733 1398 2758 τῶν
1446 2729 1639 2769 ἑπταισμένων.
1686 2734 1744 2760 Τῶν
1779 2729 1807 2759 δὲ
1837 2731 1882 2759 σὺν

1054 2773 1123 2802 αἰδοῖ
1159 2777 1193 2812 τῇ
1230 2775 1413 2813 προσκυνούσῃ
1463 2776 1507 2803 καὶ
1551 2774 1657 2812 εὖλαϐίᾳ
1703 2776 1749 2804 τὸν
1779 2776 1881 2814 Πατέρα
