1975 3071
77 217 87 248 l
100 215 167 248 0‘73
643 217 736 250 VITA
758 217 791 248 S.
814 217 887 248 DOR

949 216 1009 247 EIEI
1029 216 1217 248 JUNIORIS.
1702 211 1775 243 1074

68 283 272 322 περιεπόντων,
313 284 466 322 ἀσπασμοῖς
510 295 537 312 τε
566 284 609 312 καὶ
643 282 748 322 δάκρυσι
772 290 833 315 ταῖς
869 284 887 310 εἰ

949 281 1036 319 tibus,
1051 281 1206 322 ipsumque
1219 280 1426 321 amplexando,
1445 279 1648 320 lacrymando,
1666 278 1701 309 ad
1716 282 1777 309 ter-

69 324 177 365 ἕδαφος
215 327 452 373 ἆιντικειταικλίσειινι,Γ
468 329 499 355 τὸ
534 328 602 359 εἰκὸς
644 326 856 366 ἐκπληρούντων,

949 334 1012 355 ram
1029 335 1122 365 usque
1138 335 1203 356 sese
1232 324 1416 362 inclinando,
1441 324 1519 364 quod
1536 323 1581 354 sui
1596 327 1659 354 erat
1674 322 1774 373 ofﬁcii,

72 369 235 411 μεσημϐρία
266 371 409 411 παρῆλθεν,
440 367 516 400 ’γενοα
537 371 569 405 δὴ
599 371 714 409 μάλιστα
739 371 820 403 πολὺς
840 382 880 403 τις

950 369 1152 409 implentibus.
1172 370 1329 400 transierat
1359 368 1508 399 meridies.
1539 369 1632 405 Tunc,
1650 367 1693 397 uti
1707 375 1776 397 suos

72 414 256 454 φιλόστοργος
301 416 345 452 ἦν,
401 418 498 455 τροφῆς
545 422 692 455 μετασχεῖν
748 415 909 455 παρακαλῶν

71 459 204 499 ἕκαστον,
235 461 279 487 καὶ
306 458 377 493 ἄξιον
415 461 454 498 μὴ
476 460 634 498 συγκάμνειν
662 460 703 488 ἐπὶ
731 459 811 488 πλέον
826 460 907 500 αὖτῷ,

69 504 116 536 ὡς
144 503 230 533 οὐκέτι
257 505 316 544 περὶ
345 506 377 532 τὰ
405 506 479 533 κοινὰ
508 505 662 542 πονουμένῳ
697 505 765 533 κατὰ
791 505 822 532 τὸ
837 504 904 539 ἔθος,

69 547 150 576 ἀλλὰ
164 552 208 576 νῦν
223 559 253 587 γε
277 549 335 588 περὶ
362 549 393 577 τὸ
424 549 492 577 ἴδιον
534 549 683 588 ἀναγκαίως
705 548 904 589 ἀσχολουμένῳ,

68 593 122 620 καὶ
158 593 196 629 μὴ
231 592 353 632 διοχλεῖν
395 593 547 631 βουλομένῳ
571 594 629 626 τοὺς
658 593 765 624 οἰκείους
804 594 840 625 εἰς
875 594 907 621 τα

68 637 177 667 οἰκεῖα.
207 639 237 666 Οἱ
258 638 306 674 μὲν
335 638 379 666 οὖν
415 638 536 677 ἐντεῖχον
571 637 754 678 δυσφοροῦντες
782 637 904 670 ἐπιπολὺ,

67 682 96 708 οἱ
129 680 154 708 δ’
189 680 318 710 ἐνέκειντο
366 681 446 710 πλέον
494 682 685 720 ἐκϐιαζόμενοι,
729 682 779 714 ἕως
821 683 906 710 πάντα

68 728 198 753 ποιοῦντι
241 727 332 764 μικρόν
383 737 408 754 τι
450 728 707 766 παραχωρήσαντες,
745 725 905 765 σύνέδραμον

67 769 150 801 αὖθις
164 770 232 807 μετὰ
256 769 370 804 σπουδῆς
405 774 572 811 παραχρῆμα
590 781 596 787 ·
627 772 671 799 καὶ
711 770 904 802 καταλαϐόντες

67 814 122 841 τὸν
151 813 226 852 ἅγιον
268 813 448 853 ἐκτενέστερον
489 815 717 855 προσευχόμενον,
747 815 904 854 διατραπέν-

67 869 118 890 τες
133 857 284 892 ὑπέστησαν
303 868 309 876 ·
326 858 404 899 ἄχρις
437 859 497 888 ὅτου
525 860 601 898 ποτὲ,
627 863 675 894 τῆς
704 861 786 899 εὐχῆς
803 860 904 891 ἐκεῖνος

545 426 577 452 με
582 426 663 455 τασχε
667 422 692 444 ῖν

66 902 256 942 παυσάμενος,
294 904 354 935 τοὺς
391 904 440 941 μὲν
479 903 604 944 ἐπέτρεπε
638 903 760 943 ψάλλειν,
789 905 865 936 αὐτὸς
880 899 903 931 δ’
916 924 934 948 Β

66 946 233 982 ἀνακλιθεὶς,
250 949 307 979 πῶς
338 948 368 975 ἂν
396 948 469 976 ε’ῗποι
493 959 533 979 τις
567 948 653 987 ἡμέρα
675 949 718 976 καὶ
747 951 900 987 προσηνῶς,

65 991 192 1022 καὶτοὺς
218 990 300 1023 πόδας
331 991 435 1031 ἐξάρας,
463 991 489 1019 ἐν
524 993 614 1031 εἰρήνῃ
648 992 715 1019 κατὰ
736 993 766 1020 τὸ
781 1003 900 1031 γεγραμ-

66 1035 155 1072 μένον
193 1034 323 1073 ἐκοιμήθη
363 1036 406 1064 καὶ
456 1036 574 1064 ὕπνωσεν
619 1035 699 1064 ὕπνον
741 1034 834 1071 ὅντως,
872 1037 902 1064 οὖ

64 1080 196 1115 θάνατον,
219 1079 299 1107 ὕπνον
328 1081 373 1108 τὸν
407 1080 541 1118 πρέποντα
564 1079 672 1112 δικαίοις
699 1082 736 1112 ὡς
763 1079 867 1114 ἀληθῶς
892 1090 898 1096 ·

65 1125 116 1151 καὶ
139 1122 285 1163 προσετέθη
300 1124 385 1161 τούτῳ
414 1128 454 1161 τῷ
488 1125 578 1163 τρόπῳ
605 1125 669 1163 πρὸς
705 1125 764 1156 τοὺς
785 1125 900 1164 πατέρας

67 1169 182 1197 αὖτοῦὸ
218 1168 345 1208 ἡμέτερος
372 1170 446 1200 οὗτος
474 1168 501 1196 ἐν
528 1168 613 1207 ἁγίοις
647 1169 750 1207 Πατὴρ,
781 1169 823 1196 καὶ
848 1170 900 1199 υἱὸς

67 1215 124 1246 τῆς
146 1216 191 1240 τοῦ
217 1217 281 1242 Θεοῦ
308 1212 453 1251 βασιλείας,
481 1213 546 1252 πρὸς
573 1213 606 1246 ἦν
634 1212 715 1244 οὕτως
745 1212 820 1244 ἱλεως
844 1212 899 1245 ἐξε-

66 1255 204 1294 δήμησεν,
229 1256 271 1285 ἐπὶ
291 1258 322 1285 τὸ
335 1255 460 1296 βραϐεῖον
474 1260 527 1288 τῶς
555 1256 610 1284 ἅνω
637 1256 757 1291 κλήσεως
772 1257 897 1293 σπεύσας,

67 1301 115 1328 καὶ
131 1301 196 1339 πρὸς
209 1302 258 1334 την
274 1301 373 1329 ἐκεῖθεν
388 1301 533 1331 ἀνάπαυσιν
560 1301 696 1340 ὑπερφυῶς
733 1300 847 1338 μεταϐὰς
870 1301 900 1329 ἐκ

67 1347 127 1376 τῶς
155 1345 263 1374 ἐνταῦθα
290 1346 465 1376 κακοπαθείας
483 1353 489 1360 ⁸
527 1346 563 1377 ὼς
585 1347 637 1385 οὔχ
663 1347 744 1378 ἧττον
777 1346 846 1374 εἶναι
867 1346 898 1373 τὸ

70 1388 152 1420 τέλος
175 1390 244 1426 αὖτῷ
257 1390 275 1422 ἦ
296 1390 342 1417 τὸν
354 1389 410 1427 βίον
425 1388 642 1427 ἀξιοθαύμαστον.

110 1428 161 1464 ιθ’.
198 1433 312 1467 Τοιαύτη
345 1434 394 1471 μὲν
434 1434 560 1473 Δωροθέῳ
597 1435 614 1468 ἡ
642 1434 703 1471 ἐπὶξ
720 1436 769 1472 γῆς
786 1433 895 1473 ξπαροι-

65 1477 126 1516 κία,
151 1476 233 1509 οὕτως
259 1479 284 1505 αἱ
312 1477 417 1517 πράξεις
446 1479 490 1506 καὶ
518 1479 550 1506 τὰ
585 1478 647 1518 ἔργα
675 1478 796 1517 θεοφιλῆ.
828 1477 895 1506 οὕτω

62 1519 167 1558 δαψιλῆ
202 1521 234 1549 τα
284 1522 436 1561 χαρίσματα
453 1531 460 1538 ·
503 1523 612 1556 τοιαύτη
644 1521 672 1550 δὲ
700 1521 779 1550 πάλιν
811 1522 854 1549 καὶ
875 1522 892 1555 ἡ

950 423 1037 454 quam
1053 414 1104 453 qui
1120 414 1248 445 maxime
1263 413 1390 449 amabat,
1408 413 1538 452 singulos
1552 412 1634 443 abire
1658 411 1775 442 cibum-

950 467 1007 496 que
1023 467 1142 488 sumere
1157 459 1247 498 jussit
1260 469 1268 495 ;
1280 457 1354 488 nihil
1366 456 1422 488 sibi
1434 466 1521 496 porro
1534 455 1570 486 ab
1581 455 1652 496 ipsis
1671 454 1776 485 ofﬁciis

949 501 1182 542 impendentium
1195 502 1334 533 dictitans
1347 505 1467 541 ',utpote
1479 500 1574 540 quide
1590 499 1680 530 rebus
1695 509 1775 530 com-

950 545 1111 581 munitatis.
1128 551 1160 577 ut
1174 547 1299 583 solebat,
1325 546 1399 576 nihil
1424 545 1550 585 amplius
1566 544 1722 581 sollicitus,
1736 543 1773 574 ad

949 590 1090 630 privatam
1103 595 1214 621 tantum
1241 591 1447 623 necessitatem
1477 588 1668 625 intendebat;
1686 597 1773 618 suos-

948 643 1006 673 que
1021 636 1099 665 circa
1109 644 1141 665 se
1153 635 1253 665 vexari
1266 635 1395 665 nolebat'
1409 634 1443 664 Et
1453 633 1503 664 alii
1515 633 1634 673 quidem
1647 632 1772 663 multum

947 682 1049 709 contra
1076 679 1258 716 nitebantur,
1288 679 1338 709 alii
1367 688 1436 708 vero
1463 678 1637 717 ampliorem
1668 676 1696 707 ei
1714 677 1772 706 vim

946 722 1101 759 faciebant,
1119 724 1215 754 donec
1232 723 1355 754 multum
1389 722 1533 763 satagenti
1549 721 1682 752 nonnihil
1698 730 1771 751 con-

947 771 1102 798 cesserunt
1115 778 1122 798 :
1137 768 1188 798 sed
1205 778 1271 799 mox
1300 768 1447 798 curriculo
1475 767 1511 798 ad
1527 767 1624 807 ipsum
1639 770 1772 797 reverte-

947 810 1073 848 bantur;
1103 812 1350 852 invenientesque
1379 811 1523 842 intensius
1552 814 1686 841 orantem
1702 819 1771 840 cum

946 856 1126 886 verecundia
1134 856 1341 893 substiterunt,
1359 855 1454 887 donec
1469 855 1553 886 ﬁnita
1564 854 1696 886 oratione
1707 854 1769 884 fra—

947 904 1008 930 tres
1021 900 1056 930 ad
1072 901 1234 940 psalledum
1261 901 1395 931 hortatus
1421 904 1485 940 est;
1516 903 1546 930 et
1573 899 1725 930 reclinans
1739 907 1772 929 se

943 942 1018 983 ipse,
1033 944 1143 984 quiete,
1161 949 1192 975 ut
1207 946 1249 975 sic
1263 945 1372 980 dicam,
1403 949 1492 984 utque
1508 953 1600 985 prono
1615 944 1645 974 in
1661 947 1770 973 terram

942 996 1067 1027 corpore
1083 989 1232 1029 pedesque
1243 989 1417 1029 extendens,
1434 989 1464 1019 in
1477 998 1561 1029 pace,
1574 988 1617 1018 uti
1626 987 1769 1027 scriptum

943 1036 987 1062 est
1001 1032 1026 1069 7,
1044 1033 1191 1073 requievit
1205 1034 1235 1064 in
1247 1033 1395 1071 dormivit,
1408 1042 1557 1064 summum
1568 1032 1666 1073 potius
1681 1041 1769 1072 quam

941 1076 972 1106 in
988 1081 1113 1107 mortem
1132 1087 1138 1108 :
1154 1087 1292 1109 sumnum
1310 1087 1430 1118 nempe,
1454 1077 1550 1117 qualis
1562 1079 1645 1117 juxto
1660 1076 1767 1115 decet;

941 1124 1029 1160 atque
1041 1121 1082 1151 ita
1096 1122 1249 1161 appositus
1265 1126 1308 1153 est
1324 1122 1456 1162 patribus
1471 1122 1532 1152 suis
1548 1125 1666 1152 sanctus
1681 1121 1767 1152 hicce

942 1165 1030 1195 Pater
1045 1169 1156 1202 noster,
1176 1167 1260 1206 regni
1275 1167 1418 1197 caelorum
1434 1166 1523 1204 ﬁlius,
1541 1176 1599 1206 quo
1615 1170 1673 1196 tam
1689 1166 1767 1196 hila-

941 1208 1016 1239 riter
1031 1210 1086 1240 iter
1095 1211 1236 1251 suscepit,
1247 1211 1282 1241 ad
1293 1211 1445 1251 praemium
1459 1220 1593 1250 superna;
1603 1210 1768 1241 vocationis

942 1250 1094 1289 festinans.
1108 1257 1136 1284 et
1151 1255 1187 1284 ad
1202 1250 1335 1295 requiem
1351 1255 1500 1285 caelestem
1529 1256 1617 1284 modo
1632 1257 1766 1286 extraor-

940 1296 1054 1328 dinario
1085 1299 1234 1329 transiens
1263 1308 1298 1329 ex
1327 1299 1409 1330 hisce
1439 1299 1639 1336 miseriis;ut
1667 1297 1766 1329 obitus

940 1341 1005 1380 ejus
1033 1352 1092 1372 non
1121 1342 1228 1374 minori
1258 1343 1454 1374 admiratione
1482 1343 1589 1382 dignus
1617 1342 1655 1373 sit
1677 1352 1765 1383 quam

939 1385 1010 1416 vita.

979 1430 1025 1462 19.
1042 1430 1121 1461 Talis
1133 1430 1221 1469 igitur
1248 1431 1390 1462 Dorotbei
1414 1431 1445 1461 in
1457 1431 1545 1462 terris
1555 1430 1673 1461 vivendi
1688 1431 1763 1462 ratio

935 1473 999 1511 fuit,
1016 1475 1090 1505 ralia
1106 1480 1222 1515 tamque
1236 1475 1335 1506 divina
1347 1485 1449 1516 opera,
1467 1479 1525 1506 tam
1537 1475 1656 1515 copiosa
1671 1484 1688 1505 a
1699 1475 1761 1506 Deo

935 1519 1040 1549 collata
1054 1519 1151 1550 dona:
1169 1520 1234 1550 talis
1250 1520 1390 1551 similiter
1399 1520 1453 1550 viri
1465 1520 1616 1557 transitus,
1641 1519 1762 1550 omnino

63 1565 183 1593 ἐντεῦθεν
212 1566 382 1606 μετάστασις,
425 1566 547 1599 ἐπιεικῶς
576 1566 633 1598 ἀξία
667 1567 711 1594 καὶ
744 1566 887 1606 πρέπουσα,

949 1563 1176 1594 τεθειδῐὶδδίηιυς
1192 1568 1222 1595 et
1237 1565 1373 1601 decorus,
1387 1574 1420 1595 ac
1436 1564 1527 1595 veluti
1542 1564 1662 1595 coronis
1676 1573 1759 1604 quae-

63 1611 110 1637 καὶ
126 1611 185 1638 οἷον
206 1610 315 1649 κορωνίς
351 1621 390 1642 τις
420 1614 508 1650 χρυσῆ
532 1622 566 1649 τῃ
595 1614 640 1639 τοῦ
666 1610 758 1650 ἀνδρὸς
773 1610 892 1645 πολιτείᾳ

63 1654 138 1682 κατὰ
159 1653 239 1693 λόγον
263 1654 413 1683 ἐπιτεθεῖσα
430 1664 437 1672 ⁸
454 1656 484 1682 οὗ
511 1662 570 1687 ταῖς
585 1656 651 1694 πρὸς
672 1657 703 1683 τὸ
732 1659 810 1683 Θεῖον
825 1665 891 1693 πρε-

64 1697 179 1738 σϐείαις,
204 1700 226 1734 ᾧ
253 1698 341 1729 καλῶς
370 1699 554 1738 εὒηρέστησεν,
584 1701 733 1738 εὐαρεστεῖν
760 1699 892 1738 εὒχόμεθα

64 1744 110 1771 καὶ
126 1742 200 1770 αὐτοὶ
226 1743 325 1781 κατάγε
347 1742 456 1782 ιδηλαδὴ
471 1744 502 1770 τὸ
529 1743 670 1783 ἡμέτερον,
699 1743 743 1771 καὶ
771 1744 820 1777 τὴν
834 1744 891 1770 καθ’

64 1787 139 1823 ἡμᾶς
155 1785 240 1825 λέγων
263 1785 370 1824 δύναμιν
393 1795 402 1805 ⁸
417 1787 473 1814 ἐπεὶ
496 1788 539 1815 καὶ
560 1794 618 1819 τοῖς
649 1787 800 1827 ἐλαχίστοις
822 1786 894 1815 οἶδεν

66 1831 84 1864 ἡ
115 1831 248 1868 ἀγαθότης
284 1831 386 1871 χαίρειν
422 1832 472 1859 ὑπὸ
507 1831 711 1872 φιλανθρωπίας,
742 1833 785 1859 καὶ
812 1838 893 1871 χεῖρα

65 1874 196 1914 παρέχειν
211 1876 276 1914 πρὸς
304 1876 336 1903 τὰ
364 1887 474 1915 κρειττω
508 1883 570 1908 ταῖς
599 1876 752 1915 προθσμίαις
770 1883 776 1891 ⁵
813 1875 893 1903 δυνα-

64 1921 111 1951 τὸς
128 1918 154 1946 δὲ
184 1921 197 1947 ὸ
219 1919 305 1958 ἅγιος,
336 1921 366 1948 τὸ
393 1919 484 1948 λειπὸν
517 1920 687 1960 ἀποπληροῦν
711 1929 718 1937 ’
756 1920 811 1948 ἐπεὶ
825 1920 892 1948 κάν-

66 1966 147 1992 τιῦθα
175 1964 329 2004 χρηστότης
362 1965 444 2005 αὒτῷ,
474 1968 525 1992 τῶν
553 1965 657 2004 ἀγαθῶν
683 1966 713 1992 τὸ
737 1964 889 2004 κεφάλαιον,

64 2009 174 2036 κάκεῖσε
205 2013 249 2038 νῦν
274 2008 354 2036 πάλιν
389 2009 449 2047 (οὐκ
477 2008 651 2049 ἀπιστοῦμεν)
681 2010 718 2041 ὡς
747 2008 890 2048 παραμένει

66 2053 134 2090 μετὰ
165 2063 236 2085 τινος
264 2053 292 2081 εὖ
319 2052 380 2081 οῖδα
415 2055 568 2093 προσθήκης
590 2056 637 2083 οὔκ
671 2054 806 2093 ἀγεννοῦς,
836 2053 891 2089 ὅσνρ

66 2098 109 2126 καὶ
139 2097 248 2135 μέλιστα
262 2101 296 2136 τῇ
323 2098 375 2127 τῶν
403 2098 492 2126 καλῶν
525 2101 601 2137 πηγῇ
630 2099 683 2126 νυνὶ
711 2098 888 2134 πεπλησίακε,

66 2142 159 2180 παρ’ἦ
175 2143 205 2170 τὸ
233 2143 351 2182 χρηστὸν
393 2143 554 2181 ἀρυσάμενος
582 2142 712 2174 πλουσίως
747 2143 790 2170 καὶ
809 2141 890 2179 δαψι-

67 2185 132 2224 λῶς,
148 2186 176 2214 εὖ
203 2197 231 2214 τε
259 2185 422 2216 δεδούλευκεν
443 2186 494 2219 ἤδη
529 2185 640 2219 πολλοῖς
665 2188 709 2215 καὶ
732 2186 888 2223 πεποίηκεν,

67 2230 136 2258 ἔνθεν
163 2231 199 2263 εἷς
211 2234 332 2259 τοσοῦτον
363 2231 407 2258 καὶ
435 2229 610 2267 δεδικαίωται,
640 2231 683 2259 καὶ
717 2230 754 2259 ἔτι
788 2230 889 2268 μᾶλλον

67 2274 183 2310 ποιήσει,
213 2275 257 2302 καὶ
290 2275 321 2302 τὸ
358 2274 500 2314 φιλάγαθον
528 2273 679 2307 ἐπιδείξεται
706 2276 765 2313 περὶ
788 2275 887 2306 πάντας

67 2320 136 2355 ἡμᾶς
172 2319 232 2350 τοὺς
261 2318 428 2358 περιλοίπους
464 2318 501 2346 ἔτι
543 2321 586 2347 καὶ
626 2322 737 2359 ζῶντας,
779 2320 823 2347 καὶ
850 2322 888 2356 τῷ

67 2363 140 2399 τόπῳ
170 2363 254 2400 τούτῳ
282 2363 329 2397 τῆς
379 2363 492 2401 βασάνου
546 2363 614 2395 τέως
656 2362 860 2402 ἐνδιατρίϐοντας
878 2372 886 2381 ·

67 2407 117 2438 ἕως
151 2408 195 2435 καὶ
229 2409 301 2446 ἡμᾶς
324 2409 338 2436 ὁ
376 2408 474 2436 ἐκείνου
515 2407 709 2444 μισθαποδότης
750 2409 815 2446 πρὸς
839 2407 888 2441 τὴν

69 2451 124 2479 ἐκεῖ
149 2450 255 2479 καλεσει
283 2452 459 2491 κατάπαυσιν,
504 2451 549 2484 εἴη
591 2451 618 2479 δὲ
640 2452 724 2479 εἰπεῖν
752 2453 796 2479 καὶ
824 2451 888 2479 ἀνά-

68 2507 172 2536 παυσιν,
188 2495 319 2535 ᾦπρέπει
347 2499 419 2524 πᾶσα
453 2495 512 2528 δόξα
540 2496 606 2533 τιμὴ
635 2496 677 2523 καὶ
697 2496 884 2534 προσκύνησις,

69 2544 109 2568 νῦν
137 2542 180 2569 καὶ
211 2541 262 2577 ἀεὶ,
292 2541 335 2568 καὶ
381 2541 417 2571 εἷς
466 2540 525 2571 τοὺς
570 2541 665 2571 αἰῶνας
694 2541 745 2567 τῶν
773 2539 884 2570 αἰώνων,

69 2584 162 2622 Ἀμήν.

106 2718 120 2742 7
134 2717 211 2750 Psal.
227 2727 268 2756 tv,
284 2719 314 2750 9.

933 1609 1000 1639 dam
1015 1617 1115 1648 aurea,
1134 1609 1423 1640 taliconversationis
1434 1610 1509 1649 ejus,
1525 1613 1556 1640 ut
1568 1617 1621 1649 par
1631 1613 1685 1646 est,
1699 1609 1761 1639 im-

934 1652 1052 1692 posita:
1077 1653 1163 1693 cujus
1192 1653 1457 1684 intercessionibus
1485 1653 1562 1694 apud
1590 1653 1694 1689 Deum.
1711 1653 1760 1684 cui

934 1697 998 1736 ipse
1033 1697 1191 1728 admodum
1221 1698 1344 1738 placuit,
1370 1708 1424 1729 nos
1453 1707 1571 1739 quoque
1600 1697 1761 1738 placituros

935 1745 1117 1780 exoptamus,
1135 1746 1277 1782 quantum
1290 1752 1396 1782 nempe
1432 1752 1486 1782 per
1499 1747 1609 1773 statum
1624 1742 1759 1782 viresque

935 1789 1049 1815 nostras
1065 1785 1166 1817 licebit
1184 1796 1191 1824 ;
1208 1795 1274 1816 cum
1288 1787 1376 1817 etiam
1393 1786 1514 1817 niminis
1530 1786 1660 1826 gaudere
1678 1795 1757 1826 pra-

937 1829 1150 1860 bumanitatem
1157 1839 1209 1861 sua
1217 1831 1451 1861 noveritbonitas
1459 1831 1534 1870 ejus,
1543 1829 1756 1869 etadjutricem

935 1874 1059 1904 tendere
1071 1883 1191 1905 manum
1207 1875 1244 1905 iis
1260 1875 1310 1914 qui
1324 1874 1466 1914 consequi
1481 1875 1617 1905 virtutem
1633 1874 1755 1905 deside-

933 1921 998 1948 rant
1026 1919 1127 1949 Potest
1137 1923 1234 1950 autem
1248 1918 1461 1958 Sanctusquod
1486 1918 1570 1950 deest
1593 1918 1755 1958 supplere:

934 1962 1173 2002 quandoquidem
1204 1963 1308 1994 eadem
1338 1963 1514 2003 benignitas,
1532 1972 1598 2003 quas
1613 1963 1662 1994 hic
1676 1962 1756 1993 inter

931 2006 1053 2037 virtutes
1068 2008 1130 2045 ejus
1155 2007 1266 2047 primas
1295 2007 1400 2044 tenuit,
1428 2016 1508 2037 nunc
1535 2007 1596 2038 illic
1625 2015 1755 2047 quoque,

933 2049 1054 2080 dubium
1079 2055 1258 2091 perseveret,
1290 2061 1355 2082 cum
1388 2061 1447 2082 non
1477 2051 1583 2091 exiguo
1598 2051 1644 2081 sui
1659 2051 1757 2081 incre-

933 2099 1048 2132 mente;
1061 2095 1245 2136 prmsertium
1257 2105 1322 2126 cum
1333 2096 1471 2136 proprius
1481 2105 1560 2125 nunc
1571 2095 1647 2126 absit
1657 2095 1693 2125 ab
1703 2095 1754 2126 illo

931 2138 1076 2170 bonorum
1092 2140 1225 2170 omnium
1239 2140 1332 2176 fonte,
1349 2149 1384 2170 ex
1413 2149 1470 2180 quo
1487 2139 1597 2170 aﬁ‘atim
1614 2139 1755 2170 bonitatis

932 2187 961 2214 et
974 2183 1093 2224 copiose
1107 2185 1258 2221 hauriens,
1276 2184 1394 2215 servivit
1405 2184 1468 2224 jam
1484 2184 1599 2224 pridem
1611 2193 1644 2214 ac
1655 2184 1751 2214 bene-

931 2229 1000 2260 l'ecit
1019 2229 1117 2260 multis
1131 2229 1205 2270 ipse,
1233 2232 1405 2268 tantumque
1431 2227 1635 2259 sanctimoniae
1647 2237 1754 2259 conse-

931 2277 1015 2303 cutus
1029 2276 1097 2310 est;
1115 2282 1193 2303 nunc
1217 2277 1313 2303 autem
1344 2272 1498 2304 liberalius
1527 2272 1706 2309 benefaciet,
1725 2275 1757 2303 et

930 2317 1157 2348 beneﬁcentiam
1165 2327 1247 2348 suam
1255 2317 1406 2348 exseretin
1416 2327 1468 2348 nos
1476 2326 1589 2355 omnes,
1598 2317 1647 2357 qui
1659 2317 1754 2347 adhuc

930 2361 1105 2402 Superstites
1119 2370 1222 2392 sumns
1235 2362 1265 2392 in
1279 2362 1333 2392 hac
1349 2362 1406 2392 vita
1426 2365 1456 2392 et
1486 2362 1515 2392 in
1531 2362 1623 2392 hacce
1638 2360 1753 2392 exerci-

930 2406 1048 2437 tationis
1064 2406 1197 2446 palazstra
1212 2415 1363 2436 versamur
1379 2414 1386 2436 :
1404 2405 1500 2436 donec
1528 2405 1589 2442 ille,
1607 2405 1657 2445 qui
1674 2404 1756 2436 Patri

930 2455 1031 2480 nostro
1045 2453 1252 2481 rennmeratus
1265 2454 1319 2487 est,
1338 2459 1391 2480 nos
1415 2459 1532 2490 quoque
1546 2449 1582 2480 ad
1596 2458 1754 2489 supernam

929 2495 1076 2535 requiem,
1091 2499 1141 2526 aut
1156 2494 1252 2535 potius
1267 2494 1404 2530 dixerim,
1424 2503 1527 2525 omnes
1543 2493 1687 2524 molestiae
1700 2502 1753 2524 va-

929 2539 1067 2570 cuitatem
1096 2543 1222 2578 evocet;
1252 2547 1341 2579 quem
1369 2540 1456 2570 decet
1483 2538 1587 2578 gloria,
1616 2538 1710 2569 Itonos
1725 2542 1755 2569 et

928 2583 1059 2615 adoratio
1087 2587 1203 2622 cuncta,
1231 2592 1311 2615 nunc
1340 2588 1369 2613 et
1395 2591 1515 2623 semper
1543 2587 1571 2614 et
1597 2582 1628 2613 in
1644 2582 1752 2614 saecula

928 2628 1114 2660 saeculorum.
1133 2629 1241 2660 Amen.

106 2802 142 2842 (9)
165 2803 261 2843 Πόσος,
277 2807 422 2844 quantus,
438 2811 528 2844 quam
548 2803 686 2842 multus;
704 2801 774 2833 hinc
797 2802 887 2834 necdt

949 2801 1012 2833 ilibi
1034 2800 1161 2832 necdum
1177 2801 1372 2841 συμποσέομαι,
1389 2800 1474 2841 quasi
1487 2799 1582 2831 simul
1595 2803 1745 2839 supputor
