1975 3071
112 207 195 240 1077

173 274 202 302 Εἰ
222 273 245 302 δ’
259 275 302 303 οὗν
324 276 354 303 τὸ
369 274 449 315 δῶρον
462 274 545 308 δεξιᾶς
560 277 610 308 σῆς
625 274 706 312 ἀξίου,

259 329 288 346 τε
303 320 401 352 σαυτὴν
413 319 490 358 εὒπρε
505 320 561 350 πῶς
577 319 661 355 τούτῳ
672 319 750 358 στέφε
775 328 782 337 ⁸

177 353 207 390 ’ᾖ
229 363 337 400 μᾶλλων
350 353 505 402 εὐπρέπειαν
520 363 587 396 αὒτῆ
602 367 640 400 τῷ
647 353 741 402 γστέφέι

174 407 366 446 Προσψαύσεως
382 410 432 441 σῆς
447 407 592 445 ἀξιουμένῳ
605 406 684 438 δίδου,

176 447 262 492 ἱΗμᾶς
276 451 303 481 δὲ
319 453 378 485 τοὺς
393 452 482 492 λόγοις
499 464 527 481 σε
542 455 673 490 τιμῶντας
687 453 778 490 μόνοις

177 487 277 536 είῐργοις
295 498 325 525 σὺ
339 497 445 529 πάντως
459 498 629 535 ἆντιτίμησον
645 497 735 526 πλέον.

175 541 250 577 Οἵκῳ
263 552 292 569 τε
306 542 345 579 τῷ
360 545 399 579 σῷ
413 545 594 581 γειτονούντας
609 540 708 572 ἐνθάδε.

177 586 225 625 ﬁeri
238 589 287 619 τῆς
303 586 360 614 ἐκεῖ
375 589 420 615 σοῦ
435 589 530 624 στῇσον
546 586 622 625 ἐγγὺς
638 586 732 621 οἰκίας,

173 621 223 675 ΣΗν
236 630 399 671 ἀμφέπουσιν
415 632 438 659 οἱ
453 621 531 671 χοροὶ
620 630 753 669 ἀγγέλων,

205 677 241 702 Πν
264 679 434 714 προσκυνοῦσι
448 678 520 703 πᾶσα
534 674 606 708 τάξις
622 675 674 703 τῶν
689 674 754 704 ἅνω.

174 719 276 752 Ταύτην
292 718 405 757 ἀμοιϐὴν
419 723 466 748 τοῦ
486 720 566 748 πόθου
582 720 625 748 καὶ
640 719 685 747 τοῦ
700 718 779 758 λόγου

176 761 307 801 Λάϐοιμεν
322 763 352 791 ἐκ
367 768 424 800 σοῦ,
441 765 527 792 καὶτὸ
541 766 591 797 τῆς
608 762 685 797 δόξης
700 763 794 803 στέφος
811 773 820 783 ⁸

175 806 235 855 ιξᾶν.
251 811 332 836 ταῦτα
348 811 439 845 μεῖζον
454 808 471 842 ἢ
493 807 552 836 καθ’
567 809 638 846 ἡμᾶς
655 807 769 837 ἐλπίσαι.

154 850 197 881 ΛΖ
227 850 286 880 Ἐπὶ
315 853 364 885 τὴν
406 852 515 891 Μητέρα
568 853 614 880 τοῦ
643 853 729 891 Λόγου
756 851 845 890 μετὰί
893 853 937 880 τὸν

579 210 702 242 SERMO
724 211 765 242 IN
788 211 838 242 SS.
863 209 1038 240 DElPAR/E
1060 209 1342 242 DORMITIONEM.

1727 204 1802 238 1078

944 281 965 304 Α
1016 275 1091 316 Ergo
1108 280 1157 307 tua
1171 277 1292 316 dignare
1307 277 1417 307 donum
1428 276 1560 314 dextera,

1018 320 1160 361 Sertoque
1175 326 1204 352 te
1219 321 1359 352 decenter
1374 322 1439 362 ipsa
1454 321 1563 360 cingite
1579 331 1586 359 ;

1017 365 1094 401 Quin
1109 367 1236 402 muneri,
1253 366 1353 406 Virgo,
1369 376 1476 396 novum
1494 365 1592 406 praebe
1603 364 1694 396 decus

1018 411 1093 441 Dum
1105 410 1252 440 destinata
1266 415 1295 440 te
1309 418 1420 442 corona
1435 410 1577 449 protegis.

1018 455 1135 494 Nosque
1151 463 1203 484 ore
1219 459 1344 491 tantum,
1361 454 1443 492 Diva,
1460 455 1633 494 plaudentes
1648 452 1702 484 tibi

1019 497 1062 528 Tu
1075 507 1107 528 re
1122 499 1250 529 vicissim
1263 499 1308 529 fac
1323 499 1453 529 honores
1467 499 1594 538 amplius
1610 507 1617 534 ;

1018 542 1053 573 Et
1067 552 1140 582 quos
1157 548 1213 573 tum
1227 544 1290 574 sedi
1306 544 1353 573 hic
1369 543 1461 573 habes
1477 542 1668 579 domesticos,

1020 587 1055 617 Et
1069 587 1153 618 alteri
1168 596 1285 618 sursum
1303 587 1484 627 propinquos
1500 587 1621 624 advoca,

1019 630 1110 667 Quam
1127 631 1240 661 caelites
1255 632 1368 661 circum
1384 632 1557 670 angelorum
1573 634 1650 661 stant
1665 631 1760 668 chori,

1019 674 1111 710 Quam
1128 679 1233 705 cuncta
1248 675 1382 706 certatim
1399 676 1470 705 colit
1485 675 1584 705 divum
1602 676 1722 706 cohors.

1019 718 1079 750 Hac
1094 728 1148 750 nos
1162 719 1283 756 amoris,
1298 719 1406 750 debitae
1420 720 1474 750 hac
1490 720 1584 750 laudis
1598 720 1663 750 vice

1019 764 1077 794 Per
1092 768 1121 794 te
1136 764 1268 794 fruamur
1279 773 1345 794 cum
1363 773 1480 794 coronae
1493 764 1598 802 gloria,

1019 807 1129 848 Majora
1145 818 1311 848 quanquam
1329 809 1389 839 haec
1404 813 1474 839 sunt
1488 809 1552 848 spei
1568 808 1689 839 fiducia.

1022 855 1032 883 l
1043 878 1048 884 .
1057 853 1103 884 Ad
1112 857 1236 883 matrem
1249 853 1340 883 Verbi
1353 853 1619 892 oratio,postquam
1627 862 1694 883 cum
1706 852 1806 884 Verbo

112 895 242 944 Adyo‘vtb
277 895 369 935 λόγος,
409 897 458 925 Τὸν
480 897 529 935 γὰρ
558 896 670 924 Βασιλέα
704 897 874 935 προπέμψας,
904 901 1072 944 τῇΒνθιῈᾶί

1020 902 1092 928 rsata
1107 902 1161 935 est,
1179 907 1210 927 se
1233 897 1385 927 convertit.
1416 899 1575 937 Postquam
1596 897 1677 927 enim
1694 898 1806 935 Regem

111 938 231 968 Βασιλίόι
259 944 441 979 προσυπαντᾷ,
470 940 523 968 ἀπὸ
556 939 633 974 δόξης
662 939 735 973 δόξαν
752 940 877 978 ἀμείϐων,
894 943 937 970 καὶ

110 983 276 1020 μεταϐαίνων
312 986 348 1016 είς
377 984 486 1022 δύναμιν
513 985 543 1013 ἐκ
579 984 724 1022 δυνάμεως.
768 985 857 1018 Οὕτως
892 986 937 1014 ἐν-

110 1031 243 1068 τρυφᾷτῇ
274 1031 326 1056 τῶν
356 1029 445 1058 καλῶν
471 1029 588 1068 εὒπορίᾳ,
618 1030 662 1057 καὶ
696 1035 826 1059 τοσοῦτων
851 1032 937 1070 χαίρει

110 1072 331 1111 φιλοτιμούμενος
346 1077 381 1112 τῇ
396 1074 530 1113 περιουσίᾳ
544 1076 596 1102 τῶν
617 1073 776 1105 ὑποθέσεων,

152 1119 262 1156 Χριστὸς
293 1118 340 1155 μὲν
368 1119 448 1158 ἡμῖν,
470 1119 487 1152 ἡ
516 1119 621 1146 πάντων
646 1118 724 1158 ἑορτὴ
759 1122 810 1147 τῶν
837 1120 938 1150 αἰώνων

110 1159 126 1184 Ξ
140 1161 220 1200 ἑορτὴ
234 1160 247 1182 ³
277 1163 340 1202 χθὲς
356 1162 388 1196 ἧν
417 1161 476 1190 ἀλλ’
493 1163 583 1202 ἑορτὴ,
620 1164 769 1203 φιυτιο-ιλλδς⁷
802 1164 846 1191 καὶ
861 1164 938 1202 πηγὴ

111 1206 199 1244 φωτὸς
215 1204 311 1243 ἀϊδίου,
327 1208 371 1234 καὶ
398 1207 528 1247 αὖτόφως,
560 1208 609 1235 Διὰ
635 1212 712 1236 τοῦτο
745 1207 788 1235 καὶ
802 1211 858 1247 φῶς
869 1207 936 1235 ἀνα-

110 1248 276 1287 ϐαλλάμενος
290 1251 327 1282 ὡς
362 1251 476 1290 ίμάτιον¹
506 1251 554 1285 τὴν
583 1252 654 1288 αὖτῷ
687 1252 754 1279 κατὰ
772 1252 847 1291 φύσιν
869 1252 935 1279 ἀνα-

111 1292 206 1331 ϐολὴν,
222 1295 265 1322 καὶ
287 1298 325 1332 τῷ
350 1299 483 1334 προσῶπῳ
510 1295 619 1333 λάμψας
647 1297 684 1327 ὼς
719 1295 804 1335 ἥλιος,
822 1295 847 1329 ἐξ
862 1295 936 1335 ὅρους

112 1338 187 1377 ἁγίου
208 1346 270 1370 ταῖς
303 1339 452 1378 ἀστραπαῖς
481 1340 551 1377 ἡμᾶς
586 1339 674 1376 ἔϐαλε,
703 1341 746 1368 καὶ
767 1341 814 1374 τὴν
828 1341 887 1369 θέαν
909 1341 937 1369 οὗ

111 1382 235 1422 φέροντας
251 1383 368 1419 παρῆλθε
394 1384 464 1423 ταχὺ
480 1391 487 1398 '
520 1383 621 1421 μᾶλλον
646 1383 673 1411 δὲ
701 1383 757 1422 μεθ’
773 1385 850 1421 ἡμῶν
865 1385 935 1413 ἐστιν

110 1427 151 1454 ἀεὶ
166 1427 233 1455 κατὰ
247 1427 297 1460 τὴν
332 1428 489 1468 ὑπόσχεσιν,
526 1429 569 1456 καὶ
584 1428 682 1466 λάμπει
710 1436 769 1460 τοῖς
797 1429 877 1461 ἀξίοις
892 1431 936 1457 καὶ

110 1474 166 1508 νῦν,
189 1471 256 1500 ἀλλὰ
270 1473 334 1511 πρὸς
350 1472 434 1509 ἀξίαν,
450 1473 494 1500 καὶ
509 1473 696 1512 μετριώτερον.

980 942 1116 972 comitata
1135 946 1191 978 est,
1209 942 1329 980 Reginae
1344 951 1515 972 occurrens.
1542 942 1664 981 gloriam
1681 943 1808 972 alternat

979 986 1082 1025 gloria,
1101 990 1128 1016 et
1145 986 1181 1016 de
1197 985 1303 1016 virtute
1318 988 1423 1016 transit
1450 987 1481 1016 in
1505 986 1657 1016 virtutem.
1675 985 1758 1015 Adeo
1774 986 1805 1016 in

980 1031 1125 1061 bonorum
1141 1030 1297 1061 deliciatur
1311 1031 1406 1070 copia,
1426 1034 1456 1061 et
1471 1031 1509 1061 de
1526 1031 1687 1061 thematum
1712 1028 1804 1060 uber-

980 1079 1037 1105 tate
1053 1075 1126 1105 adeo
1141 1074 1198 1105 sibi
1215 1075 1334 1114 placens
1350 1075 1525 1105 eollzetatur.

1019 1120 1057 1150 Et
1072 1119 1227 1158 superiore
1239 1119 1358 1159 quidem
1369 1121 1441 1150 festo
1457 1118 1701 1157 (2)celebrandus
1719 1119 1807 1150 nobis

981 1164 1201 1204 proponebatur
1214 1164 1359 1197 Christus,
1390 1164 1439 1203 qni
1466 1165 1642 1193 saeculorum
1672 1164 1806 1194 omnium

978 1209 1084 1239 festum
1101 1212 1155 1248 est,
1174 1208 1225 1238 sed
1242 1208 1348 1238 festum
1364 1208 1414 1248 qui
1444 1213 1472 1238 et
1487 1207 1662 1238 illuminatio
1680 1207 1728 1244 sit,
1745 1207 1805 1238 imo

978 1253 1043 1283 fons
1058 1253 1133 1283 lucis
1148 1257 1277 1289 aeternae,
1294 1257 1380 1292 atque
1395 1253 1460 1292 ipsa
1471 1252 1631 1292 perselux.
1644 1253 1808 1291 Propterea

979 1298 1145 1328 etamictus
1160 1297 1277 1328 lumine
1290 1298 1370 1328 sicut
1384 1298 1564 1328 vestimento
1580 1305 1602 1332 ε,
1629 1296 1806 1327 vestimento

979 1343 1110 1382 inquam,
1128 1341 1208 1381 quod
1223 1341 1287 1380 ipse
1303 1351 1337 1371 ex
1354 1345 1456 1372 natura
1473 1351 1524 1371 sua
1553 1341 1659 1378 induit,
1678 1344 1706 1371 et
1722 1341 1803 1379 facie

976 1386 1174 1425 resplendens
1188 1386 1266 1416 sicut
1292 1385 1375 1425 sol»,
1405 1386 1539 1425 fulgetris
1569 1385 1630 1415 suis
1660 1394 1676 1416 ε
1704 1388 1806 1416 sancto

976 1434 1077 1462 monte
1091 1436 1102 1449 '
1116 1439 1169 1460 nos
1184 1430 1350 1470 ejaculavit.
1367 1439 1400 1459 ac
1413 1429 1470 1460 cito
1487 1439 1545 1460 non
1559 1429 1690 1460 ferentes
1702 1430 1805 1469 splen-

976 1475 1078 1505 dorem
1094 1475 1189 1504 vultus
1205 1474 1268 1514 ejus
1293 1473 1462 1513 pertransiit
1477 1478 1501 1510 α,
1517 1482 1581 1504 sem
1599 1474 1703 1504 melius
1718 1474 1805 1504 dixe-

110 1514 179 1551 rim,
196 1524 315 1555 semper
330 1515 483 1547 nobiscum
501 1522 546 1547 est
556 1517 718 1548 secundum
736 1517 962 1556 promissionem
987 1529 1083 1559 suam,
1099 1522 1128 1549 et
1141 1528 1219 1548 nunc
1234 1527 1352 1558 quoque
1367 1527 1482 1555 eorum,
1501 1518 1550 1558 qui
1562 1518 1644 1557 digni
1659 1518 1728 1556 sint,
1744 1526 1798 1558 pro

115 1559 259 1610 cujusque
274 1564 373 1610 tamen
389 1561 503 1610 meritis
518 1565 546 1592 et
562 1570 619 1601 qua
633 1561 703 1592 ferri
721 1561 814 1601 possit
828 1562 954 1599 ratione,
972 1564 1064 1594 oculis
1079 1563 1265 1603 resplendet.

151 1604 190 1633 B'.
212 1604 240 1633 Ἠ
256 1605 371 1644 σήμερον
395 1604 422 1633 δὲ
455 1607 503 1639 τὴν
532 1609 644 1644 Χριστοῦ
679 1606 785 1645 Μητέρα
814 1613 960 1636 ποιεῖταιῦ
1013 1607 1072 1638 Η,]

1020 1608 1049 1638 Η.
1067 1607 1218 1638 Hodierna
1234 1616 1302 1638 vero
1319 1607 1383 1638 dies
1413 1607 1540 1638 solemni
1570 1607 1651 1637 cultu
1666 1606 1802 1637 celebrat

111 1649 265 1688 μυστήριον,
301 1649 330 1677 ἐκ
359 1649 477 1688 μεγάλου
503 1660 532 1678 τε
568 1649 647 1688 μέγα,
676 1650 722 1678 καὶ
756 1649 876 1689 λαμπρὸν
905 1651 935 1679 ἐκ

111 1692 242 1732 λαμπροῦ,
292 1694 336 1721 καὶ
389 1695 529 1733 προφθάνει
584 1693 745 1734 φαιδρότητα
793 1694 933 1734 φαιδρότης

113 1737 265 1775 δημοτελὴς
287 1739 331 1766 καὶ
353 1739 464 1777 μεγίστη
480 1739 625 1778 πανήγυρις
660 1738 823 1772 τηλικαύτην
848 1751 933 1767 κατα-

113 1780 252 1819 λαμϐάνει,
291 1782 365 1810 Οὕτω
398 1782 482 1810 πάντα
520 1783 617 1821 τρόπον
658 1783 725 1819 ἡμῖν
755 1783 933 1822 ἆγαθυνούσης

113 1828 161 1859 τῆς
189 1826 365 1866 ἆγαθότητος,
396 1827 439 1854 καὶ
467 1827 546 1866 χάριν
583 1825 701 1860 διδούσης
743 1827 811 1856 κατὰ
842 1829 933 1866 καιρὸν

113 1870 168 1898 ἀντὶ
194 1871 316 1911 χάριτος.
359 1870 423 1899 Οϊδε
466 1871 515 1909 γὰρ
556 1871 573 1904 ἡ
609 1871 686 1910 σοφία
726 1873 936 1910 παραμυθεῖσθαι

113 1917 198 1955 σοφῶς
215 1916 244 1943 τὸ
259 1918 308 1948 τῆς
343 1915 508 1954 ἀνθρωπίνης
537 1915 669 1946 ἀσθενείας
697 1915 822 1955 ἁψίκορον
836 1916 864 1953 4,
886 1916 934 1951 ἵν’,

113 1960 200 1998 ὥσπερ
214 1960 349 1989 κακόσιτοι
364 1960 390 1997 5,
428 1960 465 1997 τῷ
493 1959 636 1988 πολυτελεῖ
676 1961 718 1988 καὶ
755 1960 866 1998 ποικίλῳ
886 1962 938 1988 τῶν

113 2004 290 2043 προκειμένων
320 2005 492 2041 ἁνακτώμεθα
518 2004 567 2038 τὴν
602 2003 683 2043 ὄρεξιν
717 2004 878 2042 κάμνουσαν,
894 2007 938 2033 καὶ

112 2056 170 2081 ταῖς
232 2050 384 2089 προθυμίαις
434 2049 606 2088 ἀκμάζοντες,
657 2048 778 2081 ὁσάκιςϐ
804 2049 835 2076 ἂν
870 2048 934 2086 δέοι,

112 2095 175 2132 πρὸς
198 2094 246 2127 τὴν
260 2095 312 2122 τῶν
328 2094 469 2133 χρησίμων
483 2093 642 2130 ἆπαντῶμεν
663 2093 820 2124 ἀπόλαυσιν.

976 1651 1135 1683 Genitricis
1150 1651 1260 1683 Ghristi
1277 1652 1460 1692 mysterium,
1473 1661 1612 1690 magnum
1623 1651 1726 1691 utique
1736 1655 1802 1691 post

977 1706 1114 1735 magnum
1129 1705 1164 1726 ac
1179 1696 1368 1736 splendidum
1385 1701 1449 1736 post
1461 1696 1664 1736 splendidum,
1681 1700 1709 1725 et
1726 1695 1804 1726 lwti-

975 1740 1211 1770 tiacommunem
1219 1741 1486 1771 omniumlaatitiam
1500 1745 1680 1779 prmeuntem
1698 1739 1804 1777 habet,

975 1794 1009 1814 ac
1025 1784 1150 1814 maxima
1164 1784 1336 1814 solemnitas
1353 1785 1510 1814 maximam
1533 1783 1642 1823 excipit
1659 1783 1804 1813 solemni—

978 1832 1076 1862 tatem.
1106 1828 1155 1859 Sic
1182 1837 1290 1868 nempe
1320 1828 1415 1858 modis
1444 1827 1582 1858 omnibus
1612 1827 1726 1857 bonitas
1741 1827 1807 1867 ipsa

979 1873 1132 1903 beneﬁciis
1145 1882 1199 1902 nos
1214 1872 1356 1909 cumulat,
1383 1877 1412 1903 et
1436 1872 1561 1911 gratiam
1573 1871 1676 1910 gratiae
1688 1881 1802 1910 oppor—

979 1921 1049 1947 tune
1064 1917 1208 1956 adjungit.
1226 1916 1310 1948 Novit
1325 1917 1403 1947 enim
1422 1916 1543 1956 (divina)
1557 1916 1707 1955 Sapientia
1721 1915 1807 1945 inﬁr-

981 1961 1091 1991 mitatis
1107 1962 1245 1992 humana).
1259 1961 1441 1992 desiderium
1455 1961 1491 1991 ad
1507 1961 1656 1991 fastidium
1673 1960 1802 2000 proclive

980 2005 1100 2044 provide
1116 2006 1263 2042 reﬁcere;
1283 2009 1384 2037 utnon
1411 2015 1497 2036 secus
1522 2014 1556 2035 ac
1586 2005 1636 2044 qui
1651 2005 1806 2035 stomacho

979 2049 1123 2086 laborant,
1154 2050 1306 2089 exquisitis
1348 2050 1494 2091 variisque
1524 2049 1619 2089 epulis
1648 2049 1807 2089 propositis

979 2094 1185 2132 elanguenlem
1197 2103 1300 2124 rursus
1316 2094 1478 2125 excitemus
1493 2093 1703 2134 appetentiam,
1722 2093 1806 2124 desi-

114 2138 254 2178 derioque
270 2137 383 2168 alacres
398 2137 505 2174 ell'ecti,
522 2137 558 2168 ad
573 2146 609 2167 ea
622 2146 686 2177 quae
700 2137 785 2168 nobis
801 2137 941 2178 prodesse
958 2143 1077 2179 queant,
1093 2138 1284 2177 degustanda,
1313 2140 1429 2179 quoties
1454 2139 1658 2178 opportunitas
1673 2146 1704 2168 se
1720 2137 1806 2168 nobis

114 2183 225 2220 oﬂ'erat,
242 2191 446 2213 occurramus.

153 2222 193 2256 ΓΙ.
225 2225 307 2255 Ἀλλὰ
343 2237 376 2264 με
404 2227 559 2266 θερμότερον
587 2227 654 2254 κινεῖ
689 2227 722 2255 τὰ
748 2227 865 2266 παρόντα
894 2229 969 2256 καὶΙ)
1018 2227 1067 2259 Ill.

1020 2227 1067 2259 Ill.
1083 2228 1193 2258 Verum
1208 2238 1273 2269 quae
1286 2238 1364 2259 nunc
1379 2233 1535 2268 geruntur,
1552 2226 1804 2257 vehementiorem

115 2271 199 2311 φέρειν
214 2271 327 2310 μετρίως
342 2271 389 2299 οὒκ
404 2271 461 2311 ἔχω
475 2272 524 2305 τὴν
553 2270 661 2309 ἡδονὴν,
688 2272 731 2299 καὶ
758 2274 831 2306 ζητῶ
845 2273 935 2311 φωνὴν
978 2272 1007 2302 in
1023 2282 1069 2302 me

1023 2282 1069 2302 me
1080 2273 1217 2303 ail‘ectum
1233 2274 1411 2310 accendunt,
1425 2281 1480 2302 nec
1493 2271 1579 2302 facile
1592 2271 1804 2301 exuberantem

115 2316 186 2348 ἀξιαν
220 2319 264 2343 τοῦ
299 2316 442 2353 θαύματος.
478 2316 614 2353 Βοήσομαι
651 2316 734 2344 τοίνυν
762 2315 882 2354 λαμπρόν
911 2327 936 2344 τι
979 2316 1040 2346 fere
1053 2316 1072 2356 ji

1020 2326 1040 2346 'e
1053 2316 1266 2356 jucunditatem
1284 2327 1415 2357 possum,
1426 2321 1455 2347 et
1471 2315 1572 2353 verba,
1587 2324 1652 2355 quae
1662 2314 1804 2345 miraculo

115 2361 156 2388 καὶ
170 2359 320 2400 διαπρύσιον
336 2360 361 2395 7,
397 2361 440 2388 καὶ
454 2362 502 2393 τῆς
543 2360 644 2399 ἡμέρας
670 2361 719 2393 τὴν
741 2360 819 2399 χάριν
842 2360 938 2398 ὑψηλῳ
979 2369 1072 2400 respOJ

1020 2361 1190 2400 spondeam,
1209 2371 1257 2391 me
1267 2362 1418 2392 deﬁciunt.
1433 2360 1590 2399 Quidpiam
1601 2359 1692 2398 igitur
1706 2359 1806 2399 splen-

115 2405 214 2445 κηρύξω
225 2405 242 2429 8
256 2405 416 2445 κηρύγματι.
978 2405 1072 2434 iliilnlr

1020 2407 1079 2434 tum
1097 2409 1185 2445 atque
1202 2406 1374 2445 praeclarum
1401 2404 1580 2441 inclamabo,
1598 2407 1628 2434 et
1641 2403 1729 2443 hujus
1745 2402 1805 2434 diei

975 2449 1098 2488 gratiam
1114 2449 1234 2480 sublimi
1252 2450 1399 2490 praeconio
1416 2450 1549 2480 elferam.

425 2551 438 2571 ιι
453 2537 557 2570 Matth.
573 2546 646 2571 xvu.
663 2541 692 2570 2.
736 2540 747 2557 ε
761 2537 787 2569 II
799 2537 879 2570 Petr.
898 2547 917 2575 ι,
938 2538 988 2568 t8.
1029 2537 1072 2567 dli

1029 2542 1042 2562 d
1058 2536 1150 2569 Exod.
1169 2525 1274 2576 xxxm,
1291 2537 1341 2569 22.

813 2604 910 2636 Variae
936 2603 1092 2635 lectiones.

151 2545 164 2561 ι
178 2537 257 2570 Psal.
274 2546 334 2576 cm,
353 2540 382 2569 2.

1701 2670 1717 2694 ³
1730 2669 1803 2700 Cod.

1591 2711 1605 2734 7
1621 2709 1693 2741 Cod.
1710 2711 1802 2742 Laur.

154 2672 164 2694 ί
181 2671 321 2702 Mendose
336 2670 414 2711 apud
429 2670 600 2702 Fabricium
619 2670 776 2711 (Biblioth.
794 2669 894 2711 Graec.
908 2673 933 2711 _t.
949 2668 986 2704 X,
1003 2677 1033 2708 p.
1049 2667 1072 2698 2:

1026 2691 1033 2699 .
1049 2667 1120 2711 983)
1137 2669 1204 2696 κατὰ
1213 2670 1261 2711 τὸν
1272 2669 1361 2711 λογον.
1404 2668 1421 2694 ²
1433 2669 1522 2701 Laur.
1534 2671 1656 2711 αἰωνίων.

118 2711 178 2752 Vat.
195 2712 288 2743 addit.
306 2707 364 2752 καίξ
376 2711 391 2736 4
403 2711 475 2743 Cod.
493 2715 589 2752 uterq.
607 2707 744 2751 ἁψίκορον.
787 2711 804 2736 5
817 2709 891 2741 Cod.
908 2708 995 2740 Laur.
1006 2707 1072 2736 κατι(

1020 2709 1168 2739 ιακώσιτοι.
1210 2707 1227 2732 θ
1242 2707 1316 2740 Cod.
1333 2709 1419 2741 Laur.
1437 2710 1547 2743 ὼσάκις.

118 2751 276 2791 διαπύρσιον.
318 2751 334 2776 8
348 2753 436 2783 Laur.
455 2751 582 2791 κηρύξων.

908 2787 1002 2819 Notze.

118 2897 129 2924 ι
155 2852 205 2923 (mf
218 2851 332 2922 Iuditcat
346 2856 449 2884 auctor
464 2852 598 2884 solemne
622 2850 901 2891 Transﬁgurationis
915 2846 1078 2880 Dominicae
1097 2846 1215 2887 festum,
1235 2850 1313 2890 quod
1335 2850 1435 2892 paucis
1459 2854 1526 2882 ante
1543 2849 1648 2882 diebus
1663 2849 1801 2883 celebra-

129 2901 174 2924 um
203 2901 276 2923 uera
292 2916 299 2923 .

129 2901 174 2924 om
191 2901 221 2923 Ill
226 2901 299 2923 erat.
