1975 3071
103 211 187 244 1085

571 213 696 245 SERMO
717 214 758 245 IN
778 213 830 244 SS.
853 208 1032 241 DEIPAR/E
1054 211 1333 242 DORMITIONEM.

1722 206 1802 240 l086

97 280 148 312 τὸς
179 279 317 320 πέλαγοςῐ
348 281 395 318 ἐμὲ
432 285 575 322 μορφοῦται
611 281 656 309 τὸν
693 279 810 321 χοΐκὸνς
832 280 878 309 ’ίνα
899 276 961 304 τδΑ

1011 285 1108 322 yssum
1123 279 1130 322 ξ
1145 277 1169 309 0
1181 276 1455 322 pelagusbonitatis
1466 276 1500 316 !),
1513 279 1662 322 terrenam
1675 274 1799 322 formam

97 325 169 362 ἐμὸν
201 325 307 357 ἀσθενὲς
342 328 391 360 τῆς
428 326 521 354 ἑαυτοῦ
558 324 702 365 πληρώσας
731 324 866 363 δυνάμεως
897 323 932 353 δι’

98 370 184 398 αὑτοῦ
195 368 222 390 ³Ἷ
236 369 380 399 καταϐάλοι
396 371 440 398 τὸν
455 371 576 410 ἰσχυρὸν,
592 371 635 398 καὶ
662 373 697 408 τῇ
721 370 769 404 τὴν
789 370 871 404 ἧτταν
893 371 929 402 εἷς

93 414 177 454 φύσιν
187 412 214 434 ³⁸
227 413 253 446 ἐξ
268 414 338 447 ἔθους
352 414 480 453 δεξαμένη
494 417 528 452 τῇ
539 415 614 454 σαρκὶ
629 413 760 454 παραδοὺς
775 413 928 443 ἆνέλτιστον

95 459 177 492 νίκην
191 459 297 493 ποιήσοι
313 457 339 480 3°
353 460 383 487 τὸ
397 459 523 498 τρόπαιον
545 459 642 493 ταύτης
665 458 767 496 μᾶλλον
789 459 806 493 ἢ
823 459 926 488 ἑαυτοῦ·

96 503 145 530 καὶ
169 502 250 533 οὕτως
265 502 369 542 ἀφελὼν
390 504 420 532 τὸ
451 504 621 543 μεσότοιχον,
650 503 694 531 καὶ
717 504 886 543 καταργήσας
902 504 929 531 ἐν

99 546 191 584 ἐκείνῃ
206 547 255 580 τὴν
277 546 384 587 ἔχθραν⁷
401 547 512 585 συνάψοι
527 547 559 575 τὰ
574 546 713 587 διεστῶτα,
729 548 773 575 καὶ
788 548 852 587 πρὸς
867 548 927 585 μίαν

97 591 228 628 ὁμόνοιαν
243 591 354 631 ἀρμόσοι
369 592 399 619 τὸ
415 595 478 622 πᾶν,
502 593 582 623 Οὗτος
593 593 607 620 ὁ
622 591 702 630 λόγος
717 594 766 625 τῆς
783 595 828 620 τοῦ
843 592 928 631 Λόγου

97 636 259 675 παχύτητος
277 643 283 650 ·
307 639 384 664 τοῦτο
405 638 453 670 τῆς
469 635 588 675 μεγάλης
603 636 738 668 κενώςεως
755 641 800 666 τοῠ
816 640 880 665 Θεοῦ
897 638 927 665 τὸ

99 680 263 719 μυστήριον.

974 330 1070 352 meam
1081 321 1178 352 induit
1191 332 1199 358 ;
1211 327 1244 352 ut
1256 321 1460 352 inﬁrmitatem
1474 329 1568 352 meam
1581 329 1633 351 sua
1643 319 1737 360 ipsius
1744 319 1801 349 vir-

972 368 1033 396 tute
1048 366 1202 406 supplens,
1220 366 1285 407 ipse
1312 375 1365 406 per
1386 375 1418 396 se
1435 368 1602 406 prosternat
1617 365 1756 406 fortem},
1773 367 1803 394 et

972 410 1053 441 carni
1067 420 1133 451 qua:
1146 420 1234 451 prava
1244 410 1351 450 agendi
1360 410 1475 441 ratione
1488 409 1601 441 cladem
1612 417 1699 450 passa
1707 409 1804 439 fuerat

971 455 1002 485 in
1017 459 1136 493 natura,
1152 455 1334 495 insperatam
1347 454 1482 485 tribuens
1489 454 1653 491 victoriam,
1669 452 1738 484 huic
1751 461 1801 493 po-

970 499 1028 530 tius
1043 509 1132 540 quam
1152 500 1207 531 sibi
1225 503 1369 540 tropaeum
1386 503 1529 530 statueret
1546 509 1554 537 ;
1580 502 1668 539 atque
1688 497 1729 528 ita
1745 497 1800 527 de-

970 553 1050 574 mum
1067 543 1279 575 intermedium
1293 543 1401 574 tollens
1414 544 1558 584 parietem
1573 543 1597 580 ι,
1610 543 1640 573 ἱη
1656 552 1690 574 ea
1711 550 1802 572 carne

970 588 1158 620 inimicitiam
1173 589 1342 624 destruens,
1359 588 1461 618 dissita
1480 589 1510 618 in
1525 597 1617 618 unum
1633 587 1800 627 conjunge-

967 639 1026 668 ret,
1044 637 1074 664 et
1088 634 1189 664 omnia
1203 632 1239 663 ad
1256 632 1418 672 perfectam
1434 632 1622 664 concordiam
1639 640 1798 671 compone-

967 682 1025 708 ret.
1044 680 1115 709 Haec
1125 677 1200 708 ratio
1213 677 1337 713 exstitit,
1351 685 1404 707 cur
1416 676 1547 707 Verbum
1561 675 1693 708 materiae
1716 684 1799 706 cras~

917 715 924 723 ”
969 722 1066 753 Sitiem
1079 722 1221 753 indueret
1237 730 1247 758 ;
1264 721 1321 751 hoc
1336 730 1475 760 magnum
1492 725 1536 752 est
1552 721 1605 753 Dei
1615 729 1681 752 sese
1694 720 1729 751 ad
1744 721 1801 749 ima

145 809 176 844 I'.
207 812 283 842 Ἐπεὶ
304 813 332 842 δὲ
362 817 395 853 τῇ
416 814 472 851 Θείᾳ
493 815 623 855 σαρκώσει
656 816 726 847 θείας
753 814 804 843 ἔδει
833 816 930 854 γεννή-

99 869 171 890 σεως
211 859 255 886 καὶ
289 860 397 897 τοιαύτῃ
432 860 553 898 γεννήσει
571 858 598 881 ‘0
637 861 762 894 τοιαύτης
797 860 897 900 μητρός
923 871 930 878 ·

100 902 213 931 ἐνταῦθα
240 904 271 931 τὸ
299 903 368 943 μέγα
395 908 441 933 τοῦ
481 903 539 932 καθ’
575 905 649 942 ἡμᾶς
689 903 763 934 τοῦδε
775 903 798 925 Μ

972 767 1169 798 exinanientis
1186 765 1375 806 mysterium.

1013 812 1048 843 X.
1064 811 1155 842 Porro
1172 819 1241 841 cum
1257 810 1294 841 ad
1311 810 1442 840 divinam
1468 810 1545 841 hanc
1560 810 1799 840 incarnationem

975 856 1074 887 divina
1090 864 1165 896 opus
1181 858 1260 886 esset
1273 854 1477 893 generatione,
1495 858 1525 886 et
1539 854 1575 885 ad
1589 858 1648 885 tam
1664 854 1796 884 divinam

844 899 934 944 γένους
947 939 963 944 _
976 900 1198 942 generationem
1214 899 1472 944 etiamcondigna
1481 905 1576 930 mater
1583 899 1798 944 requireretur;

99 946 227 987 δῶρονη
261 939 306 976 καί
333 939 539 988 καρποφόρημα,
570 939 686 983 ἦ.κοινὴ
711 939 856 989 φιλοτιμία,
883 939 965 984 τῆςΒ

1012 955 1046 976 ce
1061 954 1199 984 magnum
1216 943 1288 974 illud
1296 943 1616 984 donum,eximiusque
1627 939 1798 974 fructushu-

99 992 218 1032 φύσεως,
243 993 274 1020 τὸ
299 991 325 1020 ἐν
350 992 494 1032 ἀνθρώποις
516 992 657 1032 ἐξαίρετον,
673 994 727 1021 τῶν
743 993 771 1021 ἐν
787 993 881 1031 κόσμῳ
901 996 932 1023 τὸ

99 1035 257 1071 κάλλιστον,
280 1037 297 1070 ἡ
321 1035 507 1069 τηνικοιιῖνταᾹ³
535 1037 583 1075 μὲν
613 1038 680 1076 κόρη
711 1038 811 1077 καθαρὰ
826 1039 870 1066 καὶ
882 1038 930 1066 ἀνα

101 1079 216 1120 έπαφος,
235 1081 301 1118 μετὰ
316 1084 398 1109 ταῦτα
413 1079 440 1108 δὲ
468 1082 512 1109 καὶ
542 1081 608 1120 γυνὴ
630 1082 803 1121 καθαρωτέρα
826 1082 929 1120 πολλῴΙ

100 1125 145 1152 καὶ
162 1125 212 1158 τὴν
236 1125 340 1164 ἁγνείαν
368 1129 406 1162 τῷ
428 1125 499 1162 τόκῳ
528 1125 584 1163 μεθ’
614 1125 761 1165 ὑπερϐολῆς
783 1127 928 1165 ἀγιάσασα.

102 1171 140 1198 Οὔ
161 1169 230 1199 κατᾶ
246 1169 363 1208 μητέρας
380 1170 429 1209 γὰρ
455 1171 544 1208 μήτηρ
572 1172 589 1204 ἡ
620 1174 665 1199 τοῦ
694 1172 796 1210 Πατρὺς
825 1172 930 1200 πάντων

101 1214 194 1253 μήτηρ
211 1221 218 1228 ·
265 1213 323 1242 οὔδε
368 1215 434 1242 κατὰ
475 1214 615 1254 παρθένους
659 1215 786 1254 Παρθένος
827 1216 844 1249 ἡ
885 1217 931 1244 τὸν

101 1259 235 1297 ἀγιασμὸν
262 1264 388 1287 τετοκυῖα
404 1267 410 1274 ·
442 1258 501 1287 ἀλλ’
530 1259 626 1298 ἀμιγὲς
655 1260 702 1297 μέν
729 1258 782 1289 οὐδ’
815 1259 902 1299 ἕτερον
921 1271 927 1277 ·

101 1301 207 1341 ἀκριϐὲς
233 1302 260 1330 δὲ
287 1304 422 1343 ἑκάτερον,
452 1303 553 1341 μᾶλλον
581 1303 673 1333 δὲκαὶ
695 1305 830 1344 ἀμφότερα
859 1305 928 1334 πολὺ

100 1345 160 1374 καθ’
181 1348 317 1387 ὑπεροχήν
330 1346 369 1377 ‘9.
393 1348 520 1388 Παρθένος
554 1349 613 1386 μὲν,
638 1348 697 1377 ἀλλ’
724 1350 770 1377 οὐκ
796 1348 924 1389 ἄκαρπος³

100 1390 159 1421 οὐδὲ
182 1399 243 1424 ταῖς
258 1390 286 1412 ⁴δ
311 1393 425 1431 μητράσι
454 1392 571 1426 δοθείσης
587 1392 614 1414 ⁸6
642 1393 762 1432 εὸλογίας
792 1392 898 1429 ἓπιδεής
917 1402 924 1409 ’

99 1447 130 1465 το
153 1435 188 1464 δι’
210 1437 248 1464 ἑτι
277 1437 438 1477 καινότερον,
468 1437 508 1465 ὅτι
538 1438 586 1466 οὒκ
614 1437 694 1467 ἄλλον
707 1437 734 1459 δ⁷
755 1439 835 1475 ἡμῖν,
865 1437 924 1466 ἀλλ’

101 1481 179 1510 αὒτὸν
194 1484 285 1509 τοῦτον
313 1482 407 1519 τίκτει,
437 1482 483 1509 τὸν
510 1489 571 1514 τατς
599 1484 748 1514 τικτούααις
771 1483 800 1511 τὸ
829 1483 925 1511 τίκτειν

100 1524 143 1553 ἐπ’
171 1525 299 1565 εὐλογίαις
322 1525 497 1566 δωρούμενον.
527 1527 633 1566 Πρῶτος
660 1527 709 1566 γὰρ
738 1528 828 1567 αΰτὸς,
859 1527 926 1564 μετὰ

969 992 1056 1031 jusce
1071 988 1165 1020 nostri
1188 988 1383 1028 generist8),
1412 988 1579 1019 communis
1607 988 1662 1019 ista
1687 991 1800 1019 naturae

973 1034 1120 1075 gloriatio,
1138 1032 1288 1072 singulare
1303 1032 1360 1062 hoc
1374 1032 1404 1062 in
1426 1032 1599 1063 hominibus
1616 1036 1799 1073 portentum,

974 1079 1119 1116 omnium,
1132 1086 1197 1118 quae
1210 1077 1240 1107 in
1253 1076 1363 1107 mundo
1378 1081 1456 1115 sunt,
1470 1077 1719 1117 pulcherrimum,
1731 1085 1798 1116 qua;

974 1128 1043 1154 tunc
1071 1123 1193 1162 quidem
1208 1121 1287 1160 virgo
1304 1125 1366 1151 erat
1383 1130 1456 1160 pura
1481 1126 1509 1152 et
1534 1121 1659 1157 illibata,
1688 1119 1797 1151 deinde

972 1177 1041 1198 vero
1068 1171 1097 1198 et
1112 1166 1219 1197 mulier
1234 1165 1325 1196 multo
1340 1165 1451 1205 purior,
1479 1165 1589 1206 quippe
1603 1175 1668 1206 quae
1684 1164 1794 1205 purita-

972 1219 1031 1245 tem
1049 1221 1131 1243 suam
1149 1220 1201 1252 per
1215 1210 1312 1251 ipsum
1329 1214 1443 1250 partum
1462 1210 1589 1250 puritate
1603 1210 1793 1249 incompara-

971 1257 1072 1288 biliter
1086 1255 1271 1296 splendidori
1287 1253 1448 1284 exornavit.
1466 1254 1569 1294 Neque
1585 1255 1665 1285 enim
1682 1262 1794 1285 secun—

971 1303 1040 1334 dum
1055 1300 1257 1332 communium
1274 1303 1399 1329 matrum
1408 1298 1552 1330 rationem
1566 1303 1661 1330 mater
1671 1298 1793 1335 ill-afuit,

968 1356 1034 1388 qua
1048 1345 1181 1376 omnium
1207 1343 1300 1374 Patris
1325 1342 1416 1388 Mater
1445 1343 1583 1388 exstitit;
1615 1352 1713 1388 neque
1728 1342 1795 1373 aliis

967 1386 1131 1431 virginibus
1146 1388 1253 1419 similis
1283 1387 1333 1418 illa
1361 1386 1451 1427 Virgo
1480 1387 1547 1424 fuit,
1576 1397 1642 1428 que
1655 1387 1793 1418 virtutem

968 1433 1226 1467 sanctiﬁcatricem
1241 1432 1364 1472 genuit;
1396 1432 1448 1462 sed
1480 1436 1508 1463 et
1532 1433 1638 1463 horum
1656 1435 1796 1462 neutrum

968 1481 1032 1511 sine
1039 1477 1160 1509 alterius
1168 1475 1403 1516 participatione,
1416 1477 1475 1506 imo
1483 1476 1691 1516 perfecteutru
1697 1483 1796 1515 mque,

969 1524 1040 1565 quin
1057 1523 1143 1554 etiam
1162 1525 1322 1561 utrumque
1342 1520 1580 1552 eminentissima
1596 1521 1711 1552 ratione
1727 1519 1795 1565 fuit.

101 1572 150 1602 τῆς
165 1573 211 1597 τοῦ
231 1570 334 1609 χαίρειν
363 1571 535 1610 προσρήσεως
564 1571 612 1604 τὴν
641 1571 716 1609 ἁγίαν
745 1563 843 1610 μίτραν
870 1572 956 1607 εἰσ-ς,

1018 1577 1089 1600 sane
1102 1567 1193 1606 Virgo
1210 1565 1275 1602 fuit,
1293 1565 1343 1595 sed
1363 1574 1420 1595 non
1438 1565 1609 1600 infecunda.
1627 1573 1724 1606 neque
1740 1563 1795 1594 be-

100 1613 155 1650 δὺς,
172 1615 215 1642 καὶ
230 1613 309 1644 λύσας
325 1615 436 1651 ἑτοίμως
451 1618 485 1652 τῇ
514 1616 580 1654 πρὸς
608 1616 657 1649 τὴν
673 1614 699 1636 ‘3
721 1615 824 1654 μητέρα
853 1619 924 1656 χαρᾷ

100 1658 149 1690 τὴν
165 1659 201 1689 εἷς
223 1659 283 1691 τοὺς
311 1659 455 1698 προγόνους
479 1659 555 1698 ἀραν,
582 1669 593 1687 α
625 1659 808 1698 εὖλογημένην
821 1658 849 1681 ⁴9
865 1672 878 1687 ι»
897 1671 925 1687 τε

101 1703 251 1741 προσειπὼν
267 1706 301 1740 τῇ
315 1707 361 1731 τοῦ
382 1703 495 1742 ἀγγέλου
510 1707 596 1743 φωνῇ,
627 1704 672 1731 καὶ
699 1713 714 1731 α
739 1705 925 1743 κεχαριτωμέ-

101 1758 148 1780 νην
166 1759 179 1774 ι
196 1746 308 1780 καλέσας
322 1748 371 1781 τὴν
395 1749 439 1776 καὶ
468 1749 689 1788 προϋπάρχουσαν
705 1747 731 1768 ⁵ο
764 1753 856 1785 ταῦτα,
884 1750 927 1777 καὶ

102 1792 267 1831 παραχρῆμα
305 1790 384 1820 πλέον
421 1792 594 1831 ὕπάρξονσαν,
637 1791 683 1820 ἀπ’
720 1793 799 1825 αὗτῆς
835 1793 926 1821 αὒτίκα

102 1836 145 1863 καὶ
166 1834 200 1863 δι’
230 1837 312 1869 αὒτῆς
340 1835 478 1876 ὁλοκλήρῳ
491 1836 515 1857 ⁵¹
545 1848 583 1874 τῳ
618 1837 698 1875 γένει²
727 1838 778 1870 τὴν
805 1836 926 1875 εὖλογίαν

103 1878 219 1910 διέδωκε.
250 1881 344 1920 Μήτηρ
380 1881 440 1918 μὲν,
467 1880 526 1909 ἀλλ’
567 1882 703 1919 ακήματος
731 1881 776 1908 καὶ
804 1884 925 1920 γαμικῶν

104 1926 190 1961 νόμων
219 1925 355 1964 κρείττων,
388 1926 431 1953 καὶ
471 1927 522 1954 τῶν
566 1926 715 1965 ἀναγκαίων
744 1932 804 1956 ταῖς
833 1924 926 1957 ἄλλαις

103 1969 139 2000 εὶς
168 1969 305 2009 κυοιρορίιν
337 1969 469 2000 ἐπέκεινα,
503 1971 551 1999 Καὶ
578 1972 726 2007 θαυμαστοϊ
753 1969 801 2003 τὴν
832 1975 924 1999 τεκοῦ-

104 2024 149 2041 σαν
164 2015 177 2041 6
192 2014 328 2052 γαννηθεὶς
344 2017 378 2052 τῇ
392 2017 471 2052 καινῇ
488 2015 555 2052 μίξει
571 2015 653 2053 ταύτῃ
668 2017 721 2042 τῶν
737 2014 871 2053 ἐναντίων,
884 2015 927 2042 καὶ

104 2065 229 2098 μαρτυρεῖ
249 2062 288 2095 τῷ
308 2058 429 2098 τεχθέντι
457 2060 487 2087 τὸ
510 2061 568 2099 περὶ
595 2060 643 2091 τὰς
658 2059 746 2097 φύσεις
763 2057 869 2086 διπλοῦν
892 2057 927 2086 δι’

103 2103 196 2135 ἑαυτῆς
211 2103 228 2136 ἡ
244 2103 403 2142 γεννήσασα.

966 1612 1148 1647 nedictionis
1160 1611 1240 1642 illius
1252 1619 1369 1650 expers,
1382 1619 1449 1650 qua}
1463 1611 1606 1641 matribus
1616 1608 1798 1650 impertitur;

967 1664 995 1690 et
1012 1657 1089 1699 quod
1106 1657 1151 1687 vel
1168 1655 1260 1695 magis
1275 1659 1319 1686 est
1334 1654 1514 1693 inauditum,
1528 1665 1586 1686 non
1603 1655 1694 1686 alium
1712 1652 1800 1699 nobis

968 1698 1055 1744 parit,
1069 1702 1120 1733 sed
1133 1702 1217 1732 illutn
1235 1699 1389 1736 eumdem,
1403 1700 1453 1739 qui
1467 1699 1652 1739 parientibus
1664 1698 1796 1744 largitur,

969 1743 999 1777 ut
1016 1756 1082 1778 cum
1101 1745 1312 1776 benedictione
1339 1744 1464 1784 pariant.
1494 1744 1610 1775 Primus
1626 1745 1704 1774 enim
1721 1743 1797 1781 ipse,

969 1801 1035 1822 cum
1054 1794 1118 1831 post
1133 1789 1341 1821 salutationem
1359 1788 1458 1827 gaudii
1482 1794 1617 1819 sanctum
1633 1789 1730 1818 sinum
1747 1786 1796 1816 in-

967 1845 1086 1875 gressus
1102 1839 1191 1870 esset,
1206 1842 1319 1873 perque
1332 1832 1475 1870 gaudium
1488 1833 1574 1864 Matri
1584 1832 1797 1863 denuntiatum

968 1880 1100 1919 protinus
1117 1877 1355 1909 maletlictionem
1374 1878 1638 1917 protoparentibus
1654 1878 1795 1910 inﬂictam

967 1924 1162 1960 dissolvisset,
1177 1932 1211 1953 ac
1226 1931 1280 1962 per
1305 1921 1405 1961 angeli
1437 1931 1539 1953 vocem
1554 1923 1701 1954 allocutus
1717 1927 1799 1954 esset

969 1967 1167 2003 benedictum,
1179 1967 1271 2003 illam,
1282 1975 1408 2005 eamque
1417 1967 1520 2007 gratia
1528 1967 1659 2008 plenam,
1670 1968 1798 2007 compel-

969 2012 1067 2048 lasset,
1084 2021 1151 2052 quin
1166 2016 1193 2042 et
1210 2012 1291 2051 prius
1301 2011 1362 2050 jam
1381 2015 1442 2041 erat
1458 2011 1604 2051 ejusmodi
1620 2012 1667 2052 (9)
1683 2016 1711 2042 et
1730 2021 1796 2043 mox

969 2056 1095 2096 pleniori
1111 2056 1196 2096 copia
1228 2056 1257 2086 id
1288 2055 1383 2095 ipsum
1411 2055 1508 2086 futura
1522 2060 1596 2093 erat,
1614 2056 1713 2087 statim
1733 2061 1798 2096 post

966 2101 1060 2140 ipsam
1075 2105 1104 2131 et
1119 2110 1172 2141 per
1188 2101 1279 2141 ipsam
1290 2100 1425 2130 universo
1437 2101 1540 2139 generi
1552 2100 1793 2132 benedictionem

102 2146 210 2177 ell‘udit.
227 2146 317 2177 Porro
334 2151 364 2177 et
388 2151 482 2178 mater
498 2147 564 2185 fuit,
591 2147 642 2178 sed
669 2147 789 2183 intacta,
807 2149 836 2176 et
863 2145 1031 2178 nu'latenus
1054 2146 1235 2186 nuptialibus
1260 2145 1373 2184 legibus
1399 2145 1536 2176 obnoxia.
1555 2145 1633 2176 etab
1653 2146 1796 2177 aerumnis

102 2190 204 2226 libera,
219 2191 327 2231 quibus
342 2191 457 2222 ratione
473 2196 572 2232 partus
588 2191 711 2232 reliquae
726 2191 935 2231 subjiciuntur.
953 2190 1086 2232 Cumque
1104 2200 1175 2221 nova
1194 2191 1248 2221 hac
1266 2190 1389 2220 invicem
1405 2190 1461 2220 sibi
1478 2190 1698 2221 abversantium
1717 2200 1794 2222 con—

102 2235 252 2273 junctione
267 2235 432 2266 mirabilem
450 2241 566 2276 praestat
581 2236 697 2276 genitus
713 2236 894 2276 gignentem,
913 2240 973 2267 tum
990 2236 1113 2275 gignens
1138 2236 1237 2276 genito
1263 2234 1466 2265 testimonium
1492 2235 1530 2265 de
1554 2235 1667 2275 duplici
1695 2240 1798 2266 natura

106 2288 156 2310 ner
168 2288 201 2310 se
216 2280 324 2310 reddit.

106 2288 156 2319 [181'
168 2288 201 2311 58
216 2288 324 2310 renuit.

140 2331 265 2366 JMatth.
282 2341 337 2370 xu,
354 2332 403 2364 29.
447 2334 460 2354 ¹ί
475 2334 585 2374 Ephes.
604 2341 636 2374 tt,
661 2334 707 2371 lt,
725 2333 774 2364 15.

817 2387 911 2418 Variae
933 2388 1092 2420 lectiones.

805 2441 880 2480 φύσιν
886 2464 893 2471 .
955 2442 965 2466 ξ

1011 2443 1090 2473 uitur.
1108 2443 1225 2476 ποιήσει.
1283 2441 1313 2466 40
1330 2441 1415 2471 Laur.
1436 2439 1530 2470 Otltlll.
1548 2440 1591 2480 xxi
1607 2440 1714 2472 τοιαύτη
1732 2451 1796 2479 γεν-

106 2482 186 2516 νήσει.
234 2478 260 2500 ⁴¹
283 2479 349 2511 Vat.
365 2480 460 2510 omitt.
477 2481 562 2512 τοῦδε,
620 2481 651 2506 45
667 2483 752 2511 Laur.
773 2478 882 2510 ἐνέαῦοα
896 2487 942 2511 τοῦ
956 2495 965 2510 :n

1011 2483 1013 2491 ’
1029 2483 1101 2520 ἡμᾶς
1116 2481 1190 2510 τοῦδε
1201 2482 1290 2520 γένους
1306 2481 1374 2520 μέγα
1388 2492 1414 2511 κ,
1432 2491 1446 2507 τ
1472 2480 1499 2508 λ.
1556 2479 1587 2504 45
1603 2480 1691 2510 Laur.
1710 2478 1795 2508 τοινι-

104 2531 192 2549 καυῖα.
235 2519 266 2545 44
282 2521 365 2550 Laur.
381 2522 579 2559 κιθοπεροχήν.
631 2521 663 2547 4⁵
678 2520 745 2552 Vat.
762 2524 822 2554 τῆς.
879 2521 911 2547 4ο
926 2521 964 2553 La

1029 2521 1155 2558 δοθήης.
1200 2521 1229 2545 47
1245 2521 1330 2552 Laur.
1349 2519 1423 2549 ἕλοι.
1468 2521 1499 2545 ’⁵⁸
1516 2521 1603 2551 Laur.
1623 2523 1658 2558 τῇ
1679 2519 1794 2559 μητέρᾳ.

105 2533 192 2549 110:1.
235 2533 266 2545 π
282 2533 365 2550 Laur.
381 2533 517 2559 κιῠνπερο·
535 2533 579 2556 ην.
631 2533 663 2547 ’Ν
684 2533 745 2552 Vill.
762 2533 822 2554 της.
879 2533 911 2547 ὐ
926 2533 964 2553 ha

105 2560 133 2586 ‘9
146 2561 234 2592 Laur.
252 2559 428 2599 εὐλογημένη.
471 2561 503 2586 50
514 2533 602 2592 iam.
619 2563 669 2602 πρὸ
684 2563 727 2590 καὶ
742 2561 924 2601 ὑπάρχοῦσαν.

1029 2533 1155 2558 "nomen.
1200 2533 1226 2545 ιιι
1246 2533 1330 2552 haur.
1350 2533 1421 2549 αλιοι.

1011 2562 1097 2593 Laur.
1116 2562 1257 2602 ὸλοχλήρφ
1272 2565 1309 2599 τῷ
1325 2563 1421 2600 γαίνει.

908 2613 1002 2645 Nola}.

141 2440 170 2465 57
184 2439 275 2476 Laur,
289 2439 322 2468 δι’
338 2441 426 2470 αὑτοῦ.
489 2440 520 2465 58
542 2440 628 2471 Laur.
645 2440 736 2471 abest.
752 2442 788 2473 εἷς

144 2668 184 2709 (8)
202 2670 266 2700 Duo
282 2666 325 2698 sic
340 2666 496 2709 habemus,
513 2677 579 2709 quae
592 2668 629 2699 ad
646 2667 926 2709 primamADeiparae

107 2707 244 2750 originem
261 2711 366 2750 sponte
380 2716 433 2739 sua
448 2707 616 2740 referuntur
628 2720 636 2750 ;
646 2707 724 2750 tunc
739 2707 819 2750 enim
839 2707 926 2739 nobis

107 2747 159 2781 hoc
173 2747 285 2780 donum
300 2747 438 2789 collatum
469 2752 524 2789 est,
555 2757 590 2789 ac
619 2747 682 2789 pari
698 2749 786 2780 modo
803 2752 926 2779 eatenus

108 2790 196 2820 solum
212 2787 331 2828 generis
347 2788 440 2818 nostri
457 2787 569 2820 laudari
585 2787 926 2828 potestfructus,quale-

109 2839 157 2860 nus
182 2827 276 2869 prima
292 2827 371 2869 illius
383 2828 464 2867 origo
480 2827 639 2869 spectatur.
672 2830 763 2869 Atqui
791 2827 923 2869 exituno,

109 2869 144 2900 uti
157 2867 417 2910 patet,iexhibet_ur
432 2877 489 2910 non
497 2867 590 2900 ‘modo
601 2874 633 2900 ut
653 2867 805 2910 quidpiam
822 2868 924 2899 excel-

108 2907 229 2951 lens'Lac
243 2909 354 2940 donum
371 2907 433 2951 Deo
461 2909 596 2948 dignum,
627 2907 678 2941 sed
709 2907 740 2941 ut
755 2912 923 2951 portentum

109 2949 261 2991 quoddam,
287 2952 317 2979 et
342 2948 488 2986 omnium,
505 2953 649 2991 quotquot
662 2955 741 2989 sunt,
755 2948 829 2992 quid
854 2949 922 2990 pul-

966 2667 1162 2698 cherrimum.

1010 2709 1052 2748 (9)
1069 2709 1143 2746 Ergo
1159 2708 1246 2738 varia
1262 2706 1319 2738 illa
1334 2716 1369 2737 ac
1379 2706 1617 2748 prazclarissjmq
1629 2706 1798 2748 charisma-

967 2746 1033 2779 tum
1048 2749 1220 2787 plenitudo,
1239 2751 1324 2786 prout
1339 2751 1442 2778 auctor
1456 2746 1594 2785 superius
1602 2746 1794 2787 loquebatur,

968 2785 1058 2819 Maria
1074 2788 1185 2819 exstitit
1200 2785 1289 2818 etiam
1305 2792 1463 2827 antequam
1480 2787 1506 2816 ei
1525 2785 1660 2827 nuntium
1675 2786 1712 2817 do
1726 2785 1796 2816 Ver-

968 2828 1005 2858 bo
1036 2829 1087 2859 Dei
1116 2827 1313 2867 concipiendo
1338 2826 1509 2865 ab’angelu
1537 2826 1734 2867 deferretur;
1761 2834 1796 2856 ac

967 2869 1092 2908 proinde
1109 2879 1143 2899 eo
1169 2865 1288 2898 nomine
1315 2867 1423 2908 donata
1447 2870 1490 2896 est
1518 2865 1606 2908 etiam
1624 2870 1746 2908 propter
1762 2874 1797 2895 ea
1824 2871 1827 2874 ‘

966 2905 1155 2950 charismata,
1179 2917 1232 2949 per
1256 2917 1321 2949 quae
1345 2907 1382 2938 ad
1408 2907 1501 2938 Deum
1528 2905 1710 2946 gignendum
1728 2909 1796 2945 apta

966 2953 1112 2982 evaserat.
