  <div class='ocr_page' id='page_1' title='image "/cluster/home/n/w/nwhite01/storage/ocr_20150623/120/njp.32101010943973/675.png"; bbox 0 0 1975 3071; ppageno 0'>
   <div class='ocr_carea' id='block_1_1' title="bbox 165 180 240 215">
    <p class='ocr_par' dir='ltr' id='par_1_1' title="bbox 165 180 240 215">
     <span class='ocr_line' id='line_1_1' title="bbox 165 180 240 215; baseline 0.027 -2"><span class='ocrx_word' id='word_1_1' title='bbox 165 180 240 215; x_wconf 82' lang='grc'><strong>1087</strong></span> 
     </span>
    </p>
   </div>
   <div class='ocr_carea' id='block_1_2' title="bbox 164 292 984 335">
    <p class='ocr_par' dir='ltr' id='par_1_2' title="bbox 164 292 984 335">
     <span class='ocr_line' id='line_1_2' title="bbox 164 292 984 335; baseline 0.006 -14"><span class='ocrx_word' id='word_1_2' title='bbox 164 296 193 322; x_wconf 89' lang='lat' dir='ltr'><strong>et</strong></span> <span class='ocrx_word' id='word_1_3' title='bbox 207 292 277 322; x_wconf 91' lang='lat' dir='ltr'><strong>dum</strong></span> <span class='ocrx_word' id='word_1_4' title='bbox 296 292 368 323; x_wconf 91' lang='lat' dir='ltr'><strong>illud</strong></span> <span class='ocrx_word' id='word_1_5' title='bbox 385 294 520 332; x_wconf 85' lang='lat' dir='ltr'><strong>assumit,</strong></span> <span class='ocrx_word' id='word_1_6' title='bbox 538 295 616 335; x_wconf 89' lang='lat' dir='ltr'><strong>quod</strong></span> <span class='ocrx_word' id='word_1_7' title='bbox 646 305 707 326; x_wconf 90' lang='lat' dir='ltr'><strong>non</strong></span> <span class='ocrx_word' id='word_1_8' title='bbox 736 301 809 333; x_wconf 91' lang='lat' dir='ltr'><strong>erat,</strong></span> <span class='ocrx_word' id='word_1_9' title='bbox 834 296 921 327; x_wconf 90' lang='lat' dir='ltr'><strong>etiam</strong></span> <span class='ocrx_word' id='word_1_10' title='bbox 941 295 984 333; x_wconf 88' lang='lat' dir='ltr'><strong>id,</strong></span> 
     </span>
    </p>
   </div>
   <div class='ocr_carea' id='block_1_3' title="bbox 163 336 986 378">
    <p class='ocr_par' dir='ltr' id='par_1_3' title="bbox 163 336 986 378">
     <span class='ocr_line' id='line_1_3' title="bbox 163 336 986 378; baseline 0.007 -12"><span class='ocrx_word' id='word_1_11' title='bbox 163 336 241 376; x_wconf 92' lang='lat' dir='ltr'><strong>quod</strong></span> <span class='ocrx_word' id='word_1_12' title='bbox 259 340 332 374; x_wconf 87' lang='lat' dir='ltr'><strong>erat,</strong></span> <span class='ocrx_word' id='word_1_13' title='bbox 350 337 510 370; x_wconf 82' lang='lat' dir='ltr'><strong>conservat</strong></span> <span class='ocrx_word' id='word_1_14' title='bbox 528 350 535 378; x_wconf 85' lang='lat'><strong>;</strong></span> <span class='ocrx_word' id='word_1_15' title='bbox 552 343 582 370; x_wconf 91' lang='lat' dir='ltr'><strong>et</strong></span> <span class='ocrx_word' id='word_1_16' title='bbox 596 349 697 371; x_wconf 88' lang='lat' dir='ltr'><strong>rursus</strong></span> <span class='ocrx_word' id='word_1_17' title='bbox 713 345 812 371; x_wconf 85' lang='lat' dir='ltr'><strong>manet</strong></span> <span class='ocrx_word' id='word_1_18' title='bbox 826 341 920 372; x_wconf 85' lang='lat' dir='ltr'><strong>nihilo</strong></span> <span class='ocrx_word' id='word_1_19' title='bbox 935 350 986 372; x_wconf 91' lang='lat' dir='ltr'><strong>se—</strong></span> 
     </span>
    </p>
   </div>
   <div class='ocr_carea' id='block_1_4' title="bbox 164 381 988 425">
    <p class='ocr_par' dir='ltr' id='par_1_4' title="bbox 164 381 988 425">
     <span class='ocr_line' id='line_1_4' title="bbox 164 381 988 425; baseline 0.008 -15"><span class='ocrx_word' id='word_1_20' title='bbox 164 381 227 411; x_wconf 93' lang='lat' dir='ltr'><strong>cius</strong></span> <span class='ocrx_word' id='word_1_21' title='bbox 239 382 319 412; x_wconf 85' lang='lat' dir='ltr'><strong>Deus</strong></span> <span class='ocrx_word' id='word_1_22' title='bbox 340 386 408 413; x_wconf 90' lang='lat' dir='ltr'><strong>ante</strong></span> <span class='ocrx_word' id='word_1_23' title='bbox 430 383 538 414; x_wconf 66' lang='lat' dir='ltr'><strong>saecula</strong></span> <span class='ocrx_word' id='word_1_24' title='bbox 560 385 715 421; x_wconf 83' lang='lat' dir='ltr'><strong>exsistens,</strong></span> <span class='ocrx_word' id='word_1_25' title='bbox 732 385 782 425; x_wconf 89' lang='lat' dir='ltr'><strong>qui</strong></span> <span class='ocrx_word' id='word_1_26' title='bbox 797 389 825 416; x_wconf 93' lang='lat' dir='ltr'><strong>et</strong></span> <span class='ocrx_word' id='word_1_27' title='bbox 839 386 928 417; x_wconf 92' lang='lat' dir='ltr'><strong>homo</strong></span> <span class='ocrx_word' id='word_1_28' title='bbox 945 390 988 417; x_wconf 87' lang='lat' dir='ltr'><strong>est</strong></span> 
     </span>
    </p>
   </div>
   <div class='ocr_carea' id='block_1_5' title="bbox 163 427 989 471">
    <p class='ocr_par' dir='ltr' id='par_1_5' title="bbox 163 427 989 471">
     <span class='ocr_line' id='line_1_5' title="bbox 163 427 989 471; baseline 0.006 -15"><span class='ocrx_word' id='word_1_29' title='bbox 163 434 268 457; x_wconf 86' lang='lat' dir='ltr'><strong>recens</strong></span> <span class='ocrx_word' id='word_1_30' title='bbox 284 427 431 464; x_wconf 91' lang='lat' dir='ltr'><strong>conditus,</strong></span> <span class='ocrx_word' id='word_1_31' title='bbox 451 432 529 459; x_wconf 91' lang='lat' dir='ltr'><strong>totus</strong></span> <span class='ocrx_word' id='word_1_32' title='bbox 544 429 600 460; x_wconf 89' lang='lat' dir='ltr'><strong>hoc</strong></span> <span class='ocrx_word' id='word_1_33' title='bbox 617 434 645 460; x_wconf 93' lang='lat' dir='ltr'><strong>et</strong></span> <span class='ocrx_word' id='word_1_34' title='bbox 660 429 743 467; x_wconf 90' lang='lat' dir='ltr'><strong>illud,</strong></span> <span class='ocrx_word' id='word_1_35' title='bbox 760 430 791 460; x_wconf 92' lang='lat' dir='ltr'><strong>in</strong></span> <span class='ocrx_word' id='word_1_36' title='bbox 805 434 930 471; x_wconf 83' lang='lat' dir='ltr'><strong>utroque</strong></span> <span class='ocrx_word' id='word_1_37' title='bbox 945 435 989 461; x_wconf 87' lang='lat' dir='ltr'><strong>at-</strong></span> 
     </span>
    </p>
   </div>
   <div class='ocr_carea' id='block_1_6' title="bbox 163 474 988 513">
    <p class='ocr_par' dir='ltr' id='par_1_6' title="bbox 163 474 988 513">
     <span class='ocr_line' id='line_1_6' title="bbox 163 474 988 513; baseline 0.006 -13"><span class='ocrx_word' id='word_1_38' title='bbox 163 479 220 510; x_wconf 91' lang='lat' dir='ltr'><strong>que</strong></span> <span class='ocrx_word' id='word_1_39' title='bbox 237 480 417 512; x_wconf 89' lang='lat' dir='ltr'><strong>unoquoque</strong></span> <span class='ocrx_word' id='word_1_40' title='bbox 433 481 535 504; x_wconf 89' lang='lat' dir='ltr'><strong>eorum</strong></span> <span class='ocrx_word' id='word_1_41' title='bbox 551 477 653 504; x_wconf 84' lang='lat' dir='ltr'><strong>natura</strong></span> <span class='ocrx_word' id='word_1_42' title='bbox 669 474 817 513; x_wconf 61' lang='lat' dir='ltr'><strong>perfectus</strong></span> <span class='ocrx_word' id='word_1_43' title='bbox 832 486 840 512; x_wconf 82' lang='lat'><strong>-,</strong></span> <span class='ocrx_word' id='word_1_44' title='bbox 855 476 884 505; x_wconf 91' lang='lat' dir='ltr'><strong>in</strong></span> <span class='ocrx_word' id='word_1_45' title='bbox 899 485 988 505; x_wconf 85' lang='lat' dir='ltr'><strong>unam</strong></span> 
     </span>
    </p>
   </div>
   <div class='ocr_carea' id='block_1_7' title="bbox 163 515 988 556">
    <p class='ocr_par' dir='ltr' id='par_1_7' title="bbox 163 515 988 556">
     <span class='ocr_line' id='line_1_7' title="bbox 163 515 988 556; baseline 0.006 -11"><span class='ocrx_word' id='word_1_46' title='bbox 163 515 283 554; x_wconf 86' lang='lat' dir='ltr'><strong>quidem</strong></span> <span class='ocrx_word' id='word_1_47' title='bbox 297 516 477 556; x_wconf 79' lang='lat' dir='ltr'><strong>hypostasim</strong></span> <span class='ocrx_word' id='word_1_48' title='bbox 491 518 555 548; x_wconf 90' lang='lat' dir='ltr'><strong>sine</strong></span> <span class='ocrx_word' id='word_1_49' title='bbox 567 518 740 549; x_wconf 82' lang='lat' dir='ltr'><strong>confusione</strong></span> <span class='ocrx_word' id='word_1_50' title='bbox 751 519 850 549; x_wconf 89' lang='lat' dir='ltr'><strong>unitus</strong></span> <span class='ocrx_word' id='word_1_51' title='bbox 863 519 988 556; x_wconf 90' lang='lat' dir='ltr'><strong>;distin-</strong></span> 
     </span>
    </p>
   </div>
   <div class='ocr_carea' id='block_1_8' title="bbox 165 561 988 604">
    <p class='ocr_par' dir='ltr' id='par_1_8' title="bbox 165 561 988 604">
     <span class='ocr_line' id='line_1_8' title="bbox 165 561 988 604; baseline 0.007 -16"><span class='ocrx_word' id='word_1_52' title='bbox 165 563 227 589; x_wconf 83' lang='lat' dir='ltr'><strong>etas</strong></span> <span class='ocrx_word' id='word_1_53' title='bbox 244 563 341 590; x_wconf 88' lang='lat' dir='ltr'><strong>tamen</strong></span> <span class='ocrx_word' id='word_1_54' title='bbox 356 561 522 592; x_wconf 69' lang='lat' dir='ltr'><strong>voluntates</strong></span> <span class='ocrx_word' id='word_1_55' title='bbox 545 561 668 603; x_wconf 87' lang='lat' dir='ltr'><strong>habens,</strong></span> <span class='ocrx_word' id='word_1_56' title='bbox 685 568 713 594; x_wconf 91' lang='lat' dir='ltr'><strong>et</strong></span> <span class='ocrx_word' id='word_1_57' title='bbox 730 568 900 594; x_wconf 87' lang='lat' dir='ltr'><strong>naturarum</strong></span> <span class='ocrx_word' id='word_1_58' title='bbox 917 573 988 604; x_wconf 91' lang='lat' dir='ltr'><strong>pro-</strong></span> 
     </span>
    </p>
   </div>
   <div class='ocr_carea' id='block_1_9' title="bbox 165 604 987 647">
    <p class='ocr_par' dir='ltr' id='par_1_9' title="bbox 165 604 987 647">
     <span class='ocr_line' id='line_1_9' title="bbox 165 604 987 647; baseline 0.007 -14"><span class='ocrx_word' id='word_1_59' title='bbox 165 604 316 643; x_wconf 87' lang='lat' dir='ltr'><strong>prietates.</strong></span> <span class='ocrx_word' id='word_1_60' title='bbox 334 604 392 635; x_wconf 85' lang='lat' dir='ltr'><strong>Par</strong></span> <span class='ocrx_word' id='word_1_61' title='bbox 406 610 468 636; x_wconf 89' lang='lat' dir='ltr'><strong>erat</strong></span> <span class='ocrx_word' id='word_1_62' title='bbox 485 606 576 647; x_wconf 83' lang='lat' dir='ltr'><strong>enim,</strong></span> <span class='ocrx_word' id='word_1_63' title='bbox 594 611 626 638; x_wconf 90' lang='lat' dir='ltr'><strong>ut</strong></span> <span class='ocrx_word' id='word_1_64' title='bbox 641 607 690 647; x_wconf 92' lang='lat' dir='ltr'><strong>qui</strong></span> <span class='ocrx_word' id='word_1_65' title='bbox 706 607 784 638; x_wconf 88' lang='lat' dir='ltr'><strong>Deus</strong></span> <span class='ocrx_word' id='word_1_66' title='bbox 799 612 844 639; x_wconf 89' lang='lat' dir='ltr'><strong>est</strong></span> <span class='ocrx_word' id='word_1_67' title='bbox 864 608 987 639; x_wconf 89' lang='lat' dir='ltr'><strong>mirabi-</strong></span> 
     </span>
    </p>
   </div>
   <div class='ocr_carea' id='block_1_10' title="bbox 162 647 987 692">
    <p class='ocr_par' dir='ltr' id='par_1_10' title="bbox 162 647 987 692">
     <span class='ocr_line' id='line_1_10' title="bbox 162 647 987 692; baseline 0.006 -14"><span class='ocrx_word' id='word_1_68' title='bbox 162 647 235 678; x_wconf 91' lang='lat' dir='ltr'><strong>lium</strong></span> <span class='ocrx_word' id='word_1_69' title='bbox 253 649 341 679; x_wconf 88' lang='lat' dir='ltr'><strong>etiam</strong></span> <span class='ocrx_word' id='word_1_70' title='bbox 357 658 422 689; x_wconf 79' lang='lat' dir='ltr'><strong>quae</strong></span> <span class='ocrx_word' id='word_1_71' title='bbox 447 659 498 680; x_wconf 85' lang='lat' dir='ltr'><strong>sua</strong></span> <span class='ocrx_word' id='word_1_72' title='bbox 527 650 620 690; x_wconf 83' lang='lat' dir='ltr'><strong>ipsius</strong></span> <span class='ocrx_word' id='word_1_73' title='bbox 649 655 729 689; x_wconf 75' lang='lat' dir='ltr'><strong>sunt,</strong></span> <span class='ocrx_word' id='word_1_74' title='bbox 757 652 837 682; x_wconf 92' lang='lat' dir='ltr'><strong>omni</strong></span> <span class='ocrx_word' id='word_1_75' title='bbox 854 661 887 682; x_wconf 83' lang='lat' dir='ltr'><strong>ex</strong></span> <span class='ocrx_word' id='word_1_76' title='bbox 904 657 987 692; x_wconf 89' lang='lat' dir='ltr'><strong>parte</strong></span> 
     </span>
    </p>
   </div>
   <div class='ocr_carea' id='block_1_11' title="bbox 164 691 986 731">
    <p class='ocr_par' dir='ltr' id='par_1_11' title="bbox 164 691 986 731">
     <span class='ocr_line' id='line_1_11' title="bbox 164 691 986 731; baseline 0.006 -9"><span class='ocrx_word' id='word_1_77' title='bbox 164 691 311 724; x_wconf 83' lang='lat' dir='ltr'><strong>mirabilia</strong></span> <span class='ocrx_word' id='word_1_78' title='bbox 326 693 454 724; x_wconf 79' lang='lat' dir='ltr'><strong>faceretl</strong></span> <span class='ocrx_word' id='word_1_79' title='bbox 468 703 476 731; x_wconf 89' lang='lat'><strong><em>;</em></strong></span> <span class='ocrx_word' id='word_1_80' title='bbox 492 695 567 725; x_wconf 89' lang='lat' dir='ltr'><strong>adeo</strong></span> <span class='ocrx_word' id='word_1_81' title='bbox 582 699 615 725; x_wconf 92' lang='lat' dir='ltr'><strong>ut</strong></span> <span class='ocrx_word' id='word_1_82' title='bbox 629 704 688 725; x_wconf 90' lang='lat' dir='ltr'><strong>non</strong></span> <span class='ocrx_word' id='word_1_83' title='bbox 703 696 790 727; x_wconf 92' lang='lat' dir='ltr'><strong>modo</strong></span> <span class='ocrx_word' id='word_1_84' title='bbox 807 697 851 727; x_wconf 85' lang='lat' dir='ltr'><strong>vel</strong></span> <span class='ocrx_word' id='word_1_85' title='bbox 868 691 986 727; x_wconf 81' lang='lat' dir='ltr'><strong>incon-</strong></span> 
     </span>
    </p>
   </div>
   <div class='ocr_carea' id='block_1_12' title="bbox 166 736 985 779">
    <p class='ocr_par' dir='ltr' id='par_1_12' title="bbox 166 736 985 779">
     <span class='ocr_line' id='line_1_12' title="bbox 166 736 985 779; baseline 0.006 -13"><span class='ocrx_word' id='word_1_86' title='bbox 166 736 268 767; x_wconf 87' lang='lat' dir='ltr'><strong>cordia</strong></span> <span class='ocrx_word' id='word_1_87' title='bbox 283 738 510 769; x_wconf 75' lang='lat' dir='ltr'><strong>concinnitatem</strong></span> <span class='ocrx_word' id='word_1_88' title='bbox 541 739 745 779; x_wconf 75' lang='lat' dir='ltr'><strong>ostenderent,</strong></span> <span class='ocrx_word' id='word_1_89' title='bbox 766 740 810 770; x_wconf 83' lang='lat' dir='ltr'><strong>vel</strong></span> <span class='ocrx_word' id='word_1_90' title='bbox 828 741 985 771; x_wconf 90' lang='lat' dir='ltr'><strong>novitatem</strong></span> 
     </span>
    </p>
   </div>
   <div class='ocr_carea' id='block_1_13' title="bbox 162 781 985 823">
    <p class='ocr_par' dir='ltr' id='par_1_13' title="bbox 162 781 985 823">
     <span class='ocr_line' id='line_1_13' title="bbox 162 781 985 823; baseline 0.005 -12"><span class='ocrx_word' id='word_1_91' title='bbox 162 790 214 812; x_wconf 90' lang='lat' dir='ltr'><strong>sua</strong></span> <span class='ocrx_word' id='word_1_92' title='bbox 229 781 362 821; x_wconf 89' lang='lat' dir='ltr'><strong>ipsorum</strong></span> <span class='ocrx_word' id='word_1_93' title='bbox 378 783 549 814; x_wconf 89' lang='lat' dir='ltr'><strong>diversitate</strong></span> <span class='ocrx_word' id='word_1_94' title='bbox 575 784 761 823; x_wconf 69' lang='lat' dir='ltr'><strong>praeferrent,</strong></span> <span class='ocrx_word' id='word_1_95' title='bbox 780 794 880 815; x_wconf 87' lang='lat' dir='ltr'><strong>verum</strong></span> <span class='ocrx_word' id='word_1_96' title='bbox 897 785 985 816; x_wconf 90' lang='lat' dir='ltr'><strong>etiam</strong></span> 
     </span>
    </p>
   </div>
   <div class='ocr_carea' id='block_1_14' title="bbox 161 826 985 870">
    <p class='ocr_par' dir='ltr' id='par_1_14' title="bbox 161 826 985 870">
     <span class='ocr_line' id='line_1_14' title="bbox 161 826 985 870; baseline 0.006 -15"><span class='ocrx_word' id='word_1_97' title='bbox 161 830 191 856; x_wconf 92' lang='lat' dir='ltr'><strong>ut</strong></span> <span class='ocrx_word' id='word_1_98' title='bbox 202 826 276 857; x_wconf 83' lang='lat' dir='ltr'><strong>mira</strong></span> <span class='ocrx_word' id='word_1_99' title='bbox 289 827 415 867; x_wconf 89' lang='lat' dir='ltr'><strong>quadam</strong></span> <span class='ocrx_word' id='word_1_100' title='bbox 429 828 542 859; x_wconf 78' lang='lat' dir='ltr'><strong>ratione</strong></span> <span class='ocrx_word' id='word_1_101' title='bbox 553 829 610 859; x_wconf 84' lang='lat' dir='ltr'><strong>sibi</strong></span> <span class='ocrx_word' id='word_1_102' title='bbox 622 829 748 859; x_wconf 86' lang='lat' dir='ltr'><strong>invicem</strong></span> <span class='ocrx_word' id='word_1_103' title='bbox 760 830 892 870; x_wconf 87' lang='lat' dir='ltr'><strong>opposita</strong></span> <span class='ocrx_word' id='word_1_104' title='bbox 900 834 985 870; x_wconf 91' lang='lat' dir='ltr'><strong>atque</strong></span> 
     </span>
    </p>
   </div>
   <div class='ocr_carea' id='block_1_15' title="bbox 159 871 553 912">
    <p class='ocr_par' dir='ltr' id='par_1_15' title="bbox 159 871 553 912">
     <span class='ocr_line' id='line_1_15' title="bbox 159 871 553 912; baseline 0.008 -11"><span class='ocrx_word' id='word_1_105' title='bbox 159 871 348 902; x_wconf 77' lang='lat' dir='ltr'><strong>adversantia</strong></span> <span class='ocrx_word' id='word_1_106' title='bbox 363 877 553 912; x_wconf 86' lang='lat' dir='ltr'><strong>apparerent.</strong></span> 
     </span>
    </p>
   </div>
   <div class='ocr_carea' id='block_1_16' title="bbox 781 186 1242 219">
    <p class='ocr_par' dir='ltr' id='par_1_16' title="bbox 781 186 1242 219">
     <span class='ocr_line' id='line_1_16' title="bbox 781 186 1242 219; baseline -0.002 -1"><span class='ocrx_word' id='word_1_107' title='bbox 781 188 797 218; x_wconf 91' lang='lat' dir='ltr'><strong>J</strong></span> <span class='ocrx_word' id='word_1_108' title='bbox 799 186 903 219; x_wconf 81' lang='lat' dir='ltr'><strong>OANN</strong></span> <span class='ocrx_word' id='word_1_109' title='bbox 907 186 941 216; x_wconf 92' lang='lat' dir='ltr'><strong>IS</strong></span> <span class='ocrx_word' id='word_1_110' title='bbox 961 186 1242 218; x_wconf 77' lang='lat' dir='ltr'><strong>EUCHAITENSIS</strong></span> 
     </span>
    </p>
   </div>
   <div class='ocr_carea' id='block_1_17' title="bbox 202 247 1010 291">
    <p class='ocr_par' dir='ltr' id='par_1_17' title="bbox 202 247 1010 291">
     <span class='ocr_line' id='line_1_17' title="bbox 202 247 1010 291; baseline 0.004 -13"><span class='ocrx_word' id='word_1_111' title='bbox 202 247 251 278; x_wconf 85' lang='lat' dir='ltr'><strong>XI.</strong></span> <span class='ocrx_word' id='word_1_112' title='bbox 267 247 300 278; x_wconf 87' lang='lat' dir='ltr'><strong>Et</strong></span> <span class='ocrx_word' id='word_1_113' title='bbox 312 257 383 279; x_wconf 88' lang='lat' dir='ltr'><strong>sane</strong></span> <span class='ocrx_word' id='word_1_114' title='bbox 394 248 419 279; x_wconf 91' lang='lat' dir='ltr'><strong>is</strong></span> <span class='ocrx_word' id='word_1_115' title='bbox 431 249 540 281; x_wconf 90' lang='lat' dir='ltr'><strong>deinde</strong></span> <span class='ocrx_word' id='word_1_116' title='bbox 553 251 698 288; x_wconf 84' lang='lat' dir='ltr'><strong>nascitur,</strong></span> <span class='ocrx_word' id='word_1_117' title='bbox 709 251 758 291; x_wconf 89' lang='lat' dir='ltr'><strong>qui</strong></span> <span class='ocrx_word' id='word_1_118' title='bbox 771 251 980 282; x_wconf 87' lang='lat' dir='ltr'><strong>eratabinitio:</strong></span> <span class='ocrx_word' id='word_1_119' title='bbox 993 259 1010 282; x_wconf 71' lang='grc' dir='ltr'><strong>Α</strong></span> 
     </span>
    </p>
   </div>
   <div class='ocr_carea' id='block_1_18' title="bbox 1775 175 1872 217">
    <p class='ocr_par' dir='ltr' id='par_1_18' title="bbox 1775 175 1872 217">
     <span class='ocr_line' id='line_1_18' title="bbox 1775 175 1872 217; baseline 0.041 -4"><span class='ocrx_word' id='word_1_120' title='bbox 1775 175 1872 217; x_wconf 78' lang='grc'><strong>1088</strong></span> 
     </span>
    </p>
   </div>
   <div class='ocr_carea' id='block_1_19' title="bbox 1065 244 1862 291">
    <p class='ocr_par' dir='ltr' id='par_1_19' title="bbox 1065 244 1862 291">
     <span class='ocr_line' id='line_1_19' title="bbox 1065 244 1862 291; baseline 0 -11"><span class='ocrx_word' id='word_1_121' title='bbox 1065 247 1119 280; x_wconf 68' lang='grc' dir='ltr'><strong>Μ’.</strong></span> <span class='ocrx_word' id='word_1_122' title='bbox 1137 244 1168 280; x_wconf 46' lang='lat'><strong>&quot;0</strong></span> <span class='ocrx_word' id='word_1_123' title='bbox 1193 252 1240 289; x_wconf 75' lang='grc' dir='ltr'>μὲν</span> <span class='ocrx_word' id='word_1_124' title='bbox 1265 251 1315 291; x_wconf 71' lang='grc' dir='ltr'>γὰρ</span> <span class='ocrx_word' id='word_1_125' title='bbox 1335 251 1368 285; x_wconf 83' lang='grc' dir='ltr'>ἧν</span> <span class='ocrx_word' id='word_1_126' title='bbox 1389 251 1434 279; x_wconf 78' lang='grc' dir='ltr'>ἀπ’</span> <span class='ocrx_word' id='word_1_127' title='bbox 1464 252 1553 291; x_wconf 81' lang='grc' dir='ltr'>ἀρχῆς</span> <span class='ocrx_word' id='word_1_128' title='bbox 1567 250 1605 287; x_wconf 64' lang='grc'><strong>⁵³,</strong></span> <span class='ocrx_word' id='word_1_129' title='bbox 1637 252 1698 279; x_wconf 74' lang='grc' dir='ltr'>εἶτα</span> <span class='ocrx_word' id='word_1_130' title='bbox 1728 251 1828 291; x_wconf 82' lang='grc' dir='ltr'>γέγονε</span> <span class='ocrx_word' id='word_1_131' title='bbox 1850 261 1862 270; x_wconf 85' lang='lat'><strong>&#39;</strong></span> 
     </span>
    </p>
   </div>
   <div class='ocr_carea' id='block_1_20' title="bbox 1025 295 1862 336">
    <p class='ocr_par' dir='ltr' id='par_1_20' title="bbox 1025 295 1862 336">
     <span class='ocr_line' id='line_1_20' title="bbox 1025 295 1862 336; baseline 0.001 -12"><span class='ocrx_word' id='word_1_132' title='bbox 1025 297 1070 324; x_wconf 80' lang='grc' dir='ltr'><strong>καὶ</strong></span> <span class='ocrx_word' id='word_1_133' title='bbox 1084 295 1250 336; x_wconf 79' lang='grc' dir='ltr'>προσλαϐὼν,</span> <span class='ocrx_word' id='word_1_134' title='bbox 1280 297 1295 325; x_wconf 80' lang='grc' dir='ltr'><strong>ὃ</strong></span> <span class='ocrx_word' id='word_1_135' title='bbox 1318 298 1366 326; x_wconf 71' lang='grc' dir='ltr'><strong>οὐκ</strong></span> <span class='ocrx_word' id='word_1_136' title='bbox 1388 296 1433 333; x_wconf 87' lang='grc' dir='ltr'><strong>ἧν,</strong></span> <span class='ocrx_word' id='word_1_137' title='bbox 1463 297 1508 324; x_wconf 82' lang='grc' dir='ltr'><strong>καὶ</strong></span> <span class='ocrx_word' id='word_1_138' title='bbox 1535 295 1600 335; x_wconf 75' lang='grc' dir='ltr'>ὅπερ</span> <span class='ocrx_word' id='word_1_139' title='bbox 1633 296 1678 336; x_wconf 62' lang='grc' dir='ltr'><strong>ἦν,</strong></span> <span class='ocrx_word' id='word_1_140' title='bbox 1701 303 1834 335; x_wconf 77' lang='grc' dir='ltr'>συν-τηρεῖ</span> <span class='ocrx_word' id='word_1_141' title='bbox 1852 305 1862 312; x_wconf 87' lang='grc'>·</span> 
     </span>
    </p>
   </div>
   <div class='ocr_carea' id='block_1_21' title="bbox 1026 340 1866 381">
    <p class='ocr_par' dir='ltr' id='par_1_21' title="bbox 1026 340 1866 381">
     <span class='ocr_line' id='line_1_21' title="bbox 1026 340 1866 381; baseline 0.002 -13"><span class='ocrx_word' id='word_1_142' title='bbox 1026 342 1070 369; x_wconf 71' lang='grc' dir='ltr'><strong>καὶ</strong></span> <span class='ocrx_word' id='word_1_143' title='bbox 1086 340 1158 378; x_wconf 83' lang='grc' dir='ltr'>μένει</span> <span class='ocrx_word' id='word_1_144' title='bbox 1173 341 1252 369; x_wconf 80' lang='grc' dir='ltr'>πάλιν</span> <span class='ocrx_word' id='word_1_145' title='bbox 1281 343 1331 381; x_wconf 69' lang='grc' dir='ltr'>οὐχ</span> <span class='ocrx_word' id='word_1_146' title='bbox 1359 341 1439 374; x_wconf 77' lang='grc' dir='ltr'>ἧττον</span> <span class='ocrx_word' id='word_1_147' title='bbox 1454 340 1491 369; x_wconf 84' lang='grc' dir='ltr'>ὢν</span> <span class='ocrx_word' id='word_1_148' title='bbox 1520 341 1584 372; x_wconf 82' lang='grc' dir='ltr'>Θεὸς</span> <span class='ocrx_word' id='word_1_149' title='bbox 1610 341 1779 380; x_wconf 78' lang='grc' dir='ltr'>προαιώνιος,</span> <span class='ocrx_word' id='word_1_150' title='bbox 1812 344 1866 370; x_wconf 75' lang='grc' dir='ltr'><strong>καὶ</strong></span> 
     </span>
    </p>
   </div>
   <div class='ocr_carea' id='block_1_22' title="bbox 1028 384 1863 425">
    <p class='ocr_par' dir='ltr' id='par_1_22' title="bbox 1028 384 1863 425">
     <span class='ocr_line' id='line_1_22' title="bbox 1028 384 1863 425; baseline -0.001 -11"><span class='ocrx_word' id='word_1_151' title='bbox 1028 387 1042 414; x_wconf 83' lang='grc' dir='ltr'>ὁ</span> <span class='ocrx_word' id='word_1_152' title='bbox 1064 386 1214 417; x_wconf 79' lang='grc' dir='ltr'><strong>νεόκτιστος</strong></span> <span class='ocrx_word' id='word_1_153' title='bbox 1243 384 1378 424; x_wconf 76' lang='grc' dir='ltr'>ἅνθρωπος</span> <span class='ocrx_word' id='word_1_154' title='bbox 1398 395 1402 401; x_wconf 92' lang='grc'><strong>·</strong></span> <span class='ocrx_word' id='word_1_155' title='bbox 1434 384 1503 416; x_wconf 72' lang='grc' dir='ltr'>ὅλως</span> <span class='ocrx_word' id='word_1_156' title='bbox 1525 388 1602 412; x_wconf 80' lang='grc' dir='ltr'>τοῦτο</span> <span class='ocrx_word' id='word_1_157' title='bbox 1624 384 1746 420; x_wconf 72' lang='grc' dir='ltr'>κάκεῖνο,</span> <span class='ocrx_word' id='word_1_158' title='bbox 1776 386 1863 425; x_wconf 76' lang='grc' dir='ltr'>φύσει</span> 
     </span>
    </p>
   </div>
   <div class='ocr_carea' id='block_1_23' title="bbox 1029 428 1864 470">
    <p class='ocr_par' dir='ltr' id='par_1_23' title="bbox 1029 428 1864 470">
     <span class='ocr_line' id='line_1_23' title="bbox 1029 428 1864 470; baseline -0.001 -13"><span class='ocrx_word' id='word_1_159' title='bbox 1029 428 1088 458; x_wconf 79' lang='grc' dir='ltr'>κατ’</span> <span class='ocrx_word' id='word_1_160' title='bbox 1124 429 1215 470; x_wconf 73' lang='grc' dir='ltr'>ἄμφω,</span> <span class='ocrx_word' id='word_1_161' title='bbox 1245 429 1302 458; x_wconf 80' lang='grc' dir='ltr'>καθ’</span> <span class='ocrx_word' id='word_1_162' title='bbox 1333 429 1456 469; x_wconf 71' lang='grc' dir='ltr'>ἑκάτερον</span> <span class='ocrx_word' id='word_1_163' title='bbox 1482 428 1581 460; x_wconf 77' lang='grc' dir='ltr'>τέλειος</span> <span class='ocrx_word' id='word_1_164' title='bbox 1600 439 1606 445; x_wconf 91' lang='grc'><em>’</em></span> <span class='ocrx_word' id='word_1_165' title='bbox 1637 429 1774 467; x_wconf 76' lang='grc' dir='ltr'><strong>ἡνωμένος</strong></span> <span class='ocrx_word' id='word_1_166' title='bbox 1806 430 1864 467; x_wconf 79' lang='grc' dir='ltr'>μὲν</span> 
     </span>
    </p>
   </div>
   <div class='ocr_carea' id='block_1_24' title="bbox 1032 472 1864 514">
    <p class='ocr_par' dir='ltr' id='par_1_24' title="bbox 1032 472 1864 514">
     <span class='ocr_line' id='line_1_24' title="bbox 1032 472 1864 514; baseline 0 -12"><span class='ocrx_word' id='word_1_167' title='bbox 1032 474 1186 514; x_wconf 71' lang='grc' dir='ltr'>ἆσυγχύτως</span> <span class='ocrx_word' id='word_1_168' title='bbox 1201 473 1227 494; x_wconf 84' lang='grc'><strong>⁵³</strong></span> <span class='ocrx_word' id='word_1_169' title='bbox 1247 475 1283 504; x_wconf 84' lang='grc' dir='ltr'><strong>εἰς</strong></span> <span class='ocrx_word' id='word_1_170' title='bbox 1298 474 1440 501; x_wconf 73' lang='grc' dir='ltr'><strong>ὑπόστασιν</strong></span> <span class='ocrx_word' id='word_1_171' title='bbox 1457 473 1520 510; x_wconf 81' lang='grc' dir='ltr'>μίαν</span> <span class='ocrx_word' id='word_1_172' title='bbox 1536 481 1543 487; x_wconf 93' lang='grc'>·</span> <span class='ocrx_word' id='word_1_173' title='bbox 1570 472 1728 512; x_wconf 78' lang='grc' dir='ltr'><strong>διῃρημένος</strong></span> <span class='ocrx_word' id='word_1_174' title='bbox 1744 472 1771 500; x_wconf 80' lang='grc' dir='ltr'>δὲ</span> <span class='ocrx_word' id='word_1_175' title='bbox 1792 480 1864 505; x_wconf 76' lang='grc' dir='ltr'>τοῖς</span> 
     </span>
    </p>
   </div>
   <div class='ocr_carea' id='block_1_25' title="bbox 1030 516 1864 557">
    <p class='ocr_par' dir='ltr' id='par_1_25' title="bbox 1030 516 1864 557">
     <span class='ocr_line' id='line_1_25' title="bbox 1030 516 1864 557; baseline -0.002 -11"><span class='ocrx_word' id='word_1_176' title='bbox 1030 518 1160 556; x_wconf 80' lang='grc' dir='ltr'>Θελήμασι</span> <span class='ocrx_word' id='word_1_177' title='bbox 1194 519 1237 546; x_wconf 78' lang='grc' dir='ltr'><strong>καὶ</strong></span> <span class='ocrx_word' id='word_1_178' title='bbox 1265 525 1326 549; x_wconf 68' lang='grc' dir='ltr'>ταῖς</span> <span class='ocrx_word' id='word_1_179' title='bbox 1360 520 1413 546; x_wconf 81' lang='grc' dir='ltr'>τῶν</span> <span class='ocrx_word' id='word_1_180' title='bbox 1451 518 1552 557; x_wconf 69' lang='grc' dir='ltr'>φύσεων</span> <span class='ocrx_word' id='word_1_181' title='bbox 1582 516 1720 550; x_wconf 79' lang='grc' dir='ltr'><strong>ἰδιότησιν,</strong></span> <span class='ocrx_word' id='word_1_182' title='bbox 1750 516 1864 557; x_wconf 74' lang='grc' dir='ltr'>Ἐρχῆν</span> 
     </span>
    </p>
   </div>
   <div class='ocr_carea' id='block_1_26' title="bbox 1030 560 1865 602">
    <p class='ocr_par' dir='ltr' id='par_1_26' title="bbox 1030 560 1865 602">
     <span class='ocr_line' id='line_1_26' title="bbox 1030 560 1865 602; baseline -0.001 -11"><span class='ocrx_word' id='word_1_183' title='bbox 1030 563 1079 602; x_wconf 80' lang='grc' dir='ltr'>γὰρ</span> <span class='ocrx_word' id='word_1_184' title='bbox 1111 563 1199 599; x_wconf 66' lang='grc' dir='ltr'>αὐτὸν,</span> <span class='ocrx_word' id='word_1_185' title='bbox 1230 565 1283 590; x_wconf 84' lang='grc' dir='ltr'>τῶν</span> <span class='ocrx_word' id='word_1_186' title='bbox 1320 562 1472 599; x_wconf 77' lang='grc' dir='ltr'>θαυμασίων</span> <span class='ocrx_word' id='word_1_187' title='bbox 1513 560 1575 590; x_wconf 59' lang='grc' dir='ltr'>ὄντα</span> <span class='ocrx_word' id='word_1_188' title='bbox 1611 562 1686 597; x_wconf 80' lang='grc' dir='ltr'>Θεὸν,</span> <span class='ocrx_word' id='word_1_189' title='bbox 1715 562 1865 599; x_wconf 76' lang='grc' dir='ltr'>θαυμαστὰ</span> 
     </span>
    </p>
   </div>
   <div class='ocr_carea' id='block_1_27' title="bbox 1029 606 1861 647">
    <p class='ocr_par' dir='ltr' id='par_1_27' title="bbox 1029 606 1861 647">
     <span class='ocr_line' id='line_1_27' title="bbox 1029 606 1861 647; baseline -0.002 -12"><span class='ocrx_word' id='word_1_190' title='bbox 1029 610 1169 647; x_wconf 76' lang='grc' dir='ltr'>πανταχοῦ</span> <span class='ocrx_word' id='word_1_191' title='bbox 1181 607 1214 635; x_wconf 81' lang='grc' dir='ltr'><strong>τὰ</strong></span> <span class='ocrx_word' id='word_1_192' title='bbox 1228 607 1320 635; x_wconf 76' lang='grc' dir='ltr'>ἑαυτοῦ</span> <span class='ocrx_word' id='word_1_193' title='bbox 1343 613 1431 634; x_wconf 80' lang='grc' dir='ltr'>ποιεῖν</span> <span class='ocrx_word' id='word_1_194' title='bbox 1460 606 1604 645; x_wconf 79' lang='grc' dir='ltr'>πράγματα</span> <span class='ocrx_word' id='word_1_195' title='bbox 1621 613 1628 620; x_wconf 85' lang='grc'><strong>’</strong></span> <span class='ocrx_word' id='word_1_196' title='bbox 1657 606 1701 634; x_wconf 84' lang='grc' dir='ltr'><strong>καὶ</strong></span> <span class='ocrx_word' id='word_1_197' title='bbox 1729 606 1766 642; x_wconf 57' lang='grc' dir='ltr'><strong>μὴ</strong></span> <span class='ocrx_word' id='word_1_198' title='bbox 1796 606 1861 643; x_wconf 82' lang='grc' dir='ltr'>μό-</span> 
     </span>
    </p>
   </div>
   <div class='ocr_carea' id='block_1_28' title="bbox 1029 649 1860 690">
    <p class='ocr_par' dir='ltr' id='par_1_28' title="bbox 1029 649 1860 690">
     <span class='ocr_line' id='line_1_28' title="bbox 1029 649 1860 690; baseline -0.001 -11"><span class='ocrx_word' id='word_1_199' title='bbox 1029 663 1071 679; x_wconf 87' lang='grc' dir='ltr'><strong>νον</strong></span> <span class='ocrx_word' id='word_1_200' title='bbox 1092 651 1182 684; x_wconf 82' lang='grc' dir='ltr'>ἁπλῶς</span> <span class='ocrx_word' id='word_1_201' title='bbox 1206 651 1224 686; x_wconf 76' lang='grc' dir='ltr'>ἢ</span> <span class='ocrx_word' id='word_1_202' title='bbox 1249 655 1283 689; x_wconf 82' lang='grc' dir='ltr'>τῇ</span> <span class='ocrx_word' id='word_1_203' title='bbox 1309 651 1446 690; x_wconf 71' lang='grc' dir='ltr'>συμφωνίᾳ</span> <span class='ocrx_word' id='word_1_204' title='bbox 1471 649 1604 678; x_wconf 76' lang='grc' dir='ltr'>δεικνύντα</span> <span class='ocrx_word' id='word_1_205' title='bbox 1626 651 1656 677; x_wconf 76' lang='grc' dir='ltr'><strong>τὸ</strong></span> <span class='ocrx_word' id='word_1_206' title='bbox 1684 650 1860 689; x_wconf 76' lang='grc' dir='ltr'>ἐναρμόνιον,</span> 
     </span>
    </p>
   </div>
   <div class='ocr_carea' id='block_1_29' title="bbox 1027 693 1862 736">
    <p class='ocr_par' dir='ltr' id='par_1_29' title="bbox 1027 693 1862 736">
     <span class='ocr_line' id='line_1_29' title="bbox 1027 693 1862 736; baseline -0.002 -12"><span class='ocrx_word' id='word_1_207' title='bbox 1027 696 1045 730; x_wconf 74' lang='grc' dir='ltr'><strong>ἢ</strong></span> <span class='ocrx_word' id='word_1_208' title='bbox 1061 699 1099 733; x_wconf 85' lang='grc' dir='ltr'>τῷ</span> <span class='ocrx_word' id='word_1_209' title='bbox 1127 695 1243 736; x_wconf 74' lang='grc' dir='ltr'>διαφόρῳ</span> <span class='ocrx_word' id='word_1_210' title='bbox 1269 696 1336 735; x_wconf 77' lang='grc' dir='ltr'>πρὸς</span> <span class='ocrx_word' id='word_1_211' title='bbox 1367 696 1397 723; x_wconf 79' lang='lat'><strong>10</strong></span> <span class='ocrx_word' id='word_1_212' title='bbox 1434 696 1525 723; x_wconf 83' lang='grc' dir='ltr'>καινὸν</span> <span class='ocrx_word' id='word_1_213' title='bbox 1554 693 1728 727; x_wconf 77' lang='grc' dir='ltr'>ἐξαλάττοντοι</span> <span class='ocrx_word' id='word_1_214' title='bbox 1744 703 1751 709; x_wconf 93' lang='grc'><strong>·</strong></span> <span class='ocrx_word' id='word_1_215' title='bbox 1782 694 1862 722; x_wconf 81' lang='grc' dir='ltr'><strong>ἀλλὰ</strong></span> 
     </span>
    </p>
   </div>
   <div class='ocr_carea' id='block_1_30' title="bbox 1027 739 1861 780">
    <p class='ocr_par' dir='ltr' id='par_1_30' title="bbox 1027 739 1861 780">
     <span class='ocr_line' id='line_1_30' title="bbox 1027 739 1861 780; baseline -0.002 -12"><span class='ocrx_word' id='word_1_216' title='bbox 1027 742 1070 768; x_wconf 78' lang='grc' dir='ltr'><strong>καὶ</strong></span> <span class='ocrx_word' id='word_1_217' title='bbox 1113 741 1178 780; x_wconf 80' lang='grc' dir='ltr'>πρὸς</span> <span class='ocrx_word' id='word_1_218' title='bbox 1225 741 1304 768; x_wconf 74' lang='grc' dir='ltr'>ἑαυτὰ</span> <span class='ocrx_word' id='word_1_219' title='bbox 1340 739 1501 779; x_wconf 78' lang='grc' dir='ltr'>ξενοτρόπως</span> <span class='ocrx_word' id='word_1_220' title='bbox 1538 739 1658 767; x_wconf 82' lang='grc' dir='ltr'>ἀντίθετα</span> <span class='ocrx_word' id='word_1_221' title='bbox 1701 740 1744 767; x_wconf 82' lang='grc' dir='ltr'>καὶ</span> <span class='ocrx_word' id='word_1_222' title='bbox 1778 739 1861 767; x_wconf 82' lang='grc' dir='ltr'>ἀντί-</span> 
     </span>
    </p>
   </div>
   <div class='ocr_carea' id='block_1_31' title="bbox 1026 796 1136 825">
    <p class='ocr_par' dir='ltr' id='par_1_31' title="bbox 1026 796 1136 825">
     <span class='ocr_line' id='line_1_31' title="bbox 1026 796 1136 825; baseline 0.018 -12"><span class='ocrx_word' id='word_1_223' title='bbox 1026 796 1136 825; x_wconf 71' lang='grc' dir='ltr'>στροφα.</span> 
     </span>
    </p>
   </div>
   <div class='ocr_carea' id='block_1_32' title="bbox 199 915 995 958">
    <p class='ocr_par' dir='ltr' id='par_1_32' title="bbox 199 915 982 958">
     <span class='ocr_line' id='line_1_32' title="bbox 199 915 982 958; baseline 0.005 -12"><span class='ocrx_word' id='word_1_224' title='bbox 199 915 313 947; x_wconf 84' lang='lat' dir='ltr'><strong>Idcirco</strong></span> <span class='ocrx_word' id='word_1_225' title='bbox 325 920 353 947; x_wconf 90' lang='lat' dir='ltr'><strong>et</strong></span> <span class='ocrx_word' id='word_1_226' title='bbox 364 917 542 950; x_wconf 70' lang='lat' dir='ltr'><strong>nativitatem</strong></span> <span class='ocrx_word' id='word_1_227' title='bbox 555 918 707 958; x_wconf 87' lang='lat' dir='ltr'><strong>duplicem</strong></span> <span class='ocrx_word' id='word_1_228' title='bbox 719 919 818 956; x_wconf 81' lang='lat' dir='ltr'><strong>habet,</strong></span> <span class='ocrx_word' id='word_1_229' title='bbox 831 920 920 950; x_wconf 86' lang='lat' dir='ltr'><strong>habet</strong></span> <span class='ocrx_word' id='word_1_230' title='bbox 931 920 982 950; x_wconf 87' lang='lat' dir='ltr'><strong>du-</strong></span> 
     </span>
    </p>
   </div>
   <div class='ocr_carea' id='block_1_33' title="bbox 1051 915 1859 958">
    <p class='ocr_par' dir='ltr' id='par_1_33' title="bbox 1065 915 1859 955">
     <span class='ocr_line' id='line_1_33' title="bbox 1065 915 1859 955; baseline -0.004 -7"><span class='ocrx_word' id='word_1_231' title='bbox 1065 919 1113 948; x_wconf 78' lang='grc' dir='ltr'>Διὰ</span> <span class='ocrx_word' id='word_1_232' title='bbox 1127 924 1204 948; x_wconf 75' lang='grc' dir='ltr'>τοῦτο</span> <span class='ocrx_word' id='word_1_233' title='bbox 1227 917 1334 951; x_wconf 79' lang='grc' dir='ltr'>διπλοῦς</span> <span class='ocrx_word' id='word_1_234' title='bbox 1360 919 1404 945; x_wconf 77' lang='grc' dir='ltr'><strong>καὶ</strong></span> <span class='ocrx_word' id='word_1_235' title='bbox 1432 918 1481 950; x_wconf 72' lang='grc' dir='ltr'>τὴν</span> <span class='ocrx_word' id='word_1_236' title='bbox 1509 916 1643 955; x_wconf 78' lang='grc' dir='ltr'>γέννησιν,</span> <span class='ocrx_word' id='word_1_237' title='bbox 1673 915 1779 948; x_wconf 84' lang='grc' dir='ltr'>διπλοῦς</span> <span class='ocrx_word' id='word_1_238' title='bbox 1810 919 1859 945; x_wconf 77' lang='grc' dir='ltr'>καὶ</span> 
     </span>
    </p>
   </div>
   <div class='ocr_carea' id='block_1_34' title="bbox 161 959 982 1004">
    <p class='ocr_par' dir='ltr' id='par_1_34' title="bbox 161 959 982 1004">
     <span class='ocr_line' id='line_1_34' title="bbox 161 959 982 1004; baseline 0.006 -14"><span class='ocrx_word' id='word_1_239' title='bbox 161 959 268 1000; x_wconf 87' lang='lat' dir='ltr'><strong>plicem</strong></span> <span class='ocrx_word' id='word_1_240' title='bbox 284 965 312 991; x_wconf 91' lang='lat' dir='ltr'><strong>et</strong></span> <span class='ocrx_word' id='word_1_241' title='bbox 328 965 462 992; x_wconf 87' lang='lat' dir='ltr'><strong>naturam</strong></span> <span class='ocrx_word' id='word_1_242' title='bbox 481 972 490 993; x_wconf 90' lang='lat'><strong>.&#39;</strong></span> <span class='ocrx_word' id='word_1_243' title='bbox 507 967 535 993; x_wconf 90' lang='lat' dir='ltr'><strong>et</strong></span> <span class='ocrx_word' id='word_1_244' title='bbox 551 963 580 993; x_wconf 96' lang='lat' dir='ltr'><strong>in</strong></span> <span class='ocrx_word' id='word_1_245' title='bbox 603 963 748 994; x_wconf 88' lang='lat' dir='ltr'><strong>ambobus</strong></span> <span class='ocrx_word' id='word_1_246' title='bbox 759 973 851 994; x_wconf 90' lang='lat' dir='ltr'><strong>unum</strong></span> <span class='ocrx_word' id='word_1_247' title='bbox 863 965 982 1004; x_wconf 88' lang='lat' dir='ltr'><strong>quidem</strong></span> 
     </span>
    </p>
   </div>
   <div class='ocr_carea' id='block_1_35' title="bbox 161 1005 984 1048">
    <p class='ocr_par' dir='ltr' id='par_1_35' title="bbox 161 1005 984 1048">
     <span class='ocr_line' id='line_1_35' title="bbox 161 1005 984 1048; baseline 0.007 -14"><span class='ocrx_word' id='word_1_248' title='bbox 161 1008 215 1042; x_wconf 88' lang='lat' dir='ltr'><strong>est,</strong></span> <span class='ocrx_word' id='word_1_249' title='bbox 233 1005 311 1045; x_wconf 91' lang='lat' dir='ltr'><strong>quod</strong></span> <span class='ocrx_word' id='word_1_250' title='bbox 327 1006 428 1036; x_wconf 76' lang='lat' dir='ltr'><strong>mund:</strong></span> <span class='ocrx_word' id='word_1_251' title='bbox 446 1007 535 1047; x_wconf 83' lang='lat' dir='ltr'><strong>hujus</strong></span> <span class='ocrx_word' id='word_1_252' title='bbox 565 1008 700 1038; x_wconf 89' lang='lat' dir='ltr'><strong>ordinem</strong></span> <span class='ocrx_word' id='word_1_253' title='bbox 716 1018 749 1038; x_wconf 90' lang='lat' dir='ltr'><strong>ac</strong></span> <span class='ocrx_word' id='word_1_254' title='bbox 765 1013 881 1048; x_wconf 84' lang='lat' dir='ltr'><strong>tempus</strong></span> <span class='ocrx_word' id='word_1_255' title='bbox 896 1018 984 1040; x_wconf 89' lang='lat' dir='ltr'><strong>omne</strong></span> 
     </span>
    </p>
   </div>
   <div class='ocr_carea' id='block_1_36' title="bbox 160 1050 985 1092">
    <p class='ocr_par' dir='ltr' id='par_1_36' title="bbox 160 1050 985 1092">
     <span class='ocr_line' id='line_1_36' title="bbox 160 1050 985 1092; baseline 0.005 -12"><span class='ocrx_word' id='word_1_256' title='bbox 160 1050 277 1081; x_wconf 80' lang='lat' dir='ltr'><strong>excedit</strong></span> <span class='ocrx_word' id='word_1_257' title='bbox 296 1051 398 1088; x_wconf 88' lang='lat' dir='ltr'><strong>;aliud</strong></span> <span class='ocrx_word' id='word_1_258' title='bbox 425 1060 506 1092; x_wconf 84' lang='lat' dir='ltr'><strong>vero,</strong></span> <span class='ocrx_word' id='word_1_259' title='bbox 537 1053 614 1092; x_wconf 88' lang='lat' dir='ltr'><strong>quod</strong></span> <span class='ocrx_word' id='word_1_260' title='bbox 646 1053 806 1083; x_wconf 87' lang='lat' dir='ltr'><strong>mundanis</strong></span> <span class='ocrx_word' id='word_1_261' title='bbox 821 1053 935 1092; x_wconf 84' lang='lat' dir='ltr'><strong>legibus</strong></span> <span class='ocrx_word' id='word_1_262' title='bbox 951 1063 985 1084; x_wconf 93' lang='lat' dir='ltr'><strong>ac</strong></span> 
     </span>
    </p>
   </div>
   <div class='ocr_carea' id='block_1_37' title="bbox 162 1095 984 1133">
    <p class='ocr_par' dir='ltr' id='par_1_37' title="bbox 162 1095 984 1133">
     <span class='ocr_line' id='line_1_37' title="bbox 162 1095 984 1133; baseline 0.005 -9"><span class='ocrx_word' id='word_1_263' title='bbox 162 1095 290 1133; x_wconf 86' lang='lat' dir='ltr'><strong>tempori</strong></span> <span class='ocrx_word' id='word_1_264' title='bbox 305 1099 348 1126; x_wconf 90' lang='lat' dir='ltr'><strong>est</strong></span> <span class='ocrx_word' id='word_1_265' title='bbox 359 1095 530 1128; x_wconf 88' lang='lat' dir='ltr'><strong>obnoxium.</strong></span> <span class='ocrx_word' id='word_1_266' title='bbox 546 1098 608 1128; x_wconf 85' lang='lat' dir='ltr'><strong>Hoc</strong></span> <span class='ocrx_word' id='word_1_267' title='bbox 620 1097 770 1128; x_wconf 88' lang='lat' dir='ltr'><strong>enimvero</strong></span> <span class='ocrx_word' id='word_1_268' title='bbox 793 1098 862 1128; x_wconf 88' lang='lat' dir='ltr'><strong>inde</strong></span> <span class='ocrx_word' id='word_1_269' title='bbox 878 1107 984 1128; x_wconf 84' lang='lat' dir='ltr'><strong>conse-</strong></span> 
     </span>
    </p>
   </div>
   <div class='ocr_carea' id='block_1_38' title="bbox 160 1138 984 1179">
    <p class='ocr_par' dir='ltr' id='par_1_38' title="bbox 160 1138 984 1179">
     <span class='ocr_line' id='line_1_38' title="bbox 160 1138 984 1179; baseline 0.005 -11"><span class='ocrx_word' id='word_1_270' title='bbox 160 1138 269 1178; x_wconf 85' lang='lat' dir='ltr'><strong>quitur,</strong></span> <span class='ocrx_word' id='word_1_271' title='bbox 283 1144 314 1170; x_wconf 90' lang='lat' dir='ltr'><strong>ut</strong></span> <span class='ocrx_word' id='word_1_272' title='bbox 324 1144 469 1179; x_wconf 86' lang='lat' dir='ltr'><strong>quatenus</strong></span> <span class='ocrx_word' id='word_1_273' title='bbox 479 1145 525 1172; x_wconf 86' lang='lat' dir='ltr'><strong>est</strong></span> <span class='ocrx_word' id='word_1_274' title='bbox 535 1141 570 1172; x_wconf 93' lang='lat' dir='ltr'><strong>ab</strong></span> <span class='ocrx_word' id='word_1_275' title='bbox 583 1146 704 1177; x_wconf 65' lang='lat' dir='ltr'><strong>aeterno,</strong></span> <span class='ocrx_word' id='word_1_276' title='bbox 721 1147 844 1172; x_wconf 81' lang='lat' dir='ltr'><strong>matrem</strong></span> <span class='ocrx_word' id='word_1_277' title='bbox 860 1152 917 1172; x_wconf 87' lang='lat' dir='ltr'><strong>non</strong></span> <span class='ocrx_word' id='word_1_278' title='bbox 933 1143 984 1172; x_wconf 88' lang='lat' dir='ltr'><strong>ha-</strong></span> 
     </span>
    </p>
   </div>
   <div class='ocr_carea' id='block_1_39' title="bbox 160 1182 983 1226">
    <p class='ocr_par' dir='ltr' id='par_1_39' title="bbox 160 1182 983 1226">
     <span class='ocr_line' id='line_1_39' title="bbox 160 1182 983 1226; baseline 0.006 -14"><span class='ocrx_word' id='word_1_279' title='bbox 160 1182 228 1213; x_wconf 87' lang='lat' dir='ltr'><strong>beat</strong></span> <span class='ocrx_word' id='word_1_280' title='bbox 245 1194 252 1218; x_wconf 73' lang='grc' dir='ltr'><em>ς</em></span> <span class='ocrx_word' id='word_1_281' title='bbox 284 1193 349 1224; x_wconf 64' lang='lat' dir='ltr'><strong>qua:</strong></span> <span class='ocrx_word' id='word_1_282' title='bbox 374 1185 452 1216; x_wconf 90' lang='lat' dir='ltr'><strong>enim</strong></span> <span class='ocrx_word' id='word_1_283' title='bbox 478 1185 519 1216; x_wconf 91' lang='lat' dir='ltr'><strong>ibi</strong></span> <span class='ocrx_word' id='word_1_284' title='bbox 535 1191 631 1216; x_wconf 84' lang='lat' dir='ltr'><strong>mater</strong></span> <span class='ocrx_word' id='word_1_285' title='bbox 645 1186 687 1217; x_wconf 94' lang='lat' dir='ltr'><strong>illi</strong></span> <span class='ocrx_word' id='word_1_286' title='bbox 703 1190 792 1226; x_wconf 86' lang='lat' dir='ltr'><strong>esset,</strong></span> <span class='ocrx_word' id='word_1_287' title='bbox 812 1186 862 1226; x_wconf 87' lang='lat' dir='ltr'><strong>qui</strong></span> <span class='ocrx_word' id='word_1_288' title='bbox 875 1187 983 1217; x_wconf 65' lang='lat' dir='ltr'><strong>saecula</strong></span> 
     </span>
    </p>
   </div>
   <div class='ocr_carea' id='block_1_40' title="bbox 160 1227 982 1271">
    <p class='ocr_par' dir='ltr' id='par_1_40' title="bbox 160 1227 982 1271">
     <span class='ocr_line' id='line_1_40' title="bbox 160 1227 982 1271; baseline 0.005 -14"><span class='ocrx_word' id='word_1_289' title='bbox 160 1227 322 1258; x_wconf 84' lang='lat' dir='ltr'><strong>condidit?</strong></span> <span class='ocrx_word' id='word_1_290' title='bbox 347 1229 417 1260; x_wconf 90' lang='lat' dir='ltr'><strong>Sine</strong></span> <span class='ocrx_word' id='word_1_291' title='bbox 434 1234 515 1270; x_wconf 86' lang='lat' dir='ltr'><strong>patre</strong></span> <span class='ocrx_word' id='word_1_292' title='bbox 531 1239 599 1260; x_wconf 90' lang='lat' dir='ltr'><strong>vero</strong></span> <span class='ocrx_word' id='word_1_293' title='bbox 613 1230 663 1271; x_wconf 77' lang='lat' dir='ltr'><strong>sit,</strong></span> <span class='ocrx_word' id='word_1_294' title='bbox 677 1234 822 1271; x_wconf 80' lang='lat' dir='ltr'><strong>quatenus</strong></span> <span class='ocrx_word' id='word_1_295' title='bbox 835 1235 921 1261; x_wconf 87' lang='lat' dir='ltr'><strong>natus</strong></span> <span class='ocrx_word' id='word_1_296' title='bbox 936 1236 982 1262; x_wconf 89' lang='lat' dir='ltr'><strong>est</strong></span> 
     </span>
    </p>
   </div>
   <div class='ocr_carea' id='block_1_41' title="bbox 160 1271 979 1316">
    <p class='ocr_par' dir='ltr' id='par_1_41' title="bbox 160 1271 979 1316">
     <span class='ocr_line' id='line_1_41' title="bbox 160 1271 979 1316; baseline 0.006 -15"><span class='ocrx_word' id='word_1_297' title='bbox 160 1271 189 1302; x_wconf 90' lang='lat' dir='ltr'><strong>in</strong></span> <span class='ocrx_word' id='word_1_298' title='bbox 207 1279 341 1312; x_wconf 89' lang='lat' dir='ltr'><strong>tempore</strong></span> <span class='ocrx_word' id='word_1_299' title='bbox 356 1284 363 1310; x_wconf 93' lang='lat'><strong>;</strong></span> <span class='ocrx_word' id='word_1_300' title='bbox 381 1283 447 1304; x_wconf 90' lang='lat' dir='ltr'><strong>nam</strong></span> <span class='ocrx_word' id='word_1_301' title='bbox 465 1275 613 1314; x_wconf 91' lang='lat' dir='ltr'><strong>quomodo</strong></span> <span class='ocrx_word' id='word_1_302' title='bbox 626 1275 775 1305; x_wconf 83' lang='lat' dir='ltr'><strong>terrestris</strong></span> <span class='ocrx_word' id='word_1_303' title='bbox 790 1279 818 1306; x_wconf 89' lang='lat' dir='ltr'><strong>et</strong></span> <span class='ocrx_word' id='word_1_304' title='bbox 833 1275 871 1305; x_wconf 89' lang='lat' dir='ltr'><strong>sit</strong></span> <span class='ocrx_word' id='word_1_305' title='bbox 886 1279 979 1316; x_wconf 78' lang='lat' dir='ltr'><strong>pater.</strong></span> 
     </span>
    </p>
   </div>
   <div class='ocr_carea' id='block_1_42' title="bbox 161 1316 983 1357">
    <p class='ocr_par' dir='ltr' id='par_1_42' title="bbox 161 1316 983 1357">
     <span class='ocr_line' id='line_1_42' title="bbox 161 1316 983 1357; baseline 0.004 -10"><span class='ocrx_word' id='word_1_306' title='bbox 161 1316 211 1357; x_wconf 89' lang='lat' dir='ltr'><strong>qui</strong></span> <span class='ocrx_word' id='word_1_307' title='bbox 226 1317 306 1348; x_wconf 88' lang='lat' dir='ltr'><strong>hunc</strong></span> <span class='ocrx_word' id='word_1_308' title='bbox 323 1319 418 1348; x_wconf 84' lang='lat' dir='ltr'><strong>solum</strong></span> <span class='ocrx_word' id='word_1_309' title='bbox 434 1319 523 1350; x_wconf 89' lang='lat' dir='ltr'><strong>habet</strong></span> <span class='ocrx_word' id='word_1_310' title='bbox 537 1319 567 1349; x_wconf 96' lang='lat' dir='ltr'><strong>in</strong></span> <span class='ocrx_word' id='word_1_311' title='bbox 594 1319 678 1350; x_wconf 84' lang='lat' dir='ltr'><strong>caelis</strong></span> <span class='ocrx_word' id='word_1_312' title='bbox 691 1319 706 1349; x_wconf 83' lang='lat'><strong>?</strong></span> <span class='ocrx_word' id='word_1_313' title='bbox 731 1319 806 1356; x_wconf 89' lang='lat' dir='ltr'><strong>Quin</strong></span> <span class='ocrx_word' id='word_1_314' title='bbox 823 1324 921 1351; x_wconf 89' lang='lat' dir='ltr'><strong>autem</strong></span> <span class='ocrx_word' id='word_1_315' title='bbox 937 1320 983 1350; x_wconf 92' lang='lat' dir='ltr'><strong>vir</strong></span> 
     </span>
    </p>
   </div>
   <div class='ocr_carea' id='block_1_43' title="bbox 161 1362 982 1404">
    <p class='ocr_par' dir='ltr' id='par_1_43' title="bbox 161 1362 982 1404">
     <span class='ocr_line' id='line_1_43' title="bbox 161 1362 982 1404; baseline 0.004 -13"><span class='ocrx_word' id='word_1_316' title='bbox 161 1362 920 1404; x_wconf 65' lang='lat' dir='ltr'><strong>intemeratazilliusatqueimmaculatissimaa,quiad</strong></span> <span class='ocrx_word' id='word_1_317' title='bbox 933 1364 982 1394; x_wconf 92' lang='lat' dir='ltr'><strong>in-</strong></span> 
     </span>
    </p>
   </div>
   <div class='ocr_carea' id='block_1_44' title="bbox 159 1405 981 1448">
    <p class='ocr_par' dir='ltr' id='par_1_44' title="bbox 159 1405 981 1448">
     <span class='ocr_line' id='line_1_44' title="bbox 159 1405 981 1448; baseline 0.004 -12"><span class='ocrx_word' id='word_1_318' title='bbox 159 1405 305 1437; x_wconf 78' lang='lat' dir='ltr'><strong>ell‘abilem</strong></span> <span class='ocrx_word' id='word_1_319' title='bbox 319 1407 398 1437; x_wconf 87' lang='lat' dir='ltr'><strong>illam</strong></span> <span class='ocrx_word' id='word_1_320' title='bbox 411 1408 631 1447; x_wconf 81' lang='lat' dir='ltr'><strong>generationem</strong></span> <span class='ocrx_word' id='word_1_321' title='bbox 642 1407 792 1448; x_wconf 84' lang='lat' dir='ltr'><strong>quidpiam</strong></span> <span class='ocrx_word' id='word_1_322' title='bbox 809 1418 843 1439; x_wconf 86' lang='lat' dir='ltr'><strong>ex</strong></span> <span class='ocrx_word' id='word_1_323' title='bbox 859 1418 892 1439; x_wconf 89' lang='lat' dir='ltr'><strong>se</strong></span> <span class='ocrx_word' id='word_1_324' title='bbox 907 1418 981 1439; x_wconf 93' lang='lat' dir='ltr'><strong>con-</strong></span> 
     </span>
    </p>
   </div>
   <div class='ocr_carea' id='block_1_45' title="bbox 1024 960 1858 1003">
    <p class='ocr_par' dir='ltr' id='par_1_45' title="bbox 1024 960 1858 1003">
     <span class='ocr_line' id='line_1_45' title="bbox 1024 960 1858 1003; baseline -0.005 -12"><span class='ocrx_word' id='word_1_325' title='bbox 1024 964 1073 996; x_wconf 76' lang='grc' dir='ltr'>τὴν</span> <span class='ocrx_word' id='word_1_326' title='bbox 1095 964 1169 1003; x_wconf 77' lang='grc' dir='ltr'>φύσιν</span> <span class='ocrx_word' id='word_1_327' title='bbox 1187 971 1193 977; x_wconf 92' lang='grc'><strong>·</strong></span> <span class='ocrx_word' id='word_1_328' title='bbox 1232 964 1262 991; x_wconf 82' lang='grc' dir='ltr'><strong>τὸ</strong></span> <span class='ocrx_word' id='word_1_329' title='bbox 1284 963 1333 1000; x_wconf 82' lang='grc' dir='ltr'>μὲν</span> <span class='ocrx_word' id='word_1_330' title='bbox 1368 962 1467 1002; x_wconf 43' lang='grc' dir='ltr'>ἀραρεῖν</span> <span class='ocrx_word' id='word_1_331' title='bbox 1488 961 1665 1000; x_wconf 79' lang='grc' dir='ltr'>ὑπερκόσμιον</span> <span class='ocrx_word' id='word_1_332' title='bbox 1694 961 1738 988; x_wconf 70' lang='grc' dir='ltr'><strong>καὶ</strong></span> <span class='ocrx_word' id='word_1_333' title='bbox 1766 960 1858 999; x_wconf 60' lang='grc' dir='ltr'>ὑπὲρ-</span> 
     </span>
    </p>
   </div>
   <div class='ocr_carea' id='block_1_46' title="bbox 1026 1005 1857 1047">
    <p class='ocr_par' dir='ltr' id='par_1_46' title="bbox 1026 1005 1857 1047">
     <span class='ocr_line' id='line_1_46' title="bbox 1026 1005 1857 1047; baseline -0.004 -11"><span class='ocrx_word' id='word_1_334' title='bbox 1026 1019 1132 1047; x_wconf 74' lang='grc' dir='ltr'><strong>χρονον⁵</strong></span> <span class='ocrx_word' id='word_1_335' title='bbox 1157 1009 1187 1035; x_wconf 82' lang='grc' dir='ltr'>τὸ</span> <span class='ocrx_word' id='word_1_336' title='bbox 1202 1006 1228 1035; x_wconf 81' lang='grc' dir='ltr'>δὲ</span> <span class='ocrx_word' id='word_1_337' title='bbox 1257 1008 1324 1036; x_wconf 77' lang='grc' dir='ltr'>κατὰ</span> <span class='ocrx_word' id='word_1_338' title='bbox 1348 1007 1448 1044; x_wconf 78' lang='grc' dir='ltr'>κόσμον</span> <span class='ocrx_word' id='word_1_339' title='bbox 1476 1006 1521 1034; x_wconf 83' lang='grc' dir='ltr'><strong>καὶ</strong></span> <span class='ocrx_word' id='word_1_340' title='bbox 1549 1006 1608 1044; x_wconf 81' lang='grc' dir='ltr'>περὶ</span> <span class='ocrx_word' id='word_1_341' title='bbox 1636 1005 1744 1044; x_wconf 83' lang='grc' dir='ltr'>χρόνον.</span> <span class='ocrx_word' id='word_1_342' title='bbox 1774 1007 1857 1033; x_wconf 74' lang='grc' dir='ltr'>τοῦτο</span> 
     </span>
    </p>
   </div>
   <div class='ocr_carea' id='block_1_47' title="bbox 1026 1049 1855 1091">
    <p class='ocr_par' dir='ltr' id='par_1_47' title="bbox 1026 1049 1855 1091">
     <span class='ocr_line' id='line_1_47' title="bbox 1026 1049 1855 1091; baseline -0.006 -11"><span class='ocrx_word' id='word_1_343' title='bbox 1026 1053 1074 1090; x_wconf 80' lang='grc' dir='ltr'>μὲν</span> <span class='ocrx_word' id='word_1_344' title='bbox 1095 1053 1126 1080; x_wconf 82' lang='grc' dir='ltr'>τὸ</span> <span class='ocrx_word' id='word_1_345' title='bbox 1147 1052 1300 1091; x_wconf 78' lang='grc' dir='ltr'>ἀκόλουθον,</span> <span class='ocrx_word' id='word_1_346' title='bbox 1324 1052 1435 1090; x_wconf 78' lang='grc' dir='ltr'>ἀμήτωρ</span> <span class='ocrx_word' id='word_1_347' title='bbox 1464 1052 1495 1078; x_wconf 88' lang='grc' dir='ltr'><strong>τὸ</strong></span> <span class='ocrx_word' id='word_1_348' title='bbox 1518 1049 1600 1078; x_wconf 72' lang='grc' dir='ltr'>πάλαι</span> <span class='ocrx_word' id='word_1_349' title='bbox 1619 1057 1626 1064; x_wconf 89' lang='grc'>⁶</span> <span class='ocrx_word' id='word_1_350' title='bbox 1655 1050 1693 1082; x_wconf 85' lang='grc' dir='ltr'><strong>τίς</strong></span> <span class='ocrx_word' id='word_1_351' title='bbox 1715 1049 1764 1088; x_wconf 78' lang='grc' dir='ltr'>γὰρ</span> <span class='ocrx_word' id='word_1_352' title='bbox 1791 1050 1855 1086; x_wconf 82' lang='grc' dir='ltr'>μή-</span> 
     </span>
    </p>
   </div>
   <div class='ocr_carea' id='block_1_48' title="bbox 1025 1095 1853 1137">
    <p class='ocr_par' dir='ltr' id='par_1_48' title="bbox 1025 1095 1853 1137">
     <span class='ocr_line' id='line_1_48' title="bbox 1025 1095 1853 1137; baseline -0.005 -11"><span class='ocrx_word' id='word_1_353' title='bbox 1025 1109 1075 1137; x_wconf 81' lang='grc' dir='ltr'><strong>τηρ</strong></span> <span class='ocrx_word' id='word_1_354' title='bbox 1091 1098 1147 1126; x_wconf 69' lang='grc' dir='ltr'>ἐκεῖ</span> <span class='ocrx_word' id='word_1_355' title='bbox 1161 1101 1208 1126; x_wconf 79' lang='grc' dir='ltr'>τοῦ</span> <span class='ocrx_word' id='word_1_356' title='bbox 1222 1098 1281 1129; x_wconf 75' lang='grc' dir='ltr'>τοὺς</span> <span class='ocrx_word' id='word_1_357' title='bbox 1303 1099 1399 1129; x_wconf 73' lang='grc' dir='ltr'>αἰῶνας</span> <span class='ocrx_word' id='word_1_358' title='bbox 1415 1098 1602 1136; x_wconf 56' lang='grc' dir='ltr'>γεννήσαντος</span> <span class='ocrx_word' id='word_1_359' title='bbox 1618 1095 1727 1134; x_wconf 79' lang='grc' dir='ltr'>ἀπάτωρ</span> <span class='ocrx_word' id='word_1_360' title='bbox 1741 1096 1771 1122; x_wconf 82' lang='grc' dir='ltr'><strong>τὸ</strong></span> <span class='ocrx_word' id='word_1_361' title='bbox 1794 1099 1853 1124; x_wconf 83' lang='grc' dir='ltr'>νῦν·</span> 
     </span>
    </p>
   </div>
   <div class='ocr_carea' id='block_1_49' title="bbox 1024 1139 1852 1182">
    <p class='ocr_par' dir='ltr' id='par_1_49' title="bbox 1024 1139 1852 1182">
     <span class='ocr_line' id='line_1_49' title="bbox 1024 1139 1852 1182; baseline -0.006 -11"><span class='ocrx_word' id='word_1_362' title='bbox 1024 1148 1075 1172; x_wconf 76' lang='grc' dir='ltr'>ποῦ</span> <span class='ocrx_word' id='word_1_363' title='bbox 1089 1143 1139 1182; x_wconf 79' lang='grc' dir='ltr'><strong>γὰρ</strong></span> <span class='ocrx_word' id='word_1_364' title='bbox 1153 1143 1226 1170; x_wconf 74' lang='grc' dir='ltr'>κάτω</span> <span class='ocrx_word' id='word_1_365' title='bbox 1247 1143 1348 1182; x_wconf 82' lang='grc' dir='ltr'>πατὴρ,</span> <span class='ocrx_word' id='word_1_366' title='bbox 1370 1147 1462 1171; x_wconf 78' lang='grc' dir='ltr'>τοῦτον</span> <span class='ocrx_word' id='word_1_367' title='bbox 1485 1141 1565 1178; x_wconf 86' lang='grc' dir='ltr'>μόνον</span> <span class='ocrx_word' id='word_1_368' title='bbox 1594 1139 1703 1179; x_wconf 77' lang='grc' dir='ltr'>ἔχοντος</span> <span class='ocrx_word' id='word_1_369' title='bbox 1729 1139 1852 1179; x_wconf 65' lang='grc' dir='ltr'>ἄνωθενς</span> 
     </span>
    </p>
   </div>
   <div class='ocr_carea' id='block_1_50' title="bbox 1024 1183 1854 1227">
    <p class='ocr_par' dir='ltr' id='par_1_50' title="bbox 1024 1183 1854 1227">
     <span class='ocr_line' id='line_1_50' title="bbox 1024 1183 1854 1227; baseline -0.004 -11"><span class='ocrx_word' id='word_1_370' title='bbox 1024 1189 1067 1219; x_wconf 85' lang='grc' dir='ltr'>Τίς</span> <span class='ocrx_word' id='word_1_371' title='bbox 1084 1186 1106 1215; x_wconf 84' lang='grc' dir='ltr'>δ’</span> <span class='ocrx_word' id='word_1_372' title='bbox 1121 1188 1188 1226; x_wconf 79' lang='grc' dir='ltr'>ἀνὴρ</span> <span class='ocrx_word' id='word_1_373' title='bbox 1202 1190 1252 1220; x_wconf 85' lang='grc' dir='ltr'>τῆς</span> <span class='ocrx_word' id='word_1_374' title='bbox 1268 1187 1402 1227; x_wconf 78' lang='grc' dir='ltr'>ἀχράντου</span> <span class='ocrx_word' id='word_1_375' title='bbox 1412 1187 1456 1214; x_wconf 80' lang='grc' dir='ltr'><strong>καὶ</strong></span> <span class='ocrx_word' id='word_1_376' title='bbox 1467 1185 1646 1222; x_wconf 75' lang='grc' dir='ltr'>παναμώμου,</span> <span class='ocrx_word' id='word_1_377' title='bbox 1660 1186 1673 1211; x_wconf 81' lang='grc' dir='ltr'><strong>ὁ</strong></span> <span class='ocrx_word' id='word_1_378' title='bbox 1682 1183 1745 1223; x_wconf 82' lang='grc' dir='ltr'>παρ’</span> <span class='ocrx_word' id='word_1_379' title='bbox 1757 1184 1854 1213; x_wconf 74' lang='grc' dir='ltr'>ἑαυτοῦ</span> 
     </span>
    </p>
   </div>
   <div class='ocr_carea' id='block_1_51' title="bbox 1023 1227 1852 1271">
    <p class='ocr_par' dir='ltr' id='par_1_51' title="bbox 1023 1227 1852 1271">
     <span class='ocr_line' id='line_1_51' title="bbox 1023 1227 1852 1271; baseline -0.005 -12"><span class='ocrx_word' id='word_1_380' title='bbox 1023 1231 1178 1263; x_wconf 72' lang='grc' dir='ltr'>συντελέσας</span> <span class='ocrx_word' id='word_1_381' title='bbox 1189 1243 1213 1260; x_wconf 90' lang='grc' dir='ltr'><strong>τι</strong></span> <span class='ocrx_word' id='word_1_382' title='bbox 1229 1233 1294 1271; x_wconf 78' lang='grc' dir='ltr'>πρὸς</span> <span class='ocrx_word' id='word_1_383' title='bbox 1310 1231 1357 1265; x_wconf 72' lang='grc' dir='ltr'><strong>τὴν</strong></span> <span class='ocrx_word' id='word_1_384' title='bbox 1371 1230 1483 1270; x_wconf 69' lang='grc' dir='ltr'>ἄρρητον</span> <span class='ocrx_word' id='word_1_385' title='bbox 1503 1229 1625 1268; x_wconf 78' lang='grc' dir='ltr'>γέννησιν</span> <span class='ocrx_word' id='word_1_386' title='bbox 1641 1238 1649 1268; x_wconf 80' lang='grc'>;</span> <span class='ocrx_word' id='word_1_387' title='bbox 1672 1229 1707 1255; x_wconf 78' lang='grc' dir='ltr'><strong>Σὺ</strong></span> <span class='ocrx_word' id='word_1_388' title='bbox 1722 1227 1744 1255; x_wconf 82' lang='grc' dir='ltr'>δ’</span> <span class='ocrx_word' id='word_1_389' title='bbox 1758 1228 1852 1256; x_wconf 81' lang='grc' dir='ltr'>ἐντεῦ-</span> 
     </span>
    </p>
   </div>
   <div class='ocr_carea' id='block_1_52' title="bbox 1022 1272 1852 1316">
    <p class='ocr_par' dir='ltr' id='par_1_52' title="bbox 1022 1272 1852 1316">
     <span class='ocr_line' id='line_1_52' title="bbox 1022 1272 1852 1316; baseline -0.006 -12"><span class='ocrx_word' id='word_1_390' title='bbox 1022 1278 1065 1304; x_wconf 79' lang='grc' dir='ltr'>θεν</span> <span class='ocrx_word' id='word_1_391' title='bbox 1078 1275 1189 1316; x_wconf 76' lang='grc' dir='ltr'>ἐκδέχου</span> <span class='ocrx_word' id='word_1_392' title='bbox 1215 1277 1244 1303; x_wconf 81' lang='grc' dir='ltr'>τὸ</span> <span class='ocrx_word' id='word_1_393' title='bbox 1265 1275 1435 1315; x_wconf 76' lang='grc' dir='ltr'>ἀντιστρέφον</span> <span class='ocrx_word' id='word_1_394' title='bbox 1449 1273 1476 1295; x_wconf 63' lang='grc'><strong>⁵4</strong></span> <span class='ocrx_word' id='word_1_395' title='bbox 1493 1281 1500 1288; x_wconf 91' lang='grc'><strong>”</strong></span> <span class='ocrx_word' id='word_1_396' title='bbox 1532 1273 1612 1311; x_wconf 81' lang='grc' dir='ltr'>μόνος</span> <span class='ocrx_word' id='word_1_397' title='bbox 1642 1272 1685 1301; x_wconf 83' lang='grc' dir='ltr'><strong>οὗν</strong></span> <span class='ocrx_word' id='word_1_398' title='bbox 1708 1272 1821 1312; x_wconf 76' lang='grc' dir='ltr'>ἀμήτωρ</span> <span class='ocrx_word' id='word_1_399' title='bbox 1838 1274 1852 1300; x_wconf 84' lang='grc' dir='ltr'>ὁ</span> 
     </span>
    </p>
   </div>
   <div class='ocr_carea' id='block_1_53' title="bbox 1022 1317 1851 1359">
    <p class='ocr_par' dir='ltr' id='par_1_53' title="bbox 1022 1317 1851 1359">
     <span class='ocr_line' id='line_1_53' title="bbox 1022 1317 1851 1359; baseline -0.006 -11"><span class='ocrx_word' id='word_1_400' title='bbox 1022 1321 1066 1348; x_wconf 80' lang='grc' dir='ltr'><strong>καὶ</strong></span> <span class='ocrx_word' id='word_1_401' title='bbox 1080 1320 1189 1359; x_wconf 84' lang='grc' dir='ltr'>ἀπάτωρ</span> <span class='ocrx_word' id='word_1_402' title='bbox 1206 1330 1212 1336; x_wconf 90' lang='grc'><strong><em>“</em></strong></span> <span class='ocrx_word' id='word_1_403' title='bbox 1231 1320 1312 1357; x_wconf 81' lang='grc' dir='ltr'>μόνος</span> <span class='ocrx_word' id='word_1_404' title='bbox 1328 1319 1360 1347; x_wconf 88' lang='grc' dir='ltr'>δι’</span> <span class='ocrx_word' id='word_1_405' title='bbox 1374 1319 1406 1347; x_wconf 81' lang='grc' dir='ltr'>αὖ</span> <span class='ocrx_word' id='word_1_406' title='bbox 1415 1319 1536 1357; x_wconf 79' lang='grc' dir='ltr'>ἀπάτωρ,</span> <span class='ocrx_word' id='word_1_407' title='bbox 1560 1319 1574 1346; x_wconf 83' lang='grc' dir='ltr'>ὁ</span> <span class='ocrx_word' id='word_1_408' title='bbox 1589 1318 1632 1345; x_wconf 82' lang='grc' dir='ltr'>καὶ</span> <span class='ocrx_word' id='word_1_409' title='bbox 1643 1317 1756 1356; x_wconf 78' lang='grc' dir='ltr'>ἀμήτωρ</span> <span class='ocrx_word' id='word_1_410' title='bbox 1773 1324 1780 1331; x_wconf 89' lang='grc'>·</span> <span class='ocrx_word' id='word_1_411' title='bbox 1798 1319 1851 1350; x_wconf 83' lang='grc' dir='ltr'>τῆς</span> 
     </span>
    </p>
   </div>
   <div class='ocr_carea' id='block_1_54' title="bbox 1024 1360 1851 1404">
    <p class='ocr_par' dir='ltr' id='par_1_54' title="bbox 1024 1360 1851 1404">
     <span class='ocr_line' id='line_1_54' title="bbox 1024 1360 1851 1404; baseline -0.006 -11"><span class='ocrx_word' id='word_1_412' title='bbox 1024 1367 1105 1398; x_wconf 71' lang='grc' dir='ltr'>αὐτῆς</span> <span class='ocrx_word' id='word_1_413' title='bbox 1140 1365 1190 1404; x_wconf 76' lang='grc' dir='ltr'>γὰρ</span> <span class='ocrx_word' id='word_1_414' title='bbox 1219 1364 1298 1404; x_wconf 74' lang='grc' dir='ltr'>ἄμφω</span> <span class='ocrx_word' id='word_1_415' title='bbox 1333 1363 1467 1401; x_wconf 78' lang='grc' dir='ltr'>δυνάμεως</span> <span class='ocrx_word' id='word_1_416' title='bbox 1486 1370 1492 1378; x_wconf 94' lang='lat'>&#39;</span> <span class='ocrx_word' id='word_1_417' title='bbox 1531 1361 1633 1399; x_wconf 67' lang='grc' dir='ltr'>μᾶλλον</span> <span class='ocrx_word' id='word_1_418' title='bbox 1655 1360 1682 1389; x_wconf 81' lang='grc' dir='ltr'>δὲ</span> <span class='ocrx_word' id='word_1_419' title='bbox 1713 1362 1790 1392; x_wconf 76' lang='grc' dir='ltr'>αὐτὸς</span> <span class='ocrx_word' id='word_1_420' title='bbox 1805 1362 1851 1389; x_wconf 79' lang='grc' dir='ltr'><strong>καὶ</strong></span> 
     </span>
    </p>
   </div>
   <div class='ocr_carea' id='block_1_55' title="bbox 1023 1409 1170 1449">
    <p class='ocr_par' dir='ltr' id='par_1_55' title="bbox 1023 1409 1170 1449">
     <span class='ocr_line' id='line_1_55' title="bbox 1023 1409 1170 1449; baseline 0.014 -12"><span class='ocrx_word' id='word_1_421' title='bbox 1023 1409 1170 1449; x_wconf 75' lang='grc' dir='ltr'>ἀμφότερα.</span> 
     </span>
    </p>
   </div>
   <div class='ocr_carea' id='block_1_56' title="bbox 158 1450 1852 1492">
    <p class='ocr_par' dir='ltr' id='par_1_56' title="bbox 158 1450 1852 1492">
     <span class='ocr_line' id='line_1_56' title="bbox 158 1450 1852 1492; baseline -0.001 -12"><span class='ocrx_word' id='word_1_422' title='bbox 158 1450 280 1482; x_wconf 84' lang='lat' dir='ltr'><strong>tulerit?</strong></span> <span class='ocrx_word' id='word_1_423' title='bbox 295 1451 338 1482; x_wconf 90' lang='lat' dir='ltr'><strong>Tu</strong></span> <span class='ocrx_word' id='word_1_424' title='bbox 355 1462 423 1483; x_wconf 90' lang='lat' dir='ltr'><strong>vero</strong></span> <span class='ocrx_word' id='word_1_425' title='bbox 441 1453 509 1483; x_wconf 92' lang='lat' dir='ltr'><strong>hinc</strong></span> <span class='ocrx_word' id='word_1_426' title='bbox 526 1452 602 1483; x_wconf 70' lang='lat' dir='ltr'><strong>inve:</strong></span> <span class='ocrx_word' id='word_1_427' title='bbox 612 1462 674 1483; x_wconf 88' lang='lat' dir='ltr'><strong>sam</strong></span> <span class='ocrx_word' id='word_1_428' title='bbox 700 1453 743 1483; x_wconf 90' lang='lat' dir='ltr'><strong>rei</strong></span> <span class='ocrx_word' id='word_1_429' title='bbox 769 1453 913 1483; x_wconf 85' lang='lat' dir='ltr'><strong>rationem</strong></span> <span class='ocrx_word' id='word_1_430' title='bbox 930 1464 937 1488; x_wconf 84' lang='lat'><strong>;</strong></span> <span class='ocrx_word' id='word_1_431' title='bbox 964 1453 1046 1484; x_wconf 90' lang='lat' dir='ltr'><strong>solus</strong></span> <span class='ocrx_word' id='word_1_432' title='bbox 1061 1453 1150 1492; x_wconf 82' lang='lat' dir='ltr'><strong>igitur</strong></span> <span class='ocrx_word' id='word_1_433' title='bbox 1165 1453 1230 1484; x_wconf 88' lang='lat' dir='ltr'><strong>sine</strong></span> <span class='ocrx_word' id='word_1_434' title='bbox 1255 1456 1359 1490; x_wconf 88' lang='lat' dir='ltr'><strong>matre,</strong></span> <span class='ocrx_word' id='word_1_435' title='bbox 1376 1452 1427 1492; x_wconf 92' lang='lat' dir='ltr'><strong>qui</strong></span> <span class='ocrx_word' id='word_1_436' title='bbox 1443 1456 1489 1482; x_wconf 87' lang='lat' dir='ltr'><strong>est</strong></span> <span class='ocrx_word' id='word_1_437' title='bbox 1501 1454 1531 1483; x_wconf 87' lang='lat' dir='ltr'><strong>et.</strong></span> <span class='ocrx_word' id='word_1_438' title='bbox 1543 1450 1608 1481; x_wconf 88' lang='lat' dir='ltr'><strong>sine</strong></span> <span class='ocrx_word' id='word_1_439' title='bbox 1624 1453 1732 1490; x_wconf 90' lang='lat' dir='ltr'><strong>patre;</strong></span> <span class='ocrx_word' id='word_1_440' title='bbox 1746 1458 1852 1480; x_wconf 85' lang='lat' dir='ltr'><strong>rursus</strong></span> 
     </span>
    </p>
   </div>
   <div class='ocr_carea' id='block_1_57' title="bbox 159 1493 1851 1538">
    <p class='ocr_par' dir='ltr' id='par_1_57' title="bbox 159 1493 1851 1538">
     <span class='ocr_line' id='line_1_57' title="bbox 159 1493 1851 1538; baseline -0.001 -13"><span class='ocrx_word' id='word_1_441' title='bbox 159 1499 259 1526; x_wconf 88' lang='lat' dir='ltr'><strong>autem</strong></span> <span class='ocrx_word' id='word_1_442' title='bbox 275 1495 356 1526; x_wconf 85' lang='lat' dir='ltr'><strong>solus</strong></span> <span class='ocrx_word' id='word_1_443' title='bbox 372 1496 436 1526; x_wconf 90' lang='lat' dir='ltr'><strong>sine</strong></span> <span class='ocrx_word' id='word_1_444' title='bbox 453 1501 546 1536; x_wconf 85' lang='lat' dir='ltr'><strong>patre.</strong></span> <span class='ocrx_word' id='word_1_445' title='bbox 564 1497 613 1536; x_wconf 90' lang='lat' dir='ltr'><strong>qui</strong></span> <span class='ocrx_word' id='word_1_446' title='bbox 631 1501 659 1527; x_wconf 92' lang='lat' dir='ltr'><strong>et</strong></span> <span class='ocrx_word' id='word_1_447' title='bbox 673 1497 738 1527; x_wconf 88' lang='lat' dir='ltr'><strong>sine</strong></span> <span class='ocrx_word' id='word_1_448' title='bbox 752 1501 845 1527; x_wconf 88' lang='lat' dir='ltr'><strong>matre</strong></span> <span class='ocrx_word' id='word_1_449' title='bbox 863 1507 870 1526; x_wconf 88' lang='lat'><strong>:</strong></span> <span class='ocrx_word' id='word_1_450' title='bbox 890 1506 957 1528; x_wconf 85' lang='lat' dir='ltr'><strong>nam</strong></span> <span class='ocrx_word' id='word_1_451' title='bbox 984 1502 1142 1538; x_wconf 90' lang='lat' dir='ltr'><strong>utrumque</strong></span> <span class='ocrx_word' id='word_1_452' title='bbox 1166 1497 1301 1528; x_wconf 86' lang='lat' dir='ltr'><strong>eamdem</strong></span> <span class='ocrx_word' id='word_1_453' title='bbox 1327 1496 1452 1536; x_wconf 85' lang='lat' dir='ltr'><strong>requirit</strong></span> <span class='ocrx_word' id='word_1_454' title='bbox 1477 1495 1627 1527; x_wconf 85' lang='lat' dir='ltr'><strong>virtutem.</strong></span> <span class='ocrx_word' id='word_1_455' title='bbox 1651 1504 1715 1533; x_wconf 90' lang='lat' dir='ltr'><strong>seu,</strong></span> <span class='ocrx_word' id='word_1_456' title='bbox 1742 1493 1851 1525; x_wconf 89' lang='lat' dir='ltr'><strong>melius</strong></span> 
     </span>
    </p>
   </div>
   <div class='ocr_carea' id='block_1_58' title="bbox 159 1539 712 1580">
    <p class='ocr_par' dir='ltr' id='par_1_58' title="bbox 159 1539 712 1580">
     <span class='ocr_line' id='line_1_58' title="bbox 159 1539 712 1580; baseline 0.004 -11"><span class='ocrx_word' id='word_1_457' title='bbox 159 1539 295 1570; x_wconf 86' lang='lat' dir='ltr'><strong>dixerim.</strong></span> <span class='ocrx_word' id='word_1_458' title='bbox 314 1539 391 1570; x_wconf 90' lang='lat' dir='ltr'><strong>idem</strong></span> <span class='ocrx_word' id='word_1_459' title='bbox 409 1541 473 1580; x_wconf 86' lang='lat' dir='ltr'><strong>ipse</strong></span> <span class='ocrx_word' id='word_1_460' title='bbox 485 1545 530 1571; x_wconf 90' lang='lat' dir='ltr'><strong>est</strong></span> <span class='ocrx_word' id='word_1_461' title='bbox 544 1545 712 1580; x_wconf 90' lang='lat' dir='ltr'><strong>utrumque.</strong></span> 
     </span>
    </p>
   </div>
   <div class='ocr_carea' id='block_1_59' title="bbox 197 1583 1009 1626">
    <p class='ocr_par' dir='ltr' id='par_1_59' title="bbox 197 1583 1009 1626">
     <span class='ocr_line' id='line_1_59' title="bbox 197 1583 1009 1626; baseline 0.004 -12"><span class='ocrx_word' id='word_1_462' title='bbox 197 1583 260 1614; x_wconf 84' lang='lat' dir='ltr'><strong>XII.</strong></span> <span class='ocrx_word' id='word_1_463' title='bbox 278 1583 360 1614; x_wconf 91' lang='lat' dir='ltr'><strong>Unus</strong></span> <span class='ocrx_word' id='word_1_464' title='bbox 376 1584 416 1615; x_wconf 87' lang='lat' dir='ltr'><strong>ibi</strong></span> <span class='ocrx_word' id='word_1_465' title='bbox 432 1584 521 1622; x_wconf 80' lang='lat' dir='ltr'><strong>Deus,</strong></span> <span class='ocrx_word' id='word_1_466' title='bbox 539 1586 590 1616; x_wconf 87' lang='lat' dir='ltr'><strong>sed</strong></span> <span class='ocrx_word' id='word_1_467' title='bbox 623 1595 681 1616; x_wconf 95' lang='lat' dir='ltr'><strong>non</strong></span> <span class='ocrx_word' id='word_1_468' title='bbox 699 1596 789 1616; x_wconf 93' lang='lat' dir='ltr'><strong>unum</strong></span> <span class='ocrx_word' id='word_1_469' title='bbox 807 1586 1009 1626; x_wconf 86' lang='lat' dir='ltr'><strong>simpliciterc</strong></span> 
     </span>
    </p>
   </div>
   <div class='ocr_carea' id='block_1_60' title="bbox 159 1627 985 1670">
    <p class='ocr_par' dir='ltr' id='par_1_60' title="bbox 159 1627 985 1670">
     <span class='ocr_line' id='line_1_60' title="bbox 159 1627 985 1670; baseline 0.006 -13"><span class='ocrx_word' id='word_1_470' title='bbox 159 1627 262 1658; x_wconf 89' lang='lat' dir='ltr'><strong>eadem</strong></span> <span class='ocrx_word' id='word_1_471' title='bbox 279 1628 404 1665; x_wconf 82' lang='lat' dir='ltr'><strong>ratione,</strong></span> <span class='ocrx_word' id='word_1_472' title='bbox 415 1638 471 1669; x_wconf 91' lang='lat' dir='ltr'><strong>qua</strong></span> <span class='ocrx_word' id='word_1_473' title='bbox 485 1634 514 1659; x_wconf 89' lang='lat' dir='ltr'><strong>et</strong></span> <span class='ocrx_word' id='word_1_474' title='bbox 525 1630 601 1662; x_wconf 84' lang='lat' dir='ltr'><strong>tria:</strong></span> <span class='ocrx_word' id='word_1_475' title='bbox 618 1635 836 1670; x_wconf 86' lang='lat' dir='ltr'><strong>consequenter</strong></span> <span class='ocrx_word' id='word_1_476' title='bbox 845 1635 942 1662; x_wconf 87' lang='lat' dir='ltr'><strong>autem</strong></span> <span class='ocrx_word' id='word_1_477' title='bbox 956 1636 985 1662; x_wconf 92' lang='lat' dir='ltr'><strong>et</strong></span> 
     </span>
    </p>
   </div>
   <div class='ocr_carea' id='block_1_61' title="bbox 161 1672 983 1714">
    <p class='ocr_par' dir='ltr' id='par_1_61' title="bbox 161 1672 983 1714">
     <span class='ocr_line' id='line_1_61' title="bbox 161 1672 983 1714; baseline 0.005 -12"><span class='ocrx_word' id='word_1_478' title='bbox 161 1672 214 1702; x_wconf 88' lang='lat' dir='ltr'><strong>tria</strong></span> <span class='ocrx_word' id='word_1_479' title='bbox 227 1677 295 1703; x_wconf 93' lang='lat' dir='ltr'><strong>sunt</strong></span> <span class='ocrx_word' id='word_1_480' title='bbox 309 1682 414 1713; x_wconf 89' lang='lat' dir='ltr'><strong>unum,</strong></span> <span class='ocrx_word' id='word_1_481' title='bbox 442 1674 684 1714; x_wconf 87' lang='lat' dir='ltr'><strong>quandoquidem</strong></span> <span class='ocrx_word' id='word_1_482' title='bbox 710 1685 786 1705; x_wconf 90' lang='lat' dir='ltr'><strong>unus</strong></span> <span class='ocrx_word' id='word_1_483' title='bbox 802 1675 899 1706; x_wconf 91' lang='lat' dir='ltr'><strong>denuo</strong></span> <span class='ocrx_word' id='word_1_484' title='bbox 916 1681 983 1706; x_wconf 89' lang='lat' dir='ltr'><strong>sunt</strong></span> 
     </span>
    </p>
   </div>
   <div class='ocr_carea' id='block_1_62' title="bbox 158 1717 983 1760">
    <p class='ocr_par' dir='ltr' id='par_1_62' title="bbox 158 1717 983 1760">
     <span class='ocr_line' id='line_1_62' title="bbox 158 1717 983 1760; baseline 0.004 -13"><span class='ocrx_word' id='word_1_485' title='bbox 158 1717 248 1756; x_wconf 85' lang='lat' dir='ltr'><strong>Deus,</strong></span> <span class='ocrx_word' id='word_1_486' title='bbox 266 1718 352 1748; x_wconf 84' lang='lat' dir='ltr'><strong>Pater</strong></span> <span class='ocrx_word' id='word_1_487' title='bbox 366 1722 395 1748; x_wconf 91' lang='lat' dir='ltr'><strong>et</strong></span> <span class='ocrx_word' id='word_1_488' title='bbox 410 1718 502 1749; x_wconf 86' lang='lat' dir='ltr'><strong>Filius</strong></span> <span class='ocrx_word' id='word_1_489' title='bbox 517 1723 546 1749; x_wconf 91' lang='lat' dir='ltr'><strong>et</strong></span> <span class='ocrx_word' id='word_1_490' title='bbox 561 1719 690 1759; x_wconf 87' lang='lat' dir='ltr'><strong>Spiritus</strong></span> <span class='ocrx_word' id='word_1_491' title='bbox 705 1724 835 1756; x_wconf 83' lang='lat' dir='ltr'><strong>sanctus,</strong></span> <span class='ocrx_word' id='word_1_492' title='bbox 861 1729 927 1760; x_wconf 66' lang='lat' dir='ltr'><strong>quae</strong></span> <span class='ocrx_word' id='word_1_493' title='bbox 940 1725 983 1751; x_wconf 90' lang='lat' dir='ltr'><strong>est</strong></span> 
     </span>
    </p>
   </div>
   <div class='ocr_carea' id='block_1_63' title="bbox 160 1760 982 1801">
    <p class='ocr_par' dir='ltr' id='par_1_63' title="bbox 160 1760 982 1801">
     <span class='ocr_line' id='line_1_63' title="bbox 160 1760 982 1801; baseline 0.005 -10"><span class='ocrx_word' id='word_1_494' title='bbox 160 1760 245 1792; x_wconf 83' lang='lat' dir='ltr'><strong>beata</strong></span> <span class='ocrx_word' id='word_1_495' title='bbox 258 1761 397 1793; x_wconf 91' lang='lat' dir='ltr'><strong>Trinitas.</strong></span> <span class='ocrx_word' id='word_1_496' title='bbox 411 1763 532 1793; x_wconf 73' lang='lat' dir='ltr'><strong>Ailterno</strong></span> <span class='ocrx_word' id='word_1_497' title='bbox 545 1773 579 1794; x_wconf 84' lang='lat' dir='ltr'><strong>ex</strong></span> <span class='ocrx_word' id='word_1_498' title='bbox 591 1763 676 1794; x_wconf 86' lang='lat' dir='ltr'><strong>Patre</strong></span> <span class='ocrx_word' id='word_1_499' title='bbox 687 1767 817 1794; x_wconf 73' lang='lat' dir='ltr'><strong>aeternus</strong></span> <span class='ocrx_word' id='word_1_500' title='bbox 828 1768 871 1794; x_wconf 90' lang='lat' dir='ltr'><strong>est</strong></span> <span class='ocrx_word' id='word_1_501' title='bbox 880 1764 982 1801; x_wconf 85' lang='lat' dir='ltr'><strong>Filius,</strong></span> 
     </span>
    </p>
   </div>
   <div class='ocr_carea' id='block_1_64' title="bbox 158 1806 984 1846">
    <p class='ocr_par' dir='ltr' id='par_1_64' title="bbox 158 1806 984 1846">
     <span class='ocr_line' id='line_1_64' title="bbox 158 1806 984 1846; baseline 0.004 -10"><span class='ocrx_word' id='word_1_502' title='bbox 158 1806 209 1846; x_wconf 92' lang='lat' dir='ltr'><strong>qui</strong></span> <span class='ocrx_word' id='word_1_503' title='bbox 221 1815 310 1843; x_wconf 92' lang='lat' dir='ltr'><strong>nunc,</strong></span> <span class='ocrx_word' id='word_1_504' title='bbox 327 1816 342 1836; x_wconf 72' lang='grc' dir='ltr'><strong>ιι</strong></span> <span class='ocrx_word' id='word_1_505' title='bbox 358 1807 408 1837; x_wconf 93' lang='lat' dir='ltr'><strong>tali</strong></span> <span class='ocrx_word' id='word_1_506' title='bbox 429 1807 520 1838; x_wconf 87' lang='lat' dir='ltr'><strong>Matre</strong></span> <span class='ocrx_word' id='word_1_507' title='bbox 533 1808 661 1846; x_wconf 81' lang='lat' dir='ltr'><strong>genitus,</strong></span> <span class='ocrx_word' id='word_1_508' title='bbox 676 1809 836 1839; x_wconf 79' lang='lat' dir='ltr'><strong>exsistendi</strong></span> <span class='ocrx_word' id='word_1_509' title='bbox 848 1809 933 1839; x_wconf 89' lang='lat' dir='ltr'><strong>initio</strong></span> <span class='ocrx_word' id='word_1_510' title='bbox 946 1810 984 1840; x_wconf 84' lang='lat' dir='ltr'><strong>fa-</strong></span> 
     </span>
    </p>
   </div>
   <div class='ocr_carea' id='block_1_65' title="bbox 159 1853 985 1894">
    <p class='ocr_par' dir='ltr' id='par_1_65' title="bbox 159 1853 985 1894">
     <span class='ocr_line' id='line_1_65' title="bbox 159 1853 985 1894; baseline 0.002 -12"><span class='ocrx_word' id='word_1_511' title='bbox 159 1857 223 1882; x_wconf 89' lang='lat' dir='ltr'><strong>ctus</strong></span> <span class='ocrx_word' id='word_1_512' title='bbox 235 1857 279 1883; x_wconf 87' lang='lat' dir='ltr'><strong>est</strong></span> <span class='ocrx_word' id='word_1_513' title='bbox 293 1853 449 1884; x_wconf 84' lang='lat' dir='ltr'><strong>obnoxius.</strong></span> <span class='ocrx_word' id='word_1_514' title='bbox 464 1854 499 1883; x_wconf 84' lang='lat' dir='ltr'><strong>At</strong></span> <span class='ocrx_word' id='word_1_515' title='bbox 512 1854 590 1893; x_wconf 86' lang='lat' dir='ltr'><strong>quod</strong></span> <span class='ocrx_word' id='word_1_516' title='bbox 603 1863 718 1884; x_wconf 87' lang='lat' dir='ltr'><strong>summa</strong></span> <span class='ocrx_word' id='word_1_517' title='bbox 730 1857 874 1894; x_wconf 87' lang='lat' dir='ltr'><strong>potestate</strong></span> <span class='ocrx_word' id='word_1_518' title='bbox 885 1854 985 1885; x_wconf 88' lang='lat' dir='ltr'><strong>omnia</strong></span> 
     </span>
    </p>
   </div>
   <div class='ocr_carea' id='block_1_66' title="bbox 157 1897 986 1936">
    <p class='ocr_par' dir='ltr' id='par_1_66' title="bbox 157 1897 986 1936">
     <span class='ocr_line' id='line_1_66' title="bbox 157 1897 986 1936; baseline 0.002 -9"><span class='ocrx_word' id='word_1_519' title='bbox 157 1897 300 1934; x_wconf 85' lang='lat' dir='ltr'><strong>continet,</strong></span> <span class='ocrx_word' id='word_1_520' title='bbox 315 1907 349 1928; x_wconf 89' lang='lat' dir='ltr'><strong>ac</strong></span> <span class='ocrx_word' id='word_1_521' title='bbox 361 1898 542 1936; x_wconf 87' lang='lat' dir='ltr'><strong>moderatur,</strong></span> <span class='ocrx_word' id='word_1_522' title='bbox 557 1908 613 1929; x_wconf 91' lang='lat' dir='ltr'><strong>una</strong></span> <span class='ocrx_word' id='word_1_523' title='bbox 623 1898 854 1929; x_wconf 89' lang='lat' dir='ltr'><strong>omninouatura</strong></span> <span class='ocrx_word' id='word_1_524' title='bbox 864 1903 918 1935; x_wconf 79' lang='lat' dir='ltr'><strong>est,</strong></span> <span class='ocrx_word' id='word_1_525' title='bbox 928 1908 986 1929; x_wconf 89' lang='lat' dir='ltr'><strong>una</strong></span> 
     </span>
    </p>
   </div>
   <div class='ocr_carea' id='block_1_67' title="bbox 157 1941 984 1984">
    <p class='ocr_par' dir='ltr' id='par_1_67' title="bbox 157 1941 984 1984">
     <span class='ocr_line' id='line_1_67' title="bbox 157 1941 984 1984; baseline 0.002 -12"><span class='ocrx_word' id='word_1_526' title='bbox 157 1941 395 1977; x_wconf 86' lang='lat' dir='ltr'><strong>voluntas,actio.</strong></span> <span class='ocrx_word' id='word_1_527' title='bbox 415 1943 545 1982; x_wconf 77' lang='lat' dir='ltr'><strong>energia,</strong></span> <span class='ocrx_word' id='word_1_528' title='bbox 568 1943 671 1978; x_wconf 87' lang='lat' dir='ltr'><strong>virtus,</strong></span> <span class='ocrx_word' id='word_1_529' title='bbox 685 1943 984 1984; x_wconf 83' lang='lat' dir='ltr'><strong>substantia,divini-</strong></span> 
     </span>
    </p>
   </div>
   <div class='ocr_carea' id='block_1_68' title="bbox 158 1986 984 2028">
    <p class='ocr_par' dir='ltr' id='par_1_68' title="bbox 158 1986 984 2028">
     <span class='ocr_line' id='line_1_68' title="bbox 158 1986 984 2028; baseline 0.002 -12"><span class='ocrx_word' id='word_1_530' title='bbox 158 1990 227 2024; x_wconf 84' lang='lat' dir='ltr'><strong>tas;</strong></span> <span class='ocrx_word' id='word_1_531' title='bbox 257 1992 283 2016; x_wconf 81' lang='lat' dir='ltr'><strong>et</strong></span> <span class='ocrx_word' id='word_1_532' title='bbox 310 1986 340 2016; x_wconf 92' lang='lat' dir='ltr'><strong>in</strong></span> <span class='ocrx_word' id='word_1_533' title='bbox 368 1987 483 2018; x_wconf 84' lang='lat' dir='ltr'><strong>caeteris</strong></span> <span class='ocrx_word' id='word_1_534' title='bbox 506 1987 627 2027; x_wconf 90' lang='lat' dir='ltr'><strong>quidem</strong></span> <span class='ocrx_word' id='word_1_535' title='bbox 656 1987 832 2027; x_wconf 85' lang='lat' dir='ltr'><strong>simplicitas</strong></span> <span class='ocrx_word' id='word_1_536' title='bbox 849 1988 984 2028; x_wconf 76' lang='lat' dir='ltr'><strong>quaedam</strong></span> 
     </span>
    </p>
   </div>
   <div class='ocr_carea' id='block_1_69' title="bbox 157 2032 984 2073">
    <p class='ocr_par' dir='ltr' id='par_1_69' title="bbox 157 2032 984 2073">
     <span class='ocr_line' id='line_1_69' title="bbox 157 2032 984 2073; baseline 0 -11"><span class='ocrx_word' id='word_1_537' title='bbox 157 2040 278 2070; x_wconf 83' lang='lat' dir='ltr'><strong>prorsus</strong></span> <span class='ocrx_word' id='word_1_538' title='bbox 294 2032 449 2062; x_wconf 88' lang='lat' dir='ltr'><strong>monadica</strong></span> <span class='ocrx_word' id='word_1_539' title='bbox 464 2037 553 2072; x_wconf 89' lang='lat' dir='ltr'><strong>atque</strong></span> <span class='ocrx_word' id='word_1_540' title='bbox 581 2042 650 2068; x_wconf 79' lang='lat' dir='ltr'><strong>una,</strong></span> <span class='ocrx_word' id='word_1_541' title='bbox 682 2032 777 2062; x_wconf 92' lang='lat' dir='ltr'><strong>solum</strong></span> <span class='ocrx_word' id='word_1_542' title='bbox 803 2042 871 2063; x_wconf 87' lang='lat' dir='ltr'><strong>vero</strong></span> <span class='ocrx_word' id='word_1_543' title='bbox 888 2033 984 2073; x_wconf 91' lang='lat' dir='ltr'><strong>quoad</strong></span> 
     </span>
    </p>
   </div>
   <div class='ocr_carea' id='block_1_70' title="bbox 158 2075 984 2117">
    <p class='ocr_par' dir='ltr' id='par_1_70' title="bbox 158 2075 984 2117">
     <span class='ocr_line' id='line_1_70' title="bbox 158 2075 984 2117; baseline 0.001 -11"><span class='ocrx_word' id='word_1_544' title='bbox 158 2075 341 2115; x_wconf 83' lang='lat' dir='ltr'><strong>hypostases,</strong></span> <span class='ocrx_word' id='word_1_545' title='bbox 359 2081 387 2106; x_wconf 91' lang='lat' dir='ltr'><strong>et</strong></span> <span class='ocrx_word' id='word_1_546' title='bbox 401 2077 495 2116; x_wconf 83' lang='lat' dir='ltr'><strong>quoad</strong></span> <span class='ocrx_word' id='word_1_547' title='bbox 527 2077 735 2117; x_wconf 77' lang='lat' dir='ltr'><strong>proprietates,</strong></span> <span class='ocrx_word' id='word_1_548' title='bbox 768 2087 834 2117; x_wconf 82' lang='lat' dir='ltr'><strong>quae</strong></span> <span class='ocrx_word' id='word_1_549' title='bbox 851 2077 922 2117; x_wconf 88' lang='lat' dir='ltr'><strong>ipsis</strong></span> <span class='ocrx_word' id='word_1_550' title='bbox 936 2077 984 2107; x_wconf 83' lang='lat' dir='ltr'><strong>in-</strong></span> 
     </span>
    </p>
   </div>
   <div class='ocr_carea' id='block_1_71' title="bbox 157 2120 983 2160">
    <p class='ocr_par' dir='ltr' id='par_1_71' title="bbox 157 2120 983 2160">
     <span class='ocr_line' id='line_1_71' title="bbox 157 2120 983 2160; baseline 0.004 -11"><span class='ocrx_word' id='word_1_551' title='bbox 157 2124 236 2156; x_wconf 88' lang='lat' dir='ltr'><strong>sunt,</strong></span> <span class='ocrx_word' id='word_1_552' title='bbox 251 2120 338 2151; x_wconf 87' lang='lat' dir='ltr'><strong>trina.</strong></span> <span class='ocrx_word' id='word_1_553' title='bbox 351 2120 498 2151; x_wconf 88' lang='lat' dir='ltr'><strong>Hactenus</strong></span> <span class='ocrx_word' id='word_1_554' title='bbox 518 2121 617 2160; x_wconf 88' lang='lat' dir='ltr'><strong>itaque</strong></span> <span class='ocrx_word' id='word_1_555' title='bbox 638 2131 712 2152; x_wconf 86' lang='lat' dir='ltr'><strong>unus</strong></span> <span class='ocrx_word' id='word_1_556' title='bbox 729 2121 768 2151; x_wconf 89' lang='lat' dir='ltr'><strong>ibi</strong></span> <span class='ocrx_word' id='word_1_557' title='bbox 786 2122 876 2158; x_wconf 89' lang='lat' dir='ltr'><strong>Deus,</strong></span> <span class='ocrx_word' id='word_1_558' title='bbox 890 2131 923 2152; x_wconf 88' lang='lat' dir='ltr'><strong>ac</strong></span> <span class='ocrx_word' id='word_1_559' title='bbox 943 2121 983 2152; x_wconf 89' lang='lat' dir='ltr'><strong>nil</strong></span> 
     </span>
    </p>
   </div>
   <div class='ocr_carea' id='block_1_72' title="bbox 158 2164 982 2205">
    <p class='ocr_par' dir='ltr' id='par_1_72' title="bbox 158 2164 982 2205">
     <span class='ocr_line' id='line_1_72' title="bbox 158 2164 982 2205; baseline 0.002 -11"><span class='ocrx_word' id='word_1_560' title='bbox 158 2164 214 2194; x_wconf 84' lang='lat' dir='ltr'><strong>nisi</strong></span> <span class='ocrx_word' id='word_1_561' title='bbox 225 2165 393 2205; x_wconf 77' lang='lat' dir='ltr'><strong>aequalitas;</strong></span> <span class='ocrx_word' id='word_1_562' title='bbox 405 2165 484 2205; x_wconf 76' lang='lat' dir='ltr'><strong>quod</strong></span> <span class='ocrx_word' id='word_1_563' title='bbox 500 2165 626 2196; x_wconf 82' lang='lat' dir='ltr'><strong>adaliud</strong></span> <span class='ocrx_word' id='word_1_564' title='bbox 641 2175 709 2196; x_wconf 91' lang='lat' dir='ltr'><strong>vero</strong></span> <span class='ocrx_word' id='word_1_565' title='bbox 723 2169 848 2205; x_wconf 90' lang='lat' dir='ltr'><strong>spectat,</strong></span> <span class='ocrx_word' id='word_1_566' title='bbox 863 2166 982 2204; x_wconf 84' lang='lat' dir='ltr'><strong>videsis,</strong></span> 
     </span>
    </p>
   </div>
   <div class='ocr_carea' id='block_1_73' title="bbox 157 2209 983 2249">
    <p class='ocr_par' dir='ltr' id='par_1_73' title="bbox 157 2209 983 2249">
     <span class='ocr_line' id='line_1_73' title="bbox 157 2209 983 2249; baseline 0.001 -10"><span class='ocrx_word' id='word_1_567' title='bbox 157 2209 306 2249; x_wconf 90' lang='lat' dir='ltr'><strong>quomodo</strong></span> <span class='ocrx_word' id='word_1_568' title='bbox 324 2214 353 2240; x_wconf 90' lang='lat' dir='ltr'><strong>et</strong></span> <span class='ocrx_word' id='word_1_569' title='bbox 366 2210 523 2240; x_wconf 89' lang='lat' dir='ltr'><strong>dissimilia</strong></span> <span class='ocrx_word' id='word_1_570' title='bbox 547 2210 665 2247; x_wconf 88' lang='lat' dir='ltr'><strong>habeat,</strong></span> <span class='ocrx_word' id='word_1_571' title='bbox 698 2213 728 2240; x_wconf 92' lang='lat' dir='ltr'><strong>et</strong></span> <span class='ocrx_word' id='word_1_572' title='bbox 752 2211 840 2240; x_wconf 87' lang='lat' dir='ltr'><strong>simul</strong></span> <span class='ocrx_word' id='word_1_573' title='bbox 856 2211 885 2240; x_wconf 93' lang='lat' dir='ltr'><strong>in</strong></span> <span class='ocrx_word' id='word_1_574' title='bbox 903 2210 983 2240; x_wconf 64' lang='lat' dir='ltr'><strong>idem</strong></span> 
     </span>
    </p>
   </div>
   <div class='ocr_carea' id='block_1_74' title="bbox 1063 1582 1849 1627">
    <p class='ocr_par' dir='ltr' id='par_1_74' title="bbox 1063 1582 1849 1627">
     <span class='ocr_line' id='line_1_74' title="bbox 1063 1582 1849 1627; baseline -0.006 -11"><span class='ocrx_word' id='word_1_575' title='bbox 1063 1582 1115 1618; x_wconf 61' lang='lat' dir='ltr'><strong>IB&#39;.</strong></span> <span class='ocrx_word' id='word_1_576' title='bbox 1145 1587 1221 1616; x_wconf 75' lang='grc' dir='ltr'><strong>Ἐκεῖ</strong></span> <span class='ocrx_word' id='word_1_577' title='bbox 1243 1588 1307 1619; x_wconf 80' lang='grc' dir='ltr'>Θεὸς</span> <span class='ocrx_word' id='word_1_578' title='bbox 1329 1589 1382 1627; x_wconf 64' lang='grc' dir='ltr'>εἷς,</span> <span class='ocrx_word' id='word_1_579' title='bbox 1412 1586 1470 1615; x_wconf 82' lang='grc' dir='ltr'>ἀλλ’</span> <span class='ocrx_word' id='word_1_580' title='bbox 1500 1585 1550 1625; x_wconf 67' lang='grc' dir='ltr'><strong>οὔχ</strong></span> <span class='ocrx_word' id='word_1_581' title='bbox 1578 1587 1605 1614; x_wconf 83' lang='grc' dir='ltr'>ἓν</span> <span class='ocrx_word' id='word_1_582' title='bbox 1631 1583 1722 1615; x_wconf 80' lang='grc' dir='ltr'>ἅπλῶς</span> <span class='ocrx_word' id='word_1_583' title='bbox 1750 1584 1787 1615; x_wconf 83' lang='grc' dir='ltr'><strong>ὡς</strong></span> <span class='ocrx_word' id='word_1_584' title='bbox 1804 1585 1849 1611; x_wconf 81' lang='grc' dir='ltr'>καὶ</span> 
     </span>
    </p>
   </div>
   <div class='ocr_carea' id='block_1_75' title="bbox 1024 1627 1845 1672">
    <p class='ocr_par' dir='ltr' id='par_1_75' title="bbox 1024 1627 1845 1672">
     <span class='ocr_line' id='line_1_75' title="bbox 1024 1627 1845 1672; baseline -0.007 -12"><span class='ocrx_word' id='word_1_585' title='bbox 1024 1634 1081 1672; x_wconf 83' lang='grc' dir='ltr'>τρία</span> <span class='ocrx_word' id='word_1_586' title='bbox 1097 1641 1106 1650; x_wconf 84' lang='grc'><strong>⁹</strong></span> <span class='ocrx_word' id='word_1_587' title='bbox 1129 1634 1171 1661; x_wconf 82' lang='grc' dir='ltr'><strong>καὶ</strong></span> <span class='ocrx_word' id='word_1_588' title='bbox 1197 1633 1229 1660; x_wconf 82' lang='grc' dir='ltr'><strong>τὰ</strong></span> <span class='ocrx_word' id='word_1_589' title='bbox 1257 1633 1314 1671; x_wconf 79' lang='grc' dir='ltr'>τρία</span> <span class='ocrx_word' id='word_1_590' title='bbox 1342 1631 1364 1660; x_wconf 77' lang='grc' dir='ltr'>δ’</span> <span class='ocrx_word' id='word_1_591' title='bbox 1393 1632 1437 1660; x_wconf 79' lang='grc' dir='ltr'><strong>οὖν</strong></span> <span class='ocrx_word' id='word_1_592' title='bbox 1464 1632 1502 1670; x_wconf 83' lang='grc' dir='ltr'><strong>ἓν⁷</strong></span> <span class='ocrx_word' id='word_1_593' title='bbox 1530 1629 1671 1668; x_wconf 76' lang='grc' dir='ltr'>ἐπειδήπερ</span> <span class='ocrx_word' id='word_1_594' title='bbox 1700 1630 1741 1660; x_wconf 80' lang='grc' dir='ltr'>εἷς</span> <span class='ocrx_word' id='word_1_595' title='bbox 1764 1627 1845 1657; x_wconf 78' lang='grc' dir='ltr'>πάλιν</span> 
     </span>
    </p>
   </div>
   <div class='ocr_carea' id='block_1_76' title="bbox 1025 1674 1845 1716">
    <p class='ocr_par' dir='ltr' id='par_1_76' title="bbox 1025 1674 1845 1716">
     <span class='ocr_line' id='line_1_76' title="bbox 1025 1674 1845 1716; baseline -0.007 -11"><span class='ocrx_word' id='word_1_596' title='bbox 1025 1678 1127 1716; x_wconf 74' lang='grc' dir='ltr'>Πατὴρ,</span> <span class='ocrx_word' id='word_1_597' title='bbox 1144 1678 1187 1705; x_wconf 79' lang='grc' dir='ltr'>καὶ</span> <span class='ocrx_word' id='word_1_598' title='bbox 1202 1678 1273 1715; x_wconf 75' lang='grc' dir='ltr'><strong>Υἱὸς,</strong></span> <span class='ocrx_word' id='word_1_599' title='bbox 1300 1678 1317 1710; x_wconf 84' lang='grc' dir='ltr'>ἡ</span> <span class='ocrx_word' id='word_1_600' title='bbox 1343 1676 1419 1716; x_wconf 80' lang='grc' dir='ltr'>Τρίὰς</span> <span class='ocrx_word' id='word_1_601' title='bbox 1447 1677 1463 1710; x_wconf 76' lang='grc' dir='ltr'>ἡ</span> <span class='ocrx_word' id='word_1_602' title='bbox 1486 1676 1613 1714; x_wconf 73' lang='grc' dir='ltr'>μακαρία,</span> <span class='ocrx_word' id='word_1_603' title='bbox 1643 1674 1687 1702; x_wconf 76' lang='grc' dir='ltr'><strong>καὶ</strong></span> <span class='ocrx_word' id='word_1_604' title='bbox 1715 1676 1821 1710; x_wconf 77' lang='grc' dir='ltr'>Πνεῦμα</span> <span class='ocrx_word' id='word_1_605' title='bbox 1837 1679 1845 1687; x_wconf 77' lang='grc'><strong>’</strong></span> 
     </span>
    </p>
   </div>
   <div class='ocr_carea' id='block_1_77' title="bbox 1024 1716 1848 1761">
    <p class='ocr_par' dir='ltr' id='par_1_77' title="bbox 1024 1716 1848 1761">
     <span class='ocr_line' id='line_1_77' title="bbox 1024 1716 1848 1761; baseline -0.006 -12"><span class='ocrx_word' id='word_1_606' title='bbox 1024 1722 1084 1749; x_wconf 62' lang='lat' dir='ltr'><strong>ria:</strong></span> <span class='ocrx_word' id='word_1_607' title='bbox 1104 1721 1219 1761; x_wconf 74' lang='grc' dir='ltr'>ἄναρχος</span> <span class='ocrx_word' id='word_1_608' title='bbox 1247 1721 1272 1754; x_wconf 78' lang='grc' dir='ltr'>ἐξ</span> <span class='ocrx_word' id='word_1_609' title='bbox 1300 1721 1416 1761; x_wconf 65' lang='grc' dir='ltr'>ἀνάρχου</span> <span class='ocrx_word' id='word_1_610' title='bbox 1444 1721 1556 1759; x_wconf 79' lang='grc' dir='ltr'>Πατρὸς,</span> <span class='ocrx_word' id='word_1_611' title='bbox 1580 1720 1594 1747; x_wconf 77' lang='grc' dir='ltr'>ὸ</span> <span class='ocrx_word' id='word_1_612' title='bbox 1621 1722 1664 1746; x_wconf 56' lang='grc' dir='ltr'><strong>πῶν</strong></span> <span class='ocrx_word' id='word_1_613' title='bbox 1693 1716 1738 1745; x_wconf 77' lang='grc' dir='ltr'><strong>ὑπ’</strong></span> <span class='ocrx_word' id='word_1_614' title='bbox 1759 1717 1848 1756; x_wconf 81' lang='grc' dir='ltr'>ἀρχὴν</span> 
     </span>
    </p>
   </div>
   <div class='ocr_carea' id='block_1_78' title="bbox 1025 1762 1847 1804">
    <p class='ocr_par' dir='ltr' id='par_1_78' title="bbox 1025 1762 1847 1804">
     <span class='ocr_line' id='line_1_78' title="bbox 1025 1762 1847 1804; baseline -0.007 -10"><span class='ocrx_word' id='word_1_615' title='bbox 1025 1766 1078 1794; x_wconf 76' lang='grc' dir='ltr'><strong>ἀπὸ</strong></span> <span class='ocrx_word' id='word_1_616' title='bbox 1093 1767 1200 1804; x_wconf 69' lang='grc' dir='ltr'>Μητρὸς</span> <span class='ocrx_word' id='word_1_617' title='bbox 1229 1766 1351 1799; x_wconf 84' lang='grc' dir='ltr'>τοιαύτης</span> <span class='ocrx_word' id='word_1_618' title='bbox 1380 1765 1531 1804; x_wconf 80' lang='grc' dir='ltr'>γενόμενος.</span> <span class='ocrx_word' id='word_1_619' title='bbox 1559 1764 1611 1791; x_wconf 75' lang='grc' dir='ltr'>Μία</span> <span class='ocrx_word' id='word_1_620' title='bbox 1638 1762 1715 1802; x_wconf 78' lang='grc' dir='ltr'>φύσις</span> <span class='ocrx_word' id='word_1_621' title='bbox 1744 1762 1774 1790; x_wconf 83' lang='grc' dir='ltr'>τὸ</span> <span class='ocrx_word' id='word_1_622' title='bbox 1795 1763 1847 1788; x_wconf 79' lang='grc' dir='ltr'>πᾶν</span> 
     </span>
    </p>
   </div>
   <div class='ocr_carea' id='block_1_79' title="bbox 1026 1805 1847 1848">
    <p class='ocr_par' dir='ltr' id='par_1_79' title="bbox 1026 1805 1847 1848">
     <span class='ocr_line' id='line_1_79' title="bbox 1026 1805 1847 1848; baseline -0.007 -10"><span class='ocrx_word' id='word_1_623' title='bbox 1026 1811 1073 1848; x_wconf 85' lang='grc' dir='ltr'><strong>μία</strong></span> <span class='ocrx_word' id='word_1_624' title='bbox 1107 1810 1244 1848; x_wconf 72' lang='grc' dir='ltr'>βουλησις,</span> <span class='ocrx_word' id='word_1_625' title='bbox 1281 1820 1396 1846; x_wconf 83' lang='grc' dir='ltr'>κινησις,</span> <span class='ocrx_word' id='word_1_626' title='bbox 1437 1809 1563 1848; x_wconf 64' lang='grc' dir='ltr'>ἐνέργεια,</span> <span class='ocrx_word' id='word_1_627' title='bbox 1599 1806 1719 1844; x_wconf 74' lang='grc' dir='ltr'>δύναμις,</span> <span class='ocrx_word' id='word_1_628' title='bbox 1762 1805 1847 1842; x_wconf 66' lang='grc' dir='ltr'><strong>οὐσία¹</strong></span> 
     </span>
    </p>
   </div>
   <div class='ocr_carea' id='block_1_80' title="bbox 1025 1851 1846 1891">
    <p class='ocr_par' dir='ltr' id='par_1_80' title="bbox 1025 1851 1846 1891">
     <span class='ocr_line' id='line_1_80' title="bbox 1025 1851 1846 1891; baseline -0.009 -8"><span class='ocrx_word' id='word_1_629' title='bbox 1025 1855 1132 1891; x_wconf 69' lang='grc' dir='ltr'>θεότης,</span> <span class='ocrx_word' id='word_1_630' title='bbox 1147 1856 1178 1882; x_wconf 73' lang='grc' dir='ltr'>τὸ</span> <span class='ocrx_word' id='word_1_631' title='bbox 1193 1855 1417 1883; x_wconf 80' lang='grc' dir='ltr'>συνεκτικώτατον</span> <span class='ocrx_word' id='word_1_632' title='bbox 1447 1854 1568 1881; x_wconf 75' lang='grc' dir='ltr'>ἁπάντων</span> <span class='ocrx_word' id='word_1_633' title='bbox 1590 1853 1633 1880; x_wconf 81' lang='grc' dir='ltr'><strong>καὶ</strong></span> <span class='ocrx_word' id='word_1_634' title='bbox 1660 1851 1821 1890; x_wconf 84' lang='grc' dir='ltr'>κυριώτατον</span> <span class='ocrx_word' id='word_1_635' title='bbox 1839 1857 1846 1864; x_wconf 93' lang='grc'><strong>·</strong></span> 
     </span>
    </p>
   </div>
   <div class='ocr_carea' id='block_1_81' title="bbox 1025 1895 1850 1937">
    <p class='ocr_par' dir='ltr' id='par_1_81' title="bbox 1025 1895 1850 1937">
     <span class='ocr_line' id='line_1_81' title="bbox 1025 1895 1850 1937; baseline -0.008 -10"><span class='ocrx_word' id='word_1_636' title='bbox 1025 1899 1109 1927; x_wconf 62' lang='grc' dir='ltr'>τᾶλλα</span> <span class='ocrx_word' id='word_1_637' title='bbox 1126 1900 1185 1937; x_wconf 72' lang='grc' dir='ltr'>μὲν,</span> <span class='ocrx_word' id='word_1_638' title='bbox 1208 1900 1238 1927; x_wconf 85' lang='grc' dir='ltr'>τὸ</span> <span class='ocrx_word' id='word_1_639' title='bbox 1253 1899 1279 1919; x_wconf 81' lang='grc'>⁵⁵</span> <span class='ocrx_word' id='word_1_640' title='bbox 1304 1898 1416 1927; x_wconf 77' lang='grc' dir='ltr'>καθόλου</span> <span class='ocrx_word' id='word_1_641' title='bbox 1431 1897 1560 1935; x_wconf 76' lang='grc' dir='ltr'>μοναδική</span> <span class='ocrx_word' id='word_1_642' title='bbox 1588 1907 1628 1928; x_wconf 82' lang='grc' dir='ltr'><strong>τις</strong></span> <span class='ocrx_word' id='word_1_643' title='bbox 1659 1895 1778 1927; x_wconf 77' lang='grc' dir='ltr'>ἁπλότης</span> <span class='ocrx_word' id='word_1_644' title='bbox 1807 1895 1850 1921; x_wconf 79' lang='grc' dir='ltr'>καὶ</span> 
     </span>
    </p>
   </div>
   <div class='ocr_carea' id='block_1_82' title="bbox 1027 1939 1848 1983">
    <p class='ocr_par' dir='ltr' id='par_1_82' title="bbox 1027 1939 1848 1983">
     <span class='ocr_line' id='line_1_82' title="bbox 1027 1939 1848 1983; baseline -0.009 -11"><span class='ocrx_word' id='word_1_645' title='bbox 1027 1944 1122 1983; x_wconf 66' lang='grc' dir='ltr'>ἓνιαία,</span> <span class='ocrx_word' id='word_1_646' title='bbox 1157 1943 1334 1983; x_wconf 78' lang='grc' dir='ltr'>τρισσουμένη</span> <span class='ocrx_word' id='word_1_647' title='bbox 1379 1943 1406 1971; x_wconf 72' lang='grc' dir='ltr'>δὲ</span> <span class='ocrx_word' id='word_1_648' title='bbox 1449 1943 1529 1980; x_wconf 87' lang='grc' dir='ltr'>μόνον</span> <span class='ocrx_word' id='word_1_649' title='bbox 1571 1948 1632 1972; x_wconf 69' lang='grc' dir='ltr'>ταῖς</span> <span class='ocrx_word' id='word_1_650' title='bbox 1677 1939 1848 1975; x_wconf 69' lang='grc' dir='ltr'>ὑποστάσεσι,</span> 
     </span>
    </p>
   </div>
   <div class='ocr_carea' id='block_1_83' title="bbox 1026 1984 1850 2024">
    <p class='ocr_par' dir='ltr' id='par_1_83' title="bbox 1026 1984 1850 2024">
     <span class='ocr_line' id='line_1_83' title="bbox 1026 1984 1850 2024; baseline -0.008 -8"><span class='ocrx_word' id='word_1_651' title='bbox 1026 1989 1069 2016; x_wconf 78' lang='grc' dir='ltr'><strong>καὶ</strong></span> <span class='ocrx_word' id='word_1_652' title='bbox 1097 1996 1155 2020; x_wconf 78' lang='lat'>10&#39;:</span> <span class='ocrx_word' id='word_1_653' title='bbox 1170 1987 1198 2010; x_wconf 71' lang='grc'><strong>⁵⁸</strong></span> <span class='ocrx_word' id='word_1_654' title='bbox 1225 1987 1267 2017; x_wconf 76' lang='grc' dir='ltr'><strong>ἐπ’</strong></span> <span class='ocrx_word' id='word_1_655' title='bbox 1298 1988 1390 2020; x_wconf 75' lang='grc' dir='ltr'>αὒταϊς</span> <span class='ocrx_word' id='word_1_656' title='bbox 1403 1987 1430 2008; x_wconf 83' lang='grc'><strong>⁵7</strong></span> <span class='ocrx_word' id='word_1_657' title='bbox 1457 1986 1606 2024; x_wconf 80' lang='grc' dir='ltr'>ἱδιώμασιν.</span> <span class='ocrx_word' id='word_1_658' title='bbox 1644 1987 1692 2016; x_wconf 83' lang='grc' dir='ltr'>Εἷς</span> <span class='ocrx_word' id='word_1_659' title='bbox 1721 1984 1850 2011; x_wconf 74' lang='grc' dir='ltr'>κάνταῦθα</span> 
     </span>
    </p>
   </div>
   <div class='ocr_carea' id='block_1_84' title="bbox 1027 2027 1848 2075">
    <p class='ocr_par' dir='ltr' id='par_1_84' title="bbox 1027 2027 1848 2075">
     <span class='ocr_line' id='line_1_84' title="bbox 1027 2027 1848 2075; baseline -0.007 -13"><span class='ocrx_word' id='word_1_660' title='bbox 1027 2035 1105 2071; x_wconf 71' lang='grc' dir='ltr'>Θεὸς,</span> <span class='ocrx_word' id='word_1_661' title='bbox 1121 2034 1185 2075; x_wconf 76' lang='grc' dir='ltr'>ἄχρι</span> <span class='ocrx_word' id='word_1_662' title='bbox 1201 2035 1303 2069; x_wconf 83' lang='grc' dir='ltr'>τούτου,</span> <span class='ocrx_word' id='word_1_663' title='bbox 1321 2035 1364 2062; x_wconf 80' lang='grc' dir='ltr'><strong>καὶ</strong></span> <span class='ocrx_word' id='word_1_664' title='bbox 1379 2034 1459 2071; x_wconf 82' lang='grc' dir='ltr'>μόνον</span> <span class='ocrx_word' id='word_1_665' title='bbox 1475 2035 1489 2061; x_wconf 82' lang='grc' dir='ltr'>ὁ</span> <span class='ocrx_word' id='word_1_666' title='bbox 1504 2032 1631 2070; x_wconf 83' lang='grc' dir='ltr'>ὁμοιότης</span> <span class='ocrx_word' id='word_1_667' title='bbox 1649 2038 1656 2045; x_wconf 92' lang='lat'><strong>&#39;</strong></span> <span class='ocrx_word' id='word_1_668' title='bbox 1682 2031 1713 2058; x_wconf 79' lang='grc' dir='ltr'>τὸ</span> <span class='ocrx_word' id='word_1_669' title='bbox 1739 2028 1770 2075; x_wconf 40' lang='grc' dir='ltr'><strong>δ’.</strong></span> <span class='ocrx_word' id='word_1_670' title='bbox 1789 2027 1848 2075; x_wconf 54' lang='lat' dir='ltr'><strong>ei?“</strong></span> 
     </span>
    </p>
   </div>
   <div class='ocr_carea' id='block_1_85' title="bbox 1026 2072 1849 2118">
    <p class='ocr_par' dir='ltr' id='par_1_85' title="bbox 1026 2072 1849 2118">
     <span class='ocr_line' id='line_1_85' title="bbox 1026 2072 1849 2118; baseline -0.01 -11"><span class='ocrx_word' id='word_1_671' title='bbox 1026 2079 1075 2118; x_wconf 76' lang='grc' dir='ltr'><strong>ὅρα</strong></span> <span class='ocrx_word' id='word_1_672' title='bbox 1109 2072 1354 2118; x_wconf 27' lang='grc' dir='ltr'>δην-παραλλάττον</span> <span class='ocrx_word' id='word_1_673' title='bbox 1383 2081 1439 2109; x_wconf 83' lang='grc' dir='ltr'>πῶς</span> <span class='ocrx_word' id='word_1_674' title='bbox 1470 2079 1547 2115; x_wconf 65' lang='grc' dir='ltr'>ὁμοῦ,</span> <span class='ocrx_word' id='word_1_675' title='bbox 1579 2077 1622 2104; x_wconf 84' lang='grc' dir='ltr'><strong>καὶ</strong></span> <span class='ocrx_word' id='word_1_676' title='bbox 1647 2072 1849 2110; x_wconf 73' lang='grc' dir='ltr'>ὰντανακλώμε-</span> 
     </span>
    </p>
   </div>
   <div class='ocr_carea' id='block_1_86' title="bbox 1026 2118 1845 2164">
    <p class='ocr_par' dir='ltr' id='par_1_86' title="bbox 1026 2118 1845 2164">
     <span class='ocr_line' id='line_1_86' title="bbox 1026 2118 1845 2164; baseline -0.01 -11"><span class='ocrx_word' id='word_1_677' title='bbox 1026 2135 1068 2153; x_wconf 84' lang='grc' dir='ltr'><strong>νον</strong></span> <span class='ocrx_word' id='word_1_678' title='bbox 1083 2123 1121 2153; x_wconf 79' lang='grc'><strong>⁵⁸.</strong></span> <span class='ocrx_word' id='word_1_679' title='bbox 1145 2126 1180 2153; x_wconf 61' lang='lat' dir='ltr'><strong>OB</strong></span> <span class='ocrx_word' id='word_1_680' title='bbox 1196 2125 1246 2164; x_wconf 77' lang='grc' dir='ltr'>γὰρ</span> <span class='ocrx_word' id='word_1_681' title='bbox 1261 2123 1360 2155; x_wconf 72' lang='grc' dir='ltr'>ἁπλοῦς</span> <span class='ocrx_word' id='word_1_682' title='bbox 1376 2122 1413 2151; x_wconf 70' lang='grc' dir='ltr'>ἔτι</span> <span class='ocrx_word' id='word_1_683' title='bbox 1428 2126 1484 2161; x_wconf 66' lang='grc' dir='ltr'>νῦν,</span> <span class='ocrx_word' id='word_1_684' title='bbox 1514 2123 1550 2152; x_wconf 84' lang='grc' dir='ltr'><strong>ὡς</strong></span> <span class='ocrx_word' id='word_1_685' title='bbox 1580 2121 1623 2149; x_wconf 85' lang='grc' dir='ltr'>καὶ</span> <span class='ocrx_word' id='word_1_686' title='bbox 1634 2118 1661 2141; x_wconf 73' lang='grc'>⁵9</span> <span class='ocrx_word' id='word_1_687' title='bbox 1687 2118 1821 2157; x_wconf 76' lang='grc' dir='ltr'>ἄνθρωπος</span> <span class='ocrx_word' id='word_1_688' title='bbox 1838 2125 1845 2132; x_wconf 84' lang='grc'><strong><em>⁸</em></strong></span> 
     </span>
    </p>
   </div>
   <div class='ocr_carea' id='block_1_87' title="bbox 1025 2164 1845 2208">
    <p class='ocr_par' dir='ltr' id='par_1_87' title="bbox 1025 2164 1845 2208">
     <span class='ocr_line' id='line_1_87' title="bbox 1025 2164 1845 2208; baseline -0.005 -12"><span class='ocrx_word' id='word_1_689' title='bbox 1025 2169 1074 2202; x_wconf 70' lang='grc' dir='ltr'>τὴν</span> <span class='ocrx_word' id='word_1_690' title='bbox 1103 2169 1146 2196; x_wconf 76' lang='grc' dir='ltr'>οὖν</span> <span class='ocrx_word' id='word_1_691' title='bbox 1174 2169 1249 2208; x_wconf 76' lang='grc' dir='ltr'>φύσιν</span> <span class='ocrx_word' id='word_1_692' title='bbox 1284 2167 1404 2207; x_wconf 71' lang='grc' dir='ltr'>διπλούέ,</span> <span class='ocrx_word' id='word_1_693' title='bbox 1440 2166 1508 2194; x_wconf 82' lang='grc' dir='ltr'><strong>ἆλλᾶ</strong></span> <span class='ocrx_word' id='word_1_694' title='bbox 1535 2171 1583 2199; x_wconf 81' lang='grc' dir='ltr'><strong>την</strong></span> <span class='ocrx_word' id='word_1_695' title='bbox 1612 2165 1755 2192; x_wconf 74' lang='grc' dir='ltr'>ὑπόστασιν</span> <span class='ocrx_word' id='word_1_696' title='bbox 1782 2164 1822 2192; x_wconf 81' lang='grc' dir='ltr'>εἷς</span> <span class='ocrx_word' id='word_1_697' title='bbox 1838 2171 1845 2178; x_wconf 95' lang='grc'><strong><em>“</em></strong></span> 
     </span>
    </p>
   </div>
   <div class='ocr_carea' id='block_1_88' title="bbox 1025 2206 1848 2253">
    <p class='ocr_par' dir='ltr' id='par_1_88' title="bbox 1025 2206 1848 2253">
     <span class='ocr_line' id='line_1_88' title="bbox 1025 2206 1848 2253; baseline -0.011 -11"><span class='ocrx_word' id='word_1_698' title='bbox 1025 2213 1089 2253; x_wconf 82' lang='grc' dir='ltr'>ὅπερ</span> <span class='ocrx_word' id='word_1_699' title='bbox 1104 2206 1217 2251; x_wconf 71' lang='grc' dir='ltr'>ἔμπαλιν</span> <span class='ocrx_word' id='word_1_700' title='bbox 1238 2212 1317 2240; x_wconf 82' lang='grc' dir='ltr'>πάλιν</span> <span class='ocrx_word' id='word_1_701' title='bbox 1332 2213 1397 2252; x_wconf 74' lang='grc' dir='ltr'>πρὸς</span> <span class='ocrx_word' id='word_1_702' title='bbox 1419 2212 1449 2240; x_wconf 80' lang='grc' dir='ltr'><strong>τὸ</strong></span> <span class='ocrx_word' id='word_1_703' title='bbox 1479 2211 1547 2240; x_wconf 74' lang='grc' dir='ltr'>ἐκεῖ.</span> <span class='ocrx_word' id='word_1_704' title='bbox 1577 2209 1651 2238; x_wconf 77' lang='grc' dir='ltr'>Οὕτω</span> <span class='ocrx_word' id='word_1_705' title='bbox 1678 2206 1848 2253; x_wconf 25' lang='grc' dir='ltr'>κρείττοσιιδο</span> 
     </span>
    </p>
   </div>
   <div class='ocr_carea' id='block_1_89' title="bbox 157 2251 995 2296">
    <p class='ocr_par' dir='ltr' id='par_1_89' title="bbox 157 2253 995 2295">
     <span class='ocr_line' id='line_1_89' title="bbox 157 2253 995 2295; baseline 0.004 -11"><span class='ocrx_word' id='word_1_706' title='bbox 157 2253 281 2284; x_wconf 87' lang='lat' dir='ltr'><strong>recidat.</strong></span> <span class='ocrx_word' id='word_1_707' title='bbox 295 2253 379 2284; x_wconf 91' lang='lat' dir='ltr'><strong>Nunc</strong></span> <span class='ocrx_word' id='word_1_708' title='bbox 390 2254 540 2294; x_wconf 85' lang='lat' dir='ltr'><strong>enimjam</strong></span> <span class='ocrx_word' id='word_1_709' title='bbox 552 2264 610 2285; x_wconf 91' lang='lat' dir='ltr'><strong>non</strong></span> <span class='ocrx_word' id='word_1_710' title='bbox 632 2255 758 2295; x_wconf 90' lang='lat' dir='ltr'><strong>amplius</strong></span> <span class='ocrx_word' id='word_1_711' title='bbox 770 2254 896 2291; x_wconf 79' lang='lat' dir='ltr'><strong>simplex</strong></span> <span class='ocrx_word' id='word_1_712' title='bbox 913 2264 995 2287; x_wconf 80' lang='lat' dir='ltr'><strong>cer-.</strong></span> 
     </span>
    </p>
   </div>
   <div class='ocr_carea' id='block_1_90' title="bbox 1051 2251 1849 2296">
    <p class='ocr_par' dir='ltr' id='par_1_90' title="bbox 1051 2251 1849 2296">
     <span class='ocr_line' id='line_1_90' title="bbox 1051 2251 1849 2296; baseline -0.008 -10"><span class='ocrx_word' id='word_1_713' title='bbox 1051 2251 1112 2296; x_wconf 69' lang='grc' dir='ltr'>ίγοις</span> <span class='ocrx_word' id='word_1_714' title='bbox 1140 2259 1156 2291; x_wconf 76' lang='grc' dir='ltr'>ἡ</span> <span class='ocrx_word' id='word_1_715' title='bbox 1185 2257 1308 2296; x_wconf 72' lang='grc' dir='ltr'>κρεῖττων</span> <span class='ocrx_word' id='word_1_716' title='bbox 1334 2256 1481 2293; x_wconf 77' lang='grc' dir='ltr'>οἰκονομία,</span> <span class='ocrx_word' id='word_1_717' title='bbox 1513 2256 1544 2283; x_wconf 71' lang='grc' dir='ltr'>τὸ</span> <span class='ocrx_word' id='word_1_718' title='bbox 1576 2254 1615 2291; x_wconf 77' lang='grc' dir='ltr'>μὴ</span> <span class='ocrx_word' id='word_1_719' title='bbox 1644 2251 1764 2292; x_wconf 58' lang='grc' dir='ltr'>διαφέρον</span> <span class='ocrx_word' id='word_1_720' title='bbox 1794 2251 1849 2288; x_wconf 72' lang='grc' dir='ltr'>ἅμα</span> 
     </span>
    </p>
   </div>
   <div class='ocr_carea' id='block_1_91' title="bbox 158 2300 981 2340">
    <p class='ocr_par' dir='ltr' id='par_1_91' title="bbox 158 2300 981 2340">
     <span class='ocr_line' id='line_1_91' title="bbox 158 2300 981 2340; baseline 0.001 -11"><span class='ocrx_word' id='word_1_721' title='bbox 158 2300 249 2333; x_wconf 85' lang='lat' dir='ltr'><strong>nitur.</strong></span> <span class='ocrx_word' id='word_1_722' title='bbox 267 2300 377 2340; x_wconf 89' lang='lat' dir='ltr'><strong>quippe</strong></span> <span class='ocrx_word' id='word_1_723' title='bbox 394 2300 444 2340; x_wconf 90' lang='lat' dir='ltr'><strong>qui</strong></span> <span class='ocrx_word' id='word_1_724' title='bbox 461 2300 548 2330; x_wconf 85' lang='lat' dir='ltr'><strong>etiam</strong></span> <span class='ocrx_word' id='word_1_725' title='bbox 565 2301 652 2331; x_wconf 91' lang='lat' dir='ltr'><strong>homo</strong></span> <span class='ocrx_word' id='word_1_726' title='bbox 670 2305 726 2331; x_wconf 80' lang='lat' dir='ltr'><strong>est.</strong></span> <span class='ocrx_word' id='word_1_727' title='bbox 744 2301 856 2340; x_wconf 82' lang='lat' dir='ltr'><strong>Duplex</strong></span> <span class='ocrx_word' id='word_1_728' title='bbox 884 2300 981 2340; x_wconf 83' lang='lat' dir='ltr'><strong>itaque</strong></span> 
     </span>
    </p>
   </div>
   <div class='ocr_carea' id='block_1_92' title="bbox 158 2345 981 2385">
    <p class='ocr_par' dir='ltr' id='par_1_92' title="bbox 158 2345 981 2385">
     <span class='ocr_line' id='line_1_92' title="bbox 158 2345 981 2385; baseline 0 -11"><span class='ocrx_word' id='word_1_729' title='bbox 158 2347 214 2382; x_wconf 88' lang='lat' dir='ltr'><strong>est,</strong></span> <span class='ocrx_word' id='word_1_730' title='bbox 231 2349 373 2385; x_wconf 90' lang='lat' dir='ltr'><strong>quantum</strong></span> <span class='ocrx_word' id='word_1_731' title='bbox 403 2345 438 2375; x_wconf 89' lang='lat' dir='ltr'><strong>ad</strong></span> <span class='ocrx_word' id='word_1_732' title='bbox 471 2349 589 2375; x_wconf 89' lang='lat' dir='ltr'><strong>naturas</strong></span> <span class='ocrx_word' id='word_1_733' title='bbox 617 2345 747 2380; x_wconf 82' lang='lat' dir='ltr'><strong>attinet;</strong></span> <span class='ocrx_word' id='word_1_734' title='bbox 779 2349 981 2375; x_wconf 77' lang='lat' dir='ltr'><strong>verumtamen</strong></span> 
     </span>
    </p>
   </div>
   <div class='ocr_carea' id='block_1_93' title="bbox 1021 2295 1848 2342">
    <p class='ocr_par' dir='ltr' id='par_1_93' title="bbox 1021 2295 1848 2342">
     <span class='ocr_line' id='line_1_93' title="bbox 1021 2295 1848 2342; baseline -0.01 -12"><span class='ocrx_word' id='word_1_735' title='bbox 1021 2295 1066 2330; x_wconf 65' lang='grc' dir='ltr'>καῖ</span> <span class='ocrx_word' id='word_1_736' title='bbox 1094 2295 1225 2342; x_wconf 72' lang='grc' dir='ltr'>διαφέρον,</span> <span class='ocrx_word' id='word_1_737' title='bbox 1257 2302 1321 2340; x_wconf 80' lang='grc' dir='ltr'>πρὸς</span> <span class='ocrx_word' id='word_1_738' title='bbox 1350 2302 1394 2329; x_wconf 83' lang='grc' dir='ltr'>τὸν</span> <span class='ocrx_word' id='word_1_739' title='bbox 1422 2300 1477 2328; x_wconf 76' lang='grc' dir='ltr'><strong>ἄνω</strong></span> <span class='ocrx_word' id='word_1_740' title='bbox 1506 2299 1610 2339; x_wconf 77' lang='grc' dir='ltr'>φέρεται</span> <span class='ocrx_word' id='word_1_741' title='bbox 1655 2297 1751 2336; x_wconf 87' lang='grc' dir='ltr'>τρόπον</span> <span class='ocrx_word' id='word_1_742' title='bbox 1769 2305 1775 2311; x_wconf 92' lang='grc'><strong>·</strong></span> <span class='ocrx_word' id='word_1_743' title='bbox 1805 2295 1848 2323; x_wconf 74' lang='grc' dir='ltr'>ῗνιι</span> 
     </span>
    </p>
   </div>
   <div class='ocr_carea' id='block_1_94' title="bbox 1022 2340 1845 2385">
    <p class='ocr_par' dir='ltr' id='par_1_94' title="bbox 1022 2340 1845 2385">
     <span class='ocr_line' id='line_1_94' title="bbox 1022 2340 1845 2385; baseline -0.009 -11"><span class='ocrx_word' id='word_1_744' title='bbox 1022 2347 1065 2374; x_wconf 83' lang='grc' dir='ltr'><strong>καὶ</strong></span> <span class='ocrx_word' id='word_1_745' title='bbox 1087 2347 1117 2374; x_wconf 86' lang='grc' dir='ltr'>τὸ</span> <span class='ocrx_word' id='word_1_746' title='bbox 1143 2340 1271 2385; x_wconf 55' lang='grc' dir='ltr'>ἄτρεπτον</span> <span class='ocrx_word' id='word_1_747' title='bbox 1297 2344 1377 2384; x_wconf 71' lang='grc' dir='ltr'>δείξῃ,</span> <span class='ocrx_word' id='word_1_748' title='bbox 1402 2346 1444 2372; x_wconf 82' lang='grc' dir='ltr'><strong>καὶ</strong></span> <span class='ocrx_word' id='word_1_749' title='bbox 1474 2345 1589 2383; x_wconf 69' lang='grc' dir='ltr'>γνωρίσῃ</span> <span class='ocrx_word' id='word_1_750' title='bbox 1617 2343 1648 2370; x_wconf 79' lang='grc' dir='ltr'>τὸ</span> <span class='ocrx_word' id='word_1_751' title='bbox 1671 2340 1845 2385; x_wconf 66' lang='grc' dir='ltr'>πρόσλημμα,</span> 
     </span>
    </p>
   </div>
   <div class='ocr_carea' id='block_1_95' title="bbox 158 2384 995 2439">
    <p class='ocr_par' dir='ltr' id='par_1_95' title="bbox 158 2384 983 2439">
     <span class='ocr_line' id='line_1_95' title="bbox 158 2384 983 2439; baseline 0 -20"><span class='ocrx_word' id='word_1_752' title='bbox 158 2398 236 2419; x_wconf 93' lang='lat' dir='ltr'><strong>unus</strong></span> <span class='ocrx_word' id='word_1_753' title='bbox 245 2384 347 2427; x_wconf 23' lang='lat' dir='ltr'><strong>&#39;quoad</strong></span> <span class='ocrx_word' id='word_1_754' title='bbox 364 2390 544 2429; x_wconf 68' lang='lat' dir='ltr'><strong>hypostasim</strong></span> <span class='ocrx_word' id='word_1_755' title='bbox 560 2399 566 2420; x_wconf 94' lang='lat'><strong>:</strong></span> <span class='ocrx_word' id='word_1_756' title='bbox 583 2390 660 2430; x_wconf 89' lang='lat' dir='ltr'><strong>quod</strong></span> <span class='ocrx_word' id='word_1_757' title='bbox 671 2399 742 2420; x_wconf 89' lang='lat' dir='ltr'><strong>sane</strong></span> <span class='ocrx_word' id='word_1_758' title='bbox 754 2398 882 2439; x_wconf 78' lang='lat' dir='ltr'><strong>Inversa,</strong></span> <span class='ocrx_word' id='word_1_759' title='bbox 895 2393 983 2439; x_wconf 78' lang='lat' dir='ltr'><strong>atque</strong></span> 
     </span>
    </p>
   </div>
   <div class='ocr_carea' id='block_1_96' title="bbox 1051 2384 1848 2439">
    <p class='ocr_par' dir='ltr' id='par_1_96' title="bbox 1055 2384 1848 2439">
     <span class='ocr_line' id='line_1_96' title="bbox 1055 2384 1848 2428; baseline -0.008 -10"><span class='ocrx_word' id='word_1_760' title='bbox 1055 2403 1062 2418; x_wconf 93' lang='grc' dir='ltr'><strong>ι</strong></span> <span class='ocrx_word' id='word_1_761' title='bbox 1083 2390 1109 2418; x_wconf 74' lang='grc' dir='ltr'>δὲ</span> <span class='ocrx_word' id='word_1_762' title='bbox 1132 2384 1182 2424; x_wconf 74' lang='grc' dir='ltr'>τῆς</span> <span class='ocrx_word' id='word_1_763' title='bbox 1195 2390 1259 2424; x_wconf 77' lang='grc' dir='ltr'>ὅλης</span> <span class='ocrx_word' id='word_1_764' title='bbox 1283 2391 1408 2423; x_wconf 80' lang='grc' dir='ltr'>θεότητος</span> <span class='ocrx_word' id='word_1_765' title='bbox 1436 2389 1466 2416; x_wconf 80' lang='grc' dir='ltr'><strong>το</strong></span> <span class='ocrx_word' id='word_1_766' title='bbox 1494 2389 1553 2428; x_wconf 80' lang='grc' dir='ltr'>περὶ</span> <span class='ocrx_word' id='word_1_767' title='bbox 1578 2388 1611 2415; x_wconf 74' lang='grc' dir='ltr'><strong>τὰ</strong></span> <span class='ocrx_word' id='word_1_768' title='bbox 1626 2386 1755 2426; x_wconf 87' lang='grc' dir='ltr'>πρόσωπα</span> <span class='ocrx_word' id='word_1_769' title='bbox 1771 2384 1848 2413; x_wconf 80' lang='grc' dir='ltr'>πλού-</span> 
     </span>
     <span class='ocr_line' id='line_1_97' title="bbox 1123 2429 1842 2439; baseline 0 0"><span class='ocrx_word' id='word_1_770' title='bbox 1123 2436 1129 2439; x_wconf 87' lang='grc'>.</span> <span class='ocrx_word' id='word_1_771' title='bbox 1160 2436 1170 2439; x_wconf 84' lang='lat'>_</span> <span class='ocrx_word' id='word_1_772' title='bbox 1222 2437 1227 2439; x_wconf 50' lang='grc' dir='ltr'><strong>μ</strong></span> <span class='ocrx_word' id='word_1_773' title='bbox 1253 2437 1264 2439; x_wconf 57' lang='grc' dir='ltr'><strong>μ</strong></span> <span class='ocrx_word' id='word_1_774' title='bbox 1369 2434 1389 2439; x_wconf 75' lang='grc'><strong>--</strong></span> <span class='ocrx_word' id='word_1_775' title='bbox 1441 2433 1448 2439; x_wconf 66' lang='grc' dir='ltr'><strong>ι</strong></span> <span class='ocrx_word' id='word_1_776' title='bbox 1509 2431 1518 2439; x_wconf 54' lang='grc' dir='ltr'><strong>κ</strong></span> <span class='ocrx_word' id='word_1_777' title='bbox 1572 2432 1577 2439; x_wconf 91' lang='grc'><strong><em>1</em></strong></span> <span class='ocrx_word' id='word_1_778' title='bbox 1729 2429 1734 2439; x_wconf 96' lang='grc' dir='ltr'><strong><em>Ι</em></strong></span> <span class='ocrx_word' id='word_1_779' title='bbox 1832 2432 1842 2436; x_wconf 63' lang='grc'><strong>⁵⁴</strong></span> 
     </span>
    </p>
   </div>
   <div class='ocr_carea' id='block_1_97' title="bbox 157 2431 995 2474">
    <p class='ocr_par' dir='ltr' id='par_1_97' title="bbox 157 2433 980 2474">
     <span class='ocr_line' id='line_1_98' title="bbox 157 2433 980 2474; baseline 0 -11"><span class='ocrx_word' id='word_1_780' title='bbox 157 2433 218 2464; x_wconf 89' lang='lat' dir='ltr'><strong>illic</strong></span> <span class='ocrx_word' id='word_1_781' title='bbox 227 2433 380 2464; x_wconf 89' lang='lat' dir='ltr'><strong>rationese</strong></span> <span class='ocrx_word' id='word_1_782' title='bbox 388 2433 487 2465; x_wconf 86' lang='lat' dir='ltr'><strong>habet.</strong></span> <span class='ocrx_word' id='word_1_783' title='bbox 501 2433 572 2465; x_wconf 84' lang='lat' dir='ltr'><strong>Sicd</strong></span> <span class='ocrx_word' id='word_1_784' title='bbox 579 2433 787 2473; x_wconf 87' lang='lat' dir='ltr'><strong>ispensationis</strong></span> <span class='ocrx_word' id='word_1_785' title='bbox 796 2433 980 2474; x_wconf 81' lang='lat' dir='ltr'><strong>mysterium,</strong></span> 
     </span>
    </p>
   </div>
   <div class='ocr_carea' id='block_1_98' title="bbox 1051 2431 1845 2474">
    <p class='ocr_par' dir='ltr' id='par_1_98' title="bbox 1052 2431 1845 2473">
     <span class='ocr_line' id='line_1_99' title="bbox 1052 2431 1845 2473; baseline -0.008 -11"><span class='ocrx_word' id='word_1_786' title='bbox 1052 2446 1091 2470; x_wconf 83' lang='grc' dir='ltr'>ον,</span> <span class='ocrx_word' id='word_1_787' title='bbox 1110 2436 1144 2467; x_wconf 85' lang='grc' dir='ltr'>εἷς</span> <span class='ocrx_word' id='word_1_788' title='bbox 1159 2436 1186 2463; x_wconf 81' lang='grc' dir='ltr'><strong>’ἐν</strong></span> <span class='ocrx_word' id='word_1_789' title='bbox 1201 2437 1268 2473; x_wconf 64' lang='grc' dir='ltr'>αἱ»τῇ</span> <span class='ocrx_word' id='word_1_790' title='bbox 1283 2434 1410 2462; x_wconf 78' lang='grc' dir='ltr'>στενωθὲν</span> <span class='ocrx_word' id='word_1_791' title='bbox 1437 2431 1621 2470; x_wconf 77' lang='grc' dir='ltr'>ἀναπληρώσῃ</span> <span class='ocrx_word' id='word_1_792' title='bbox 1650 2431 1792 2468; x_wconf 74' lang='grc' dir='ltr'>πανσόφως</span> <span class='ocrx_word' id='word_1_793' title='bbox 1813 2432 1845 2466; x_wconf 79' lang='grc' dir='ltr'>τῇ</span> 
     </span>
    </p>
   </div>
   <div class='ocr_carea' id='block_1_99' title="bbox 158 2478 995 2519">
    <p class='ocr_par' dir='ltr' id='par_1_99' title="bbox 158 2478 980 2518">
     <span class='ocr_line' id='line_1_100' title="bbox 158 2478 980 2518; baseline 0 -10"><span class='ocrx_word' id='word_1_794' title='bbox 158 2478 353 2518; x_wconf 80' lang='lat' dir='ltr'><strong>praestantiori</strong></span> <span class='ocrx_word' id='word_1_795' title='bbox 382 2478 483 2518; x_wconf 86' lang='lat' dir='ltr'><strong>quavis</strong></span> <span class='ocrx_word' id='word_1_796' title='bbox 510 2479 735 2509; x_wconf 85' lang='lat' dir='ltr'><strong>ratiocinatione</strong></span> <span class='ocrx_word' id='word_1_797' title='bbox 759 2478 927 2513; x_wconf 81' lang='lat' dir='ltr'><strong>sublimius.</strong></span> <span class='ocrx_word' id='word_1_798' title='bbox 946 2479 980 2508; x_wconf 86' lang='lat' dir='ltr'><strong>ad</strong></span> 
     </span>
    </p>
   </div>
   <div class='ocr_carea' id='block_1_100' title="bbox 1051 2478 1343 2519">
    <p class='ocr_par' dir='ltr' id='par_1_100' title="bbox 1051 2480 1343 2519">
     <span class='ocr_line' id='line_1_101' title="bbox 1051 2480 1343 2519; baseline 0 -12"><span class='ocrx_word' id='word_1_799' title='bbox 1051 2480 1139 2507; x_wconf 67' lang='grc' dir='ltr'>»νθὲσει</span> <span class='ocrx_word' id='word_1_800' title='bbox 1155 2481 1207 2507; x_wconf 83' lang='grc' dir='ltr'>τῶν</span> <span class='ocrx_word' id='word_1_801' title='bbox 1229 2480 1343 2519; x_wconf 68' lang='grc' dir='ltr'>φύσεων.</span> 
     </span>
    </p>
   </div>
   <div class='ocr_carea' id='block_1_101' title="bbox 158 2518 1848 2562">
    <p class='ocr_par' dir='ltr' id='par_1_101' title="bbox 158 2518 1848 2562">
     <span class='ocr_line' id='line_1_102' title="bbox 158 2518 1848 2562; baseline -0.003 -10"><span class='ocrx_word' id='word_1_802' title='bbox 158 2522 317 2553; x_wconf 88' lang='lat' dir='ltr'><strong>divinitatis</strong></span> <span class='ocrx_word' id='word_1_803' title='bbox 332 2523 475 2554; x_wconf 86' lang='lat' dir='ltr'><strong>rationem</strong></span> <span class='ocrx_word' id='word_1_804' title='bbox 493 2532 525 2554; x_wconf 91' lang='lat' dir='ltr'><strong>se</strong></span> <span class='ocrx_word' id='word_1_805' title='bbox 537 2523 626 2554; x_wconf 84' lang='lat' dir='ltr'><strong>habet</strong></span> <span class='ocrx_word' id='word_1_806' title='bbox 642 2528 702 2554; x_wconf 92' lang='lat' dir='ltr'><strong>tum</strong></span> <span class='ocrx_word' id='word_1_807' title='bbox 717 2523 879 2554; x_wconf 90' lang='lat' dir='ltr'><strong>secundum</strong></span> <span class='ocrx_word' id='word_1_808' title='bbox 894 2523 922 2553; x_wconf 82' lang='lat' dir='ltr'><strong>id</strong></span> <span class='ocrx_word' id='word_1_809' title='bbox 939 2532 996 2562; x_wconf 91' lang='lat' dir='ltr'><strong>quo</strong></span> <span class='ocrx_word' id='word_1_810' title='bbox 1012 2524 1161 2560; x_wconf 88' lang='lat' dir='ltr'><strong>convenit,</strong></span> <span class='ocrx_word' id='word_1_811' title='bbox 1179 2518 1240 2554; x_wconf 87' lang='lat' dir='ltr'><strong>tum</strong></span> <span class='ocrx_word' id='word_1_812' title='bbox 1253 2522 1416 2554; x_wconf 90' lang='lat' dir='ltr'><strong>secundum</strong></span> <span class='ocrx_word' id='word_1_813' title='bbox 1435 2521 1464 2552; x_wconf 91' lang='lat' dir='ltr'><strong>id</strong></span> <span class='ocrx_word' id='word_1_814' title='bbox 1477 2530 1534 2561; x_wconf 88' lang='lat' dir='ltr'><strong>quo</strong></span> <span class='ocrx_word' id='word_1_815' title='bbox 1550 2520 1710 2559; x_wconf 87' lang='lat' dir='ltr'><strong>discrepat,</strong></span> <span class='ocrx_word' id='word_1_816' title='bbox 1731 2518 1806 2548; x_wconf 87' lang='lat' dir='ltr'><strong>adeo</strong></span> <span class='ocrx_word' id='word_1_817' title='bbox 1818 2521 1848 2548; x_wconf 90' lang='lat' dir='ltr'><strong>ut</strong></span> 
     </span>
    </p>
   </div>
   <div class='ocr_carea' id='block_1_102' title="bbox 159 2566 1847 2608">
    <p class='ocr_par' dir='ltr' id='par_1_102' title="bbox 159 2566 1847 2608">
     <span class='ocr_line' id='line_1_103' title="bbox 159 2566 1847 2608; baseline -0.004 -10"><span class='ocrx_word' id='word_1_818' title='bbox 159 2571 188 2598; x_wconf 90' lang='lat' dir='ltr'><strong>et</strong></span> <span class='ocrx_word' id='word_1_819' title='bbox 202 2567 232 2598; x_wconf 93' lang='lat' dir='ltr'><strong>id</strong></span> <span class='ocrx_word' id='word_1_820' title='bbox 248 2568 392 2599; x_wconf 83' lang='lat' dir='ltr'><strong>ostendat-</strong></span> <span class='ocrx_word' id='word_1_821' title='bbox 411 2568 490 2608; x_wconf 85' lang='lat' dir='ltr'><strong>quod</strong></span> <span class='ocrx_word' id='word_1_822' title='bbox 506 2573 551 2599; x_wconf 91' lang='lat' dir='ltr'><strong>est</strong></span> <span class='ocrx_word' id='word_1_823' title='bbox 568 2568 763 2599; x_wconf 86' lang='lat' dir='ltr'><strong>immutabile.</strong></span> <span class='ocrx_word' id='word_1_824' title='bbox 780 2572 808 2599; x_wconf 92' lang='lat' dir='ltr'><strong>et</strong></span> <span class='ocrx_word' id='word_1_825' title='bbox 824 2568 852 2598; x_wconf 91' lang='lat' dir='ltr'><strong>id</strong></span> <span class='ocrx_word' id='word_1_826' title='bbox 875 2567 953 2608; x_wconf 89' lang='lat' dir='ltr'><strong>quod</strong></span> <span class='ocrx_word' id='word_1_827' title='bbox 978 2571 1161 2608; x_wconf 85' lang='lat' dir='ltr'><strong>assumptum</strong></span> <span class='ocrx_word' id='word_1_828' title='bbox 1185 2572 1241 2606; x_wconf 88' lang='lat' dir='ltr'><strong>est,</strong></span> <span class='ocrx_word' id='word_1_829' title='bbox 1258 2568 1355 2608; x_wconf 88' lang='lat' dir='ltr'><strong>palam</strong></span> <span class='ocrx_word' id='word_1_830' title='bbox 1381 2567 1529 2600; x_wconf 86' lang='lat' dir='ltr'><strong>exhibeat.</strong></span> <span class='ocrx_word' id='word_1_831' title='bbox 1545 2566 1670 2605; x_wconf 84' lang='lat' dir='ltr'><strong>insuper</strong></span> <span class='ocrx_word' id='word_1_832' title='bbox 1683 2567 1782 2594; x_wconf 88' lang='lat' dir='ltr'><strong>autem</strong></span> <span class='ocrx_word' id='word_1_833' title='bbox 1798 2570 1847 2602; x_wconf 88' lang='lat' dir='ltr'><strong>per</strong></span> 
     </span>
    </p>
   </div>
   <div class='ocr_carea' id='block_1_103' title="bbox 200 2651 746 2692">
    <p class='ocr_par' dir='ltr' id='par_1_103' title="bbox 200 2651 746 2692">
     <span class='ocr_line' id='line_1_104' title="bbox 200 2651 746 2692; baseline 0.002 -9"><span class='ocrx_word' id='word_1_834' title='bbox 200 2651 296 2684; x_wconf 89' lang='lat' dir='ltr'><strong>lPsal.</strong></span> <span class='ocrx_word' id='word_1_835' title='bbox 313 2662 389 2688; x_wconf 81' lang='lat' dir='ltr'><strong>LXXI.</strong></span> <span class='ocrx_word' id='word_1_836' title='bbox 409 2653 468 2690; x_wconf 81' lang='lat' dir='ltr'><strong>t8;</strong></span> <span class='ocrx_word' id='word_1_837' title='bbox 485 2653 562 2685; x_wconf 87' lang='lat' dir='ltr'><strong>Psal.</strong></span> <span class='ocrx_word' id='word_1_838' title='bbox 578 2662 679 2692; x_wconf 78' lang='lat' dir='ltr'><strong>LXXVI,</strong></span> <span class='ocrx_word' id='word_1_839' title='bbox 698 2654 746 2685; x_wconf 83' lang='grc'><strong>14.</strong></span> 
     </span>
    </p>
   </div>
   <div class='ocr_carea' id='block_1_104' title="bbox 880 2736 1142 2769">
    <p class='ocr_par' dir='ltr' id='par_1_104' title="bbox 880 2736 1142 2769">
     <span class='ocr_line' id='line_1_105' title="bbox 880 2736 1142 2769; baseline 0 -2"><span class='ocrx_word' id='word_1_840' title='bbox 880 2736 973 2768; x_wconf 84' lang='lat' dir='ltr'><strong>Variae</strong></span> <span class='ocrx_word' id='word_1_841' title='bbox 988 2737 1142 2769; x_wconf 86' lang='lat' dir='ltr'><strong>lectiones.</strong></span> 
     </span>
    </p>
   </div>
   <div class='ocr_carea' id='block_1_105' title="bbox 198 2823 995 2867">
    <p class='ocr_par' dir='ltr' id='par_1_105' title="bbox 198 2827 995 2867">
     <span class='ocr_line' id='line_1_106' title="bbox 198 2827 995 2867; baseline -0.001 -9"><span class='ocrx_word' id='word_1_842' title='bbox 198 2827 230 2867; x_wconf 50' lang='grc' dir='ltr'><strong>ξ’</strong></span> <span class='ocrx_word' id='word_1_843' title='bbox 243 2828 332 2858; x_wconf 86' lang='lat' dir='ltr'><strong>Laur.</strong></span> <span class='ocrx_word' id='word_1_844' title='bbox 344 2829 490 2867; x_wconf 22' lang='lat' dir='ltr'><strong>Vtin&#39;zpyj;</strong></span> <span class='ocrx_word' id='word_1_845' title='bbox 548 2828 579 2853; x_wconf 73' lang='lat'><strong>55</strong></span> <span class='ocrx_word' id='word_1_846' title='bbox 601 2828 690 2859; x_wconf 88' lang='lat' dir='ltr'><strong>Laur.</strong></span> <span class='ocrx_word' id='word_1_847' title='bbox 708 2828 880 2867; x_wconf 55' lang='grc' dir='ltr'>ἆταγχήτως.</span> <span class='ocrx_word' id='word_1_848' title='bbox 936 2828 968 2853; x_wconf 68' lang='grc'><strong>54</strong></span> <span class='ocrx_word' id='word_1_849' title='bbox 984 2829 995 2857; x_wconf 77' lang='grc' dir='ltr'>Ι</span> 
     </span>
    </p>
   </div>
   <div class='ocr_carea' id='block_1_106' title="bbox 1051 2823 1844 2867">
    <p class='ocr_par' dir='ltr' id='par_1_106' title="bbox 1051 2823 1844 2867">
     <span class='ocr_line' id='line_1_107' title="bbox 1051 2823 1844 2867; baseline -0.001 -11"><span class='ocrx_word' id='word_1_850' title='bbox 1051 2836 1067 2856; x_wconf 78' lang='grc'><strong>⁵.</strong></span> <span class='ocrx_word' id='word_1_851' title='bbox 1085 2828 1114 2856; x_wconf 82' lang='grc' dir='ltr'><strong>τὸ</strong></span> <span class='ocrx_word' id='word_1_852' title='bbox 1129 2827 1316 2867; x_wconf 81' lang='grc' dir='ltr'>ἀντιστρέφων,</span> <span class='ocrx_word' id='word_1_853' title='bbox 1330 2866 1335 2867; x_wconf 21' lang='lat'><em>7</em></span> <span class='ocrx_word' id='word_1_854' title='bbox 1377 2826 1408 2852; x_wconf 64' lang='lat'><strong>55</strong></span> <span class='ocrx_word' id='word_1_855' title='bbox 1419 2826 1508 2857; x_wconf 91' lang='lat' dir='ltr'><strong>Laur.</strong></span> <span class='ocrx_word' id='word_1_856' title='bbox 1524 2825 1569 2855; x_wconf 78' lang='grc' dir='ltr'><strong>τά·</strong></span> <span class='ocrx_word' id='word_1_857' title='bbox 1626 2823 1658 2850; x_wconf 68' lang='lat'><strong>56</strong></span> <span class='ocrx_word' id='word_1_858' title='bbox 1671 2823 1761 2855; x_wconf 87' lang='lat' dir='ltr'><strong>Laur.</strong></span> <span class='ocrx_word' id='word_1_859' title='bbox 1777 2830 1844 2855; x_wconf 70' lang='grc' dir='ltr'>ταῖς.</span> 
     </span>
    </p>
   </div>
   <div class='ocr_carea' id='block_1_107' title="bbox 159 2861 995 2906">
    <p class='ocr_par' dir='ltr' id='par_1_107' title="bbox 159 2861 993 2905">
     <span class='ocr_line' id='line_1_108' title="bbox 159 2861 993 2905; baseline -0.002 -9"><span class='ocrx_word' id='word_1_860' title='bbox 159 2866 189 2891; x_wconf 72' lang='lat'><strong>57</strong></span> <span class='ocrx_word' id='word_1_861' title='bbox 204 2866 292 2897; x_wconf 87' lang='lat' dir='ltr'><strong>Laur.</strong></span> <span class='ocrx_word' id='word_1_862' title='bbox 307 2866 351 2894; x_wconf 80' lang='grc' dir='ltr'><strong>ὑπ’</strong></span> <span class='ocrx_word' id='word_1_863' title='bbox 367 2861 471 2899; x_wconf 57' lang='grc' dir='ltr'>αὒτέές.</span> <span class='ocrx_word' id='word_1_864' title='bbox 514 2867 546 2893; x_wconf 76' lang='grc'><strong>58</strong></span> <span class='ocrx_word' id='word_1_865' title='bbox 560 2868 648 2899; x_wconf 85' lang='lat' dir='ltr'><strong>Laur.</strong></span> <span class='ocrx_word' id='word_1_866' title='bbox 672 2861 919 2905; x_wconf 64' lang='grc' dir='ltr'>ἆντανέκλώμενος.</span> <span class='ocrx_word' id='word_1_867' title='bbox 962 2869 993 2894; x_wconf 78' lang='lat'><strong>59</strong></span> 
     </span>
    </p>
   </div>
   <div class='ocr_carea' id='block_1_108' title="bbox 1051 2861 1618 2906">
    <p class='ocr_par' dir='ltr' id='par_1_108' title="bbox 1051 2861 1618 2906">
     <span class='ocr_line' id='line_1_109' title="bbox 1051 2861 1618 2906; baseline -0.004 -8"><span class='ocrx_word' id='word_1_868' title='bbox 1051 2875 1101 2898; x_wconf 69' lang='lat' dir='ltr'><strong>tur.</strong></span> <span class='ocrx_word' id='word_1_869' title='bbox 1119 2861 1280 2899; x_wconf 56' lang='lat' dir='ltr'><strong>abest.&#39;xa&#39;t.</strong></span> <span class='ocrx_word' id='word_1_870' title='bbox 1323 2866 1356 2892; x_wconf 73' lang='grc'><strong>60</strong></span> <span class='ocrx_word' id='word_1_871' title='bbox 1376 2867 1465 2899; x_wconf 86' lang='lat' dir='ltr'><strong>Laur.</strong></span> <span class='ocrx_word' id='word_1_872' title='bbox 1483 2876 1618 2906; x_wconf 78' lang='grc' dir='ltr'>κριιτωσι.</span> 
     </span>
    </p>
   </div>
  </div>
