1975 3071
183 123 256 157 1091

795 120 958 156 JOANNIS
979 123 1263 156 EUCHAITENSIS

1804 126 1817 157 i
1825 125 1896 157 092

178 199 258 221 mam
273 190 382 230 gladio,
409 190 447 221 de
475 200 534 230 quo
561 189 678 230 jamdiu
708 189 934 229 praenuntiatum
964 189 983 219 il

1067 192 1248 229 ερομηνυθείσῃ
1265 190 1292 211 ’⁷³
1325 191 1440 231 ῥομφαίᾳ
1474 190 1564 224 δεινῶς
1586 192 1635 225 τὴν
1662 191 1767 231 καρδίαν
1808 202 1893 219 σπα-

179 233 308 271 fueratn,
325 234 428 265 videns
443 234 552 265 acerbe
567 234 774 271 dilaceratum,
793 233 911 274 (ecquid
928 233 1006 264 enim

178 278 258 309 aliud
273 279 356 309 Matri
366 279 452 310 ﬁeret
464 278 494 308 in
504 277 656 317 Unigeniti
681 279 813 310 inaudita
827 278 964 319 passione
980 278 1006 318 ἰν)

178 322 311 353 solamen
327 323 449 363 praebet,
468 327 497 353 et
527 323 663 362 provides
691 333 776 354 curas
805 323 963 363 impendit,
981 330 1010 355 et

178 365 333 406 Virginem
363 367 470 406 virgini
501 367 649 408 discipulo
678 367 849 403 committit,
867 366 1007 397 dilectum

178 419 232 451 pro
248 420 280 442 se
297 411 362 452 ipso
378 411 495 443 dilectae
511 412 632 443 tradens
650 423 658 452 ;
673 416 703 443 et
716 413 771 443 hoc
789 416 872 452 pacto
890 411 1008 451 prospi~

179 454 232 493 cit,
249 460 280 486 ut
296 460 324 486 et
338 456 487 496 reliquum
502 456 568 487 vitae
585 461 702 497 tempus
717 456 804 487 ducat
821 464 951 487 maerore
960 464 1008 486 va-

178 509 279 536 cuum,
298 504 326 530 et
342 501 489 541 ejusmodi
502 502 693 532 solitudinem
711 501 826 532 facilius
837 501 923 532 ferat.

220 543 432 576 Verumtamen
448 546 502 577 Dei
517 545 592 576 Filia
606 546 667 586 (t0)
681 545 786 576 Natum
803 556 889 576 suum
905 551 1007 588 utpote

181 593 331 619 mortuum
360 589 549 626 lamentatur,
581 595 609 620 et
638 590 744 620 imbuit
772 591 943 629 unguentis,
961 595 1004 629 et,

179 633 277 673 prouti
294 638 401 674 potest,
415 634 496 674 justa
520 634 657 665 funebria
670 644 738 666 cum
750 635 816 665 aliis
831 635 1005 666 mulieribus

180 678 331 717 persolvit.
344 677 407 709 Mox
423 688 492 709 vero
504 684 533 709 et
555 679 710 719 pulchrum
732 679 804 710 illud
821 684 850 709 et
867 689 1004 719 magnum

178 725 209 752 et
223 722 310 753 dulce
327 732 388 762 prae
401 723 495 753 oculis
510 723 598 754 habet
623 723 835 763 spectaculum,
854 724 1003 755 Christum

180 777 299 809 nempe,
312 769 362 809 qui
377 769 462 809 paulo
475 774 542 800 ante
551 770 689 810 sepulcro
698 770 802 805 fuerat,
819 770 1003 808 reconditus,

1050 234 1215 274 ρισσομένην
1245 235 1305 264 ἰδὼν
1344 236 1401 276 (καὶ
1437 236 1463 263 τί
1491 236 1541 276 γὰρ
1569 237 1586 270 ἡ
1617 237 1713 276 Μήτηρ
1740 236 1782 264 ἐπὶ
1818 235 1894 272 ξένῳ

1050 279 1125 306 πέθει
1155 280 1330 320 Μονογενοῦς)
1351 288 1359 316 ;
1388 282 1582 319 παραμυθεῖται
1610 282 1656 309 καὶ
1683 287 1808 320 προνοεῖ,
1840 281 1893 308 καὶ

1050 324 1177 362 παρθένον
1231 324 1350 364 παρθένῳ
1407 326 1513 363 μαθητῇ
1571 325 1755 364 παρατίθησιν,
1825 325 1892 353 ἀνθ’

1051 367 1143 396 ﬁcturae
1168 370 1212 397 τὸν
1241 369 1414 408 στεργόμενον
1442 369 1595 404 εἷσποιήσας
1623 373 1657 408 τῇ
1686 369 1860 409 στεργομὲντ,
1881 379 1890 386 ·

1050 413 1093 440 καὶ
1127 418 1218 442 τοῦτον
1253 414 1299 441 τὸν
1333 414 1442 453 τρόπον,
1471 414 1507 444 ὡς
1537 413 1633 453 ἱλαρῶς
1662 413 1689 442 δὲ
1719 413 1802 447 διάξοι
1835 415 1888 442 τὸν

1050 456 1142 485 λοιπὸν
1158 459 1225 496 βίον,
1242 459 1286 487 καὶ
1296 459 1344 493 τὴν
1359 459 1475 496 μόνωσιν
1489 458 1521 483 ⁷4
1534 460 1632 492 ταύτην
1647 460 1785 498 ὕπενέγκοι
1801 459 1887 499 ῥᾷον,

1049 502 1225 540 οἰκονομήσας
1232 528 1238 534 ,

1088 548 1124 575 Οὖ
1140 547 1187 585 μὲν
1203 547 1270 577 ἀλλὰ
1284 549 1328 576 λῖά
1352 549 1443 588 θρηνεῖ
1469 550 1515 576 τὸν
1544 549 1639 582 ἑαυτῆς
1675 550 1712 581 ὡς
1741 550 1842 588 νεκρὸν
1866 549 1886 581 ἡ

1048 591 1160 623 Θεόπαις
1175 592 1218 628 75,
1254 594 1297 621 καὶ
1329 593 1439 632 μυρίζει,
1468 594 1510 621 χαὶ
1538 594 1583 620 τὸν
1611 593 1748 633 ἐπιτάφιον
1779 594 1883 632 νόμον⁷

1046 636 1083 666 ὡς
1110 636 1184 676 εἶχε,
1216 638 1261 664 σὺν
1288 643 1351 668 ταῖς
1374 635 1466 668 ἄλλαις
1494 636 1630 676 ἐκπληροῦ
1659 637 1784 676 γυναιξίν,
1805 637 1885 665 Εἶτα

1046 681 1191 719 παραυτίκα
1219 682 1262 709 καὶ
1296 681 1387 719 βλέπει
1414 683 1458 709 τὸν
1496 681 1578 709 καλὸν
1606 682 1694 710 ἐκεῖνο
1729 683 1774 710 καὶ
1806 681 1884 720 μέγα

1046 725 1089 752 καὶ
1118 724 1199 763 γλυκὺ
1233 725 1316 763 θέαμα
1333 736 1341 743 ·
1373 727 1485 764 Χριστὸν
1522 727 1566 754 τὸν
1605 725 1662 766 ἄρτι
1691 726 1809 766 ταφέντα
1843 725 1884 764 (ὣ

1045 771 1096 801 τῆς
1110 770 1203 802 θεϊκῆς
1219 769 1332 802 ἐξουσίας
1351 770 1358 801 !
1375 770 1397 799 ὣ
1411 773 1460 804 τῆς
1479 769 1613 808 δυνάμεως
1631 769 1664 810 ί),
1693 774 1778 805 ζῶντα
1793 768 1882 799 πάλιν

178 818 206 850 (0
223 817 396 853 potestatem
411 814 540 844 divinam
560 814 567 845 !
599 827 614 843 ιι
638 815 776 845 virtutem
795 814 815 854 !)
833 815 869 845 ad
887 814 983 845 tertia!

1071 825 1082 844 ς
1112 815 1213 852 τρίτην,
1243 815 1285 842 καὶ
1322 815 1440 854 γνωρίζει
1466 815 1512 843 τὸν
1541 814 1676 854 φίλτατον,
1714 815 1757 842 καὶ
1793 824 1881 853 περι-

179 856 259 888 diem
277 867 379 889 rursus
394 858 553 896 viventem,
572 863 600 890 et
615 859 842 890 dilectissimum
859 859 1002 899 agnoscit,

179 906 208 933 et
220 901 419 933 desideratum
436 903 634 943 amplectitur,
659 913 692 934 ac
713 904 911 934 reverentiam
927 904 1006 934 inter

179 956 214 977 ac
232 951 354 984 metum,
370 957 561 988 amoremque
573 953 601 978 et
611 948 764 988 gaudium,
778 953 838 979 tum
848 949 1004 988 praesentia

178 991 289 1030 ingenti
307 1001 374 1021 cum
384 996 505 1032 stupore
517 993 720 1030 considerans,
736 997 794 1023 tum
811 992 958 1033 praeterita
972 993 1002 1023 in

179 1036 272 1066 corde
287 1045 340 1066 suo
356 1037 525 1074 conferens,
549 1037 722 1068 collazlatur.
749 1037 785 1068 Et
800 1047 867 1068 cum
882 1037 1000 1067 interim

178 1079 343 1111 mirabilem
371 1081 507 1121 qamdam
538 1082 573 1112 ad
601 1082 663 1112 haec
689 1082 789 1112 omnia
817 1081 1003 1122 experiretur

174 1125 405 1164 jucunditatem,
423 1126 509 1166 paulo
525 1130 589 1166 post
605 1126 692 1157 etiam
707 1126 742 1156 ad
758 1127 848 1157 caelos
866 1126 896 1156 in
912 1126 1001 1156 nubi-

177 1169 234 1200 bus
246 1173 378 1200 evectum
395 1179 462 1200 eum
481 1171 570 1208 videt,
588 1178 617 1201 et
629 1171 808 1212 colloquium
820 1171 901 1202 audit
913 1180 1002 1210 ange-

180 1214 290 1254 lorum,
303 1214 462 1255 laetumque
477 1224 580 1246 eorum
597 1216 745 1253 nuntium,
764 1225 844 1256 eum,
862 1216 911 1256 qui
923 1215 1004 1246 abie-

177 1263 233 1296 rat.
249 1269 354 1291 rursus
369 1269 435 1292 esse
450 1266 617 1292 venturum.

219 1303 296 1336 XVI.
317 1304 425 1335 Verum
441 1305 514 1336 nihil
543 1305 647 1345 utique
675 1306 738 1336 hac
757 1305 892 1336 valebant
907 1304 943 1335 ad
959 1305 1004 1335 le-

178 1348 321 1380 niendum
339 1349 520 1380 desiderium
538 1350 649 1387 Matris,
667 1360 732 1390 quae
747 1350 877 1387 dolebat,
896 1353 924 1380 et
937 1347 1005 1379 Filii

180 1393 280 1433 (atque
293 1393 405 1424 utinam
416 1395 519 1434 quanti
532 1399 557 1425 et
569 1395 664 1435 qualis
675 1395 754 1432 Filii,
767 1395 867 1425 dicere
874 1402 1003 1434 possem,

181 1444 268 1477 prout
285 1438 380 1469 Deum
396 1438 482 1469 decet
497 1449 530 1470 ac
545 1439 619 1470 Filio
628 1439 809 1478 condignum
825 1439 895 1478 est),
908 1437 1003 1478 quoad

179 1481 326 1513 visibilem
343 1483 476 1522 ejusdem
493 1488 657 1524 aspectum,
673 1483 840 1514 absentiam
856 1483 932 1513 ferre
944 1491 1002 1512 non

1046 864 1138 897 χεῖται
1166 862 1203 895 τῷ
1232 859 1397 899 ποθουμένῳ,
1425 858 1495 887 αἰδοῖ
1516 869 1545 886 τε
1573 860 1617 888 καὶ
1638 857 1712 898 φόϐῳ
1731 859 1776 886 καὶ
1798 858 1881 895 πόθῳ

1046 903 1206 941 μεριζομένη
1235 904 1279 931 καὶ
1308 907 1341 941 τῇ
1372 907 1443 943 χαρᾷ
1465 904 1662 942 περιγάννυται,
1691 904 1725 930 τὰ
1753 902 1879 941 παρόντα

1045 960 1072 977 τε
1109 949 1165 986 μετ’
1194 948 1346 984 ἐκπλήξεως
1368 951 1455 988 ὁρῶσα
1485 948 1600 986 πσλλῆς,
1634 949 1678 976 καὶ
1711 949 1744 976 τὰ
1772 947 1880 987 προλα-

1044 992 1123 1021 ϐόντα
1152 993 1337 1031 συμϐάλλουσα
1364 993 1391 1021 ἓν
1419 996 1453 1031 τῇ
1483 992 1574 1032 καρδίᾳ
1603 993 1697 1026 αὒτῆς,
1729 993 1778 1021 Καὶ
1805 993 1878 1020 θαυ-

1045 1039 1149 1076 μαστήν
1165 1049 1222 1066 τινα
1237 1039 1380 1078 πάσχουσα
1395 1038 1426 1063 75
1446 1039 1511 1077 πρὸς
1533 1038 1618 1065 πάντα
1634 1038 1683 1071 τὴν
1697 1036 1794 1071 ἡδονὴν
1820 1048 1877 1074 με-

1043 1082 1105 1115 ταξύ
1119 1094 1143 1110 τι
1158 1083 1245 1122 βραχύ
1259 1084 1302 1111 καὶ
1323 1083 1389 1122 πρὸς
1405 1083 1528 1122 οὖρανοὺς
1544 1081 1570 1110 ἐν
1587 1082 1706 1122 νεφέλαις
1723 1081 1876 1121 ἐπαρθέντα

1043 1127 1101 1165 ὁρᾷ,
1125 1128 1168 1155 καὶ
1199 1127 1246 1161 τῆς
1262 1126 1405 1166 αγγελικῆς
1419 1126 1523 1165 ὁμιλίας
1538 1126 1569 1151 ’Π
1594 1127 1638 1154 καὶ
1662 1127 1827 1166 παρηγορίας
1843 1125 1877 1150 73

1044 1171 1143 1208 ἀκούει,
1175 1171 1413 1210 εὖαγγελιζομένης
1440 1172 1484 1199 καὶ
1504 1171 1582 1200 πάλιν
1597 1176 1643 1201 τοῦ
1672 1171 1796 1203 ἀπιόντος
1821 1171 1874 1204 τὴν

1045 1215 1144 1243 ἕλευσιν
1149 1237 1157 1245 .

1086 1299 1147 1341 ις’.
1172 1302 1246 1332 Ἀλλ’
1269 1303 1342 1332 οωὲν
1363 1303 1411 1343 ἄρα
1433 1307 1514 1332 ταῦτα
1543 1307 1665 1342 μητριχῷ
1693 1303 1766 1340 πόθῳ
1793 1303 1871 1340 κάμ-

1045 1359 1129 1388 νοντι,
1145 1349 1188 1376 χαὶ
1203 1347 1448 1387 παιδὸςξέχδημίαν,
1472 1348 1532 1376 ὅσον
1556 1349 1622 1387 πρὸς
1650 1348 1680 1375 τὸ
1709 1348 1871 1387 φαινόμενον

1048 1392 1130 1432 (ἀλλὰ
1150 1391 1242 1425 παιδὸς
1263 1393 1320 1425 πῶς
1343 1392 1372 1421 ἂν
1400 1393 1505 1430 ε’ίποιμι
1541 1394 1692 1431 θεοπρεπῶς
1722 1393 1766 1420 καὶ
1787 1391 1868 1424 ἀξίως

1045 1436 1138 1469 παιδὸς
1152 1437 1244 1470 ἡλίκου
1258 1438 1301 1465 καὶ
1315 1437 1409 1477 τίνος),
1431 1437 1518 1477 φέρειν
1545 1438 1592 1465 οὐκ
1605 1436 1708 1476 ἔχοντι,
1727 1437 1775 1463 Διᾶ
1789 1438 1869 1464 τοῦτο

1045 1485 1121 1517 ζητεῖ
1135 1481 1184 1515 τὴν
1199 1482 1262 1521 πρὸς
1290 1483 1366 1510 αὺτὸν
1395 1481 1478 1521 ἄφιξιν
1494 1481 1526 1505 78
1553 1482 1596 1508 καὶ
1622 1479 1685 1519 παρ’
1702 1481 1779 1508 αὑτοῦ
1793 1479 1867 1516 λαμ.-

182 1531 307 1567 poterat.
324 1516 470 1563 Quocirca
486 1516 637 1568 ad.ipsum
650 1516 769 1559 Ivenire
798 1527 926 1567 discupit
942 1537 949 1565 ;
975 1536 983 1558 ε

1067 1526 1115 1554 im
1147 1527 1189 1554 καὶ
1220 1516 1299 1554 ’τοῦτο
1326 1516 1477 1566 προθύμως⁴¹
1512 1524 1627 1557 διδόντος
1642 1516 1673 1550 εί)
1702 1524 1867 1564 φιλοφρόνως

176 1570 232 1601 hoc
242 1571 331 1602 etiam
339 1576 475 1612 prompte
485 1572 522 1603 ab
533 1582 568 1603 eo
580 1573 781 1613 consequitur,
791 1571 1000 1615 quibenevole,

175 1617 275 1658 prouli
289 1623 494 1655 consueverat,
522 1619 551 1650 id
567 1619 715 1650 concedit.
730 1619 792 1650 Hoc
806 1618 902 1659 ipsum
918 1627 998 1656 vero,

177 1662 257 1703 quod
274 1662 345 1701 dixi,
363 1663 435 1694 satis
451 1663 559 1694 evincit
574 1673 640 1704 quae
660 1664 746 1704 paulo
762 1669 829 1704 post
843 1662 1001 1694 subsecuta

177 1711 221 1738 est
231 1707 406 1738 immortalis
416 1708 496 1739 illius
512 1709 663 1740 translatio
676 1719 684 1747 ;
695 1718 783 1749 quam
796 1708 898 1745 hodie,
914 1707 999 1739 festi—

178 1752 299 1783 vitatem
315 1752 392 1784 hanc
404 1757 537 1794 agentes,
561 1764 627 1794 quae
650 1759 679 1785 et
707 1754 772 1786 dies
786 1758 887 1784 sancta
901 1753 1001 1783 vocari

177 1796 353 1836 promeruit,
371 1801 400 1828 et
429 1798 504 1828 hanc
534 1798 628 1838 ipsam
658 1802 738 1829 tanto
766 1798 879 1828 honore
894 1805 1000 1836 prose-

177 1844 303 1880 quentes
319 1841 445 1872 solemni
460 1846 606 1873 conventu
622 1843 818 1873 celebramus.

213 1884 302 1917 XVlI.
315 1884 387 1916 Nam
397 1890 426 1917 et
436 1891 542 1918 caetera
553 1886 606 1918 Dei
616 1887 776 1919 Genitricis
786 1891 922 1927 portenta
930 1895 1001 1918 sane

178 1929 286 1960 eximia
301 1934 380 1968 sunt,
398 1936 427 1961 et
442 1931 472 1962 in
489 1932 605 1962 eximiis
634 1932 762 1963 maxime
777 1931 895 1962 eximia.
913 1931 1002 1967 Quaa-

175 1983 242 2005 nam
258 1975 322 2005 haec
336 1975 403 2006 dico
414 1977 428 2005 ?
442 1975 561 2007 Scilicet
577 1986 644 2017 quae
657 1981 725 2008 ante
744 1980 872 2016 partum,
889 1985 954 2015 quae
969 1975 1000 2006 in

173 2023 268 2059 partu,
296 2029 362 2059 qua:
391 2024 456 2060 post
486 2025 600 2061 partum
629 2020 777 2051 mirabilia
795 2020 999 2060 suscipimus:

175 2068 349 2104 conceptum
358 2069 440 2095 satus
447 2069 595 2106 expertem
602 2090 609 2103 ,
617 2065 811 2105 gestationem
824 2065 861 2095 ab
870 2074 1002 2096 arumna

1043 1571 1080 1602 ὡς
1102 1571 1206 1602 εἴωθεν,
1237 1570 1381 1603 Ἀπόδειξις
1413 1571 1544 1610 αὖτάρκης
1573 1573 1619 1598 τοῦ
1647 1569 1728 1608 λόγου
1762 1570 1779 1602 ἡ
1807 1568 1866 1606 μετ’

1043 1615 1131 1655 ὸλίγον
1152 1615 1266 1644 ἐντεῦθεν
1294 1618 1344 1648 τῆς
1371 1615 1497 1644 ἀθανάτου
1529 1614 1665 1652 μετάθεσις
1681 1621 1688 1629 ·
1711 1614 1746 1646 ἣν
1775 1624 1865 1646 πανη-

1040 1661 1177 1699 γυρίζομεν
1187 1660 1214 1684 81
1233 1661 1346 1699 σήμερον
1362 1659 1465 1693 χλητὴν
1479 1660 1554 1698 ἁγίαν
1569 1658 1683 1697 ἡμέραν,
1699 1658 1748 1691 τὴν
1763 1657 1864 1696 ἡμέραν

1040 1703 1148 1744 ἄγοντες
1169 1705 1278 1741 ταύτην,
1294 1705 1419 1745 χαὶξμετὰ
1437 1704 1567 1737 τοσαύτης
1581 1702 1613 1727 82
1633 1703 1714 1736 αὐτὴν
1729 1701 1864 1742 ὑποδεχό-

1041 1760 1114 1787 μενοι
1129 1752 1178 1783 τῆς
1194 1751 1288 1787 τιμῆς.

1082 1879 1132 1915 ιζ’.
1164 1883 1239 1913 Καλὰ
1266 1883 1316 1921 μὲν
1336 1883 1385 1923 γὰρ
1413 1882 1465 1916 ἤδη
1500 1883 1542 1911 καὶ
1571 1882 1664 1919 τᾶλλα,
1702 1882 1746 1910 καὶ
1773 1879 1860 1909 καλῶν

1042 1928 1181 1966 κάλλιστα,
1204 1929 1237 1956 τὰ
1257 1930 1307 1962 τῆς
1343 1929 1509 1967 Θεομήτορος
1537 1928 1667 1965 θαύματα,
1690 1927 1752 1955 Τίνα
1783 1925 1863 1954 ταῦτά

1042 1983 1136 2013 enim;
1160 1974 1197 2003 Τὰ
1223 1974 1274 2012 πρὸ
1297 1971 1383 2002 τοῦ⁹³
1403 1973 1482 2001 τόκου
1511 1970 1654 2012 παράδοξα,
1678 1972 1710 1999 τὰ
1732 1971 1759 1998 ἐν
1780 1970 1861 2005 τόκῳ,

1041 2019 1074 2045 τὰ
1088 2017 1120 2042 84
1141 2018 1207 2056 μετὰ
1228 2017 1306 2046 τόκον
1324 2026 1330 2032 ·
1353 2017 1403 2050 τὴν
1433 2016 1549 2056 ἄσπορον
1575 2016 1717 2056 σύλληψιν,
1731 2015 1781 2048 τὴν
1796 2013 1860 2042 ἀλυ-

1042 2074 1091 2091 πον
1131 2063 1236 2102 κύησιν,
1277 2062 1326 2096 τὴν
1362 2061 1472 2102 ἄφθορον
1500 2061 1635 2100 γέννησιν,
1672 2061 1721 2094 τὴν
1756 2058 1862 2097 ollim“

172 2103 305 2146 vacuam,
316 2113 431 2148 partum
442 2103 643 2150 corruptionis
651 2110 796 2146 nescium,
812 2110 983 2140 tremendun

1067 2109 1143 2141 Lsivnv
1165 2110 1211 2135 τοῦ
1233 2106 1345 2146 ἀγγέλου
1373 2107 1421 2140 τὴν
1443 2104 1566 2146 φοϐερὰν,
1590 2107 1639 2138 τὴν
1673 2104 1764 2145 φωνὴν
1791 2103 1860 2131 ἐκεί-

170 2152 254 2183 illum
267 2147 364 2193 angeli
375 2147 541 2193 aspectum;
553 2164 655 2185 vocem
665 2155 748 2185 illam
765 2154 906 2191 divinam,
922 2163 982 2194 prae

1067 2165 1088 2186 ιν
1116 2153 1166 2184 τὴν
1193 2151 1274 2188 θείαν,
1311 2152 1354 2179 καὶ
1381 2150 1515 2190 λαμπρᾶιν⁷
1551 2151 1595 2178 καὶ
1629 2149 1796 2190 χαρμόσυνον
1817 2147 1858 2172 33'

171 2197 291 2237 claram,
309 2198 516 2238 acjucundam
534 2209 542 2237 ;
558 2199 646 2239 plane
672 2199 862 2230 admirandas
875 2193 982 2229 Joanni

1067 2208 1073 2225 ι
1107 2196 1229 2225 Ἰωάννου
1270 2199 1315 2224 τοῦ
1350 2196 1417 2224 πάνυ
1458 2196 1594 2233 θαυμαστὰ
1637 2195 1804 2234 σκιρτήματα
1817 2193 1859 2231 ω,

170 2241 392 2282 exsultationes,
405 2238 579 2274 honoraritis
593 2253 628 2274 ex
646 2249 733 2274 utero
752 2243 852 2274 adhuc
868 2243 899 2274 in
915 2247 981 2275 uter

1068 2245 1168 2280 μῶντος
1206 2241 1348 2280 ἐγγάστρια
1382 2242 1427 2268 τὸν
1462 2240 1499 2268 ’ἐτι
1535 2240 1602 2268 κατὰ
1644 2238 1758 2278 γαστέρα
1774 2248 1781 2255 ·
1813 2240 1859 2272 τὴν

167 2292 338 2327 gestatum;
363 2288 522 2320 Elisabetaa
547 2289 762 2321 conscientiam
792 2290 830 2320 de
857 2289 982 2330 dignitat

1067 2285 1179 2316 ιλισάϐετ
1217 2285 1355 2325 ἐπίγνωσιν
1396 2287 1445 2318 τῆς
1485 2288 1530 2312 τοῦ
1574 2283 1729 2321 τιμηθέντος
1778 2283 1858 2319 ἀξίας,

169 2326 248 2363 illius
263 2333 313 2374 qui
328 2333 542 2375 honorubatur,
559 2338 621 2365 tum
637 2334 774 2374 ejusdem
790 2343 861 2374 erga
877 2326 980 2374 gestari

1067 2333 1084 2360 ιὶ
1111 2331 1159 2364 τὴν
1189 2329 1260 2363 ἀξίαν
1295 2330 1353 2369 περὶ
1391 2330 1439 2363 τὴν
1483 2332 1594 2357 κυοῦσαν
1635 2326 1783 2366 εὐλάϐειαν,
1818 2329 1860 2356 καὶ

207 2431 221 2452 ρ
233 2411 306 2443 Luc.
324 2421 357 2451 II,
374 2415 425 2444 35.

871 2468 977 2500 'Varize
992 2469 1147 2500 lectiones.

255 2531 342 2563 Laur.
359 2534 585 2575 προσμηνυθήσει.
670 2533 701 2559 ⁷4
716 2535 804 2565 Laur.
822 2536 942 2572 μόνοσιν.
977 2574 982 2575 7

1070 2535 1138 2567 Vat.
1154 2535 1213 2566 alio
1235 2543 1395 2567 vernorum
1416 2534 1522 2566 ordine
1542 2535 1559 2569 ἡ
1583 2535 1697 2575 Berl-nat;
1710 2535 1745 2575 ᾡς
1759 2537 1858 2575 νεκρόν.

214 2572 319 2616 _Uterq.
334 2571 401 2604 cod.
410 2571 577 2616 πᾷσχουσαν.
590 2574 651 2616 “7:7
668 2576 753 2606 Laur.
769 2571 895 2613 ὁμηλίας,
932 2575 963 2600 78

1072 2576 1266 2616 παροιγορείας.
1304 2575 1335 2600 79
1349 2575 1561 2616 Laurréicpniw.
1584 2575 1616 2600 80
1625 2574 1713 2616 Laur.
1727 2571 1858 2608 διδόν-ἓως.

172 2612 196 2654 εξ
213 2612 305 2654 [αευΐί
317 2612 530 2654 πανιγυρίζομεν.
587 2613 619 2639 83
632 2614 719 2646 Laur.
735 2612 875 2649 τοσούτης.
929 2616 961 2641 83
977 2615 983 2630 π

1067 2612 1230 2648 abest-£06.
1273 2616 1306 2642 84
1318 2617 1407 2648 Laur.
1424 2612 1519 2647 abest.
1534 2616 1578 2647 τά.
1642 2615 1673 2640 85
1684 2614 1772 2646 Laur.
1789 2617 1857 2654 ὄψιν.

166 2652 200 2679 ⁸⁸
213 2652 300 2685 Laur.
317 2657 367 2688 τὴν
380 2652 517 2695 λαμττερὲιν²
532 2656 575 2684 καὶ
590 2657 661 2684 θείαν
676 2656 856 2695 χαρμόσννον.
898 2656 930 2681 83
944 2656 1010 2688 Vat.
1022 2658 1170 2694 θαυμαστὸν
1186 2657 1329 2697 σκίρτημα.

968 2723 1062 2754 Notae.

207 2787 272 2827 (10)
288 2789 364 2819 Ecce
377 2787 431 2819 tibi
447 2788 600 2828 singulare
615 2788 688 2820 illud
706 2789 839 2831 Deiparaa
853 2791 1034 2832 encomium,
1051 2796 1082 2822 ut
1095 2792 1330 2824 antonomastice
1357 2791 1415 2824 Dei
1431 2792 1510 2824 Filia
1526 2792 1700 2834 appelletur.
