1975 3071
70 131 149 164 1093

67 201 205 240 ἀνάῤῥδσιν
231 201 264 226 88
280 211 287 217 ’

529 130 657 164 SERMO
679 131 718 165 IN
738 132 789 164 SS.
814 130 995 163 DEIPAR/E
1019 132 1305 164 DORMITIONEM.

329 202 389 234 τοὺς
425 201 553 241 ἀγγέλους
596 202 664 239 μετὰ
691 201 790 241 βραχὺ,
828 200 985 231 τοῦςΑίθῐῐἸ

1007 197 1180 238 (Virginem)
1195 198 1396 229 reverentiam
1427 197 1624 238 condignam,
1641 208 1676 230 ac
1690 208 1768 240 pra:-

1690 132 1768 165 £094

70 245 211 283 ποιμένας,
233 247 293 279 τοὺς
315 247 429 286 μάγως,
444 247 505 279 τοὺς
533 247 613 286 ὕπαρ,
644 247 703 279 τοὺς
732 245 806 286 ὄναρ,
834 246 896 277 τοὺς
938 251 985 273 001

1002 241 1058 273 ium
1076 251 1084 280 ;
1109 242 1230 282 angelos
1245 243 1330 283 paulo
1350 246 1429 283 post,
1446 247 1592 284 pastores,
1610 252 1723 283 magos,
1740 248 1770 275 et

73 289 101 318 ιν
116 289 238 318 ἐκστάσει
255 292 458 331 χρηματισμούς
474 299 481 306 ·
514 292 562 325 τὴν
591 291 700 329 Συμεὼν
723 290 896 330 προφητείαν,
939 287 985 317 div

1003 296 1040 317 na
1065 287 1152 317 modo
1183 296 1235 327 per
1264 287 1408 326 vigiliam,
1437 287 1525 318 modo
1548 297 1602 328 per
1617 297 1768 326 somnum,

72 334 124 367 τὴν
169 339 253 368 Αννης
281 335 492 374 ἀνθομολόγησιν
506 343 514 351 ⁸
543 336 608 374 πρὸς
644 333 670 362 δὲ
691 335 793 366 τούτοις
815 334 833 368 ἢ
855 334 899 361 καὶ

74 380 126 418 πρὸ
140 379 251 419 τούτων,
266 380 299 408 τὰ
312 381 409 413 τιύτης
430 382 512 413 αὑτῆς
536 379 625 418 ὥσπερ
654 378 722 419 ἴδια,
753 380 787 412 ὡς
817 378 900 418 εὒχῆς

76 421 160 462 δῶρον
177 422 272 452 ἄνωθεν
286 431 347 457 τοῖς
357 426 453 463 ίεεροτς
465 424 541 458 ἐδόθη
554 424 682 463 πατράσιν
695 432 701 439 ⁸
720 424 756 455 ὡς
768 423 902 462 μητρικὴν

75 466 228 506 παραδόξως
253 468 360 507 ἀγονίαν
381 468 496 497 διέλυσεν
513 478 520 486 ·
547 467 604 502 ἤδει
626 468 687 507 γὰρ,
709 466 759 495 ἔδει
788 466 904 507 προδρα-

82 518 145 548 μεῖν
175 513 259 550 Θαῦμα
295 513 439 553 θαύματος,
475 514 518 541 καὶ
546 513 646 552 καρπὸν
672 515 763 551 νεκρᾶς
790 512 905 551 μήτρας,

80 557 222 595 παρθενίας
257 557 335 585 τόκον
383 558 586 586 πιστώσασθαι·
638 558 674 588 ὡς
724 556 795 588 εὐθὺς
831 554 906 583 δοτὸν

81 599 164 639 δῶρον
199 600 323 634 ἀντεδόθη
352 601 431 632 πάλιν
459 604 497 639 τῷ
529 601 651 630 δεδωκότι
667 601 698 625 89
714 610 722 619 '
750 601 787 632 ὡς
812 601 906 642 χερσὶν

82 645 174 680 ἱερέων
199 648 236 682 τῷ
265 647 326 684 ἱερῷ
347 647 531 686 προσαχθεῖσι
546 645 578 670 90
598 646 646 679 τὴν
668 645 732 684 ὑπὲρ
753 647 839 672 πᾶσαν
860 645 907 672 πί-

83 700 140 717 στιν
154 688 180 710 θί
202 690 309 730 ἀνήχθη
331 691 402 730 παρὰ
429 698 488 723 τοῖς
517 691 600 730 ἅγίοις
628 690 729 721 ἀδύτοις
752 690 906 729 ἀναγωγὴν,

80 735 127 761 τὸν
156 733 202 762 ἀπ’
225 736 334 774 ούρανοῦ
356 735 426 768 ξένον
457 735 545 776 ἄρτον,
575 736 624 769 τὴν
653 735 774 774 ἀγγέλων
811 733 909 772 τροφὴν

82 778 140 806 ἐκεῖ
168 778 302 818 δεχομένη
319 788 327 795 ’
358 779 452 818 ἀλλα,
484 782 528 812 οἷς
557 779 644 812 καλῶς
674 779 742 813 αὕτη
778 777 910 817 πόῤῥωθεν

83 823 243 862 ἁγνιζομένη
284 826 342 861 Θεῷ
384 826 449 864 πρὸς
483 824 619 865 ὑποδοχὴν
660 824 830 863 ἦῦτρεπίζετο
861 824 910 855 τῆς

942 331 1030 362 modo
1045 340 1098 371 per
1113 331 1237 362 extasim
1254 331 1373 362 oracula
1391 342 1398 369 ;
1416 332 1568 363 Simeonis
1584 332 1769 370 vaticinium,

942 376 1036 407 Annae
1051 375 1269 406 confessionem
1287 385 1295 413 ;
1325 376 1363 406 ad
1392 377 1454 407 haec
1483 381 1593 411 autem,
1613 386 1666 408 seu
1682 377 1770 407 etiam

944 425 1014 451 ante
1033 420 1101 458 ista,
1126 429 1161 450 ea
1176 429 1305 460 quoque,
1321 430 1387 460 quae
1403 420 1537 460 ejusdem
1554 421 1643 461 hujus
1660 421 1772 462 (Virgi—

947 465 1006 503 nis)
1023 465 1141 505 propria
1170 465 1387 505 quodammodo
1417 464 1604 503 exstiterunt,
1631 466 1774 497 videlicet

947 509 1026 549 quod
1045 509 1183 548 precibus
1199 513 1368 540 sanctorum
1386 514 1542 550 parentum
1557 510 1647 541 Veluti
1661 510 1772 541 donum

948 554 1091 584 divinitus
1103 563 1245 584 concessa
1256 554 1363 585 fuerit:
1385 554 1464 594 quod
1490 559 1654 585 maternam
1665 555 1773 586 sterili-

950 603 1038 629 tatem
1049 598 1178 629 mirabili
1190 599 1305 629 ratione
1316 599 1499 636 dissolverit;
1513 599 1667 639 oportebat
1680 599 1771 638 enim,

950 643 1036 683 plane
1046 643 1212 683 oportebat,
1228 647 1259 673 ut
1279 642 1420 674 miraculo
1432 649 1628 684 praecurreret
1644 644 1774 675 miracu-

950 687 1024 725 lum,
1042 691 1071 718 et
1087 691 1118 718 ut
1131 687 1308 726 virginitatis
1338 688 1433 727 partui
1463 688 1551 718 ﬁdem
1568 688 1680 719 faceret
1695 689 1775 720 eﬂ‘eti

952 733 1030 763 uteri
1043 732 1157 762 fructus
1175 735 1182 762 ξ
1200 732 1277 772 quod
1295 741 1469 762 concessum
1485 732 1596 763 donum
1621 733 1718 764 statim
1733 734 1772 771 ei,

952 777 1002 816 qui
1018 776 1152 812 dederat,
1170 776 1318 807 redditum
1333 784 1435 807 rursus
1450 776 1539 807 fuerit
1555 788 1563 815 ς
1580 777 1658 817 quod
1673 787 1775 808 sacer-

952 822 1052 852 dotum
1067 821 1204 852 manibus
1219 821 1329 861 templo
1344 820 1454 858 oblata,
1470 821 1499 851 in
1510 822 1604 852 sacris
1613 822 1775 862 penetrali-

83 858 153 899 θείας
176 858 349 909 Ἴὰγιωσύνης,
386 858 422 896 div
457 869 530 898 οὒδὲν
559 858 668 900 ἀπεικὸς
699 858 741 896 ἐπὶ
776 858 985 905 μυστηρῖῳΒΙη

1002 875 1018 901 ς,
1032 875 1066 896 eo
1082 865 1148 896 vitae
1163 858 1311 902 instituto,
1327 865 1406 905 quod
1420 874 1537 896 omnem
1551 858 1637 897 fidem
1648 866 1776 904 excedit,

85 912 213 948 τοσούτῳ,
236 912 285 941 κᾶν
313 912 439 942 τιολύνθ¹
463 914 532 942 ἐστιν
561 914 578 941 ἃ
604 914 648 941 τὸν
664 912 816 952 παράλογον
831 911 859 939 ἐν
873 914 912 948 τῷ

86 954 279 996 ὑπερϐάλλοντι
294 959 377 997 φέρει.

953 919 1060 940 novum
1074 919 1089 941 e
1105 910 1180 941 CtPlO
1196 918 1313 949 panem,
1345 909 1445 939 cibum
1462 909 1502 939 ibi
1518 910 1686 949 angelicum
1700 911 1776 942 acci-

952 954 1048 995 piens,
1068 954 1191 985 cducata
1208 953 1318 991 fuerit;
1336 958 1397 984 tum
1412 953 1479 991 alia,
1497 953 1604 994 quibus
1619 964 1682 986 eam
1699 956 1778 987 Deus

85 1000 136 1031 diu
154 1001 181 1031 in
197 1006 384 1033 antecessum
400 1002 458 1033 sibi
473 1002 598 1043 pulchre
614 1001 789 1042 purificans.
807 1000 844 1031 ad
859 999 1080 1040 suscipiendam
1104 999 1134 1029 in
1158 1008 1191 1029 se
1218 998 1348 1029 divinam
1374 997 1468 1039 ipsam
1485 999 1669 1031 sanctitatem
1686 1009 1777 1040 para-

87 1043 150 1082 bat,
176 1049 206 1076 et
228 1055 352 1086 quorum
374 1046 447 1077 nihil
476 1042 507 1077 in
534 1051 614 1077 tanto
640 1046 779 1087 mysterio
808 1053 868 1076 non
896 1052 1059 1083 congruum
1081 1043 1240 1084 reperitur,
1258 1043 1314 1074 etsi
1327 1042 1386 1073 sint
1405 1052 1469 1084 qua;
1485 1052 1574 1084 supra
1589 1053 1778 1076 communem

88 1089 226 1121 ordinem
243 1090 405 1122 eminentia
419 1100 610 1123 communem
627 1092 773 1122 rationem
790 1091 876 1129 longe
891 1087 1183 1129 praetergrediuntur.

131 1135 213 1163 Πόσαι
247 1147 292 1173 μοι
326 1136 385 1164 καθ’
414 1136 524 1165 ἕκαστον
552 1136 652 1164 τούτων
680 1136 839 1175 πανηγύρεις
870 1135 915 1163 καὶ

91 1178 204 1214 τελεταὶ,
222 1180 259 1208 ὧν
284 1180 425 1220 κεφάλαιον
452 1181 480 1208 ἓν
506 1181 631 1220 ὑπερφυές
654 1191 680 1208 νε
706 1181 750 1208 καὶ
779 1179 915 1219 μέγιστον,

93 1227 159 1252 Θεοῦ
190 1224 385 1264 ἔνανθρώπησις
419 1226 462 1254 ἐπὶ
483 1229 521 1263 τῷ
546 1226 592 1253 τὸν
613 1224 747 1264 ἄνθρωπον
776 1226 916 1257 Θεωοῆνςιι.

95 1270 145 1298 Καὶ
172 1270 271 1299 τούτων
301 1271 414 1305 ἑκάστην
443 1272 509 1309 μετὰ
537 1275 583 1300 τοῦ
611 1270 673 1300 ἰδίου
701 1275 792 1310 καιροῦ
819 1282 848 1299 τε
877 1274 922 1302 καὶ

97 1315 241 1354 μυστηρίου
261 1313 396 1355 δεχόμεθα
420 1317 464 1344 καὶ
492 1316 696 1356 προπέμπομεν,
733 1316 822 1354 ὥσπερ
850 1315 920 1355 ὥρας

92 1357 178 1391 ἄλλας
193 1360 334 1392 εὐτάκτους
358 1361 521 1392 ὑπαπιούσας
545 1360 675 1396 ἀλλήλαις
703 1361 730 1388 ὲν
750 1361 855 1398 κόσμῳ,
877 1361 922 1388 καὶ

91 1403 230 1443 ἐπιούσας,
246 1406 290 1433 καὶ
304 1405 355 1439 τὴν
369 1406 470 1434 ἑαυτῶν
485 1407 552 1444 ἡμῖν
567 1406 647 1446 χάριν
663 1405 692 1433 ἐκ
707 1404 833 1445 διαδοχῆς
848 1404 922 1445 φιλο·

93 1448 265 1487 τιμουμένας,

140 1577 198 1612 1Η’.
230 1583 267 1612 Τὰ
296 1583 322 1611 δὲ
349 1589 392 1614 νῦν
419 1585 436 1618 ἡ
464 1585 573 1624 σφραγὶς
601 1584 707 1612 ἐκείνων
741 1586 845 1623 πασῶν,
875 1583 920 1611 καὶ

99 1626 191 1665 βεϐαία
206 1627 396 1668 συμπλήρωσις
409 1637 416 1644 ·
434 1630 451 1664 ἡ
467 1628 570 1668 ἐσχάτη
584 1630 628 1657 καὶ
642 1628 735 1668 πρώτη
751 1629 794 1656 καὶ
809 1628 921 1666 μεγίστη

97 1675 152 1699 τῶν
173 1672 270 1711 ἑορτῶν
287 1682 295 1690 ·
326 1673 416 1713 χρόνῳ
445 1673 493 1710 μὲν
519 1673 622 1712 ἔσχ-ἀτη
648 1674 692 1701 καὶ
713 1671 782 1704 τάξει
796 1671 879 1700 τᾶλλα
895 1671 922 1700 δὲ

99 1715 205 1753 δυνάμει
221 1718 265 1744 καὶ
279 1716 420 1755 ἀξιώματι.
523 1720 527 1724 “

143 1847 273 1877 Πάλλεταί
302 1861 347 1887 μοι
377 1850 408 1878 τὸ
438 1853 540 1888 πνεῦμα
568 1851 634 1890 πρὸς
663 1850 695 1878 τὰ
722 1850 851 1889 παρόντα,
880 1850 923 1877 καὶ

101 1894 119 1926 ἡ
141 1891 232 1932 καρδία
261 1897 353 1934 σκιρτᾷ
368 1903 377 1913 ⁸
408 1895 452 1923 καὶ
471 1902 630 1935 περισκοπεῖ
654 1905 728 1927 τινας
757 1893 852 1934 λόγους
874 1893 923 1922 λο-

996 1132 1079 1168 Quod
1094 1132 1167 1163 mihi
1180 1131 1215 1162 ad
1233 1132 1338 1163 horum
1346 1132 1582 1173 unumquodque
1595 1133 1780 1172 festivitates,

958 1186 992 1207 ac
1008 1185 1093 1207 sacra
1108 1176 1266 1213 solemnia,
1281 1186 1407 1216 quorum
1432 1186 1491 1208 una
1520 1181 1563 1208 est
1586 1177 1668 1209 radix
1694 1188 1783 1218 augu-

960 1220 1090 1252 stissima
1102 1222 1189 1260 juxta
1203 1230 1236 1252 ac
1265 1221 1460 1260 nobilissima,
1491 1222 1589 1253 divina
1603 1223 1716 1253 scilicet
1730 1223 1782 1253 hu-

962 1275 1057 1296 mana
1072 1271 1185 1297 natura:
1200 1266 1375 1306 assumptio,
1397 1271 1429 1297 ut
1453 1266 1488 1297 ad
1513 1266 1640 1298 divinam
1657 1273 1782 1298 naturan

962 1311 1052 1341 homo
1068 1311 1304 1352 proveheretur!
1330 1311 1365 1342 Et
1386 1311 1493 1342 horum
1522 1311 1642 1352 quidem
1667 1311 1782 1350 singula

963 1356 1126 1386 secundum
1142 1356 1293 1396 proprium
1308 1360 1336 1386 et
1353 1359 1469 1396 tempus
1479 1359 1506 1386 et
1515 1356 1688 1396 mysterium
1701 1356 1783 1388 exci-

962 1400 1060 1440 pimus
1088 1409 1122 1431 ac
1152 1400 1369 1440 praemittimus,
1405 1409 1464 1430 non
1489 1409 1576 1431 secus
1604 1410 1638 1431 ac
1668 1409 1783 1432 annuas

963 1444 1066 1475 mundi
1080 1448 1282 1485 tempestates.
1315 1453 1383 1484 qua:
1411 1444 1535 1484 pulchro
1566 1444 1670 1475 ordine
1693 1445 1786 1476 altera

958 1489 1043 1520 alteri
1052 1489 1149 1520 locum
1163 1488 1307 1530 prwbent,
1322 1493 1351 1519 et
1364 1489 1542 1525 succedunt,
1554 1492 1583 1520 et
1594 1489 1784 1529 suaipsarum

960 1533 1107 1565 beneﬁcia
1120 1543 1172 1574 per
1185 1534 1266 1565 vices
1282 1533 1369 1564 nobis
1383 1533 1557 1573 largiuntur.

1001 1577 1103 1609 XVIII.
1115 1577 1186 1614 Quae
1198 1582 1296 1609 autem
1310 1578 1340 1608 in
1351 1586 1482 1618 praesens
1494 1578 1590 1618 agitur
1599 1578 1784 1616 solemnitas,

964 1621 1081 1653 illarum
1091 1622 1224 1653 omnium
1236 1621 1402 1662 obsignatio
1414 1627 1459 1653 est
1472 1631 1506 1653 ac
1520 1621 1633 1653 stabilis
1649 1632 1786 1654 consum-

966 1667 1055 1697 matio
1072 1676 1080 1704 ;
1097 1666 1285 1697 festivitatum
1303 1671 1450 1707 postrema
1464 1672 1520 1707 est,
1538 1671 1566 1697 et
1581 1667 1676 1707 prima
1697 1667 1786 1698 simul

963 1715 992 1742 et
1007 1711 1151 1742 maxima:
1171 1715 1306 1752 tempore
1321 1711 1436 1742 scilicet
1451 1716 1480 1742 et
1493 1711 1598 1742 ordine
1614 1717 1783 1752 postrema:

963 1755 1059 1796 prima
1075 1764 1145 1786 vero
1161 1760 1334 1796 et_summa,
1351 1756 1376 1786 si
1403 1755 1574 1795 dignitatem
1599 1765 1633 1786 ac
1648 1755 1785 1787 virtutem

965 1804 1094 1840 spectes.

1006 1845 1176 1875 Vehemens
1188 1844 1261 1874 mihi
1273 1844 1409 1884 spiritum
1416 1843 1453 1875 ad
1463 1845 1618 1884 praesentia
1628 1846 1787 1876 commotio

966 1889 1034 1926 ciet,
1052 1893 1081 1919 et
1093 1897 1145 1919 cor
1156 1889 1294 1929 exsultat,
1304 1892 1392 1928 atque
1403 1893 1565 1929 conceptus
1585 1898 1675 1920 sensu
1691 1889 1787 1920 subli-

102 1944 212 1976 γισμοϊς
247 1932 365 1976 ὑψηλοὺς
380 1937 410 1960 9³
443 1941 486 1968 καὶ
507 1932 592 1972 ἆξίους
619 1942 668 1974 τῆς
698 1932 925 1979 μεγαλοπρεπείας
966 1943 985 1964 tl

1002 1943 1030 1964 es
1044 1942 1079 1964 ac
1096 1932 1225 1979 portenti
1238 1932 1463 1979 magniﬁcentia
1489 1933 1594 1979 dignos
1610 1934 1788 1974 circumspi-

101 1986 148 2011 τοῦ
178 1983 321 2020 θαύματος.
351 1982 482 2024 ’Λπαίρει,
514 1985 579 2025 πρὸς
608 1977 744 2024 οὐρανοὺς.
759 1985 773 2012 ὁ
801 1977 922 2023 ἔμψυχος
965 1987 985 2025 ξ]

1002 1987 1048 2008 ms
1061 1977 1198 2018 requirit.
1211 1977 1291 2018 Abit,
1302 1977 1338 2008 ad
1347 1978 1438 2008 coalos
1458 1977 1634 2009 transfertur
1643 1978 1788 2009 animatus

102 2028 191 2068 θρόνος
218 2031 264 2056 τοῦ
286 2032 351 2058 Θεοῦ
373 2022 560 2066 μετατίθεται·
585 2022 694 2067 ὑψουται
726 2031 774 2062 τῆς
803 2022 890 2061 δόξης
905 2029 922 2062 ἡ
966 2024 985 2054 Π

1002 2022 1019 2052 ei
1027 2023 1170 2058 thronus;
1189 2023 1335 2054 attollitur
1349 2031 1418 2054 arca
1427 2023 1544 2063 gloriae;
1559 2023 1625 2054 fons
1640 2023 1715 2054 lucis
1727 2024 1789 2063 (11)

104 2071 217 2105 κιϐωτός
234 2081 242 2089 ’
279 2074 297 2107 ἡ
323 2074 400 2113 πηγὴ
428 2078 474 2103 τοῦ
502 2076 588 2115 φωτὸς
616 2080 771 2114 μεταχωρεῖ
798 2074 863 2112 πρὸς
892 2074 922 2101 τὸ
964 2077 985 2098 al

1016 2068 1317 2115 lucem‘transmigrat
1333 2079 1341 2106 -,
1372 2068 1529 2115 thesaurus
1549 2069 1616 2100 vitae
1634 2069 1738 2115 transit
1752 2068 1789 2099 ad

103 2119 159 2156 φῶς
177 2127 185 2135 ⁸
215 2119 229 2145 ὁ
257 2120 307 2151 τῆς
342 2112 413 2154 ζωῆς
448 2112 577 2159 θησαυρὸς
605 2112 751 2157 μεταϐαίνει
783 2118 848 2157 πρὸς
875 2118 925 2151 τὴν
966 2122 982 2142 V

1002 2118 1064 2143 :am.
1082 2112 1222 2144 Miracula
1238 2122 1337 2152 porro,
1369 2122 1435 2153 quae
1463 2112 1626 2144 discessum
1641 2113 1721 2144 illius
1736 2122 1789 2144 co-

104 2162 188 2196 ζωήν.
211 2162 261 2190 Καὶ
275 2162 307 2189 τὰ
320 2163 497 2203 συντρέχοντα
513 2157 634 2202 θαύματα
648 2163 706 2202 περὶ
721 2166 769 2196 τὴν
784 2161 922 2200 ἐκδημίαν,
935 2176 958 2202 D
967 2167 985 2188 η

1002 2157 1120 2198 itantur,
1137 2161 1244 2198 quanta
1257 2166 1293 2188 ea
1307 2162 1376 2189 sunt
1393 2158 1401 2187 !

105 2204 195 2239 ἡλίκα.

147 2244 200 2279 ΙΘ’.
217 2251 329 2289 Χριστὸς
344 2252 421 2284 αὐτὸς
445 2251 543 2280 ἄνωθεν
571 2251 678 2280 ἐνταῦθα
691 2250 719 2273 94
745 2254 925 2291 προσυπαντᾷ,

105 2294 151 2326 τὰς
173 2295 243 2332 αύτῷ
269 2296 313 2323 καί
334 2295 411 2335 φίλας
436 2298 480 2324 καὶ
501 2295 594 2329 δούλας
607 2296 640 2322 95
665 2295 786 2333 δυνάμεις
810 2306 927 2324 συνεπα-

106 2338 218 2378 γόμενος
246 2339 273 2367 ἐν
308 2339 397 2377 κύκλῳ
424 2339 612 2381 ὃορυφορούσας
631 2351 638 2360 ι
669 2341 713 2368 καὶ
735 2340 783 2374 τὴν
812 2339 927 2380 ἀγκαλι-

108 2383 225 2420 σαμὲνην
239 2382 272 2408 96
291 2383 432 2425 πολλάκις,
448 2385 620 2426 φιλόστοργος
642 2385 670 2414 εὖ
698 2385 771 2423 μάλα
800 2385 843 2413 καὶ
858 2396 927 2425 γνη-

1008 2246 1084 2278 ΧΙΧ.
1102 2245 1234 2278 Christus
1258 2246 1324 2287 ipse
1350 2256 1366 2277 e
1394 2247 1480 2284 caelo,
1510 2246 1567 2278 sibi
1593 2251 1622 2278 et
1635 2247 1748 2279 amicas
1762 2251 1792 2278 et

969 2291 1146 2323 famulantes
1155 2300 1257 2322 secum
1272 2291 1424 2322 adducens
1432 2291 1573 2329 Virtutes,
1584 2302 1650 2333 quae
1660 2293 1790 2324 circum-

969 2336 1051 2368 circa
1065 2335 1234 2367 satellitium
1250 2339 1350 2374 agunt,
1382 2336 1452 2367 hinc
1480 2345 1574 2377 usque
1588 2337 1619 2367 in
1634 2346 1792 2368 occursum

969 2381 1105 2419 advenit;
1123 2385 1152 2412 et
1168 2390 1233 2412 eam
1250 2390 1314 2422 quae
1329 2380 1416 2412 toties
1433 2382 1530 2422 ipsum
1546 2381 1623 2412 ulnis
1638 2383 1794 2422 complexa

108 2428 168 2460 σίως
200 2427 415 2468 ἀνταγκαλίζεται
433 2440 440 2447 ·
472 2431 516 2459 καὶ
548 2431 646 2470 γίνεται
674 2429 763 2464 πλοκὴ
790 2430 928 2468 θαυμαστὴ

970 2429 1143 2467 gestaverat,
1162 2435 1277 2457 summo
1294 2429 1322 2457 et
1337 2425 1441 2466 utique
1469 2426 1586 2457 sincero
1600 2425 1668 2458 Filii
1683 2426 1794 2458 atl‘ectu

107 2474 151 2500 καὶ
179 2474 316 2512 συμφωνία
343 2477 389 2502 τοῦ
417 2475 585 2514 πραγμάτος.

629 2471 658 2504 l0
698 2475 834 2509 Δεσπότης
869 2475 928 2513 ἄγει
969 2482 985 2503 v

1002 2471 1099 2504 cissim
1115 2471 1296 2511 amplectens
1307 2471 1434 2502 sustinet
1448 2481 1456 2510 ;
1469 2480 1504 2502 ac
1519 2471 1595 2502 mira
1611 2471 1747 2512 quedam
1762 2471 1795 2502 ﬁt

818 2540 914 2573 Variae
934 2540 1089 2572 lectiones.

148 2607 180 2633 88
193 2607 236 2639 Ita
249 2606 337 2650 codd.
356 2608 410 2640 sed
425 2608 510 2650 forte.
526 2609 667 2649 ἀνάῤῥησιν
681 2608 864 2650 Ιεςθηάυνηιη
876 2608 908 2634 89
921 2607 985 2650 Laut

1002 2632 1008 2638 .
1025 2607 1152 2650 δεδοκότι.
1185 2607 1217 2632 90
1230 2605 1334 2650 Ηιςςίι.
1350 2606 1424 2650 cod,
1435 2608 1636 2650 moniti-dux.
1646 2647 1657 2650 _
1667 2605 1691 2628 ⁹¹
1704 2606 1795 2650 Laur.

107 2648 214 2682 πίστην.
248 2688 254 2689 7
269 2648 302 2674 93
315 2647 358 2678 Ita
373 2649 460 2681 codd.
478 2648 554 2680 Num
570 2646 738 2689 legendum,
755 2649 842 2679 πολλὰ
857 2649 927 2678 ἐστιν
942 2649 959 2677 ἅ
972 2660 985 2677 τ

1002 2666 1003 2671 η
1018 2648 1207 2688 παράλογον...
1269 2646 1302 2672 9³
1313 2646 1400 2678 Laur.
1416 2646 1544 2685 ὑψηλοτξ.
1599 2647 1633 2672 94
1646 2647 1732 2679 Laur.
1748 2647 1796 2676 ἔν-

109 2692 200 2720 τειῦτα.
243 2688 275 2715 95
290 2691 378 2722 Laur.
394 2689 479 2721 abest
492 2690 536 2719 καὶ
548 2688 651 2724 δούλας.
693 2690 726 2716 96
739 2690 827 2722 Laur.
843 2689 985 2730 ἆγγαλισαι.

1002 2689 1070 2722 ἔνην,

905 2756 999 2788 Notae.

151 2823 216 2863 (tt)
230 2822 306 2855 Vide
320 2832 358 2854 an
373 2823 431 2855 sibi
445 2827 559 2856 constet
571 2823 683 2855 fontem
699 2823 774 2856 lucis
789 2822 946 2864 aliquando
961 2823 992 2853 in
1010 2822 1154 2861 tenebris,
1172 2822 1286 2864 peccati
1300 2822 1424 2862 scilicet,
1441 2821 1545 2855 fuisse.
