1975 3071
196 110 208 138 1
215 107 275 140 095

197 220 237 250 cit
256 219 423 256 Dominam,
441 219 583 258 Reginam
613 219 686 259 Rex,
715 218 847 260 Sponsus
862 218 1019 259 Sponsam,

197 263 288 294 Filius
312 265 446 299 Matrem,
492 263 643 302 Virginem
687 264 737 304 qui
766 273 869 303 purus,
899 263 1021 294 Sanctus

197 307 343 346 Sanctam,
361 307 474 338 cunctis
490 308 660 347 prwcelsior
684 308 901 347 przecelsiorem
918 307 1018 338 omni-

197 353 272 388 bus;
304 358 333 383 et
362 352 471 382 coelum
498 352 626 382 animam
656 352 816 392 semetipso
843 352 1020 392 ampliorem

196 397 318 436 suscipit
336 407 343 432 ;
361 401 389 427 et
404 397 501 435 angeli
517 397 694 427 comitantur
709 396 912 436 gloriosiorem
928 406 1019 436 ange-

196 442 231 472 lis
249 450 256 478 ;
274 446 302 472 et
318 441 404 471 simul
421 446 579 471 accurrunt
596 441 743 478 homines,
772 446 798 472 et
815 441 954 481 apostoli,
971 441 1019 471 alii

195 485 262 517 aliis
279 495 312 516 ex
330 485 542 525 mundiplagis,
555 486 661 517 eodem
670 486 873 525 tcmporejam
886 486 914 516 in
928 495 1018 516 unum

196 530 418 571 convenientes,
436 530 507 571 imo,
538 535 570 561 ut
600 530 692 570 magis
724 531 842 570 proprie
858 530 968 569 dicam,
984 539 1019 560 ex

195 584 275 613 aere,
293 575 394 605 nescio
411 575 500 611 unde,
521 574 551 605 in
569 580 677 605 terram
706 575 852 614 pluentes,
869 583 1018 614 apprope—

198 624 276 651 rant.

235 662 258 695 Ο
270 673 374 694 novam
389 663 534 704 pluviam!
549 662 572 694 Ο
583 662 708 693 viatores
724 663 857 694 volantes
871 664 877 693 l
891 662 914 694 Ο
932 662 1016 702 pedi-

197 713 241 739 tes
254 708 476 739 athereoslBui
489 711 558 739 sunt
573 709 635 739 isti.
653 709 715 747 qui.
734 711 767 739 ut
783 709 885 744 nubes,
901 708 1019 746 volanl,

196 751 320 791 pulchre
336 751 491 782 nobiscum
518 750 607 781 Isaias
633 751 806 784 scitaturq‘?
836 751 907 787 Quae
931 759 1020 781 causa

813 108 973 139 JOANNIS
992 108 1270 142 EUCHAITENSIS

197 175 373 214 compositio
382 178 469 214 atque
482 174 526 206 rei
539 174 670 213 parilitas
681 175 708 214 (1
716 175 759 214 2).
767 174 911 205 Dominus
923 172 1020 205 dedu-
1031 177 1052 201 Α

1824 113 1917 145 1096

1783 179 1800 206 ὁ
1820 183 1915 216 Νυμ-

1377 223 1390 250 ὁ
1419 223 1478 255 Υἱὸς
1500 222 1547 256 τὴν
1578 223 1686 262 Μῃτέρα
1702 233 1709 239 ·
1740 224 1791 257 τὴν
1825 226 1914 261 Παρ-

1364 266 1413 300 τὴν
1441 262 1531 305 εΑγίαν
1553 268 1566 295 ὁ
1597 258 1685 306 Ἄγιος
1703 276 1710 282 ·
1739 269 1753 296 ὁ
1783 258 1911 296 πάντων

1062 305 1183 335 ἐπέκεινα
1213 309 1262 342 τὴν
1290 309 1394 338 πάντων
1421 310 1586 350 ὑψηλοτέραν
1602 321 1608 328 ·
1639 313 1683 340 καὶ
1704 311 1816 352 δέχεται
1841 314 1908 349 ψυ-

1062 351 1116 390 χὴν
1130 351 1162 375 97
1185 353 1198 379 ὁ
1224 354 1331 392 οὖρανὸς
1361 355 1453 384 ἑαυτοῦ
1481 354 1645 395 πλατυτέραν
1663 366 1670 374 ·
1695 351 1751 385 καὶν
1766 357 1907 396 προπέμ-

1061 406 1153 424 πουσιν
1179 395 1286 436 ἄγγελοι
1310 398 1361 432 τὴν
1389 399 1510 438 ἀγγέλων
1546 399 1708 440 ἐνδοξοτέραν
1726 409 1733 416 ·
1756 395 1803 429 καὶ
1833 412 1906 428 συν-

1060 439 1199 479 τρέχουσιν
1215 440 1357 482 ἅνίιρωποι,
1380 445 1424 471 καὶ
1445 448 1567 473 πονούσιν
1583 439 1727 473 ἀπόστολοι
1743 445 1776 470 98
1806 444 1903 477 ἄλλος

1061 482 1168 512 ἄλλοθεν
1207 485 1265 525 ἄρτι
1306 488 1506 528 συνεκφανέντες
1546 489 1651 528 ἀθρόον,
1696 490 1739 518 καὶ
1767 489 1808 517 ἵν’
1853 491 1903 518 οἰ-

1060 529 1192 568 κειότερον
1213 530 1284 558 εἴπω
1297 542 1333 568 τι,
1362 531 1388 564 ἐξ
1412 532 1501 572 ἀέρος,
1532 533 1579 562 οὒκ
1606 533 1661 561 οἶδ’
1685 533 1755 572 ὅθεν,
1773 532 1903 573 ἐπιϐρα-

1060 573 1154 613 χέντες
1176 578 1209 613 τῇ
1230 578 1277 614 γῇ,

1063 173 1111 206 τὴν
1129 173 1275 203 Δέσποιναν
1291 183 1298 191 '
1315 177 1329 204 ὁ
1352 177 1477 210 Βασιλεὺς
1491 178 1541 211 τὴν
1568 177 1726 207 Βασίλισσαν
1744 187 1752 194 ⁸

1063 217 1120 256 φίος
1135 219 1184 252 τὴν
1210 220 1323 259 Νύμφην
1340 229 1348 237 ⁸

1061 261 1135 290 θὲνον
1160 263 1174 290 ὁ
1198 266 1310 303 καθαρός
1328 273 1335 280 ⁵

1104 652 1131 690 “$2
1146 666 1239 697 καινῆς
1260 663 1429 704 ἐπομϐρίαςέ
1514 667 1638 700 ὁπτηνῶν
1665 666 1795 707 δοιπόρων
1824 667 1832 696 ι
1879 657 1902 699 ξι

1060 710 1146 742 πεζιὶιν
1161 707 1322 746 ἁερίωνθθι
1349 721 1361 736 α
1380 710 1451 743 Τίνες
1479 710 1547 747 ο’ἷόε,
1571 712 1607 742 ὡς
1636 710 1752 750 νεφέλαι,
1783 711 1899 739 πέτα-ι-

1061 762 1102 778 ται
1121 762 1134 778 π
1151 751 1239 784 καλῶς
1257 749 1369 785 Ἠσαίας
1398 753 1455 791 μεθ’
1476 755 1553 791 ἡμῶν
1583 749 1679 794 ἀπορεῒ
1696 765 1703 772 ”
1727 749 1771 787 Τίς
1801 757 1817 783 ὁ
1841 755 1899 783 λό-

195 801 254 827 tam
270 795 435 826 admirandi
461 796 589 835 novique
614 795 766 826 eventus?
792 795 877 827 Unde
902 794 1018 826 nobise

1071 806 1107 833 (ος
1143 796 1192 828 τῆς
1220 795 1288 824 οὕτω
1322 797 1468 837 παραδόξου)
1493 799 1686 838 καινοτομίας,
1730 799 1814 828 Πόθεν
1862 799 1895 828 ἐκ

197 840 326 870 nubibus
343 840 480 870 homines
495 840 507 870 Υ
535 839 688 875 Quomodo
719 849 734 870 e
750 840 831 870 roelis
846 843 943 870 tantus
958 844 1019 869 ter-

195 885 300 915 restris
317 884 465 915 exercitus
476 886 489 913 Ἰ
499 882 562 914 Non
580 893 649 923 ergo
666 893 742 914 unus
758 884 898 915 duntaxat
914 883 995 913 llllias
1012 889 1021 902 τ

197 928 244 959 hic
262 938 315 968 per
339 929 449 959 aethera
476 928 609 967 graditur
626 938 633 964 ;
665 937 722 958 non
750 928 830 959 solus
844 927 993 958 Habacum
1011 932 1020 944 '

196 973 332 1004 sublimis
359 983 447 1014 supra
477 973 587 1003 nubem
618 973 783 1010 attollitur;
815 982 911 1013 neque
939 971 1020 1002 solus

196 1018 306 1049 Paulus
321 1027 336 1048 e
353 1022 431 1048 terra
446 1017 481 1048 ad
498 1017 617 1048 tertium
645 1017 751 1047 coelum
768 1017 884 1057 rapitur
901 1025 909 1054 ;
935 1016 986 1046 sed
1004 1025 1020 1046 a

196 1062 270 1092 crelo
281 1062 310 1092 in
325 1066 436 1092 terram
446 1061 494 1092 hic
506 1060 594 1091 simul
608 1070 676 1091 cum
691 1060 790 1091 multis
799 1061 865 1091 aliis
881 1070 913 1091 se
928 1059 1017 1096 sistit;

195 1105 305 1147 quippe
321 1105 458 1137 nobiliori
477 1106 544 1136 huic
574 1105 714 1145 mysterio
741 1110 770 1136 et
784 1105 911 1146 amplior
929 1104 1016 1134 mini-

196 1157 326 1184 strorum
345 1157 437 1183 coctus
453 1161 526 1192 opus
542 1156 615 1182 erat.

235 1197 297 1230 XX.
314 1197 365 1228 Illa
381 1198 478 1238 itaque
506 1196 624 1227 Domini
652 1205 686 1226 ac
715 1195 781 1227 Filii
812 1196 857 1226 sui
883 1195 1019 1226 manibus

194 1242 384 1283 semetipsam
399 1242 529 1272 suaviter
543 1250 609 1272 cum
641 1241 828 1278 credidisset,
847 1241 879 1271 in
894 1241 1015 1282 vestitu,

190 1288 275 1328 juxto
292 1290 374 1318 vetus
390 1285 567 1325 congeneris
591 1285 628 1315 de
656 1285 719 1325 ipsa
735 1285 899 1323 oraculum,
917 1285 1018 1316 deau-

192 1336 258 1363 rato
271 1331 460 1362 circumdata
477 1331 622 1362 rarielate
636 1333 654 1366 ι,
675 1329 711 1359 ad
739 1331 851 1368 regium
881 1329 1017 1360 thronum

194 1376 363 1413 adducitur,
378 1378 407 1406 et
429 1375 570 1414 Reginaa
580 1373 692 1405 dextris
707 1374 796 1413 Regis
812 1378 922 1409 astans,
940 1375 1020 1414 ejus-

193 1422 321 1462 demque
336 1430 402 1451 aum
418 1430 453 1451 eo
469 1425 587 1451 aeterna;
602 1418 750 1450 bt‘atitatis
771 1419 910 1459 particps,
933 1419 1018 1450 debi-

194 1466 232 1498 tis
248 1466 304 1496 sibi
320 1469 348 1497 et
362 1474 453 1504 regno
468 1469 497 1494 ct
512 1464 606 1503 gloria
624 1463 746 1504 potitur.

233 1554 272 1584 Hi
286 1563 355 1585 vero
370 1562 436 1594 quae
451 1557 519 1584 sunt
548 1553 675 1594 funeris,
703 1553 782 1585 haud
800 1551 942 1583 oblivioni
956 1556 1018 1583 tra-

197 1599 282 1636 dunt,
301 1602 330 1629 et
344 1598 379 1629 ad
415 1607 523 1638 corpus
551 1597 622 1628 illud
650 1597 873 1629 immaculatum
903 1606 937 1627 ac
967 1598 1020 1628 Dei

199 1643 327 1683 hospitio
341 1642 534 1673 noliilecuras
547 1651 615 1672 suas
627 1646 812 1674 convertunt.
826 1640 904 1672 Proh
920 1641 1018 1672 dirum

193 1688 335 1719 nrobrum
353 1686 360 1716 l
378 1685 532 1732 Quomodo
551 1686 632 1732 enim
648 1696 708 1716 non
736 1685 901 1732 dignum‘id
918 1685 1017 1732 fuerit,

193 1732 272 1773 quod
283 1732 481 1762 lamentemur
497 1730 512 1760 ‘2
527 1730 606 1761 Proh
621 1730 762 1770 injuriam
779 1739 837 1761 non
852 1729 1018 1771 ferendam;

193 1776 271 1818 quod
288 1785 367 1806 mors
388 1775 534 1816 primitias
550 1774 616 1805 vitw
632 1774 807 1815 possederit,
836 1779 922 1814 atque
937 1774 1017 1804 illam

192 1820 361 1862 sepulcrum
377 1820 516 1859 tenuerit,
537 1829 602 1860 qua;
628 1823 712 1859 partu
729 1828 781 1850 suo
797 1819 911 1851 viviﬁco
923 1820 1020 1859 sepul-

197 1875 246 1897 cra
262 1865 410 1896 evacuavit
425 1868 431 1895 l

234 1911 272 1941 At
287 1919 376 1940 nemo
393 1909 455 1940 haec
471 1913 630 1946 vereatur;
644 1918 740 1949 neque
750 1908 787 1940 de
798 1908 948 1948 ejusmodi
962 1918 1016 1939 an-

193 1959 277 1994 gatur
287 1953 471 1985 discrimine.
482 1952 572 1983 Novis
582 1955 660 1984 enim
674 1962 749 1984 nova
760 1957 928 1991 congruunt
943 1953 964 1989 (1
973 1953 1016 1994 3),

191 2004 279 2039 atque
294 1998 331 2028 iis
346 2007 412 2038 quas
426 1997 491 2037 jugi
502 1996 628 2036 quodam
643 2001 780 2038 portento
797 2000 932 2028 constant
942 1998 1015 2039 (14),

231 2088 243 2109 q
257 2068 313 2100 Isa.
330 2077 380 2107 Lx,
397 2069 427 2101 8.
470 2077 480 2093 ι’
494 2068 619 2109 ΙνιΡεεε.
636 2077 668 2106 ll,
688 2069 735 2100 11.
779 2074 788 2090 ι
806 2069 879 2100 Dan.
895 2076 956 2105 xxv,
974 2068 1023 2101 35.

1061 840 1144 879 νεφῶν
1182 841 1250 877 ἡμῖν
1285 841 1440 882 ἆνθρωποις
1484 846 1544 874 Πῶς
1585 843 1700 882 ἐπίγειον
1735 845 1893 883 στράτευμα

1060 887 1184 912 τοσοῦτον
1213 884 1238 917 ἐξ
1267 886 1374 924 ούρανοῦ
1393 896 1400 926 ;
1424 887 1460 915 Οὔ
1480 887 1529 926 γὰρ
1544 889 1585 919 εἷς
1616 887 1666 915 ὦδε
1689 888 1767 925 μόνον
1792 883 1892 921 Ἠλίας

1062 927 1242 967 αἰθεροδρόμος
1259 932 1266 944 ‘
1298 929 1349 969 οὔχ
1389 932 1430 961 εἷς
1469 929 1652 969 ’Λϐὃάλιοὺμ1
1689 932 1731 959 ἐπὶ
1773 932 1893 972 νεφέλης

1060 973 1199 1011 μετάρσιος
1217 981 1224 988 ·
1254 972 1311 1002 οὐδὲ
1329 973 1431 1006 Παῦλος
1461 975 1542 1013 μόνος
1571 976 1601 1003 ἐκ
1629 977 1680 1014 γῆς
1695 977 1760 1015 πρὸς
1776 977 1893 1015 οὐρανὸν

1060 1020 1144 1056 τρίτον
1162 1025 1168 1031 '
1186 1017 1244 1045 ἀλλ’
1261 1019 1397 1057 οὐρανόθεν
1426 1020 1462 1050 εἰς
1491 1022 1542 1058 γῆν
1579 1021 1646 1058 μετὰ
1667 1019 1774 1048 πολλῶν
1796 1020 1892 1048 ἄλλων

1061 1062 1168 1100 πάρεστι
1187 1072 1193 1078 ·
1220 1063 1355 1100 μυστηρίῳ
1370 1063 1418 1102 γὰρ
1435 1063 1532 1101 μείζονι
1549 1065 1591 1092 καὶ
1612 1064 1742 1092 πλειόνων
1757 1063 1808 1092 ἔδει
1833 1066 1890 1092 τῶν

1061 1105 1228 1145 λειτουργῶν.

1101 1189 1142 1224 Κ..
1173 1191 1202 1223 Ἠ
1233 1196 1279 1232 μὲν
1308 1196 1352 1223 οὖν
1381 1198 1458 1236 χερσὶ
1485 1196 1655 1229 δεσποτικαῖς
1688 1199 1732 1226 καὶ
1761 1200 1888 1238 γνησίαις

1060 1238 1155 1272 ἑαυτὴν
1181 1239 1264 1273 ἡδέως
1303 1241 1463 1269 πιστεύσασα
1478 1241 1493 1265 2
1534 1246 1572 1279 τῷ
1606 1242 1735 1281 βασιλικῷ
1754 1244 1771 1268 5
1799 1255 1885 1283 προσ-

1061 1284 1152 1322 άγεται
1184 1284 1267 1323 θρόνῳ
1300 1297 1313 1312 α
1342 1285 1369 1312 ἐν
1404 1287 1538 1324 ἱματισμῷ
1565 1285 1700 1326 διαχρύσῳ
1726 1287 1888 1327 περιϐεϐλη-

1061 1329 1129 1365 μένη
1159 1328 1365 1369 πεποικιλμένη,
1395 1340 1410 1359 ›
1445 1331 1513 1358 κατὰ
1540 1331 1588 1364 τὴν
1617 1330 1659 1359 ἐπ’
1682 1334 1748 1370 αὐτῇ
1768 1332 1887 1360 παλαιὰν

1061 1375 1218 1413 συγγενικὴν
1254 1375 1425 1415 προφητείαν,
1457 1377 1501 1404 καὶ
1529 1377 1579 1410 τὴν
1615 1377 1709 1410 ἑαυτῆς
1747 1377 1886 1415 βασιλείαν

1061 1429 1089 1445 τε
1110 1419 1154 1446 καὶ
1175 1417 1249 1451 δόξαν
1278 1418 1477 1459 παραλαμϐάνει
1507 1420 1536 1449 ἐκ
1558 1420 1647 1453 δεξιῶν
1669 1423 1685 1455 ἡ
1701 1422 1717 1446 4
1741 1422 1886 1450 Βασίλισσα

1060 1466 1215 1502 παραστᾶσα
1230 1465 1275 1492 τοῦ
1290 1463 1424 1497 Βασιλέως
1445 1464 1488 1493 ἐπὶ
1504 1468 1628 1494 κοινωνία
1641 1469 1690 1499 τῆς
1713 1465 1775 1500 ἴσης
1798 1466 1885 1495 ἀϊδίου

1061 1508 1255 1546 μακαριότητος
1260 1532 1266 1538 .

1102 1554 1131 1580 Οἱ
1153 1551 1181 1580 δὲ
1198 1556 1284 1592 ταφῆς
1307 1554 1513 1591 μνημονεύουσι,
1542 1556 1586 1583 καὶ
1611 1556 1670 1591 περὶ
1698 1556 1728 1583 τὸ
1749 1555 1881 1596 ἄχραντον

1061 1599 1138 1634 σῶμα
1179 1598 1222 1625 καὶ
1263 1597 1389 1638 θεοδόχον
1431 1598 1600 1637 φιλοπονοῦσι
1622 1599 1660 1628 4⁸.
1704 1604 1757 1628 Φεῠ
1792 1599 1881 1634 δεινῆς

1060 1639 1182 1679 ὕϐρεωςέ
1214 1643 1262 1671 Καὶ
1296 1642 1353 1674 πῶς
1394 1643 1441 1670 οὒκ
1482 1642 1552 1676 ἄξιον
1593 1644 1624 1671 τὸ
1665 1648 1774 1683 πρᾶγμα
1816 1655 1883 1684 σχε-

1060 1685 1211 1726 τλιασμοῦ;
1256 1692 1304 1726 φεῦ
1331 1688 1426 1725 ζημίας
1449 1688 1466 1712 5
1493 1688 1521 1715 οὖ
1550 1689 1694 1728 φορητῆςέ
1726 1689 1747 1717 εἰ
1769 1689 1879 1720 Θάνατος

1061 1731 1124 1770 εἶχε
1139 1730 1155 1754 ϐ
1182 1732 1231 1765 τὴν
1259 1731 1385 1772 ἀπαρχὴν
1409 1735 1458 1765 τῆς
1481 1735 1566 1769 ζωῆς,
1596 1734 1639 1761 καὶ
1660 1733 1741 1772 τάφος
1764 1733 1879 1773 κατέσχε

1060 1775 1108 1809 τὴν
1143 1776 1203 1807 τοὺς
1241 1776 1338 1815 τάφους
1375 1777 1527 1805 κενώσασαν
1561 1781 1599 1814 τῷ
1639 1778 1712 1814 τόκῳ
1744 1781 1783 1814 τῷ
1813 1781 1880 1813 ζωτι-

1061 1820 1143 1860 φάριν.

1103 1909 1178 1938 Ἀλλ’
1212 1908 1368 1938 εὖλαϐείσθω
1410 1909 1513 1948 μηδεὶς,

1059 1955 1187 1986 κίνδυνον,
1224 1955 1283 1983 Ἐπὶ
1316 1962 1420 1986 καινοῖς
1457 1955 1507 1993 γὰρ
1542 1956 1630 1992 καινὰ,
1668 1956 1712 1983 καὶ
1754 1962 1811 1986 τοῖς
1839 1955 1880 1987 ἀεὶ

1059 1999 1213 2040 παραδόξοις
1248 1998 1427 2037 ἐπισυμϐαίνει
1462 1998 1606 2038 παράδοξα.
1636 1999 1671 2027 Οὔ
1701 2000 1751 2037 γὰρ
1771 1998 1878 2038 ἤνεγκεν

1555 1909 1618 1948 μηδ’
1654 1910 1794 1949 ἀγωνιάτω
1837 1912 1880 1939 τὸν

1066 2076 1075 2096 ι
1089 2067 1168 2100 Psal.
1183 2075 1261 2107 xuv,
1281 2066 1327 2098 10.

900 2133 997 2164 Varias
1012 2132 1168 2164 lectiones.

231 2202 262 2227 97
278 2201 344 2233 Vat.
362 2201 444 2232 abest
460 2203 485 2233 ὁ.
528 2201 560 2226 98
573 2202 661 2232 Laur.
679 2201 710 2231 in
728 2199 859 2238 margine
876 2211 883 2229 :
907 2202 965 2240 περὶ
979 2203 1018 2234 τῆι

1071 2199 1264 2240 γετεωροπορίας
1285 2201 1338 2226 τῶν
1365 2196 1532 2240 ἆπρστρλων·
1549 2197 1592 2240 De
1605 2196 1810 2240 apostolorum
1821 2205 1877 2237 per

194 2242 308 2274 (ethera
322 2242 465 2273 adventu.
509 2241 541 2266 99
557 2243 642 2271 Laur.
659 2241 756 2281 ἀέριον,

193 2282 288 2314 abest.
304 2283 332 2316 ἡ.

193 2324 315 2362 ζημεὶας.
358 2321 372 2343 ⁸
386 2321 474 2353 Laur.
493 2324 561 2362 εἶχε,

800 2241 811 2261 ¹
828 2242 918 2271 Laur.
937 2239 1082 2277 Ἀϐσχούμ.

396 2282 412 2306 ⁴
425 2281 520 2313 Codd.
536 2281 572 2312 ad
587 2290 669 2312 oram
685 2290 692 2311 :
709 2281 768 2320 περὶ
782 2283 831 2314 τῆς
844 2284 890 2309 τοῦ
905 2281 1028 2318 σώματος

1748 2236 1765 2261 3
1791 2236 1874 2268 Laur.

1175 2236 1358 2268 πιστεύσασαι,
1400 2237 1424 2259 ⁸⁸
1447 2236 1534 2268 Laur.
1552 2237 1705 2275 βαοιλεικῷ.
1748 2236 1765 2261 5
1791 2238 1812 2268 L

1175 2278 1262 2308 ἐσεως·
1281 2278 1326 2308 De
1339 2278 1474 2308 corporis
1489 2277 1688 2308 denosizione.
1762 2277 1778 2302 ⁵
1791 2276 1812 2308 L

1762 2277 1778 2302 5
1791 2277 1874 2308 Laur.

1087 2278 1262 2318 μεταθέσεως·
1281 2278 1326 2309 De
1339 2278 1474 2318 corporis
1489 2277 1688 2317 deposigione.

988 2361 1082 2392 Notas.

235 2429 296 2470 (12)
313 2429 405 2460 Plane
421 2429 529 2460 mirum
547 2433 603 2469 est,
628 2437 717 2470 quam
742 2436 820 2470 saepe
836 2437 870 2470 ac
885 2426 1052 2470 studioseD
1100 2424 1161 2462 (l3,
1173 2423 1341 2470 thandum
1356 2433 1427 2470 sane
1442 2424 1548 2469 fuerat,
1563 2426 1596 2454 ut
1611 2423 1687 2453 hanc
1701 2421 1871 2470 sententiam

193 2467 296 2502 Patres
311 2469 462 2500 inculcent
471 2467 605 2509 Deiparte
617 2478 684 2499 cum
692 2468 756 2509 Deo
777 2467 1015 2503 similitudinem,

193 2520 229 2542 ac
241 2510 431 2551 parilitatem,
444 2510 517 2541 adeo
531 2508 572 2540 ut
586 2508 699 2548 Virgini
715 2517 768 2548 per
779 2508 915 2551 gratiam,
927 2516 1017 2551 quan-

195 2548 256 2582 tum
272 2554 407 2581 creatura
430 2559 521 2590 capax
544 2558 609 2580 esse
623 2553 730 2589 potest,
747 2548 853 2590 collata
866 2549 1018 2590 suspicere

194 2591 356 2628 debeamus
370 2600 405 2621 ea
419 2589 485 2630 qua;
499 2590 660 2621 divinitatis
670 2593 739 2619 sunt
752 2589 883 2630 propria,
894 2589 1018 2630 ejusque

193 2630 392 2672 perfectiones
422 2627 459 2661 ad
497 2630 707 2672 perfectionem
750 2627 890 2666 divinam,
920 2627 1017 2672 (19‘.in

194 2668 339 2703 Ereaturae
352 2670 433 2709 licet,
464 2668 616 2702 accedant.
648 2670 789 2702 Advertas
814 2678 903 2709 porro
915 2668 1016 2705 velim,

194 2712 270 2743 hanc
285 2711 536 2751 comparationem
551 2711 588 2742 ad
605 2710 761 2751 puritatem
782 2718 818 2739 ac
833 2709 1018 2751 sanctitatem

193 2752 313 2784 extendi
331 2775 339 2789 ,
354 2748 446 2792 "quod
463 2748 652 2792 quidemgper
666 2760 698 2780 se
722 2751 792 2792 satis
805 2752 851 2792 est
863 2749 900 2780 ad
915 2748 1015 2792 repel-

193 2792 312 2832 lendam
328 2788 490 2832 quamlibet
513 2788 713 2832 suspicionem
739 2789 870 2832 cujusvis
885 2788 1014 2830 peccati,

195 2831 274 2871 quod
287 2829 381 2870 ipsam
396 2831 555 2871 aliquando
566 2829 826 2862 contaminaverit.

1057 2473 1119 2503 prae
1133 2462 1229 2495 oculis
1244 2464 1264 2494 ii
1279 2464 1433 2505 haberent,
1462 2463 1513 2505 qui
1539 2473 1576 2494 ex
1601 2462 1763 2505 communi,
1779 2462 1871 2505 stirpis

1057 2502 1194 2535 humanae
1217 2504 1387 2535 conditione
1413 2502 1480 2535 sese
1505 2504 1671 2535 permoveri
1698 2502 1813 2532 aiebant
1837 2502 1868 2533 ad

1059 2545 1264 2581 dubitandum,
1281 2554 1318 2575 an
1334 2554 1369 2576 ex
1385 2546 1471 2575 ruina
1485 2544 1522 2575 ab
1535 2544 1627 2575 Adam
1653 2546 1808 2583 propagata
1821 2551 1869 2572 ex-

1059 2585 1205 2625 cipiendae
1230 2584 1345 2623 Virgini
1373 2585 1456 2616 locus
1483 2594 1550 2615 esse
1576 2582 1686 2624 posset.
1706 2582 1871 2625 Meminisse

1058 2622 1128 2656 tunc
1140 2624 1273 2665 juvabat,
1288 2622 1375 2656 novis
1390 2635 1449 2656 non
1459 2622 1644 2661 communes,
1660 2624 1714 2654 sed
1729 2631 1815 2653 novas
1829 2622 1870 2654 le-

1059 2675 1111 2706 ges
1126 2674 1301 2706 congruere.

1099 2706 1158 2743 (14)
1174 2702 1209 2746 Si,
1219 2707 1290 2746 iuge
1302 2709 1475 2745 portentum
1486 2705 1639 2745 suspicere
1655 2703 1686 2734 in
1705 2702 1867 2746 beatissima

1058 2745 1179 2786 Virgine
1195 2743 1353 2786 debemus,
1370 2746 1479 2776 frustra
1495 2743 1563 2785 ergo
1579 2748 1608 2776 et
1624 2747 1797 2783 conceptum
1812 2743 1869 2783 ejus

1057 2786 1093 2817 ad
1109 2794 1285 2817 communes
1300 2786 1381 2826 leges
1395 2786 1550 2826 exigimus.
