1975 3071
235 146 315 181 1099
858 147 1020 182 JOANNIS
1041 147 1062 179 E

1121 146 1323 179 HAITENSIS
1863 147 1883 177 ί
1891 145 1959 178 100

235 213 375 246 duntaxat
385 217 526 254 tangente
536 214 661 255 fumigat
676 214 714 253 ll;
728 214 814 255 cujus
825 213 963 245 tubarum
974 221 1061 245 voces

1122 213 1186 241 ωναὶ
1213 212 1331 253 φωϐερὸν
1366 212 1482 252 ἠχοῦσαι
1496 211 1527 238 Ξο
1560 214 1604 242 καὶ
1633 213 1714 253 μέγα,
1745 213 1901 252 λαμπάδες
1927 213 1953 235 ίί

233 257 369 290 terribile
384 258 457 299 quid
474 263 565 300 atque
582 259 688 299 ingens
704 262 888 299 resonantes,
911 257 1062 299 lampades

1121 258 1240 295 αιόμεναι
1270 258 1329 296 πορὶ
1373 256 1506 297 φλογερῷ,
1547 257 1678 297 ἀστραπαί
1718 268 1747 286 τε
1777 257 1952 287 διάττουσαι

235 303 375 334 ﬂammeo
392 303 462 343 igne
475 303 626 340 ardentes,
644 307 673 335 et
689 303 889 335 discut-rentia
903 303 1018 342 fulgura
1034 306 1063 333 et

238 347 326 378 turbo
341 347 527 388 horrendus,
543 348 714 388 sagittzeque
737 352 766 378 et
792 357 870 385 saxa,
888 351 918 378 et
932 347 1063 377 terrifica

234 391 383 432 ejusmodi
398 392 456 423 alia
472 393 568 433 plura,
594 393 699 433 procul
716 396 747 424 et
761 402 812 423 eos
830 392 990 433 repellunt,
1009 392 1060 432 qui

231 437 293 477 jam
309 440 378 467 sunt
392 438 553 469 emundati.
571 437 707 474 Quonam
721 447 791 476 ergo
808 441 892 478 pacto
907 441 950 471 tu,
970 446 987 467 ο
1001 436 1058 467 im—

235 489 320 522 pure,
336 481 482 513 inducere
506 482 639 513 animum
667 482 802 523 potuisti,
829 485 861 512 ut
882 481 1059 512 insolentem

235 535 356 557 manum
372 525 525 566 injiceres,
539 531 567 557 et
575 535 715 566 magnum
729 528 787 557 hoc
797 526 923 567 sperasti
935 525 1058 562 facinus,

234 569 446 602 inconcussum
462 580 571 612 nempe
584 571 663 611 regis
680 571 782 611 gloriae
800 571 939 601 thronum
956 574 1059 601 contu—

235 615 359 647 meliose
375 620 538 647 concutere
553 625 587 647 ac
601 615 757 655 dejicere?
773 614 955 651 Quibusnam
968 615 1061 654 polles

234 659 367 699 viribus,
407 670 564 701 quamnam
599 660 660 692 odii
689 670 723 691 ac
760 659 906 690 vecordiae
942 668 1058 690 causam

236 704 335 741 affers,
360 705 605 746 quandoquidem
629 704 674 735 vel
705 705 767 737 Deo
792 703 925 735 indicere
948 702 1059 741 bellum

237 758 296 779 non
311 748 478 780 dubitasti?

277 792 380 825 XXIII.
393 793 478 825 Enim
490 803 558 825 vero
574 798 603 826 et
617 794 744 826 cadaver
758 794 843 831 forte,
857 797 886 825 et
897 792 1022 824 lectulus
1031 797 1060 824 et

237 838 360 870 funerea
376 838 508 879 symbola
524 843 551 870 te
564 839 756 879 deceperunt,
774 842 804 869 ut
816 839 853 869 de
867 838 924 869 hoc
939 838 1060 868 immor-

237 883 358 915 talitatis
375 884 514 915 thesauro
525 893 583 915 non
594 884 691 921 aliter,
706 893 740 915 ac
752 884 789 914 de
799 883 942 914 cadavere
955 882 1059 922 cujus-

238 928 318 969 piam
337 928 460 959 alterius
474 938 491 960 e
506 929 592 968 vulgo
619 933 648 960 et
670 938 705 960 ex
732 928 773 959 tui
798 927 972 968 aequalibus,
996 927 1060 957 exi-

239 973 389 1011 stimares,
417 976 447 1004 et
474 973 581 1005 exinde
605 974 711 1005 insana
739 973 798 1005 ista
827 977 914 1013 atque
942 972 1061 1003 eti'renis

236 1018 361 1049 audacia
368 1018 382 1049 ἵ

278 1065 314 1093 At
327 1071 397 1094 vero
408 1061 554 1094 demortui
567 1063 686 1104 quidem
702 1071 811 1103 corpus
831 1065 896 1099 est;
913 1070 964 1092 see
981 1061 1060 1102 quod

1101 303 1146 330 καὶ
1177 302 1273 342 γνόφος
1308 301 1453 341 ιρρικώδης,
1484 303 1527 331 καὶ
1555 301 1674 343 βολίδης,
1703 304 1746 331 καὶ
1783 302 1870 340 λίθοι,
1903 304 1952 331 χαὶ

1101 351 1209 376 τοιαῦτα
1237 346 1346 384 δειματα
1361 345 1392 371 ἥ
1427 347 1554 385 πλεῖστα,
1585 347 1687 387 μακρὰν
1721 349 1766 376 καὶ
1793 348 1863 379 τοὺς
1893 347 1951 380 ἤδη

1101 390 1326 430 κατηγνισμένους
1361 391 1504 430 ἀπάγουσι.
1557 394 1616 424 Πῶς
1652 391 1707 431 οὖν,
1754 391 1873 430 ἄναγνε,
1919 393 1952 419 σὺ

1100 442 1160 467 τοῗς
1201 435 1350 475 ἀπροσίτοις
1389 435 1531 473 ὑπέμεινας
1580 435 1734 475 ἐπενεγκεῖν
1780 435 1951 476 ὑϐρίστριαν

1102 487 1194 520 χετρα,
1222 481 1266 508 καὶ
1295 480 1326 507 τὸ
1351 479 1421 520 μέγα
1455 485 1532 510 τοῦτο
1567 479 1683 514 ἤλπισας
1697 479 1724 501 9³
1759 479 1852 520 ἔργον,
1899 481 1949 508 τὸν

1102 524 1245 552 ἀσάλευτον
1260 525 1350 564 θρόνον
1379 530 1426 554 τοῦ
1453 524 1583 563 βασιλέως
1612 527 1661 558 τῆς
1690 524 1768 558 δόξης
1796 523 1846 553 ἐπ’
1877 524 1946 552 frn-

1102 569 1149 606 μία
1182 568 1317 606 σαλεῦσαι,
1353 570 1396 597 καὶ
1431 569 1606 609 περιτρέψαι;
1649 571 1693 602 Τίς
1736 569 1773 598 ὢν
1799 569 1856 603 τὴν
1900 568 1947 597 δύ-

1102 624 1191 651 νκμιν,
1228 613 1247 647 ἢ
1279 613 1336 641 τίνα
1370 617 1417 642 τοῦ
1453 614 1543 652 μίσους
1557 613 1589 638 Ἡ
1627 613 1792 654 ἑπαγόμενος
1822 614 1945 653 πρόφα-

1102 669 1142 686 σιν
1170 657 1217 692 τῆς
1245 658 1382 698 ἀπονοίας,
1412 659 1492 687 ὁπότε
1519 660 1563 687 καὶ
1590 660 1738 699 θεομαχεῖν
1772 659 1822 687 οὔχ
1853 658 1943 697 ἐνάρ-

1101 713 1188 736 κησας
1206 712 1214 743 ;

1144 787 1205 823 ΚΓ.
1244 787 1327 821 Ἠπου
1362 793 1435 832 τάχα
1471 793 1514 820 καὶ
1539 792 1572 821 25
1605 795 1682 830 σῶμα
1709 792 1754 820 καὶ
1781 792 1864 826 κλίνη
1897 803 1940 829 σε,

1100 837 1144 865 καὶ
1159 837 1192 865 τὰ
1204 837 1330 878 ἐπιτάιρια
1346 835 1475 875 σύμϐολα,
1502 837 1538 868 ὡς
1561 837 1620 877 περὶ
1648 842 1741 877 νεκροῦ
1761 848 1834 870 τινος
1850 836 1941 866 ἄλλον

1102 885 1155 910 τῶν
1170 883 1288 917 συνήθων
1308 883 1353 910 καὶ
1367 882 1435 910 κατὰ
1448 881 1489 912 σὲ.
1504 885 1550 909 τοῦ
1564 881 1611 915 τῆς
1629 881 1770 913 ἀθανασίας
1783 882 1939 919 παρέπεισε

1102 928 1232 966 θησαυροῦ
1247 927 1366 961 οἰηθῆναι
1383 935 1392 944 ⁸
1421 927 1464 954 καὶ
1491 924 1534 954 διὰ
1547 931 1625 955 τοῦτο
1639 927 1670 954 τὸ
1691 927 1786 965 θράσος
1801 926 1938 967 ἆσωφρό-

1104 982 1191 1000 νιστον
1204 973 1248 1000 καὶ
1262 972 1405 1000 ἀκάθεκτον
1411 995 1418 1002 .

1144 1064 1228 1098 Σῶμα
1257 1060 1317 1098 μὲν,
1347 1059 1407 1088 ἀλλ’
1436 1059 1586 1099 ἆκράτητον
1614 1061 1643 1089 οὗ
1669 1060 1774 1096 θανάτῳ
1802 1060 1890 1097 μόνον
1907 1059 1940 1084 98

239 1116 300 1138 non
312 1107 407 1138 solum
423 1111 518 1138 morte
532 1111 561 1138 et
576 1108 810 1148 tumulo,verum
825 1106 915 1137 etiam
925 1106 1061 1136 manibus

1121 1106 1146 1134 αὶ
1167 1106 1254 1145 τάφῳ,
1277 1105 1346 1134 ἀλλὰ
1371 1105 1414 1133 καὶ
1450 1105 1526 1144 χερσὶ
1557 1104 1731 1140 πελαζούσαις
1766 1104 1837 1133 οὕτω
1866 1107 1935 1144 θρα-

239 1155 299 1183 tam
314 1151 456 1183 audacter
470 1151 652 1183 irruentibus
667 1151 796 1182 detineri
817 1154 960 1191 nequeat;
981 1150 1062 1180 hisce

1122 1150 1132 1165 ι
1328 1150 1334 1161 ι
1494 1149 1499 1157 1
1618 1149 1626 1160 \
1701 1149 1705 1156 ι
1796 1148 1811 1159 ρ
1844 1150 1852 1159 ι
1922 1151 1935 1161 r.

1122 1161 1170 1183 ιως
1186 1159 1193 1167 '
1223 1149 1253 1174 97
1287 1161 1394 1182 ταυταις
1416 1148 1445 1174 Ξ8
1468 1160 1556 1187 μεντοι
1585 1160 1628 1176 και
1656 1148 1737 1177 πλέον
1759 1160 1888 1189 φοοερον,
1920 1162 1937 1183 η

239 1201 338 1228 tamen
354 1196 441 1228 etiam
458 1197 550 1236 magis
563 1196 753 1227 tremendum
768 1195 818 1233 sit,
832 1201 860 1226 et
874 1194 1060 1232 imincibile,

1122 1195 1264 1235 κράτητον,
1287 1194 1342 1232 ὅσῳ
1370 1195 1413 1223 καὶ
1441 1193 1527 1231 τομὴν
1555 1193 1670 1233 ἐπιφέρει
1690 1196 1741 1227 τῆς
1769 1194 1937 1233 θρασύτητος

241 1241 481 1283 quandoquidem
509 1250 627 1282 poenam
650 1250 769 1281 quoque
797 1239 949 1271 temerarii
975 1248 1062 1270 ausus

1121 1239 1262 1279 πρόστιμον,
1284 1240 1321 1271 ὡς
1349 1239 1426 1270 αὐτὸς
1448 1241 1538 1278 σαφῶς
1566 1244 1720 1278 μαρτυρεῖς,
1757 1239 1800 1270 οἷς
1822 1237 1935 1270 ἐνδίκως

240 1286 374 1327 profecto
398 1285 520 1326 irrogat,
548 1289 636 1326 prout
656 1287 722 1326 ipse
744 1294 799 1326 per
814 1293 859 1321 ea,
876 1293 941 1325 quae
956 1283 1062 1315 merito

1121 1284 1262 1323 εεπείρασαι
1267 1306 1273 1313 .

241 1335 380 1372 expertus
393 1340 435 1368 es,
454 1330 624 1361 luculenter
639 1330 766 1361 testaris.

281 1371 421 1408 Lectulus
436 1378 481 1406 est
495 1375 634 1416 quidem;
652 1378 856 1406 verumtamen
870 1374 915 1404 {ac
934 1373 1062 1404 animum

1147 1373 1230 1406 Κλίνη
1245 1372 1294 1410 μέν
1307 1371 1338 1398 ’9
1353 1381 1361 1388 '
1385 1371 1444 1400 ἀλλ’
1461 1372 1581 1412 ἐπίσχες.
1600 1371 1702 1416 ,Δῦτίκα
1724 1372 1773 1411 γὰρ
1793 1371 1881 1407 δήπου
1905 1382 1934 1411 γε

241 1419 388 1452 advertas.
405 1421 473 1451 Mox
482 1420 561 1450 enim
577 1419 733 1460 apparebit
748 1419 849 1459 utique
870 1423 899 1449 et
919 1417 975 1449 tibi
992 1417 1062 1458 (sal-

1121 1424 1229 1446 ιανετται
1260 1418 1301 1446 καὶ
1336 1418 1376 1445 σοὶ
1400 1416 1470 1456 (ἐμοὶ
1491 1421 1553 1456 γοῦν
1576 1415 1627 1449 ἤδη
1649 1416 1781 1456 φαίνεται)
1802 1419 1852 1450 τῆς
1882 1419 1934 1450 σῆς

240 1469 300 1497 tem
317 1464 391 1496 mihi
401 1465 462 1504 jam
479 1466 615 1504 apparet)
629 1465 716 1504 longe
730 1464 880 1501 nobiliori,
893 1472 980 1503 quam
997 1471 1062 1492 arca

1121 1461 1218 1490 ,ιϐωτοῦ
1253 1462 1321 1490 κατὰ
1357 1460 1424 1490 πολὺ
1453 1460 1608 1499 σεμνοτέρα,
1638 1460 1664 1487 ἐν
1699 1460 1829 1500 ἱερωτέρῳ
1864 1461 1934 1488 πάνυ

240 1513 303 1544 tua.
329 1503 409 1540 cultu
432 1503 556 1548 insignis
579 1512 640 1539 tum
664 1508 754 1539 vestis
779 1508 878 1548 (ejus),
902 1511 964 1537 tum
978 1516 1062 1544 zona,

1121 1507 1198 1546 χωρίῳ
1232 1506 1460 1545 τεθησαυρεσμὲνη
1492 1508 1536 1534 καὶ
1566 1503 1696 1542 σεϐομένη
1725 1504 1802 1540 ἐσθής
1837 1515 1866 1533 τε
1890 1506 1934 1534 καὶ

241 1554 306 1585 loco
324 1562 446 1594 prorsus
461 1553 614 1584 sacratiori
635 1562 689 1584 ceu
714 1553 869 1584 thesaurus
890 1551 1062 1592 reconditae,

1122 1552 1189 1584 ώνη,
1218 1551 1345 1590 Σύμφημι
1367 1551 1416 1590 γὰρ
1438 1551 1471 1578 τὰ
1491 1550 1574 1590 τυχόν
1590 1561 1629 1579 σοι
1645 1549 1711 1582 τέως
1733 1550 1777 1578 καὶ
1804 1548 1935 1590 χλευαζά-

241 1602 271 1629 et
293 1593 434 1638 religiosa
459 1599 652 1628 veneratione
677 1598 838 1628 honoratae.
869 1597 904 1628 Et
933 1598 1062 1627 concedo

1121 1607 1183 1633 ιενα,
1201 1599 1239 1633 τῷ
1261 1595 1411 1635 φαινομένῳ
1425 1595 1499 1632 μόνῳ
1525 1594 1698 1634 προσέχοντι,
1727 1595 1771 1622 καὶ
1800 1593 1885 1631 μηδέν
1907 1606 1931 1622 τι

242 1643 391 1683 equidem,
407 1642 460 1673 abs
472 1647 499 1674 te
511 1642 587 1673 forte
602 1642 665 1673 haec
685 1642 805 1673 interim
818 1641 905 1672 etiam
920 1640 1062 1678 derideri,

1124 1640 1257 1680 αθύτερον,
1293 1638 1424 1679 ὥσπερδο
1444 1639 1524 1677 νόμος
1562 1640 1608 1671 σὸς
1636 1642 1788 1678 πανταχοῦ,
1818 1638 1932 1667 συνιδεῖν

242 1687 352 1728 quippe
366 1687 436 1727 quid
453 1687 482 1717 id
497 1687 591 1718 solum
604 1687 787 1725 consideras,
802 1686 880 1725 quod
893 1685 1018 1716 incurrit
1034 1685 1062 1715 in

1121 1685 1253 1723 υναμένῳ.
1284 1683 1358 1713 Ἀλλ’
1391 1684 1438 1713 οὒκ
1465 1685 1501 1716 εἷς
1531 1684 1645 1724 μακρὰν,
1675 1683 1697 1711 ὦ
1725 1683 1864 1721 θαυμάσιε,
1889 1686 1933 1712 καὶ

241 1732 355 1770 oculos,
372 1741 426 1762 nec
437 1731 589 1772 quidpiam
606 1732 696 1772 vales,
723 1740 782 1761 non
801 1740 888 1762 secus
904 1739 938 1761 ac
954 1730 1062 1770 ubique

1122 1731 1155 1764 ἦν
1190 1730 1276 1766 ζώνην
1306 1729 1366 1767 ὄψει
1402 1729 1500 1762 ταύτην
1527 1730 1571 1757 καὶ
1596 1729 1645 1762 τὴν
1681 1728 1788 1768 ἐσθῆτα,
1811 1729 1833 1756 εἷ
1854 1728 1933 1766 μέπω

240 1777 287 1808 lex
303 1781 363 1814 tua,
380 1776 516 1807 intimius
532 1776 717 1817 perspicere.
736 1777 774 1806 At
789 1775 814 1806 εἰ
830 1775 958 1807 necdum
969 1775 1062 1811 vales,

1121 1776 1149 1803 ad.
1171 1778 1214 1803 νῦν
1250 1775 1296 1802 σὺν
1330 1775 1400 1812 ἡμῖν
1434 1773 1541 1812 βλέπειν
1568 1772 1654 1813 ἔχεις,
1683 1779 1743 1804 τοῖς
1771 1775 1823 1800 τῶν
1850 1773 1932 1811 ἁγίων

241 1831 258 1852 o
274 1821 403 1861 egregie,
423 1831 502 1852 nunc
517 1830 636 1861 quoque
653 1821 808 1852 nobiscum
833 1829 970 1856 cernere,
988 1819 1062 1849 haud

1121 1821 1192 1859 ιγίοις
1220 1820 1296 1859 ἱερῶς
1337 1817 1514 1857 ἐμϐατεύοντα
1555 1819 1599 1846 καὶ
1641 1820 1722 1856 τιμῆς
1763 1818 1834 1856 7:195.
1867 1821 1931 1845 πᾶσι

241 1866 414 1898 diuturnum
426 1865 604 1897 intercurret
617 1870 815 1906 tempus,cum
828 1869 857 1896 et
876 1865 951 1895 hanc
962 1873 1062 1894 zonam

1123 1868 1266 1905 εοπρεποῦς
1295 1863 1434 1902 ἀξιούμενα
1454 1862 1491 1892 ³1.
1528 1865 1589 1894 Πῶς
1625 1861 1653 1890 δὲ
1681 1863 1729 1891 οὒκ
1756 1861 1876 1899 ἔμελλεν,
1916 1863 1931 1890 ἃ

242 1911 358 1942 videbis
381 1914 411 1941 et
434 1916 545 1941 vestem
564 1910 594 1940 in
619 1905 726 1942 Sancta
742 1914 910 1941 sanctorum
928 1908 1062 1948 religiose

1121 1910 1151 1939 Lai
1180 1909 1276 1949 χρόνος
1313 1907 1420 1948 ᾐδέσθη,
1451 1908 1495 1936 καὶ
1526 1909 1622 1948 φθορᾶς
1653 1905 1828 1940 ἀδυσώπητος
1856 1907 1930 1945 δόμος

243 1955 366 1993 deferri,
384 1961 412 1987 et
423 1965 440 1986 a
452 1955 567 1986 cunctis
584 1965 668 1986 sacro
685 1955 764 1987 cultu
781 1954 932 1986 honorari.
946 1953 981 1984 Et
995 1963 1062 1984 sane

1122 1953 1276 1994 δυσωπῆθη,
1300 1954 1332 1981 τὰ
1346 1954 1414 1982 κατὰ
1435 1953 1540 1981 πάντων
1557 1954 1624 1990 ὁμοῦ
1648 1955 1701 1980 τῶν
1713 1950 1740 1972 ³³
1769 1952 1868 1990 ὁρατῶν
1884 1951 1929 1980 δυ-

245 2001 298 2042 qui
312 2010 371 2032 non
388 2000 515 2041 primum
530 2009 590 2040 pra;
605 2000 745 2031 omnibus
761 2008 882 2040 prorsus
900 1998 1062 2029 visibilibus

1124 1998 1266 2026 αστεύοντα
1282 2006 1290 2038 ;

242 2040 339 2077 locum
357 2040 395 2076 ea
405 2044 587 2083 obtinerent,
604 2054 670 2085 quae
686 2050 715 2077 et
730 2049 847 2085 tempus
862 2048 906 2075 est
930 2045 1101 2081 reveritum,
1128 2046 1157 2073 et
1185 2040 1377 2073 inexorabilis
1404 2041 1451 2073 lex
1479 2040 1681 2082 corruptionis
1711 2048 1784 2071 ausa
1811 2050 1869 2072 non
1884 2045 1929 2072 est

243 2090 390 2129 attingere
403 2089 419 2120 ?

283 2123 385 2167 XXIV.
400 2134 465 2166 Jam
480 2134 580 2174 itaque
595 2143 715 2172 censeo,
731 2135 809 2165 baud
826 2133 937 2164 diutius
952 2137 981 2164 te
996 2142 1062 2173 quo-

1150 2126 1217 2162 KA'.
1235 2123 1300 2165 ΙἨδη
1329 2135 1390 2171 γοῦν
1426 2143 1471 2170 μοι
1497 2131 1585 2163 δοκεῖς
1609 2130 1663 2160 οὔδ’
1690 2130 1768 2163 αὖτὸς
1796 2129 1834 2158 ’ἔτι
1863 2131 1928 2168 μελ-

244 2189 303 2221 que
316 2180 416 2210 adhuc
429 2183 632 2210 cunctaturum
647 2188 656 2217 ;
673 2179 726 2209 sed
749 2178 846 2218 potius
870 2178 900 2208 in
924 2177 965 2214 id,
987 2176 1065 2217 quod

245 2233 362 2265 aequum
378 2228 423 2254 est
436 2223 493 2254 cito
518 2232 638 2263 prorsus
661 2231 887 2260 consensurum,
913 2226 1066 2262 postquam

245 2268 363 2309 egregia
375 2269 426 2299 illa
440 2267 573 2298 eruditus
585 2277 617 2298 es
633 2267 800 2308 disciplina,
816 2277 874 2307 quo
895 2267 991 2297 statim
1007 2265 1066 2296 im—

245 2315 368 2354 petitum
381 2312 532 2352 inopinato
550 2316 577 2343 te
592 2312 691 2348 video,
705 2311 858 2342 utscilicet
870 2315 1024 2351 postquam
1035 2318 1069 2354 ex

246 2353 283 2388 iis
298 2367 364 2398 quae
379 2366 482 2398 passus
502 2365 545 2394 es,
562 2366 620 2396 qua
642 2356 773 2397 polleant
789 2356 907 2393 virtute,
926 2353 1068 2391 didicisti,

248 2406 278 2434 et
291 2402 356 2443 ipse
376 2401 589 2442 obsequentius
611 2402 752 2433 adversus
774 2410 808 2432 ea
831 2405 859 2432 te
883 2399 1020 2437 haberes,
1043 2402 1072 2429 et

247 2447 326 2488 apud
349 2446 422 2478 alios
445 2446 554 2477 multos
578 2455 674 2487 praeco
694 2446 854 2478 exsisteres
877 2444 1070 2480 mirabilium,

249 2501 315 2533 quae
330 2495 452 2533 propter
465 2491 533 2532 ipsa
546 2495 720 2524 evenerunt.

289 2580 304 2596 ιι
314 2572 383 2605 Psal
398 2581 459 2611 cm,
476 2573 526 2605 32.

1106 2177 1196 2211 λήσειν
1211 2176 1252 2204 ἐπὶ
1268 2175 1335 2205 πολύ
1352 2185 1359 2193 ⁸
1389 2176 1458 2204 ἀλλὰ
1486 2179 1655 2216 παραχρῆμα
1679 2174 1711 2208 δὴ
1738 2174 1810 2212 μάλα
1824 2173 1850 2196 ³³
1862 2187 1929 2214 συμ-

1107 2222 1245 2261 φρονήσειν
1260 2219 1288 2241 ³⁴
1312 2222 1342 2249 τὸ
1365 2220 1433 2257 δέον,
1452 2224 1486 2259 τῇ
1500 2220 1570 2259 καλῇ
1585 2219 1689 2256 παιδείᾳ
1703 2218 1731 2239 ³⁵
1758 2222 1926 2261 νουτετηθεὶς,

1108 2267 1139 2299 ἣν
1169 2267 1221 2305 ὁρῶ
1250 2266 1318 2294 κατὰ
1343 2265 1425 2297 πόδας
1457 2276 1486 2294 σε
1517 2269 1658 2303 μετιοῦσαν
1686 2263 1837 2303 ἀπρόοπτον
1854 2274 1862 2283 ³
1897 2267 1929 2299 ὡς

1111 2310 1142 2338 ἂν
1168 2310 1245 2343 αὐτός
1274 2321 1302 2338 τε
1338 2311 1398 2350 περὶ
1425 2315 1507 2340 ταῦτα
1535 2309 1655 2348 διατεθῇς
1672 2307 1699 2330 ³⁸
1726 2309 1926 2350 εὐπειθέστερον,

1111 2355 1155 2382 καὶ
1175 2354 1289 2386 πολλοῖς
1317 2354 1409 2387 ἄλλοις
1437 2355 1517 2394 κῆρυξ
1544 2357 1597 2383 τῶν
1625 2354 1668 2382 ἐπ’
1697 2353 1790 2385 αὒτοτς
1811 2355 1928 2394 φανῇςπ

1110 2399 1272 2437 θαυμασίων,
1302 2400 1404 2438 μαθὼν,
1433 2398 1458 2432 ἐξ
1482 2401 1518 2428 ὤν
1546 2399 1690 2439 πέπονθας,
1714 2397 1776 2426 οἵαν
1805 2398 1861 2439 ἔχει
1882 2401 1925 2434 τὴν

1112 2454 1219 2481 ουναμιν
1224 2468 1231 2475 .

970 2625 1066 2658 Varias
1079 2625 1236 2658 lectiones.

291 2708 323 2735 20
336 2707 401 2740 νει,
416 2707 531 2748 ἦχοιισαι
553 2708 633 2748 μέγα,
650 2710 728 2740 καὶ...

253 2751 369 2788 μείσους.
412 2747 518 2780 θείνει.
535 2749 619 2779 abest
631 2750 685 2779 καὶ.
729 2747 761 2773 26
774 2748 862 2779 Laur.
872 2748 960 2788 μόνῳ.

771 2706 796 2729 ’ί
812 2706 899 2738 Laur.
916 2706 1078 2746 λκμπάὃαις.

1003 2747 1031 2772 ³7
1048 2749 1139 2779 Laur.
1158 2749 1297 2786 θρισαίως,

1804 2706 1834 2732 34
1847 2706 1923 2738 Laur.

1629 2747 1658 2772 29
1672 2747 1704 2778 In
1722 2751 1821 2788 utroq.
1834 2748 1924 2779 codice

1121 2706 1151 2732 2³
1164 2706 1250 2738 Laur.
1278 2706 1415 2747 δείγματα,
1458 2706 1491 2732 Ἀ
1511 2706 1598 2738 Laur.
1624 2707 1762 2740 ἥὶπησας,

1121 2756 1139 2777 “.
1158 2749 1297 2777 θοασαίως.
1340 2747 1465 2777 38Laur.
1479 2748 1586 2777 ταύτας.
1629 2747 1658 2772 29
1672 2747 1704 2777 Il.
1722 2751 1762 2777 ult

1402 2756 1465 2778 aur.
1479 2756 1586 2780 ταύτας,

254 2787 291 2821 ad
309 2788 471 2828 marginem
486 2798 492 2820 :
508 2790 564 2828 περὶ
578 2792 626 2822 τῆς
641 2790 728 2827 τιμίας
742 2789 834 2822 κλίνης
857 2787 996 2828 (Laurent
1015 2788 1062 2823 κλῆ

1121 2790 1188 2826 )καὶ
1202 2789 1312 2822 ἐσθῆτος
1328 2789 1370 2816 καὶ
1385 2789 1470 2823 ζώνης
1489 2797 1495 2805 ·
1519 2788 1563 2818 Do
1587 2788 1763 2819 venerando
1778 2787 1887 2825 lectulo,
1902 2793 1924 2819 el

251 2834 346 2867 ueste,
362 2833 391 2861 et
405 2838 500 2860 zona.
542 2829 574 2854 30
588 2830 653 2861 Vat.
670 2829 698 2862 ὅς
714 2841 774 2869 περ.

254 2870 441 2908 ουμιρρονῆσει,
484 2870 515 2894 3U
531 2869 622 2900 Codd.
641 2867 754 2905 παιδίᾳ,’
782 2869 814 2894 56
829 2870 917 2900 Laur.
934 2867 1068 2900 διατιθείς.

816 2828 843 2853 δί
860 2829 948 2860 Laur.
965 2828 1114 2866 ἆξιούμεθα.

1158 2827 1188 2853 '53
1205 2830 1288 2860 Laur.
1305 2827 1390 2860 abest
1403 2832 1466 2858 τῶν.

1111 2868 1143 2893 57
1159 2870 1244 2899 Laur.
1262 2870 1362 2909 φανείς.

1509 2829 1541 2854 33
1554 2827 1642 2860 Laur,
1656 2828 1758 2866 μᾶλλα.
1800 2829 1831 2854 34
1843 2830 1921 2860 Laur.
