1975 3071
62 194 146 226 1105

600 197 641 230 IN
663 198 714 229 SS.
738 196 913 230 DEIPARzE
934 196 1219 231 DORMITIONEM.

1688 192 1767 227 1106

63 263 134 297 αὺτή
163 273 228 302 φησι
257 262 274 296 ἠ
302 265 356 291 τῶν
387 261 516 303 χερουϐἱμ
547 264 677 304 ὰνωτέρα,
705 265 749 293 καὶ
776 268 885 294 τοσαῦτα

976 262 1043 293 lsior
1057 263 1191 302 respexit
1206 263 1239 294 in
1254 263 1464 295 humilitatem
1478 262 1605 294 amcitia
1619 271 1683 294 sum
1691 274 1715 299 ι,
1732 257 1766 292 οι

64 307 218 342 ποιήσαντα
252 305 278 331 61
296 305 354 345 μετ’
391 307 473 341 αὐτῆς
522 308 667 348 μεγαλεῖα.
705 310 897 348 Κακαρίσωμεν

66 350 201 391 ἅνθρωποι
229 351 278 386 τὴν
306 355 353 381 τοῦ
384 351 506 381 Πλάστου
536 353 656 393 Μητέρα,
686 353 711 386 ἐξ
746 355 778 387 ἧς
805 355 822 388 ἦ
851 356 897 381 τοῦ

67 396 227 434 πλάσματος
251 397 294 425 καὶ
322 397 463 437 ἂνόρθωσις
490 399 533 426 καὶ
568 398 714 430 ἆνάπλασις
727 397 770 429 6³.
800 397 896 436 Ἀψευ-

67 439 117 474 δὴς
152 444 229 469 τοῦτο
257 440 400 482 πρόρρησις
429 442 528 476 ταύτης
550 445 599 476 τῆς
620 442 742 482 μεγάλης
765 443 897 483 προφήτι-

67 484 127 525 δος,
164 486 215 514 ὑπὸ
242 487 331 520 πάσης
373 487 498 520 εἰπούσης
533 487 816 527 μακαιτδισθήσεσθαιι6³
850 498 898 526 γε-

69 533 131 562 νεᾶς
162 529 205 560 ⁸4.
246 530 462 571 Μεγαλοπρεπῶς
507 531 555 569 μὲν
599 532 644 561 οὖν
686 532 763 565 ἀξίως
806 535 896 571 πρῶτα

70 575 122 613 μὲν
146 574 190 604 ὑπ’
213 577 298 605 αὒτῶν
327 579 379 605 τῶν
409 576 549 616 ἆχράιτων
577 576 736 616 εὐαγγελίων
765 578 809 605 τὸν
830 576 897 616 πρέ-

70 631 158 649 ποντα
186 619 314 658 λαμϐάνει
344 621 524 661 μακαρισμὸν,
560 622 626 661 πρὸς
661 622 707 650 τὸν
741 621 840 650 ἑαυτῶν
866 620 899 646 ⁸5

70 664 112 704 ἱφ⁹
150 665 264 698 ἑκάστης
293 665 424 699 δεσπότην
453 664 638 698 ἀναϐοώντων,
677 678 690 694 σε
733 666 853 705 Μακαρία
881 667 898 700 ἡ

70 709 161 738 κοιλία
195 711 213 744 ἡ
248 709 401 748 βαστάσασά
429 720 470 745 σε,
508 711 551 739 καὶ
584 712 690 749 μαστοὶ,
720 711 763 743 οὕς
799 709 897 745 ἐθήλα-

71 765 120 786 νας
139 764 146 771 ⁸
174 748 228 782 εἷθ’
253 755 304 782 ὑπὸ
329 757 422 782 πασῶν
442 757 552 794 γενεῶν,
582 756 620 787 ὡς
651 756 669 789 ἡ
696 755 897 795 προαγόρευσις,

70 797 125 832 ἤδη
155 809 183 826 τε
218 799 423 839 μεμακάρισται,
460 800 503 828 καὶ
533 803 568 831 εἱς
596 801 641 829 τὸν
674 801 756 828 αἰῶνα
783 810 899 840 μακαρι-

73 844 212 878 σθήσεται,

117 888 305 927 Μακαριζέσθω
337 889 421 917 τοίνυν
456 891 507 929 οὐχ
545 888 641 922 ἥκιστα
676 884 720 918 καί
761 892 803 917 νῦν
838 886 899 928 παρ’
913 906 930 931 Β

71 934 164 973 ἡμῶν,
181 933 287 961 καὶτὸν
301 933 471 973 ὀφειλόμενον
496 933 586 973 ἔρανον
610 933 639 962 ἐκ
667 937 713 962 τοῦ
742 932 800 962 καθ’
829 934 899 971 ἡμᾶς

74 977 134 1017 ἄρτι
162 977 251 1016 γένους
280 977 406 1009 ἆνενδεῶς
435 978 634 1018 ἐκπληρούσθω.
673 988 688 1008 «
725 979 789 1007 Δότε
833 979 899 1016 αὗτῇ

72 1023 128 1050 ἀπὸ
156 1026 258 1061 καρποῦ
295 1022 410 1062 χειλέων
446 1024 539 1062 αὐτῆς,
577 1033 592 1053 )
626 1024 643 1057 ἡ
677 1024 746 1064 σοιρὴ
773 1023 899 1062 παροιμία

72 1067 143 1096 κατὰ
161 1067 252 1106 καιρὸν
278 1068 346 1104 ἡμῖν
375 1067 539 1106 ἐγκελεύεται
557 1077 564 1085 ·
587 1069 664 1099 αὒτὸς
694 1067 721 1095 δὲ
749 1066 778 1095 ἂν
794 1067 898 1105 εἴποιμι

73 1111 189 1150 μᾶλλον,
208 1123 221 1138 α
237 1111 289 1139 ἀπὸ
314 1115 414 1150 καρποῦ
438 1111 538 1144 κοιλίας
562 1113 644 1146 αὐτῆς
661 1124 675 1139 n
702 1122 708 1130 π
739 1113 782 1140 καὶ
810 1110 842 1139 δι’
857 1113 899 1140 εὖ-

72 1155 164 1195 λογίας
194 1156 299 1189 ἀπάσης
327 1157 344 1190 ἦ
374 1155 542 1195 εὒλαγημὲνη
571 1155 716 1196 γεννήτρια’
738 1159 786 1190 τῆς
819 1156 897 1186 εὐλο-

73 1201 134 1240 γίας
163 1199 277 1239 ἀγέσθω,
307 1201 351 1235 Μή
380 1212 420 1232 τις
448 1200 481 1225 68
512 1202 645 1240 ἀγνώμων
673 1201 741 1230 ἔστω
761 1202 821 1240 περὶ
849 1201 897 1234 τὴν

73 1244 204 1285 εὐεργέτιν
220 1244 251 1269 67
268 1253 275 1260 ⁸
293 1246 331 1283 μή
347 1257 386 1278 τις
400 1246 551 1285 ὑπερόπτης
572 1249 621 1280 τῆς
635 1244 767 1284 βασιλίδος
785 1255 791 1261 ·
810 1244 842 1270 68
857 1246 895 1283 μή

71 1301 113 1322 τις
129 1289 265 1329 ὀλιγώρως
281 1289 353 1330 ἔχων
367 1291 433 1330 πρὸς
455 1291 504 1324 τὴν
533 1290 661 1318 Δεσπότιν
678 1298 684 1306 ⁶
712 1289 779 1318 ἀλλᾶ
801 1291 895 1323 πάντες

71 1334 129 1372 ἅμα
152 1335 196 1362 καὶ
226 1337 304 1362 πᾶεαι
334 1335 401 1372 μετὰ
428 1339 474 1365 τοῦ
500 1336 680 1374 προσήκοντος
703 1336 803 1372 κόσμου
830 1336 895 1374 πρὸς

70 1379 121 1413 τὴν
159 1378 296 1416 πάνδημον
336 1382 433 1413 ταύτην
474 1379 568 1419 ἑορτὴν
609 1379 815 1417 ἆπαντήσωμεν,
852 1380 896 1407 καὶ

71 1424 118 1452 σὺν
147 1423 273 1458 ἀλλήλοις
288 1423 320 1448 69
349 1426 415 1462 ὁμοῦ
443 1423 636 1465 φαιδρυνθῶμεν
663 1426 894 1463 πανηγυρίζοντες,

70 1468 189 1497 πλούσιοί
204 1479 232 1496 τε
246 1470 289 1497 καὶ
304 1469 427 1506 πένητες,
450 1468 547 1507 ὑψηλοί
562 1479 589 1496 τε
604 1469 648 1497 καὶ
669 1469 800 1505 ταπεινοὶ,
815 1470 895 1507 ἱερεῖς

68 1513 113 1541 καὶ
128 1511 203 1549 λαὸς,
222 1513 357 1551 μοναδικοὶ
372 1515 416 1542 καὶ
430 1512 539 1552 μιγάδες
553 1524 558 1529 ’
572 1512 633 1541 ὅσον
645 1513 672 1541 ἐν
682 1512 817 1553 ἄρχουσιν⁷
831 1512 893 1541 ὅσον

69 1558 96 1586 ἓν
111 1558 284 1598 ἀρχομένοις,
307 1557 368 1587 ὅσον
383 1558 409 1586 ὲν
431 1558 564 1598 ἀνδράσιν,
588 1557 649 1586 ὅσον
664 1557 691 1586 ἐν
713 1557 839 1597 φυναιξίν,

110 1599 175 1635 ΚΘ’,
193 1602 275 1632 Ἀλλὰ
297 1603 393 1641 μεταξὺ
413 1602 514 1642 λέγοντί
542 1614 587 1640 μοι
617 1602 763 1642 προσέπεσέ
784 1613 809 1630 τι
838 1605 890 1630 τῶν

69 1646 234 1687 ἀϐουλήτων,
252 1647 353 1686 μᾶλλον
374 1647 401 1675 δὲ
415 1651 468 1675 τῶν
490 1658 521 1683 τα
549 1647 618 1680 τάξει
648 1647 812 1687 μαχομένων
841 1649 889 1680 τῆς

68 1693 182 1732 φύσεως,
207 1694 236 1720 Αἱ
264 1693 314 1731 γάρ
343 1703 376 1729 με
405 1699 528 1730 γυναῖκες
557 1691 663 1720 ἐνταῦθα
691 1691 889 1731 πλεονεκτοῦσι,

68 1738 112 1765 καὶ
127 1737 226 1770 ἀξιοῦσι
241 1737 394 1776 πρωτεύειν,
413 1735 453 1767 εἵς
475 1747 504 1774 γε
532 1739 608 1764 τοῦτο
636 1737 666 1763 τὸ
693 1736 784 1775 μέρος,
813 1737 889 1774 ἡμῶν

65 1782 118 1809 risv
147 1781 258 1821 ἀνδρῶν,
288 1783 329 1814 οἷς
370 1782 400 1808 τὸ
435 1781 527 1820 ἄρχειν
557 1781 640 1808 αὐτῶν
675 1781 719 1808 καὶ
753 1784 890 1820 πανταχοῦ

66 1826 261 1865 προκεκρίσθαι,
286 1825 345 1859 ἥτε
368 1826 442 1865 φύσις
467 1825 549 1853 πάλαι
577 1823 696 1852 ἀπέδωκε
724 1826 768 1853 καὶ
797 1826 810 1853 ὁ
839 1825 888 1859 τὴν

65 1871 140 1910 φύσιν
175 1869 372 1911 δημιουργήσας
391 1878 397 1885 ⁵
442 1871 474 1898 τὰ
494 1873 558 1898 ,του
587 1869 677 1908 γένους
713 1873 775 1908 γοῦν
802 1869 888 1898 δίκαια

65 1914 152 1945 πολλὰ
186 1914 247 1955 παρ’
278 1916 370 1947 αὔτατς
399 1915 443 1943 καὶ
469 1915 621 1953 βοηθεῖσθαι
652 1912 754 1943 δοκοῦσι
783 1926 886 1943 παντα-

65 1959 144 2000 χόθεν
160 1960 196 1992 εἷς
211 1960 260 1993 τὴν
276 1960 447 2000 προτίμησιν.
471 1960 529 2000 Οὗχ
553 1960 633 1992 ἦττον
661 1958 709 1996 μέν
724 1970 748 1986 τι
765 1959 886 1987 κάκεῖναι

65 2005 129 2044 πρὸς
145 2005 237 2037 ἑαυτὰς
252 2005 435 2040 στασιάζουσιν
449 2003 491 2041 70,
508 2006 532 2032 αἱ
548 2002 670 2043 παρθένοι
685 2004 750 2043 πρὸς
766 2004 812 2036 τὰς
828 2016 883 2041 μη-

64 2049 152 2089 τέρας,
168 2051 194 2077 αἱ
209 2048 321 2089 μητέρες
336 2050 402 2088 πρὸς
413 2050 460 2081 τὰς
469 2048 622 2089 παρθένους,
638 2049 682 2076 καὶ
697 2048 886 2089 φιλονεικοῦσιν

64 2093 124 2122 ὅλον
140 2094 261 2133 ἑκάτεραι
273 2095 304 2122 τὸ
318 2094 344 2118 Ἡ
361 2095 448 2123 κοινὸν
463 2093 624 2123 ἰδιώσασθαι.

105 2182 188 2212 Ἀλλὰ
215 2183 321 2215 ταύταις
344 2184 403 2221 μὲν,
431 2185 452 2212 εἰ
473 2183 557 2219 δοκεῖ,
582 2182 753 2223 καταλλαγὴν
768 2182 796 2208 7g
822 2184 885 2223 πρὸς

939 315 1007 337 cum
1024 306 1089 347 ipsa
1105 312 1162 338 tam
1178 307 1309 346 ingentia
1323 307 1392 339 fecit
1409 307 1563 347 magnalia.
1576 307 1697 338 Beatam
1709 306 1759 337 ho-

939 351 1036 383 mines
1052 352 1270 392 proclamemus
1299 353 1467 384 Conditoris
1495 352 1628 388 Matrem,
1655 360 1689 382 ex
1705 359 1764 391 qua

940 400 1084 428 creaturae
1101 401 1129 429 et
1145 397 1292 437 reparatio
1309 401 1364 435 est,
1383 402 1411 428 et
1436 406 1510 428 nova
1539 395 1708 437 plasmatio.
1726 394 1759 426 In

939 440 968 472 id
985 442 1134 482 conspirat
1148 442 1210 473 falli
1229 441 1363 473 nescium
1380 441 1577 482 prophetissae
1594 441 1683 481 hujus
1700 449 1764 470 ma-

940 495 1004 526 gna
1020 486 1205 527 vaticinium,
1224 487 1294 518 dum
1310 486 1346 518 ab
1363 486 1500 517 omnibus
1521 484 1764 525 generationibus

940 530 1055 561 beatam
1072 540 1104 561 se
1133 531 1323 571 praedicatum
1354 531 1390 562 iri
1420 531 1587 562 afﬁrmavit.
1605 529 1763 566 Magniﬁce

940 584 1012 614 ergo
1030 579 1059 606 et
1073 575 1220 615 condigne
1236 577 1460 607 convenientem
1471 575 1564 606 beatae
1576 574 1764 615 praedicatio-

941 629 1008 650 nem
1019 619 1114 660 primo
1126 620 1247 660 quidem
1260 619 1296 651 ab
1308 620 1382 661 ipsis
1401 620 1588 651 intemeratis
1599 617 1764 658 Evangeliis

940 664 1059 703 accipit,
1071 673 1135 705 quae
1145 664 1181 695 ad
1198 663 1356 695 Dominum
1369 673 1456 695 suum
1468 663 1600 705 quotidie
1614 663 1762 694 clamant:

939 709 1170 746 Beatusvenler,
1177 710 1229 749 qui
1236 713 1263 740 te
1267 709 1543 750 portavit,etubera
1550 717 1616 748 quae
1625 708 1762 743 suariam;

941 753 1050 785 deinde
1065 763 1148 790 vero,
1167 757 1252 794 prout
1268 753 1438 784 vaticinium
1464 752 1627 793 portendit,
1644 751 1681 783 ab
1696 761 1763 783 om-

941 798 1028 829 nibus
1043 797 1288 838 generationibus
1303 802 1331 829 et
1343 798 1405 838 jam
1433 796 1590 838 praedicata
1606 799 1651 828 est
1665 795 1763 834 beata,

941 847 972 873 et
988 852 1081 883 usque
1091 842 1122 873 in
1138 843 1277 873 saeculum
1292 842 1378 873 beata
1394 841 1612 882 praedicabitur.

983 888 1059 927 Ergo
1076 891 1105 918 et
1120 897 1197 918 nunc
1212 896 1230 917 a
1244 886 1330 917 nobis
1346 887 1431 918 beata
1447 886 1665 917 studiosissime
1679 886 1761 917 cele-

942 931 1055 966 bretur,
1073 936 1102 962 et
1117 931 1249 962 debitum
1275 931 1303 962 ei
1334 931 1476 962 tributum
1504 940 1521 961 ει
1535 940 1645 970 genere
1661 935 1763 962 nostro

942 984 1021 1006 nunc
1035 975 1131 1015 ipsum
1147 975 1228 1014 large
1242 975 1382 1007 solvatur.
1402 975 1475 1006 Date
1498 977 1527 1006 ei
1553 975 1589 1006 de
1604 975 1706 1014 frucm
1721 974 1764 1006 la-

942 1019 1060 1051 biarnm
1071 1020 1145 1060 ejus.
1160 1024 1325 1060 opportune
1339 1020 1426 1050 nobis
1434 1019 1554 1060 sapiens
1575 1019 1764 1060 proverbium

941 1064 1074 1100 indicite;
1083 1065 1144 1104 ipse
1156 1074 1222 1095 vero
1235 1065 1331 1104 potius
1344 1064 1482 1105 dixerim,
1495 1064 1531 1095 de
1539 1064 1645 1101 fructu
1652 1065 1765 1095 ventris

940 1110 1019 1147 eius;
1035 1114 1122 1149 atque
1131 1109 1211 1139 omni
1233 1108 1440 1139 benedictione
1462 1108 1620 1139 benedicta
1633 1108 1764 1140 Genitrix

940 1153 1158 1184 benedictionis
1173 1153 1350 1184 celebretur.
1364 1152 1406 1184 Ne
1421 1153 1489 1193 quis
1507 1153 1652 1184 adversus
1666 1152 1763 1184 bene-

939 1197 1090 1228 factricem
1107 1197 1240 1237 ingratus
1253 1198 1393 1235 exsistat;
1407 1207 1444 1228 ne
1455 1198 1523 1238 quis
1540 1197 1689 1238 superbus
1706 1198 1763 1229 Re-

939 1243 1016 1282 ginae
1032 1246 1218 1283 contemptor
1232 1252 1239 1273 :
1271 1252 1308 1273 ne
1337 1242 1403 1283 quis
1418 1252 1488 1283 erga
1503 1242 1659 1274 Dominam
1675 1242 1762 1273 incu-

936 1287 1023 1326 rius;
1054 1287 1105 1318 sed
1135 1287 1236 1318 cuncti
1251 1287 1350 1324 simul,
1381 1292 1413 1318 ut
1427 1292 1542 1319 cunctae
1556 1297 1623 1318 cum
1640 1287 1761 1318 decenti

936 1337 1042 1363 ornatu
1057 1332 1094 1362 ad
1107 1341 1297 1362 communem
1314 1332 1390 1362 hanc
1415 1332 1636 1363 solemnitatem
1651 1341 1761 1362 conve»

937 1376 1064 1413 niamus,
1082 1380 1109 1406 et
1125 1385 1230 1407 omnes
1252 1376 1340 1407 simul
1357 1380 1489 1408 texentes
1505 1376 1615 1413 laudes,
1633 1380 1694 1406 tum
1711 1376 1759 1407 di-

936 1422 1010 1452 vites
1036 1421 1218 1452 colletasmur
1245 1425 1307 1451 tum
1337 1429 1494 1461 pauperes,
1522 1420 1716 1461 pmcelsique
1730 1425 1761 1452 et

937 1465 1075 1505 humiles,
1090 1465 1260 1496 sacerdotes
1275 1469 1304 1495 et
1321 1465 1458 1506 populus,
1474 1465 1598 1496 solitarii
1614 1470 1643 1496 et
1659 1466 1690 1496 in
1707 1474 1758 1496 so-

936 1510 1040 1541 cietate
1055 1510 1196 1546 viventes,
1214 1513 1241 1540 et
1257 1515 1397 1550 quantum
1414 1510 1444 1541 in
1460 1519 1492 1541 se
1504 1513 1559 1548 est,
1576 1509 1759 1550 imperantes

934 1559 963 1585 et
977 1554 1100 1592 subditi,
1117 1554 1172 1584 viri
1187 1563 1222 1585 ac
1239 1555 1392 1586 mulieres.

974 1598 1080 1631 XXIX.
1099 1600 1208 1630 Verum
1224 1598 1302 1630 inter
1330 1599 1491 1631 dicendum
1510 1599 1583 1630 mihi
1601 1599 1755 1640 quidpiam

933 1644 1051 1682 excidit,
1065 1643 1142 1684 quod
1156 1643 1324 1674 inconsulte
1335 1645 1493 1685 prolatum,
1512 1653 1564 1675 seu
1581 1644 1678 1684 potius
1687 1653 1754 1674 cum

933 1689 1037 1720 ordine
1047 1693 1157 1718 naturae
1168 1697 1301 1728 pugnans
1314 1689 1408 1720 videri
1421 1693 1527 1729 potest.
1540 1689 1595 1720 Hic
1611 1689 1691 1720 enim
1708 1698 1758 1719 me

932 1733 1052 1763 vincunt
1077 1732 1232 1769 mulieres,
1264 1737 1293 1762 et
1322 1733 1378 1763 huc
1402 1733 1507 1764 saltem
1532 1743 1566 1764 ex
1594 1739 1677 1774 parte
1695 1742 1757 1763 me—

930 1778 986 1808 rito
1010 1776 1179 1817 praecedunt
1208 1776 1295 1807 nobis
1322 1777 1404 1814 viris,
1435 1777 1542 1818 quibus
1573 1782 1634 1808 tum
1650 1781 1756 1808 natura

930 1825 991 1852 tum
1018 1825 1129 1852 natura),
1156 1819 1279 1851 Creator
1303 1819 1386 1851 dedit
1413 1822 1540 1862 pridem,
1572 1826 1604 1853 ut
1629 1823 1660 1852 in
1687 1821 1753 1853 illas

930 1866 1163 1903 dominaremur,
1173 1865 1342 1906 primasque
1351 1865 1382 1896 in
1395 1866 1534 1897 omnibus
1550 1871 1650 1907 partes
1663 1865 1754 1897 habe-

928 1920 1049 1948 remus;
1079 1910 1170 1940 multa
1198 1909 1286 1949 igitur
1324 1919 1412 1941 sexus
1437 1912 1506 1951 jura
1534 1916 1565 1943 et
1593 1911 1652 1942 illis
1682 1921 1754 1952 sup-

929 1960 1030 1996 petere
1045 1955 1184 1986 videntur
1199 1955 1235 1986 ad
1251 1954 1363 1994 primos
1378 1965 1593 1997 usquequaque
1608 1957 1753 1987 honores.

927 2000 1028 2041 Neque
1044 2000 1141 2030 minus
1157 1999 1288 2040 profecto
1318 2003 1347 2030 et
1372 2000 1430 2032 illa:
1459 2000 1536 2032 inter
1550 2010 1582 2033 se
1599 2001 1752 2039 dimicant,

926 2046 1056 2085 virgines
1070 2053 1138 2075 cum
1154 2043 1308 2082 matribus,
1328 2049 1437 2076 matres
1452 2055 1519 2076 cum
1534 2045 1711 2086 virginibus,
1724 2050 1755 2077 et

927 2090 1006 2131 quod
1023 2097 1181 2120 commune
1195 2092 1250 2129 est,
1280 2093 1414 2130 utrmque
1444 2090 1502 2121 sibi
1528 2094 1667 2132 tanquam
1682 2099 1752 2131 pro-

928 2135 1027 2177 prium
1043 2133 1196 2164 vindicare
1213 2137 1304 2164 totum
1323 2135 1518 2167 contendunt.

968 2181 1080 2211 Verum
1093 2179 1140 2209 his
1151 2177 1284 2218 quidem,
1301 2178 1326 2209 si
1341 2179 1382 2210 ita
1395 2179 1524 2218 videtur,
1541 2183 1673 2210 mutuam
1685 2188 1755 2210 con-

64 2228 183 2263 ἀλλήλας
197 2229 279 2266 ἡμεῖς
294 2228 457 2266 ἐπινάξωμεν
487 2232 525 2265 τῷ
551 2230 601 2261 τῆς
629 2228 741 2267 φυσικῆς
771 2228 885 2261 ἐξουσίας

976 2225 1110 2256 ηοίίοηθηι
1126 2223 1315 2264 nosmetipsi
1339 2224 1540 2265 imponamus,
1567 2224 1710 2255 naturalis
1725 2224 1755 2255 in

65 2273 144 2312 ὀρθῶς
171 2273 337 2313 χρησάμενοι
361 2273 445 2310 νόμῳ,
475 2273 519 2300 καὶ
533 2272 588 2305 ’τὴν
617 2270 722 2305 ἴσηνί3
750 2272 885 2312 ἑκατέραις

65 2317 253 2355 ἆπονείμαντες
269 2324 366 2357 μοῖραν
381 2325 387 2332 ·
405 2317 435 2345 οδ
451 2317 500 2356 γὰρ
514 2320 592 2344 τοῦτο
622 2315 722 2353 μᾶλλον
750 2316 768 2350 ἢ
796 2321 883 2354 τοῦτο,

64 2360 121 2390 ἀλλ’
144 2362 238 2395 ἐπίσης
272 2362 418 2402 ἀμφότερα,
455 2363 498 2390 καὶ
533 2360 658 2400 παρθένος
692 2361 735 2388 καὶ
757 2362 847 2402 μήτηρ
868 2363 885 2396 ἡ

64 2405 215 2446 τιμωμένη,
253 2407 297 2434 καὶ
333 2407 422 2434 κοινὸν
451 2407 550 2444 ὁμοίως
579 2405 692 2438 ἀπάσαις
729 2406 827 2444 γυναιξὶ
856 2408 886 2435 τὸ

63 2450 240 2489 καλλώπισμα
254 2450 295 2482 74.
313 2451 409 2483 Αὖτοϊς
424 2450 446 2478 δ’
469 2452 537 2488 ἡμῖν
558 2451 623 2490 πρὸς
646 2449 746 2482 ἐκείνας
776 2452 886 2485 είσαῦθις

63 2496 80 2529 ἡ
95 2494 180 2524 δικαία
207 2496 280 2536 τάχα
300 2495 399 2523 δικάσει
424 2496 468 2523 καὶ
494 2495 571 2528 κοινὴ
600 2494 741 2531 Δέσποινα,
773 2497 888 2530 ὁπηνίκα

63 2541 105 2568 καὶ
119 2540 192 2573 ὅπως
208 2540 344 2576 εὖδοκήσοι
367 2540 410 2568 καὶ
425 2539 576 2578 δοκιμασω.
606 2540 644 2569 Τὰ
673 2538 700 2567 δὲ
728 2545 771 2569 νῦν
796 2541 887 2581 (ἑορτὴ

103 2621 115 2637 ³
129 2619 200 2652 Luc.
218 2629 239 2658 ι,
257 2621 308 2652 48.
351 2634 364 2655 ι.
381 2620 452 2652 Luc.
468 2627 509 2658 x1,
526 2621 576 2652 27.

928 2271 1009 2311 ipsas
1024 2267 1180 2310 potestatis
1205 2268 1274 2308 jure
1303 2273 1385 2299 recte
1412 2273 1542 2309 utentes,
1567 2273 1596 2300 et
1610 2269 1756 2309 aequalem

930 2315 1064 2356 utrisque
1081 2312 1249 2354 portionem
1266 2313 1471 2354 assignantes:
1490 2323 1556 2354 qua:
1567 2314 1646 2345 enim
1663 2314 1756 2344 hono-

929 2365 1026 2396 ratur,
1045 2368 1102 2389 non
1119 2358 1175 2388 hoc
1187 2358 1280 2397 magis
1289 2363 1431 2397 estquam
1451 2359 1539 2395 istud,
1556 2359 1607 2389 sed
1617 2367 1755 2399 peraeque

929 2410 1101 2445 utrumque,
1119 2406 1148 2434 et
1162 2402 1243 2442 virgo
1257 2407 1286 2434 et
1315 2407 1420 2444 muter,
1437 2407 1466 2434 et
1480 2412 1638 2435 commune
1654 2403 1753 2435 omni-

929 2451 983 2482 bus
999 2459 1034 2481 ex
1050 2458 1134 2489 aequo
1152 2448 1327 2480 mulieribus
1343 2453 1388 2480 est
1403 2453 1622 2481 ornamentum.
1633 2447 1668 2478 Et
1682 2457 1752 2479 rur-

929 2506 980 2527 sus
994 2493 1072 2535 quod
1088 2498 1124 2523 ad
1141 2502 1195 2523 nos
1209 2493 1291 2533 ipsos
1317 2503 1378 2534 prae
1401 2493 1460 2524 illis
1475 2497 1598 2534 spectat,
1611 2494 1692 2534 justa
1706 2493 1758 2524 illa

930 2547 959 2573 et
975 2538 1144 2573 communis
1173 2537 1311 2580 Domina,
1339 2539 1459 2580 quando
1487 2543 1516 2570 et
1538 2538 1686 2579 quomodo
1710 2538 1754 2572 illi

621 2624 632 2640 ε
646 2619 731 2652 Prov.
748 2629 829 2660 xxxi,
847 2622 898 2662 31,
915 2633 976 2655 sec.
993 2623 1078 2654 LXX.

770 2700 868 2734 Varia;
883 2703 1040 2735 lectiones.

100 2783 127 2810 θί
146 2784 233 2817 Laur.
248 2788 398 2821 ποιήσαντι-

62 2825 93 2851 35
105 2824 197 2858 Codd.
213 2827 318 2858 ἑαυτόν,
361 2826 394 2851 ῧδ
410 2826 496 2859 Laur.
513 2826 531 2860 ἤ
546 2837 598 2858 τις,

64 2865 153 2896 sionis
167 2871 211 2895 est
229 2875 328 2897 causa.
372 2867 404 2892 ϐο
421 2868 505 2898 Laur.
525 2865 712 2901 συν.ί).).ήλως.

63 2906 127 2936 ἵσιν.
170 2904 202 2929 7‘
217 2907 293 2938 Laur
320 2907 494 2946 καλώπισμα.

444 2785 473 2810 ὑὶ
488 2784 554 2817 Vat.
573 2783 719 2818 ἀναπλάσις
744 2784 788 2811 καὶ
812 2784 966 2824 ἁνόρθωοις,

641 2824 672 2849 6⁷
688 2827 785 2865 Laur;
793 2825 945 2865 ξῦεργέττιν.

756 2863 789 2888 Ἶο
798 2863 887 2896 Labr.
903 2870 1097 2906 στασιάζουσαι,

1008 2787 1041 2814 αὖ
1066 2788 1153 2819 Laur.
1179 2789 1414 2828 μαάαρισθήσεσαι.
1458 2785 1491 2811 64
1518 2786 1606 2828 Laur.
1637 2787 1755 2828 γεναιᾴς,

988 2828 1020 2855 68
1036 2829 1123 2860 Laur.
1141 2825 1197 2859 hoc
1213 2825 1339 2859 incisum
1354 2827 1449 2864 abest,
1467 2835 1523 2858 nec
1537 2825 1645 2856 obcura
1663 2826 1757 2857 omis-

1142 2869 1168 2894 Ἡ
1183 2868 1338 2900 C0dd.‘.o’v.
1382 2867 1411 2891 7a
1423 2866 1586 2907 καταλογήν.
1629 2865 1755 2897 “Laur.
