1975 3071
40 203 130 238 1109

39 273 214 313 προπέμπει
249 275 293 303 καὶ
315 274 522 315 συναπέρχεται.
552 267 675 303 Ἧδιστον
704 274 753 312 μὲν
788 273 834 312 ἔαρ
869 273 896 301 ἐν

43 318 138 357 ὥραις
175 318 231 360 (τις
260 320 378 348 ἀντείποι
412 319 491 359 λόγος
519 320 558 357 τῷ
585 318 658 359 λόγῳ
671 322 691 359 ;)
719 320 763 347 καί
788 317 897 352 ποικίλη

46 363 139 402 χάρις
161 363 275 401 ἀνθέων,
304 365 346 393 καὶ
375 364 465 398 ἁπαλὴ
491 367 579 404 φυτῶν
607 364 723 404 βλάστη,
739 365 783 392 καὶ
797 363 896 403 ὡραιό-

47 418 105 440 tu;
138 408 237 448 ἀγροῦ,
267 410 311 437 καὶ
358 408 509 449 χλοάζσυσα
537 409 601 446 πόα,
645 409 689 437 καὶ
727 407 808 437 καλὸν
836 414 898 439 ταῖς

50 450 189 491 ἅρούραις
224 453 446 491 ἐπικυματίζοντα
471 453 537 488 λήτα
561 461 567 468 ·
597 452 645 487 ἡδὺ
678 452 705 481 δὲ
734 454 777 481 καί
797 453 896 492 στάχυς

49 496 213 535 παρῤησίαν
262 497 318 538 ἄρτι
374 496 528 536 λαμϐάνων,
585 499 629 527 καὶ
664 499 821 538 προκόπτων
861 499 897 529 εἷς

50 544 127 581 φῶς,
147 544 198 570 οἶα
223 543 318 584 βρέφος
361 543 465 583 εὐγενές
492 554 521 572 τε
548 544 592 572 καὶ
620 544 723 584 χαρίεν,
739 544 775 574 ὡς
797 543 827 570 ὲκ
840 543 896 580 μή·

50 597 123 625 τρας
164 590 217 621 τῆς
245 588 368 624 κάλυκος,
392 589 436 616 καὶ
475 589 567 627 βότρυς
609 588 641 612 86
668 587 896 627 ἐπαγγελλόμενος

52 633 102 659 καὶ
126 638 192 664 τοῖς
225 632 361 673 δροσεροϊς
390 633 428 661 ἔτι
455 632 562 673 φύλλοις
590 632 793 661 ὑπαναστέλλειν
807 631 896 672 ἀρχό-

54 687 142 712 μενος
163 686 171 694 ·
190 677 258 705 καλὰ
273 677 300 706 δὲ
322 679 365 706 καὶ
391 677 474 706 τᾶλλα
502 677 612 711 καθεξῆς
628 677 659 702 87
680 679 731 705 τῶν
745 677 846 716 ὡραίων
867 675 898 701 88

55 721 104 752 οἷς
143 722 163 755 ἡ
187 721 243 761 ὥρα
271 725 353 763 τρυφᾷ
386 723 430 750 καὶ
463 729 523 755 ταῖς
564 722 665 751 ἐλπίσιν
694 722 822 762 είῖιφραίνει
851 722 896 749 τὸν

54 765 162 800 Θεατήν
176 767 307 806 γεωργόν.

102 853 179 882 Πολὺ
194 854 227 880 89
241 854 263 883 δ’
280 855 318 883 ἔτι
333 855 441 884 κάλλιον
454 855 487 881 90
514 856 531 890 ἦ
546 856 650 885 πάντων
666 855 831 896 τελεσφορία,
855 857 898 884 καὶ

57 898 90 925 τὸ
121 900 192 938 πρὸς
219 899 386 939 ἐκπλήρωσιν
415 900 491 940 ἔργου
520 900 569 934 τὴν
610 899 770 940 ἐπαγγελίαν
799 900 897 938 ἐλθεῖν,

59 941 130 981 ὅπερ
146 944 224 975 οὗτος
253 945 320 981 ἡμῖν
334 945 348 972 δ
374 946 465 984 καιρὸς
501 948 543 974 νῦν
571 948 718 985 χαρίζεται,
736 948 787 974 Νῦν
806 945 855 985 γὰρ
870 944 896 970 91

59 987 88 1013 αἱ
105 986 157 1023 μὲν
173 987 307 1020 ἁποθῆκαι
333 989 378 1017 τὸν
403 995 490 1028 σττον,
513 991 536 1018 οἱ
561 988 637 1023 ληνοὶ
659 988 689 1014 9a
703 988 730 1017 δὲ
751 991 795 1018 τὸν
811 989 897 1029 οἶνον,

61 1032 108 1058 καὶ
136 1035 188 1064 τὴν
217 1031 302 1065 ἂλλην
330 1036 376 1060 τοῦ
404 1032 478 1065 ἔτους
507 1034 641 1073 εὐετηρίαν
670 1035 683 1062 ὁ
698 1034 839 1074 προσήκων
854 1033 899 1062 δέ-

62 1085 146 1114 χεται
177 1076 270 1112 τόπος,
293 1077 337 1105 καὶ
367 1077 414 1105 οὒκ
439 1076 481 1105 ἔτι
508 1077 743 1117 προσδοκωμένην,
780 1077 840 1106 ἀλλ’
863 1079 899 1110 εἰς

63 1126 166 1159 χεῖρας
183 1119 234 1154 ἤδη
256 1121 453 1161 κατεχομένην,
484 1122 528 1150 καὶ
554 1123 584 1150 τὸ
613 1126 665 1151 τῶν
687 1122 799 1151 ἐλπίδων
813 1123 897 1164 ἀμφί-

64 1163 147 1192 ϐολον
177 1164 293 1204 ἀσφαλεῖ
314 1165 383 1193 τέλει
405 1167 554 1206 κρίνουσαν.
583 1172 635 1197 Νῦν
662 1167 695 1193 95
726 1170 792 1206 ε,μοὺ
819 1170 862 1196 καὶ
885 1169 898 1196 ὁ

66 1208 181 1247 υπείρας
225 1211 312 1249 χαίρει
353 1211 466 1250 Θερίσας,
494 1212 537 1239 καὶ
575 1213 590 1240 ὁ
624 1213 762 1252 φυτεύσας,
790 1213 897 1253 εὖφραί-

65 1263 154 1290 νεται,
191 1255 251 1285 τοὺς
279 1255 392 1294 καρποὺς
422 1258 475 1283 τῶν
504 1255 592 1284 πόνων
632 1256 806 1297 δρεψάμενος.
837 1269 850 1284 ε
869 1253 897 1286 10

69 1298 166 1337 Κύριος
186 1298 266 1327 ἔδωκε
297 1300 480 1339 χρηστότητα,
517 1301 560 1328 καὶ
589 1302 606 1335 ἡ
630 1304 666 1340 γῆ
688 1303 765 1340 ἡμῶν
787 1301 838 1336 ἤδη
854 1303 898 1330 τὸν

67 1343 172 1381 καρπὸν
202 1344 282 1377 αὐτῆς
302 1354 314 1372 ι
357 1343 509 1384 ὁλοκλήρως
524 1344 568 1384 9‘,
607 1347 628 1374 εἰ
663 1348 702 1384 μή
737 1347 762 1374 τί
781 1346 814 1372 95
848 1357 898 1375 που

68 1386 160 1415 τέλεον
175 1387 338 1428 ὑπερήμερον
352 1389 396 1416 καὶ
411 1388 603 1428 ἐκπρόθεσμον.

111 1470 178 1507 ΛΚ’,
214 1479 268 1510 Τῆς
303 1476 329 1506 δὲ
358 1479 388 1506 τὸ
416 1477 483 1507 ἴδιον
510 1479 621 1512 ἐντελῶς
648 1480 814 1521 ἀπεχούσης,
852 1486 898 1512 καὶ

70 1521 85 1548 ὁ
112 1521 219 1560 οὺρανὶς
250 1521 387 1562 ἀναλόγως
413 1523 514 1564 ἆπέχετ
543 1525 574 1552 τὸ
595 1524 698 1565 ἑαυτοῦ,
714 1526 759 1553 τὸν
781 1526 899 1565 οὐράνιόν

71 1576 142 1610 ιρημι
170 1569 260 1594 τοῦτον
291 1568 419 1607 θησαυρὸν
447 1569 492 1597 καὶ
512 1569 653 1608 ὕπέρτιμον
678 1579 685 1586 “
716 1570 744 1597 ὃν
771 1570 898 1610 ἀπολαμ-

72 1607 150 1638 ϐάνον
186 1612 301 1650 σήμερον
329 1612 425 1651 γέγηθε
453 1613 501 1646 τὴν
522 1607 599 1642 αὒτοῠ
642 1613 768 1653 γλυκεῖαν
795 1607 897 1654 ἐλπίδα,

74 1655 122 1687 τὴν
150 1655 269 1695 εὔφορίαν
303 1659 352 1690 τῆς
381 1657 503 1693 κτίσεως,
551 1659 581 1686 τὸ
620 1659 689 1698 μέγα
716 1663 761 1688 νοῦ
800 1661 901 1698 κόσμορι

75 1700 201 1738 γεώργιον
218 1709 225 1716 ·
258 1701 300 1728 καὶ
320 1702 467 1740 θησαυρίζει
503 1703 547 1729 τὸν
588 1702 701 1731 πλοῦτον
736 1704 762 1731 ἐν
795 1705 900 1739 ὰσύὶοις

76 1745 204 1784 ταμείοις,
220 1745 263 1773 καὶ
292 1745 342 1778 τὴν
377 1745 541 1782 εὖδαιμονίιν
566 1753 627 1778 ταῖς
657 1745 722 1786 ἄγαν
751 1747 899 1782 ἔνδοτάτοις

79 1788 254 1817 ἐναποτίθεται
284 1797 291 1804 '
314 1788 470 1828 ἐκλεγεῖσαν
498 1790 546 1827 μὲν
567 1791 603 1822 εἷς
631 1793 732 1831 καιρὸν,
764 1794 831 1831 μετᾶ
851 1795 901 1829 τὴν

77 1833 124 1867 τῆς
138 1834 285 1872 οἰκονομίας
314 1833 355 1859 96Δ
376 1834 576 1874 συμπλήρωσιν,
602 1836 645 1863 καὶ
672 1837 721 1870 τήν
748 1839 901 1875 θαυμαστὴν

77 1878 213 1918 ὑπουργίαν
248 1883 294 1907 τοῦ
336 1879 405 1908 κατὰ
457 1880 570 1919 Χριστὸν
614 1882 758 1921 μυστηρίου
781 1892 787 1899 ·
808 1884 844 1916 ὡς
880 1883 907 1914 δὲ

77 1921 146 1961 θέρος
174 1924 201 1951 εὖ
226 1923 298 1960 μάλα
333 1930 397 1951 πῖον
425 1923 469 1951 καὶ
491 1922 604 1964 εὕσταχυ
638 1923 681 1962 97,
698 1927 742 1954 καὶ
766 1929 813 1961 τῆς
835 1927 905 1967 ὥρας

80 1966 148 2007 ἔχων
163 1967 327 2006 ἐπιτηδείως,
357 1967 384 1996 ἐν
417 1967 485 2007 θέρει
500 1972 732 2008 ¹ςῑυγκομισθετσαν
747 1979 758 1989 '
773 1973 818 2000 καὶ
838 1966 905 2012 πρὸς

80 2012 127 2045 τὴν
160 2013 253 2041 οἰκείαν
288 2013 451 2041 κατάπαυσιν
486 2013 602 2041 ἐντεῦθεν
634 2018 853 2056 μετενεχθετσαν,
876 2018 906 2045 οὗ

83 2057 166 2094 μέντοι
194 2056 226 2081 98
253 2057 371 2090 καθάπαξ
407 2057 602 2098 ἀπενεχθεῖσαν
636 2060 724 2097 ἡμῶν,
754 2060 806 2090 οὐδ’
835 2061 904 2090 ἀπο-

84 2105 176 2130 στᾶσαν
198 2102 232 2133 εἰς
263 2101 339 2133 τέλος
367 2105 420 2130 τῶν
443 2102 502 2130 καθ’
546 2104 629 2140 ἡμὰς,
660 2105 708 2132 κᾶν
731 2105 902 2144 μεθέστηκεν.

86 2145 182 2179 Ἐκείνη
214 2147 264 2186 γὰρ
285 2148 302 2181 ἡ
338 2150 391 2174 τῶν
427 2146 488 2185 τῇδε
517 2151 665 2187 προνοοῦσα
686 2151 729 2178 καὶ
744 2154 800 2187 νῦν,
817 2151 903 2184 ἐκείνη

601 207 642 238 IN
664 207 718 238 SS.
739 205 919 239 DEIPAR/E
940 206 1223 240 DORMITIONEM.

1683 203 1760 238 1110

905 272 1057 304 Adentem
1072 272 1241 310 comitatur,
1257 275 1346 314 atque
1362 281 1421 304 una
1444 272 1580 305 discedit.
1597 272 1634 304 Et.
1645 273 1759 313 jucun-

938 317 1060 348 dissima
1072 317 1193 358 quidem
1219 317 1297 348 inter
1315 316 1385 348 anni
1406 320 1597 358 tempestates
1611 321 1656 348 est
1670 325 1760 349 verna

939 362 1014 402 (quis
1024 371 1188 402 repugnare
1205 361 1282 393 ausit
1295 361 1334 401 ?),
1347 364 1376 392 et
1392 361 1476 392 varia
1487 362 1593 392 ﬂorum
1609 361 1713 401 gratia,
1730 365 1760 392 et

939 405 1064 436 delicata
1080 406 1243 446 plantarum
1260 406 1447 446 germinatio,
1464 409 1493 436 et
1512 415 1651 446 agrorum
1664 415 1760 437 venu-

939 454 1009 487 stas,
1017 460 1051 481 ac
1057 450 1356 488 virescensherba;et
1364 450 1493 491 pulchrae
1499 455 1566 481 sunt
1574 450 1762 482 undabundaa

940 504 993 534 per
1012 504 1098 534 agros
1113 499 1249 534 segetes;
1267 494 1395 526 oblectat
1416 496 1546 536 desuper
1561 500 1590 526 et
1605 495 1688 537 spica
1697 495 1761 535 jam

939 539 1082 570 audacula
1095 549 1267 580 erumpens,
1284 544 1312 571 et
1334 549 1370 571 ex
1396 541 1489 572 calice
1504 541 1592 572 veluti
1607 550 1624 571 e
1639 540 1762 572 matrice

940 584 1023 624 quasi
1038 584 1133 615 infans
1149 585 1293 624 ingenuus
1305 585 1389 624 juxta
1417 589 1504 626 atque
1529 585 1650 625 elegans
1665 585 1695 616 in
1712 586 1761 617 lu-

940 637 1004 659 cem
1017 629 1168 669 prodiens,
1183 638 1217 659 ac
1227 638 1364 660 racemus
1375 629 1468 669 (velut
1480 629 1589 670 primo)
1603 628 1763 661 annuntia-

939 676 995 707 tus,
1013 677 1041 703 et
1059 673 1206 714 incipiens
1221 673 1299 704 foliis
1315 673 1478 704 etiamnum
1492 673 1608 705 tenellis
1619 673 1760 711 suboriri;

938 717 989 748 sed
1007 721 1036 748 et
1051 717 1110 749 alia
1126 718 1232 748 eximia
1247 718 1393 749 venustati
1409 718 1452 749 illi
1477 718 1635 755 accedunt,
1652 718 1762 759 quibus

939 765 1099 802 tempestas
1113 762 1163 792 illa
1179 762 1357 800 luxuriatur,
1370 766 1591 803 etspectantem
1603 762 1763 803 agricolam

939 807 1031 837 multa
1046 815 1098 847 spe
1117 806 1271 838 exhilarat.

980 852 1190 882 Verumtamen
1208 852 1296 882 etiam
1313 853 1400 892 longe
1414 851 1462 882 his
1485 851 1704 892 praecellentior
1719 855 1764 883 est

910 900 929 925 Β
942 895 1092 927 fructuum
1108 896 1239 927 omnium
1256 898 1420 935 maturitas,
1437 901 1466 927 et
1481 900 1562 928 certa
1575 905 1678 928 eorum
1696 905 1762 936 quas

941 941 1197 981 promittebantur,
1214 942 1363 973 assecutio
1378 952 1386 982 ;
1403 941 1482 982 quod
1494 942 1557 973 haec
1573 940 1661 972 modo
1678 940 1764 971 nobis

941 990 1102 1027 tempestas
1117 986 1267 1028 elargitur.
1287 987 1372 1018 Nunc
1383 988 1498 1018 enimet
1509 987 1616 1018 horrea
1628 985 1764 1017 frumen-

942 1035 1015 1071 tum,
1033 1031 1149 1062 etdolia
1161 1032 1273 1070 vinum,
1287 1036 1315 1062 et
1327 1031 1453 1063 idoneus
1464 1031 1590 1072 quisque
1601 1030 1765 1062 locusalios

941 1085 1048 1106 annua:
1064 1075 1202 1106 ubertatis
1230 1080 1388 1116 proventus
1415 1076 1537 1116 excipit,
1568 1084 1679 1116 eosque
1704 1083 1765 1106 non

940 1119 1058 1159 qutdem
1072 1129 1154 1150 mera
1163 1120 1261 1151 adhuc
1276 1120 1306 1151 in
1322 1129 1375 1160 spe
1391 1120 1475 1159 sitos,
1488 1120 1540 1152 sed
1549 1120 1611 1160 jam
1627 1118 1765 1150 manibus

939 1164 1155 1204 apprehensos,
1170 1171 1200 1196 et
1214 1169 1294 1196 certe
1310 1166 1390 1196 exitu
1405 1165 1444 1196 de
1457 1175 1510 1206 spe
1527 1165 1641 1196 incerta
1655 1164 1763 1195 decer-

940 1212 1056 1239 nentes.
1073 1209 1158 1240 Nunc
1176 1209 1286 1249 pariter
1303 1214 1331 1240 et
1357 1209 1409 1250 qui
1435 1210 1633 1240 seminaverat
1648 1213 1764 1240 metens

940 1252 1065 1289 letatur,
1080 1257 1109 1284 et
1129 1253 1180 1294 qui
1201 1254 1381 1294 plantaverat
1390 1253 1525 1285 laborum
1540 1253 1683 1293 colligens
1697 1253 1763 1284 fru—

939 1302 1004 1328 ctus
1015 1298 1150 1330 exsultat.
1162 1298 1311 1330 Dominus
1321 1299 1402 1330 dedit
1411 1298 1762 1339 benignitatem,etterra

940 1346 1045 1373 nostra
1064 1344 1126 1380 iam
1147 1344 1281 1382 fructum
1300 1352 1387 1374 suum
1402 1343 1516 1383 integre
1535 1342 1617 1374 dedit
1626 1342 1650 1383 ιι,
1665 1341 1721 1372 nisi
1738 1341 1765 1373 si

939 1386 1011 1425 quid
1029 1387 1138 1418 alicubi
1154 1391 1270 1427 tempus
1284 1397 1370 1418 suum
1383 1386 1654 1428 praetergrediatur,
1666 1396 1700 1418 ac
1716 1387 1766 1418 de-

940 1430 1033 1462 bitum
1051 1436 1116 1471 post
1133 1431 1328 1472 praestitutum
1344 1432 1423 1464 diem
1440 1433 1544 1463 solvat.

981 1475 1093 1507 XXXII.
1114 1475 1205 1507 Porro
1217 1486 1286 1507 cum
1297 1481 1375 1507 terra
1386 1476 1501 1517 integre
1515 1485 1602 1508 suum
1622 1475 1764 1516 recipiat,

941 1526 1142 1552 consentanee
1158 1525 1188 1552 et
1215 1521 1323 1552 caelum
1353 1522 1432 1562 quod
1461 1530 1547 1552 suum
1577 1524 1622 1552 est
1645 1520 1764 1561 recipit,

940 1565 1091 1596 cmlestem
1107 1566 1197 1604 hunc,
1217 1567 1348 1606 inquam,
1376 1566 1683 1606 preliosissimumque
1698 1566 1766 1597 the-

942 1619 1061 1640 saurum
1082 1619 1193 1650 ;quem
1223 1611 1344 1651 quidem
1376 1610 1522 1642 hodierna
1548 1610 1599 1641 die
1628 1614 1767 1650 tanquam

942 1654 1060 1685 dulcem
1076 1664 1159 1695 spem
1176 1665 1274 1693 suam,
1290 1655 1382 1686 creati
1409 1655 1499 1695 hujus
1526 1654 1659 1686 universi
1674 1654 1768 1685 uber-

942 1702 1030 1729 tatem
1047 1699 1269 1738 praecellentem
1294 1699 1398 1730 mundi
1427 1699 1513 1730 istius
1537 1699 1666 1729 fructum
1689 1697 1769 1729 exci-

942 1743 1027 1783 piens
1040 1744 1146 1783 gaudio
1159 1743 1257 1783 gestit,
1274 1748 1302 1775 et
1312 1744 1401 1775 hasce
1414 1743 1530 1774 divitias
1540 1743 1571 1774 in
1592 1747 1768 1783 promptua-

943 1787 996 1818 riis
1012 1797 1070 1818 non
1086 1788 1253 1828 praedandis
1268 1788 1413 1825 recondit,
1432 1792 1460 1818 et
1474 1788 1646 1819 beatitatem
1656 1787 1768 1818 hancin

942 1832 1113 1864 recessibus
1128 1842 1251 1873 prorsus
1279 1832 1475 1873 penitissimis
1489 1831 1612 1872 deponit
1630 1843 1637 1870 ;
1656 1836 1684 1862 et
1700 1840 1767 1863 eam

947 1881 1113 1917 opportuno
1128 1886 1200 1908 sane
1223 1881 1369 1917 tempore,
1400 1880 1557 1918 postquam
1585 1875 1769 1917 dispensatio

947 1924 1062 1954 scxlicet
1075 1932 1166 1963 opere
1181 1924 1329 1964 completa
1344 1928 1399 1963 est,
1415 1928 1445 1954 et
1458 1922 1667 1954 admirandum
1684 1921 1768 1953 mini~

948 1968 1070 1999 sterium
1081 1978 1166 1999 suum
1179 1969 1243 2009 ipsa
1254 1967 1379 2008 praebuit
1390 1969 1529 2008 mysterio
1550 1967 1659 1999 Christi
1675 1966 1769 2007 (redi-

948 2013 1081 2054 mentis),
1098 2014 1232 2053 decerpit
1249 2023 1257 2051 ;
1273 2021 1434 2052 congruam
1448 2012 1551 2043 itidem
1565 2011 1637 2043 anni
1651 2015 1770 2052 tempe—

946 2063 1050 2090 statem
1060 2060 1233 2096 observans,
1248 2068 1300 2100 per
1310 2063 1454 2097 aestatem,
1467 2059 1577 2100 quippe
1587 2063 1675 2090 aestas
1683 2058 1775 2090 maxi-

947 2113 993 2135 me
1006 2105 1104 2144 opima
1115 2109 1160 2136 est
1170 2108 1362 2144 segetumque
1376 2104 1467 2142 ferax,
1481 2104 1617 2135 eamdem
1632 2103 1744 2143 colligit
1762 2113 1769 2141 ;

946 2152 975 2179 et
990 2148 1059 2179 licet
1072 2149 1142 2180 hinc
1159 2158 1223 2180 eam
1239 2148 1277 2180 ad
1294 2147 1519 2189 tranquillitatis
1540 2148 1668 2189 propria;
1682 2147 1771 2178 sedes

85 2192 126 2219 καὶ
151 2189 278 2231 βραϐεύει,
301 2192 345 2219 καὶ
379 2191 462 2231 φέρει,
486 2192 529 2219 καὶ
559 2201 684 2233 συντηρεϊ
707 2195 739 2223 τὰ
751 2195 867 2234 ἡμέτερα
890 2206 898 2214 ·

980 2193 1112 2231 insterat,
1129 2203 1189 2224 non
1204 2193 1322 2234 penitus
1338 2197 1437 2224 tamen
1463 2191 1550 2224 nobis
1564 2192 1647 2223 illam
1662 2191 1768 2230 aufert,

86 2234 180 2268 ἒκοίνης
216 2235 290 2276 ἔργον
319 2237 362 2264 καὶ
383 2235 465 2275 δῶρον
486 2237 504 2270 ἡ
529 2237 635 2275 εὐνομία
661 2243 714 2267 τῶν
742 2239 857 2277 πόλεων,
883 2242 899 2274 ἡ

983 2247 1052 2278 que,
1070 2245 1223 2278 utcunque
1249 2237 1344 2278 ipsam
1374 2241 1521 2278 amoveat,
1549 2237 1588 2268 ab
1619 2236 1656 2268 iis
1671 2240 1771 2269 tamen

87 2281 131 2316 τῆς
157 2281 310 2320 οἰκουμένης
346 2282 449 2321 εἰρήνη,
478 2283 530 2309 τῶν
559 2281 708 2316 ἐκκλησιῶν
736 2286 753 2319 ἡ
780 2286 900 2325 ὁμόνοια,

87 2330 135 2356 τῶν
168 2327 305 2366 σκήπτρων
335 2327 352 2360 ἡ
374 2325 521 2363 δυναστεία,
558 2330 610 2355 τῶν
632 2329 814 2368 στρατοπέδων
840 2330 872 2355 99
885 2331 903 2364 ἡ

89 2373 196 2412 εὖτυχία,
218 2373 235 2406 ἡ
257 2374 309 2400 τῶν
331 2371 448 2408 πάντων,
465 2372 501 2399 ὦν
524 2370 633 2411 ἔχομεν,
656 2374 746 2403 καλῶν
762 2376 880 2415 χαρηγία
898 2386 904 2392 ’

90 2417 120 2445 δι’
132 2416 226 2450 ἐκείνην
242 2427 255 2444 α
281 2416 324 2444 καὶ
352 2419 439 2453 ζῶμεν
453 2416 497 2444 καὶ
524 2417 663 2455 κινούμεθα
686 2421 730 2448 καὶ
757 2420 836 2458 ἐσμὲν
860 2429 867 2435 '
887 2432 899 2447 ο

91 2460 120 2490 δι’
151 2461 242 2490 ἐκεὶνεν
270 2461 427 2498 πιστεύομεν
478 2461 521 2488 καὶ
557 2461 680 2496 θανόντες
709 2465 737 2492 εὖ
766 2463 830 2498 ἕξειν
859 2465 892 2492 ἐπ

92 2505 269 2547 χρηστοτέραις
304 2505 406 2533 ἐλπίσιν
431 2503 530 2533 ἐνθένδε
559 2512 776 2548 μεταχωροῦντες
805 2509 828 2540 ί,
859 2507 903 2538 xxi.

92 2550 217 2580 συνελόντα
231 2549 248 2575 ³
268 2549 445 2590 φάναι,⁷;παρ’
481 2549 560 2584 αὐτῆς
588 2552 717 2583 κάνταῦθα
742 2554 850 2583 κάκεῖσε
872 2555 904 2582 τὰ

130 2641 226 2673 ιιΡεσι.
240 2648 364 2678 Lxxxw,
382 2639 432 2672 13.

946 2292 1011 2324 quae
1025 2283 1062 2313 ad
1078 2292 1132 2314 nos
1147 2282 1307 2323 pertinent,
1320 2282 1371 2314 illa
1382 2282 1504 2313 omnino
1517 2282 1694 2322 digreditur.
1705 2282 1773 2320 ipsa

947 2327 1027 2359 enim
1044 2328 1226 2359 terrestrium
1242 2328 1345 2358 horum
1362 2326 1524 2358 etiamnum
1551 2336 1652 2358 curam
1669 2326 1746 2366 gerit
1762 2335 1771 2364 ;

949 2373 1013 2413 ipsa
1028 2382 1078 2404 res
1093 2377 1207 2404 nostras
1234 2376 1262 2403 et
1291 2371 1474 2410 moderatur,
1507 2375 1536 2402 et
1563 2375 1726 2412 promovet,
1744 2374 1774 2402 et

950 2421 1103 2448 conservat
1116 2429 1123 2455 ς
1140 2417 1233 2458 ipsius
1260 2426 1334 2457 opus
1356 2425 1390 2447 ac
1405 2416 1516 2447 donum
1531 2420 1577 2448 est
1588 2416 1657 2446 felix
1672 2415 1774 2456 reipu-

946 2462 1031 2493 blicae
1045 2462 1192 2500 regimen,
1210 2466 1298 2493 terrae
1311 2461 1459 2492 universae
1485 2469 1552 2501 pax,
1568 2459 1771 2492 Ecclesiarum

947 2507 1118 2547 concordia,
1135 2510 1320 2547 sceptrorum
1332 2505 1476 2546 potentia,
1501 2513 1644 2546 prospera
1660 2504 1775 2536 exerci-

946 2558 1031 2584 tuum
1046 2551 1175 2592 fortuna,
1204 2550 1338 2582 omnium
1367 2559 1434 2592 quae
1463 2549 1608 2582 habemus
1623 2548 1770 2581 bonorum

803 2707 898 2739 Varie
913 2707 1069 2740 lectiones.

132 2797 159 2843 §3
170 2797 255 2843 Laur.
271 2798 402 2843 βότρυσιν.
445 2796 477 2821 87
491 2795 550 2843 καθ’
564 2796 636 2830 ἑξῆς,
678 2797 802 2843 88_Lam-
815 2797 907 2838 ὁρέων,

951 2797 983 2822 89
1007 2797 1091 2834 Quod
1115 2799 1252 2838 superius
1279 2796 1451 2838 Vaticanus,
1477 2797 1534 2828 hoc
1550 2796 1615 2838 loco
1630 2794 1773 2838 baucent.

99 2838 155 2886 cod.
170 2837 202 2886 ad
217 2846 309 2886 marg.
321 2835 433 2868 habet:
449 2838 507 2886 περὶ
528 2840 680 2886 123131905
693 2838 740 2886 τῇς
755 2835 899 2886 κοιμήσεως

980 2838 994 2863 θ
1010 2839 1101 2886 Laur:
1111 2835 1214 2886 κάλων..
1300 2839 1386 2886 L_aur.
1403 2835 1450 2886 νῦν
1470 2837 1518 2875 μὲν
1533 2837 1594 2886 γάρ.
1637 2835 1668 2886 2:
1683 2835 1772 2886 Paur.

99 2881 121 2907 ad.
134 2879 199 2908 λινοί.
241 2877 272 2902 95
287 2878 372 2908 Laur.
391 2882 434 2906 νῦν
446 2878 504 2915 μέν.

98 2918 193 2959 ἔτι-ταχυ.
234 2917 267 2942 98
281 2918 364 2948 Laur.
384 2917 432 2956 μέν
447 2929 484 2948 τι.
525 2917 558 2942 99
572 2919 657 2950 Laur.
675 2917 882 2959 στρατοπαίδων.

547 2876 580 2919 94
600 2876 687 2909 Laur.
704 2878 875 2919 ὁλοχλήρως.

980 2887 1053 2910 .aur.
1076 2877 1160 2910 abest
1182 2880 1218 2909 τί.
1260 2878 1292 2905 96
1315 2879 1404 2919 Laur.
1417 2876 1668 2919 oixovopotatc.u97
1682 2876 1772 2908 Laur.

927 2919 935 2941 ί
952 2918 1039 2951 Laur.
1058 2924 1279 2960 μεταχοροῦντις.
1322 2919 1336 2941 ²
1352 2917 1414 2951 Vat.
1439 2917 1580 2948 συνελόντα
1601 2916 1640 2948 δέ.
