1950 3083
128 151 208 183 1115
741 153 898 185 JOANNIS

1070 152 1207 186 TENSIS
1744 156 1756 189 1
1768 155 1840 189 116

128 221 238 258 studet,
255 222 377 253 eximiae
393 221 539 253 bonitatis
555 230 679 262 equum,
695 226 723 253 et
744 221 918 262 nuperrime
932 230 1027 253 cursu
1041 224 1198 262 victorem,
1214 222 1343 254 libenter
1358 222 1407 254 illi
1419 232 1453 255 se
1466 223 1651 256 donaturum
1664 224 1839 265 professus

129 270 181 303 est,
198 275 284 306 quem
295 267 379 306 gleba
395 267 427 298 in
443 267 703 307 confertissimum
718 266 850 298 militum
865 266 989 306 globum
1003 267 1232 299 conniventibus
1245 268 1340 298 oculis
1356 269 1465 299 emissa
1481 269 1608 307 fortuito
1623 272 1838 309 contingeret.

129 312 246 352 Anceps
262 311 380 352 quidem
398 313 455 343 ista
470 316 497 343 et
511 311 600 352 plena
614 311 746 352 periculi
759 312 890 348 sortitio,
901 321 967 352 qute
990 316 1091 343 tamen
1113 312 1263 344 hominem
1288 322 1348 344 non
1371 313 1490 353 fefellit,
1507 317 1606 353 utpote
1621 323 1707 353 quem
1724 315 1839 355 Cyrus

130 355 171 386 ad
185 365 250 386 eam
265 357 415 388 exercitus
429 357 480 388 sui
491 361 607 397 partem
623 360 817 394 converterit,
834 357 866 387 in
880 365 973 397 quam
1001 358 1028 387 si
1052 357 1100 388 vel
1114 357 1226 388 clausis
1238 357 1333 389 oculis
1348 358 1540 396 collimasset,
1556 367 1575 390 a
1591 360 1657 390 viro
1669 359 1743 398 forti
1758 368 1834 390 non

129 405 229 441 posset
244 401 397 433 aberrare.
417 401 503 439 Quod
516 404 544 432 si
569 410 624 442 ego
651 401 794 432 similiter
815 401 947 441 fortuna:
970 401 1068 432 aleam
1093 403 1223 440 experiri
1247 403 1423 442 (prasertim
1437 404 1470 434 in
1486 407 1546 434 tam
1562 404 1643 434 mira
1666 404 1834 443 paucitate

129 454 234 476 earum
251 446 304 486 qui
319 447 377 477 ista
392 455 432 477 ex
446 447 551 478 animo
565 451 686 483 curant,
715 449 805 486 atque
824 446 1048 486 amplexantur)
1073 446 1220 486 illumque
1240 447 1311 478 huic
1338 448 1462 480 advena:
1489 452 1657 488 patronum
1671 450 1832 489 adoptare

129 489 235 521 vellem
251 499 340 530 quem
355 499 443 522 casus
457 491 622 530 obtulisset,
647 491 816 531 periculum
836 491 902 530 fore
917 491 1047 531 videtur,
1066 501 1103 522 ne
1118 492 1215 522 nihilo
1232 493 1329 524 tut-ius
1342 492 1503 533 hospitium
1518 494 1614 525 eidem
1636 494 1829 533 obtingeret,

130 544 224 575 quam
240 536 414 572 hirundini,
431 545 521 576 quam
538 535 683 567 Archaias
697 536 731 566 in
748 537 851 566 erco
866 536 1083 576 epigrammate
1093 536 1148 567 sub
1163 537 1274 568 Medea:
1285 541 1386 568 statua
1398 538 1602 577 nidi/icantem
1615 539 1699 577 facit,
1717 542 1746 569 et
1758 539 1831 569 hu-

130 583 308 611 manitatem
324 590 397 621 erga
409 582 587 621 peregrinos
602 581 674 612 inde
689 581 747 612 sibi
766 580 969 620 pollicentem,
995 581 1048 611 ubi
1075 585 1161 611 tanta
1186 582 1217 612 in
1241 582 1419 614 domesticos
1442 587 1535 622 atque
1560 584 1832 621 ronjunctissimos

130 626 292 656 exstitisset
309 627 497 657 immanitas.
514 626 548 658 Si
561 635 628 657 vero
643 625 690 657 vel
705 625 861 656 tantillum
879 624 960 665 apud
974 634 1021 656 me
1035 628 1166 666 cogitare
1178 625 1279 663 velim,
1298 636 1357 658 non
1372 629 1430 658 erit
1446 628 1579 658 arduum
1595 628 1755 668 dispicere,
1774 628 1834 658 cui

130 671 319 710 potissimum
335 670 400 710 hoc,
418 671 564 710 quidquid
578 675 622 702 est
636 671 731 711 prisci
744 671 857 711 operis.
874 679 1050 710 nuncupare
1064 672 1200 702 debeam.
1218 673 1260 703 Tu
1274 674 1355 703 enim
1371 674 1635 712 (reoerendisnme
1651 673 1755 713 Pater)
1771 674 1835 713 qui

131 724 214 746 nunc
225 714 346 754 publica
361 715 502 746 Ecclesiae
518 715 592 746 bono
606 716 736 754 feliciter
748 716 901 755 prospiciet

1063 715 1160 755 ἐρείδεις
1179 718 1226 745 οὒκ
1241 717 1384 756 εὖάγκαιλον
1399 719 1490 758 βάρος,
1509 722 1553 758 ια,
1563 719 1702 758 inquam,
1717 719 1833 749 statim

131 760 275 796 occurris,
293 764 322 790 et
348 762 450 791 animo
474 761 643 791 obcersaris
668 769 757 791 meo:
788 760 827 791 ad
853 769 941 800 quem
964 769 1033 790 cum
1057 761 1223 799 Gregorius
1247 762 1432 800 nuperrime,
1456 766 1490 793 ut
1504 763 1621 799 debuit,
1647 762 1830 799 dinerlerit,

132 813 252 844 mentum
267 805 403 844 profecto
417 808 459 836 est
475 809 506 836 ut
522 809 623 836 noster
637 805 686 836 hic
699 805 841 841 Joannes,
858 805 911 844 qui
936 808 964 835 et
986 804 1059 835 olim
1083 805 1239 836 diwcesws
1255 806 1597 846 Constantinopolitante
1610 808 1680 846 fuit.
1699 811 1727 838 et
1741 815 1833 838 nunc

131 849 238 880 iisdem
254 851 338 890 typis
362 859 493 881 excusas
514 850 625 890 prodit,
659 850 1032 890 Constantinopolitanum
1051 849 1275 890 patriai-chum.
1300 855 1328 882 et
1356 852 1512 882 dominum
1539 861 1625 882 suum
1647 854 1828 890 comitetur,

133 895 255 933 eiusque
270 895 397 935 vestigia
412 895 545 926 studiose
560 894 705 926 observet.
721 894 806 932 Quod
822 894 940 933 quidem
956 897 989 924 ut
1004 894 1154 925 commode
1163 895 1266 934 facere
1276 896 1380 935 possit,
1396 895 1452 927 tibi
1466 895 1624 927 humiliter
1637 896 1827 936 supplicare,

133 941 172 978 et,
185 939 241 969 sub
256 939 303 969 iui
316 940 449 970 nominis
465 940 621 979 auspiciis,
637 940 669 969 in
681 939 834 979 publicum
847 938 1033 978 prodeundi,
1048 938 1199 970 desiderio
1213 940 1343 979 miriﬁce
1356 941 1468 980 gestire
1470 940 1652 980 jamdudum
1666 941 1750 971 visus
1764 944 1830 971 est:

134 987 296 1023 exactaque
311 984 379 1023 jam
402 985 468 1023 fere
483 988 650 1020 menstruo,
666 987 733 1023 post
747 983 921 1014 absolutum
936 983 1132 1023 Gregorium,
1148 985 1258 1024 spatio,
1275 985 1357 1015 velut
1373 994 1486 1016 exosus
1499 984 1650 1025 longiores
1664 984 1718 1016 sub
1731 984 1832 1025 prcelo

132 1036 249 1065 moras,
266 1037 349 1059 nunc
363 1028 497 1068 denique
512 1029 543 1056 τὰ
559 1028 641 1066 δεσμὰ
656 1028 735 1067 ῥήξας
751 1029 865 1067 κροαίνει
879 1039 902 1056 κε

1058 1041 1076 1064 ι,
1103 1032 1131 1058 et
1156 1033 1297 1060 contento
1324 1038 1414 1060 cursu
1428 1030 1468 1060 ad
1482 1038 1569 1060 suum
1585 1029 1692 1068 fertur
1706 1029 1828 1068 Grego-

132 1073 226 1103 rium.
243 1072 283 1104 Et
297 1074 420 1112 feratur
435 1082 521 1109 sane,
538 1074 626 1112 idque
640 1073 739 1104 studio
755 1081 846 1112 quam
871 1074 1006 1103 maxime
1030 1071 1101 1102 velit
1118 1073 1275 1112 impotenti
1288 1077 1378 1113 atque
1401 1074 1560 1113 effrenato,
1585 1075 1670 1104 modo
1695 1074 1783 1113 prius
1798 1077 1832 1104 et

129 1118 216 1155 grati
231 1118 332 1148 animi
347 1118 540 1149 testimonum
556 1119 593 1149 de
607 1120 719 1158 seipse,
736 1121 763 1148 et
779 1118 924 1148 restituta:
938 1116 998 1147 sibi
1013 1125 1094 1147 nunc
1107 1117 1235 1156 denique
1261 1119 1342 1155 vitte,
1359 1119 1396 1149 de
1410 1119 1532 1149 domino
1546 1118 1679 1149 Henrico
1693 1118 1828 1155 Sat-ilio,

132 1163 201 1193 viro
214 1162 432 1199 illustrissimo,
449 1167 478 1193 et
493 1164 533 1194 ad
545 1163 760 1203 propagondas
776 1163 896 1193 litteras
911 1165 997 1198 nato,
1013 1162 1186 1200 perhibent:
1200 1171 1254 1202 per
1267 1171 1355 1202 quem
1370 1172 1466 1194 unum
1481 1164 1596 1194 stetisse
1611 1163 1742 1199 videtur,
1754 1172 1832 1203 quo-

134 1207 234 1238 minus
248 1207 321 1238 huic
333 1207 449 1238 misello
465 1211 495 1238 in
513 1208 642 1239 tenebris
655 1210 797 1248 perpetuo
814 1206 1063 1237 obdormiendum
1078 1211 1161 1237 esset.
1179 1207 1282 1248 Neque
1297 1209 1378 1239 enim
1402 1208 1582 1248 sperandum
1603 1217 1739 1247 unquam
1753 1209 1826 1245 luit,

135 1255 169 1282 ut
184 1251 262 1282 hanc
275 1253 410 1292 gratiam
427 1255 604 1292 impetraret
618 1254 689 1293 ππρὰ
703 1256 756 1281 τὼν
770 1251 832 1291 πιρ*
857 1253 905 1289 ip:

1071 1253 1119 1284 τῆς
1148 1251 1269 1290 ἐργισίας
1299 1254 1512 1292 προεστηκότων,
1539 1261 1669 1292 quorum
1684 1252 1828 1292 plerique

136 1297 234 1327 Graeci
247 1297 380 1328 hominis
395 1297 526 1338 artiﬁcio
539 1298 666 1328 minime
681 1299 853 1336 capiuntur,
869 1296 924 1327 sed
932 1295 987 1326 illa
994 1296 1098 1336 potius
1110 1297 1324 1336 amplexantur
1336 1306 1402 1337 qua:
1411 1298 1554 1328 Mercurii
1565 1297 1828 1336 mstitoris,quam

133 1340 266 1373 Saturni
280 1343 354 1380 fano
367 1343 488 1382 aptiora
503 1343 698 1374 videbuntur.
717 1341 912 1381 Quanquam,
929 1349 990 1371 non
1014 1344 1074 1371 tam
1095 1341 1283 1372 vehementer
1297 1341 1368 1372 huic
1382 1342 1589 1382 exoptandum
1605 1349 1737 1381 unquam
1752 1341 1825 1380 fuit,

132 1389 165 1417 ut
180 1389 259 1426 typis
273 1386 476 1427 eoulgaretur,
494 1390 596 1427 utpote
610 1388 664 1426 qui
678 1386 724 1418 vel
738 1386 932 1416 otiosissimis
947 1385 1040 1415 etiam
1062 1385 1297 1416 vanis-simorum
1312 1385 1468 1417 hominum
1484 1387 1605 1425 scriptis
1618 1389 1756 1426 pateant,
1771 1394 1824 1416 ne-

135 1439 190 1470 que
205 1431 303 1461 lucem
316 1434 382 1470 post
394 1432 556 1462 diuturnas
573 1431 708 1462 tenebras
721 1431 857 1470 aspicere
872 1434 934 1460 tam
951 1430 1123 1469 jucundum
1138 1432 1268 1470 putavit,
1296 1439 1385 1471 quam
1411 1431 1607 1470 honorificum
1620 1435 1647 1461 et
1659 1431 1826 1470 gloriosum

135 1484 202 1506 cum
217 1476 335 1506 sanctis
349 1475 428 1507 hisce
443 1476 591 1507 Pati-ibus
604 1475 746 1507 nascendi
760 1475 899 1506 societate
913 1475 1066 1514 conjungi.
1084 1474 1121 1505 In
1135 1475 1189 1506 hoc
1203 1484 1274 1506 vero
1294 1476 1445 1515 praecipue
1459 1475 1592 1506 earsultal
1608 1479 1638 1506 et
1657 1475 1827 1514 triumphat

133 1521 222 1551 serio.
239 1524 265 1551 et
282 1520 493 1559 Chrysostomo
507 1524 571 1560 post
587 1521 712 1561 aliquod
729 1524 845 1560 tempus
860 1520 892 1550 in
905 1518 1059 1559 publicum
1085 1529 1270 1559 processuro,
1294 1520 1422 1560 ofﬁcioso
1435 1529 1624 1561 pracurrere
1637 1521 1736 1560 gestit,
1753 1528 1824 1550 car-

135 1564 330 1604 minibusque
346 1565 377 1595 in
394 1565 526 1603 ejusdem
551 1565 693 1596 honorem
714 1565 780 1605 jam
805 1564 878 1594 olim
902 1565 1085 1604 compositis,
1111 1568 1202 1605 quasi
1225 1565 1341 1596 torollis
1365 1566 1544 1605 quibusdam
1558 1564 1743 1604 [laribusque
1757 1565 1824 1595 vias

135 1614 336 1640 consternere.
355 1609 442 1640 llunc
455 1619 528 1641 sane
543 1613 661 1641 tantum
676 1609 819 1641 honorem
835 1611 955 1649 egregio
972 1609 1022 1640 illi
1037 1610 1101 1640 viro
1125 1614 1278 1650 act-cptum
1295 1611 1402 1649 refert,
1416 1611 1502 1649 cuius
1517 1609 1659 1648 beneficio
1674 1608 1775 1645 habet,
1791 1613 1825 1639 ut

135 1654 231 1684 nobili
244 1654 298 1685 hoc
311 1655 402 1694 prcelo
417 1654 631 1693 cohonestetur,
650 1654 748 1692 Quem
773 1654 895 1694 quidem
918 1662 950 1695 se
971 1653 1105 1684 humana
1128 1663 1199 1686 voce
1225 1655 1316 1694 aﬂ‘ari
1339 1659 1447 1695 posset,
1471 1653 1690 1693 proculdubio,
1705 1656 1737 1683 in
1752 1652 1826 1683 illas

137 1699 248 1738 tragici
261 1703 357 1739 poetae
372 1708 457 1730 voces
470 1703 649 1740 erumperet,
666 1699 743 1733 Ζηλῶ
758 1699 788 1737 γέ
802 1710 849 1727 σου
864 1699 907 1736 pix

1060 1695 1184 1730 Ἑλλάδος
1198 1699 1229 1727 δά
1244 1710 1284 1730 σε,
1302 1694 1416 1730 Ctetera
1427 1707 1495 1730 vero
1507 1701 1680 1738 omniaun
1691 1698 1723 1728 in
1735 1698 1825 1728 istum

136 1743 243 1774 cadere
255 1749 379 1783 possunt
394 1749 574 1775 ornamenta
600 1744 859 1775 reverendissimaz
873 1743 1054 1783 paternilali
1064 1747 1170 1774 vestra
1185 1743 1307 1774 debebit.
1325 1743 1415 1774 Ilunc
1429 1745 1509 1774 enim
1526 1743 1676 1774 hominem
1691 1744 1827 1781 ignotum

134 1789 168 1819 in
183 1788 353 1820 clientelam
367 1793 451 1820 tuam
473 1789 630 1820 humiliter
643 1798 675 1820 se
687 1789 904 1827 conferentem,
922 1791 954 1818 ut
968 1795 1067 1827 spero.
1084 1797 1144 1818 non
1171 1788 1394 1826 asperiiabeiis,
1419 1796 1515 1827 neque
1529 1786 1630 1818 divilli
1641 1787 1723 1817 sines
1738 1794 1757 1817 a
1771 1795 1824 1817 suo

138 1833 297 1874 Gregorio,
313 1836 364 1874 qui
379 1835 450 1865 huic
464 1837 565 1865 nostra
580 1833 694 1864 .loanni
708 1842 827 1873 semper
842 1833 908 1864 visu

1055 1843 1101 1872 περ
1130 1831 1155 1865 ἐξ
1183 1834 1292 1872 οὗρινοῦ
1313 1834 1469 1872 προκύπτω-ι
1499 1832 1665 1872 ψθέγγεσθχι.
1682 1831 1730 1861 Ita
1745 1831 1825 1861 enim

134 1879 196 1917 ipse
211 1878 345 1918 loquitur
360 1882 392 1910 in
409 1879 548 1910 oratione
563 1879 706 1919 quadam,
721 1887 813 1917 quam
838 1879 871 1908 in
897 1876 1072 1908 bibliotheca
1096 1885 1152 1908 sua
1178 1881 1277 1908 servat
1294 1877 1434 1908 dominus
1460 1876 1612 1912 Savilius,
1627 1884 1683 1906 suo
1698 1879 1826 1916 tempore

136 1924 234 1954 lucem
249 1927 452 1963 aspecturam.
469 1924 508 1955 Et
523 1933 596 1955 sane
611 1924 658 1954 vel
668 1924 734 1954 solo
751 1926 843 1954 tanta;
857 1921 981 1962 pietatis
995 1921 1119 1952 nomine
1141 1921 1266 1961 dignum
1289 1923 1370 1953 hunc
1384 1924 1553 1962 putaverim
1566 1920 1738 1961 patrocinio
1753 1923 1803 1951 tuo
1818 1931 1823 1950 :

135 1976 197 1998 non
213 1968 292 2008 quod
308 1968 453 2007 pusillum
480 1969 561 1999 hunc
574 1967 780 2008 ἰαμϐειογράφον
795 1975 864 1997 eum
891 1975 952 1997 esse
976 1974 1113 2006 unquam
1138 1966 1328 2004 crediderim,
1357 1966 1411 2006 qui
1424 1966 1494 2006 pari
1506 1973 1605 2006 passu
1620 1973 1690 1995 cum
1701 1965 1826 1995 summis

136 2012 280 2044 Ecclesia:
294 2013 461 2044 luminibus
476 2013 568 2052 possit
586 2012 722 2043 incidere
738 2021 747 2041 .-
764 2011 838 2051 quid
846 2011 928 2042 enim
945 2014 1031 2041 tanta
1046 2010 1184 2041 vecordia
1205 2014 1304 2050 posset
1319 2019 1381 2042 esse
1395 2009 1572 2049 furiosius?
1587 2008 1652 2039 lmo
1667 2017 1737 2040 vero
1751 2008 1826 2040 absit

137 2060 171 2088 ut
185 2066 250 2096 ego.
265 2062 413 2098 quantum
429 2058 500 2088 huic
513 2058 629 2089 homini
643 2056 848 2088 tribuendum.
867 2059 919 2086 aut
939 2055 973 2086 in
987 2064 1048 2095 qua
1063 2055 1182 2086 demum
1199 2054 1293 2086 classe
1306 2054 1469 2086 censendus
1482 2057 1531 2087 sit.
1547 2053 1714 2093 deﬁniendi
1726 2056 1824 2098 potes-

137 2105 230 2132 tatem
247 2097 322 2133 mihi
335 2111 488 2141 arrogem.
507 2103 608 2134 Liceat
625 2103 749 2142 impune
765 2100 836 2132 aliis
855 2100 907 2128 ἑλλς

1055 2101 1153 2132 λαυτοὺς
1168 2100 1224 2128 ἀντὶ
1238 2102 1338 2128 θεατῶν
1351 2101 1495 2136 ποιεῖσθαι,
1513 2103 1569 2129 aut
1581 2101 1682 2138 potius
1691 2097 1825 2136 judicent

137 2149 161 2175 οἱ
175 2148 207 2176 τὰ
221 2150 270 2181 τῆς
288 2143 411 2181 Ἐλλάδοτ,
431 2147 553 2187 γλώττης
579 2147 831 2186 σδγκεκροτημένοι.
858 2144 907 2176 SCt

1053 2153 1130 2184 nam
1146 2145 1238 2184 factle
1252 2144 1433 2176 crediderim
1448 2144 1518 2184 ﬁeri
1531 2151 1615 2183 posse
1628 2146 1664 2173 ut
1678 2142 1728 2173 hic
1740 2150 1822 2182 quem

138 2201 188 2231 ego
203 2191 292 2224 valde
303 2191 409 2233 probo,
427 2192 492 2224 illis
507 2201 568 2224 non
581 2191 707 2232 perinde
720 2191 837 2232 placeat
853 2201 861 2227 ;

1063 2230 1086 2258 οἱ
1103 2230 1152 2269 γὰρ
1167 2230 1194 2258 ἐν
1209 2236 1303 2270 σοφοῖς

730 2271 829 2300 Φκῧλοι
844 2275 907 2309 ’παρ’
921 2269 999 2310 ὄχλῳ
1014 2270 1202 2309 μουσικώτεροι
1217 2269 1300 2309 λέΫει’

142 2321 192 2358 (ut
205 2319 334 2360 pulchre
348 2318 513 2360 Euripides
528 2320 560 2350 in
576 2317 758 2388 Hippolytq),
775 2322 874 2348 tamen
890 2320 918 2349 et
933 2316 1042 2347 horum
1063 2316 1156 2347 etiam
1179 2315 1297 2347 calculo
1311 2315 1392 2347 hunc
1406 2315 1627 2355 comprobatum
1643 2313 1686 2360 iri
1701 2313 1822 2359 conﬁdo.

142 2359 238 2388 Daem
253 2359 374 2388 cuidem
388 2363 422 2388 ut
437 2360 549 2388 minori
563 2368 631 2388 cum
648 2359 718 2388 fasti
740 2361 770 2388 io
794 2359 909 2388 possint
932 2358 1078 2388 aspicere.
1105 2355 1207 2387 Graece
1233 2355 1421 2387 solummodo
1444 2355 1652 2386 excutiendum
1663 2353 1822 2388 Jndicaot:

140 2353 238 2398 Quem
253 2359 374 2399 quidem
388 2353 549 2391 ut'minori
563 2353 770 2397 cum'fas'tidio
794 2359 909 2397 possint
932 2355 1207 2399 aspicere._Gr_¢ece
1233 2355 1421 2399 solummodo
1434 2353 1652 2399 _e.'ccud_endum
1663 2353 1822 2399 judicaoi:

139 2395 237 2440 neque
252 2395 353 2431 instar
372 2399 539 2440 Virgiliuni
551 2395 700 2440 Mezentii
713 2395 908 2440 exsangueet
919 2395 1062 2440 putidum
1081 2397 1199 2440 Latium
1214 2397 1363 2440 versionis
1384 2395 1511 2440 cadaver
1528 2396 1631 2440 Gra’co
1646 2397 1742 2433 p0etaz
1757 2396 1825 2440 ani-

140 2433 222 2472 mtito
237 2444 265 2471 et
280 2439 381 2471 vivido
396 2433 524 2480 alligare
538 2439 672 2471 sustinui
689 2449 696 2467 :
713 2439 793 2480 quod
807 2433 927 2478 quidem
942 2438 1016 2480 dum,
1029 2436 1150 2475 faciunt
1163 2436 1483 2480 nonnulliproesertim
1500 2436 1532 2480 in
1546 2435 1652 2480 poetis,
1664 2433 1823 2480 verendum

141 2485 183 2512 est
197 2489 247 2518 ne,
264 2484 298 2511 ut
311 2479 432 2520 quidam
448 2474 463 2511 ἓ
477 2474 726 2520 υειενῐῡαελωηί
743 2474 843 2520 ignem
858 2474 1032 2520 cremandis
1047 2480 1237 2520 mortuorum
1253 2474 1451 2520 cadaveribus
1462 2475 1559 2515 pollui
1572 2474 1717 2520 crederet,
1726 2475 1823 2520 gravi-

141 2525 188 2552 ter
201 2513 366 2552 commotus
388 2520 598 2552 Prometheum
612 2513 652 2550 ad
666 2513 923 2559 otiem'fereiidam
939 2517 1295 2559 advocasseqperhibetur,
1310 2520 1346 2559 ut
1359 2513 1562 2559 ignemquem
1575 2515 1612 2559 de
1626 2513 1698 2559 callo
1712 2515 1822 2559 clepse-

140 2563 203 2601 rat,
214 2562 284 2601 pari
297 2562 380 2601 furto
395 2560 573 2592 mortalibus
588 2561 624 2595 (si
638 2553 746 2601 posset)
761 2553 953 2601 subduceret»:
971 2553 1168 2601 consimiliter
1177 2560 1271 2601 etiam
1279 2553 1406 2601 exsistat
1417 2553 1540 2601 aliquis,
1556 2553 1822 2601 quitypographisj

140 2596 329 2643 inveniarem
346 2601 472 2643 subinde
486 2596 810 2643 inclamar'e_velit_,_ut_
821 2598 999 2643 bene/icium
1010 2597 1070 2643 hoc
1083 2598 1231 2643 suum_ad_
1242 2606 1315 2643 usus
1339 2596 1483 2643 indignos
1498 2596 1671 2643 traductum
1692 2598 1822 2642 reposcat

141 2641 210 2681 sibi,
223 2646 250 2674 et
264 2641 372 2673 saltem
387 2641 428 2672 ad
442 2645 556 2681 tempus
571 2641 717 2681 retrahat.
734 2639 810 2681 Mihi
825 2636 900 2670 vero
909 2638 962 2681 hoc
974 2638 1070 2681 solum
1084 2638 1198 2677 negotii
1211 2637 1284 2681 dari
1297 2636 1626 2681 credidi,_ut_codicem
1641 2643 1751 2671 meum,
1767 2637 1821 2681 im-

137 2677 365 2723 peditissimum
384 2681 473 2713 illum
488 2677 620 2723 quidem,
641 2684 670 2712 et
685 2680 773 2723 longe
787 2679 1084 2723 depravatissimurn,
1107 2687 1126 2708 a
1140 2678 1271 2715 mendis,
1302 2677 1403 2718 quoad
1416 2677 1492 2723 ﬂeri
1506 2679 1614 2716 potest,
1629 2678 1820 2723 repurgatum

142 2715 305 2754 exhibeam
321 2733 332 2759 ,-
346 2725 380 2753 in
396 2731 455 2762 quo
474 2715 502 2752 si
517 2721 573 2752 tibi
587 2715 852 2762 (reverendissime
865 2715 1211 2762 archiprtzsul_'operam
1234 2715 1341 2762 meam,
1356 2716 1540 2762 probavero,
1556 2724 1603 2746 me
1611 2717 1759 2762 universo
1773 2715 1821 2746 hoc

141 2766 258 2803 negotio
270 2755 443 2803 plenissime
457 2755 630 2801 defunctum
648 2770 721 2800 esse,
738 2760 893 2803 etqlaboris
906 2755 1213 2803 fructusnuberrimo‘s
1225 2755 1388 2803 percepisse
1401 2757 1588 2803 arbitrabor.
1606 2755 1667 2803 Sed
1679 2755 1822 2803 sentiome

142 2795 222 2841 iusto
237 2795 400 2843 longiorem
416 2795 510 2841 fuisse
525 2813 535 2838 ,-
560 2810 668 2843 quare,
692 2795 777 2843 quod
790 2795 1003 2843 unumrestat,
1024 2799 1120 2830 Deum
1135 2795 1280 2838 optimum
1294 2795 1464 2829 maximum
1479 2797 1622 2831 obtestor,
1635 2799 1669 2826 ut
1683 2799 1712 2826 te
1729 2795 1822 2826 Eccle-

143 2844 196 2873 siae
209 2851 271 2872 sua:
279 2840 460 2873 incolumem
475 2840 743 2882 quam’diulissime
750 2845 897 2880 praestare
911 2840 1070 2879 dignatur.

769 2883 1039 2916 Reverendissimaa
1055 2882 1226 2915 Paternilali
1241 2886 1347 2914 vestras
1360 2881 1565 2914 deditissimus

1202 2928 1368 2960 Mimos
1395 2927 1485 2960 Βυετ.
