1950 3083
90 164 176 196 1117
775 164 860 198 VEB!

1017 162 1102 196 BICI.
1159 169 1161 171 ‘
1713 158 1787 190 1118

114 243 1777 256 ___—______________—_______________

660 316 904 353 BENEVOLO
941 315 1146 352 LECTORI.
1189 315 1225 350 S.

133 489 200 520 Non
216 488 411 530 exspectabis,
429 489 524 520 amice
540 489 644 531 lector,
661 490 732 521 dum
749 500 803 530 ego
819 489 912 522 libelli
929 490 1017 530 hujus
1035 489 1210 528 elegantiam
1226 489 1324 520 verbis
1346 489 1504 530 praedicem
1524 498 1530 520 :
1560 489 1609 529 qui
1626 488 1746 529 quidem
1763 488 1788 518 si

86 534 215 575 propria
231 538 259 565 et
275 534 374 565 nativa
390 534 614 574 pulchritudine
630 536 855 574 destitueretur,
874 536 999 566 fortasse
1023 535 1180 565 verborum
1210 534 1390 565 lenocinium
1408 543 1467 565 non
1482 534 1590 564 invitus
1605 532 1786 569 admitteret,

86 583 120 610 et
137 579 331 610 subdolarum
347 579 491 610 mercium
510 589 603 620 more,
621 580 777 620 maugooio
793 579 909 620 praelini
922 589 954 610 se
979 580 1058 611 haud
1086 579 1208 610 moleste
1233 579 1333 610 ferret.
1355 578 1409 609 Hic
1431 588 1498 609 vero
1515 579 1613 619 seipso
1629 581 1788 608 contentus

87 623 195 655 fucum
211 628 399 665 aspernatur,
418 624 536 664 sibique
550 624 627 665 apud
642 626 803 657 candidum
820 626 963 656 lectorem
979 625 1080 655 omnia
1094 624 1187 654 fausta
1206 623 1371 663 pollicetur,
1389 624 1413 654 si
1428 624 1514 654 modo
1530 623 1647 654 deterso
1663 623 1719 653 hoc
1730 622 1786 652 situ

91 668 126 699 in
144 678 203 709 quo
220 678 272 709 per
287 673 330 699 tot
344 668 453 699 saecula
470 669 577 699 misere
606 669 789 701 deformatus
812 670 917 710 jacuit,
947 678 1035 710 quam
1064 669 1326 700 emendatissimus
1350 669 1379 700 in
1397 669 1546 710 publicum
1563 668 1695 709 prodeat.
1712 667 1787 698 Huic

89 723 167 744 sane
183 713 302 753 negotio
319 713 474 744 insudasse
489 723 537 744 me
553 714 658 752 fateor,
675 715 836 755 perfecisse
849 714 926 755 quod
952 714 1084 746 volebam
1110 724 1168 745 non
1191 714 1285 745 audeo
1311 713 1423 745 dicere.
1441 713 1525 750 Quod
1541 713 1622 744 enim
1638 711 1787 743 Menelaus

89 759 174 798 apud
187 757 362 798 Euripidem
379 757 487 794 Oresti,
505 759 583 791 idem
601 769 654 799 ego
670 760 737 790 huic
752 764 851 790 nostro

1015 769 1054 790 ire
1069 768 1188 800 possum
1201 758 1405 790 occinere.....
1423 760 1452 788 οὗ
1466 760 1515 798 γὰρ
1530 758 1615 797 ῥᾴδιον
1632 757 1721 797 λόγχῃ
1737 761 1785 795 μιᾷ

90 806 198 837 Στήσιι
214 804 325 842 τρόπχιι
340 803 393 831 τῶν
408 804 496 832 κακῶν
512 804 527 831 ἃ
544 815 584 833 σοι
597 806 680 844 rupi.
696 806 801 845 Neque
825 813 858 835 ex

1013 814 1056 835 im
1073 805 1144 835 mihi
1161 807 1225 834 erat
1241 807 1270 833 ut
1285 802 1375 834 unius
1391 803 1587 843 ejusdemque
1602 800 1783 842 depravatis-

90 847 164 878 simi
180 847 292 879 codicis
307 847 453 878 beneﬁcio
469 857 574 879 omnes
589 858 654 889 quae
669 849 718 881 hic
735 851 962 890 reperiebantur
987 849 1110 880 maculae
1135 848 1253 888 penitus
1277 848 1458 879 eluerentur.
1477 846 1553 878 Satis
1571 846 1700 885 profecto
1717 845 1784 882 erit,

90 893 116 923 si
133 902 225 932 pauca
241 892 400 923 admodum
415 897 539 928 restent,
556 902 621 932 quae
636 894 757 925 alterius
773 895 950 935 exemplaris
966 904 1022 934 ope
1037 894 1172 933 indigere
1188 892 1343 923 videantur
1359 901 1365 923 :
1390 891 1468 932 quod
1493 891 1614 932 quidem
1630 893 1671 927 (ut
1686 891 1784 930 spero)

91 938 192 969 exitus
209 937 271 977 ipse
286 937 503 977 comprobabit.
522 937 582 968 Hoc
597 944 679 970 certe
694 940 844 979 proﬁteor,
862 940 965 971 sedulo
994 948 1040 970 me
1068 938 1193 978 cavisse,
1220 947 1258 968 ne
1284 936 1387 968 critica
1411 936 1652 976 πολυπραγμοσύνη
1669 935 1781 975 plagam

92 981 186 1013 ullam
203 981 369 1021 inﬂigerem
383 992 391 1022 ;
409 991 505 1022 neque
521 982 600 1013 enim
617 984 863 1016 committendum
881 984 989 1024 putavi,
1007 988 1050 1020 ut,
1067 982 1124 1014 nisi
1141 982 1192 1013 ubi
1208 982 1369 1013 necessitas
1384 982 1447 1022 ipsa
1461 981 1614 1020 ﬂagitaret,
1633 979 1669 1010 ab
1685 989 1782 1010 exem-

93 1026 170 1066 plari
187 1026 384 1057 discederem.
403 1027 556 1057 Manifesta
573 1032 601 1058 et
616 1037 714 1059 crassa
731 1029 843 1060 librarii
859 1034 966 1066 errata,
992 1038 1057 1069 qua:
1081 1027 1110 1058 in
1137 1027 1192 1058 hoc
1209 1031 1266 1058 tam
1283 1027 1395 1057 minuto
1409 1026 1510 1057 libello
1527 1030 1611 1056 erant
1626 1025 1710 1056 valde
1726 1035 1783 1055 nn-

95 1079 224 1107 merosa,
244 1070 502 1110 piguitannotare.
519 1073 641 1112 Caetera,
659 1073 696 1104 de
710 1073 816 1114 quibus
841 1073 994 1113 ambigere
1018 1074 1085 1113 quis
1106 1073 1174 1112 jure
1197 1075 1306 1112 posset,
1334 1071 1397 1101 loco
1424 1079 1543 1101 movere
1568 1080 1628 1101 non
1644 1069 1782 1101 sustinui.

92 1114 169 1145 Illud
185 1125 254 1145 vero
270 1116 307 1146 de
322 1125 380 1155 quo
398 1117 545 1156 praecipue
562 1121 589 1147 te
604 1117 759 1149 admoneri
774 1118 871 1158 cupio,
890 1119 946 1149 hoc
963 1118 1082 1148 unicum
1099 1121 1153 1148 est.
1170 1115 1313 1148 Ordinem
1328 1124 1414 1156 quem
1427 1115 1458 1145 in
1472 1115 1671 1155 manuscripto
1683 1114 1784 1145 codice

94 1159 207 1200 reperi,
225 1169 240 1190 a
257 1169 304 1190 me
319 1169 439 1200 prorsus
455 1160 640 1192 immutatum
656 1170 722 1194 esse
736 1162 821 1199 scito,
838 1167 885 1193 aut
905 1163 1013 1202 potius.
1030 1162 1130 1193 omnia
1144 1170 1208 1202 qua:
1224 1162 1304 1201 prius
1316 1160 1398 1191 valde
1410 1160 1532 1191 confusa
1544 1164 1637 1194 erant.
1650 1159 1680 1190 in
1692 1159 1782 1195 hunc,

95 1214 185 1244 quem
203 1204 294 1241 vides,
313 1205 447 1235 ordinem
465 1205 589 1236 reducta
605 1215 671 1237 esse
685 1208 733 1244 tu).
751 1206 853 1248 Neque
867 1207 947 1237 enim
964 1207 1040 1238 volui
1066 1207 1095 1237 in
1120 1215 1153 1238 re
1178 1210 1235 1236 tam
1253 1205 1415 1246 explorata,
1432 1213 1482 1235 aut
1494 1204 1608 1245 judicio
1623 1213 1688 1235 meo
1703 1203 1782 1234 difﬁ—

96 1248 181 1288 dere,
197 1253 246 1279 aut
257 1249 351 1279 vereri
368 1258 405 1279 ne
420 1249 527 1280 factum
545 1250 601 1280 hoc
618 1260 716 1281 meum
733 1251 784 1282 tibi
803 1251 928 1291 probare
944 1261 1002 1282 non
1029 1260 1158 1292 possem.
1185 1250 1278 1287 Quem
1304 1249 1429 1290 quisque
1442 1258 1546 1280 versus
1560 1249 1657 1280 locum
1673 1249 1703 1279 in
1718 1258 1782 1279 ma-

94 1293 248 1332 nust‘ripto
265 1293 368 1324 codice
383 1294 548 1334 occupavit,
563 1295 679 1324 numeri
696 1295 725 1325 in
744 1297 875 1335 margine
892 1296 1018 1336 appositi
1045 1295 1176 1326 indicant
1190 1304 1196 1326 :
1222 1304 1347 1335 quorum
1361 1294 1470 1325 seriem
1485 1294 1572 1325 toties
1587 1294 1781 1334 interruptam

98 1338 217 1368 miraris
244 1341 288 1368 sat
315 1338 402 1369 scio:
446 1348 547 1369 verum
588 1349 624 1369 ne
654 1339 683 1369 in
714 1349 816 1371 eorum
843 1340 949 1371 ordine
979 1339 1218 1381 pervestigando,
1248 1339 1357 1370 frustra
1385 1343 1413 1369 te
1442 1339 1546 1379 fatiges
1575 1342 1605 1370 et
1633 1341 1781 1378 torqueas,

95 1391 159 1412 rem
190 1386 278 1412 totam
308 1381 348 1413 ita
376 1383 519 1422 expedire
546 1383 641 1414 visum
672 1388 727 1415 est.
768 1384 888 1421 Quoties
926 1394 1118 1415 numerorum
1156 1384 1291 1415 ordinem
1321 1384 1521 1424 interruptum
1551 1383 1783 1419 animadvertes,

93 1435 218 1457 recurre
247 1427 344 1457 statim
383 1428 419 1457 ad
456 1433 540 1458 notas
573 1438 640 1468 qua
679 1429 721 1459 illi
760 1430 874 1470 paginae
911 1430 1103 1469 respondent,
1139 1428 1179 1459 ibi
1217 1429 1296 1460 enim
1334 1429 1431 1460 locum
1461 1427 1647 1468 designatum
1678 1427 1782 1465 habes,

94 1471 124 1502 in
139 1480 198 1511 quo
214 1471 279 1502 sine
294 1472 400 1511 majori
417 1473 552 1503 molestia
567 1473 617 1504 illa
632 1474 766 1514 reperies
781 1484 845 1514 quae
857 1475 886 1504 in
903 1474 1064 1513 exemplari
1077 1473 1210 1515 proxime
1223 1473 1434 1514 sequebantur.
1448 1473 1509 1504 Hac
1524 1482 1577 1512 ego
1593 1472 1672 1503 serie
1686 1472 1781 1512 dispo-

96 1516 151 1547 sita
168 1516 198 1546 in
214 1516 415 1556 manuscripto
433 1518 537 1548 codice
553 1519 651 1558 reperi
667 1519 777 1556 omnia,
795 1528 860 1559 qua;
875 1520 898 1550 si
925 1519 1041 1551 erudito
1071 1519 1208 1559 cuiquam
1240 1518 1368 1558 placere,
1385 1523 1435 1549 aut
1449 1517 1636 1549 commodum
1653 1516 1781 1557 aliquem

95 1570 214 1593 sensum
229 1562 420 1604 suppeditare
435 1562 554 1601 poterit,
571 1572 690 1594 causam
705 1573 761 1594 non
773 1564 851 1600 dico,
866 1564 936 1603 quin
953 1563 1029 1604 apud
1046 1573 1152 1594 omnes
1166 1563 1310 1593 litteratos
1325 1572 1396 1594 reus
1414 1571 1546 1602 peragar,
1563 1563 1598 1595 ὡς
1614 1561 1785 1601 αὐτοσχεδιά-

95 1609 146 1641 ζων
161 1607 196 1637 εἷς
219 1607 250 1634 τὰ
272 1610 324 1634 τῶν
342 1602 478 1641 Ἑλλήνων
494 1608 685 1645 ὑπομνήματα.
701 1607 773 1640 Octo
790 1609 865 1639 enim

1014 1618 1032 1639 is
1062 1609 1160 1639 hiatus
1183 1607 1296 1638 videbis
1314 1618 1322 1644 ',
1351 1607 1401 1648 qui
1417 1608 1536 1648 quidem
1553 1615 1656 1638 omnes
1670 1606 1700 1637 in
1719 1615 1784 1637 meo

98 1650 199 1681 codice
212 1660 268 1682 non
281 1650 368 1689 longe
377 1650 501 1681 aberant
515 1660 532 1681 a
547 1651 659 1691 paginae
675 1653 784 1692 medio,
803 1662 860 1683 non
874 1653 1028 1689 asterisco,
1047 1662 1104 1683 non
1122 1653 1177 1683 alia
1189 1652 1291 1692 quavis
1302 1657 1369 1682 nota
1382 1652 1551 1692 conspicui,
1564 1651 1615 1682 sed
1631 1650 1786 1682 sententiae

98 1694 282 1725 mutilatione
297 1695 368 1725 satis
384 1695 544 1726 manifesti.
561 1696 711 1728 Lectorcm
728 1697 807 1727 enim
823 1697 854 1727 in
871 1697 968 1728 media
984 1697 1107 1737 periodo
1125 1697 1302 1736 pendentem
1320 1696 1453 1737 plerique
1478 1696 1653 1732 destituunt,
1678 1700 1708 1726 et
1733 1705 1784 1726 re-

97 1743 185 1779 pente
200 1739 229 1769 in
245 1739 312 1769 altei
323 1738 368 1769 ius
382 1740 496 1778 periodi
510 1749 526 1769 a
543 1740 641 1780 priore
658 1749 779 1780 prorsus
793 1742 819 1771 al
834 1751 897 1772 enae
912 1741 1043 1772 medium
1059 1741 1255 1780 przecipitant.
1284 1740 1377 1780 Hujus
1392 1746 1479 1771 tanta:
1493 1740 1676 1771 confusionis
1690 1739 1784 1778 origi-

97 1792 164 1813 nem
179 1783 209 1813 in
225 1783 282 1813 alio
298 1784 391 1823 pI‘IOl'l
407 1785 509 1814 codice
525 1786 726 1825 manuscripto
740 1785 888 1816 exstitisse
905 1785 1033 1825 conjicio
1048 1796 1055 1816 :
1085 1785 1113 1815 in
1131 1795 1188 1825 quo
1204 1785 1324 1825 quidem
1342 1785 1452 1815 chartae
1467 1794 1581 1821 omnes,
1599 1789 1705 1825 printer
1721 1783 1784 1824 pri-

98 1836 173 1858 mam
191 1832 219 1858 et
235 1826 368 1858 ultimam
386 1828 527 1863 confusae,
544 1833 633 1869 atque
649 1830 754 1860 ordine
779 1834 960 1870 praepostero
985 1834 1146 1870 compactae
1171 1829 1261 1859 fuisse
1286 1828 1433 1859 videntur.
1452 1829 1526 1861 Hinc
1543 1830 1613 1860 dum
1629 1830 1785 1869 imperitus

97 1871 195 1902 nescio
211 1871 277 1911 quis
293 1871 432 1902 librarius
448 1873 582 1904 corticem
601 1875 679 1904 hunc
695 1884 794 1905 meum
810 1874 966 1914 describit,
983 1883 1079 1915 neque
1095 1873 1234 1905 eumdem
1249 1882 1387 1904 versuum
1404 1882 1558 1905 numerum
1575 1884 1662 1915 quem
1673 1875 1705 1903 τὰ
1719 1874 1785 1902 ἁπο-

98 1917 181 1957 γράφα
198 1916 356 1951 habebant.
374 1917 538 1958 uniquique
555 1918 668 1958 paginae
682 1919 828 1956 attribuit,
846 1919 897 1949 has
914 1919 986 1950 mihi
1003 1919 1142 1950 tenebras
1156 1918 1270 1954 otl‘udit,
1286 1918 1393 1958 quibus
1405 1921 1487 1950 certe
1497 1919 1668 1959 aliquandiu
1684 1918 1785 1959 opple-

97 1964 141 1992 tus
157 1961 332 2001 scriptorem
349 1962 427 1992 hunc
441 1971 492 2001 pro
518 1963 670 2003 deplorato
701 1963 810 1995 habui:
842 1964 959 1994 tandem
989 1973 1069 2001 vero,
1099 1963 1199 1994 divina
1227 1963 1319 2001 gratia
1342 1963 1476 2003 adjutus,
1500 1964 1620 2004 dispuli,
1637 1964 1784 2004 hujusque

97 2005 188 2037 libelli
205 2007 340 2037 membra
356 2011 412 2038 tam
431 2007 538 2038 misere
554 2008 666 2039 divulsa
681 2010 718 2039 ad
734 2009 813 2039 hunc
844 2009 964 2040 modum
994 2009 1158 2047 digerenda
1172 2017 1240 2039 esse
1257 2008 1393 2047 perspexi
1422 2008 1465 2040 De
1480 2008 1526 2039 his
1541 2008 1782 2049 praemonendum

99 2050 196 2091 putavi
210 2051 249 2081 mi
266 2052 371 2083 Lector
387 2062 394 2083 :
411 2056 442 2083 tu
458 2053 569 2085 nostris
585 2053 740 2084 conatibus
755 2053 831 2091 fave,
849 2058 878 2084 et
892 2054 967 2086 vale.
985 2054 1008 2085 E
1024 2053 1150 2094 collegio
1166 2052 1268 2093 Regali
1282 2051 1452 2093 Cantabrig.

132 2172 167 2205 (π)
179 2172 208 2212 ῃ]
221 2170 349 2212 _Czesareo_
358 2172 454 2212 codice,
471 2182 545 2210 quem
563 2174 710 2212 [Lambecius
725 2175 876 2212 (Comment.
888 2174 920 2212 de
934 2174 1093 2202 Bibliotheca
1109 2175 1241 2212 Gaiana,
1253 2174 1296 2203 llb.
1309 2182 1333 2209 p.
1351 2174 1373 2205 Ι,
1391 2173 1453 2212 μ9)
1468 2173 1668 2212 describitLeam
1683 2181 1785 2202 cernere

99 2211 134 2246 est
148 2208 242 2246 ordinis
258 2208 468 2246 perturbationem
480 2208 558 2246 quam
574 2210 668 2238 Bu>lus
682 2211 706 2237 in
719 2219 766 2238 suo
789 2211 873 2238 codice
898 2211 1047 2239 lamentatur
1075 2215 1099 2238 et
1115 2219 1159 2246 pro
1186 2211 1281 2238 vmbus
1310 2208 1442 2237 emendare
1467 2208 1659 2246 studuitaUude
1674 2213 1784 2246 apparet,

97 2242 126 2306 ἒξ
139 2244 224 2271 eodem
239 2245 371 2306 artlzllietypo
386 2242 520 2274 deduc-tuin
534 2254 592 2275 esse
604 2251 750 2282 utrumque,
765 2250 790 2274 et
803 2246 932 2275 Lambecii
946 2247 1041 2275 Icilicet
1053 2250 1078 2275 et
1102 2242 1177 2276 [iusti
1205 2246 1342 2282 exemplar,
1370 2249 1413 2273 aut
1440 2246 1551 2282 ipsorum
1565 2245 1670 2273 alterum
1682 2242 1785 2273 alterius

124 2287 149 2306 ιο
162 2287 269 2306 anoaran
289 2287 344 2306 um.

124 2287 149 2307 ιο
162 2287 344 2315 apograpnum.
