1950 3083
68 171 155 202 1153

175 241 212 269 τὰ
234 241 318 269 πάντα
340 241 447 281 φροῦδα,
464 242 550 270 πάντα
563 243 654 282 φάσμα
669 243 826 282 φασμάτων,

174 285 259 327 Τανέν
281 297 306 314 τι
321 288 425 324 μικρὸν,
448 288 492 315 καὶ
506 287 635 326 παρελθὸν
649 288 752 327 αὒτίκα,

177 319 208 357 "ﬂ
225 319 327 367 μᾶλλον
348 319 446 371 εἰπεῖν,
461 319 606 368 ταῦτα-μὲν
628 335 661 370 ζῇ
674 332 718 360 καὶ
731 319 810 360 ⁴πάλιν
829 340 836 348 '

178 374 214 402 Οὔ
228 375 278 414 γὰρ
291 374 405 415 πέςρυκεν
419 375 505 409 ἁπετὴ
519 376 641 410 θνήσκειν
657 375 738 407 ὅλως,

90 417 154 448 885
187 422 252 458 Εχει
267 418 294 447 δὲ
310 421 354 448 τὸν
370 425 436 460 χοῦν
450 421 467 454 ἡ
482 420 563 461 φθορᾶ
576 421 656 449 πάλιν
679 421 770 458 μόνον,

176 462 236 503 Ἀφ’
251 464 283 496 ἧς
305 463 419 504 ὑπέστη,
436 465 480 493 καὶ
501 466 566 504 πρὸς
581 465 614 498 ἦν
628 464 796 504 ὑποστρέφει.

177 508 276 537 Οὗκοῖιν
290 520 314 536 τι
327 508 410 537 δεινὸν
423 508 502 549 ἔσχεν
517 511 532 538 ὂ
546 508 646 549 κρυϐεῐς
661 510 748 550 τάφῳ,

176 551 250 580 Ἀλλ’
265 554 279 581 ὁ
293 555 424 593 στερηθεὶς
444 557 490 583 τοῦ
505 554 587 583 καλοῦ
607 556 701 584 τούτου
715 554 782 592 βίος,

177 600 299 626 Τοιοῦτον
321 597 393 626 οὒδὲν
407 597 472 626 ἄλλο
486 609 511 627 τι
527 598 634 637 βλέπειν
656 598 740 638 ἔχων,

90 639 156 671 890
179 642 268 670 Καίτοι
283 653 313 681 γε
329 642 435 671 πολλῶν
450 642 506 682 ἄρτι
524 644 642 683 χρῄζων,
663 643 771 674 εἰκότως
787 651 795 660 ·

178 684 403 728 ζΕπικρατούντων
418 688 558 727 πανταχοῦ
572 690 624 716 τῶν
639 688 768 728 χειρόνων
784 695 791 702 ·

181 723 295 759 λθενλεὸ
310 734 419 771 πρᾶγμα
434 723 526 763 πένθός
541 723 744 771 ἡγεῖταίνμέγα,

178 776 226 804 Καὶ
241 776 286 804 τὸν
300 776 410 804 θανόντα
424 777 560 813 κόπτεται,
577 777 620 804 καὶ
630 775 746 816 δακρύει,

179 819 259 860 Εἰδὼς
275 821 403 859 μεγίστην
421 821 453 854 ἣν
468 820 570 854 ὑπέστη
584 822 691 860 ζημίαν.

158 859 231 901 Αςζ
252 875 263 892 α
282 863 442 893 Ἐπιτύκϐιοι
465 866 501 897 εἰς
522 866 567 893 τὸν
589 865 790 906 Χαρτοφόλακα,
811 876 823 893 ι

219 909 330 941 Πένθους
345 911 359 937 ὁ
373 910 476 949 καὶρὸς,
492 913 626 950 συμφορᾶς
647 911 678 938 τὸ
700 911 810 950 χωρίον,

179 953 228 982 Καὶ
244 952 415 993 δυστυχοῦσιν
429 953 510 993 ἀρετή
527 964 555 981 τε
576 955 619 982 καὶ
634 953 719 993 λόγοι.

179 998 213 1040 Τὸ
228 1000 300 1037 σφῶν
313 998 362 1037 γὰρ
377 999 466 1030 αἰετοῖς
482 998 590 1038 οἴχεται
606 998 675 1037 μέγα
688 999 795 1040 κράτος,

176 1033 242 1076 "HS-ri
252 1033 392 1080 πεσόντος,
408 1045 444 1076 ὡς
460 1033 533 1084 δρᾷς,
556 1033 690 1082 Ἰωάννου,

179 1088 301 1129 [Ιωάννου
315 1089 452 1128 πεσόντος,
469 1088 556 1129 οἵμοι,
573 1092 618 1116 τοῦ
632 1089 711 1120 πάνυ.

94 1131 157 1163 900
176 1126 209 1160 Ὠ
224 1131 315 1172 καρδία
329 1126 455 1170 σείσθητι,
473 1134 517 1161 καὶ
530 1126 670 1172 Θραύσθητί
684 1145 740 1171 μοι,

180 1176 344 1212 Πλήττοντος
360 1177 428 1205 οὕτω
442 1178 543 1216 καιρίαν
556 1188 585 1204 σε
599 1180 645 1205 τοῦ
659 1177 750 1216 λόγου,

180 1220 261 1261 Ἀνὴρ
276 1222 356 1261 σοφὸς
368 1221 504 1258 τέθνηκεν,
519 1221 555 1254 ὣς
576 1224 625 1255 τῆς
646 1222 743 1258 ζημίας
762 1231 771 1239 ⁸

181 1265 262 1305 Ἀνὴρ
279 1265 389 1306 δίκαιος,
406 1264 532 1302 εὐλαϐὴς,
547 1271 594 1306 φεῦ
608 1270 653 1294 τοῦ
667 1266 749 1296 πάθου

184 1306 213 1339 Ὀ
234 1310 414 1350 χαρτοφύλαξ,
431 1310 454 1338 ὢ
468 1321 584 1349 στυγνων
606 1311 791 1348 ἀκουσμάτων,

97 1354 159 1386 905
181 1350 209 1384 “0
222 1354 401 1395 χαρτοφόλαξ,
419 1356 449 1383 οὗ
462 1355 493 1382 τὸ
512 1355 571 1394 πρὶν
592 1355 661 1394 μέγα
682 1355 771 1393 κλέος,

176 1399 211 1428 Ti.
222 1400 265 1428 καὶ
279 1400 343 1439 πρὸς
359 1400 436 1428 αὗτὸν
452 1400 560 1439 οὐρανὸν
576 1400 661 1438 τρίτον
676 1401 783 1440 φθάνον,

179 1444 228 1474 Καὶ
249 1444 299 1477 τὴν
314 1443 420 1483 ἄπειρον
442 1444 493 1483 γῆν
514 1443 580 1478 ὅλην
595 1444 763 1485 περιτρέχον,

179 1489 208 1518 Εἰ
220 1489 264 1517 καὶ
285 1488 385 1528 βραχεῖ
398 1494 440 1518 νῦν
458 1487 666 1528 συγκαλῦπτεται
680 1488 767 1529 τάφῳ,

178 1533 265 1573 Τάφος
278 1534 328 1572 γὰρ
349 1533 427 1561 αὺτὸν
442 1533 521 1573 ἔσχεν
537 1534 573 1565 ὡς
588 1535 690 1567 Θνητῶν
703 1533 760 1571 ἕνα,

94 908 156 940 895

81 1616 282 1648 tantummodo
300 1616 501 1657 primicerius,
518 1626 627 1648 nomen
655 1616 744 1648 rebus
760 1618 900 1651 ﬁrmavit.

81 1661 149 1693 Haec
164 1661 283 1701 quidem
304 1660 390 1691 heri:
419 1661 472 1691 sed
500 1661 550 1699 qui
579 1661 694 1704 hodie?
722 1668 835 1694 umbrae
850 1671 901 1694 so-

83 1705 208 1737 mnium.
224 1705 332 1737 Omnia
354 1714 446 1741 vana;
475 1705 576 1735 omnia
603 1705 763 1736 vanitatum
777 1707 901 1744 vanitas,

82 1750 229 1782 modicum
244 1748 315 1790 quid
328 1757 474 1788 apparens
484 1748 617 1780 etstatim
627 1758 820 1782 evanescens.
836 1750 903 1792 Vel,

82 1798 112 1825 ut
127 1794 234 1825 melius
245 1794 359 1834 loquar,
370 1793 432 1824 haec
442 1793 562 1834 quidem
581 1803 699 1824 rursum
708 1794 805 1825 vivunt
819 1794 899 1826 :vir-

82 1844 127 1870 tus
142 1840 222 1870 enim
238 1848 298 1870 non
313 1837 434 1869 omnino
461 1838 603 1869 moritura
623 1842 690 1870 nata
715 1843 770 1869 est.
785 1838 899 1880 Corpus

81 1887 177 1914 autem
195 1887 305 1914 tantum
320 1883 444 1913 resumit
465 1883 627 1923 corruptio,
656 1892 672 1913 a
701 1892 758 1923 qua
772 1883 853 1918 exiit.
872 1886 902 1915 et

82 1929 111 1959 in
125 1937 213 1968 quam
220 1927 387 1959 revertitur.
411 1926 491 1958 Nihil
500 1936 553 1966 ego
564 1927 674 1958 funesti
684 1927 776 1958 subiit
787 1927 900 1958 tumulo

83 1972 228 2010 conditus,
244 1972 295 2003 sed
321 1972 449 2004 mundus
477 1972 534 2003 hoc
562 1971 640 2003 bono
665 1971 808 2012 privatus.
827 1972 901 2003 nihil

82 2016 157 2048 aliud
163 2017 260 2048 simile
266 2015 573 2056 possidens.Attamen
581 2016 683 2047 multis
691 2026 770 2047 nunc
776 2015 902 2056 indiget;

84 2070 141 2091 non
152 2061 272 2097 mirum,
285 2060 370 2091 malis
381 2059 493 2101 ubique
511 2060 743 2092 dominantibus.
754 2059 824 2091 Ideo
839 2069 902 2091 rem

86 2114 221 2144 magnum
237 2105 365 2136 aestimat
379 2114 552 2143 marorem,
569 2109 778 2145 mortuumque
794 2104 905 2145 plangit

85 2159 116 2182 ac
143 2150 332 2190 lacrymatur,
359 2149 518 2181 maximum
549 2149 628 2190 quod
658 2149 748 2180 subiit
761 2149 902 2181 damnum

85 2194 224 2226 sentiens.

155 2237 281 2270 XXXVI.
298 2238 496 2279 Epitaphium
508 2239 540 2269 in
558 2237 820 2278 Cartophylacem.

121 2281 252 2314 Maeroris
265 2287 391 2323 tempus,
404 2292 543 2314 aerumnae
551 2282 644 2314 locus.
661 2282 766 2314 Jacent
777 2283 866 2314 virtus
876 2287 906 2315 et

84 2327 206 2358 litteras:
224 2327 332 2368 quibus
343 2327 440 2358 ablata
451 2331 480 2358 et
493 2336 598 2367 magna
619 2331 759 2367 potestas,
777 2331 904 2366 mortuo,

84 2372 141 2412 jam
156 2375 188 2403 ut
204 2372 298 2410 vides,
310 2371 436 2410 Joanne,
464 2371 560 2403 eheu!
577 2371 789 2403 illustrissimo.
803 2371 827 2403 Ο
842 2381 904 2409 cor,

87 2425 269 2448 commovere
296 2426 331 2447 ac
359 2421 528 2453 conterere,
554 2421 583 2447 et
609 2425 711 2447 aurem
726 2416 838 2457 praebe.
855 2416 908 2448 Vir

87 2461 200 2502 sapiens
210 2465 346 2493 mortuus
354 2465 401 2493 est
412 2471 419 2492 :
433 2461 509 2502 proh
519 2461 605 2492 dolor
615 2460 622 2492 ί
635 2461 680 2492 vir
690 2461 799 2501 justus,
811 2460 906 2492 bene-

87 2505 167 2543 ﬁcus,
185 2505 312 2538 cecidit:
330 2505 469 2537 omnibus
492 2505 617 2537 flebilis!
647 2505 875 2546 Carthophylax,
890 2514 909 2536 ο

86 2551 231 2582 funestum
247 2551 402 2582 nuntium!
423 2550 630 2591 Cartophylax,
641 2551 724 2591 cujus
738 2554 825 2581 antea
841 2559 908 2582 ma-

87 2604 139 2635 gna
154 2599 217 2627 erat
239 2595 341 2637 gloria,
373 2599 593 2636 peveneratque
616 2595 653 2626 ad
682 2596 800 2626 tertium
816 2604 909 2635 usque

87 2640 198 2676 calum,
216 2649 250 2672 ac
265 2645 358 2671 totum
371 2641 474 2671 orbem
488 2645 632 2671 terrarum
641 2639 810 2675 circuiorat,
824 2639 907 2670 brevi

87 2695 159 2716 nunc
175 2685 284 2725 tegitur
300 2686 423 2717 tumulo.
440 2685 586 2716 Tumulus
609 2685 688 2715 enim
704 2685 803 2725 ipsum
818 2684 907 2715 habet

87 2733 217 2770 tanquam
234 2740 325 2761 unum
341 2740 376 2762 ex
391 2729 577 2767 mortalibus,
603 2729 660 2760 etsi
675 2730 830 2761 mortalem
845 2738 905 2761 non

125 2818 155 2843 49
167 2817 208 2848 ia.
232 2818 310 2846 πλέον
316 2844 322 2851 ,

764 173 912 206 VERSUS
933 172 1091 206 IAMBICI.

913 2233 936 2257 D

1679 171 1761 203 1184

911 250 931 267 Λ
962 240 1021 272 219
1043 245 1096 271 Κᾶν
1112 242 1158 270 οὒκ
1173 241 1249 279 ἐῴκει
1265 242 1313 275 τὴν
1330 241 1403 281 γύσιν
1418 241 1518 275 θνητὴν
1532 240 1616 281 ἔχειν,

1040 288 1157 326 βροντῶν
1173 286 1222 324 μὲν
1237 286 1325 325 ὥσπερ
1347 285 1376 313 ἐκ
1391 286 1475 325 νεφῶν
1489 285 1516 313 ἐν
1532 293 1588 319 τοῖς
1602 285 1704 325 λόγοις,

1039 321 1140 370 Ἔργων
1151 321 1178 358 δέ
1199 321 1383 370 λαμπρότησιν
1404 321 1560 369 ἀστράπτων
1581 329 1613 356 49
1627 321 1718 369 πάλιν,

1041 375 1089 404 Καὶ
1103 376 1166 414 πρὸς
1179 379 1244 403 Θεοῦ
1259 376 1370 413 μίμησιν
1386 373 1564 413 ἠκριϐωμένος
1578 384 1587 391 ⁸

1040 423 1168 459 Τοσοῦτον
1183 421 1253 457 ἡμᾶς
1274 419 1334 451 τοὺς
1349 420 1436 459 χαμαὶ
1451 420 1548 448 λείπων
1562 421 1645 451 κάτω,

956 463 1015 494 915
1032 454 1109 493 κΟσον
1125 454 1253 497 συνῆπται
1268 454 1421 499 πλησιξζων
1436 470 1494 496 τοῖς
1507 463 1574 496 ἅνω,

1040 512 1166 548 Λαμπροῠ
1177 509 1233 546 βίου
1247 519 1275 537 τε
1297 509 1340 536 καὶ
1355 507 1433 547 λόγου
1447 510 1580 545 κοινωνίᾳ,

1040 557 1123 582 Τανῦν
1137 551 1163 580 δε
1178 557 1259 581 ταῦτα
1274 554 1367 592 μικρὸς
1381 552 1475 592 ἤλεγξε
1490 554 1599 594 χρόνος,

1042 597 1216 637 Διαῤῥυέντων
1232 597 1323 637 ἀθρόον
1336 597 1442 625 πάντων
1458 597 1522 635 ἅμα,

1040 643 1089 671 Καὶ
1102 643 1146 670 τδν
1168 641 1232 681 χθὲς
1248 642 1394 680 αὒγάζοντα
1410 640 1515 682 φαιδρὸν
1537 641 1633 682 ἀστέρα

1042 687 1124 715 Δόντα
1138 686 1256 726 πρόωρον
1278 687 1352 718 οὗτος
1366 686 1461 725 ἔκρυψε
1476 686 1570 722 τόπος⁸

1039 731 1137 771 Ἀστὴρ
1157 732 1218 769 μὲν,
1234 730 1292 758 ἀλλ’
1308 730 1456 770 ἤστραπτεν
1470 730 1546 765 ἡλίου
1561 731 1653 770 πλέον,

1039 775 1169 815 Πρόσγεια
1183 776 1306 812 λάμπων,
1325 774 1392 803 ἀλλὰ
1415 778 1493 803 νικῶν
1514 776 1574 808 τοὺς
1595 776 1660 814 ἄνω,

1041 821 1102 857 Καὶ,
1118 821 1149 848 τὸ
1162 820 1313 858 κράτιστον,
1330 823 1388 848 νοῦν
1403 830 1431 847 τε
1453 820 1496 847 καὶ
1510 818 1590 860 λόγον
1605 821 1689 861 φέρων

1041 867 1089 896 Οἷς
1105 865 1138 898 ἧν
1153 865 1183 892 τὸ
1204 866 1290 902 θαῦμα
1310 866 1360 897 τῆς
1374 864 1438 904 χθὲς
1453 864 1554 904 ἡμέρας
1571 873 1578 880 ·

910 902 929 926 Β
960 908 1019 940 925
1040 912 1163 938 Τοιοῦτον
1177 912 1211 942 ἧν
1225 910 1256 937 τὸ
1270 910 1356 946 Θαῦμα
1376 902 1425 942 τῆς
1447 902 1512 948 χθὲς
1526 910 1626 949 ἡμέρας
1646 920 1651 927 ·

1041 957 1168 983 Τοαοῦτον
1183 953 1323 993 εὒτύχημα
1343 956 1389 980 τοῦ
1405 954 1503 985 παντὸς
1524 954 1593 994 βίου,

1043 999 1092 1028 Καὶ
1106 1002 1152 1026 τοῦ
1173 998 1230 1026 καθ’
1244 999 1314 1035 ἡμᾶς
1329 996 1399 1026 εἶδεν
1415 997 1490 1031 ἥλιος
1507 999 1614 1038 χρόνου.

1043 1047 1093 1072 Νῦν
1108 1041 1132 1070 δ’
1147 1043 1184 1074 ὡς
1199 1041 1294 1079 ἔϐλεψε
1308 1042 1357 1076 τὴν
1372 1041 1490 1070 ἐναντίαν
1513 1038 1615 1084 τῦχην,

1044 1088 1093 1116 Καὶ
1106 1087 1154 1121 τὴν
1168 1087 1241 1115 κάτω
1255 1085 1409 1114 σϐεσθετσαν
1422 1085 1492 1125 ἔγνω
1506 1086 1643 1126 λαμπάδα,

963 1130 1022 1162 930
1044 1130 1102 1160 Οὔδ¹
1125 1132 1202 1163 αὐτὸς
1216 1132 1283 1168 ἡμῖν
1299 1137 1420 1170 καρτερεῖ
1435 1130 1550 1169 λάμπειν
1572 1131 1608 1161 ἔτι
1627 1143 1634 1151 ·

1044 1176 1126 1205 Ἀλλὰ
1141 1176 1291 1214 σκυθρωπὸς
1306 1175 1372 1215 ἐστι,
1388 1176 1432 1204 καὶ
1444 1176 1540 1208 πάθους
1555 1177 1641 1216 γέμει,

1045 1225 1094 1263 net
1108 1221 1158 1260 γὰρ
1178 1219 1329 1258 στυγνάζειν
1345 1222 1429 1247 πᾶσαν
1445 1218 1501 1259 ἄρτι
1515 1221 1565 1255 τὴν
1576 1223 1671 1263 κτίσιν,

1045 1261 1090 1297 Ὠς
1112 1266 1162 1298 τὴν
1178 1265 1273 1297 ἑαυτῆς
1288 1263 1366 1291 δόλαν
1381 1263 1570 1304 έστερημένην.

1046 1305 1201 1347 ὀμώνυμός
1217 1320 1258 1337 σοι
1273 1312 1367 1348 ταῦτα,
1389 1307 1464 1338 δοῦλε
1481 1310 1586 1349 Κυρίου,

964 1353 1023 1386 935
1045 1355 1142 1394 Ψυχῆς
1157 1353 1224 1391 ἐμῆς
1241 1351 1361 1391 μέλημα,
1384 1355 1440 1392 φῶς
1456 1357 1508 1382 τῶν
1523 1354 1661 1394 ὀμμάτων,

1043 1398 1213 1437 μαθημάτων
1233 1396 1354 1435 κοινωνὲ,
1371 1398 1415 1426 καὶ
1429 1397 1604 1437 διδασκάλων,

1045 1435 1073 1483 ἶ)
1094 1444 1138 1471 καὶ
1152 1441 1273 1478 συνῆ-ης,
1290 1442 1334 1470 καὶ
1348 1441 1483 1474 συνέπνεις
1498 1442 1524 1470 ἐν
1539 1435 1599 1481 βίῳ,

1041 1488 1109 1527 Πρὸς
1124 1487 1152 1515 ὃν
1164 1487 1194 1515 τὸ
1208 1485 1314 1527 φίλτρον
1330 1486 1408 1526 εἶχες
1431 1485 1602 1526 ἐξῃρημένον,

1045 1527 1199 1570 Ὀμώνυμός
1215 1541 1255 1560 σοι
1270 1529 1348 1566 τήνδε
1363 1530 1412 1564 τὴν
1434 1530 1574 1570 μονῳδίαν,

958 687 1017 717 920

912 1539 933 1564 C

942 1617 1095 1650 videretur
1108 1615 1219 1646 habere
1234 1618 1379 1651 naturam,
1397 1619 1503 1647 tonans
1517 1620 1548 1647 ut
1563 1626 1579 1648 e
1594 1618 1722 1650 nubibus
1737 1620 1768 1652 in

943 1659 1142 1697 sermonibus,
1160 1668 1284 1700 operum
1295 1663 1394 1690 autem
1404 1669 1523 1691 rursum
1535 1661 1698 1701 splendore
1713 1664 1768 1696 ful-

943 1715 1065 1747 gurans,
1078 1704 1245 1735 etimitator
1253 1703 1308 1735 Dei
1329 1704 1477 1744 perfectus
1493 1709 1625 1743 ;tantum
1642 1713 1768 1740 uoster-

944 1759 1034 1782 renos
1062 1748 1139 1780 infra
1165 1748 1348 1789 relinquens,
1377 1753 1518 1789 quantum
1547 1751 1716 1784 coelestibus
1741 1759 1770 1785 et

945 1794 1056 1826 illustri
1072 1794 1129 1824 vita
1143 1798 1172 1823 et
1188 1793 1267 1823 claro
1276 1802 1423 1838 sermone
1442 1794 1630 1834 conjungitur
1644 1798 1767 1838 propin-

941 1848 1027 1880 quus.
1045 1837 1130 1870 Nunc
1145 1840 1245 1868 autem
1276 1837 1338 1867 haec
1362 1846 1482 1877 parvum
1507 1842 1635 1879 tempus,
1653 1837 1768 1873 cunctis

941 1893 1001 1915 una
1016 1883 1098 1929 brevi
1121 1882 1361 1929 proﬂuentibus,»
1377 1882 1544 1929 revelavit,
1564 1888 1594 1915 et
1621 1886 1704 1917 illum
1717 1888 1769 1929 qui

942 1928 1046 1969 fulgidi
1055 1929 1128 1960 astri
1136 1928 1232 1973 instar
1241 1927 1307 1973 heri
1318 1927 1503 1973 Splendebat,
1517 1928 1565 1960 hic
1572 1934 1640 1961 ante
1652 1927 1770 1973 tempus

944 1972 1101 2005 occiduum
1117 1972 1273 2004 abscondit
1301 1971 1392 2003 lacus.
1417 1971 1538 2003 Astrum
1567 1974 1699 2014 quidem,
1714 1971 1768 2008 sed

945 2017 1100 2058 plusquam
1115 2017 1160 2048 sol
1189 2016 1359 2047 irradiavit:
1388 2025 1479 2056 super
1506 2021 1614 2048 terram
1639 2019 1767 2060 lucebat,

945 2063 998 2095 sed
1013 2062 1151 2095 vincebat
1177 2062 1324 2094 (zmlestia.
1354 2064 1390 2094 Et
1417 2063 1494 2104 quod
1511 2064 1692 2105 praecipuum
1710 2071 1767 2107 est,

946 2110 1074 2139 mentem
1091 2107 1297 2147 rationemque
1311 2107 1443 2147 gerebat,
1460 2107 1568 2148 quibus
1583 2108 1677 2149 ipsam
1690 2111 1766 2151 lapi-

945 2152 1015 2182 dum
1026 2156 1161 2183 naturam
1172 2150 1324 2183 demulsit.
1336 2151 1461 2182 Tantum
1471 2156 1535 2183 erat
1547 2153 1606 2184 diei
1623 2150 1770 2187 hesternae

945 2196 1111 2236 prodigium
1126 2197 1133 2226 !
1146 2195 1271 2227 Tantum
1284 2195 1381 2226 omnis
1390 2196 1456 2227 vitae
1466 2196 1620 2238 omnisque
1629 2199 1770 2239 temporis

946 2241 1039 2271 nostri
1055 2241 1146 2272 decus
1161 2240 1204 2271 sol
1221 2240 1351 2281 aspexit!
1379 2242 1466 2273 Nunc
1492 2245 1591 2273 autem
1617 2252 1684 2274 cum
1699 2243 1771 2274 vidit

946 2285 1124 2316 contrariam
1154 2285 1316 2326 fortunam,
1357 2285 1587 2327 inferioremque
1617 2287 1769 2319 lucernam

946 2329 1082 2368 cognovit
1106 2329 1291 2368 exstinctam,
1312 2329 1373 2369 jam
1403 2338 1462 2360 non
1489 2329 1553 2370 ipse
1568 2330 1654 2362 nobis
1670 2332 1771 2363 lucere

947 2375 1043 2415 valet;
1061 2374 1114 2406 sed
1138 2373 1231 2405 tristis
1256 2377 1301 2405 est
1321 2377 1350 2405 et
1379 2382 1508 2405 maerore
1535 2374 1654 2415 plenus.
1680 2375 1773 2408 Decet

949 2419 1028 2449 enim
1042 2427 1122 2449 nunc
1137 2427 1255 2449 omnem
1272 2426 1399 2449 interere
1414 2422 1548 2449 naturam
1564 2422 1703 2460 tanquam
1719 2429 1773 2452 sua

948 2461 1080 2495 orbatam
1092 2463 1198 2503 gloria.
1210 2461 1375 2503 Confrater,
1384 2471 1468 2493 serve
1478 2461 1606 2501 Domini,
1620 2463 1685 2496 vitae
1698 2473 1773 2496 mea!

949 2506 1088 2545 dulcedo,
1100 2507 1202 2539 lumen
1213 2506 1366 2539 oculorum
1377 2516 1522 2546 meorum,
1536 2508 1701 2540 studiorum
1711 2518 1773 2541 ma-

949 2551 1167 2591 gistrorumque
1181 2551 1273 2592 socie,
1290 2560 1419 2592 quocum
1434 2551 1531 2582 vixisti
1556 2561 1715 2595 acremque
1727 2554 1773 2584 vi-

949 2597 1037 2627 talem
1053 2596 1187 2634 hausisti,
1200 2596 1247 2627 cui
1258 2596 1368 2637 philtra
1378 2595 1509 2627 habebas
1520 2596 1692 2638 allicientia,
1703 2607 1771 2630 con-

949 2640 1051 2679 frater,
1059 2641 1090 2672 in
1101 2651 1189 2682 quam
1198 2641 1273 2672 hanc
1285 2640 1339 2672 tibi
1347 2641 1515 2671 monodiam
1524 2641 1613 2679 dicat,
1629 2643 1772 2683 seipsum,

950 2686 1145 2726 quibustuam
1157 2687 1336 2717 lamentatur
1363 2689 1500 2722 mortem,
1524 2685 1698 2718 lamentans.
1716 2687 1774 2718 Ce-

948 2730 1020 2762 cidit
1030 2731 1139 2763 cedrus
1151 2742 1159 2769 ;
1173 2731 1259 2772 pinus
1271 2730 1456 2771 ingemiscat.
1468 2729 1499 2761 Si
1511 2730 1590 2761 enim
1616 2735 1646 2762 tu
1656 2731 1744 2762 citius
1758 2739 1775 2762 ο
