1950 3083
182 160 213 191 Μ
220 158 255 192 βπ

283 223 330 260 Ὠς
344 228 362 263 ἢ
376 227 494 261 κέλευσις
509 228 628 267 βούλεται
645 233 690 259 τοῦ
704 229 831 260 δεσπότου
847 240 855 270 ;

287 275 310 302 Η
325 272 405 306 δῆλον
420 274 456 305 ὡς
471 273 606 313 ἄνθρωπος
621 273 650 302 οὗ
665 273 747 307 δόξειὲ
769 285 821 312 τις,

278 315 351 346 Ἀλλ’
366 317 479 357 ἄγγελός
494 329 547 355 τις,
565 318 582 352 ἢ
598 318 662 350 Θεὸς
677 320 833 358 παραυτίκα,

286 361 353 394 Ολος
367 363 471 394 θεωθεὶς
485 366 519 401 τῇ
535 367 600 393 Θεοῦ
613 364 747 400 κοινωνίᾳ.

196 406 256 438 705
276 407 438 446 Πειράσομαι
451 406 484 441 δὴ
504 408 549 436 καὶ
561 407 651 446 πάλιν,
674 409 718 436 καὶ
732 407 872 447 πολλάκις,

277 451 323 480 Σοί
337 462 366 480 τε
387 451 553 491 προσελθεῖν,
568 453 613 480 καὶ
626 459 721 492 τυχεῖν
736 451 852 492 ὁμιλίας,

277 497 311 527 E’t'
333 508 390 529 πως
405 495 513 535 λάϐοιμι
528 496 605 532 τήνδε
619 498 668 531 τὴν
684 497 822 536 εὖκληρίαν
841 505 848 512 ·

280 540 354 570 Ἀλλ’
370 542 397 571 ἓν
412 540 527 579 δέδοικα,
543 542 588 569 καὶ
601 543 632 570 τὸ
648 542 693 570 σὸν
707 543 779 576 θεῖον
793 542 888 581 κράτος

278 587 348 615 ΑΙ.τῶ
368 586 466 624 βοηθὸν
478 585 639 626 προσλαϐεῖν
656 587 691 618 εἰς
706 586 752 614 τὸν
766 585 858 626 φόϐον,

199 631 256 662 ’710
276 632 321 666 Μή
343 631 394 659 πού
410 631 464 670 [με]
481 630 563 659 δεινὸν
578 630 651 668 ἅμμα
667 634 778 670 Γοργοῦς
797 631 887 670 ἀγρίας

277 677 332 715 Πρὸ
345 678 394 709 τῆς
407 675 494 709 πύλης
509 675 630 713 βλέψειεν
644 674 674 700 6⁸
688 675 864 715 ἠγριωμένον,

277 720 322 754 Μὴ
338 719 465 759 Κέρϐερός
479 731 518 752 τις
535 719 704 755 έξυλακτήσοι
720 720 800 759 μέγα,

278 764 352 798 Μηδὲ
367 764 457 804 Βριμώ
477 775 517 797 τις
532 763 723 804 ἒμϐριμωμένη
738 764 824 796 δάκοι,

279 809 329 848 Kal
343 813 400 841 πῶς
414 809 463 848 γὰρ
485 809 554 838 οἴσω
567 808 702 848 δήγματος
714 808 823 848 πληγὴν
839 809 900 846 μίαν

198 853 257 885 ’715
279 845 428 894 ’Ἀνθρωπος
442 845 630 894 ἰσχνόσαρκος,
655 845 847 891 ἐκτετηγμὲνος
864 863 873 893 ;

281 897 352 938 Ἐγὼ
366 897 393 926 δὲ
408 897 493 929 δειλός
516 899 568 935 εἰμι
583 898 627 926 καὶ
642 899 707 937 πρὸς
723 897 788 926 ἄλλο
801 910 826 927 τι
843 906 850 913 ⁸

280 943 473 982 Δειτουργικῶν
487 943 537 982 γὰρ
551 943 708 981 πνευμάτων
723 942 783 980 ὄψις
798 943 897 982 τρέμω,

279 988 329 1018 Καὶ
342 991 396 1016 τῶν
412 988 554 1027 πτερωτῶν
569 987 689 1027 ἀγγέλων
706 998 752 1016 σου
766 990 816 1021 τὴν
829 986 890 1016 θέαν
905 995 912 1002 ⁸

278 1032 376 1073 Ψυχὰς
392 1033 441 1072 γὰρ
455 1032 613 1072 ἁρπάζουσιν
627 1032 656 1060 ἐκ
678 1035 731 1060 τῶν
751 1032 894 1069 σωμάτων.

201 1077 259 1108 720
279 1076 324 1110 Ἐξ
344 1078 380 1105 ὧν
403 1087 436 1114 με
451 1077 540 1115 ῥῦσαι,
556 1079 719 1117 ψυχοσῶστα
733 1077 879 1116 προστάτα,

280 1122 330 1152 Καὶ
352 1122 421 1160 μήτε
435 1121 535 1150 τούτων
550 1121 716 1161 ἒκταραξάτω
732 1121 765 1159 μέ
779 1133 817 1159 τι,

280 1165 348 1206 μηδ’
363 1165 428 1195 ἄλλο
443 1165 524 1204 μηδὲν
539 1165 684 1206 προσϐάλοι
701 1166 924 1206 τῶνξφασμάτων,

283 1201 312 1240 ’ᾗ
333 1213 386 1240 τῶν
400 1201 539 1250 φοϐήτρων
621 1211 671 1250 πρὸ
693 1213 746 1239 τῶν
756 1201 918 1250 προαυλίωνι

279 1255 362 1286 Ἐπᾶν
374 1255 402 1284 δὲ
417 1259 499 1285 ταῦτα
514 1256 559 1284 σὺν
576 1259 633 1293 Θεῷ
647 1255 787 1294 διαδράσω,

199 1302 258 1334 725
280 1302 330 1331 Καί
344 1313 395 1330 που
410 1301 528 1340 γένωμαι
543 1300 656 1334 πλησίον
670 1306 715 1330 τοῦ
730 1303 776 1328 σοῦ
796 1300 899 1339 θρόνου,

202 1347 259 1379 ’796
280 1344 369 1380 Μηδὲν
385 1344 514 1386 χερουϐὶμ
531 1344 594 1386 (34)
608 1346 738 1385 ῥομφαίαν
752 1345 832 1385 πυρὸς
855 1344 944 1384 φέρον,

179 1390 258 1423 1369
281 1391 354 1421 Κατὰ
365 1390 452 1428 στόμα
473 1390 568 1430 τρώσοι
583 1400 628 1428 με,
650 1390 694 1417 καὶ
709 1388 796 1429 φλέξοι
812 1388 892 1417 πάλιν
909 1397 916 1404 ·

177 1435 256 1468 1370
277 1434 352 1464 Ἀλλ’
368 1435 456 1475 ὥςπερ
470 1435 547 1466 αὐτὸς
563 1434 662 1474 ἥμερον
676 1433 801 1465 πλουτεῖς
817 1433 903 1473 φύσιν,

278 1480 328 1510 Καὶ
341 1480 391 1514 τὴν
412 1478 471 1508 ὁδόν
486 1490 531 1517 μοι
545 1482 631 1507 πᾶσαν
653 1478 752 1518 ἥμερον
768 1476 836 1505 δίδου
854 1487 862 1496 ³

280 1521 326 1556 Ὠς
341 1525 399 1564 εἴγε
413 1525 511 1558 ταύτην
525 1522 651 1564 ἀσφαλῶς
665 1521 810 1562 διαδράμω,

176 1610 310 1641 voluntas
315 1609 394 1648 regis
399 1608 496 1649 jubet.
508 1607 668 1638 Evidenter
676 1615 735 1637 non
746 1609 777 1637 ut
786 1605 874 1637 homo
881 1606 997 1637 videre-

177 1658 236 1692 tur,
252 1654 305 1685 sed
321 1653 406 1694 quasi
421 1653 554 1692 angelus,
568 1655 618 1682 aut
633 1651 754 1682 omnino
767 1651 840 1681 deus
850 1654 929 1682 totus
943 1651 997 1683 Dei

176 1699 357 1731 commercio
374 1697 539 1729 deificatus.
555 1696 688 1728 Tentabo
712 1695 850 1736 equidem
877 1705 995 1727 rursum

177 1748 206 1776 et
220 1743 333 1784 pluries
347 1743 384 1773 ad
400 1746 427 1773 te
440 1742 543 1773 venire
554 1741 672 1781 fruique
685 1741 877 1778 commercio,
889 1750 927 1771 an
938 1740 998 1770 for-

176 1792 206 1820 te
216 1789 332 1820 felicem
342 1787 418 1819 hanc
428 1790 537 1818 sortem
555 1786 690 1817 obtinere
701 1794 818 1826 queam.
836 1784 894 1816 Sed
907 1793 996 1815 unum

175 1833 266 1864 timeo
282 1838 421 1873 tuamque
436 1831 564 1862 divinam
581 1839 671 1862 exoro
686 1833 877 1870 potestatein;
896 1834 929 1861 ut
942 1830 998 1860 ad-

175 1887 278 1908 versus
288 1877 425 1908 timorem
437 1876 577 1907 auxilium
589 1879 720 1915 praestet,
730 1883 766 1905 ne
777 1883 824 1905 me
834 1874 918 1905 dirus
929 1874 999 1905 ferae

176 1920 320 1961 Gorgonis
335 1920 438 1951 oculus
453 1924 522 1951 ante
532 1920 653 1959 januam
670 1918 900 1949 tremebundum
915 1918 998 1958 aspi-

177 1965 245 2002 ciat,
252 1974 290 1996 ne
297 1964 366 2005 quis
375 1964 524 1996 Cerberus
531 1972 651 2002 magnos
661 1963 730 1994 edat
740 1963 914 2000 latratus,ne
922 1971 1000 2002 quae-

176 2010 243 2041 dam
251 2010 410 2049 indignans
420 2009 585 2040 Hecateme
593 2007 836 2039 laceret.Etenim
850 2007 999 2047 quomodo

177 2064 295 2086 morsus
311 2064 399 2086 unam
417 2054 568 2085 sustinebo
585 2055 712 2094 plagam,
739 2054 827 2084 homo
850 2062 950 2083 macer
970 2052 1000 2083 el

176 2099 360 2140 tabefactus?
375 2099 436 2140 Ego
451 2109 521 2130 vero
537 2108 600 2130 sum
616 2099 652 2129 ad
667 2098 747 2129 aliud
763 2098 833 2138 quid
850 2098 970 2138 pavidus
990 2108 996 2129 :

175 2138 379 2185 liturgic‘orum
395 2138 475 2175 enim
491 2144 650 2184 spirituum
673 2143 764 2173 timeo
779 2142 884 2180 visum,
902 2142 997 2173 alato-

175 2199 301 2230 rumque
316 2193 433 2220 tuorum
449 2188 625 2228 angelorum
639 2187 783 2218 visionem
803 2197 810 2218 :
824 2196 891 2217 nam
903 2196 920 2217 e
936 2196 999 2217 cor-

175 2234 298 2274 poribus
309 2233 425 2264 animas
435 2233 576 2272 eripiunt.
593 2231 615 2262 E
626 2231 734 2272 quibus
749 2240 819 2262 erue
833 2241 890 2268 me,
900 2231 1000 2262 Salva-

176 2283 223 2309 tor
232 2278 408 2318 animarum,
422 2277 578 2317 defensor;
595 2285 633 2307 ne
644 2285 692 2307 me
707 2275 866 2316 quidquam
880 2276 997 2318 illorum

176 2323 344 2359 conturbet,
368 2316 423 2352 nec
444 2321 526 2352 aliud
551 2320 621 2361 quid
637 2320 873 2360 phantasmatum
892 2316 920 2351 et
935 2324 997 2351 ter-

177 2367 339 2399 riculorum
351 2370 420 2397 ante
430 2366 509 2397 fores
515 2364 674 2397 aslantium
684 2365 999 2405 appropinquet.Post-

176 2420 263 2452 quam
274 2415 371 2442 autem
384 2411 447 2441 haec
458 2410 618 2441 auxiliante
630 2411 692 2440 Deo
705 2408 893 2449 transiero,et
907 2418 999 2449 prope

174 2457 314 2487 thronum
325 2460 405 2486 tuum
417 2464 584 2492 accessero,
597 2463 636 2485 ne
647 2453 803 2485 cherubim
819 2453 937 2493 igneam
948 2462 1000 2494 ge-

176 2510 246 2533 rens
264 2501 446 2541 romphaaam
472 2509 572 2531 coram
590 2503 617 2531 te
631 2508 680 2530 me
695 2498 829 2530 vulneret
848 2507 883 2529 ac
898 2503 1001 2539 postea

176 2546 350 2578 succendat.
374 2544 432 2576 Sed
451 2555 519 2577 cum
536 2545 601 2585 ipse
621 2544 703 2576 mitis
726 2547 839 2576 naturae
851 2543 934 2575 dives
954 2552 997 2582 es,

176 2595 266 2623 totam
276 2600 395 2633 quoque
404 2590 482 2622 viam
495 2590 569 2621 mihi
584 2588 677 2622 redde
691 2588 825 2629 planam;
840 2592 873 2620 ut
884 2589 910 2619 si
920 2592 1000 2620 tutus

218 2672 251 2698 σε
270 2684 316 2713 γρ·
330 2672 510 2713 ἠγριωμένην·
573 2671 660 2711 ⁸τ’γρ-
677 2671 861 2709 εὐθυνομένην.

794 160 956 194 JOANN'IS
976 160 1258 193 EUCHAITENSIS

1802 159 1892 191 1168

1148 217 1240 268 ’ὅρμος
1256 240 1296 261 τις
1311 228 1373 263 ἡδὺς
1387 227 1412 256 τ’
1427 228 1495 258 ἄλλα
1511 230 1607 266 πάντα,
1625 231 1669 258 καὶ
1692 228 1783 269 φίλος,

1139 273 1191 306 Τῆς
1205 276 1255 307 σῆς
1271 272 1452 312 γαληνότητος
1465 273 1700 312 ἐμπεπλησμένος.

1042 315 1118 348 1375
1140 321 1222 363 Ξανῦν
1237 317 1264 346 δὲ
1278 319 1402 357 Χριστὸν,
1425 319 1502 346 πιστέ
1524 319 1616 359 χριστέ
1634 319 1738 358 Κυρίου,

1141 352 1230 402 Ἔχεις
1246 363 1374 399 σύνοικον,
1391 364 1435 391 καὶ
1449 352 1572 403 συνεργὸν
1585 367 1632 392 τοῦ
1645 364 1772 402 κρὰτους,

1139 407 1188 434 Τὸν
1210 408 1254 435 καὶ
1268 406 1472 446 βασιλεύσαντα,
1495 408 1539 436 καὶ
1553 407 1687 446 στέψαντᾶ
1701 417 1744 444 σε,

1142 453 1191 480 Καὶ
1205 452 1440 490 συμϐασιλεύοντα,
1454 453 1498 481 καὶ
1513 452 1644 481 σκέποντᾶ
1658 462 1700 489 σε,

1140 499 1220 529 Οὗτος
1235 497 1285 536 γὰρ
1299 497 1388 537 ὥσπερ
1407 504 1466 530 τοῖς
1481 497 1547 536 τρισὶ
1562 498 1676 529 νεανίαις

1040 540 1119 573 1380
1140 541 1223 575 Συνῆν
1240 541 1373 581 τέταρτος,
1390 542 1417 570 ἐν
1432 541 1506 579 μέσῳ
1521 541 1618 581 φλογὸς
1633 541 1715 570 πάλαι
1734 550 1741 555 ·

1139 584 1214 613 Οὕτω
1229 584 1308 613 πάλιν
1323 585 1445 624 τέταρτος
1462 584 1530 613 ἔστω
1543 584 1665 625 κάνθάδε,

1141 630 1285 669 Δροσισμὸς
1301 631 1364 668 {iptio
1379 630 1406 658 ἐν
1421 629 1563 668 βασιλείοις
1580 629 1684 667 μέσοις,

1139 675 1189 702 Τὸν
1210 673 1287 707 ἥλιόν
1301 685 1330 701 σε
1345 674 1436 714 πρῶτα
1451 674 1551 710 σώζων,
1570 675 1614 702 καὶ
1629 674 1715 712 νέμων

1139 719 1217 752 Σωὴν
1234 718 1344 755 ἄλυπον,
1361 721 1472 758 εὐτυχῆ,
1490 718 1644 758 νικηφόρον,

1043 762 1119 795 1385
1140 763 1240 800 Καλοῗς
1255 774 1283 791 τε
1297 770 1356 795 τοῖς
1372 764 1504 800 σύμπασιν
1517 762 1549 787 65
1564 762 1762 800 εὖθηνουμένην
1781 770 1789 779 ⁸

1141 798 1250 837 ἸΕπειτα
1263 809 1360 841 ταύτην
1376 809 1425 841 τὴν
1447 809 1562 842 σελήνην
1577 812 1624 836 τοὺ
1637 808 1762 847 κράτους,

1142 853 1195 886 Τὴν
1212 852 1405 892 κοσμολαμπῆ,
1422 853 1466 881 καὶ
1481 851 1720 892 διαπρεπεστάτην,

1141 898 1195 930 Τὴν
1210 896 1283 924 οὐδὲν
1298 897 1373 934 ἄλλο,
1391 896 1460 930 πλὴν
1475 897 1489 924 ὃ
1504 896 1631 930 κέκληται
1648 897 1740 934 μόνον.

1141 942 1217 975 Ζωὴν
1234 942 1284 981 γὰρ
1298 941 1381 972 ὅντως
1395 942 1412 974 ἡ
1428 941 1488 974 Ζωὴ
1503 945 1549 969 τοῦ
1564 945 1607 969 νῦν
1622 941 1689 979 βίον.

1041 984 1119 1016 1390
1139 990 1233 1025 Τρίτην
1246 985 1274 1013 δέ
1288 997 1333 1023 μοι
1348 986 1472 1014 σύνταττε
1486 987 1530 1014 καὶ
1545 986 1592 1019 τὴν
1609 984 1741 1024 δευτέραν,

1141 1032 1177 1071 ’ξὸ
1192 1030 1299 1071 φαιδρὸν
1314 1030 1411 1070 ἄστρον
1424 1035 1472 1059 τοῦ
1485 1030 1626 1059 πανολϐίου
1647 1030 1771 1070 στέφους,

1146 1067 1176 1115 ῨΗ
1192 1067 1240 1109 τὴν
1255 1067 1538 1115 ἐκείνης-αὖταδέλφην
1559 1074 1643 1115 ἀξίαν,

1141 1113 1172 1150 ⁸Ὀ
1194 1121 1293 1151 παντὸς
1310 1120 1390 1148 ἄλλου
1405 1113 1498 1158 μεῖζον
1513 1122 1550 1152 εἷς
1564 1113 1688 1153 εὐδοξίαν.

1143 1162 1171 1196 ‘0
1187 1168 1296 1207 χριστὸς
1311 1167 1354 1195 οὖν
1369 1166 1493 1206 τέταρτος
1506 1168 1570 1204 ὑμῖν
1582 1167 1609 1194 ἐν
1627 1166 1700 1204 μέσῳ

1041 1211 1120 1244 1395
1142 1211 1196 1240 Ἀεὶ
1217 1212 1350 1251 παρέστω,
1375 1212 1418 1240 καὶ
1432 1213 1498 1251 πρὸς
1514 1210 1645 1246 ἀλλήλους
1662 1212 1724 1249 μίαν

1140 1256 1291 1294 Σύμπνοιαν
1313 1256 1458 1296 ἐργάζοιτο,
1475 1257 1518 1284 καὶ
1533 1256 1698 1296 συμψυχίαν,

1142 1299 1234 1332 Διδοὺς
1248 1300 1330 1328 ἅπασι
1353 1301 1451 1340 μακρὸν
1467 1299 1554 1329 ἐνθάδε
1570 1301 1678 1340 χρόνον,

1143 1350 1161 1373 Δ
1172 1345 1190 1364 νς
1241 1344 1261 1355 ς’
1279 1345 1285 1353 ι
1411 1345 1418 1355 \
1533 1348 1545 1353 -
1651 1345 1656 1351 '

1163 1357 1223 1378 ο,αν
1239 1352 1252 1373 ο
1277 1347 1378 1373 εκεῖθεν
1392 1356 1440 1379 την
1455 1345 1548 1374 ἑαυτου
1561 1355 1730 1384 προσνέμων,

1141 1390 1190 1418 Καὶ
1205 1390 1234 1417 τὸ
1249 1389 1352 1429 στέφος,
1369 1389 1503 1428 κράτιστε,
1519 1390 1568 1422 τῆς
1587 1387 1740 1429 ἀφθαρσίας,

1233 1428 1300 1464 ΝΔ’,
1320 1445 1334 1460 α
1353 1433 1396 1465 Εἷς
1411 1434 1457 1464 τὰς
1473 1431 1623 1464 δεσποίνας,
1640 1443 1655 1460 ι

1043 1477 1121 1510 1400
1143 1482 1254 1508 Amori:
1269 1477 1393 1509 ἀνάσσαις
1409 1476 1581 1516 αὖταδέλφαις
1604 1477 1761 1516 αὒγούσταις

1141 1522 1258 1562 Δώρημα
1273 1523 1360 1550 κοινὸν
1375 1521 1401 1554 ἐξ
1416 1522 1474 1553 ἑνὸς
1485 1521 1576 1550 δούλου
1590 1520 1659 1550 τόδε.

1037 1615 1104 1638 eam
1120 1615 1307 1646 percurrero,
1324 1605 1443 1646 quidam
1459 1605 1497 1636 sit
1511 1605 1584 1636 mihi
1600 1609 1701 1646 portus
1717 1605 1748 1636 in
1763 1605 1864 1636 omni-

1038 1651 1093 1682 bus
1109 1651 1205 1682 dulcis
1226 1655 1256 1682 et
1280 1651 1403 1688 amicus,
1432 1654 1481 1681 tua
1508 1650 1690 1690 henignitate
1719 1649 1862 1690 repletus.

1038 1697 1123 1728 Nunc
1138 1700 1251 1734 autem,
1268 1695 1365 1726 ﬁdelis
1381 1695 1496 1726 Domini
1513 1695 1642 1734 Christe,
1658 1696 1801 1735 potentiae
1812 1704 1864 1725 so-

1039 1741 1117 1771 cium
1127 1747 1157 1772 et
1167 1744 1390 1781 cooperatorem
1403 1739 1495 1771 habes
1508 1740 1672 1777 Christum,
1681 1740 1732 1780 qui
1743 1743 1772 1770 te
1783 1740 1865 1779 regia

1040 1794 1210 1826 coronaque
1225 1785 1354 1822 donavit,
1369 1784 1419 1825 qui
1434 1789 1531 1816 tecum
1547 1788 1651 1824 regnat
1664 1789 1693 1816 et
1709 1789 1737 1814 te
1752 1784 1863 1815 conﬁr-

1041 1834 1110 1861 mat.
1124 1829 1189 1870 fpse
1201 1839 1300 1870 porro,
1312 1829 1564 1870 quemadmodum
1581 1829 1675 1860 tribus
1686 1828 1862 1860 adolescen-

1041 1874 1118 1906 tibus
1142 1875 1172 1905 in
1198 1874 1296 1905 medio
1321 1873 1450 1905 fornacis
1464 1874 1534 1904 olim
1550 1879 1671 1914 quartus
1695 1874 1800 1914 adfuit,
1823 1875 1862 1904 ita

1040 1928 1157 1950 rursum
1169 1919 1211 1949 ibi
1223 1923 1344 1959 quartus
1360 1918 1458 1950 media
1471 1918 1553 1958 regia
1566 1927 1615 1950 ros
1629 1918 1714 1949 vobis
1727 1918 1815 1957 adsit,
1833 1923 1861 1950 te

1041 1964 1169 2004 primum
1185 1964 1280 1995 solem
1296 1964 1422 2003 salvans,
1439 1962 1553 2002 tibique
1578 1963 1673 1994 laetam
1697 1963 1785 1994 vitam
1809 1964 1861 1994 tri-

1041 2008 1146 2047 buens,
1159 2009 1288 2045 felicem,
1300 2008 1463 2044 victricem,
1473 2016 1508 2038 ac
1518 2007 1606 2039 bonis
1619 2008 1757 2039 omnibus
1767 2009 1858 2040 refer-

1040 2057 1120 2092 tam;
1137 2053 1246 2084 deinde
1260 2053 1341 2084 illam
1359 2052 1498 2093 potentiae
1511 2051 1624 2091 lunam,
1641 2053 1745 2083 mundi
1761 2053 1859 2084 lucer-

1040 2107 1120 2135 nam,
1142 2097 1330 2138 splendorem
1354 2097 1526 2133 maximum,
1543 2106 1608 2137 quae
1631 2097 1705 2128 nihil
1720 2097 1799 2128 aliud
1815 2101 1859 2129 est

1040 2152 1074 2173 ac
1098 2142 1288 2181 nominatur;
1314 2151 1415 2174 revera
1435 2142 1515 2173 enim
1540 2151 1592 2173 zoe
1615 2142 1683 2173 vitae
1707 2143 1858 2183 praesentis

1041 2188 1164 2219 estvita.
1177 2187 1306 2218 Tertiam
1321 2190 1430 2225 autem,
1448 2196 1560 2227 quaeso,
1583 2191 1723 2227 computa
1742 2197 1858 2228 quoque

1039 2232 1213 2270 secundam,
1231 2232 1427 2263 ornatissimae
1442 2240 1559 2262 coronae
1585 2231 1718 2262 lucidum
1737 2236 1856 2268 astrum,

1039 2276 1101 2307 sive
1112 2277 1234 2316 probam
1250 2276 1329 2307 illius
1344 2285 1489 2313 sororem,
1506 2276 1584 2316 quod
1601 2275 1637 2306 ad
1652 2276 1775 2315 gloriam
1791 2286 1859 2317 quo-

1039 2320 1112 2351 libet
1122 2321 1179 2351 alio
1191 2321 1286 2361 majus
1297 2324 1352 2352 est.
1364 2320 1498 2352 Christus
1509 2329 1579 2360 ergo
1592 2325 1715 2360 quartus
1723 2321 1753 2351 in
1765 2321 1858 2353 medio

1041 2366 1135 2396 vestri
1156 2365 1269 2405 jugiler
1291 2365 1377 2402 adsit,
1393 2369 1423 2396 et
1432 2365 1467 2396 ad
1481 2365 1607 2396 invicem
1627 2374 1715 2396 unam
1732 2372 1857 2397 mentem

1040 2419 1193 2450 unumque
1214 2419 1334 2441 sensum
1358 2409 1478 2446 efﬁciat,
1505 2409 1622 2449 longam
1652 2410 1790 2441 omnibus
1812 2411 1857 2442 hic

1040 2459 1182 2495 praestans
1196 2455 1296 2492 vitam,
1310 2453 1433 2493 gloriam
1444 2457 1543 2484 autem
1563 2462 1628 2494 quae
1644 2463 1679 2485 ex
1694 2454 1758 2495 ipso
1774 2459 1856 2486 estet

1041 2508 1192 2537 coronam,
1210 2499 1335 2539 optime,
1351 2497 1583 2530 immortalitatis
1597 2498 1660 2530 illic
1673 2507 1836 2531 reservans.

1302 2542 1377 2575 LIV.
1394 2543 1433 2574 In
1446 2542 1592 2583 Reginus.

1081 2588 1202 2621 Duabus
1217 2587 1329 2629 reginis
1345 2588 1497 2620 sororibus
1513 2588 1644 2628 angustis
1659 2588 1739 2620 istud
1755 2597 1789 2620 ex
1802 2598 1856 2620 uno

855 2750 984 2783 Matthaai
997 2751 1082 2783 Busti
1095 2755 1185 2783 notaa.

180 2872 199 2880 η
213 2835 288 2880 ,(ξξΙι)
302 2835 391 2880 Μηξὲν
407 2835 545 2880 χερουϐίμ.
563 2835 688 2867 Versum
703 2833 762 2865 727
779 2836 809 2863 et
822 2831 930 2872 reliqui

1055 2831 1134 2862 hunc
1158 2831 1190 2862 in
1214 2831 1415 2873 manuscripto
1434 2830 1637 2872 sequebantur
1649 2831 1716 2864 vide
1731 2841 1796 2874 pag.
1810 2831 1855 2870 23,

178 2874 322 2909 ἱὸῑῆττων
343 2875 370 2903 δὲ
392 2874 510 2917 τέᾶέτις,
527 2879 585 2908 etc.
