1950 3083
97 126 112 158 1
121 127 194 158 205

844 126 1012 159 URATION
1019 127 1069 158 ES.

1729 127 1808 166 1206

94 194 181 232 ἀνὴρ
208 195 352 227 τεθνηκὼς,
384 196 436 226 οἷὸς
466 196 612 234 μονογενὴς
642 198 675 232 τῇ
701 195 780 233 μητρὶ
795 194 885 233 uoto-.3,
904 194 942 222 καὶ

1029 192 1083 222 stia
1104 191 1228 223 civitatis
1259 193 1349 223 multa
1375 202 1441 224 cum
1471 193 1532 224 illa.
1563 193 1597 224 Et
1624 193 1728 224 videns
1743 202 1808 224 eam

97 238 181 270 αὕτη
200 239 285 277 χήρα,
303 239 346 266 καὶ
367 238 450 278 ὄχλος
478 242 526 272 τῆς
556 238 659 270 πόλεως
688 239 775 270 ἱκανὸς
803 238 848 266 σὺν
864 239 941 276 αὐτῇ,

98 283 162 310 Καὶ
178 281 242 310 ἰδὼν
258 283 340 316 αὐτὴν
372 283 430 323 (10)
447 286 460 312 ὁ
484 283 585 317 Ἰησοῦς
614 283 812 323 ἐσπλαγχνίσθη
839 283 881 311 ἐπ’
897 285 943 312 αὖ·

97 327 161 359 τὴν
178 328 226 355 καί
240 328 316 355 εἶπεν
333 329 410 367 αὑτῇ,
434 329 478 362 Μὴ
506 328 596 359 κλαῖε.
628 330 676 357 Καὶ
690 328 840 368 προσελθὼν
855 328 944 366 ἥψατο

96 373 160 404 τῆς
189 376 288 411 σοροῦ·
321 374 345 400 οἱ
374 372 401 401 δὲ
429 373 603 411 βαστάζοντες
632 373 757 406 ἔστησαν.
791 374 839 402 Καὶ
869 373 941 409 εἶπε,

100 415 257 456 Νεανίσκε,
286 418 326 445 σοὶ
362 417 444 457 λέγω,
492 417 622 457 ἐγέρθητι,
661 418 703 445 καὶ
751 417 900 446 ἀνεκάθισεν
929 418 943 445 ὁ

98 463 219 500 νεκρὸς,
250 463 293 490 καὶ
328 462 424 502 ἤρξατο
460 463 562 501 λαλεῖν,
601 464 645 492 καὶ
673 462 768 491 ἔδωκεν
796 465 874 493 αὐτὸν
909 466 942 501 τῇ

100 507 198 544 μητρὶ
215 507 303 537 αὺτοῦ.
344 519 357 535 ι
384 504 412 537 Ὀ
435 508 614 548 μεγαλουργὸς
643 509 707 540 Θεὸς
736 509 779 537 καὶ
805 509 941 541 Δεσπότης

99 551 154 578 καὶ
192 551 284 590 Κύριος
313 553 391 590 ἡμῶν
420 552 522 586 ἰησοῦς
555 554 665 592 Χριστὸς
692 555 778 590 θαῦμα
807 553 876 592 μέγα
893 563 941 580 τε-

101 603 269 634 ρατουργεῒ,
299 598 343 625 καὶ
377 601 503 632 ζωοποιεῖ
531 598 631 638 ἡζωὴ,
661 599 704 626 καὶ
732 598 823 633 ἀνιστᾷ
846 598 862 630 ἡ
878 597 927 624 διναὶ

101 649 220 675 στασις,
237 641 280 668 καὶ
316 642 406 682 νεκρὸν
435 641 527 681 ἐγείρει
553 643 617 681 πρὸς
644 642 710 682 (11)
735 642 821 681 ταφὴν
837 641 942 680 ἀπαγό-

103 693 208 723 μενον,
238 686 281 713 καί
309 685 362 714 ἀπὸ
389 690 436 714 τοῦ
464 687 597 724 θαύματος
626 687 717 715 τούιου
745 691 884 716 πιστοῦται
900 687 943 714 καὶ

100 729 279 768 πληροφορεϊ
315 730 364 763 τὴν
399 730 622 769 προσδοκωμένην
665 731 758 764 κοινὴν
803 731 943 759 ἀνάστασιν

101 773 151 799 καὶ
183 773 328 808 καθολικὴν
356 774 456 814 ἔγερσιν
488 776 540 803 τῶν
576 779 686 815 νεκρῶν,
717 776 761 803 καὶ
789 780 837 808 την
868 777 945 806 αὐτοῦ

102 817 250 856 ζωηφόρον
275 819 318 846 καὶ
345 820 414 847 θείαν
443 820 584 848 ἀνάστασιν
620 819 793 860 προδεικνῦει,
824 820 866 848 καὶ
894 820 943 853 τὴν

985 235 1080 273 Jesus,
1100 236 1306 267 misericordia
1321 241 1417 268 motus
1433 241 1477 267 est
1492 247 1582 277 super
1597 237 1676 268 illam
1694 242 1721 268 et
1737 238 1811 269 dixit

985 281 1029 312 illi
1043 292 1048 310 :
1061 281 1220 312 Noliﬂere.
1232 281 1266 311 Et
1291 282 1436 312 accedens
1454 282 1700 321 leligitloculum,
1715 286 1745 313 et
1759 283 1809 322 qui

985 334 1051 355 eum
1064 325 1220 365 portabant
1231 329 1387 358 steterunt.
1402 326 1440 357 Et
1448 326 1520 356 dixit
1533 337 1539 356 :
1554 326 1810 363 Adolescens,tibi

986 369 1062 407 dico,
1081 379 1169 408 surge
1194 375 1223 401 et
1234 370 1346 401 resedit
1361 370 1412 410 qui
1436 375 1499 401 erat
1527 375 1660 401 mortuus
1677 375 1705 401 et
1720 371 1809 411 coepit

986 413 1067 454 loqui
1082 418 1110 445 et
1125 414 1207 445 dedit
1222 415 1305 445 illum
1321 416 1406 445 matri
1422 424 1492 445 suae.
1513 426 1525 443 ν
1544 414 1599 451 Qui
1615 425 1720 454 magna
1734 424 1809 455 ope-

985 461 1067 488 mtur
1094 457 1173 489 Deus
1203 463 1231 489 et
1260 459 1403 490 Dominus
1432 463 1533 490 noster
1560 458 1647 490 Jesus
1675 459 1810 491 Christus

984 502 1158 533 miraculum
1167 512 1303 542 magnum
1312 503 1411 539 elﬁcit,
1420 503 1581 534 etviviﬁcat
1590 503 1647 534 vita
1655 508 1682 534 et
1689 504 1810 535 suscitat

983 547 1177 585 resurrectio,
1196 553 1225 579 et
1242 552 1392 578 mortuum
1420 548 1528 578 excitat
1552 548 1602 588 qui
1618 548 1810 588 sepeliendus

985 591 1164 622 efferebatur
1179 595 1209 622 et
1222 592 1277 622 hoc
1290 592 1432 623 miraculo
1443 593 1530 623 tidem
1542 597 1570 622 et
1586 593 1808 632 persuasionem

985 635 1072 666 nobis
1085 635 1191 675 ingerit
1204 637 1372 668 communis
1396 647 1483 677 quam
1507 641 1694 676 expectamus
1709 647 1810 668 resur-

985 680 1127 711 rectionis
1144 685 1172 711 et
1188 680 1363 712 universalis
1374 686 1556 712 mortuorum
1568 681 1810 718 resurrectionis.

986 729 1015 755 et
1026 734 1108 755 suam
1120 726 1264 756 viviﬁcam
1282 726 1448 756 etdivinam
1467 726 1718 757 resurrectionem
1731 736 1810 766 prse-

987 770 1126 810 ostendit,
1144 774 1171 800 et
1181 774 1310 800 nostram
1323 780 1376 810 per
1386 770 1466 801 illam
1479 771 1718 811 redemptionem
1733 775 1762 801 et
1777 771 1810 801 li-

987 814 1130 845 bertatem
1151 819 1178 844 et
1206 815 1331 845 salutem
1361 820 1389 845 et
1418 815 1506 846 vitam
1535 820 1675 846 aeternam
1706 815 1811 846 subin-

105 859 140 869 ἰν
196 864 203 872 ν
229 865 239 870 ~
304 864 310 874 ι
518 865 524 873 η
641 857 645 860 “
749 868 759 871 ν
786 857 791 859 ⁷
921 865 926 874 I

103 869 129 887 οι
174 872 257 895 αυτης
281 863 409 903 λυτρωσιν
439 866 482 892 καὶ
517 865 663 904 ελευθερίαν
702 866 779 902 ἡμων
809 865 942 904 ὑπεμφαι-

1029 863 1092 904 τοίη
1110 859 1148 890 Ut
1177 859 1256 889 enim
1287 859 1553 900 appropinquabat,
1581 859 1688 900 inquit,
1720 864 1810 900 portae

105 915 148 932 νει
165 907 212 934 καὶ
242 909 384 948 σωτηρίαν,
414 910 457 936 καὶ
492 910 562 945 ζωὴν
589 910 637 943 τὴν
668 909 787 940 αἶώνιον.
819 904 864 941 ιΩιτ
894 909 942 948 γὰρ

1032 903 1121 943 itatis,
1139 912 1209 934 ecce
1225 904 1268 934 vir
1289 905 1467 935 ell‘erebatnr
1491 908 1625 935 mortuus
1641 905 1812 944 cnigenitus

107 949 225 989 ἤγγισε,
242 954 317 992 φησὶ,
344 957 377 991 τῇ
407 953 477 992 πύλῃ
504 957 553 987 τῆς
587 954 702 989 πόλεως,
735 953 789 981 ἰδοὺ
819 953 885 991 ἀνὴρ
900 952 942 985 ἐξ-

1029 948 1086 977 ιιτίς
1099 957 1170 978 sum.
1182 949 1437 989 Appropinquavit
1447 953 1537 988 ροινιω
1544 949 1668 979 civitatis
1679 949 1813 980 Christus

108 995 253 1031 εκομίζετο
275 998 408 1030 τεθνηκὼς
437 999 491 1029 υἱὸς
522 999 668 1036 μονογενὴς
696 1001 729 1036 τῇ
757 999 837 1036 μητρὶ
854 998 941 1026 αὒτοῦ.

1045 993 1123 1023 Deus
1151 998 1265 1030 noster,
1297 998 1387 1033 porta:
1414 993 1479 1024 vitae
1509 998 1536 1023 et
1566 993 1807 1031 immortalitatis,

119 1041 226 1078 Ηγγισε
262 1043 296 1079 τῇ
320 1041 391 1080 πύλῃ
420 1045 469 1075 τῆς
498 1041 601 1074 πόλεως
630 1043 701 1070 Ναίν
731 1043 744 1070 ὁ
770 1042 879 1081 Χριστὸς
901 1042 942 1069 καῖ

1029 1037 1259 1076 lamentajussit
1288 1037 1444 1078 comprimi
1474 1038 1539 1068 vitae
1564 1038 1660 1068 dator.
1679 1037 1812 1068 Retinuit

111 1084 181 1114 Θεὸς
210 1085 298 1122 ἡμῶν,
323 1087 340 1120 ἡ
362 1086 431 1119 πύλη
454 1089 502 1120 τῆς
532 1090 603 1122 ζωῆς
633 1088 675 1114 καὶ
704 1087 752 1120 τῆς
791 1086 942 1123 ἀθανασίας,

1029 1081 1065 1111 im
1097 1082 1206 1112 mortui
1235 1082 1369 1113 lecticam
1399 1082 1559 1113 adveniens
1597 1082 1752 1123 Dominus,
1783 1087 1812 1114 et

110 1128 158 1155 καὶ
175 1129 221 1156 τὸν
250 1131 342 1169 θρῆνον
372 1130 506 1159 ἐκέλευσεν
535 1132 548 1159 ὀ
576 1131 714 1167 ζωπᾶότης
747 1130 941 1160 συστέλλεσθαι.

1029 1126 1113 1156 :enlis
1130 1125 1216 1157 matri
1244 1127 1340 1165 dixit;
1371 1139 1382 1154 «
1413 1126 1479 1158 Noli
1507 1127 1590 1166 ﬂere,
1615 1127 1741 1163 mulier;
1758 1127 1812 1158 sed

112 1171 262 1211 Ἐκράτησε
277 1175 325 1214 γὰρ
353 1179 402 1209 τὴν
430 1175 521 1209 κλίνην
557 1179 603 1204 τοῦ
637 1176 793 1209 τεθνηκότος
819 1175 942 1209 ἀπαντή-

1029 1171 1079 1200 lori
1096 1171 1184 1201 finem
1201 1171 1321 1211 impone
1353 1173 1409 1211 Ego
1436 1172 1515 1202 enim
1545 1180 1609 1202 sum
1626 1172 1811 1203 resurrectio

111 1227 161 1247 01¢:
185 1218 200 1245 ὁ
232 1220 380 1256 Δεσπότης,
410 1222 453 1248 καὶ
482 1224 515 1259 τῇ
545 1222 625 1260 μητρὶ
653 1221 698 1249 τοῦ
727 1220 848 1258 κειμένου
870 1221 942 1250 εἷπε,

1031 1214 1098 1245 vita.
1115 1215 1227 1260 Desine
1242 1215 1330 1255 igitur
1346 1215 1516 1252 lamentari,
1545 1220 1573 1246 et
1589 1225 1708 1255 gemere
1725 1220 1754 1246 et
1769 1216 1811 1246 la-

113 1261 159 1294 Μη
189 1261 280 1300 κλαῖε,
309 1264 332 1292 ὦ
361 1265 437 1302 γύναι
472 1265 540 1293 ἀλλὰ
561 1259 607 1297 δὸς
633 1266 749 1305 ἡσυχίαν
777 1268 815 1301 τῷ
843 1263 942 1294 πένθει,

1029 1268 1100 1295 {mas
1117 1259 1199 1290 siste.
1217 1259 1349 1291 Solvetur
1365 1261 1445 1291 enim
1479 1264 1598 1291 tuarum
1613 1260 1807 1299 lacrymarum

115 1303 190 1344 Ἐγὼ
203 1307 253 1346 γάρ
269 1309 321 1346 εἰμι
336 1310 353 1343 ἡ
368 1299 524 1342 ’ἀνάστασις
553 1310 597 1338 καὶ
626 1311 643 1344 ἡ
671 1299 740 1345 ζωή.
770 1299 870 1337 Παῦσαι
887 1309 942 1336 τοί-

1029 1313 1074 1334 isa
1088 1308 1117 1334 et
1145 1309 1337 1336 convertetur
1363 1305 1448 1335 dolor
1475 1309 1540 1335 tuus
1563 1305 1591 1335 in
1606 1304 1758 1343 gaudium.
1775 1304 1810 1335 Et

115 1361 159 1378 νυν
189 1353 241 1378 τῶν
268 1352 397 1392 ὀδυρμῶν,
421 1355 517 1383 παῦσαι
552 1359 604 1383 τῶν
632 1356 746 1394 θρήνων,
775 1355 819 1382 καιῖ
843 1355 940 1386 στῆσον

1029 1347 1129 1378 :edens
1145 1349 1242 1394 tetigit
1257 1349 1399 1381 loculum.
1431 1349 1465 1380 Et
1481 1353 1627 1380 steterunt
1642 1348 1699 1394 qui
1708 1353 1808 1388 porta-

115 1394 148 1421 τὰ
163 1393 260 1435 δάκρυα
278 1405 284 1411 ·
302 1391 442 1433 λυθήσεται
473 1399 523 1438 γάρ
552 1410 598 1427 σου
625 1391 678 1426 τὼν
708 1397 825 1438 δακρύων
839 1398 856 1431 ἡ
873 1396 942 1436 πρό-

1029 1396 1066 1428 nt,
1082 1393 1236 1432 stupefacti
1252 1398 1280 1424 et
1307 1394 1384 1424 intra
1408 1403 1440 1424 se
1469 1398 1636 1434 quaerentes
1652 1393 1718 1433 quis
1729 1397 1809 1424 esset

115 1450 207 1478 φασις,
231 1443 274 1470 καὶ
303 1436 531 1479 μεταϐληθήσεται
559 1444 590 1471 τὸ
611 1443 704 1474 πένθος
727 1436 774 1472 σοι)
793 1443 828 1474 εἰς
844 1441 942 1481 χαράν.

1029 1445 1036 1466 ξ
1048 1441 1077 1467 et
1087 1447 1144 1477 qua
1155 1437 1192 1468 de
1205 1447 1293 1468 causa
1305 1438 1450 1477 tetigisset
1461 1438 1603 1469 loculum.
1616 1438 1689 1469 Cum
1712 1442 1809 1469 autem

119 1484 169 1512 Καὶ
198 1486 347 1525 προσελθὼν
371 1487 461 1525 ἥψατο
493 1489 544 1520 τῶς
581 1491 670 1528 σοροῦ⁷
698 1488 742 1515 καὶ
784 1486 898 1520 ἔστησαν
921 1494 942 1520 ot

1029 1486 1213 1512 cumstarent
1223 1483 1308 1513 valde
1323 1483 1452 1517 attoniti,
1466 1482 1574 1522 etquid
1585 1482 1715 1528 futurum
1726 1487 1812 1528 esset

219 1514 224 1525 |
255 1514 259 1515 '
302 1514 343 1516 ⁷⁷⁷
384 1514 459 1525 ιῐ-··-
500 1514 544 1520 ’ν’
584 1514 609 1516 “ν
632 1514 670 1527 “1
822 1514 847 1520 '-
940 1516 942 1520 -

117 1527 291 1565 βαστάζοντες
331 1531 540 1570 ἐκπληττόμενοι
583 1514 627 1561 καλ
669 1531 864 1571 διαποροῦντες,
901 1530 942 1564 Τίς

1029 1526 1088 1556 lere
1099 1531 1253 1567 cuperent,
1269 1527 1416 1558 allocutus
1433 1531 1477 1557 est
1493 1514 1639 1557 mortuum
1663 1526 1810 1568 Christus,

118 1572 186 1614 ἐστιν
202 1575 288 1606 οὗτος.
318 1577 362 1604 καὶ
389 1576 431 1605 ἐπὶ
462 1579 511 1604 τίνι
536 1579 629 1614 σκοπῷ
656 1575 745 1614 ἥψατο
766 1578 815 1609 τῆς
838 1578 942 1614 σοροῦ,

1029 1570 1084 1601 ait:
1099 1571 1185 1601 «Tibi
1195 1571 1274 1611 dico,
1287 1571 1473 1608 adolescens,
1485 1580 1586 1610 surge,
1603 1583 1615 1598 η
1631 1575 1660 1601 et
1671 1572 1710 1602 ita
1722 1572 1809 1602 verbo

119 1612 165 1649 Ὦς
188 1617 214 1646 δὲ
249 1620 432 1659 περιμένοντες
461 1621 527 1654 ἦσαν
569 1621 636 1658 μετὰ
672 1619 801 1657 θάμϐους,
830 1618 941 1649 πολλοῦ,

1037 1615 1174 1646 manibus
1205 1621 1353 1647 mortuum
1376 1616 1539 1656 suscitavit,
1572 1620 1601 1646 et
1630 1616 1808 1655 loquebatur

119 1663 161 1690 καὶ
188 1662 252 1690 iactv
283 1663 449 1702 προσεδόκων
491 1666 522 1693 τὸ
562 1664 777 1702 σομε-νισόμενον,
821 1663 941 1702 ἐφώνησε

1029 1668 1083 1690 'am
1099 1659 1248 1692 omnibus.
1279 1662 1351 1691 Cum
1380 1664 1479 1691 autem
1501 1664 1602 1700 posset
1632 1660 1720 1691 verbo
1747 1662 1811 1692 solo

120 1707 163 1734 τὸν
179 1708 268 1746 νεκρὸν
284 1709 297 1736 ὁ
313 1710 435 1747 Χριστὸς,
461 1710 505 1736 καὶ
519 1709 593 1737 εἶπε·
626 1710 671 1736 Σοὶ
699 1708 781 1747 λέγω,
812 1708 942 1743 νεανίσκε,

1029 1704 1161 1735 raculum
1173 1704 1306 1735 Christus
1317 1706 1448 1742 efﬁcere,
1464 1705 1555 1744 tangit
1568 1709 1665 1734 tamen
1675 1705 1809 1736 lecticam

122 1750 250 1790 ἐγέρθητι,
279 1753 322 1780 καὶ
351 1753 418 1781 οὕτω
453 1754 526 1792 λόγῳ
553 1754 595 1781 καὶ
625 1753 679 1792 ἁφῇ
708 1753 751 1780 τὸν
787 1752 878 1791 νεκρὸν
900 1751 942 1784 ἒξ-

1030 1748 1178 1778 discamus
1194 1748 1301 1779 Christi
1313 1749 1367 1780 Dei
1384 1749 1476 1780 nostri
1505 1758 1612 1788 corpus
1626 1758 1734 1789 corpus
1745 1759 1810 1780 esse

123 1795 258 1834 ανέστησε,
290 1798 333 1825 καὶ
377 1797 463 1825 ἐλάλει
503 1797 614 1825 ἐνώπιον
647 1797 765 1828 πάντων,
797 1796 942 1833 Δυνάμενος

1029 1801 1052 1822 ae
1073 1796 1102 1822 et
1116 1792 1363 1830 immortalitatis;
1381 1798 1409 1824 et
1430 1794 1527 1833 ipsum
1545 1802 1610 1823 esse
1625 1793 1674 1833 qui
1697 1793 1733 1824 ab
1750 1793 1808 1824 ini-

123 1838 149 1866 δὲ
168 1839 239 1879 λόγῳ
265 1842 338 1879 μόνῳ
366 1845 475 1876 ποιῆσαι
504 1843 534 1870 τὸ
569 1844 656 1879 θαῦμα
677 1843 690 1869 ὁ
726 1841 847 1880 Χριστὸς,
871 1839 942 1877 ὅμως

1043 1836 1206 1876 impollutis
1222 1837 1358 1868 manibus
1373 1838 1471 1868 divina
1487 1842 1550 1868 arte
1578 1837 1728 1868 hominem
1745 1837 1808 1868 for—

124 1883 229 1913 ἅπτεται
248 1889 297 1919 τῆς
328 1886 419 1919 κλίνης
450 1886 511 1926 (12)
543 1885 584 1914 διὰ
612 1887 652 1924 τὸ,
683 1885 728 1914 ἵνα
744 1886 879 1923 μάθωμεν,
903 1884 942 1912 ὅτι

1029 1880 1086 1917 ινίι,
1104 1885 1132 1911 et
1147 1881 1246 1912 divino
1258 1882 1487 1913 etintellectuali
1498 1881 1602 1921 spiritu
1617 1891 1682 1912 eum
1694 1882 1810 1913 anima-

124 1929 153 1956 τὸ
167 1931 242 1967 σῶμα
258 1934 369 1971 Χριστοῦ
396 1935 443 1959 τοῦ
471 1935 536 1959 Θεού
565 1931 653 1969 ἡμῶν,
683 1931 761 1968 σῶμά
791 1929 844 1957 ἐστι
873 1929 942 1964 ζωῆς

1040 1931 1067 1957 et
1082 1927 1247 1967 viviﬁcavit,
1259 1932 1347 1968 atque
1367 1929 1464 1968 ipsum
1481 1928 1624 1967 deinceps
1639 1937 1692 1968 per
1708 1927 1809 1959 tubam

126 1975 165 2002 καὶ
180 1975 316 2008 ἀθινασίας
333 1983 340 1990 ·
358 1977 402 2004 καὶ
427 1976 466 2004 ὅτι
495 1976 571 2007 αὒτὸς
596 1975 666 2003 ἐστιν
695 1976 708 2003 ὁ
724 1975 861 2014 καταρχὰς
875 1985 942 2014 χερ-

1030 1981 1145 2002 manam
1159 1976 1292 2003 naturam
1307 1974 1517 2004 suscitaturum
1543 1981 1621 2012 esse,
1638 1976 1666 2003 et
1689 1973 1808 2004 unicui-

126 2019 162 2046 σὶν
176 2019 316 2059 emanat;
330 2021 394 2060 (13)
417 2022 574 2060 θεουργικῶς
608 2019 754 2051 διαπλάσας
769 2020 813 2047 τὸν
842 2017 942 2058 ἄνθρω-

1029 2025 1042 2045 e
1060 2016 1147 2054 jux1a
1159 2026 1248 2056 opera
1263 2027 1315 2047 sua
1328 2017 1525 2048 redditurum.
1552 2016 1645 2047 Judex
1671 2017 1749 2046 enim
1766 2021 1809 2047 est

127 2074 181 2099 πον,
211 2066 254 2093 καὶ
288 2069 326 2102 τῷ
349 2067 411 2102 θειῳ
438 2067 481 2094 καὶ
511 2069 591 2104 νοερῷ
619 2065 787 2104 ἐμφυσῆματι
815 2063 943 2103 ψυχώσας

985 2060 1114 2090 vivorum
1132 2066 1161 2092 et
1177 2066 1373 2101 mortuorum,
1385 2065 1414 2092 et
1427 2062 1490 2101 ipse
1506 2064 1550 2091 est
1565 2061 1610 2091 via
1630 2064 1659 2091 et
1681 2062 1808 2099 veritas;

127 2108 165 2135 ταὶ
179 2109 286 2143 ζωώσας
302 2110 378 2139 αὐτόν
396 2119 402 2126 ”

434 2111 477 2138 καὶ
505 2109 545 2137 ὅτι
574 2110 651 2140 αὐτὸς
681 2109 759 2137 πάλιν
782 2108 888 2147 ὕστερον
903 2106 942 2135 διὰ

1029 2113 1083 2144 que
1094 2105 1222 2144 egebunt
1236 2110 1352 2136 rectore
1367 2106 1417 2146 qui
1440 2115 1508 2136 eum
1524 2109 1698 2145 sequentur.
1711 2105 1742 2135 Si
1754 2115 1808 2136 au-

128 2153 265 2192 σάλπιγγος
293 2156 342 2188 τὴν
371 2155 533 2194 ἀνθρωπίνην
569 2155 643 2194 φύσιν
679 2153 771 2191 μέλλει
795 2153 942 2185 ἀναστῆσαι

1029 2158 1046 2178 n
1063 2153 1106 2179 cst
1121 2150 1239 2187 veritas,
1253 2150 1325 2181 nihil
1343 2150 1451 2181 habent
1463 2149 1527 2180 falsi
1539 2159 1605 2189 qua:
1633 2149 1668 2179 ab
1681 2159 1716 2180 eo
1732 2149 1810 2180 dicta

127 2199 166 2226 καὶ
189 2199 289 2238 ἐγεῖραι
320 2200 364 2227 καὶ
405 2199 544 2228 ἀποδοῦναι
585 2199 688 2235 ἑκάστῳ
716 2199 783 2226 κατὰ
812 2198 844 2226 τὰ
881 2195 942 2235 ἔργα

129 2245 208 2273 αὑτοῦ.
233 2244 330 2282 Κριτὴς
360 2244 410 2283 γάρ
457 2244 511 2272 ἔστι
539 2244 644 2279 ζώντων
688 2243 731 2271 καὶ
760 2245 868 2282 νεκρῶν,
900 2242 942 2268 καὶ

130 2289 198 2320 αὖτὸς
226 2288 295 2316 ἐστιν
323 2289 339 2323 ἡ
365 2288 424 2320 ὁδὸς
454 2289 497 2317 καὶ
522 2289 539 2320 ἡ
569 2287 690 2324 ἀλήθεια,
720 2288 748 2316 εὖ
769 2286 942 2321 δεηθήσονται

130 2337 169 2362 τοῦ
193 2338 421 2372 χειραγωγοῦντος
449 2333 472 2360 οὶ
511 2331 712 2363 ἀκολουθοῦντες
739 2332 821 2368 αὒτῷ.
859 2330 888 2358 Ei
916 2327 943 2357 δὲ

131 2377 297 2414 κκὶᾶλήθεια,
323 2379 352 2406 οὖ
380 2376 485 2416 qia-330;,
514 2377 546 2405 τὰ
573 2376 715 2415 λεγόμενα,
752 2376 795 2403 καὶ
818 2374 943 2413 μακάριοι

132 2422 151 2449 οἱ
163 2426 234 2450 τοῦτο
262 2422 428 2453 πιστεύοντες
459 2431 466 2438 ·
494 2422 516 2449 εἰ
543 2421 570 2448 δὲ
597 2421 641 2449 καὶ
668 2421 736 2456 ζωὴ,
766 2418 814 2448 κᾶν
840 2418 942 2446 ἀποθέ-

132 2478 197 2503 νωσι,
225 2467 348 2502 ζήσονται
377 2468 401 2495 οἱ
439 2465 602 2505 πληροῦντες
614 2465 660 2497 τὰς
691 2464 776 2505 ἁγίας,
792 2463 869 2491 αὖτοῦ
899 2462 944 2490 ἐν-

132 2511 211 2548 τολὰς,
237 2511 322 2543 καθὼς
351 2510 429 2539 πάλιν
457 2509 580 2550 ἀλλαχοῦ
613 2509 710 2548 λέγει’
737 2519 751 2535 α
770 2504 798 2536 Ὀ
814 2507 944 2535 πιστεύων

133 2557 163 2588 εἰς
188 2556 245 2594 ἐμὲ,
275 2556 322 2584 κᾶν
345 2555 476 2592 ἀποθάνῃ,
507 2555 626 2589 ζήσεται.
656 2554 716 2590 Καὶ,
746 2553 790 2581 ἐάν
826 2562 866 2583 τις
899 2551 945 2578 τὸν

133 2600 186 2638 ἐμὸν
212 2600 291 2639 λόγον
331 2599 450 2638 τηρήσῃ,
489 2599 599 2626 θάνατον
638 2600 667 2628 οὔ
697 2599 736 2636 μὴ
763 2597 885 2635 θεωρήσῃ
910 2595 946 2626 εἷς

170 2689 224 2730 (10)
241 2699 256 2719 ‹
275 2684 303 2718 '0
327 2687 438 2730 ‘tnaooz.
457 2697 471 2718 ι
489 2686 575 2728 Apud
593 2687 698 2719 Lucam
723 2689 737 2716 ὁ
760 2687 864 2726 Κύριος.
879 2684 945 2716 Mox

136 2728 178 2758 ἐπ”
188 2730 264 2768 αὐτῇ,
282 2731 312 2759 et
327 2728 489 2759 ἀνεκάθισεν.

241 2766 258 2796 ἀ
283 2769 350 2809 Πρὸς
372 2768 469 2810 ταφήν.
482 2778 504 2810 -υ
523 2767 615 2799 Paulo
631 2772 710 2805 ante,
728 2768 792 2810 πρὸς
814 2766 906 2806 τάφον.
927 2804 932 2810 _

170 2807 190 2847 (1
196 2809 243 2849 2)«
250 2810 297 2838 Διὰ
303 2807 344 2840 τὸ.
357 2818 372 2839 ι
386 2807 455 2840 Haec
465 2808 570 2840 abesse
579 2811 727 2850 poterant.
735 2807 870 2840 Fortasse
877 2807 950 2837 scri-

985 2197 1063 2230 sunt,
1088 2198 1117 2224 et
1132 2193 1207 2224 beati
1230 2195 1281 2235 qui
1297 2195 1326 2225 id
1342 2194 1491 2234 credunt;
1509 2194 1533 2224 si
1550 2203 1617 2224 vero
1635 2197 1678 2224 est
1702 2197 1730 2224 et
1741 2194 1809 2231 vita,

985 2238 1101 2268 etiamsi
1123 2240 1231 2270 mortui
1260 2240 1380 2278 fuerint,
1412 2239 1519 2275 vivent,
1552 2238 1602 2278 qui
1630 2242 1731 2268 sancta
1745 2238 1810 2278 ejus

985 2282 1123 2314 mandata
1137 2284 1301 2324 adimplent
1313 2294 1320 2320 ;
1333 2282 1583 2324 quemadmodum
1595 2286 1625 2313 et
1634 2281 1704 2312 alibi
1716 2282 1807 2313 dicit:

987 2338 1000 2354 ι
1018 2326 1074 2362 Qui
1088 2328 1182 2358 credit
1198 2329 1228 2358 in
1241 2338 1299 2368 me,
1317 2328 1404 2359 etiam
1422 2328 1447 2358 si
1462 2332 1598 2357 mortuus
1609 2326 1709 2363 fuerit,
1721 2326 1807 2364 vivet,

986 2371 1014 2403 Si
1030 2371 1096 2412 quis
1111 2381 1280 2403 sermonem
1298 2382 1398 2404 meum
1422 2370 1595 2411 servaverit,
1606 2375 1730 2401 mortem
1750 2380 1809 2402 non

986 2416 1096 2446 videbit
1107 2416 1137 2446 in
1146 2422 1304 2449 aeternum.
1320 2427 1334 2446 )
1346 2416 1505 2457 Accipiunt
1514 2415 1634 2455 quidem
1647 2414 1678 2445 in
1688 2415 1810 2446 auribus

987 2460 1040 2491 Dei
1056 2460 1177 2491 verbum
1194 2465 1223 2492 et
1238 2461 1388 2492 daemones
1397 2467 1426 2492 et
1441 2459 1579 2491 homines
1593 2459 1720 2498 improbi
1736 2459 1810 2497 ;sed

987 2514 1046 2535 non
1057 2504 1088 2535 in
1099 2505 1201 2536 auditu
1212 2510 1323 2536 tantum
1335 2506 1391 2536 levi
1401 2504 1504 2536 salutis
1520 2507 1629 2534 nostrae
1637 2512 1735 2534 sermo
1752 2507 1808 2541 est,

989 2558 1086 2588 neque
1097 2549 1127 2579 in
1139 2550 1276 2580 doctrina
1286 2554 1398 2580 tantum
1411 2549 1469 2579 vita
1478 2551 1533 2584 est,
1547 2547 1599 2578 sed
1612 2550 1641 2577 et
1652 2547 1682 2576 in
1697 2546 1812 2578 audito-

988 2603 1053 2625 rum
1069 2593 1273 2625 observatione
1288 2598 1317 2626 et
1331 2593 1555 2634 adimpletione.
1583 2592 1706 2621 Mortem
1722 2591 1811 2630 igitur

986 2686 1087 2725 pserqt
1101 2682 1284 2724 Xiphilinus,
1300 2683 1367 2712 διατι
1379 2683 1459 2725 {ilva}

1029 2722 1094 2763 (l3)
1112 2735 1126 2748 ι
1141 2718 1318 2763 ὒεουργικῶς.
1339 2735 1350 2752 ι
1378 2718 1497 2754 Divina
1522 2724 1597 2754 arte.
1626 2718 1810 2752 Vocabulum

990 2764 1088 2794 minus
1103 2763 1253 2804 frequens.
