1950 3083
82 166 162 199 1217

79 232 156 263 Ἐπεὶ
191 237 240 275 γὰρ
276 237 323 265 οὒκ
351 236 467 273 ἠδυνήθη
502 237 686 274 ὰκολουθῆναι,
725 236 826 270 ἀπῆλθε
855 236 905 264 λυ-

78 279 224 316 πούμενος.
254 293 267 308 ιι
294 277 322 309 Ὀ
340 281 367 309 δὲ
397 281 498 315 Ἰησοῦς
527 282 590 310 εἶπε
610 289 668 313 τοῖς
699 283 831 320 μαθηταῖς
853 281 903 308 αὖ»-

79 327 138 358 τοῡ,
163 324 250 362 Ἀμὴν
276 325 347 364 λέγω
376 327 451 364 ὑμῖν,
476 326 515 354 ὅτι
538 325 672 358 δυσκόλως
701 325 824 357 πλούσιος
847 327 902 354 εἷσ-

82 367 215 397 ελεύσεται
251 371 286 401 εἰς
314 371 363 404 τὴν
391 370 525 409 βασιλείαν
560 374 612 399 τῶν
648 372 762 410 οὖρανῶ-ν
785 381 792 388 ·
834 381 845 397 ι
881 370 902 397 εἰ

78 410 106 440 δὲ
122 413 136 440 ὁ
164 413 289 445 πλούσιος
311 414 456 450 δυσκόλως,
487 417 500 444 ὁ
522 415 684 448 πλεονέκτης
711 414 824 446 οὗδόλως
844 424 851 432 ·
882 415 903 441 εἰ

79 457 129 496 γὰρ
146 459 159 485 δ
182 458 219 495 μὴ
235 458 292 492 ὂοῦς
320 460 352 487 τὰ
374 460 467 488 ἑαυτοῦ
494 460 687 499 κατακρίνεται,
710 459 802 496 πολλῷ
831 458 902 496 μᾶλ-

79 500 127 529 λον
156 503 170 529 ὁ
204 503 247 530 καὶ
275 504 307 530 τὰ
334 503 429 543 ἑτέρων
459 504 590 543 ἁρπάζων,
622 514 634 531 tt
668 503 751 531 Πάλιν
777 503 804 531 δὲ
834 502 904 542 λέγω

79 547 156 585 ὑμῖν,
189 547 375 586 Εὐκοπώτερον
410 548 464 576 ἐστι
501 547 622 586 κάμηλον
663 546 705 575 διὰ
732 548 902 587 τρυπήματος

80 589 187 630 ῥαφίδος
208 590 330 626 διελθεῖν,
362 592 380 626 ἣ
406 592 530 620 πλούσιον
566 593 602 624 εἷς
625 593 673 626 τὴν
695 591 829 630 βασιλείαν
857 595 903 620 τοῦ

81 638 149 664 Θεοῦ
178 635 304 664 εἰσελθεῖν
323 645 329 650 ·
372 647 382 663 n
422 638 501 664 εἰπὼν
531 637 562 664 τὸ
598 640 706 676 πρᾶγμα
741 635 865 664 δύσκολον
892 637 906 663 ὁ

80 680 204 719 Χριστὸς,
235 679 323 708 ἔπειτα
347 680 417 719 λέγει
445 686 522 710 τοῦτο
550 682 592 708 καὶ
620 681 755 720 ἀδύνατον,
785 681 829 708 καὶ
856 681 906 719 οὔχ

79 722 173 755 ἁπλῶς
202 723 340 761 ἀδύνατον,
369 725 437 753 ἀλλὰ
467 726 510 753 καὶ
545 729 590 754 τοῦ
615 724 740 754 ἀδυνάτου
775 723 907 752 ἀδυνατώ-

79 778 168 806 τερον.
185 767 326 797 ’Λδύνατον
342 769 390 807 μὲν
413 770 463 809 γὰρ
491 770 539 802 τὴν
567 769 689 807 κάμηλον
714 770 745 797 τὸ
772 769 839 804 ζῶον
865 768 906 796 διὰ

79 812 252 851 τρυπήματος
295 813 406 851 βελόνης
455 813 567 842 διελθεῖν
585 822 591 828 ·
645 813 837 852 ἀδυνατώτερρν
879 812 905 840 δὲ

79 857 174 884 τούτου
194 857 237 893 τὸ,
261 857 387 886 εἰσελθεῖν
415 857 541 886 πλούσιον
565 859 600 890 εἷς
621 859 668 892 τὴν
692 857 825 895 βασιλείαν
854 861 906 885 τῶν

80 902 223 941 οὖρανῶν·
254 903 322 936 τινὲς
351 902 378 931 δὲ
407 903 528 941 κάμηλον
553 903 610 940 (44)
647 903 751 942 λέγουσι
788 903 906 942 σχοινίον

79 947 158 986 παχὺ
181 951 227 976 τού
251 946 355 985 πλοίου,
377 950 400 984 ᾧ
427 947 550 985 δεσμοῦσι
572 949 619 980 τὰς
647 948 762 987 ἀγκύρας
792 949 815 975 οἱ
843 951 907 976 ναῦ-

78 1001 137 1021 ται.
168 995 254 1020 Ταῦτα
289 991 374 1031 λέγων
409 993 422 1020 ὁ
461 993 584 1031 Χριστὸς,
623 992 652 1021 οὗ
693 991 826 1038 διαϐάλλει
862 993 906 1020 τὸν

79 1034 208 1075 πλοῦτον,
237 1035 305 1064 ἀλλὰ
339 1037 369 1064 τὸ
397 1036 547 1066 δουλοῦσθαι
575 1040 613 1074 τῷ
641 1036 757 1073 πλούτῳ,
787 1034 906 1075 ’Ἀριστον

79 1078 110 1107 δὲ
139 1080 182 1107 καὶ
209 1081 351 1118 θαυμάσιον
388 1079 415 1108 δὲ
442 1079 619 1121 παράδειγμα.
655 1081 777 1120 Καθάπερ
805 1081 855 1120 γὰρ
876 1081 906 1108 τὸ

78 1124 207 1164 τρύπημα
222 1128 269 1158 νῆς
292 1125 415 1164 βελόνης,
441 1128 471 1155 οὒ
499 1133 586 1166 χωρεῖ
607 1126 656 1159 τὴν
685 1125 806 1163 κάμηλον
822 1124 863 1153 διά
878 1136 905 1153 τε

78 1169 132 1202 τὴν
161 1168 263 1203 πολλὴν
299 1171 378 1199 αὒσοῠ
413 1170 572 1210 στσνότητα,
601 1171 644 1198 κπιῖ
678 1169 720 1197 διὰ
747 1170 792 1197 τὸν
824 1169 905 1197 πολὺν

79 1212 161 1251 ὄγκον
189 1215 238 1246 τῆς
260 1213 395 1253 καμήλου,
425 1213 493 1242 οὕτω
528 1215 571 1242 καὶ
594 1215 610 1247 ἡ
641 1213 699 1245 ὁδὸς
729 1214 746 1247 ἡ
768 1213 906 1252 ἀπάγουσα

81 1258 120 1289 εἰς
148 1257 197 1290 τὴν
212 1257 284 1293 ζωὴν
314 1258 363 1291 τὴν
385 1258 501 1297 αἰώνιον,
524 1260 553 1287 οὖ
578 1265 665 1298 χωρεῖ
692 1259 738 1285 κὸν
766 1256 906 1294 πλούσιον,

82 1301 127 1329 διά
148 1312 176 1329 τε
210 1301 260 1335 τὴν
288 1302 382 1336 ἑαυτῆς
412 1303 568 1342 στενότητα,
606 1304 648 1330 καὶ
681 1301 722 1330 διὰ
751 1303 796 1330 τὸν
825 1301 906 1330 πολὺν

805 164 1032 201 ORATIONES.

1696 163 1772 197 1218

915 243 936 262 Α
946 233 1041 272 vobis,
1059 233 1127 274 quia
1135 233 1255 264 difﬁcile
1271 233 1351 264 dives
1368 231 1491 264 intrabit
1502 232 1532 262 in
1544 241 1668 271 regnum
1681 231 1768 262 ccelo-

945 287 1022 309 rum.
1039 291 1051 306 ι
1066 278 1096 309 Si
1107 288 1175 310 vero
1188 278 1309 309 difﬁcile
1326 277 1508 314 dives,nullo
1519 277 1606 307 modo
1627 275 1766 307 ambitio-

945 332 1006 354 sus.
1022 322 1052 354 Si
1068 323 1147 354 enim
1164 323 1214 363 qui
1228 333 1287 353 non
1301 323 1421 361 datsua,
1434 322 1660 357 condemnatur,
1675 321 1768 351 multo

945 367 1037 407 magis
1046 368 1095 408 qui
1107 368 1182 398 bona
1192 367 1321 397 aliorum
1335 367 1454 407 abripit.
1468 384 1505 389 —
1519 378 1529 394 ‹ι
1546 365 1654 396 Iterum
1668 370 1766 396 autem

944 411 1009 442 dico
1021 412 1118 442 vobis:
1132 411 1259 442 Facilius
1273 412 1470 442 estcamelum
1487 420 1539 450 per
1551 411 1684 441 foramen
1698 420 1768 440 acus

945 456 1072 487 transire
1108 466 1195 496 quam
1234 456 1354 486 divitem
1386 456 1415 486 in
1447 464 1570 495 regnum
1612 455 1768 492 caelorum,

945 501 1079 531 introire.
1098 502 1255 540 Postquam
1272 500 1301 530 id
1316 500 1439 531 difﬁcile
1451 509 1516 531 esse
1533 500 1605 530 dixit
1620 499 1767 537 Christus,

945 544 1054 575 deinde
1069 545 1097 575 id
1115 545 1186 576 dicit
1199 555 1265 575 esse
1276 545 1471 584 impossibile,
1486 549 1514 575 et
1527 554 1586 574 non
1602 545 1690 574 modo
1707 544 1765 574 im-

946 589 1099 629 possibile,
1115 590 1165 620 sed
1179 590 1300 620 omnino
1319 589 1516 629 impossibile.
1528 588 1718 629 lmpossiliile
1726 593 1770 619 est

947 634 1026 664 enim
1043 634 1188 665 camvlum
1205 634 1314 664 animal
1332 643 1383 674 per
1397 634 1530 665 foramen
1547 643 1618 664 acus
1629 634 1768 671 transire,

948 678 1163 717 impossibilius
1177 683 1276 709 autem
1290 683 1334 709 est
1347 678 1466 709 divitem
1479 678 1591 709 intrare
1604 679 1633 708 in
1646 687 1770 718 regnum

947 723 1228 759 coalorumlluidam
1246 727 1344 753 autem
1360 723 1462 753 dicunt
1476 723 1622 754 camelum
1641 732 1706 753 esse
1719 732 1771 753 va-

948 767 1039 797 lidum
1052 767 1157 807 navigii
1168 768 1281 805 funem,
1294 778 1350 808 quo
1363 769 1524 798 anchroras
1535 772 1631 798 nautae
1640 768 1771 806 alligant.

948 809 1010 842 Hoc
1026 810 1130 842 dicens
1145 811 1279 843 Christus
1295 812 1411 842 divitias
1422 822 1480 843 non
1504 816 1633 850 accusat,
1657 813 1707 843 sed
1724 812 1772 843 di-

916 878 936 903 B
948 855 1084 886 vitiarum
1097 856 1233 886 servilem
1247 855 1548 897 amorem.0ptimum
1562 861 1591 887 et
1599 856 1774 888 admirabile

948 900 1128 939 exemplum.
1156 900 1411 937 Quemadmodum
1443 901 1523 932 enim
1546 911 1616 932 acus
1639 901 1773 932 foramen

948 954 1007 974 non
1023 945 1133 985 accipit
1147 945 1307 986 camelum,
1324 946 1394 986 quia
1408 946 1567 977 admodum
1593 950 1704 976 arctum
1730 950 1775 976 est

947 988 1031 1026 illud,
1045 989 1177 1020 camelus
1188 995 1287 1021 autem
1302 990 1520 1030 corpulentum,
1541 990 1582 1021 ita
1602 995 1630 1021 et
1649 991 1694 1020 via
1709 1000 1774 1031 quae

949 1033 1030 1063 ducit
1056 1034 1092 1064 ad
1121 1034 1208 1064 vitam
1235 1039 1375 1065 aeternam
1405 1044 1464 1066 non
1493 1035 1601 1075 accipit
1627 1035 1748 1065 divitem
1765 1059 1773 1073 ,

947 1077 1017 1117 quia
1036 1077 1086 1108 illa
1110 1078 1230 1118 quidem
1253 1083 1376 1118 angusta
1400 1083 1456 1116 est,
1483 1079 1564 1109 dives
1579 1083 1676 1109 autem
1693 1079 1776 1110 valde

949 1125 1052 1153 tumet.
1079 1121 1170 1153 Decet
1197 1122 1296 1163 igitur,
1322 1123 1439 1161 fratres,
1462 1132 1580 1153 onmem
1604 1123 1774 1163 superbiam

949 1166 1080 1206 abjicere
1099 1166 1184 1206 juxta
1199 1167 1331 1198 divinum
1347 1167 1532 1207 Apostolum,
1558 1172 1586 1198 et
1611 1167 1705 1198 minui
1722 1177 1776 1207 per

950 1210 1143 1241 voluntariam
1161 1216 1377 1251 paupertatem,
1391 1212 1431 1243 ita
1442 1216 1474 1242 ut
1486 1212 1635 1252 possimus
1651 1221 1703 1252 per
1719 1220 1774 1242 an-

949 1259 1065 1294 gustam
1080 1255 1156 1286 viam
1167 1255 1291 1287 introire
1305 1256 1335 1286 in
1350 1266 1473 1296 regnum
1485 1257 1775 1296 caalorumAugusta

954 1300 1034 1331 enim
1049 1304 1094 1330 est
1104 1304 1133 1330 et
1146 1305 1227 1330 arcta
1245 1301 1291 1331 via
1305 1310 1371 1341 quae
1387 1301 1469 1331 ducit
1483 1301 1519 1332 ad
1535 1301 1638 1338 vitam;
1651 1306 1679 1332 et
1690 1301 1776 1341 pauci

83 1346 164 1385 c7710»!
178 1350 224 1374 τοῦ
245 1346 380 1376 πλουσίου.
398 1346 494 1385 Πρέπει
522 1346 578 1383 οὖν,
606 1346 712 1386 ἀδελφοί
741 1357 803 1384 μου,
825 1347 911 1374 πάντα

999 1349 1024 1374 η
1037 1344 1085 1384 qui
1098 1344 1252 1375 inveniunt
1267 1355 1342 1377 eam.
1357 1357 1367 1372 α
1383 1346 1546 1376 Audientes
1562 1349 1660 1376 autem
1683 1346 1775 1376 disci-

83 1390 165 1430 ὄγκον
181 1390 238 1428 (45)
260 1391 400 1420 ἀποθέσθαι
416 1392 484 1419 κατὰ
505 1392 550 1419 τὸν
571 1393 644 1419 θετον
667 1390 844 1428 Ἀπόστολον,
867 1401 914 1428 καὶ

999 1390 1017 1419 li
1044 1390 1206 1420 timuerunt
1230 1390 1312 1420 valde
1335 1390 1571 1426 dicenteszQuis
1594 1399 1662 1430 ergo
1681 1395 1777 1430 potest

82 1435 259 1469 λεπτυνθῆναι
302 1434 332 1463 δι’
373 1436 491 1464 ἑκουσίου
526 1436 629 1473 πενίας,
666 1435 734 1463 ὥστε
769 1434 910 1469 δυνηθῆναι

999 1433 1087 1464 lvari?
1102 1446 1112 1463 υ
1127 1434 1315 1471 Timuerunt,
1329 1444 1380 1474 pro
1394 1434 1504 1466 turbati
1515 1438 1595 1472 sunt;
1608 1445 1666 1465 non
1677 1440 1775 1466 tamen

81 1479 127 1508 διὰ
147 1482 196 1513 τῆς
212 1483 307 1514 στενῆς
331 1479 390 1508 ὁδοῦ
419 1479 546 1508 εὶσελθετν
576 1481 611 1512 εἰς
630 1480 679 1513 τὴν
701 1479 836 1518 βασιλείαν
857 1483 910 1508 τῶν

82 1524 212 1563 οὐρανῶν.
236 1525 320 1556 Στενὴ
349 1525 398 1564 γὰρ
426 1526 470 1553 καὶ
498 1524 659 1562 τεθλιμμένη
687 1525 704 1557 ἡ
734 1523 793 1555 ὁδὸς
817 1525 835 1558 ἡ
853 1524 907 1552 ἀπ-

83 1569 186 1608 άγουσα
201 1569 236 1600 είς
261 1570 310 1602 τὴν
334 1569 416 1607 ζωὴν,
439 1569 482 1597 καὶ
504 1569 586 1608 ὀλίγοι
607 1569 669 1597 εἰσὶν
695 1570 718 1596 οἱ
746 1569 908 1608 εὓρίσκοντες

81 1613 179 1647 αὐτήν,
199 1622 214 1642 ιι
242 1612 413 1645 ’Λκούσαντες
438 1613 464 1641 δὲ
491 1615 514 1642 οἱ
537 1615 650 1651 μαθηταὶ
678 1615 756 1643 αὐτοῦ
777 1613 908 1648 ἐξεπλήσ-

82 1656 272 1697 σοντοσφύδρα,
297 1657 431 1696 λέγοντες,
455 1659 498 1690 Τίς
527 1657 575 1697 ἄρα
596 1657 700 1686 δύναται
722 1658 861 1698 σωθῆναι;
893 1670 906 1685 ιδ

82 1700 306 1740 Ἐξεπλήσσοντο,
347 1702 403 1729 ἀντὶ
439 1713 485 1730 του
525 1701 702 1741 ἐθορυϐοῦντο.
746 1701 818 1735 Πλὴν
858 1704 909 1741 οὔχ

83 1746 151 1784 ὑπὲρ
186 1745 285 1773 ἑαυτῶν
315 1745 438 1784 (πένητες
477 1746 526 1785 γὰρ
554 1746 643 1782 ἦσαν),
674 1745 733 1773 ἀλλ’
761 1746 825 1784 ὑπὲρ
857 1749 909 1773 τῶν

84 1789 218 1818 πλουσίων
236 1799 243 1806 ·
277 1789 388 1828 ἤρξαντο
422 1790 471 1829 γὰρ
501 1789 644 1829 σπλάγλνα
672 1790 814 1828 οἶιτιρμῑῦν
843 1789 909 1817 ἀνα-

84 1832 180 1862 λαϐεῖν
209 1835 232 1861 οἱ
258 1833 411 1872 ἀπόστολοι,
447 1835 492 1862 καί
516 1834 675 1874 ὑπεραλγεῖν
704 1836 753 1867 τῆς
775 1833 908 1866 ἀπωλείας

84 1881 141 1907 τῶν
162 1878 315 1918 ἀνθρώπων,
351 1878 472 1918 λέγοντες
489 1888 499 1898 ·
535 1879 578 1910 Τίς
607 1878 656 1918 ἄρα
685 1877 789 1906 δύναται
817 1879 908 1912 σωθῆ-

85 1934 130 1952 vat.
147 1932 155 1962 ;
175 1932 190 1952 ι
219 1922 371 1961 Ἐμϐλέψας
392 1922 419 1951 δὲ
448 1925 462 1951 ὁ
484 1923 585 1957 Ἰησοῦς
608 1923 797 1954 εἷπεν-αὒτοῖς
816 1930 822 1937 ·
843 1924 909 1962 Παρ“

85 1967 232 2007 ἀνθρώποις
266 1971 343 1996 τοῦτο
377 1967 501 1996 ἀδύνατον
519 1975 526 1982 ⁸
544 2003 547 2006 ⁴
563 1968 637 2007 Παρὰ
676 1967 703 1995 δὲ
739 1971 796 2004 Θεῷ
824 1967 909 1995 πάντα

85 2011 193 2041 δυνατά.
232 2024 246 2040 ε
291 2015 398 2052 Πρῶτον
425 2013 517 2052 ἡμέρῳ
543 2012 676 2050 βλέμματι
706 2011 755 2045 τὴν
793 2010 910 2039 διάνοιαν

84 2060 139 2085 τῶν
178 2059 303 2094 μαθητῶν
336 2058 491 2097 φρίττουσιν
532 2058 574 2085 καὶ
611 2055 803 2095 θορυϐουμένην
838 2067 907 2094 πιρ-

85 2102 220 2141 ηγόρησεν
235 2103 249 2129 ὁ
265 2105 388 2141 Χριστὸς⁷
406 2102 467 2130 εἶτα
495 2102 584 2141 εἶπεν,
608 2100 648 2129 an
670 2101 742 2139 παρὰ
763 2100 908 2139 ἀνθρώποις

87 2145 225 2177 πλουσίοις
253 2157 328 2175 τουτο
364 2145 465 2180 δηλαδὴ
492 2148 522 2174 τὸ
551 2146 666 2180 σωθῆναι
695 2143 820 2172 ἀδύνατόν
846 2143 907 2184 (46)

88 2191 157 2227 ἐστι,
181 2189 312 2228 δεδεμένοι
330 2191 445 2230 ἰσχυρῶς
474 2197 535 2222 ταῖς
564 2197 664 2229 σειραῖς
700 2195 761 2221 ταῖς
781 2192 910 2229 φιλαργυ-

89 2235 148 2274 ρίας
175 2233 340 2264 ἀδυνατοῦσιν
367 2233 413 2275 ἀφ’
440 2235 539 2263 ἑαυτῶν
567 2234 647 2275 μόνον
675 2233 740 2273 (47)
771 2232 914 2272 ἐλευθερω-

87 2279 166 2311 θῆναι
180 2279 229 2312 τῆς
243 2279 365 2312 τοιαύτης
380 2274 538 2319 τυραννίδος.
571 2274 599 2307 10
634 2278 661 2306 δὲ
691 2278 755 2309 Θεὸς
784 2277 814 2306 οὒ
835 2278 915 2315 μόνον

87 2326 173 2351 σῶσαι
197 2321 312 2360 δύναται,
337 2323 405 2351 ἀλλὰ
425 2324 469 2352 καὶ
497 2326 548 2352 πᾶν
571 2323 658 2363 ἕτερον
687 2322 802 2352 δύναται.
828 2323 913 2351 Σώσει

85 2367 114 2395 δὲ
130 2368 192 2399 τοὺς
213 2367 352 2399 πλουσίους
367 2369 381 2396 ὁ
397 2369 474 2405 Θεὸς,
491 2367 536 2396 ἐὰν
551 2368 600 2402 τὴν
622 2367 684 2407 παρ’
711 2367 811 2394 ἑαυτῶν
826 2377 912 2396 σπου-

84 2411 135 2445 δὴν
167 2412 328 2452 εἰσφέροντες
368 2412 575 2441 ἐπικαλέσωνται
612 2413 655 2440 καὶ
683 2416 774 2441 τοῦτον
806 2410 913 2441 ἐπίκου-

86 2467 133 2496 ρον
161 2457 204 2484 καὶ
234 2456 404 2496 συλλήπτορα
432 2457 480 2491 τῆς
516 2457 672 2496 ἐλευθερίας,
709 2459 844 2487 κενοῦντες
872 2457 917 2493 τὸν

86 2500 205 2529 πλοῦτον
235 2501 271 2532 εἷς
304 2502 366 2533 τοὺς
401 2501 517 2535 πένητας
545 2502 589 2529 καὶ
623 2499 788 2531 σϐεννύοντες
809 2501 840 2528 τὸ
867 2504 917 2547 πῦρ

89 2548 139 2578 τῆς
168 2548 221 2573 τῶν
260 2546 409 2585 χρημάτων
446 2545 593 2583 ἐπιθυμίας.
634 2543 700 2573 Ἰδοὺ
741 2543 916 2584 ἐδιδάχθημεν

89 2590 134 2617 καὶ
163 2589 306 2629 ἐμάθομεν,
336 2588 443 2630 ἀδελφοί
480 2601 541 2630 μου,
578 2589 618 2617 ὅτι
646 2587 770 2617 ἀδύνατον
801 2588 916 2622 σωθῆναι

91 2633 261 2674 φιλάργυρον,
283 2633 328 2661 ἐὰν
343 2634 382 2671 μὴ
397 2635 447 2667 τὴν
468 2634 530 2673 παρ’
559 2634 652 2662 ἑαυτοῦ
682 2632 797 2666 σπουδὴν
828 2632 917 2672 εἰσφέ-

132 2722 196 2762 (44)
216 2733 227 2750 α
246 2722 373 2759 Κάμηλον
394 2722 511 2762 λέγουσι,
531 2734 543 2750 n
569 2721 677 2753 Catena
692 2720 918 2762 inedita,_cujus

92 2760 352 2802 est'apographum
370 2760 449 2802 apud
465 2771 524 2799 me,
540 2761 576 2793 ad
593 2763 673 2793 hunc
688 2761 785 2802 locum
803 2760 846 2791 sic
861 2761 917 2792 ha-

91 2801 143 2832 bet
159 2801 178 2830 :7
193 2801 318 2842 Κᾶμηλον
341 2802 368 2830 δὲ
389 2801 452 2840 ὦδε,
478 2804 507 2832 οὔ
532 2803 562 2831 τὸ
587 2806 665 2842 ζῶον,
691 2801 759 2830 ἀλλὰ
781 2802 811 2829 τὸ
840 2802 915 2841 παχὺ

91 2842 221 2881 σχοινίον,
238 2844 261 2879 ᾧ
275 2841 400 2879 δεσμοῦσι
416 2844 463 2875 τὰς
479 2843 592 2882 ἀγκύρας
615 2844 638 2870 οἱ
653 2841 753 2871 ναῦται,

952 1478 990 1508 de
1005 1478 1124 1518 seipsis,
1142 1488 1287 1519 pauperes
1303 1479 1382 1509 enim
1394 1483 1487 1514 erant,
1505 1479 1558 1509 sed
1574 1479 1610 1509 de
1622 1480 1774 1512 divitibus.

918 1539 937 1564 ο
951 1522 1134 1563 lncipiebant
1149 1523 1228 1554 enim
1249 1523 1363 1554 viscera
1383 1523 1598 1554 misericordia
1623 1524 1775 1564 sascipere

949 1567 1229 1608 apostoli,etdolere
1236 1567 1272 1598 de
1283 1568 1436 1599 hominum
1449 1567 1615 1608 perditione
1627 1568 1772 1603 dicentes:

953 1624 967 1640 α
983 1612 1053 1648 Quis
1074 1621 1143 1651 ergo
1164 1616 1261 1652 potest
1277 1613 1406 1643 salvari?
1425 1625 1435 1640 υ
1455 1612 1576 1643 Intuens
1602 1618 1700 1644 autem
1721 1613 1774 1644 Je-

950 1666 1011 1693 sus,
1029 1656 1100 1687 dicit
1116 1657 1174 1687 illis
1190 1668 1196 1686 :
1219 1668 1230 1684 (ι
1245 1657 1329 1696 Apud
1348 1657 1484 1687 homines
1509 1658 1565 1687 hoc
1592 1658 1777 1697 impossibile

949 1702 1092 1740 est;apud
1107 1702 1199 1731 Deum
1211 1705 1314 1731 autem
1325 1701 1424 1731 omnia
1436 1701 1591 1741 possibilia
1605 1706 1683 1733 sunt.
1707 1715 1718 1731 ν
1738 1721 1775 1726 -

951 1745 1035 1775 Dulci
1053 1745 1180 1784 primum
1196 1745 1305 1777 intuitu
1321 1750 1449 1776 mentem
1475 1745 1688 1786 discipulorum
1711 1751 1773 1778 tre-

952 1793 1082 1819 mentem
1113 1793 1143 1820 et
1171 1789 1315 1820 turbatam
1344 1790 1514 1820 consolatus
1544 1795 1590 1821 est
1619 1791 1772 1832 Christus,

951 1833 1059 1864 deinde
1075 1833 1158 1871 dixit,
1176 1834 1253 1873 apud
1271 1834 1378 1864 divites
1394 1835 1549 1865 manifeste
1566 1835 1691 1866 salutem
1711 1845 1776 1868 esse

950 1877 1166 1918 impossibilem
1183 1889 1189 1910 :
1207 1878 1302 1909 valide
1324 1879 1451 1909 avaritiae
1472 1878 1597 1910 vinculis
1621 1880 1703 1920 ligati
1725 1890 1778 1920 per

951 1922 1065 1962 seipsos
1081 1927 1231 1963 nequeunt
1252 1923 1287 1953 ab
1304 1923 1358 1954 ista
1374 1923 1531 1963 tyrannide
1544 1923 1677 1956 liberari.
1697 1926 1778 1957 Deus

953 1972 1050 1997 autem
1067 1977 1126 1997 non
1144 1968 1230 1998 modo
1244 1972 1356 2007 postest
1368 1968 1553 2005 salvaru,sed
1566 1969 1688 2009 quodvis
1696 1970 1776 2000 aliud

953 2015 1058 2052 potest.
1084 2011 1213 2043 Salvabit
1231 2021 1319 2052 porro
1336 2012 1442 2043 divites
1466 2014 1556 2049 Deus,
1584 2014 1608 2043 si
1634 2023 1686 2053 pro
1701 2014 1779 2045 virili

952 2059 1032 2096 parte
1047 2061 1216 2096 operantes.
1235 2057 1331 2096 ipsum
1350 2056 1553 2088 invocaverint
1570 2057 1738 2097 adjutorem
1749 2063 1778 2090 et

951 2100 1095 2130 libertatis
1106 2100 1252 2138 datorem,
1265 2101 1382 2131 divitias
1399 2101 1579 2141 pauperibus
1595 2102 1778 2133 distribuen-

921 2161 942 2186 ι)
955 2153 1010 2182 tes,
1024 2145 1230 2175 etdivitiarum
1243 2145 1411 2186 cupiditatis
1427 2146 1526 2185 ignem
1539 2146 1775 2186 exstinguentes.

953 2190 1030 2220 Ecce
1046 2189 1143 2220 edocti
1159 2199 1261 2220 sumus
1277 2194 1306 2220 et
1321 2190 1490 2226 didicimus,
1507 2190 1623 2228 fratres,
1636 2191 1779 2231 impossi-

954 2233 1015 2264 bile
1030 2242 1095 2264 esse
1111 2234 1216 2264 salvari
1232 2234 1368 2274 pecunize
1382 2234 1546 2265 studiosum
1559 2233 1616 2264 nisi
1629 2236 1778 2275 propriam

956 2286 1058 2308 curam
1073 2277 1229 2315 adhibens,
1251 2278 1345 2309 Deum
1369 2279 1536 2318 adjutorem
1564 2278 1711 2320 habuerit,
1728 2281 1780 2320 qui

958 2322 1055 2362 ipsum
1084 2321 1120 2352 ab
1145 2323 1312 2353 istiusmodi
1336 2323 1496 2362 cupiditate
1524 2322 1641 2353 liberet.
1671 2325 1780 2356 Dicunt

953 2369 1052 2397 autem
1070 2376 1076 2396 :
1095 2365 1125 2397 Si
1142 2367 1242 2397 omnia
1257 2366 1409 2407 possibilia
1422 2366 1570 2404 suntDeo,
1584 2367 1625 2397 illi
1636 2368 1779 2407 possibile

957 2419 1023 2440 esse
1034 2414 1064 2441 et
1079 2410 1201 2442 malum.
1218 2411 1264 2442 Ad
1279 2411 1347 2441 illos
1365 2414 1462 2441 autem
1475 2411 1656 2451 respondent
1669 2413 1778 2443 malum

959 2463 1025 2485 esse
1040 2465 1099 2486 non
1115 2457 1281 2496 potestatis,
1308 2457 1360 2486 sed
1385 2455 1576 2486 inﬁrmitatis.
1603 2457 1672 2488 Ideo
1689 2457 1779 2488 David

960 2504 1080 2539 peccata
1109 2500 1271 2531 nominavit
1299 2500 1484 2532 inﬁrmitates
1508 2501 1634 2532 dicens:
1658 2514 1672 2530 α
1689 2503 1780 2533 Com-

960 2544 1318 2584 pletaasuntinfirmitates
1334 2554 1448 2575 eorum.
1468 2557 1481 2573 π
1499 2545 1663 2576 Etdivinus
1672 2547 1781 2578 Paulus

959 2588 1055 2620 dicit:
1074 2601 1083 2616 ι
1104 2588 1176 2620 Cum
1199 2599 1253 2620 nos
1278 2589 1390 2620 inﬁrmi
1414 2599 1557 2627 essemus,
1581 2589 1611 2620 id
1636 2594 1681 2621 est
1707 2598 1780 2630 pec-

959 2636 1073 2664 catores
1082 2632 1215 2665 Christus
1222 2643 1274 2674 pro
1282 2633 1381 2675 impiis
1392 2638 1524 2665 mortuus
1536 2633 1650 2665 est.»Et
1660 2633 1780 2666 aliunde

999 2723 1056 2761 (45]
1078 2735 1092 2751 α
1109 2723 1198 2752 Πάντα
1211 2723 1291 2762 ὄγκον
1306 2723 1458 2753 ἀποθέσθαι,
1477 2735 1491 2751 ι)
1509 2722 1600 2754 Hebr.
1618 2731 1669 2760 Ill,
1691 2723 1718 2754 1.

999 2763 1058 2801 (46)
1075 2776 1088 2791 (ι
1108 2761 1247 2792 Ἀδύνατόν
1272 2764 1326 2791 ἐστι
1355 2763 1487 2802 δεδεμένοι
1500 2764 1628 2802 ἰσχυρῶς.
1648 2775 1661 2791 ι
1681 2761 1780 2794 Malim

957 2797 1081 2832 ἀδύνατόν
1095 2804 1161 2841 ἐστι,
1175 2803 1304 2837 δεδεμένοι
1320 2805 1369 2844 γὰρ
1384 2797 1511 2844 ἰσχυρῶςΓ
1529 2797 1548 2803 “

999 2843 1059 2882 (47)
1075 2855 1089 2871 ι
1107 2844 1167 2883 Ἀφ’
1182 2844 1282 2872 ἑαυτῶν
1298 2842 1389 2883 μόνον,
1410 2842 1431 2871 n7
1442 2842 1541 2874 Malim
1558 2843 1660 2880 μόνων,
