1950 3083
181 184 255 218 1231
716 185 732 215 J
738 209 744 216 .
769 183 963 217 XIPHILINI
984 183 1030 216 GP

177 250 393 283 contrariorum
410 252 525 288 natura,
542 249 619 281 malo
635 259 744 290 nempe
758 259 827 281 cum
843 249 922 281 bono
934 250 994 280 im-
1007 251 1029 282 A

178 295 276 336 misto,
292 297 417 326 mortem
433 293 639 326 commitatum
664 294 692 325 ei
716 294 766 334 qui
782 295 877 333 legem
895 298 996 325 trans-

177 340 362 379 grederetur.
380 338 452 370 Cum
468 342 565 370 autem
580 339 668 370 homo
681 339 850 370 voluntarie
859 339 948 370 vitam
960 348 996 371 ex

176 383 292 415 duobus
321 384 513 424 compositam
552 384 617 415 vita:
656 394 716 415 non
754 384 829 415 malo
858 383 996 415 immistae

177 428 366 469 praetulisset,
383 437 443 459 non
471 427 592 469 reliquit
616 438 683 460 eum
698 428 778 459 Deus
793 428 995 459 immendabi-

177 473 235 504 lem
250 482 257 512 ;
271 473 324 505 sed
341 477 494 514 postquam
507 482 587 504 mors
599 473 713 504 homini
726 473 872 513 peccatori
889 482 995 513 super—

176 517 269 559 venit,
285 517 446 558 dupliciter
459 517 558 548 divisit
569 522 597 548 et
611 517 697 548 vitam
713 517 744 548 in
756 518 905 549 carnalem
923 519 997 549 hanc

176 562 246 594 etin
257 562 396 599 futuram,
418 571 477 593 non
493 563 556 602 pari
577 562 741 593 durationis
765 571 924 599 mensura;
943 562 996 593 sed

175 610 351 647 praesentem
369 606 491 647 quidem
508 606 683 638 brevissimo
700 610 833 647 tempore
844 607 992 642 deﬁnivit;

176 651 303 683 futuram
318 661 388 683 vero
409 651 440 682 in
466 657 610 682 aeternum
637 651 786 691 produxit.
816 651 995 683 Libertatem

175 696 265 736 igitur
285 696 355 727 fecit
381 695 460 727 Deus
483 705 536 736 per
560 695 796 727 misericordiam
821 696 995 727 alterutrum

176 741 317 780 eligendi,
334 740 444 772 bonum
472 745 502 772 et
524 741 636 772 malum
661 750 714 780 per
740 740 860 771 brevem
877 741 952 771 hanc
968 744 996 771 et

176 786 318 816 caducam
332 785 434 822 vitam,
452 789 500 816 aut
527 795 581 826 per
607 785 752 816 inﬁnitam
768 785 848 816 illam
864 789 894 815 et
909 789 995 816 aeter—

174 839 256 862 nam.
273 829 385 861 Eodem
400 830 522 861 nomine
545 830 656 861 dicitur
669 830 779 860 bonum
796 833 825 860 et
840 829 949 860 malum
966 834 996 861 et

174 874 254 906 inter
267 874 464 914 intelligibilia
479 878 507 905 et
530 875 683 905 sensibilia
698 875 929 915 unumquodque
944 883 996 905 eo-

1033 209 1041 216 .
1064 182 1321 217 PATRIARCH/E

1799 187 1879 221 1232

1039 249 1186 295 παραδείσῳ
1220 258 1316 291 φαγεῖν
1352 251 1526 291 ἐπιτρέπουσα
1562 253 1608 281 τὸν
1644 252 1741 292 Ἀδὰμ,
1774 255 1876 295 ἀπείρ-

1037 305 1119 333 γουσα
1141 294 1168 322 δὲ
1194 297 1238 324 καὶ
1265 295 1400 325 κωλύουσα
1432 296 1534 325 ἐκεῖνον
1561 297 1637 338 (89),
1668 300 1691 336 ᾧ
1717 294 1875 337 σύμμικτος

1036 339 1068 372 ἧν
1083 339 1113 367 ἐκ
1127 343 1178 368 τῶν
1193 339 1316 368 ἐναντίων
1341 342 1358 374 ἡ
1384 342 1472 381 φύσις,
1497 347 1543 371 τοῦ
1566 347 1649 372 κακοῦ
1673 344 1741 382 πρὸς
1768 345 1805 372 τὸ
1821 355 1875 372 κα-

1036 383 1081 412 λὸν
1109 385 1353 424 συγκεκραμμένοι),
1388 387 1498 416 θάνατον
1529 387 1650 416 ἐπιθεῖσα
1678 392 1717 426 τῷ
1746 401 1874 429 παρανο-

1038 429 1150 466 μήσαντι
1177 430 1226 463 τὴν
1254 431 1361 468 ζημίαν.
1399 435 1450 460 Τοῦ
1484 432 1620 471 ἀνθρώπου
1648 437 1711 472 γοῦν
1740 434 1873 465 ἑκουσίως

1038 473 1086 506 τὴν
1101 473 1130 501 ἐκ
1144 477 1196 502 τῶν
1211 475 1332 504 ἐναντίων
1357 476 1502 515 σύγκρατον
1525 477 1596 512 ζωὴν
1619 481 1664 505 τοῦ
1690 478 1810 517 ἀμιγοῦς
1834 483 1873 515 τῷ

1039 519 1138 558 χείρονι
1155 518 1217 560 (90)
1239 521 1465 559 προτιμήσαντος,
1490 523 1536 551 οὒκ
1561 521 1647 560 ἀφῆκε
1663 526 1756 551 τοῦτον
1774 525 1790 551 ὁ
1806 524 1873 554 Θεὸς

1037 561 1202 601 ἀδιόρθωτον,
1244 563 1303 592 ἀλλ’
1342 564 1432 598 ἐπειδὴ
1468 567 1482 594 ὁ
1515 566 1626 597 θάνατος
1662 566 1872 607 παραϐεχτριότι

1037 606 1247 648 ἐπηκολούθησε,
1277 608 1341 648 διχῆ
1372 610 1468 649 μερίζει
1497 611 1541 638 καὶ
1570 611 1620 644 τὴν
1649 612 1734 651 ζωὴν,
1766 612 1814 644 εἴς
1843 623 1871 640 τε

1037 651 1086 684 τὴν
1122 653 1249 690 σαρκικὴν
1277 654 1388 692 ταύτην,
1422 655 1465 682 καὶ
1501 655 1536 686 εἷς
1565 655 1614 688 τὴν
1645 656 1809 694 μέλλουσαν,
1843 660 1872 686 93

1037 695 1104 725 κατὰ
1128 696 1158 724 τὸ
1180 696 1238 724 ἴσον
1263 697 1358 737 μέτρον
1383 703 1429 727 τοῦ
1454 697 1643 737 διαστήματος,
1666 700 1738 728 ἀλλὰ
1750 702 1804 734 τὴν
1821 702 1872 739 μὲν

1036 743 1180 785 παροῦσαν,
1213 741 1238 769 ἐν
1267 742 1426 782 βραχυτάτῳ
1454 744 1504 771 τινὶ
1532 744 1623 784 χρόνῳ
1652 746 1826 785 περιγράψας
1863 754 1870 760 ⁸

1036 784 1085 818 τὴν
1115 784 1142 812 δὲ
1171 785 1317 822 μέλλουσαν
1353 789 1510 827 παρατείνας
1540 789 1576 820 εἰς
1601 790 1650 822 τὴν
1674 789 1761 818 ἀίδιον
1787 790 1870 829 (91).

1036 827 1168 861 Ἐξοοσίαν
1197 831 1281 860 τοίνυν
1309 830 1419 860 δέδωκεν
1447 833 1461 860 ὁ
1489 834 1553 864 Θεὸς
1580 834 1630 861 ὑπὸ
1656 827 1870 875 φιλανθρωπίας,

1037 873 1063 901 ἐν
1079 875 1101 910 ᾧ
1118 873 1180 914 (92)
1196 886 1236 906 τις
1261 875 1382 913 βούλεται
1404 877 1503 906 τούτων
1529 877 1602 917 ἔχειν
1623 873 1760 919 ἑκάτερον,
1793 880 1826 908 τό
1842 873 1870 907 τε

175 928 241 950 rum
255 919 408 951 dividitur.
435 919 470 950 Et
494 919 544 950 alii
568 919 722 950 sensibilia
748 919 824 950 bona
849 922 878 950 et
892 919 987 958 gaudi:

1061 919 1136 957 γαϐὸν
1147 920 1191 947 καὶ
1213 920 1243 948 τὸ
1267 921 1360 958 κακὸν,
1386 921 1404 955 ἢ
1427 922 1495 950 κατὰ
1521 923 1563 950 τὸν
1587 923 1688 962 βραχὺν
1713 918 1811 952 τοῦτον
1825 926 1872 952 καὶ

174 964 349 1004 praeferunt,
366 964 417 994 alii
439 967 538 995 autem
563 963 625 995 sola
649 963 847 1003 intelligibilia
872 964 998 995 credunt

175 1018 241 1040 esse
256 1008 335 1039 bona
356 1013 385 1039 et
409 1008 567 1040 nominari.
592 1008 705 1045 Quibus
735 1018 821 1049 porro
836 1017 921 1039 mens
937 1017 996 1039 non

172 1053 342 1094 intelligens
358 1063 456 1094 neque
472 1053 605 1084 melioris
622 1053 786 1094 indagatrix
802 1057 857 1094 est,
873 1053 895 1083 ii
909 1061 994 1084 vora-

176 1098 263 1130 citate
289 1107 342 1129 sua
368 1097 398 1129 in
420 1097 531 1129 carnali
551 1097 608 1128 vita
633 1098 762 1129 debitam
787 1102 899 1129 naturze
925 1097 996 1128 boni

176 1147 290 1184 partem
307 1143 389 1184 prius
412 1143 581 1181 absumunt,
608 1143 683 1174 nihil
706 1143 812 1174 futurae
836 1146 901 1173 vitzn
923 1151 994 1182 pro—

176 1191 335 1226 curantes;
373 1187 423 1228 qui
457 1196 526 1218 vero
557 1187 740 1219 discernenti
768 1187 882 1218 ratione
911 1196 994 1217 suam

175 1233 314 1263 ordinant
328 1232 429 1273 vitam,
444 1231 481 1263 iis
505 1232 555 1272 qui
579 1241 686 1263 sensus
710 1232 820 1263 laedunt
834 1232 948 1270 afﬂicti,
966 1232 995 1262 in

173 1277 306 1308 futurum
323 1277 465 1309 saeculum
481 1276 590 1308 bonum
607 1277 664 1308 sibi
678 1281 848 1318 procurant.
864 1277 907 1307 Ita
922 1280 953 1307 ut
964 1276 996 1306 in

175 1325 286 1353 aeterna
300 1322 358 1352 vita
374 1321 479 1352 melior
494 1321 578 1362 quies
593 1320 629 1352 iis
646 1321 833 1362 protenditur
844 1326 873 1353 et
883 1322 940 1352 hoc
951 1325 996 1352 est

173 1368 264 1399 chaos
278 1367 356 1408 quod
372 1377 431 1398 non
448 1367 479 1398 ﬁt
503 1373 583 1398 terra
606 1367 752 1404 hiscente,
770 1367 822 1398 sed
839 1366 996 1398 sententiis

174 1421 229 1452 per
245 1412 332 1442 vitam
348 1411 379 1442 in
394 1411 524 1442 diversas
540 1411 702 1442 electiones
718 1411 830 1442 divisis.
849 1411 903 1447 Qui
914 1411 993 1442 enim

175 1456 268 1487 semel
284 1465 338 1496 per
361 1456 438 1486 hanc
452 1455 539 1486 vitam
557 1456 663 1495 gaudia
678 1456 838 1496 praeposuit
853 1465 994 1496 suamque

174 1500 356 1532 dementiam
373 1509 426 1540 per
437 1500 639 1540 pmnitentiam
652 1510 710 1530 non
721 1500 844 1540 sanavit,
857 1500 993 1531 inacces-

173 1544 291 1575 sibilem
300 1544 356 1574 sibi
366 1548 466 1584 postea
473 1545 647 1594 angelorum
655 1545 756 1575 sedem
766 1545 870 1582 efﬁcit;
880 1544 993 1584 imper-
1002 1565 1022 1596 Ο

173 1589 330 1620 meabilem
344 1589 424 1620 hunc
439 1588 607 1627 transitum,
620 1592 759 1629 tanquam
770 1589 948 1619 immensum
963 1593 993 1620 et

170 1633 284 1665 invium
295 1634 466 1665 barathrum
478 1633 578 1664 subter
586 1643 618 1665 se
628 1633 810 1674 perl‘odiens.
827 1647 836 1662 ι
851 1634 887 1664 Et
897 1633 988 1665 dixit:

170 1679 252 1719 Rogo
269 1688 338 1719 ergo
365 1682 405 1719 te,
433 1682 525 1719 pater,
553 1683 584 1709 ut
606 1679 704 1709 mittas
728 1689 796 1709 eum
824 1679 855 1709 in
871 1679 991 1710 domum

171 1724 263 1765 patris
279 1724 349 1755 mei.
366 1723 466 1754 Habeo
480 1723 558 1754 enim
573 1723 705 1764 quinque
716 1723 844 1763 fratres;
860 1728 892 1754 ut
903 1728 993 1755 teste-

170 1773 219 1799 tur
233 1768 293 1799 illis
313 1777 351 1799 ne
362 1771 390 1798 et
401 1767 457 1808 ipsi
473 1768 592 1799 veniant
607 1768 637 1798 in
652 1768 731 1799 hunc
746 1768 845 1800 locum
857 1773 993 1800 tormen—

171 1817 278 1844 torum.
294 1813 345 1844 Ait
358 1812 401 1843 illi
413 1812 564 1844 Abraham
578 1823 584 1843 :
602 1812 720 1844 Habent
736 1813 863 1853 Moysem
879 1817 907 1843 et
919 1822 991 1853 pro-

170 1858 277 1898 phetas
294 1869 302 1889 :
327 1857 448 1888 audiant
469 1857 549 1888 illos.
572 1857 610 1888 At
622 1858 673 1888 ille
688 1857 761 1888 dixit
777 1866 786 1888 :
814 1856 889 1897 Non,
907 1861 992 1896 pater

169 1901 412 1941 Abraham;sed
435 1902 460 1933 si
484 1902 550 1943 quis
573 1911 608 1933 ex
630 1902 754 1933 mortuis
782 1902 850 1932 ierit
874 1901 910 1932 ad
927 1911 989 1940 eos,

170 1947 376 1987 pmnitentiam
391 1949 490 1985 agent.
505 1946 556 1978 Ait
571 1950 669 1978 autem
685 1947 728 1978 illi
743 1957 748 1976 :
773 1945 804 1977 Si
818 1947 947 1986 Moysem
964 1950 993 1977 et

171 1992 332 2032 prophetas
346 2000 406 2022 non
421 1990 564 2030 audiunt;
588 2000 684 2031 neque
698 1991 724 2022 si
738 1991 804 2031 quis
820 2000 855 2022 ex
867 1991 991 2022 mortuis

169 2036 344 2074 resurrexit,
363 2035 496 2066 credent.
513 2046 527 2066 )

208 2079 327 2118 Videte,
352 2080 468 2119 fratres,
493 2079 641 2120 quomodo
662 2089 697 2111 ex
721 2080 865 2121 supplicio
890 2079 921 2110 in
937 2088 988 2111 re-

167 2125 371 2164 sipiscentiam
387 2125 503 2156 venerit
518 2125 613 2161 dives,
639 2128 668 2155 et
683 2125 732 2165 qui
748 2125 829 2165 prius
845 2125 986 2156 Lazarum

167 2173 238 2201 ante
253 2173 367 2210 portam
390 2179 472 2200 suam
491 2169 641 2209 jacentem
666 2173 696 2200 et
720 2170 798 2200 fame
813 2173 986 2210 pereuntem

165 2213 387 2251 contemnebat,
402 2223 480 2244 nunc
504 2215 541 2245 de
565 2213 631 2245 aliis
655 2213 827 2245 absentibus
842 2213 1018 2258 sollicitusD

165 2258 214 2297 sit,
230 2263 259 2290 et
274 2259 402 2299 postulet
417 2263 448 2290 ut
458 2259 582 2290 Lazarus
600 2268 635 2290 ex
650 2259 774 2290 mortuis
789 2259 819 2289 in
833 2259 925 2298 patris
940 2259 986 2290 sui

164 2303 286 2334 domum
315 2304 456 2335 mittatur.
487 2303 521 2334 Et
545 2313 604 2334 non
629 2303 808 2334 simbliciter
829 2313 920 2334 unum
951 2312 985 2334 ex

163 2348 299 2386 mortuis,
317 2348 370 2379 sed
394 2348 556 2387 Lazarum;
579 2353 611 2379 ut
633 2348 752 2379 videant
775 2357 841 2379 eum
858 2357 984 2379 corona-

164 2396 237 2432 tum,
255 2393 327 2424 etin
341 2393 433 2433 gloria
456 2397 485 2424 et
508 2393 632 2424 sanitate
657 2393 708 2434 qui
723 2403 790 2424 eum
804 2393 938 2424 viderant
953 2393 984 2423 in

166 2437 315 2470 dedecore
327 2443 356 2470 et
369 2438 557 2477 inﬁrmatate,
575 2442 603 2470 et
618 2438 669 2479 qui
693 2439 757 2478 ejus
772 2438 880 2479 inopiae
894 2442 983 2469 testes

205 2532 266 2573 (89)
279 2544 293 2561 α
306 2532 451 2563 Κωλύουσα
467 2533 580 2563 ἐκεῖνον.
595 2545 608 2560 ι)
625 2532 726 2564 Malim
737 2531 786 2564 llic
797 2532 933 2564 omittere
943 2534 986 2562 καὶ

163 2573 311 2612 κωλύουσα,
350 2577 378 2604 et
415 2583 467 2614 pro
496 2574 598 2614 ἐκεῖνον
628 2573 729 2614 legere
753 2574 865 2614 ἓκεῗνρυ.
896 2574 986 2613 Magis

162 2617 243 2644 certe
261 2613 463 2655 perspicuum,
477 2613 556 2654 quod
580 2613 687 2655 legitur
701 2613 731 2644 in
747 2614 813 2644 cod.
823 2613 861 2655 Β.
874 2619 950 2643 τοῦτο

161 2656 205 2682 καὶ
221 2656 234 2683 ὁ
249 2653 352 2695 πρῶτος
367 2659 412 2684 τοῦ
427 2653 495 2683 Θεοί
515 2654 596 2692 νόμος
620 2653 790 2694 ἐμαρτύρεται
817 2654 872 2694 (sic
889 2665 895 2686 :
921 2655 986 2694 lege

162 2698 212 2725 aut
240 2695 409 2736 ἐμαρτύρετο,
446 2699 494 2726 aut
523 2695 732 2736 μεμαρτύρηται)
765 2697 779 2722 ὁ
807 2695 860 2736 ἀπὸ
888 2697 986 2728 παντὸς

161 2736 215 2774 μὴν
244 2734 318 2769 ξύλου
340 2734 437 2766 τοῦὲν
466 2738 504 2773 τῷ
531 2734 679 2775 παραδείσῳ
704 2734 799 2775 φαγεῖν
828 2735 983 2775 ἐπιτρέπων,

163 2747 215 2774 μην
244 2746 318 2769 ςυΛου
343 2747 388 2766 του
411 2746 437 2764 εν
466 2747 504 2773 τῳ
531 2746 567 2763 πα
585 2747 593 2762 ς

163 2775 294 2816 ἀπείργων
311 2776 338 2805 δὲ
354 2776 463 2814 ἐκείνου,
480 2787 507 2805 κ.
524 2786 549 2816 τν.

206 2814 270 2857 (90)
290 2829 302 2844 ιι
315 2821 358 2858 rip
373 2817 484 2858 χείρονι.
497 2825 513 2846 )
527 2815 599 2858 (Ῐρά.
608 2814 651 2858 ΑΒ.
662 2818 706 2858 τῷ
715 2816 831 2855 χείρους,
844 2816 921 2856 quod
934 2825 988 2858 per

167 2854 536 2897 consuetudinem'lingua;
546 2855 616 2886 ferrl
626 2854 746 2897 quidem
754 2854 861 2896 potest;
873 2854 987 2897 perspi-

166 2895 304 2928 cuitatem
319 2900 418 2929 tamen
432 2895 583 2937 paululum
594 2895 704 2927 turbat.
719 2895 835 2936 Ἀμιγὴς
848 2895 915 2929 cum
930 2895 985 2929 da-

1037 962 1195 1003 πρόσκαιρον
1225 964 1292 1005 βίον,
1329 965 1347 999 ἢ
1380 967 1448 994 κατὰ
1476 967 1521 994 τὸν
1555 967 1723 996 ἆτελεύτετον
1762 968 1870 997 ἐκεῖνον

1036 1007 1080 1035 καὶ
1095 1007 1180 1052 ἀίδιον
1198 1018 1205 1025 ·
1221 1010 1368 1047 ὁμωνύμως
1390 1009 1417 1038 δὲ
1441 1010 1586 1050 λεγομένου
1611 1011 1672 1052 (93)
1690 1017 1736 1041 τοῦ
1750 1023 1779 1040 τε
1796 1014 1870 1052 ἇγα-

1036 1053 1081 1081 θοῦ
1102 1050 1146 1080 διαὶ
1167 1057 1213 1082 τοῦ
1235 1058 1329 1092 κακοῦ,
1356 1055 1400 1082 καὶ
1424 1056 1489 1094 πρὸς
1514 1057 1546 1084 τὰ
1572 1050 1725 1090 νοήτὰγκαὶ
1754 1050 1870 1090 αἰσθῆτᾶ

1037 1096 1160 1135 ἐκατέρου
1186 1098 1285 1127 τούτων
1320 1099 1502 1140 μεριζομένου,
1533 1102 1576 1128 καὶ
1604 1104 1656 1129 τῶν
1684 1102 1746 1141 μὲν,
1777 1103 1811 1130 τὰ
1843 1102 1869 1130 ἐν

1037 1141 1153 1176 αἰσθήσει
1177 1141 1261 1180 ἀγαθὰ
1282 1144 1325 1171 καὶ
1347 1142 1411 1177 ἡδέα
1432 1145 1636 1184 προκρινιίντων,
1664 1149 1716 1173 τῑῖιν
1739 1145 1768 1173 δὲ
1785 1146 1868 1183 μόνα-

1036 1185 1068 1213 τα
1096 1186 1164 1214 κατᾶ
1192 1185 1307 1216 διάνοιαν
1332 1189 1510 1216 πιστευόντων
1539 1190 1582 1217 καὶ
1606 1190 1676 1218 εἶναι
1700 1190 1798 1230 ἀγαθὰ,
1823 1192 1868 1218 καὶ

1037 1230 1221 1270 ὀνομάζεσθαι,
1252 1233 1294 1263 οἷς
1322 1232 1370 1269 μὲν
1398 1233 1411 1260 ὁ
1439 1232 1566 1272 λογισμὸς
1595 1234 1717 1266 ἀσύνετος
1744 1236 1791 1262 καὶ
1820 1241 1866 1264 τοῦ

1037 1273 1169 1306 ϐελτίονος
1184 1275 1358 1308 ἆνεπίσχοπος
1387 1276 1461 1316 (94),
1486 1279 1556 1306 οὗτοι
1581 1279 1632 1306 ὑπὸ
1661 1278 1824 1318 λαιμαργίας
1841 1280 1866 1307 ἐν

1036 1322 1074 1355 τῷ
1103 1319 1216 1358 σαρκίνῳ
1249 1320 1298 1358 βίῳ
1332 1321 1381 1354 τὴν
1407 1323 1625 1361 χρεωστουμένην
1653 1326 1687 1361 τῇ
1713 1324 1788 1363 φύσει
1818 1330 1865 1354 τοῦ

1037 1363 1134 1402 ἀγαθοῦ
1171 1371 1268 1404 μοῖραν
1310 1365 1558 1405 προαναλίσκουσιν,
1604 1366 1676 1396 οῶὲν
1720 1371 1758 1405 τῷ
1795 1370 1863 1406 μετὰ

1036 1413 1116 1437 ταῦτα
1139 1409 1188 1446 βίῳ
1213 1409 1397 1447 ταμιευόμενοι
1425 1418 1432 1425 ·
1459 1411 1482 1438 οἱ
1508 1409 1535 1438 δὲ
1564 1410 1686 1450 λογισμῷ
1709 1411 1863 1451 διαχριτικῷ

1034 1453 1083 1485 τὴν
1109 1453 1208 1480 ἑαυτῶν
1232 1453 1430 1490 οἰκονομοῦντες
1453 1455 1524 1490 ζωὴν
1551 1454 1591 1483 διὰ
1614 1459 1667 1483 τῶν
1683 1456 1741 1494 ξτὴν
1767 1457 1863 1491 αἴσθη-

1035 1508 1074 1524 σιν
1089 1495 1239 1527 λυπούντων
1263 1497 1422 1537 ἆνιαῦἐντες,
1449 1503 1487 1536 τῷ
1513 1499 1605 1539 ἐφεξῆς
1632 1501 1706 1529 αἰῶνι
1732 1502 1762 1529 τὸ
1788 1502 1862 1540 ἄγα-

1033 1541 1078 1569 Οὸν
1111 1542 1291 1582 ταμιεύονται,
1325 1543 1392 1572 ὥστε
1427 1545 1520 1576 αὖτοῦς
1555 1547 1589 1583 τῇ
1623 1545 1701 1582 ἀϊδίῳ
1727 1549 1785 1584 ζωῇ
1813 1547 1860 1580 τὴν

1033 1586 1167 1625 κρείττονα
1201 1585 1276 1620 λῆξιν
1311 1589 1528 1625 συμπατείνεσθαι
1556 1597 1565 1606 ⁶
1596 1592 1674 1618 τοῦτο
1701 1594 1764 1629 γοῦν
1795 1590 1862 1630 (95)

1033 1630 1087 1658 ἐστι
1114 1631 1145 1659 τὺ
1168 1631 1273 1671 χάσμα,
1302 1631 1365 1672 ὅπερ
1393 1634 1454 1673 οὐχὶ
1477 1636 1529 1672 γῆς
1556 1633 1719 1674 διασχούσης
1747 1636 1858 1675 γίνεται,

1032 1674 1091 1702 ἀλλ’
1105 1676 1123 1709 ἦ
1151 1676 1221 1715 παρὰ
1242 1676 1287 1704 τὸν
1313 1677 1368 1719 βίον
1392 1679 1474 1716 κρίσις
1495 1679 1561 1717 πρὸς
1582 1679 1629 1710 τὰς
1651 1679 1769 1711 ἐναντίας
1794 1690 1860 1719 προ-

1033 1719 1145 1760 αιρέσεις
1174 1722 1327 1760 σχισθεῖσα,
1346 1716 1374 1749 Ὀ
1397 1722 1446 1761 γὰρ
1470 1716 1539 1755 ἅπαξ
1564 1723 1631 1750 κατὰ
1655 1724 1701 1751 τὸν
1725 1724 1781 1762 βίον
1795 1716 1858 1753 τοῦ·

1032 1775 1077 1792 τον
1102 1763 1227 1802 ἑλομενος
1252 1765 1282 1792 τὸ
1304 1764 1363 1805 ἡδὺ,
1393 1767 1437 1794 καὶ
1462 1767 1500 1804 μὴ
1524 1768 1683 1806 θεραπεύσας
1714 1767 1743 1796 ἐκ
1773 1779 1858 1806 μετα-

1033 1807 1138 1845 μελείας
1171 1810 1220 1844 τήν
1256 1808 1389 1848 ἀϐουλίαν,
1428 1809 1524 1839 ἄϐατον
1561 1812 1645 1849 ἑαυτῷ
1675 1813 1742 1849 μετὰ
1777 1818 1858 1842 ταῦτα

1032 1853 1076 1880 τὸν
1103 1856 1155 1880 τῶν
1184 1853 1304 1892 ἀγγέλων
1333 1857 1421 1894 χῶρον
1449 1855 1600 1895 ἆργάζεται,
1635 1857 1684 1890 τὴν
1719 1855 1856 1885 ἀδιάϐατον

1032 1897 1129 1930 ταύτην
1159 1896 1288 1934 διάϐασιν,
1319 1899 1435 1940 καθάπερ
1469 1911 1493 1927 τι
1529 1900 1656 1940 βάραθρον
1692 1901 1792 1940 ἀχανές
1830 1912 1857 1929 τε

1032 1942 1076 1969 καί
1103 1941 1278 1981 ἆπαρόδευτον
1300 1938 1360 1971 καθ’
1386 1944 1479 1974 ἑαυτοῦ
1504 1938 1630 1984 διορύξας.
1659 1955 1672 1973 l
1699 1938 1769 1973 έῗπε
1793 1945 1820 1974 δέ
1847 1955 1854 1963 ⁸

1033 1984 1140 2025 Ἐρωτῶ
1155 1986 1198 2014 οὖν
1226 1997 1266 2027 σε,
1291 1987 1384 2027 πάτερ,
1408 1987 1453 2016 ἵνα
1468 1988 1578 2027 πὲμψῃς
1594 1990 1672 2019 αὐτὸν
1697 1991 1733 2021 εἱς
1752 1991 1799 2018 τὸν
1814 1991 1856 2019 οἶ-

1032 2041 1078 2058 κον
1113 2035 1158 2060 τοῦ
1192 2031 1291 2070 πατρός
1327 2042 1387 2070 μου,
1425 2032 1484 2073 ἔχω
1519 2034 1568 2072 γὰρ
1602 2034 1680 2062 πέντε
1716 2033 1855 2076 ἀδελφοὺς,

1030 2073 1102 2106 ὅπως
1131 2074 1336 2115 διαμαρτᾶρηται
1363 2079 1466 2114 ο-Ϊδτοϊς,
1496 2077 1541 2106 ἵνα
1571 2078 1609 2115 μὴ
1639 2080 1682 2106 καὶ
1712 2073 1791 2108 αὖτοῖ
1811 2073 1856 2107 ἔλέ

1029 2121 1108 2148 Θωσιν
1140 2122 1175 2152 εἷς
1212 2122 1255 2149 τὸν
1287 2122 1368 2167 τότξρν
1404 2128 1496 2152 τοῦτον
1531 2126 1580 2156 τῆς
1615 2124 1741 2161 βασάνου,
1779 2125 1855 2164 Λέγει

1028 2168 1098 2203 αὖτῷ
1113 2167 1126 2194 ὁ
1143 2165 1262 2206 Ἀϐραάμ
1292 2177 1298 2184 ·
1330 2161 1439 2208 Ἔχουσι
1456 2168 1552 2196 Μωσέα
1567 2169 1610 2197 καὶ
1626 2171 1686 2201 τοὺς
1702 2171 1842 2210 προφῆτις

1029 2210 1216 2239 ἀκουσάτωσαν
1254 2212 1349 2243 αὖτῶν,
1383 2208 1411 2241 ιΟ
1447 2211 1473 2240 δὲ
1509 2213 1586 2241 εἶπεν
1615 2221 1623 2229 ⁸
1658 2214 1737 2254 Οὐχὶ,
1773 2208 1855 2255 πᾶτερ

1029 2253 1160 2294 Ἀϐραὰμ,
1177 2254 1237 2283 ἀλλ’
1263 2256 1305 2284 ἐάν
1327 2267 1370 2284 τισ
1398 2256 1427 2284 ἐκ
1453 2260 1550 2296 νεκρῶν
1575 2253 1779 2298 πορευθῇνπρὸς
1806 2253 1854 2289 1-i-

1027 2299 1099 2339 τοὺς,
1131 2301 1350 2338 μετανοήσουσιν,
1380 2301 1450 2330 Εἶπε
1482 2301 1508 2329 δὲ
1537 2304 1608 2340 αὖτῷ
1640 2310 1647 2318 ⁸
1679 2304 1708 2332 Ei
1736 2304 1854 2336 Μωσέως

1603 2346 1660 2376 οὖδὲ
1683 2347 1728 2376 ἐάν
1755 2359 1794 2379 τις
1825 2349 1854 2377 ἐκ

1027 2344 1070 2371 καὶ
1099 2347 1151 2372 τῶν
1179 2348 1322 2385 προφητῶν
1351 2348 1399 2375 οὒκ
1429 2346 1578 2387 ἀκούουσιν,

1027 2391 1123 2428 νεκρῶν
1158 2389 1268 2428 ἀναστῇ,
1306 2391 1505 2426 πεισθήσονται.
1545 2403 1557 2420 n
1590 2390 1717 2429 Βλέπετε,
1745 2392 1853 2433 ἀδελφοέ

1024 2444 1086 2473 μου,
1116 2436 1172 2465 πῶς
1199 2434 1248 2462 ὑπὸ
1277 2437 1326 2468 τῆς
1353 2434 1488 2468 κολάσεως
1515 2436 1551 2467 εἷς
1579 2437 1747 2470 συναίσθησιν
1772 2437 1850 2471 ἦλθεν

1028 2531 1087 2563 tivo
1103 2531 1182 2572 apud
1197 2531 1372 2574 Alciphron.
1388 2532 1452 2564 Lib.
1468 2541 1501 2572 Il,
1517 2533 1572 2574 Ep.
1589 2533 1639 2566 IV.
1655 2543 1684 2574 p.
1701 2535 1772 2567 962.

1068 2574 1126 2610 (91}
1146 2584 1160 2600 α
1178 2574 1222 2604 Εἰς
1236 2573 1284 2606 τὴν
1300 2573 1394 2603 ἀίδιον.
1415 2584 1429 2603 ‹
1449 2575 1523 2609 Ζωήν
1541 2573 1548 2590 ³

1151 2623 1162 2640 (ι
1181 2611 1225 2641 Ἐν
1292 2625 1305 2640 »
1324 2614 1415 2654 Χρόνῳ
1429 2614 1446 2648 ἢ
1461 2614 1520 2652 βίῳ,

1069 2651 1133 2693 (973)
1152 2664 1165 2680 α
1180 2653 1338 2692 Λεγομένου.
1348 2651 1370 2681 ’»
1389 2654 1438 2685 Sic
1449 2651 1517 2685 dedi
1529 2664 1566 2686 ex
1573 2655 1641 2687 cod.
1651 2655 1686 2687 B.
1696 2655 1770 2687 Nam
1782 2657 1845 2688 cod.

1027 2693 1063 2724 A.
1075 2692 1182 2734 ivitiose
1197 2693 1324 2725 habebat
1337 2693 1451 2734 λέγομεν
1465 2696 1507 2726 οὺ.

1071 2733 1135 2773 (94)
1151 2733 1353 2767 Ἀνεπίσκοπος.
1372 2733 1383 2764 ιι
1415 2734 1619 2768 ’Λνεπίσκεπτος
1644 2736 1679 2768 Β,
1697 2736 1845 2767 Ἀνεπίσκο-

1026 2773 1180 2815 ποςῗὴειὺιιι
1195 2773 1316 2813 Gregor.
1333 2775 1402 2806 Naz.
1420 2785 1449 2815 p.
1467 2776 1536 2808 179.

1079 2814 1126 2853 95)
1146 2825 1158 2842 (ι
1176 2818 1257 2843 Τοῦτο
1268 2819 1340 2855 γοῦν,
1359 2827 1373 2843 ι»
1391 2814 1472 2845 τόςτο
1488 2817 1531 2845 οὖν
1544 2817 1578 2848 Β.
1595 2817 1662 2848 Mox
1681 2817 1798 2849 correxi
1811 2827 1844 2849 ex

1026 2855 1131 2899 eodem
1147 2855 1284 2899 11.1955.th
1307 2856 1373 2895 βίον,
1398 2864 1452 2896 pro
1480 2858 1552 2897 παρὰ
1566 2863 1612 2888 τοῦ
1631 2858 1698 2896 βίου,
1715 2858 1794 2899 quod
1814 2859 1844 2890 in

1026 2895 1094 2927 eod.
1109 2894 1144 2926 Α.
1161 2893 1278 2934 legitur.
