1950 3083
167 174 244 207 1235
701 178 730 208 Ι.
754 176 947 209 XIPHILINI
967 177 1024 209 CP.
1048 176 1307 209 PATRIARCHE
1779 177 1880 210 1236

165 241 275 274 Contra
284 246 381 274 autem
393 243 534 282 augustite
547 243 662 274 virtutis
672 242 703 274 in
717 247 798 274 vasta
811 243 875 275 loca
886 244 983 276 dedu-

1060 247 1118 286 νχῆς
1145 248 1302 274 καταντῶσα
1330 245 1476 285 ἀπώλειαν,
1507 246 1550 274 καὶ
1578 247 1643 285 πρὸς
1672 246 1706 274 τὰ
1731 245 1799 274 ἐκεῖ
1834 244 1878 273 δια

166 291 237 318 cunt
267 291 296 318 et
326 286 443 325 ﬁniunt,
476 287 597 318 multam
632 292 698 328 post
731 288 793 319 haec
819 289 986 329 praebentes

1063 291 1173 330 ιωτήρια
1189 289 1236 330 (4)
1254 289 1367 330 φέρουσα
1393 297 1401 305 ’
1428 291 1564 320 τοῦνανιὸν
1585 289 1612 318 δὲ
1634 291 1664 318 τὸ
1692 292 1790 319 στενὸν
1812 293 1875 323 τῆς

165 331 312 372 requiem.
328 333 374 364 Ne
389 332 478 371 igitur
500 332 554 363 viaa
580 331 673 363 initiis
699 332 891 373 decipiantur.
909 333 984 370 Quid

1060 337 1121 368 ετῆς
1150 335 1186 366 εἰς
1210 335 1371 374 εὐρυχωρίαν
1395 334 1492 373 ἀπάγει
1520 335 1563 363 καὶ
1591 334 1751 374 καταλήγει,
1783 334 1872 364 πολ-

166 376 246 407 enim
254 375 388 414 interest,
397 376 535 416 agedum,
546 380 699 417 postquam
709 377 859 417 paululum
872 381 985 418 tempo-

1062 391 1076 406 ν
1099 379 1218 419 παρέχον
1243 379 1310 416 μετὰ
1332 384 1414 408 ταῦτα
1437 380 1486 413 τὴν
1516 379 1614 411 ἄνεσιν.
1644 380 1688 413 Μὴ
1716 380 1761 408 οὖν
1799 387 1872 411 τοῖς

164 420 207 451 ris
221 420 267 451 via
292 421 350 451 lata
364 421 625 458 ambulaverimus,
641 421 672 452 in
687 421 862 462 perditionis
879 422 983 462 praeci-

1061 425 1172 461 οοιμίοις
1199 423 1247 463 (ὅ)
1271 423 1460 462 ἀπατηθῶμεν.
1485 428 1566 454 Ποῖον
1588 425 1637 464 γὰρ
1661 424 1770 465 ὄφελος,
1802 425 1871 452 εἶπέ

165 464 268 509 pitium
284 464 418 496 deferri?
434 465 516 502 Quod
528 465 608 496 enim
619 465 767 496 somnium
781 465 818 497 ad
832 467 983 498 veritatem

1060 480 1086 500 ιι,
1122 469 1187 508 πρὸς
1219 467 1308 507 ὀλίγον
1344 468 1394 502 τὴν
1429 469 1578 509 εὐρύχωρον
1614 464 1787 507 βαδίσαντας,
1827 471 1871 501 εἷς

166 512 222 545 est,
238 508 268 539 id
285 518 416 549 praesens
428 510 486 541 vita
500 509 535 541 ad
562 510 690 541 futuram
714 510 910 542 mansionem.
927 511 985 542 Sed

1060 513 1145 550 ημνὺν
1178 511 1310 544 ἀπωλείας
1355 508 1560 553 κατενεχθῆναι,
1596 512 1728 553 καὶίόναρ,
1757 515 1802 545 ὡς
1832 514 1873 541 εἰ-

166 553 203 583 ad
217 553 371 594 utriusque
388 554 476 585 ﬁnem
493 554 701 594 respicientes,
719 554 855 585 virtntem
870 555 986 596 ample-

1062 563 1100 597 ῖν,
1143 557 1332 597 τρυφήσαντες,
1376 557 1507 596 ἀπέραντα
1548 558 1731 596 βασανίζεσθαι
1782 557 1869 597 (ὅπερ

167 600 293 629 ctamur.
309 599 346 630 Et
363 598 387 628 si
403 600 588 639 opportuerit
607 603 729 639 propter
742 607 807 630 eam
818 599 848 629 in
861 599 987 630 infortu-

166 642 249 673 nium
264 642 416 684 incedere,
441 653 479 674 ne
503 643 740 684 despondeamus
763 643 906 681 animum,
933 644 985 676 sed

166 686 267 717 omnia
281 696 425 726 generose
441 688 580 725 feramus,
593 687 756 718 futurorum
773 688 917 718 bonorum
934 697 986 728 spe

165 730 308 769 roborati,
325 736 354 762 et
363 735 458 763 ratum
470 731 614 764 habentes
624 733 718 763 Deum
731 742 785 763 nos
795 732 826 762 in
842 733 984 763 tentatio-

166 784 220 806 nes
235 775 368 808 incidere
390 776 458 808 ideo
481 777 664 817 permittere,
691 782 723 808 ut
745 777 794 807 hic
811 777 944 808 mundati
957 781 986 808 et

166 829 285 851 omnem
298 820 438 852 malitiam
449 821 634 861 abjicientes,
647 830 749 862 puram
762 826 857 852 etnon
867 821 984 852 mistam

165 863 312 895 bonorum
335 865 562 896 retributionem
585 865 776 906 accipiamus.
804 865 836 897 Si
851 865 985 896 volumus

164 909 255 948 igitur
268 909 349 940 illam
365 910 513 949 obtinere,
523 910 701 941 laboriosam
717 913 887 941 etseveram
898 910 985 941 vitam

1027 601 1076 640 γὰρ
1105 600 1147 640 (6)
1175 600 1237 640 ὄναρ
1265 601 1330 640 πρὸς
1357 600 1492 642 ἀλήθειαν,
1527 607 1604 631 τοῦτο
1632 603 1646 630 ὁ
1673 602 1765 641 παρὼν
1803 603 1869 640 βίος

1027 646 1092 685 πρὸς
1117 646 1166 679 τὴν
1190 645 1337 683 μέλλουσαν
1363 645 1520 686 διαγωγὴν),
1546 646 1614 674 ἀλλὰ
1640 647 1705 685 πρὸς
1730 647 1764 674 τὰ
1791 645 1867 679 τέλη

1027 690 1156 729 ἑκατέρων
1184 690 1344 730 ἀφορῶντες,
1373 690 1422 724 τὴν
1458 691 1553 730 ἀρετὴν
1582 691 1776 731 ἀσπασώμεθα,
1811 690 1867 718 κᾶν

1025 733 1071 772 δέη
1093 735 1165 772 ἡμᾶς
1189 741 1338 774 συμφοραῖς
1363 733 1404 762 διὰ
1426 735 1525 769 ταύτην
1550 742 1715 775 περιπεσεῖν,
1741 736 1784 772 μὴ
1811 735 1865 763 ἐκ-

1027 779 1198 818 κακήσωμεν,
1234 778 1302 807 ἀλλὰ
1336 781 1460 818 γενναίως
1489 779 1594 808 ἅπαντα
1623 780 1756 819 φέρωμεν,
1792 786 1863 810 ταῖς

1025 826 1078 851 τῶν
1105 822 1255 860 μελλόντων
1284 822 1370 852 ἐλπίσι
1399 824 1564 863 νευρούμενοι
1593 824 1649 863 (Ἰ),
1677 825 1720 852 καὶ
1749 823 1863 862 πληρο-

1026 867 1194 907 φορούμενοι,
1211 868 1248 899 ὡς
1271 866 1313 907 (8)
1335 875 1393 900 τοῖς
1413 875 1574 907 πειρασμοῖς
1596 870 1667 905 ἡμᾶς
1691 869 1860 896 ὑποπίπτειν

1026 912 1040 939 ὁ
1076 913 1140 943 Θεὸς
1176 918 1324 952 συγχωρεῖ,
1360 912 1406 940 ’ίνα
1447 913 1554 942 ἐνταῦθα
1593 913 1763 952 καθαρθέντες

1770 937 1778 952 ,
1811 913 1861 939 καὶ

164 952 355 992 inchoemus,
367 963 423 986 nec
432 963 509 995 mgre
519 959 548 986 et
558 954 747 995 impatienter
757 955 886 986 feramus
902 954 983 987 cala-

1060 958 1114 983 ἱσαν
1148 951 1245 984 κακίαν
1277 956 1466 997 ἀποϐαλόντες,
1502 958 1616 996 καθαρὰν
1650 958 1694 985 καὶ
1738 957 1858 994 ἄμικτον

166 997 285 1028 mitates
300 1002 329 1029 et
345 998 490 1037 miserias,
509 1003 541 1030 ut
549 1003 578 1030 et
588 999 728 1030 auxilium
739 999 775 1030 ad
789 1008 838 1030 eas
850 999 986 1029 ferendas

165 1050 394 1083 consequamur,
412 1048 442 1074 et
454 1043 484 1074 in
495 1043 561 1074 sinu
571 1043 699 1075 Abrahae
711 1044 943 1084 repuiescamus,
955 1043 985 1074 in

165 1085 283 1118 Christo
298 1087 366 1119 .lesu
381 1087 506 1119 Domino
523 1091 636 1126 nostro,
653 1088 700 1120 cui
711 1088 805 1128 gloria
819 1089 850 1118 in
865 1088 985 1119 saecula.

164 1132 272 1163 Amen.

1027 1000 1077 1033 τὴν
1103 1003 1155 1028 τῶν
1184 1000 1287 1039 ἀγαθῶν
1314 1000 1436 1039 λάϐωμεν
1465 1000 1604 1032 ἀντίδοσιν,
1630 1002 1659 1030 Εἰ
1683 1001 1727 1030 οὖν
1754 1000 1859 1030 ϐουλό-

1028 1046 1093 1081 μεθα
1124 1046 1222 1078 ταῦτης
1252 1045 1401 1085 ἐπιτυχεῖν,
1437 1047 1482 1074 τὸν
1509 1045 1632 1074 ἐπίπονον
1661 1046 1704 1074 καὶ
1733 1045 1858 1085 σκληρὸν

1027 1089 1082 1126 βίον
1107 1088 1238 1127 ἑλώμεθα,
1261 1090 1304 1118 καὶ
1330 1091 1369 1128 μὴ
1395 1089 1653 1128 ἀποδυσπετήσωμεν
1677 1090 1717 1128 (9)
1750 1090 1778 1118 ἐν
1793 1097 1856 1121 τοῖς

1026 1140 1197 1172 πειρασμοῖς,
1229 1135 1265 1165 ὡς
1294 1133 1326 1162 ἂν
1360 1136 1404 1163 καὶ
1431 1136 1480 1170 τὴν
1509 1135 1632 1173 βοήθειαν
1660 1135 1725 1174 πρὸς
1754 1136 1855 1165 αὖτοὺς

165 1175 383 1217 ἐπισπασώμεθα,
420 1178 464 1206 καὶ
491 1177 518 1206 ἒν
553 1184 611 1210 τοῖς
646 1183 692 1208 τοῦ
727 1177 847 1218 Ἀϐρααμ
879 1177 988 1210 κόλποις
1009 1177 1230 1216 ἀναπαυσώμεθα,
1254 1179 1281 1207 ἐν
1309 1183 1413 1219 Χριστῷ
1439 1179 1528 1214 Ἰησοῦ
1552 1183 1591 1216 τῷ
1621 1180 1704 1219 Κυρίω
1731 1179 1815 1216 ἡμῶν
1846 1187 1854 1195 ⁸

164 1221 187 1258 ᾧ
201 1221 218 1254 ἡ
234 1220 294 1254 δόξα
309 1223 345 1253 εἷς
360 1222 421 1254 τοὺς
437 1223 544 1254 αἰῶνας.
563 1221 660 1260 ’Λμήν,

298 1291 481 1325 DOMlNICA
496 1291 647 1325 TERTIA.
664 1292 857 1326 MATTll/El.

258 1345 323 1378 Vox
355 1347 499 1379 secunda.
539 1347 724 1378 Matutinum
759 1347 896 1378 tertium.

206 1412 336 1444 Avaritia
351 1413 425 1445 nihil
441 1417 485 1445 est
500 1413 647 1444 funestius
669 1413 803 1454 nihilque
827 1417 872 1444 est
886 1423 988 1445 amore

167 1455 334 1488 divitiarum
343 1458 438 1498 pejus.
453 1457 564 1489 Domus
572 1458 652 1490 enim
663 1462 736 1488 totas
749 1458 852 1489 evertit
867 1462 895 1488 et
909 1458 988 1489 bella

167 1509 274 1540 magna
289 1501 438 1542 excitavit,
455 1506 485 1533 et
501 1501 590 1533 urbes
614 1511 633 1533 a
656 1502 854 1533 fundamentis
870 1503 984 1544 evertit,

1201 1293 1348 1325 ΚΥΡΙΛΚῌ
1363 1284 1403 1322 I".
1421 1294 1486 1320 Tor
1501 1293 1682 1321 MATeAior.

1289 1337 1375 1384 1Ἠχος
1390 1338 1428 1376 ϐ’,
1445 1344 1551 1373 ἑωθινὸν
1566 1339 1594 1383 γ’

1070 1416 1124 1448 Τῆς
1159 1414 1327 1455 φιλαργυρίας
1355 1414 1420 1454 (10)
1457 1414 1529 1444 Oeae»
1564 1415 1618 1443 ἐστι
1648 1414 1853 1455 χαλεπώτερον,

1028 1459 1071 1486 καὶ
1099 1461 1148 1492 τῆς
1181 1459 1395 1499 φιλοχρηματίας
1424 1459 1496 1489 οὐδὲν
1525 1460 1638 1500 ὑπάρχει
1669 1458 1814 1499 δεινότερον
1845 1469 1853 1476 ·

1029 1502 1119 1534 οἴκους
1153 1504 1202 1543 γὰρ
1237 1503 1398 1544 ὁλοκλήρους
1434 1504 1607 1543 κατέστρεψε,
1642 1505 1686 1532 καὶ
1718 1504 1855 1542 πολέμους

168 1548 198 1576 et
210 1545 317 1576 fratres
331 1545 410 1578 inter
434 1555 466 1578 se
490 1547 521 1577 in
545 1546 678 1577 furorum
704 1547 774 1587 egit,
799 1550 828 1577 et
843 1552 940 1586 patres
955 1548 986 1578 in

1060 1547 1160 1585 ιγάλους
1190 1548 1292 1581 ἐκίνησε
1323 1548 1394 1588 (Η),
1423 1550 1467 1577 καὶ
1495 1548 1586 1581 πόλεις
1612 1548 1641 1577 ἐκ
1667 1547 1768 1588 ϐάθρων
1791 1549 1854 1577 ἀνέ-

167 1588 243 1620 ﬁlios
255 1589 382 1630 impulit,
396 1594 425 1622 et
438 1590 621 1622 lenissimam
637 1591 793 1621 hominum
809 1595 942 1622 naturam
955 1592 986 1622 in

1060 1594 1118 1630 εψε,
1144 1593 1188 1620 καὶ
1211 1591 1337 1633 ἀδελφοὺς
1358 1592 1417 1621 κατ’
1443 1592 1566 1628 ἀλλήλων
1590 1592 1711 1631 ἐξέμηνε,
1738 1594 1782 1621 καὶ
1796 1605 1852 1622 πα-

167 1641 273 1664 saevam
288 1634 423 1676 mutavit,
437 1639 466 1666 et
483 1638 620 1666 sexcenta
635 1635 693 1666 alia
706 1635 781 1666 mala
796 1640 917 1675 operata
931 1640 986 1677 est,

1060 1648 1104 1676 ρας
1140 1637 1208 1665 κατᾶ
1240 1637 1338 1665 τέκνων
1370 1636 1500 1677 ἐξήγειρε,
1528 1639 1572 1666 καί
1597 1638 1646 1671 τὴν
1675 1639 1852 1677 ἡμερωτάτην

166 1678 326 1710 Avaritiam
342 1688 468 1720 magnus
482 1680 592 1712 Paulus
603 1679 733 1710 radicem
749 1680 880 1710 omnium
897 1680 987 1711 malo-

1060 1684 1081 1708 iv
1116 1681 1258 1721 ἀνθρώπων
1294 1682 1367 1722 φύσιν
1400 1681 1565 1722 ἐξεθηρίωσε,
1601 1683 1644 1710 καὶ
1680 1683 1756 1722 μυρία
1784 1682 1851 1711 ἄλλα

166 1732 245 1762 rum,
262 1727 291 1755 et
305 1724 467 1755 secundam
482 1724 677 1759 idololatriam
694 1724 863 1765 appellavit,
880 1725 989 1766 quippe

1060 1725 1100 1754 ικὰ
1123 1726 1326 1765 κατειργάσατο.
1354 1726 1408 1760 Τὴν
1436 1726 1605 1766 φιλαργυρίαν
1631 1728 1645 1754 ὁ
1672 1727 1755 1765 μέγας
1781 1731 1850 1757 Παῦ-

169 1777 236 1809 quze
264 1768 435 1800 hominibus
470 1769 594 1800 suadeat
627 1773 661 1801 ut
688 1768 798 1800 divitiis
827 1769 986 1808 conﬁdant,

1060 1781 1075 1802 ης
1100 1771 1170 1809 ῥίζαν
1194 1773 1246 1798 τῶν
1270 1774 1357 1799 κακῶν
1383 1771 1487 1808 μάντων
1512 1771 1646 1808 ὠνόμασε,
1671 1772 1716 1799 καὶ
1731 1770 1850 1811 δευτέραν

167 1821 265 1853 neque
278 1813 310 1843 in
336 1812 431 1844 Deum
451 1823 534 1854 spem
555 1823 638 1844 suam
660 1817 778 1854 ponant.
790 1813 831 1844 Ac
841 1814 987 1854 quemad-

1060 1813 1244 1854 Ξωλολατρείαν
1268 1815 1402 1853 ἐκάλεσεν,
1432 1816 1468 1847 ὡς
1496 1817 1634 1845 πείθουσιν
1663 1816 1723 1847 τοὺς
1749 1816 1850 1856 ἀνθρώ-

167 1856 289 1888 modum
317 1857 481 1889 idololatrze
501 1861 652 1888 creaturas
666 1861 846 1890 venerantur
873 1862 901 1889 et
930 1867 989 1889 non

1060 1870 1096 1890 nc
1116 1860 1237 1899 χρήμασι
1261 1860 1424 1899 πεποιθέναι,
1451 1861 1494 1889 καὶ
1513 1861 1552 1898 μὴ
1575 1863 1610 1898 τῇ
1638 1861 1674 1892 εἷς
1690 1862 1755 1889 Θεὸν
1770 1860 1850 1889 ἐλπίδι

166 1900 273 1939 Deum,
290 1901 333 1933 ita
348 1911 454 1934 avarus
469 1911 539 1933 auro
556 1902 649 1934 servit
663 1907 693 1934 et
708 1911 767 1933 non
784 1902 912 1934 Christo.
929 1902 989 1933 Sed

1060 1903 1134 1943 ιῤῥεῖν
1163 1911 1171 1918 ·
1202 1905 1245 1932 καὶ
1273 1903 1313 1932 ὅτι
1341 1905 1457 1944 καθάπερ
1479 1907 1502 1934 oi
1527 1904 1713 1945 εἰδωλολάτραι
1736 1906 1770 1934 τὰ
1792 1907 1850 1934 κτί-

167 1946 349 1987 studeamus,
360 1946 555 1984 dilectissimi,
566 1946 653 1978 talem
660 1946 809 1983 morbum,
817 1951 848 1977 ut
857 1947 989 1978 omnium

1060 1958 1120 1976 ιατα
1134 1946 1265 1985 σέϐονται,
1291 1949 1335 1976 καὶ
1360 1950 1389 1978 οὗ
1413 1950 1457 1977 τὸν
1483 1951 1559 1987 Θεὸν,
1587 1949 1656 1978 οὕτω
1669 1951 1713 1978 καὶ
1728 1951 1742 1978 ὁ
1757 1949 1850 1990 φιλάρ-

167 1990 313 2021 malorum
341 1991 485 2032 radicem,
523 1991 644 2022 omnino
680 2000 716 2022 ex
745 1992 853 2022 nostris
881 1991 989 2022 animis

1060 2003 1108 2032 ρος
1123 1996 1161 2030 τῷ
1182 1996 1273 2033 χρυσῷ
1294 1993 1422 2034 πείθεται,
1447 1995 1489 2022 καὶ
1513 1996 1542 2024 οὗ
1566 1998 1604 2032 τῷ
1628 1998 1744 2034 Χριστῷ.
1771 1994 1849 2023 Ἀλλὰ

168 2035 343 2075 exstirpare,
360 2038 393 2066 ut
419 2037 448 2066 in
473 2036 612 2076 praesenti
636 2035 695 2066 vita
719 2035 818 2067 omnia
839 2046 904 2075 quae
919 2035 989 2066 inde

1060 2036 1232 2077 τουδάσωμεν,
1268 2037 1412 2076 ἀγαπητοὶ,
1454 2039 1503 2072 τὴν
1535 2039 1658 2072 τοιαύτην
1694 2039 1782 2078 νόσον,
1815 2040 1849 2071 ὡς

169 2079 306 2110 oriuntur
321 2079 398 2111 mala
420 2079 576 2120 fugiamus,
603 2084 632 2111 et
659 2080 746 2112 futuri
772 2080 990 2120 sreculipmnas

1060 2085 1102 2117 ζαν
1136 2081 1242 2109 πάντων
1276 2085 1329 2110 τῶν
1362 2085 1451 2110 κακῶν
1488 2082 1624 2122 πρόρῤιζον
1653 2083 1776 2120 ἐκτεμεῖν
1799 2084 1847 2111 ἀπὸ

167 2133 201 2155 ac
217 2124 363 2165 supplicia
374 2125 514 2156 vitemus.
530 2125 574 2156 Ab
590 2125 646 2156 hac
662 2125 784 2156 avaritia
807 2130 836 2156 et
852 2125 989 2156 omnibus

1060 2129 1082 2154 ζιν
1098 2126 1233 2166 ἡμετέρων
1257 2128 1363 2166 ψυχῶν,
1388 2128 1425 2158 ὡς
1450 2127 1480 2155 ἂν
1504 2128 1548 2156 καὶ
1571 2127 1597 2155 ἐν
1619 2131 1657 2164 τῷ
1681 2127 1788 2167 παρόντι
1802 2129 1847 2166 βίῳ

167 2167 239 2199 inde
254 2168 419 2200 orientibus
443 2169 529 2200 malis
553 2169 682 2200 liberare
706 2178 760 2200 nos
785 2170 886 2200 volens
901 2169 988 2200 Chri—

1060 2170 1119 2198 ἇντα
1140 2171 1173 2198 τὰ
1200 2171 1230 2199 ἐκ
1253 2172 1350 2204 ταύτης
1374 2171 1489 2210 φυόμενα
1516 2171 1587 2200 δεινὰ
1607 2171 1784 2212 διαφύγωμεν,
1807 2173 1848 2200 καὶ

167 2217 240 2249 stus.
257 2213 413 2254 sequentia
439 2213 577 2254 proponit
601 2214 700 2245 verba.
727 2213 806 2244 Dixit
824 2213 986 2244 Dominus:

1060 2226 1082 2248 λν
1116 2215 1142 2242 ἐν
1179 2218 1217 2252 τῷ
1252 2214 1375 2253 μέλλοντι
1411 2217 1484 2244 αἰῶνι
1519 2215 1700 2256 διαδράσωμεν
1727 2217 1846 2255 τιμωρίαν

170 2267 185 2288 «
196 2257 329 2288 Lucerna
340 2257 472 2299 corporis
483 2263 527 2290 est
538 2259 652 2290 oculus.
663 2258 694 2289 Si
707 2258 809 2289 oculus
823 2262 888 2289 tuus
901 2257 990 2290 fuerit

1060 2259 1077 2286 ιὶ
1107 2258 1226 2288 κόλασιν.
1257 2260 1359 2293 Ταύτης
1386 2263 1436 2294 τῆς
1466 2260 1647 2300 φιλαργδρίας,
1676 2261 1720 2288 καὶ
1748 2261 1847 2289 πάντων

167 2301 303 2343 simplex,
327 2306 420 2333 totum
449 2312 558 2343 corpus
582 2306 664 2334 tuum
689 2302 821 2333 lucidum
851 2302 932 2340 erit;
963 2303 989 2333 si

1060 2307 1084 2331 ὃν
1111 2303 1140 2331 ἐκ
1167 2304 1265 2337 ταύτης
1286 2307 1375 2332 κακῶν
1397 2304 1545 2338 ἀπαλλάξαι
1567 2304 1726 2336 ϐουλόπενος
1757 2305 1814 2345 (12)
1833 2307 1846 2333 ὁ

166 2350 265 2378 autem
279 2347 382 2378 oculus
404 2351 470 2378 tuus
493 2347 582 2379 fuerit
605 2357 744 2388 nequam,
772 2351 866 2378 totum
881 2356 989 2387 corpus

1060 2348 1156 2388 ριστὸς,
1191 2348 1224 2375 τὰ
1255 2349 1413 2388 προκείμενα
1448 2354 1528 2379 ταῦτα
1565 2350 1702 2389 προρίθησι
1735 2350 1844 2388 ῥήματα,

166 2395 249 2422 tuum
265 2392 453 2424 tenebrosum
470 2392 537 2426 erit.
563 2392 595 2423 Si
619 2401 688 2431 ergo
704 2392 804 2423 lumen
819 2391 897 2432 quod
915 2391 943 2421 in
960 2394 988 2422 te

1060 2392 1114 2421 ῖπεν
1129 2393 1143 2421 ὁ
1159 2392 1252 2432 Κύριος
1267 2400 1274 2408 ’
1294 2404 1307 2420 α
1333 2388 1361 2422 ’0
1381 2392 1478 2433 λύχνος
1502 2393 1526 2433 (4
1534 2393 1567 2433 3)
1579 2388 1624 2423 τοῦ
1639 2394 1762 2432 σώματός
1784 2394 1846 2422 ἐστιν

208 2481 250 2527 (4)
270 2493 284 2510 α
301 2483 491 2522 Δικαιωτήρια.
504 2493 518 2509 ι)
538 2483 710 2522 Δικαστῆρια,
725 2482 924 2522 βασανιστήρια,
943 2494 990 2511 κο-

1060 2480 1178 2527 icabulo
1199 2480 1483 2527 Cregor:__Nazianz.
1507 2491 1539 2527 p.
1643 2483 1694 2527 37,
1718 2486 1747 2527 et
1768 2482 1844 2527 Diog.

166 2521 310 2563 λαστήρια,
588 2561 601 2563 Α
626 2562 631 2563 7
650 2521 661 2563 ς
719 2561 724 2563 _
814 2562 818 2563 γ
838 2562 842 2563 7
905 2562 909 2563 γ

1060 2525 1180 2563 ae_rt._p.
1196 2522 1247 2559 6|,
1264 2521 1295 2552 in
1309 2521 1376 2563 Vita
1401 2521 1542 2563 Socratis.
1568 2522 1644 2554 Hinc
1667 2521 1844 2558 ἀποδρσπέττῖ-

207 2561 281 2603 (5η
298 2568 362 2595 Τοῖς
377 2564 538 2604 προοιμίοις,
559 2574 570 2591 η
588 2561 684 2604 IpiiiiS
700 2561 752 2604 viae
769 2566 797 2592 et
812 2562 938 2594 itineris.

1062 2573 1073 2593 ς
1088 2561 1243 2604 ξιιᾹΟριιεο.
1261 2562 1351 2604 myth.
1369 2562 1462 2604 Galei.
1480 2571 1511 2604 ρ,
1527 2563 1596 2594 934.

207 2602 250 2642 (6)
268 2615 282 2631 α
309 2609 379 2643 Οπερ
476 2616 488 2633 ι)
508 2605 559 2644 Γὰρ
573 2602 673 2644 addidi
689 2611 723 2644 ex
739 2603 773 2634 B.
830 2642 836 2644 _
918 2643 922 2644 ν
953 2643 976 2644 η

1073 2602 1134 2644 (10)
1154 2605 1232 2644 ιι-Τῆς
1243 2602 1422 2643 φιλαργυρίας.
1435 2614 1447 2632 ι
1460 2603 1555 2634 Etiam
1567 2604 1630 2635 haec
1641 2603 1735 2636 oratio
1746 2604 1843 2644 legitur

267 2655 281 2671 α
298 2632 482 2684 magneta.
502 2656 514 2672 υ
536 2632 722 2684 Conﬁrmati,
739 2632 936 2684 corroborati.
952 2643 988 2675 V.

1060 2654 1064 2672 ι
1164 2642 1198 2673 Β.

166 2683 262 2715 Philo.
279 2693 311 2724 p.
327 2683 720 2724 416,503,673.68Q,edit.
736 2683 844 2724 Colon.
856 2683 988 2724 Allobrg.

165 2725 256 2762 4613,
271 2722 300 2755 et
315 2724 450 2764 Alciphr.
468 2724 520 2756 lib.
539 2724 590 2762 III,
607 2723 661 2764 Ep.
678 2722 777 2762 XLIX,
793 2733 822 2764 p,
832 2723 901 2763 386,
915 2722 992 2763 σῶμα

166 2781 205 2787 -
219 2765 323 2798 νεότητι
338 2767 383 2793 καὶ
397 2765 470 2803 ἀκμῇ
486 2766 685 2805 νευροκυμενον.

205 2806 247 2845 (8)
268 2817 281 2832 α
299 2804 545 2845 Πληροφορούμενοι
560 2807 608 2837 ὡς.
634 2804 851 2845 ιρ-Πεπεισμένοι,
867 2805 919 2836 ὅτι,

271 2856 285 2872 α
301 2843 586 2883 Ἀποδυσπετήσωμεν.
605 2857 619 2872 iv
636 2843 698 2885 Nec
710 2848 827 2885 :egreqet
836 2845 992 2885 impatien-

168 2883 218 2915 ter
226 2884 357 2916 feramus
373 2885 553 2916 calamitates
568 2888 599 2916 et
627 2883 773 2917 miserias.
789 2883 917 2915 Utuntur
932 2886 989 2918 hoc

1072 2683 1135 2722 (11)
1148 2693 1164 2724 με
1183 2682 1318 2724 ῌολέμονς
1333 2683 1463 2723 μεγάλους
1479 2684 1593 2718 ἐκίνησε.
1613 2693 1626 2714 ἱ
1653 2683 1784 2722 Πολέμου(
1798 2696 1842 2724 χα-

1032 2722 1128 2755 λεποὺς
1143 2722 1314 2762 ἀνερρίπισεν.
1332 2728 1362 2753 Β.

1073 2762 1138 2812 (12)
1157 2775 1171 2790 ε
1188 2762 1347 2797 Ἀπολλάξαι
1362 2764 1532 2804 βουλόμενος.
1545 2777 1559 2793 ι
1573 2763 1697 2796 Videtur
1709 2763 1842 2796 excidisse

1033 2804 1137 2884 ἡμῗῖθ)
1152 2855 1167 2871 ε
1185 2839 1213 2873 ‘0
1228 2843 1336 2885 λύχνος.
1353 2838 1455 2876 Matth.
1473 2853 1512 2884 Vl,
1528 2844 1568 2876 22
1581 2854 1665 2886 seqq.
