1950 3083
164 159 244 194 1239

704 163 732 194 Ι.
759 162 953 194 XIPHILINI
974 163 1031 193 GP.
1053 162 1308 194 PATBIARGHJE

1772 161 1793 191 1
1801 159 1876 192 240

166 231 259 258 estote
274 227 353 259 oculi
367 237 427 258 non
450 227 584 259 tenebris
609 227 701 268 pleni,
728 236 825 268 neque
842 227 983 267 praesides

1094 232 1150 270 φῶς
1177 229 1239 260 ὅλου
1264 235 1310 260 τοῦ
1337 231 1439 268 κόσμου
1461 229 1600 264 ἐτέθησαν.
1628 230 1677 258 Διὰ
1702 234 1787 259 τοῦτο
1822 229 1876 256 καὶ

165 271 235 302 mali
251 271 419 303 videamini.
436 272 469 303 Si
484 272 564 303 enim
580 271 637 302 tale
664 275 708 302 est
723 272 834 314 lumen,
851 272 982 303 tenebrm

162 320 279 357 quantae
294 316 408 348 erunt?
437 329 447 345 ι
475 316 569 348 Nemo
594 320 690 356 potest
715 316 831 347 duobus
854 317 982 347 dominis

160 361 272 392 servire
289 369 297 399 ;
313 365 362 392 aut
377 361 457 403 enim
473 370 567 392 unum
593 361 661 391 odio
677 360 798 391 habebit
813 365 842 391 et
856 361 981 392 alterum

163 405 264 445 diliget
278 416 285 443 ;
301 409 351 436 aut
363 415 457 437 unum
483 405 641 436 sustinebit
664 409 693 436 et
706 405 831 436 alterum
847 409 982 436 contem-

164 454 225 480 net.
241 450 305 480 Non
321 450 442 490 potestis
456 449 518 481 Deo
532 449 644 481 servire
657 453 686 481 et
702 458 887 480 mammonae.
905 461 919 480 )

163 506 226 532 μος.
258 491 286 523 ιΟ
311 494 338 523 δὲ
365 495 448 534 μέγας
475 495 501 523 ἐν
535 495 655 533 θεολογίᾳ
687 495 830 534 Γρηγόριος
860 496 903 522 καὶ
931 497 1002 525 Θεῗος

165 535 244 576 Ὑμῖν
259 539 330 578 λέγω
353 539 467 577 μέλιττα
491 546 550 571 τοῖς
565 545 610 569 τοῦ
633 540 764 579 βήματος,
793 539 926 578 ὀφῢαλμὸν
952 540 1022 568 εἶναι
1050 541 1088 578 μὴ
1131 542 1240 574 σκότους
1264 535 1462 581 πεπλησμένον,
1507 540 1575 579 μηδὲ
1606 535 1756 582 (πρόεδροι,

163 589 246 613 κακοῦ
265 584 418 623 φαινοίμεθα
438 583 516 624 (18),
543 585 572 613 Εἰ
596 585 645 623 γὰρ
665 584 694 611 τὸ
717 587 772 623 φῶς
797 589 914 613 toto-310v
933 584 1009 624 (19),
1033 586 1063 613 τὸ
1098 586 1191 618 σκότος
1226 586 1331 624 πόσον;

1023 273 1111 313 ἔλεγεν
1126 276 1218 306 αὺτοῖς
1242 274 1434 314 παραγγέλλων
1459 275 1475 303 ϐ
1498 275 1590 315 Κύριος
1615 282 1623 290 ⁸
1654 286 1668 302 ε
1694 273 1758 303 Ἐάν
1774 275 1875 312 ὑμεῖς

1022 322 1103 352 στῆτε
1137 320 1180 348 καὶ
1214 320 1252 358 μὴ
1287 322 1418 360 τραπῆτε,
1447 323 1503 360 φῶς
1532 318 1604 351 ὄντες
1634 324 1681 349 τοῦ
1708 320 1869 357 σώματος,

1023 362 1076 391 ἰδοὺ
1101 362 1162 392 ὅλον
1191 364 1222 392 τὸ
1249 367 1327 402 σῶμα
1355 369 1400 393 τοῦ
1428 364 1530 402 κόσμου
1556 364 1720 403 πεφώτισται
1747 371 1755 379 ⁸
1783 364 1813 391 εἰ
1843 362 1875 390 δὲ

1024 407 1101 445 ὑμεῖς
1130 407 1196 440 ἅλας
1222 408 1296 440 ὄντες
1322 410 1489 448 πωρανθῆτε,
1519 409 1562 437 καὶ
1593 411 1648 449 φῶς
1678 408 1752 440 ὄντες
1788 419 1873 436 σκο-

1024 454 1142 489 τισθῆτε,
1170 453 1201 481 τὸ
1223 453 1318 484 σκότος
1346 453 1426 481 πόσον
1455 453 1607 492 γενήσεται,
1634 453 1648 480 ὅ
1672 452 1728 481 ἐστι
1753 454 1767 481 ὁ
1797 452 1876 480 κόσ-

1034 497 1128 536 Πατὼρ
1163 498 1239 535 ἡμῶν
1272 502 1353 527 ταῦτα
1388 508 1452 537 φησι
1487 503 1546 529 τοῖς
1581 497 1733 536 ἱερωμένως
1771 501 1845 534 Θεῷ
1865 506 1873 513 ⁸

1820 553 1876 570 του

1324 596 1333 626 ;
1379 598 1393 614 ¢
1421 585 1508 618 Οὐδεὶς
1535 585 1640 615 δύναται
1667 586 1722 616 δυσὶ
1756 587 1875 626 κυρίοις

162 627 304 668 δουλεύειν,
335 629 353 663 ἢ
382 629 432 668 γὰρ
461 630 505 657 τὸν
534 628 579 656 ἕνα
607 629 726 665 μισήσει,
755 629 799 656 καὶ
826 629 871 656 τόν
900 628 987 668 ἕτερον
1014 629 1159 671 ἀγαπήσει,
1193 633 1211 667 ἥ
1238 631 1295 663 ἐνὸς
1321 630 1464 670 ἀνθέξεται,
1500 632 1544 659 καὶ
1572 631 1660 671 ἐτέρου
1686 632 1876 672 καταφρονῆ-

162 684 201 701 σει
218 683 225 689 ·
242 676 270 702 οὗ
288 673 397 702 δάνασθε
413 677 470 710 Θεῷ
486 671 614 702 δουλεύειν
630 673 673 700 καὶ
688 675 813 710 μαμωνᾷ,
832 681 847 702 )

203 717 323 748 Duobus
352 717 481 748 dominis
519 716 667 747 contraria
696 716 874 756 jubenlibus
902 726 990 748 nemo

160 765 258 801 potest
286 761 409 800 servire,
441 760 493 791 sed
523 760 648 791 alterum
684 760 836 790 sustinens
865 760 989 800 ejusque

1072 720 1174 759 Κυρίοις
1201 719 1270 749 δυσὶν
1299 721 1402 749 ἐναντία
1426 720 1608 749 ἐπιτάττουσιν
1636 720 1719 752 ὠδεὶς
1749 720 1873 750 δυναται

1030 761 1177 805 δουλεῦσαι,
1206 764 1274 793 ἀλλὰ
1307 770 1354 794 τοῦ
1384 766 1442 797 ἐνὸς
1469 765 1662 805 ἀντεχόμενος,
1691 767 1736 794 καὶ
1763 766 1875 794 τούτου

162 805 300 836 mandata
314 814 490 850 exsequens,
517 804 651 850 alterum
667 804 985 850 omninocontemnet,

1077 812 1137 848 ὶρῶν
1166 809 1198 837 τὰ
1225 809 1373 848 θελήματα,
1399 815 1446 839 τοῦ
1469 810 1558 850 ἐτέρου
1587 811 1692 842 πάντως
1718 821 1872 849 1111??!)-

162 852 192 878 et
204 848 330 879 alterum
346 847 468 878 omnino
483 847 598 886 diliget,
627 847 750 878 alterum
768 847 836 878 odio
854 847 985 879 habebit.

160 892 220 922 Sed
235 901 333 932 neque
349 891 491 932 possibile
516 895 561 922 est
586 892 648 922 Deo
671 891 782 922 servire
808 895 835 922 et
851 891 962 922 divitiis
979 903 986 928 ς

161 936 231 977 quia
262 935 428 967 divitiarum
458 945 541 967 amor
577 945 637 966 non
675 935 762 966 modo
793 945 848 966 nos
877 945 894 966 a
922 937 983 967 Deo

160 981 316 1018 abstrahit,
333 981 386 1012 sed
402 984 431 1011 et
448 989 625 1011 mammonre
639 979 758 1020 subjicit
775 990 782 1010 :
800 981 984 1012 Mammonas

161 1029 208 1057 est
220 1025 377 1066 injustitia.
391 1024 434 1056 Ex
448 1024 592 1065 injustitia
617 1025 697 1055 enim
714 1024 889 1065 plerumque
906 1025 983 1056 divi-

161 1070 209 1100 tiae
223 1070 370 1101 oriuntur.
399 1068 584 1109 Quapropter
611 1073 639 1100 et
663 1068 848 1109 impossibile
865 1073 909 1100 est
924 1069 983 1101 Deo

161 1114 274 1146 servire
302 1117 332 1144 et
360 1113 525 1154 injustitize.
559 1113 710 1153 Injustitia
740 1113 819 1144 enim
849 1113 987 1154 abripere

163 1158 225 1188 vult
253 1158 366 1196 aliena,
398 1157 609 1189 fornicationes
639 1161 788 1195 sectatur,
819 1157 986 1197 adulteria,

165 1202 336 1242 ebrietates,
349 1203 473 1233 delicias
481 1211 488 1240 ;
496 1202 654 1243 praesentia
663 1202 812 1243 amplecti,
827 1207 854 1233 ct
869 1202 989 1241 fugitiva

165 1247 306 1278 admirari
321 1247 445 1288 appetit.
470 1248 549 1278 Deus
571 1250 669 1277 autem
696 1250 725 1277 et
750 1247 793 1286 ea}
808 1256 873 1286 quae
888 1251 989 1277 nostra

164 1296 234 1324 sunt
249 1296 278 1323 et
291 1292 410 1332 propria
425 1291 512 1322 nobis
523 1295 603 1329 sunt,
620 1301 674 1322 nos
689 1291 774 1331 jubet
789 1291 989 1331 indigentibus

164 1335 247 1374 dare,
265 1336 410 1377 nobisque
425 1336 559 1376 praecipit
584 1339 616 1366 ut
638 1336 786 1376 sapiamus
803 1340 832 1366 et
850 1340 983 1367 ventrem

166 1380 365 1418 domemus,et
373 1380 635 1421 praesentiaomnia
641 1384 866 1411 contemnamus
873 1384 900 1411 et
907 1389 990 1410 exse-

165 1434 293 1456 cremor.
312 1425 382 1456 Ideo
405 1429 436 1456 et
459 1424 645 1465 impossibile
672 1428 716 1455 est
731 1429 763 1455 ut
777 1425 988 1465 cupiditatibus

165 1470 236 1501 victi
253 1474 281 1501 et
294 1470 425 1511 improbi
449 1470 559 1501 diaboli
585 1469 724 1510 operibus
748 1470 875 1510 subjecti
897 1480 914 1501 a
929 1470 990 1501 Deo

167 1515 346 1555 diligamur;
363 1515 416 1545 sed
439 1512 570 1554 quandiu
595 1513 747 1553 injustitiaa
770 1518 799 1544 et
820 1514 948 1545 avaritize
964 1519 992 1545 et

167 1559 298 1589 infamiae
325 1558 538 1599 cupiditatibus
568 1558 680 1588 servire
708 1558 901 1597 voluerimus,
931 1561 990 1590 Deo

168 1603 295 1634 odibiles
324 1607 353 1634 et
376 1603 490 1634 inimici
515 1602 639 1634 erimus.
669 1602 860 1634 Excutiamus
888 1603 990 1644 igitur,

171 1657 235 1686 oro,
266 1648 411 1680 aviditatis
435 1652 464 1678 et
495 1646 647 1686 injustitiae
670 1651 700 1678 et
721 1648 850 1679 avaritia
880 1650 996 1689 pondus

169 1702 267 1733 neque
278 1692 452 1723 libidinibus
461 1691 684 1731 indulgeamus.
696 1691 869 1732 Largiamur
879 1693 996 1724 divitias

171 1741 312 1778 quantum
324 1737 499 1778 poterimus,
514 1740 543 1767 et
553 1737 661 1767 demus
670 1736 861 1778 pauperibus,
874 1738 1000 1777 utjusti.

171 1782 212 1814 tia
226 1786 327 1813 nostra
342 1785 461 1812 maneat
486 1783 516 1812 in
541 1785 695 1812 aeternum.
721 1782 884 1813 Dominum
900 1786 999 1813 autem

171 1827 284 1858 vocavit
299 1835 516 1864 mammonam,
537 1835 597 1856 non
611 1831 732 1866 propter
747 1826 897 1867 propriam
914 1831 997 1858 natu-

171 1880 246 1909 ram,
264 1871 318 1902 sed
333 1875 454 1912 propter
469 1871 599 1911 illorum,
628 1871 679 1911 qui
701 1871 730 1902 ei
743 1871 870 1911 subjecti
885 1875 953 1902 sunt
968 1876 996 1902 et

173 1915 317 1954 serviunt,
334 1915 545 1947 obedientiam.
559 1915 595 1946 Et
610 1919 742 1946 ventrem
750 1915 838 1946 deum
855 1917 991 1957 appellat,

173 1970 233 1991 non
242 1961 311 2001 quia
317 1960 443 1991 herilem
454 1960 626 1999 dignitatem
638 1959 739 2000 habet,
753 1961 806 1991 sed
821 1961 888 2000 quia
898 1961 993 2000 gulosi

174 2006 200 2036 ei
230 2004 358 2045 subjecti
383 2009 451 2035 sunt
476 2009 506 2035 et
529 2005 672 2035 serviunt.
703 2004 766 2041 Quo
796 2005 875 2036 enim
900 2005 991 2036 libido

174 2049 326 2081 hominem
353 2049 454 2087 trahit,
484 2058 520 2080 ea
546 2049 610 2089 ipsa
638 2059 686 2080 res
714 2050 761 2081 cui
789 2050 919 2080 hominis
944 2059 996 2080 cor

175 2093 343 2133 colligatur,
355 2093 400 2124 illi
410 2093 489 2124 Deus
501 2097 556 2124 est.
576 2093 673 2124 «Ideo
687 2093 754 2125 dico
770 2094 863 2133 vobis,
881 2103 918 2125 ne
934 2094 996 2124 sol-

1029 853 1114 889 νήσει,
1139 854 1183 881 καὶ
1205 855 1250 882 τὸν
1274 854 1320 882 ἕνα
1343 854 1476 894 ἀγαπήσει
1502 855 1619 891 πάντως,
1644 855 1690 882 τὸν
1714 854 1741 882 δὲ
1767 854 1872 893 ἕτερον

1028 898 1135 934 μισήσει
1160 907 1169 916 ⁸
1194 897 1254 926 ἀλλ’
1279 898 1336 928 οὐδὲ
1362 897 1470 928 δυνατόν
1494 899 1549 927 ἐστι
1575 903 1635 936 Ωεῷ
1661 897 1793 926 δουλεύει-ι
1819 900 1870 926 καῖ

1024 942 1160 981 χρήμάσι,
1189 941 1254 971 διότι
1280 944 1297 978 ἡ
1323 942 1525 983 φιλοχρηματία
1563 946 1593 974 οὔ
1622 944 1702 981 μόνον
1731 944 1784 971 ἀπὶ
1816 949 1872 972 τοῦ

1025 990 1091 1015 Θεοῦ
1116 985 1237 1016 ἐκϐάλλει
1269 989 1354 1027 ἡμᾶς,
1387 988 1455 1016 ἀλλὰ
1482 989 1527 1016 καί
1554 999 1593 1026 τῳ
1607 991 1723 1026 μαμωνᾷ
1735 988 1868 1016 ὕπο-τέσ-

1025 1041 1064 1058 σει
1093 1039 1099 1046 ·
1125 1035 1253 1069 μαμωνᾶς
1276 1031 1303 1060 δὲ
1330 1032 1399 1060 ἐστιν
1429 1033 1446 1066 ἡ
1475 1031 1560 1061 ἀδικία
1591 1041 1598 1047 ·
1629 1032 1655 1065 ἐξ
1679 1030 1783 1064 ἆδικιας
1810 1033 1869 1071 γὰρ

1027 1075 1063 1106 ὡς
1099 1074 1141 1103 ἐπὶ
1174 1077 1204 1104 τὸ
1239 1076 1366 1105 πλεῖστον
1401 1077 1434 1105 τὰ
1462 1078 1602 1117 χρήματα.
1634 1077 1683 1105 Διὰ
1710 1081 1788 1105 τοῦτο
1818 1078 1868 1105 καὶ

1029 1118 1154 1148 ἀδύνατόν
1182 1121 1236 1149 ἐστι
1266 1125 1324 1158 Θεῷ
1354 1120 1484 1150 δουλεύειν
1519 1123 1562 1150 καὶ
1598 1121 1685 1158 ἀδικίᾳ
1720 1131 1727 1139 ·
1762 1123 1781 1155 ἡ
1811 1122 1869 1161 γὰρ

1029 1162 1115 1192 ἀδικία
1154 1166 1279 1204 ἁρπάζειν
1315 1166 1437 1204 βούλεται
1471 1166 1505 1194 τὰ
1545 1165 1681 1205 ἀλλότρια,
1723 1167 1868 1205 πορνεύειν

1030 1207 1095 1247 (20)
1128 1212 1217 1246 ζητεῖ,
1247 1211 1396 1250 μοιχεύειν,
1435 1210 1536 1248 μεθύειν
1571 1213 1680 1249 τρυφᾷν,
1707 1213 1760 1238 τῶν
1789 1221 1869 1249 παρ-

1029 1251 1112 1280 όντων
1132 1252 1287 1293 ἀντέχεσθαι
1314 1255 1357 1282 καὶ
1381 1255 1521 1292 θαυμάζειν
1542 1254 1574 1282 τὰ
1595 1255 1742 1294 πρόσκαιρα
1763 1262 1770 1269 ⁸
1801 1256 1814 1282 ὁ
1832 1254 1867 1282 δὲ

1030 1297 1095 1328 Θεὸς
1133 1297 1195 1337 (21)
1223 1299 1266 1326 καὶ
1290 1299 1322 1327 τὰ
1352 1298 1414 1327 ὄντα
1441 1300 1530 1339 ἡμῶν,
1560 1298 1641 1338 ἤγουν
1671 1299 1704 1326 τὰ
1732 1298 1790 1326 ἴδια
1818 1300 1867 1327 καὶ

1029 1342 1120 1370 οἰκετα
1147 1342 1244 1371 διδόναι
1272 1344 1428 1383 προστάσσει
1455 1351 1513 1376 τοῖς
1538 1343 1685 1383 δεομένοις,
1712 1351 1866 1383 σωνρρονετν

1032 1386 1105 1423 ἡμᾶς
1133 1387 1322 1426 παραγγέλλει,
1356 1389 1400 1416 καὶ
1424 1389 1536 1427 γαστρὸς
1565 1389 1705 1426 ὸπερορᾷν,
1733 1389 1777 1415 καὶ
1807 1391 1864 1415 τῶν

1031 1429 1168 1468 παρόντων
1207 1431 1313 1459 πάντων
1351 1438 1525 1471 καταφρονεῖν
1562 1432 1606 1460 καὶ
1641 1430 1825 1469 βδελύττεσθαι
1855 1440 1863 1448 ·

1032 1472 1137 1512 ἀγαπᾷν
1177 1474 1216 1512 δὲ,
1256 1479 1345 1515 τιμᾷν,
1387 1475 1537 1514 ἐργάζεσθαι
1576 1475 1625 1508 τὴν
1662 1475 1769 1515 ἀρετήν.
1813 1477 1864 1504 Διὰ

1033 1521 1108 1545 τοῦτο
1143 1520 1187 1547 καὶ
1226 1518 1350 1548 ἀδύνατόν
1384 1519 1438 1547 ἐστι
1478 1519 1670 1558 κρατουμένους
1709 1521 1782 1558 ἡμᾶς
1811 1521 1866 1548 ὑπὸ

1032 1563 1084 1588 τῶν
1117 1564 1220 1602 παθῶν,
1259 1565 1302 1591 καὶ
1340 1563 1545 1603 προσκειμένους
1585 1571 1646 1595 τοῖς
1686 1563 1774 1603 ἔργοις
1817 1568 1866 1592 τοῦ

1036 1610 1152 1646 πονηροῦ
1196 1607 1317 1637 διαϐόλου
1335 1633 1343 1648 ,
1388 1608 1544 1649 φιλιωθῆναί
1589 1619 1654 1637 ποτε
1696 1613 1734 1646 τῷ
1777 1613 1837 1647 Θεῷ
1856 1632 1865 1648 ,

1037 1649 1104 1678 ἀλλὰ
1140 1651 1236 1691 μέχρις
1278 1652 1309 1680 ἂν
1351 1653 1460 1681 πάθεσιν
1502 1651 1601 1684 ἀδικίας
1645 1654 1688 1681 καὶ
1724 1653 1865 1693 φιλοχρη-

1037 1695 1131 1732 ματίας
1165 1696 1208 1724 καὶ
1243 1696 1349 1734 ἀτιμίας
1393 1696 1524 1725 δουλεύειν
1568 1697 1727 1736 βουλόμεθα,
1772 1697 1866 1737 ἐχθροὶ

1044 1742 1090 1766 τοῦ
1125 1743 1189 1767 Θεοῦ
1230 1742 1427 1778 καθεστήκαμεν
1469 1741 1513 1768 καὶ
1558 1739 1691 1777 πολέμιοι.
1735 1738 1865 1767 Ἀποσει-

1044 1783 1149 1820 σώμεθα
1183 1784 1278 1824 τοίνυν,
1315 1784 1470 1824 παρακαλῶ,
1508 1785 1538 1812 τὸ
1579 1784 1658 1823 βάρος
1693 1787 1742 1817 τῆς
1784 1783 1867 1811 πλεο-

1044 1824 1126 1866 νεξίας
1155 1828 1198 1855 καὶ
1226 1830 1274 1861 τῆς
1313 1827 1424 1865 ἀδικίας,
1465 1829 1510 1856 καὶ
1544 1831 1592 1861 τῆς
1622 1827 1791 1868 φιλαργυρίας
1819 1829 1866 1856 καὶ

1037 1870 1132 1899 πάθεσι
1162 1872 1319 1910 μισήσωμεν
1357 1871 1421 1910 (22)
1449 1881 1456 1887 '
1500 1873 1686 1911 σκορπίσωμεν
1726 1871 1789 1912 (23)
1819 1873 1866 1900 τὸν

1038 1913 1150 1944 πλοῦτον
1179 1918 1247 1947 κατὰ
1275 1918 1305 1946 τὸ
1333 1916 1451 1957 δυνατὸν,
1481 1919 1524 1946 καὶ
1553 1917 1639 1955 δῶμεν
1666 1924 1724 1949 τοῖς
1753 1917 1863 1956 πένησι,

1034 1960 1083 1989 ἵνα
1108 1961 1125 1994 ἠ
1152 1959 1302 1995 δικαιοσύνη
1327 1963 1405 1999 ἡμῶν
1429 1962 1496 2000 μένῃ
1523 1963 1559 1994 εἷς
1583 1963 1627 1990 τὸν
1651 1963 1744 1991 αἰῶνα.
1772 1963 1867 2001 Κ·Ϊριον

1034 2002 1064 2031 δὲ
1090 2004 1201 2033 ἐκάλεσε
1225 2007 1270 2034 τὸν
1295 2010 1420 2044 μαμωνᾶ,
1454 2007 1483 2034 ού
1507 2006 1550 2035 διὰ
1574 2008 1621 2040 τὴν
1650 2007 1747 2035 οἰκείαν
1775 2007 1864 2047 φύσιν,

1040 2048 1108 2077 ἀλλὰ
1123 2048 1165 2077 διὰ
1180 2050 1229 2084 τὴν
1244 2054 1296 2078 τῶν
1311 2051 1507 2090 προσκειμένων
1530 2053 1573 2080 καὶ
1603 2050 1776 2080 δουλευόντων
1796 2053 1867 2089 αὐτῷ

1040 2094 1176 2133 ὑποταγῆν
1203 2094 1265 2135 (24)
1295 2103 1303 2110 ⁸
1333 2097 1377 2124 καὶ
1404 2096 1453 2130 τὴν
1482 2095 1582 2124 κοιλίαν
1613 2096 1678 2124 Θεὸν
1706 2095 1785 2124 καλεῖ
1813 2098 1866 2136 οὔχ

174 2138 249 2169 liciti
263 2138 327 2168 sitis
341 2137 448 2169 animae
461 2142 565 2169 vestrm
591 2138 662 2178 quid
679 2138 865 2170 manducetis
881 2143 910 2170 et
925 2138 985 2179 quit

1077 2137 1250 2167 ιδεσποτικὸν
1275 2139 1376 2177 ἀξίωμα
1391 2140 1461 2180 ἕψει,
1490 2139 1549 2168 ἀλλ’
1571 2140 1611 2168 ὅτι
1632 2142 1656 2168 οἱ
1673 2141 1865 2180 γαστρὶμαργοι

1082 2183 1086 2186 .
1168 2185 1172 2186 ν
1241 2184 1245 2186 .
1416 2174 1425 2180 ν
1487 2184 1496 2186 _
1531 2184 1537 2186 μ
1570 2184 1574 2186 λ
1702 2177 1714 2186 'l

175 2182 294 2223 bibatis,
311 2192 409 2223 neque
435 2183 553 2223 corpori
576 2187 676 2214 vestro
700 2183 770 2223 quid
783 2183 962 2214 induamini.
982 2196 994 2212 »

215 2227 290 2263 Quia
303 2227 414 2258 divitiis
429 2236 447 2258 a
473 2226 534 2258 Deo
559 2236 743 2268 separamur,
769 2237 822 2258 nos
832 2228 919 2268 jubet
934 2227 996 2258 Do-

177 2272 277 2303 minus
289 2281 349 2302 non
365 2281 430 2303 esse
441 2271 593 2309 sollicitos,
606 2281 703 2313 neque
714 2271 882 2303 divitiarum
896 2282 998 2303 amore

176 2326 275 2357 neque
297 2316 472 2350 libidinibus
494 2317 657 2357 inquinari.
684 2317 791 2348 Anima
808 2322 906 2348 autem
938 2327 997 2348 non

178 2361 346 2400 manducet,
364 2361 416 2393 sed
426 2362 588 2393 secundum
599 2371 786 2392 communem
802 2362 996 2393 consuetudi-

177 2415 246 2439 nem
262 2406 402 2447 loquitur.
419 2406 476 2438 Per
490 2406 588 2438 cibum
613 2406 692 2438 enim
707 2406 863 2438 roboratur
877 2415 995 2448 corpus,

217 2509 282 2551 (18)
301 2521 314 2538 α
332 2510 503 2548 Φαινοίμεϐαι.
522 2522 535 2539 n
548 2510 717 2549 Φαινώμεῦκ,
733 2515 765 2541 Β,

215 2550 281 2592 (19)
298 2562 310 2579 tt
322 2551 434 2592 10913:
450 2554 579 2592 τοιοῦτον.
598 2563 612 2579 »
639 2555 761 2580 Τοιοῦτον
788 2550 860 2591 petii
881 2559 915 2582 ex
931 2550 996 2581 cod.

176 2593 210 2625 B.
222 2590 259 2621 'In
275 2590 341 2622 cod.
358 2591 394 2622 A.
411 2591 486 2621 male
501 2591 608 2630 legitur
622 2597 756 2623 τοσοῦτον.

296 2641 311 2662 α
329 2633 526 2673 [loctve'iswu—
538 2635 646 2673 τρυφᾷν.
664 2642 690 2673 7)
709 2631 787 2673 Huic,
798 2634 837 2673 με
853 2634 935 2673 puto,
952 2631 1000 2662 hic

175 2671 314 2704 omittere
324 2671 462 2703 debebat.
476 2671 537 2703 Nec
548 2671 626 2703 enim
640 2672 689 2703 hic
704 2672 741 2702 de
756 2671 834 2702 vitiis
846 2675 875 2702 et
886 2671 1000 2710 impro-

175 2713 265 2744 bitate
278 2712 309 2743 in
324 2712 494 2743 universum
516 2712 618 2744 dicere
638 2712 740 2750 voluit,
759 2712 811 2743 sed
828 2711 865 2742 de
879 2711 1000 2743 avaritia

176 2759 206 2785 et
217 2753 311 2800 vitiis,
327 2763 393 2800 quae
408 2761 441 2800 ex
455 2762 493 2800 ea
509 2753 593 2800 quasi
607 2757 817 2800 propagantur.

213 2793 279 2840 (21)
297 2805 324 2840 «_
337 2792 357 2822 ὸ
411 2792 889 2840 οεός.»ἰιέριῐιῖιιί.ῐςοι1οχςοᾱλεοὶ
900 2795 998 2824 autem

178 2833 249 2875 quia
262 2833 408 2875 sententia
421 2833 462 2875 ita
477 2834 624 2875 postulare
637 2833 803 2875 videbatur.

218 2874 282 2914 (22)
299 2885 314 2902 α
332 2875 381 2904 Καὶ
395 2873 487 2904 πάθεσῖ
503 2875 665 2913 μισήσαμεν,
695 2886 709 2903 ο
734 2873 785 2906 Sic
811 2873 905 2905 codex
919 2874 957 2906 A.
973 2873 999 2905 Α

1040 2183 1123 2220 ταύτῃ
1164 2184 1355 2212 ὐποτάσσονται
1399 2185 1443 2212 καὶ
1485 2184 1661 2215 δουλεύουσιν,
1702 2183 1783 2213 Ὀπου
1815 2186 1866 2224 γὰρ

1038 2228 1056 2261 ἡ
1088 2227 1209 2265 ἐπιθυμία
1231 2229 1300 2268 σύρει
1324 2229 1369 2256 τὸν
1395 2227 1540 2268 ἄνθρωπον,
1572 2229 1615 2256 καὶ
1644 2229 1680 2260 εἰς
1712 2227 1727 2256 ὅ
1755 2232 1866 2268 πρᾶγμα

1038 2272 1055 2305 ἡ
1081 2271 1173 2311 καρδία
1194 2274 1264 2305 τινὸς
1290 2271 1400 2310 δέδεται,
1428 2273 1516 2301 ἐκεῖνό
1543 2273 1611 2301 ἐστιν
1643 2273 1713 2310 αὒτῷ
1743 2274 1757 2301 ὁ
1787 2275 1864 2306 Θεὸς,

1039 2325 1055 2346 (
1089 2317 1137 2344 Διὰ
1174 2317 1250 2346 τοῧτο
1273 2317 1343 2357 λέγω
1379 2318 1454 2355 ὑμῖν,
1488 2319 1527 2356 μὴ
1551 2320 1694 2357 μεριμνᾶτε
1722 2320 1756 2355 τῇ
1780 2319 1864 2358 ψυχῇ

1038 2359 1122 2399 ὑμῶν,
1153 2362 1178 2390 τί
1205 2363 1319 2403 φάγητε,
1354 2363 1398 2391 καὶ
1433 2363 1457 2390 τί
1483 2363 1573 2400 πίητε,
1605 2361 1674 2399 μηδὲ
1697 2365 1735 2398 τῷ
1760 2362 1863 2399 σώματι

1038 2405 1123 2444 ὑμῶν,
1150 2407 1174 2435 τί
1189 2406 1338 2440 ἐνδύσησθε,
1363 2418 1376 2434 ι»
1407 2407 1456 2435 Διὰ
1481 2408 1511 2435 τὸ
1533 2405 1706 2444 ἐκβάλλεσθαι
1721 2407 1791 2444 ἡμᾶς
1809 2406 1863 2435 ἀπὸ

1040 2509 1144 2540 codice
1158 2509 1192 2541 B.
1209 2509 1256 2540 hic
1273 2512 1350 2540 totus
1377 2508 1460 2540 locus
1486 2508 1580 2540 abest.
1597 2507 1687 2538 Forte
1702 2507 1861 2547 legendum

1041 2553 1096 2587 est,
1112 2551 1156 2578 καὶ
1171 2551 1264 2579 πάθεσι
1294 2550 1332 2588 μὴ
1356 2550 1486 2588 σύζῶμεν,
1513 2548 1556 2580 Ex
1582 2549 1620 2586 μὴ
1647 2549 1765 2586 συζῶμεν
1781 2552 1862 2579 certe

1040 2589 1140 2621 scriba
1154 2599 1328 2630 properans,
1337 2590 1479 2630 deceptus
1485 2588 1550 2620 soni
1557 2588 1765 2626 similitudine,
1776 2588 1861 2619 facile

1042 2630 1134 2672 potuit
1148 2630 1246 2663 facere
1261 2631 1430 2669 μισήσωμεν.

1082 2670 1150 2712 (23)
1164 2680 1179 2701 ‹
1194 2667 1392 2712 ξκορπίσωμεν.
1412 2683 1426 2698 ι»
1443 2668 1595 2711 Expressit
1607 2667 1645 2699 Ps
1660 2667 1734 2709 CXI,
1749 2668 1769 2700 9
1780 2672 1810 2699 et
1825 2668 1860 2700 ΙΙ.

1040 2710 1174 2744 Corinth.
1190 2710 1242 2749 IX,
1259 2711 1289 2742 9.

1077 2751 1146 2823 ί(24)
1163 2763 1176 2780 ε
1194 2747 1269 2789 Αὐτῷ
1282 2752 1429 2791 ὑποταγήν.
1445 2761 1460 2782 )
1480 2747 1641 2795 Ὺποταγήν,
1650 2749 1728 2789 quod
1739 2748 1825 2795 deest
1833 2748 1862 2780 in

1101 2816 1108 2823 .
1124 2792 1149 2822 A
1163 2791 1264 2823 addidi
1274 2801 1309 2823 ex
1318 2793 1353 2823 Β.
1366 2791 1457 2823 Paulo
1468 2796 1536 2823 ante
1546 2794 1636 2821 etiam
1650 2798 1767 2821 correxr
1778 2800 1860 2823 προσ-

1040 2789 1108 2823 cod.
1124 2792 1149 2822 A
1163 2791 1264 2823 addidi
1274 2801 1309 2823 ex
1318 2793 1353 2824 Β.
1366 2789 1457 2824 Paulo
1468 2796 1536 2825 ante
1546 2789 1636 2821 etiam
1650 2789 1767 2821 correxi
1778 2800 1860 2830 προσ-

1038 2832 1165 2871 κειμένων
1180 2841 1233 2874 pro
1247 2832 1438 2873 προκειμένων.
