1950 3083
73 152 158 186 1241

826 153 1041 187 ORATIONES

1697 149 1775 182 1242

74 224 128 249 τοῦ
159 225 226 250 Θεοῦ
254 222 304 250 ὑπὸ
327 224 379 249 τῶν
414 223 573 262 χρημάτων,
604 223 642 260 μὴ
671 225 798 262 μεριμνᾷν
823 233 910 263 προσ-

998 232 1055 263 quo
1070 223 1215 254 retinetur
1228 223 1338 255 anima.
1354 224 1480 255 Videtur
1494 221 1573 253 enim
1585 219 1685 251 anima
1692 217 1772 263 nolle

72 266 175 294 τάσσει
203 267 217 294 ὁ
249 266 352 306 Κύριος,
370 265 436 303 μηδὲ
468 273 529 299 ταῖς
551 267 667 307 φροντίσι
696 270 746 300 τῆς
773 266 909 307 φιλοχρη-

76 310 193 348 ματίας,
219 310 262 338 καὶ
285 317 345 342 ταῖς
370 310 517 349 ἐπιθυμίαις
544 312 748 346 κατατήκεσθαι,
773 308 805 339 Ἠ
832 313 909 352 ψυχὴ

75 354 107 382 δὲ
123 356 174 383 οὐκ
189 354 276 392 ἐσθίει,
295 355 362 384 κατὰ
387 355 414 383 δὲ
440 356 489 389 τὴν
513 356 649 390 συνήθειαν
664 356 714 390 τὴν
728 357 820 390 κοινὴν
834 360 911 385 τοῦτο

76 398 170 439 λέγει.
202 399 250 428 Διὰ
280 399 329 439 γὰρ
356 402 455 440 τροφῆς
485 400 632 429 συνίσταται
661 402 691 429 τὸ
719 404 807 439 σῶμα,
837 401 864 429 ἐν
889 404 912 439 ᾧ

77 443 296 482 διακρατεῖταιὴ
433 449 513 473 Δοκεῖ
538 445 586 484 γὰρ
611 445 650 482 μὴ
672 444 813 485 ἀνέχεσθαι
839 445 909 473 εἶναι

77 488 106 516 ἐν
123 491 166 525 τῷ
181 490 283 526 σώματι
297 489 314 523 ἡ
339 489 427 529 χυχὴ,
454 490 476 517 εί
498 489 536 527 μὴ
560 489 680 529 τρέφοιτο
702 491 719 523 ἡ
740 489 812 527 σάρξ.
834 499 848 519 α
865 490 909 524 Μὴ

79 536 230 573 μεριμνᾶτε
244 536 278 571 τῇ
294 535 370 573 ψυχῇ
395 534 479 571 ὑμῶν,
503 533 528 561 τί
551 534 667 574 φάγητε,
692 534 736 562 καὶ
750 535 774 562 τί
789 534 878 568 πίητε,
898 545 910 564 ι)

81 576 226 616 Πρόδηλον
254 575 292 614 δὲ,
324 576 363 604 ὅτι
393 579 475 617 χωρὶς
504 580 553 610 τῆς
583 580 674 618 ψυχῆς
704 578 839 619 τρέφεσθαι
868 579 913 606 τὸν

81 619 224 660 ἄνθρωπον
248 621 295 649 οὒκ
322 620 405 653 ἔσται,
433 623 468 650 Τὸ
497 621 547 661 γὰρ
575 623 664 661 νεκρὸν
693 626 771 660 σῶμα
798 622 912 651 ἐνδύεται

83 666 180 704 μόνον,
198 665 227 693 οὗ
250 665 370 706 τρέφεται
393 665 421 694 δέ
446 674 454 681 ·
479 669 524 694 τοῦ
551 666 673 706 ἐμψύχου
696 666 750 695 ἐστὶ
774 668 804 695 τὸ
818 667 913 708 τρέφε-

83 712 147 738 σθαι
179 719 187 726 ‘
217 710 246 738 οὗ
274 714 326 738 τῶν
356 711 504 750 χρημάτων
535 709 562 738 δὲ
588 710 651 751 (25)
683 712 764 749 μόνον
788 713 831 740 καὶ
860 715 912 740 τῶν

82 753 172 788 ἡδέων
199 754 305 782 πάντων
331 758 377 782 τοῦ
403 754 503 793 κόσμου
529 762 716 795 καταφρονεῖν,
746 755 815 784 ἀλλὰ
844 755 913 793 μηδὲ

82 798 153 837 ὑπὲρ
182 801 230 831 τῆς
259 798 402 837 ἀναγκαίας
429 801 527 838 τροφῆς
563 800 702 838 μεριμνᾷν,
734 800 787 829 Οὔκ
814 798 910 830 ὲκϐάλυ

83 842 127 871 λει
144 841 172 870 δὲ
187 843 258 880 ἡμᾶς
283 841 344 871 οόδὰ
370 842 502 880 ἐμποδίζει
527 843 677 883 ἐργάζεσθαι
694 853 701 861 ·
720 839 748 873 Ὀ
767 845 817 884 γὰρ
832 844 912 884 ἀργὸς

85 887 158 925 μηδὲ
187 887 305 926 ἐσθιέτω,
331 889 409 928 φησὶν
432 890 446 916 ὁ
469 890 540 921 θεῖος
569 888 730 922 Ἀπόστολος
757 901 764 907 ⁸

85 932 187 961 διδόναι
204 932 279 965 ὅλους
306 940 366 965 ταῖς
391 934 505 974 φροντίσι
525 935 568 962 χαὶ
592 934 703 972 ἀμελεῖν
726 938 790 963 Θεοῦ
814 943 821 951 ”
836 938 912 963 τοῦτο

85 977 210 1006 κωλύει·
236 977 293 1006 ἐπεὶ
317 977 379 1018 (26)
403 979 446 1007 καὶ
468 986 598 1019 γεωργεῖν
621 979 663 1009 δεῖ
686 981 757 1018 ἡμᾶς
772 981 816 1009 καὶ
830 981 912 1020 ἐργά-

85 1024 177 1057 ζεσθαι
212 1023 278 1050 κατὰ
305 1021 423 1060 δύναμιν,
455 1022 524 1051 ἀλλὰ
554 1024 597 1052 καὶ
624 1027 672 1057 τῆς
701 1025 832 1063 σωτηρίας
861 1026 913 1052 τῶν

86 1066 226 1106 ἡμετέρων
260 1069 356 1106 ψυχῶν
390 1068 531 1107 φροντίζειν
574 1068 641 1106 μετὰ
674 1069 762 1102 πάσης
796 1067 911 1102 σπουδῆς

87 1112 133 1139 καὶ
160 1111 333 1150 θερμότητος,
361 1112 405 1139 καὶ
432 1113 497 1151 πρὸς
522 1113 566 1140 τὸν
592 1113 656 1140 Θεὸν
684 1112 790 1151 βλέπειν
822 1112 913 1150 μόνον,

88 1155 135 1182 τὸν
164 1153 266 1182 διδόντα
290 1154 389 1195 τροφὴν
413 1161 472 1187 τοῖς
507 1158 628 1192 πεινῶσι,
666 1157 708 1184 καὶ
741 1155 915 1194 ἐμπιπλῶντα

88 1198 116 1226 ἐν
132 1198 242 1237 ἀγαθοῖς
267 1199 315 1232 τὴν
338 1199 409 1234 ζωὴν
433 1200 521 1237 ἡμῶν,
547 1211 561 1227 ε
588 1201 655 1240 Οὐχὶ
679 1201 695 1234 ἡ
724 1201 801 1241 ψυχὴ
816 1200 913 1229 πλείων

89 1243 145 1271 ἐστὶ
173 1245 359 1285 τῆςγτροφῆς,
390 1254 433 1281 και(
460 1244 490 1271 τὸ
526 1247 603 1282 σῶμα
631 1248 677 1273 τοῦ
703 1244 868 1285 ἐνδύματοςς
902 1257 914 1272 ιι

951 267 982 298 in
996 262 1120 308 corpore
1135 276 1210 303 esse,
1229 268 1287 300 nisi
1303 268 1452 300 nutriatur
1467 276 1546 297 caro.
1567 278 1579 293 «
1597 266 1641 296 Ne
1656 262 1776 308 solliciti

951 311 1016 343 sitis
1031 307 1137 342 animm
1153 316 1258 342 verme
1284 313 1334 352 qui
1361 310 1545 343 manducetis
1561 313 1589 340 et
1601 308 1671 349 quid
1687 307 1773 338 biba-

952 355 1000 386 tis.
1015 367 1026 385 ι
1045 357 1129 387 Patet
1144 360 1242 386 autem
1253 356 1407 387 hominem
1422 357 1487 387 sine
1501 354 1601 385 anima
1615 361 1674 383 non
1690 360 1777 391 posse

952 399 1071 430 nutriri.
1095 399 1242 430 Mortuum
1263 409 1335 431 vero
1360 408 1468 440 corpus
1494 397 1627 428 induitur
1650 399 1776 440 tantum,

952 451 1012 475 non
1020 444 1160 475 nutritur.
1173 443 1217 474 Ad
1228 444 1389 475 animatum
1406 437 1534 484 pertinet
1545 439 1664 472 nutriri.
1677 437 1777 484 Opor:

952 491 993 518 tet
1007 491 1105 518 autem
1122 497 1175 518 nos
1190 497 1248 518 non
1263 488 1379 518 divitias
1395 482 1506 518 tantum
1517 489 1545 516 et
1555 492 1660 515 omnes
1675 482 1778 513 mundi

955 531 1118 571 voluptates
1137 535 1339 571 contemnere,
1357 531 1408 562 sed
1426 539 1463 562 ne
1477 530 1514 560 de
1531 526 1701 560 necessario
1714 526 1778 567 qui-

954 574 1023 606 dem
1040 573 1105 605 cibo
1122 574 1265 606 sollicitos
1280 584 1356 606 esse.
1374 575 1438 605 Non
1454 577 1551 605 autem
1568 580 1622 602 nos
1637 571 1777 601 dehorta-

954 622 1002 650 tur
1017 628 1114 659 neque
1130 623 1231 650 avocat
1245 629 1262 650 a
1288 619 1400 650 labore.
1428 618 1483 655 Qui
1503 626 1562 648 non
1578 615 1705 653 laborat,
1722 623 1778 646 nec

955 664 1122 700 manducet,
1140 664 1235 704 inquit
1250 664 1366 695 divinus
1381 663 1546 704 Apostolus
1560 661 1631 700 ;sed
1641 659 1780 701 prohibet

954 718 992 739 ne
1008 717 1062 739 nos
1076 708 1271 739 sollicitudini
1288 713 1363 739 totos
1378 709 1482 740 demus
1491 717 1526 738 ac
1536 707 1573 737 de
1582 705 1642 736 Deo
1658 704 1778 736 difﬁda-

955 761 1030 784 mus.
1049 754 1172 793 Oportet
1185 753 1265 783 enim
1281 763 1335 784 nos
1350 762 1403 793 pro
1428 752 1540 783 viribus
1556 759 1642 782 arare
1658 753 1687 779 et
1701 758 1776 789 ope-

952 796 1023 836 rari,
1039 796 1092 827 sed
1108 800 1138 828 et
1152 797 1320 828 animarum
1346 801 1515 828 nostrarum
1533 795 1655 826 salutem
1673 801 1777 836 curare

954 835 1021 871 cum
1037 840 1119 871 omni
1133 841 1198 872 zelo
1213 846 1242 872 et
1257 841 1376 878 ardore,
1393 844 1422 871 et
1437 840 1472 870 ad
1488 841 1582 872 Deum
1594 837 1689 868 solum
1699 835 1776 876 aspi-

793 880 1035 933 ἆλλὲίτὸΒςοτεξ,
1061 884 1111 933 qui
1134 885 1183 916 dat
1208 885 1308 916 cibum
1336 883 1547 933 esurientibus,
1572 886 1602 931 et
1623 881 1718 933 replet
1741 880 1773 933 in

954 926 1039 958 bonis
1055 927 1184 958 animam
1199 932 1341 960 nostram.
1371 941 1381 956 ι
1410 929 1515 959 Nonne
1536 926 1635 957 anima
1650 925 1716 965 plus
1731 927 1775 954 est

954 981 1042 1012 quam
1058 981 1136 1009 esca,
1154 977 1184 1004 et
1198 983 1305 1013 corpus
1328 973 1483 1013 plusquam
1508 968 1742 1002 vestimentum?
1759 980 1772 996 υ

953 1017 986 1048 Id
1001 1022 1057 1055 est,
1074 1016 1130 1053 Qui
1143 1017 1239 1057 majus
1248 1017 1340 1055 dedit,
1354 1026 1461 1057 nempe
1472 1015 1522 1056 qui
1533 1015 1663 1046 animam
1679 1013 1775 1050 dedit,

954 1066 983 1094 et
995 1071 1102 1103 corpus
1126 1063 1275 1100 formavit,
1302 1072 1402 1094 nonne
1428 1061 1509 1094 dabit
1532 1070 1630 1092 escam
1647 1064 1675 1091 et
1689 1059 1775 1090 vesti-

957 1107 1086 1139 menta?
1111 1118 1125 1138 ‹
1149 1108 1279 1148 Aspicite
1303 1107 1431 1138 volatilia
1454 1106 1531 1144 coeli,
1555 1104 1693 1146 quoniam
1716 1113 1775 1134 non

955 1156 1068 1189 serunt,
1087 1162 1183 1192 neque
1198 1156 1327 1190 metunt,
1345 1161 1442 1192 neque
1457 1153 1640 1190 congregant
1655 1149 1685 1179 in
1701 1149 1773 1179 hor-

955 1207 1027 1235 rea;
1044 1201 1072 1228 et
1097 1196 1184 1228 Pater
1209 1201 1307 1228 vester
1332 1195 1461 1227 caelestis
1486 1195 1579 1236 pascit
1593 1194 1655 1225 illa.
1672 1192 1777 1224 Nonne

958 1252 1008 1273 vos
1025 1241 1119 1282 magis
1135 1242 1228 1283 pluris
1245 1242 1315 1273 estis
1331 1242 1389 1272 illis
1404 1241 1417 1272 ?
1435 1254 1447 1268 ιι

89 1288 215 1318 Τουτέστι
233 1284 261 1317 Ὀ
276 1290 305 1316 τὸ
321 1292 413 1326 μεῖζον
437 1288 506 1326 δοὺς,
530 1289 611 1329 ἤγουν
636 1291 650 1318 ὁ
673 1290 721 1324 τὴν
736 1291 828 1330 ψυχὴν
855 1291 924 1328 δοὺς,
948 1291 990 1319 καὶ
1015 1290 1044 1318 τὸ
1070 1293 1149 1328 σῶμα
1167 1289 1322 1326 διαπλάσας,
1355 1290 1383 1318 οὒ
1412 1288 1488 1317 δώσει
1512 1288 1610 1328 τροφὴν
1634 1288 1677 1315 καὶ
1709 1285 1778 1314 ἐνδύ-

91 1344 164 1372 ματα
181 1343 189 1373 ;
209 1345 223 1361 α
247 1332 414 1371 Ἐμϐλὲψατε
439 1335 475 1366 είς
500 1335 533 1362 τὰ
557 1335 664 1363 πετεινὰ
683 1339 728 1364 τοῦ
741 1336 858 1375 ούρανοῦ,
883 1336 922 1364 ὅτι
945 1336 974 1364 οὒ
1001 1337 1160 1376 σπείρουσιν,
1191 1336 1247 1365 οὒδὲ
1274 1337 1423 1376 θερζουσιν,
1460 1334 1518 1364 οὔδε
1553 1335 1706 1373 συνάγουσιν
1741 1334 1777 1365 εἱς

91 1381 240 1421 ἀποθήκας,
255 1381 298 1409 καὶ
313 1382 327 1409 ὁ
342 1381 432 1420 Πατὴρ
454 1382 528 1420 ὑμῶν
553 1383 567 1410 ὁ
593 1382 710 1421 οὐράνιος
726 1383 812 1423 τρέφει
828 1383 902 1412 αὒτά.
917 1383 970 1412 Οὔκ
983 1384 1060 1420 ὑμεῖς
1077 1382 1177 1420 μᾶλλον
1191 1382 1324 1423 διαφέρετε
1338 1383 1422 1411 «sum
1441 1392 1448 1422 ;
1467 1394 1481 1409 ι

133 1430 192 1457 Τῶν
217 1430 342 1455 πετεινῶν
372 1427 504 1466 μέμνηται
535 1429 548 1457 ὁ
578 1429 681 1468 Κύριος,
705 1429 751 1458 ἵνα
777 1429 910 1468 ἀποδείξῃ,

999 1407 1058 1420 ,.-.,
1077 1407 1174 1420 rm.-.
1195 1407 1232 1411 η-
1254 1407 1324 1412 η-.-
1467 1407 1478 1409 _

994 1428 1131 1460 Volatilia
1161 1407 1305 1460 membrat
1334 1407 1487 1464 Dominbs,
1513 1431 1545 1458 ut
1568 1426 1703 1458 ostendat
1725 1435 1780 1457 nos

94 1471 134 1500 ὅτι
164 1473 207 1500 καὶ
235 1472 332 1500 τούτων
367 1471 527 1513 ἆλογώτεροί
554 1473 643 1511 ἐσμεν,
674 1474 718 1502 καὶ
746 1475 911 1515 καταισχύνῃ

994 1475 1013 1504 is
1028 1473 1193 1504 insaniores
1218 1483 1284 1504 esse
1308 1478 1337 1504 et
1362 1473 1523 1504 confundat
1547 1482 1612 1510 nos,
1641 1476 1729 1512 atque
1745 1475 1777 1502 ut

95 1517 177 1554 ἡμᾶς,
203 1517 247 1544 καὶ
273 1515 329 1553 ἵνα,
356 1516 420 1557 ὅπερ
449 1511 540 1557 ἔχουσι
565 1517 598 1545 τὰ
621 1518 726 1546 πετεινᾶ
755 1518 785 1546 ἐκ
812 1511 911 1559 φύσεως

997 1518 1034 1549 od
1059 1522 1162 1549 natura
1185 1518 1314 1548 volatilia
1341 1517 1459 1554 habent,
1485 1526 1593 1557 nempe
1620 1511 1689 1547 non,
1709 1524 1776 1547 esse

94 1561 124 1588 τὸ
150 1561 188 1597 μὴ
213 1564 351 1600 μεριμνᾷν,
377 1565 453 1589 τοῦτο
477 1563 558 1599 ἡμεῖς
586 1562 616 1590 ἐκ
642 1562 818 1602 προαιρέσεως
844 1575 913 1597 κτη-

92 1604 199 1642 σώμεθα
235 1615 244 1623 '
291 1606 305 1633 ὁ
340 1605 390 1645 γὰρ
425 1605 537 1635 εὖτελῶν
573 1607 722 1645 στρουθίων,
760 1608 910 1647 φροντίζων,

94 1648 185 1686 πολλῷ
211 1648 311 1686 μᾶλλον
334 1652 385 1677 τῶν
411 1651 504 1687 τιμίων
528 1650 672 1689 ἀνθρώπων
695 1651 837 1691 φροντίσει,
865 1652 914 1681 Διὰ

94 1696 170 1720 τοῦτο
205 1693 401 1730 ὑπομιμνήσκει
432 1693 501 1730 ἀμᾶς
537 1695 551 1720 ὁ
587 1694 679 1732 Κύριος
714 1697 763 1727 τῆς
800 1695 912 1734 ἀρχαίας

95 1736 195 1769 ἐκείνης
220 1735 367 1775 διαγωγῆς,
397 1735 440 1763 ὅτε
464 1737 478 1764 ὸ
494 1737 558 1768 Θεὸς
589 1736 678 1777 ἔτρεφε
705 1738 750 1765 τὸν
777 1737 861 1775 Ἀδὰμ
890 1738 916 1766 ἐν

95 1779 242 1819 παραδείσῳ
256 1782 294 1817 μὴ
316 1781 464 1819 σπείροντα,
489 1783 537 1813 τῆς
563 1783 614 1820 γῆς
638 1782 829 1821 παρασχούσης
846 1782 916 1819 αὒτῷ

95 1825 127 1852 τὰ
147 1825 212 1864 πρὸς
234 1825 343 1864 τροφήν.
370 1824 461 1865 Τρέφει
481 1824 508 1852 δὲ
532 1826 567 1853 τὰ
588 1825 695 1853 πετεινὰ
722 1827 736 1854 ὁ
764 1826 840 1862 Θεὸς,
870 1838 916 1866 φυ-

96 1869 171 1902 σικὴν
193 1871 290 1908 γνῶσιν
312 1869 391 1901 ἔνθίὶς
416 1869 505 1901 αὐτοῖς
530 1870 595 1908 πρὸς
619 1870 649 1897 τὸ
674 1870 793 1909 συνάγειν
818 1871 913 1910 τροφὰς

96 1912 137 1941 διὰ
151 1913 199 1946 τὴν
222 1913 313 1941 τούτου
337 1912 502 1954 κυϐέρνησιν,
533 1925 547 1942 α
572 1914 615 1947 Τίς
642 1914 667 1947 ἐξ
687 1915 760 1953 ὑμῶν
782 1918 914 1954 μεριμνῶν

97 1956 198 1986 δύναται
233 1959 385 1997 προσθεῖναι
419 1958 462 1986 ἐπὶ
495 1959 544 1992 τὴν
577 1958 682 1993 ἡλικίαν
715 1959 793 1987 αὖτοῦ
822 1962 914 1999 πῆχυν

97 2001 164 2042 ἕνα,
192 2013 203 2030 u
232 2001 344 2030 δείκνυσι
370 2003 384 2030 ὁ
412 2004 523 2042 Χριστὸς
559 2002 599 2031 ὅτι
630 2004 660 2031 τὸ
695 2006 773 2041 σῶμα
807 2004 838 2031 τὸ
865 1993 914 2032 ’ἑο-

97 2050 154 2075 iton
180 2045 250 2080 αὔξει
278 2046 354 2086 (27),
385 2047 433 2075 οὒκ
459 2047 511 2076 ἀπὸ
537 2050 635 2088 τροφῆς
665 2047 743 2084 αὔξει,
785 2047 853 2077 ἀλλὰ
880 2051 913 2086 τῇ

98 2091 173 2120 αὒτοῦ
201 2091 309 2131 προνοίᾳ
333 2092 377 2119 καὶ
405 2092 507 2132 χάριτι.
538 2092 603 2121 Οὔτε
628 2093 677 2132 γὰρ
700 2092 805 2126 ἡλικίαν
834 2092 914 2121 δύνα-

955 1563 1092 1604 soilicita,
1109 1572 1162 1594 nos
1177 1572 1212 1593 ex
1237 1563 1384 1593 voluntate
1404 1561 1600 1602 acquiramus.
1626 1560 1681 1597 Qui
1697 1560 1777 1591 enim

955 1608 1056 1638 vilium
1073 1607 1308 1647 passerculorum
1334 1616 1435 1638 curam
1457 1606 1558 1646 habet,
1575 1605 1666 1636 multo
1683 1606 1777 1644 magis

956 1651 1123 1689 hominum,
1139 1651 1190 1692 qui
1216 1651 1287 1682 tanti
1311 1651 1400 1691 pretii
1424 1654 1503 1688 sunt,
1522 1659 1622 1681 curam
1639 1649 1775 1681 habebit.

956 1696 1026 1727 Ideo
1041 1697 1072 1727 in
1098 1695 1269 1726 memoriam
1296 1695 1384 1726 nobis
1405 1695 1521 1725 reducit
1546 1694 1690 1725 Dominus
1704 1693 1776 1724 illud

957 1741 1110 1780 antiquum
1126 1740 1190 1770 vitae
1205 1739 1381 1780 institutum,
1397 1739 1515 1778 quando
1526 1739 1660 1769 Adanum
1677 1737 1777 1768 Domi-

957 1795 1013 1816 nus
1028 1785 1126 1816 alebat
1141 1794 1199 1815 non
1215 1784 1425 1824 seminantem,
1451 1788 1530 1814 terra
1551 1783 1594 1814 illi
1612 1792 1644 1814 ea
1662 1793 1726 1823 quae
1740 1784 1776 1814 ad

956 1838 1053 1860 escam
1071 1829 1238 1860 necessaria
1254 1832 1347 1865 erant,
1372 1832 1538 1868 praestante.
1564 1827 1662 1859 Nulrit
1677 1832 1775 1858 autem

956 1875 1034 1906 Deus
1048 1874 1186 1912 volatilia,
1204 1874 1366 1904 naturalem
1381 1873 1440 1903 illis
1455 1873 1591 1904 inserens
1603 1873 1776 1904 instinctum

955 1923 987 1950 ut
1014 1928 1066 1960 per
1089 1918 1182 1958 ipsius
1209 1918 1454 1958 gubernationem
1484 1917 1566 1948 cibos
1595 1924 1776 1958 congregem

958 1974 972 1994 ε
988 1963 1059 2000 Quis
1074 1968 1170 1994 autem
1186 1967 1314 1994 vestrum
1330 1963 1464 2002 cogitans
1480 1966 1575 2002 potest
1590 1962 1721 2003 adjicere
1736 1964 1773 1994 ad

955 2012 1095 2039 staturam
1105 2017 1187 2039 suam
1200 2007 1332 2038 cubitum
1341 2017 1431 2038 unum
1440 2007 1456 2037 ‘?
1466 2017 1480 2036 ›
1494 2007 1632 2038 Ostendit
1643 2007 1778 2039 Christus

956 2062 1064 2093 corpus
1080 2055 1155 2093 quod
1174 2052 1292 2083 videtur
1307 2061 1453 2089 crescere,
1471 2061 1530 2082 non
1546 2051 1612 2082 cibo
1627 2061 1776 2089 crescere,

956 2098 1009 2128 sed
1039 2107 1091 2137 per
1117 2107 1201 2128 suam
1234 2096 1446 2132 lrovidentiam
1471 2100 1500 2127 et
1524 2095 1659 2134 gratiam.
1684 2096 1777 2127 Nemo

98 2147 138 2163 ται
165 2147 204 2168 τις
234 2137 384 2172 προσθεῖναι
414 2136 527 2174 σώματι,
554 2136 612 2165 οὔτε
636 2139 733 2176 τροφῆς
757 2140 911 2176 προνοῆσαι,

997 2136 1191 2173 ὶιηέιθιυτειπι
1208 2142 1325 2182 corpori
1352 2151 1404 2172 suo
1430 2141 1541 2172 addere
1557 2144 1664 2180 potest,
1683 2150 1778 2182 neque

98 2181 119 2208 εί
134 2182 171 2217 μὴ
186 2181 200 2208 ὁ
217 2181 292 2217 Θεὸς,
310 2180 336 2208 ἐν
351 2182 392 2212 οἷς
416 2179 542 2218 δοκοῦμεν
567 2181 693 2221 ἐνεργεῖν,
719 2182 749 2209 τὸ
764 2185 815 2209 πᾶν
830 2181 911 2218 ἀνύει,

99 2225 133 2256 ὡς
161 2223 291 2263 βούλεται,
321 2225 387 2256 Τοὺς
419 2225 468 2264 γὰρ
497 2225 616 2258 δοθέντας
652 2224 725 2265 ὅρους
751 2226 821 2265 παρὰ
850 2229 915 2254 Θεοῦ

98 2267 176 2300 οὔδεὶς
203 2267 306 2297 δύναται
332 2268 442 2302 αὒξῆσαι
465 2269 482 2303 ἢ
507 2273 618 2307 μειῶσαι
640 2279 646 2286 ⁸
673 2269 702 2297 οὐ
731 2270 780 2309 γὰρ
795 2271 812 2304 ἡ
827 2269 913 2298 πολυ-

97 2313 174 2352 φαγία
188 2311 256 2345 αὔξει
279 2313 308 2340 τὶι
333 2315 422 2350 σῶμα,
447 2312 516 2343 ἀλλὰ
538 2315 582 2342 καὶ
605 2313 786 2353 ἀσθενέστερον
812 2313 912 2352 μᾶλλον

95 2357 152 2385 αὐτὸ
185 2364 270 2387 ποιεῖ.
307 2359 336 2386 Εἰ
377 2358 407 2385 τὸ
441 2369 500 2398 περι
536 2362 598 2397 μιᾶς
634 2359 735 2398 ἡμέρας
772 2359 914 2399 φροντίζειν

92 2402 163 2441 βαρὺ,
190 2403 233 2430 καὶ
256 2403 415 2440 κακωτικὸν,
445 2404 502 2435 πῶς
531 2405 562 2431 τὸ
590 2405 711 2443 περιττὸν
740 2403 788 2431 οὒκ
816 2403 914 2443 ἀφόρη-

95 2457 136 2474 τον
152 2445 221 2486 ,ἄρα
235 2446 282 2474 οὔκ
305 2447 459 2484 κακώσεως,
479 2448 524 2476 καὶ
548 2446 652 2484 ὀδύνης,
680 2448 724 2476 καὶ
740 2448 852 2488 μόχθου,
869 2442 913 2476 καὶ

97 2489 278 2530 ταλαιπωρίας,
309 2491 350 2519 κοὶ
378 2491 459 2519 πόνου
494 2492 511 2526 ἡ
540 2495 658 2531 παροῦσα
687 2491 773 2531 ἡμέρα
806 2500 814 2507 ·
846 2491 913 2520 ὥστε

99 2534 142 2562 κᾶν
182 2538 309 2574 μεριμνᾷς
327 2558 335 2572 ,
380 2536 498 2576 ἄνθρωπε
514 2560 524 2573 ,
565 2535 613 2564 κᾶν
651 2537 799 2577 φροντίζῃς,
842 2536 914 2564 οὐδὲν

98 2587 190 2618 ποιεῖς,
222 2580 261 2618 μὴ
289 2579 409 2613 θέλοντος
429 2584 474 2609 τοῦ
498 2584 574 2613 Θεοῦ,
601 2581 631 2610 Τί
656 2581 739 2610 τοίνυν
763 2591 914 2620 ματαιοπο-

135 2673 192 2715 (25)
211 2685 225 2701 ι
242 2675 278 2703 Οὐ
291 2674 351 2715 τῶν,
359 2674 508 2714 χρημάτων
521 2678 707 2715 τ-μεριμνᾷν.
725 2684 737 2704 ι
748 2675 781 2706 In
791 2674 838 2705 his
850 2683 914 2705 rur-

101 2713 301 2756 sus_d_eest_vel
315 2713 426 2756 κελεύει,
437 2715 489 2756 vel
518 2713 642 2756 ergo
657 2714 738 2746 aliud
753 2715 823 2756 quid
841 2715 910 2746 tale.

136 2754 197 2794 (96)
217 2763 231 2784 (
247 2753 321 2784 Ἐπεὶ
331 2755 386 2785 καὶ.
406 2767 418 2783 ιι
436 2755 510 2784 Ἐπεὶ
525 2755 594 2786 dedi
609 2763 662 2794 pro
678 2756 732 2788 ἐπί,

138 2794 199 2835 (27)
217 2804 230 2822 α
246 2796 282 2824 Τὸ
297 2795 388 2825 δοκοῦν
403 2795 483 2831 αὔξει.
496 2808 510 2824 ι
525 2795 610 2829 Haud
622 2795 712 2827 dubie
723 2795 913 2829 scribendum

956 2187 1011 2218 sibi
1027 2187 1124 2218 cibum
1142 2196 1310 2228 procurare,
1329 2187 1386 2217 nisi
1410 2186 1500 2219 Deus.
1528 2186 1644 2225 quando
1661 2187 1777 2226 operari

956 2232 1101 2272 videmur,
1117 2231 1217 2262 omnia
1233 2231 1376 2272 perﬁciat,
1402 2235 1434 2261 ut
1447 2229 1583 2260 voluerit.
1602 2229 1680 2266 Quos
1696 2231 1775 2261 enim

955 2277 1064 2308 limites
1080 2276 1223 2308 Dominus
1239 2277 1347 2316 posuit,
1361 2285 1449 2306 nemo
1460 2284 1569 2314 augere
1581 2279 1629 2305 aut
1641 2275 1776 2307 minuere

955 2326 1060 2362 potest.
1077 2321 1142 2352 Non
1154 2321 1233 2352 enim
1251 2321 1393 2352 voracitas
1409 2320 1528 2360 augebit
1542 2329 1660 2360 corpus,
1678 2321 1730 2352 sed
1748 2327 1777 2352 et

955 2366 1028 2398 illud
1045 2366 1190 2396 inﬁrmius
1206 2365 1297 2396 multo
1313 2365 1410 2396 faciet.
1424 2364 1454 2396 Si
1466 2364 1545 2394 enim
1556 2363 1601 2394 vel
1611 2364 1647 2394 de
1662 2373 1718 2394 una
1729 2364 1777 2395 die

955 2411 1112 2442 sollicitum
1129 2419 1194 2441 esse
1216 2419 1303 2448 graae
1328 2414 1372 2441 est
1396 2414 1426 2441 et
1449 2408 1597 2445 nocivum,
1624 2409 1774 2448 quomodo

954 2454 1162 2486 sollicitudinis
1191 2463 1328 2485 excessus
1358 2463 1417 2485 non
1443 2457 1521 2484 esset
1549 2452 1744 2484 intolerabiiis
1761 2453 1776 2482 ί)

954 2499 1045 2539 Igitur
1060 2499 1146 2537 malo,
1165 2502 1193 2529 et
1208 2497 1322 2535 dolore,
1340 2502 1368 2529 et
1384 2498 1495 2534 labore,
1511 2501 1538 2527 et
1550 2500 1733 2536 paupertate,
1747 2500 1777 2527 et

958 2553 1043 2585 poena
1056 2543 1142 2584 plena
1158 2547 1204 2575 est
1220 2552 1350 2584 praesens
1362 2543 1437 2574 dies.
1450 2542 1495 2574 Ita
1506 2546 1548 2578 ut,
1566 2541 1682 2572 etiamsi
1697 2541 1777 2572 solli-

956 2590 1031 2621 citus
1046 2590 1098 2628 sis,
1115 2599 1132 2620 ο
1148 2590 1248 2628 homo,
1265 2589 1381 2620 etiamsi
1402 2589 1523 2629 cogites,
1541 2586 1615 2617 nihil
1629 2586 1700 2617 facis
1714 2586 1775 2617 Deo

954 2676 984 2703 τὸ
999 2673 1090 2703 δοκοῦν
1105 2673 1204 2720 αὔξειν..
1217 2673 1267 2705 Bis
1281 2673 1424 2720 deinceps
1447 2677 1543 2720 autem
1562 2671 1613 2717 .hic
1629 2670 1714 2720 1:3;va
1730 2677 1774 2716 est

954 2723 1085 2746 crescere
1098 2715 1215 2755 augeri,
1243 2718 1275 2745 ut
1298 2723 1365 2745 mox
1389 2711 1419 2745 in
1443 2712 1570 2746 Matthzei
1590 2711 1700 2751 verbis,
1716 2711 1774 2746 πῶς

956 2755 1068 2796 αὐξάνει,
1085 2755 1115 2783 οὔ
1134 2754 1226 2795 κοπιᾷ,
1241 2766 1308 2792 κγτ,
1326 2754 1353 2790 λ,
