1950 3083
72 127 86 160 1
94 125 171 160 245
833 128 908 160 ORA

994 129 1048 162 [ΕΒ
1709 125 1786 160 1246

69 195 271 233 πνευματικὰ,
308 196 471 234 προστίθεται
512 196 597 232 τούτῳ
636 196 681 224 καὶ
714 196 747 225 τὰ
780 195 908 234 σωματικέ

994 196 1020 227 ei
1035 195 1238 235 fatigationem
1255 198 1347 232 vocat,
1365 198 1394 225 et
1419 193 1608 225 amictionem
1627 201 1715 233 quam
1730 192 1783 224 ha-

71 239 157 267 κατὰ
189 238 340 280 φιλοτιμίαν
370 243 446 270 Θεοῦ.
477 250 491 267 ι
531 240 575 274 Μὴ
604 240 648 268 οὖν
678 241 857 280 μεριμνήσητε
884 241 905 268 εἰ

994 249 1067 271 imus
1083 248 1137 270 nos
1148 239 1293 278 homines,
1307 242 1335 269 et
1346 238 1496 277 angustias
1506 237 1600 274 exiis,
1614 247 1679 277 quae
1695 236 1783 268 nobis

70 283 131 316 τὴν
166 282 269 322 αῧριον,
309 279 339 311 Ἠ
368 284 418 323 γὰρ
451 282 537 322 αι’ἇριον
566 279 722 323 μεριμνήσει
750 284 783 312 τὰ
810 284 906 317 ἑαυτῆς

994 284 1100 315 cidunt
1115 283 1217 314 tristia.
1236 282 1348 314 Sufﬁcit
1364 282 1442 313 enim
1461 281 1546 312 nobis
1562 281 1642 311 circa
1658 289 1786 321 praesen-

71 327 219 366 Ἀρκετὸν
243 327 292 367 γάρ
313 326 367 357 ἐστι
393 331 427 366 τῇ
451 328 537 367 ἡμέρα
560 329 578 362 ἡ
601 328 679 356 κακία
700 330 796 362 αὐτῆς.
815 340 829 356 ι
862 333 908 357 Κα-

994 337 1020 358 m
1037 327 1115 358 diem
1131 327 1244 367 fatigari
1261 327 1268 356 !
1287 326 1316 357 Si
1332 335 1403 356 vero
1419 329 1448 356 et
1462 325 1499 356 de
1515 325 1643 356 crastina
1657 325 1706 355 die
1721 325 1785 355 sol-

72 372 143 400 Αίαν
176 372 279 411 ἡμέρας
308 373 356 407 τὴν
384 373 522 413 σοντριϐἡν
549 372 621 412 λέγει
644 374 687 402 καὶ
713 374 761 408 τὴν
788 374 917 411 κάκωσιν,

70 415 111 450 ἢν
153 415 268 456 ἔχομεν,
298 418 342 445 καὶ
371 417 420 451 τὴν
444 417 622 456 στενοχωρίαν
647 419 671 446 ol.
698 417 838 458 ἅνθρωποι,
865 418 917 446 ἀπὸ

70 463 135 489 τῶν
165 461 356 502 ἐπερχομένων
379 463 445 499 ἡμῖν
470 462 595 502 ἀνιαρῶν.
621 462 746 502 Ἀρκετὸν
775 464 824 504 γὰρ
848 463 917 491 ἐστιν

71 505 168 542 ἡμῖν,
202 505 242 534 ὅτι
271 505 459 546 συντριϐόμεθα
494 507 553 546 περὶ
584 507 631 541 τὴν
659 508 774 547 σήμερον
802 517 808 524 '
838 508 859 535 εἰ
888 506 916 535 δὲ

73 549 126 577 καὶ
159 550 222 589 περὶ
249 552 299 583 τῆς
329 550 414 589 αὔριον
445 551 659 591 μεριμνήσωμεν,
690 552 754 580 πότε
783 551 915 592 σχολάσο-

77 603 132 631 μεν
173 597 242 631 Θεῷ,
272 595 336 622 πότε
364 594 535 634 δουλευσομεν
564 596 646 634 αὐτῷ,
674 597 714 625 ἀεὶ
738 596 915 634 συντρίϐοντες

75 638 197 670 ἑαυτοὺς
229 639 288 679 περὶ
315 642 367 668 τῶν
402 643 573 678 σωματικῶν.
611 639 694 670 Ἀλλὰ
729 640 912 681 διεγερθῶμεν,

75 681 198 722 ἀδελφοί
243 695 302 721 μοι),
343 684 386 712 καὶ
421 684 612 724 ἀγωνισώμεθα
646 687 690 714 καὶ
730 685 918 724 σπουδάσωμεν

76 727 118 758 εἷς
158 726 329 767 ἐκπλήρωσιν
363 731 416 756 τῶν
463 729 577 758 ἐντολῶν
620 733 666 759 τοῦ
700 734 823 769 Χριστοῦ,
874 727 918 758 καὶ

76 771 268 815 φροντίσωμεν
297 775 345 806 τῆς
382 774 514 813 σωτηρίας
549 777 601 802 τῶν
634 775 771 815 ἡμετέρων
807 777 914 814 ψυχῶν.

77 814 287 858 Ἀποσχώμεθα
314 822 368 847 τῶν
389 819 577 858 μεμισημένων
603 821 647 849 καὶ
681 814 805 861 πονηρῶν
839 819 921 861 ἔργων

961 370 1032 403 liciti
1061 372 1174 409 simus,
1203 371 1290 401 modo
1326 370 1477 401 deerimus
1512 369 1593 410 Deo,
1623 369 1711 399 modo
1740 369 1786 400 illi

959 417 1269 457 serviemus,semper
1291 415 1328 445 de
1351 414 1556 455 corpolaribus
1576 413 1707 444 solliciti.
1725 413 1783 445 Sed

959 464 1144 503 evigilemus,
1162 463 1278 498 fratres,
1296 465 1324 492 et
1339 465 1498 498 certemus,
1530 464 1559 491 et
1574 469 1730 492 curramus
1744 461 1781 492 ab

957 507 1162 549 impletionem
1189 507 1394 537 mandatorum
1422 505 1541 542 Christi,
1573 510 1601 535 et
1615 505 1780 536 animarum

957 556 1125 583 nostrarum
1142 552 1264 582 salutem
1283 559 1432 581 curemus.
1452 549 1662 581 Abstineamus
1674 558 1730 580 nos
1745 549 1781 580 ab

957 596 1118 628 odibilibus
1133 599 1163 627 et
1179 595 1264 626 malis
1279 594 1432 636 operibus,
1443 594 1511 626 etad
1522 594 1668 624 bonarum
1680 603 1781 624 rerum

957 640 1158 681 operationem
1175 648 1373 679 assurgamus,
1391 643 1424 670 ut
1444 648 1478 670 ea
1492 648 1557 679 qum
1574 638 1783 679 promittantur

960 684 1037 716 bona
1061 693 1279 724 consequamur
1303 683 1333 714 in
1356 683 1471 715 Christo
1486 683 1568 721 Jesu,
1586 683 1711 715 Domino
1726 692 1782 713 no-

959 733 1030 767 stro,
1048 728 1095 759 cui
1110 728 1205 768 gloria
1220 732 1249 759 et
1270 731 1399 769 potestas
1425 727 1455 758 in
1471 728 1579 759 saecula
1592 727 1779 759 saeculorum.

957 773 1066 806 Amen.

929 844 937 859 ,
965 822 1008 850 καὶ
1036 822 1101 861 πρὸς
1131 823 1180 855 τὴν
1208 821 1329 861 ἐργασίαν
1364 824 1416 849 τῶν
1447 821 1552 860 ἀγαθῶν
1579 819 1696 859 πράξεων
1724 819 1782 848 ὂια-

77 867 237 904 νιστῶμεν,
275 865 321 894 ἵνα
353 868 405 894 τῶν
441 866 467 895 ἐν
500 866 671 907 ἐπαγγελιαις
707 868 812 907 ἀγαθῶν
846 868 1013 908 ἐπιτύχωμεν
1057 869 1084 897 ἐν
1124 872 1228 908 Χριστῷ
1263 868 1352 902 Ἰησοῦ
1387 871 1425 906 τῷ
1462 868 1546 908 Κυρίῳ
1568 869 1646 906 ἡμῶν
1676 875 1683 882 ⁹

1715 867 1780 904 ῷὴ

79 909 147 943 δόξα
184 912 228 940 καὶ
256 913 286 940 τὺ
314 913 409 952 κράτος
439 914 474 945 εἷς
503 914 564 946 τοὺς
593 915 690 947 αἰῶνας
718 917 770 944 τῶν
800 915 913 944 αἰώνων.
926 914 1023 954 Ἀμήν-

255 969 402 1001 ΚΥΡΙΑΚῌ
416 960 468 1003 ς’.
485 971 549 996 τοι·
564 970 748 999 mmemor.

296 1027 308 1045 ιι
326 1011 412 1058 Ἠχος
429 1013 467 1050 α’,
488 1013 610 1047 ίῙξίωθινὺν
626 1014 678 1056 ς’.
697 1031 710 1048 ιο

126 1071 166 1114 Οἱ,
189 1069 230 1110 (1)
255 1073 309 1099 τῶν
332 1070 465 1109 μελισσῶν
492 1072 523 1100 τὸ
549 1071 690 1112 φιλόπονον
719 1073 763 1101 καὶ
791 1072 912 1114 φιλεργὸν

82 1113 216 1154 θεοφιλῶς
245 1115 445 1153 ἐκμιμούμενοι,
475 1115 564 1156 ὥσπερ
594 1116 694 1145 ἐκεῖναι
718 1124 776 1150 τοῖς
801 1117 913 1156 λειμῶσι

82 1158 273 1198 ἐφιπτάμεναι,
317 1159 370 1187 ἀπὸ
404 1163 496 1188 πασῶν
537 1161 654 1198 βοτανῶν
697 1162 741 1189 καὶ
783 1162 913 1190 παντοίων

84 1202 187 1230 ἀνθέων
210 1202 364 1243 συλλέγουσι
386 1204 418 1232 τὰ
432 1204 627 1244 χρησιμώτατα
653 1213 660 1221 ·
688 1204 756 1233 οὕτω
778 1206 822 1233 καὶ
843 1207 913 1234 οὗτοι

82 1249 122 1282 τῷ
150 1245 295 1285 γλυκασμῷ
319 1249 372 1274 τῶν
397 1248 472 1276 θείων
497 1247 594 1288 λογίων
619 1247 778 1288 ἐφηδόμενοι
802 1248 840 1288 (2)
865 1249 911 1281 τὰς

81 1290 187 1330 ψυχὰς,
224 1291 255 1318 ἐκ
288 1291 393 1320 πάντων
428 1292 460 1320 τὰ
496 1291 620 1326 λυσιτελῆ
650 1293 694 1321 καὶ
723 1293 911 1331 ὀνησιμώτατα

81 1333 222 1373 δρέπονται
240 1342 247 1350 ⁸
273 1337 316 1363 καὶ
343 1336 414 1375 παρᾶ
440 1336 488 1374 μέν
512 1348 590 1365 τινων
614 1338 644 1365 τὸ
668 1339 717 1370 τῆς
740 1337 909 1377 σωφροσύνης

84 1377 161 1411 ἄνθος
184 1379 350 1419 συλλέγουσι,
381 1381 453 1420 παρὰ
479 1380 506 1408 δέ
533 1392 623 1417 τινων,
649 1382 679 1409 τὸ
702 1384 751 1414 τῆς
776 1380 910 1410 δικαιοσυ-

84 1434 133 1456 νης
153 1431 160 1439 ·
173 1423 235 1462 παρ’
250 1423 344 1463 ἐτέρων
357 1423 394 1461 δὲ,
411 1425 441 1452 τὸ
465 1427 514 1458 τῆς
539 1425 690 1465 φρονήσεως
708 1433 714 1440 ·
731 1424 794 1465 παρ’
810 1424 907 1462 ἄλλων,

86 1479 117 1496 το
139 1470 188 1501 τῆς
213 1468 329 1508 ἀνδρείας
356 1476 363 1484 ⁸
395 1468 513 1506 ἄλλοθεν,
542 1470 573 1497 τὸ
598 1471 647 1502 τῆς
680 1470 839 1507 συμπαθείας
867 1467 911 1498 καὶ

87 1515 136 1545 τῆς
171 1513 236 1551 πρὸς
270 1514 330 1546 τοὺς
365 1513 524 1551 ὁμοδούλους
560 1513 745 1554 φιλανθροπίας
760 1522 767 1530 '
805 1515 835 1542 τὸ
860 1516 909 1547 τῆς

89 1556 236 1595 πραότητος
272 1558 315 1585 καὶ
338 1560 386 1591 τῆς
413 1558 553 1590 ἐπιεικείας
579 1558 702 1598 ἑτέρωθεν
728 1568 735 1576 ’
760 1557 908 1598 ἀλλαχόθεν

917 969 940 1000 Β

1099 968 1278 1001 DOMINICA
1294 968 1413 1001 SEXTA
1429 968 1619 1000 MATTHiEl.

1076 1016 1142 1048 Vox
1167 1017 1287 1056 prima.
1315 1017 1503 1047 Matutinum
1529 1019 1663 1048 sextum.

995 1068 1051 1106 Qui
1066 1078 1152 1110 apum
1170 1069 1299 1100 studium
1310 1069 1529 1101 etsedulitatem
1542 1069 1590 1110 pie
1612 1069 1778 1108 imitantur,

955 1113 1203 1153 quemadmodum
1219 1113 1277 1144 illae
1293 1113 1323 1144 in
1339 1113 1429 1153 pratis
1450 1113 1614 1151 volitantes,
1632 1113 1669 1144 ab
1685 1113 1782 1145 omni-

955 1156 1010 1188 bus
1026 1157 1134 1198 plantis
1150 1161 1178 1188 et
1194 1157 1316 1188 ﬂoribus
1331 1157 1488 1188 utilissima
1513 1158 1656 1197 colligunt
1671 1169 1678 1194 ;
1696 1158 1735 1188 ita
1751 1162 1780 1189 et

954 1199 998 1232 illi
1022 1201 1189 1232 divinorum
1214 1201 1400 1232 oraculorum
1416 1201 1559 1233 suavitate
1569 1202 1684 1233 animas
1709 1211 1779 1233 suas

955 1245 1178 1285 perfundentes,
1196 1249 1224 1276 et
1239 1246 1377 1277 omnibus
1392 1246 1546 1277 utilissima
1561 1251 1591 1278 et
1606 1246 1777 1278 fructuosis-

953 1289 1028 1320 sima
1043 1290 1204 1321 demetunt.
1219 1289 1255 1321 lit
1266 1299 1282 1322 a
1298 1290 1474 1330 quihusdam
1487 1289 1606 1330 quidem
1623 1289 1777 1330 sapientia

952 1334 1057 1364 ﬂorem
1067 1334 1217 1373 colligunt,
1228 1343 1244 1365 a
1255 1334 1433 1373 quibusdam
1445 1343 1514 1365 vero
1524 1335 1626 1365 ﬂorem
1635 1334 1774 1375 justitiae;

952 1377 988 1408 ab
1003 1377 1080 1415 aliis,
1097 1378 1260 1418 prudentiae
1276 1390 1284 1416 ;
1300 1378 1336 1409 ab
1352 1378 1416 1409 aliis
1431 1378 1613 1409 fortitudinis
1628 1389 1635 1419 ;
1652 1379 1772 1409 aliunde

952 1430 1016 1453 com
1022 1422 1220 1454 miserationis
1226 1422 1450 1454 ethumanitatis
1457 1432 1527 1462 erga
1538 1431 1709 1461 conservos,
1723 1422 1776 1454 ali.

952 1465 1031 1496 unde
1047 1467 1284 1498 mansuetudinis
1300 1471 1328 1497 et
1344 1467 1535 1506 indulgentia
1550 1479 1557 1506 ;
1575 1477 1608 1498 ex
1619 1467 1675 1498 alia
1691 1471 1774 1508 parte

950 1510 1055 1541 florem
1067 1511 1229 1541 tolerantiae
1240 1515 1268 1542 et
1278 1511 1425 1551 patientiw
1434 1511 1464 1541 in
1475 1511 1723 1549 rebusadversis;
1736 1515 1774 1548 et,

950 1558 982 1584 ut
998 1563 1055 1584 uno
1071 1554 1161 1586 verbo
1175 1555 1283 1592 dicam,
1297 1555 1396 1586 omnia
1407 1556 1442 1586 ad
1453 1555 1559 1586 animae
1569 1555 1693 1586 salutem
1705 1559 1773 1586 ten-

89 1594 120 1628 τδ
147 1602 194 1633 τῆς
218 1601 353 1638 ὑπομονῆς
375 1602 417 1630 κοὶ
441 1604 489 1635 τῆς
514 1602 540 1629 ἐν
563 1594 627 1634 τοῖς.
637 1601 733 1634 δεινοῖς
749 1594 884 1641 καρτερίας
901 1611 908 1618 ·

994 1598 1052 1628 ntia
1064 1598 1217 1638 colligunt,
1244 1609 1339 1638 eaque
1362 1599 1393 1629 in
1419 1599 1517 1630 cordis
1543 1599 1654 1630 alveari
1675 1600 1771 1640 depo-

91 1645 133 1672 καὶ
158 1644 249 1676 ἁπλῶς
279 1646 374 1681 εἰπεῖν,
407 1646 436 1673 ἐκ
464 1646 571 1673 πάντων
599 1646 686 1676 πάντα
712 1646 745 1673 τὰ
770 1647 835 1685 πρὸς
862 1646 909 1680 τὴν

91 1690 138 1720 τῆς
173 1690 264 1727 ψυχῆς
299 1689 430 1727 σωτηρίαν
467 1690 631 1717 συντείνοντα
663 1689 825 1726 ὰνθιζόμενοι
855 1689 909 1728 (3),

92 1732 134 1760 καὶ
166 1732 192 1761 ἐν
227 1737 265 1770 τῷ
307 1732 411 1772 σίμϐλῳ
453 1737 502 1768 τῆς
549 1733 653 1773 καρδίας
700 1734 910 1772 ἐναποτιθέμενοι

92 1779 179 1815 ταῦτα,
207 1777 236 1804 τὸ
264 1777 328 1816 ὑπὲρ
352 1777 412 1815 μέλι
436 1778 480 1806 καὶ
502 1778 593 1817 κηρίον
617 1777 745 1817 γλυκάζον
772 1780 824 1806 τῶν
852 1777 911 1817 ἀρε-

92 1821 141 1848 τῶν
175 1819 233 1858 μὲλι
268 1824 411 1860 γεωργοῦσι
450 1820 492 1861 (4)
526 1822 570 1849 καὶ
597 1821 810 1861 κατεργάζονται.
842 1821 911 1850 Τού-

93 1875 149 1895 τους
163 1864 206 1892 οὖν
222 1864 260 1904 (5)
285 1866 329 1893 καὶ
351 1866 444 1902 ἡμεῖς,
473 1864 580 1906 ἀδελφοί
606 1877 668 1903 μου,
696 1865 849 1904 μιμώμεθα,
865 1866 910 1894 καὶ

93 1907 152 1936 ὅταν
183 1911 220 1945 τῷ
254 1909 314 1946 θείῳ
346 1909 390 1937 καὶ
425 1909 582 1949 περικαλλεῖ
617 1909 682 1947 τῷδε
717 1909 838 1946 λειμῶνι,
874 1913 908 1948 τῇ

95 1951 226 1990 ἐκκλησίᾳ,
243 1951 440 1992 προσέλθωμεν,
465 1954 503 1991 μὴ
529 1953 607 1994 χάριν
632 1956 680 1987 τῆς
696 1953 760 1992 πρὸς
775 1952 907 1988 ἀλλήλους

95 1994 192 2033 ὅμιλίας
226 1997 275 2030 τὴν
310 1996 349 2037 (6)
395 1997 503 2026 ἐνταῦθα
549 1997 684 2035 ποιώμεθα
727 1997 905 2037 προσέλευσιν,

95 2038 158 2067 ἀλλὰ
188 2041 235 2072 τὰς
269 2039 311 2069 διὰ
338 2041 386 2074 τὴν
420 2041 549 2081 ἡμετέραν
585 2041 715 2080 σωτηρίαν
743 2042 908 2080 ὑπαναγινω-

96 2083 218 2120 σκομένας
253 2084 323 2116 θείας
347 2085 450 2124 Γραφὰς
481 2085 722 2125 περιεργαζώμεθα,
751 2085 795 2113 καὶ
821 2086 852 2114 τὸ
878 2085 907 2113 ἐκ

96 2128 186 2156 τούτων
221 2130 336 2169 ψυχικὸν
371 2128 465 2169 ὄφελος
515 2133 637 2167 ζητῶμεν
671 2129 804 2167 ἐπιμελῶς
840 2130 906 2168 μετὰ

97 2172 320 2211 μεμεριμνημένης
348 2173 461 2206 διανοίας
489 2175 532 2202 καὶ
560 2173 727 2207 ἐξεταστικῆς
756 2173 905 2206 διαθέσεως.

951 1646 1056 1673 nentes
1079 1642 1194 1673 dulcius
1211 1643 1298 1674 melle
1324 1649 1355 1674 et
1380 1652 1447 1674 cera
1462 1644 1603 1675 virtutum
1621 1643 1678 1674 mel
1696 1653 1770 1674 con—

952 1685 1026 1716 dunt
1054 1690 1082 1716 et
1112 1687 1278 1725 perﬁciunt.
1309 1686 1379 1717 Illos
1407 1687 1497 1726 igitur
1521 1692 1549 1718 et
1574 1697 1639 1724 nos,
1665 1687 1773 1723 fratres

952 1728 1022 1766 mei,
1041 1728 1191 1760 imitemur
1206 1734 1235 1761 et
1247 1731 1364 1771 quando
1380 1731 1409 1761 in
1424 1731 1555 1761 divinum
1571 1730 1643 1761 illud
1661 1735 1688 1761 et
1704 1731 1773 1771 pul-

952 1772 1132 1804 cherrimum
1140 1778 1269 1814 pratum,
1278 1774 1446 1812 ecclesiam,
1455 1775 1681 1811 atlvenimus,ne
1693 1784 1776 1806 acce‘

952 1816 1056 1847 damus
1071 1817 1163 1847 mutui
1179 1818 1318 1858 colloquii
1343 1827 1441 1856 causa,
1465 1818 1517 1849 sed
1534 1822 1565 1849 ut
1577 1818 1692 1849 divitias
1711 1829 1776 1860 quae

952 1865 1071 1901 propter
1086 1866 1215 1892 nostram
1240 1863 1365 1893 salutem
1382 1863 1530 1902 leguntur,
1546 1863 1698 1903 Sripturas
1712 1864 1774 1895 sci-

951 1906 1102 1943 scitemur,
1120 1911 1152 1937 ut
1166 1916 1201 1937 ex
1216 1907 1252 1937 iis
1267 1907 1448 1948 spiritaalem
1464 1907 1590 1938 fructum
1619 1908 1773 1948 percipere

950 1949 1080 1980 studiosa
1088 1955 1115 1981 et
1122 1951 1282 1983 sollicitaet
1290 1951 1406 1983 ardenti
1415 1952 1563 1983 voluntate
1569 1953 1724 1992 possimus.
1734 1953 1776 1985 Ita

951 1993 1029 2024 enim
1043 1995 1129 2025 modo
1141 1995 1178 2026 de
1191 1996 1246 2027 hnc
1257 1997 1365 2028 virtute
1375 1997 1576 2035 monebimur,
1592 1997 1680 2028 modo
1693 1998 1772 2029 illam

951 2038 1193 2078 discemus;nunc
1201 2041 1236 2071 ad
1243 2041 1328 2072 aliam
1338 2041 1544 2080 excitabimur,
1551 2047 1579 2073 et
1587 2041 1728 2073 continuo
1736 2043 1772 2074 ad

948 2082 1146 2115 hiecinstituti
1161 2089 1193 2115 ut
1207 2085 1340 2124 exerciti,
1357 2086 1521 2126 poterimus
1532 2091 1561 2117 et
1574 2086 1631 2127 ipsi
1650 2086 1771 2118 virtutes

947 2127 1122 2168 adimplere,
1136 2133 1165 2160 et
1174 2130 1344 2160 suavitatem
1352 2130 1487 2161 aclucem
1495 2130 1565 2161 inde
1575 2131 1605 2161 in
1613 2131 1769 2163 animabus

950 2173 1060 2203 nostris
1070 2174 1195 2211 genitas,
1212 2179 1243 2205 ut
1258 2175 1315 2205 mel
1332 2180 1361 2205 et
1376 2176 1470 2206 favum
1487 2175 1547 2206 Deo
1559 2175 1675 2207 offerre.
1691 2175 1775 2208 Sem-

96 2213 163 2243 Οῧτω
175 2216 232 2255 γὰρ,
261 2217 325 2245 ποτε
349 2217 408 2255 μὲν,
434 2219 492 2257 περὶ
517 2217 597 2252 τῆσδε
619 2221 671 2252 τῆσ
696 2218 791 2257 ἀρετῆς
816 2220 907 2248 νουθε-

994 2226 1003 2247 r
1018 2217 1114 2248 divina
1129 2218 1283 2259 Scriptnra
1298 2221 1447 2260 Deograta
1463 2224 1492 2250 et
1506 2220 1647 2251 salutaria
1665 2221 1771 2252 edocet

97 2259 218 2298 ἰούμενοι²
261 2262 326 2290 ποτὲ
369 2261 406 2300 δὲ,
450 2264 508 2302 περὶ
548 2274 646 2297 ταυτης
681 2261 861 2301 διδασκόμενοι
896 2271 903 2278 ⁸

994 2262 1130 2304 ιτοροηὶῑ,
1143 2263 1275 2304 nihilque
1286 2264 1316 2295 in
1325 2274 1359 2295 ea
1370 2259 1414 2296 est
1426 2265 1505 2305 quod
1516 2274 1573 2295 non
1581 2264 1616 2295 ad
1629 2265 1770 2306 spiritua-

101 2387 107 2394 .
135 2349 201 2420 (Uda
217 2352 246 2420 (ἐὶ
260 2352 312 2379 τῶν
329 2351 471 2390 μελισσῶν.
489 2365 503 2381 ι
517 2352 636 2393 Legitur
648 2353 710 2383 hinc
721 2352 814 2383 oratio
825 2351 912 2383 etiam

101 2398 127 2419 In
140 2398 170 2420 C0
194 2414 201 2420 .
245 2414 252 2420 .

99 2398 127 2419 m
135 2389 206 2478 (620)th
217 2389 416 2478 ﬁatﬁﬂaclpe‘m.‘
427 2445 440 2460 »
467 2432 516 2465 Sic
529 2436 666 2478 _uterque
681 2432 748 2478 cod.
765 2431 911 2478 Displicet

100 2473 189 2515 autem
200 2470 254 2515 hoc
264 2471 328 2501 loco
339 2472 569 2515 quodammodo,
584 2470 652 2514 quia
665 2471 752 2503 nimis
761 2470 911 2504 discedita

101 2509 283 2553 similitudine
298 2509 543 2553 TOU-éLPtﬁ‘EiILE‘Ilt.

138 2550 172 2592 (3)
190 2562 202 2578 α
218 2550 397 2592 Ανθιζάμενοί.
409 2565 420 2582 ν
435 2550 532 2585 Codex
547 2554 580 2585 Β.
592 2552 681 2583 habet
695 2553 906 2592 ἀπανθιζόμενοι,

120 2591 171 2622 uod
185 2591 401 2630 praeferendum
430 2593 557 2625 videtur.
585 2593 697 2624 Eodem
723 2592 811 2624 modo
837 2593 910 2624 dixit

122 2631 234 2679 Iutar'ch:
253 2631 295 2663 De
310 2632 568 2679 alid.'?oet.nqap.
579 2633 615 2679 ξς,
629 2643 658 2679 p_.
737 2632 821 2679 Adde
836 2633 909 2664 Dio-

103 2680 156 2740 ῐιγε.
171 2670 316 2704 Halicarn.
334 2672 368 2704 T.
385 2672 422 2719 II,
440 2684 468 2713 p.
486 2674 525 2706 68
540 2670 570 2720 et
583 2670 717 2704 Eustath.
734 2673 770 2718 ad
787 2673 907 2719 Diopys.

247 2722 277 2753 p.
295 2713 343 2751 10,
359 2713 431 2746 edit.
446 2713 568 2745 Roberti
579 2713 680 2753 Steph.
691 2713 742 2743 ubi
753 2712 791 2744 de
804 2713 910 2754 apibus

122 2754 205 2781 icitur.

139 2790 172 2830 (4)
182 2802 189 2818 ε
201 2794 359 2834 Γξῳργοᾷσιξ
371 2805 381 2821 ι
392 2793 518 2825 Videtur
531 2792 907 2834 pertotumhocexordium

106 2839 156 2871 prie
168 2830 257 2862 oculis
271 2830 410 2866 habuisse
425 2835 522 2866 locum
532 2830 675 2873 'Gregorii
685 2832 861 2865 Nazianzeni
872 2843 908 2865 ex

955 2350 1033 2394 Qrat.
1051 2351 1151 2390 XLIII,
1169 2352 1286 2394 p,_'703,
1302 2353 1362 2385 704
1376 2363 1462 2394 quem
1478 2353 1527 2384 hic
1543 2353 1613 2384 ideo
1624 2354 1747 2394 ascripsi
1762 2364 1769 2387 ε

956 2387 1036 2434 "Apri.
1061 2393 1108 2431 μὲν
1169 2387 1300 2434 ἰριλεργδς
1327 2387 1438 2431 μέλισσα
1462 2395 1492 2422 τί)
1520 2395 1613 2434 πτερὸν
1643 2387 1773 2424 ἑλκύσασα

951 2433 994 2460 καὶ
1030 2435 1082 2462 τῶν
1120 2433 1238 2470 σίμϐλων
1274 2434 1444 2462 ἀπαναστᾶσα
1479 2435 1527 2468 τὴν
1556 2433 1652 2469 sima;
1681 2436 1772 2476 σοφίαν

951 2472 1135 2509 ἐπιδείκνυται,
1165 2474 1209 2501 καὶ
1236 2473 1367 2511 λειμῶνας
1394 2474 1544 2515 ἐφίπταται,
1575 2476 1618 2503 καὶ
1647 2472 1772 2512 συλᾷλτᾶι

951 2512 1025 2545 ἄνθη.
1045 2514 1094 2542 Καὶ
1117 2514 1134 2547 ἡ
1159 2513 1206 2550 μὲν
1230 2513 1310 2542 πολεῖ
1333 2515 1366 2542 τὰ
1389 2512 1467 2554 κηρία
1491 2515 1537 2546 τὰς
1563 2514 1707 2554 ἑξαγώνους
1728 2517 1772 2544 καὶ

950 2552 1097 2585 ἀντιθέτους
1133 2554 1257 2593 σύριγγας
1293 2552 1471 2594 ἐξυφαίνουσα,
1507 2556 1550 2582 καὶ
1591 2552 1637 2586 τας
1674 2555 1770 2586 εὒθείας

950 2595 1147 2634 ταῖςὶγωνίαις
1177 2593 1375 2622 ἐπαλλάττουσα
1403 2595 1478 2634 ἔργον
1503 2596 1569 2632 ὁμοῦ
1593 2594 1704 2627 κάλλους
1728 2596 1771 2624 καὶ

950 2631 1094 2672 ἀσφαλείας
1111 2641 1118 2648 ’
1134 2634 1151 2665 ἡ
1179 2633 1206 2661 δὲ
1234 2633 1294 2672 μέλι
1320 2641 1380 2667 ταῖς
1407 2631 1554 2669 Romam;
1580 2634 1769 2672 ἐναποτίθεται,

949 2673 993 2701 καὶ
1003 2680 1125 2714 γεωργεῖ
1139 2677 1176 2710 τῷ
1191 2673 1316 2709 ξενίζοντι
1341 2677 1442 2714 καρπὸν
1464 2674 1560 2714 γλυκὺν
1574 2675 1617 2702 καὶ
1632 2675 1768 2714 ἀνήροτον.

993 2712 1029 2749 (5)
1049 2712 1189 2745 (Τούτους
1207 2714 1263 2744 οὖν.
1280 2726 1294 2741 ι
1321 2712 1386 2746 Τοὺς
1410 2712 1617 2752 ἐκμιμουμένους
1642 2712 1688 2746 τας
1717 2726 1769 2752 με-

950 2751 1051 2794 λίσσας.
1069 2752 1136 2794 _Nisi
1151 2753 1225 2784 forte
1241 2753 1322 2784 malit
1338 2754 1403 2794 quis
1427 2751 1529 2793 legere
1551 2755 1657 2790 ταύτας,
1673 2758 1702 2785 et
1716 2764 1766 2787 re-

949 2792 1027 2833 ferre
1042 2792 1077 2833 ad
1094 2802 1166 2833 apes
1192 2794 1291 2825 Codex
1307 2792 1432 2833 uterque
1446 2792 1551 2826 τούτους
1567 2794 1668 2825 habet.

990 2832 1029 2871 (6)
1045 2831 1179 2865 Ἐνταῦθα.
1201 2846 1214 2862 ι
1232 2833 1275 2864 Ἐν
1291 2838 1324 2875 τῇ
1337 2831 1475 2874 ἐκκλησίᾳ.
