1950 3083
227 189 305 222 i263

758 188 786 222 J.
811 190 1005 223 XIPHILINI
1026 189 1083 221 GP.
1106 190 1363 223 PATRIARCHJE

1857 194 1943 226 1264

219 261 367 288 straturus
375 265 490 301 eorum,
497 255 804 301 quaeRetrusdixerat,
817 256 1043 301 absurditatem,

1096 258 1233 297 περιουσίας
1263 256 1346 290 δεῖξαι
1373 257 1535 295 Βουλόμενος
1563 261 1613 287 τῶν
1644 261 1714 300 παρὰ
1740 267 1789 291 τοὺ
1824 262 1942 301 Πέτρα»

221 305 251 332 et
266 300 411 341 passionis
422 300 549 337 lucrum,
567 299 628 332 ait:
657 299 703 331 Tu
718 300 793 331 mihi
808 300 894 331 dicis.
912 300 975 331 Non
991 300 1048 332 erit

221 344 275 376 tibi
286 345 354 384 hoc,
370 348 463 385 atego
474 344 528 376 tibi
540 344 624 376 dico:
638 345 705 376 Non
716 345 804 375 modo
815 354 862 376 me
874 345 1046 385 prohibere,

221 398 256 421 ac
265 398 361 421 meam
373 389 541 430 passionem
554 388 775 428 indigneferre,
788 388 841 420 tibi
859 389 978 420 noxium
992 389 1049 420 erit

221 437 250 465 et
275 433 491 475 perniciosum,
516 433 570 465 sed
594 442 692 474 neque
719 437 750 464 tu
774 433 900 464 salutem
923 433 1048 474 adipisci

221 478 344 518 poteris,
361 477 419 509 nisi
435 481 465 509 et
476 477 541 518 ipse
555 477 591 508 ad
609 477 781 518 patiendum
796 482 915 518 paratus
929 487 1049 517 semper

220 522 328 554 fueris.
344 521 388 554 Ne
401 521 481 553 enim
497 521 668 562 passionem
681 522 745 562 ipso
756 521 909 560 indignam
922 521 1047 552 arbitra-

219 571 334 604 rentur,
342 577 402 598 non
411 571 525 598 tantum
532 566 796 607 antecedentibus,
809 566 861 597 sed
873 565 960 597 etiam
972 575 1046 597 con—

221 611 421 653 sequentibus
434 611 532 642 verbis
542 620 594 642 eos
604 610 720 642 lucrum
740 612 783 642 rei
800 611 918 642 edocet.
936 612 980 641 Ac
995 619 1049 650 per

220 655 367 688 Joannem
391 655 513 696 quidem
536 655 596 687 ait:
620 655 689 686 Nisi
704 663 836 695 granum
850 655 1000 695 frumenti
1015 657 1047 685 in

221 704 306 733 terra
329 701 495 738 moriatur,
522 702 623 741 ipsum
646 699 744 731 solum
763 702 867 730 manet
882 709 889 729 :
905 700 933 730 si
947 703 1047 730 autem

221 751 373 778 mortuum
385 745 492 786 fuerit,
509 745 641 776 multum
655 745 789 784 fructum
811 744 909 785 a/fert.
925 745 962 775 At
977 753 1046 775 vero

222 791 272 822 hic
286 791 354 832 plus
367 790 451 831 dicit,
468 793 498 821 et
512 798 683 821 sermonem
699 789 736 820 de
752 789 856 820 mortis
871 789 1047 820 necessitate

221 845 283 867 non
297 835 394 867 solum
410 834 447 866 ad
462 843 507 873 se,
525 833 578 865 sed
594 834 683 865 etiam
699 833 735 864 ad
747 833 815 864 illos
830 833 1044 864 accommodat.

223 879 350 912 Tantum
364 879 458 917 enim,
469 879 577 920 inquit,
594 879 639 910 rei
655 878 770 909 lucrum
787 881 841 915 est,
863 881 894 908 ut
909 881 938 908 et
952 876 1045 915 vobis,

1089 302 1232 341 εἰρημένων
1261 303 1310 336 τὴν
1346 302 1468 342 ἀτοπίαν¹
1502 305 1545 331 καὶ
1581 305 1611 332 τὸ
1646 305 1698 333 ἀπὸ
1730 309 1777 334 τοῦ
1825 308 1941 337 πάθους

1088 345 1189 385 κέρδος,
1218 347 1296 386 φησίν
1315 355 1322 361 '
1353 347 1390 374 Σύ
1417 359 1461 384 μοι
1490 347 1576 386 λέγεις
1602 359 1609 364 ·
1639 350 1675 378 Οὒ
1702 350 1740 387 μὴ
1769 351 1861 378 ἔσται
1898 362 1939 378 σοι

1088 395 1164 420 τοῦτο
1181 400 1188 408 '
1207 390 1261 429 ἐγὼ
1285 390 1312 418 δέ
1336 402 1375 419 σοι
1402 390 1474 431 λέγω
1500 392 1540 420 ὅτι
1565 393 1593 421 οὗ
1619 394 1698 431 μόνον
1721 396 1752 422 τὸ
1777 395 1839 433 ἐμὲ
1877 407 1939 423 κω-

1089 434 1169 474 λύειν,
1201 436 1245 463 καὶ
1280 439 1318 472 τῷ
1352 435 1409 473 ἐμῷ
1444 436 1519 464 πάθει
1558 435 1738 477 δυσχεραινειν
1772 438 1938 472 ἐπιϐλαϐές

1089 490 1130 507 σοι
1158 479 1303 512 καθέστηκε
1327 481 1369 507 καὶ
1405 479 1533 519 ὀλέθριον,
1562 480 1621 509 ἀλλ’
1645 481 1684 510 ὅτι
1709 482 1766 511 οὐδὲ
1800 485 1840 511 σὺ
1878 496 1938 513 σω-

1088 525 1163 556 θῆναι
1185 523 1296 562 δυνήσῃ,
1323 524 1367 552 ἐὰν
1392 525 1430 562 μὴ
1455 526 1498 553 καὶ
1527 526 1607 566 wka
1632 528 1697 566 πρὸς
1721 529 1750 555 τὸ
1774 531 1893 557 παθεῖν
1911 532 1937 557 εἴ

1088 568 1333 607 παρεσκευασμένος
1368 567 1410 596 διὰ
1444 570 1556 601 παντὸς.
1593 564 1646 599 Ἵνα
1663 572 1712 610 γάρ
1740 573 1779 609 μὴ
1816 573 1937 606 ἀνάξων

1089 613 1166 641 κᾶῑοῦ
1198 613 1326 649 νομίσωσι
1358 614 1389 640 τὸ
1425 614 1520 654 πάθος,
1553 615 1583 642 οὖ
1617 614 1659 642 διὰ
1692 617 1744 644 τῶν
1778 619 1936 658 προτέρων

1089 657 1181 694 μόνον¹
1210 656 1277 687 ἀλλὰ
1305 658 1348 685 καὶ
1379 656 1420 685 διὰ
1449 658 1502 685 τῶν
1528 657 1700 697 ἐπαγομένων
1723 661 1826 693 αὖτοὺς
1863 656 1935 690 παι-

1088 700 1154 729 δεύει
1187 701 1218 729 τὸ
1245 700 1334 740 κέρδος
1362 707 1408 731 τοῦ
1443 703 1611 742 πράγματος.
1648 705 1695 732 Καὶ
1722 704 1763 733 διὰ
1793 707 1856 743 μὲν
1890 713 1935 736 τοῦ

1088 745 1209 773 Ἰωάννου
1225 746 1302 784 φησίν
1320 754 1326 760 ·
1360 757 1374 773 ε
1402 745 1463 775 Ἐὰν
1491 748 1529 784 μὴ
1555 749 1568 775 ὁ
1593 749 1689 780 κόκκος
1711 755 1757 779 τοῦ
1782 752 1872 781 cito;
1896 753 1934 782 εἷς

1087 790 1137 822 τὴν
1171 791 1222 828 γῆν
1258 789 1387 828 ἀποθάνῃ,
1426 790 1503 822 αὖτός
1541 792 1621 829 μόνος
1658 793 1729 830 μένει
1760 803 1767 810 ’
1813 795 1867 822 ἐὰν
1908 795 1933 822 δὲ

1088 834 1219 873 ἀποθάνῃ,
1255 833 1336 862 πολὺν
1367 836 1469 874 καρπὸν
1498 835 1582 875 φέρει,
1623 848 1634 865 ι
1675 836 1807 866 Ἐνταῦθα
1842 839 1874 867 δὲ
1905 840 1933 868 ἐκ

1089 878 1236 917 περίουσίας
1263 878 1310 906 οὒκ
1346 877 1386 918 ἐφ’
1422 880 1516 909 ἑαυτοῦ
1545 881 1625 918 μόνου
1660 883 1705 910 τὸν
1740 881 1843 921 λόγον,
1887 885 1932 912 τὶν-ι

223 924 305 956 nolle
321 924 409 962 mori,
436 918 568 962 malum;
592 926 707 962 contra,
732 926 852 964 paratos
873 921 909 953 ad
925 921 956 952 id
972 930 1048 963 esse,

1096 923 1150 960 περὶ
1176 927 1223 952 τοῦ
1250 921 1305 950 δεῖν
1332 923 1507 958 ἀποθνήσκειν
1539 925 1674 965 γυμναζει,
1705 918 1786 954 ἀλλα
1806 918 1859 956 καὶ
1888 928 1930 956 ἐπ’

222 968 335 1000 bonum
350 968 401 1000 sit.

261 1056 328 1089 Jam
342 1066 424 1095 vero,
454 1067 520 1098 qua
544 1067 652 1089 arcana
677 1057 766 1089 etiam
794 1066 883 1088 sensa
897 1057 1047 1088 contineat

221 1110 305 1141 crux,
331 1110 387 1142 per
406 1111 494 1142 quam
518 1102 672 1143 perﬁcitur
696 1101 862 1132 Dominice
887 1101 1045 1142 passionis.

224 1150 325 1177 nostra
348 1155 436 1178 causa
460 1150 617 1186 susceptae,
647 1145 834 1187 mysterium,
865 1146 932 1186 quis
961 1145 1048 1176 facile

225 1190 524 1231 oratione-explicet?
535 1190 612 1228 Quid
623 1190 702 1222 enim
714 1191 729 1222 ?
741 1190 787 1221 An
802 1200 861 1221 non
877 1195 961 1221 erant
975 1190 1047 1220 inﬁ-

225 1235 281 1267 niti
296 1234 377 1266 modi
390 1235 426 1266 ad
443 1239 568 1267 mortem
584 1234 739 1273 ducentes,
763 1235 871 1275 quibus
894 1243 975 1265 mors
995 1243 1048 1274 pro

225 1279 313 1311 nobis
327 1279 428 1320 oppeti
456 1280 624 1320 potuisset?
646 1279 757 1311 Verum
781 1289 815 1310 ex
840 1278 980 1309 omnibus
991 1278 1047 1309 iste

226 1323 360 1356 delectus
374 1329 420 1355 est
434 1324 471 1355 ab
493 1333 528 1356 eo
549 1324 625 1365 ipso,
651 1324 702 1365 qui
725 1323 782 1355 sibi
807 1323 974 1364 passionem
993 1331 1046 1363 pro

225 1372 372 1410 potestate
388 1367 509 1407 delegit.
526 1369 630 1410 Neque
645 1367 725 1399 enim
740 1368 815 1399 dixit
832 1379 840 1398 :
857 1367 925 1399 Haec
941 1371 970 1399 et
984 1368 1046 1398 hac

225 1413 356 1454 patietur
378 1413 471 1445 Filius
484 1413 613 1445 hominis
637 1414 709 1454 (quo
725 1413 813 1444 modo
829 1413 1005 1453 simpliciter
1019 1415 1048 1442 et

226 1453 361 1490 absolute
368 1461 494 1489 mortem
502 1453 838 1498 pradicerepotuisset),
847 1456 1048 1497 sed,0portet,

1096 1454 1181 1486 ὶπλῶς
1206 1455 1278 1484 εἴποι
1302 1457 1484 1496 προαγορεύων
1507 1457 1540 1484 τα
1564 1457 1694 1495 μέλλοντα
1712 1469 1719 1476 ·

226 1501 335 1542 inquit,
343 1502 449 1533 Filium
457 1502 586 1533 hominis
593 1501 738 1541 cruciﬁgi,
755 1501 901 1541 docetque
912 1504 1049 1541 oportere

227 1545 396 1586 passionem
424 1555 484 1577 non
506 1546 592 1577 aliter
616 1555 702 1586 quam
727 1554 781 1586 per
801 1554 918 1576 crucem
936 1544 1047 1584 peragi.

229 1589 305 1626 Quid
321 1599 391 1630 ergo
406 1590 462 1622 hac
475 1590 511 1621 de
526 1599 560 1622 re
575 1589 732 1621 dicemus?
747 1589 846 1621 Solius
861 1589 1049 1628 magniPanli

228 1638 273 1666 est
286 1634 316 1665 id
331 1634 495 1672 declarare,
511 1635 561 1674 qui
577 1634 608 1665 in
623 1633 754 1675 Epistola
768 1633 805 1664 ad
820 1633 965 1674 Ephesios
977 1632 1048 1664 abs-

229 1678 383 1711 conditum
399 1678 497 1710 crucis
513 1679 685 1719 mysterium
711 1687 747 1709 ex
771 1682 855 1718 parte
875 1678 982 1715 innuit,
1000 1677 1049 1708 di-

226 1732 318 1755 cens:
346 1723 382 1755 Ut
402 1724 526 1764 possitis
549 1722 802 1763 comprehendere
830 1730 898 1754 cum
912 1721 1049 1752 omnibus

226 1768 351 1805 sanctis,
366 1776 434 1808 qua
446 1769 486 1800 sit
500 1767 640 1806 latitudo,
653 1770 681 1799 et
692 1767 861 1807 longitudo,
877 1770 908 1797 et
920 1766 1050 1806 profun-

227 1813 320 1852 ditas,
337 1816 365 1843 et
392 1811 531 1850 altitudo,
556 1813 634 1844 scire
657 1812 750 1843 etiam
762 1819 852 1852 super
865 1812 1048 1842 eminentem

227 1856 407 1888 charitutem
421 1857 600 1897 cognitionis
615 1856 728 1888 Christi
740 1856 764 1888 ί.
777 1856 840 1887 Νοη
852 1856 931 1887 enim
941 1855 1050 1886 frustra

228 1900 347 1932 divinus
361 1901 413 1932 ille
428 1901 530 1932 oculus
545 1901 670 1940 ﬁguram
700 1901 776 1932 hanc
789 1904 915 1940 quatuor
931 1899 1048 1940 promi-

228 1944 340 1976 nentiis
368 1954 386 1976 a
421 1945 521 1977 media
552 1945 747 1976 commissura
767 1944 936 1975 distinctam
966 1943 1049 1974 desi-

230 1993 312 2030 gnat,
329 1992 362 2020 ut
386 1990 451 2028 ejus
473 1998 561 2030 quem
586 1989 636 2020 illa
658 1989 807 2028 signiﬁcat
833 1988 1048 2029 providentiam

229 2038 319 2074 atque
353 2033 517 2074 potentiam
546 2043 601 2075 per
634 2034 733 2065 omnia
768 2037 968 2074 permeantem
997 2032 1047 2062 in-

228 2078 337 2110 sinuet.
354 2077 415 2110 Hac
429 2079 468 2110 de
482 2087 572 2110 causa
585 2088 638 2110 suo
651 2087 801 2119 quamque
817 2077 1046 2118 prominentiam

1083 967 1200 996 ὲκείνων.
1237 971 1366 996 Toto-310v
1402 969 1463 1007 γόιρ⁷
1494 970 1569 1008 φησὶ,
1599 970 1629 997 τὸ
1654 969 1745 1009 κέρδος
1770 976 1823 1000 τοῦ
1854 974 1930 1011 πρά-

223 1024 339 1054 γματος,
363 1013 403 1042 ὃτι
418 1013 462 1042 καὶ
476 1012 517 1054 ἐφ’
531 1014 608 1052 ἡμῶν
624 1013 654 1041 τὸ
669 1013 717 1051 μὲν
732 1012 770 1046 πὴ
795 1011 878 1040 θέλειν
901 1012 1043 1041 ἀποθανεῖν
1058 1012 1144 1054 δεινόν
1166 1020 1172 1027 ·

1198 1012 1230 1040 τὸ
1241 1011 1268 1040 δὲ
1283 1012 1402 1050 ἑτοίμους
1417 1013 1487 1041 εἶναι
1502 1015 1567 1053 πρὸς
1579 1018 1656 1043 τοῦτο
1673 1016 1782 1054 ἀγαθόν.

1131 1050 1193 1086 Ὅσα
1209 1056 1299 1085 δὲκαὶ
1322 1059 1336 1086 ὁ
1362 1060 1471 1097 σταυρὸς
1497 1059 1651 1100 ἐμπεριέχει
1680 1062 1807 1098 νοήματα
1836 1061 1874 1090 δι’
1900 1065 1928 1090 οὗ

1087 1113 1115 1130 τε
1146 1101 1259 1131 λειοῦται
1287 1103 1318 1130 τὸ
1345 1108 1391 1132 τοῦ
1420 1103 1484 1143 ὑπὲρ
1514 1105 1589 1141 ἡμῶν
1613 1106 1710 1137 πάθους
1739 1110 1787 1134 τοῦ
1826 1109 1925 1145 Κυρίου

1089 1147 1242 1186 μυστήριον,
1273 1146 1311 1177 τίς
1342 1146 1372 1174 ἂν
1401 1146 1494 1184 ῥαδίως
1519 1151 1557 1185 τῷ
1582 1147 1654 1186 λογῳ
1681 1151 1923 1190 προσαφηνίσειες

1090 1190 1133 1223 Μὴ
1168 1190 1218 1228 γὰρ
1253 1189 1300 1218 οὐκ
1332 1189 1400 1223 ἦσαν
1444 1191 1529 1231 μυρίοι
1573 1193 1665 1231 τρόποι
1701 1187 1780 1232 πρὸς.
1807 1187 1921 1222 θάνατον

1090 1234 1224 1274 φέροντες,
1271 1233 1304 1261 δι’
1346 1236 1382 1262 ὧν
1425 1235 1457 1268 ἧν
1494 1235 1601 1264 δυνατὸν
1645 1236 1822 1276 πληρωθῆναι
1874 1240 1920 1271 τὴν

1088 1279 1152 1318 ὑπὲρ
1177 1279 1254 1316 ἡμῶν
1282 1282 1329 1307 τοῦ
1355 1280 1466 1307 θανάτου
1487 1281 1662 1321 οἰκονομίανς
1690 1281 1764 1310 Ἀλλ’
1789 1282 1823 1310 ἐκ
1849 1284 1917 1311 πάν-

1088 1334 1140 1352 των
1167 1324 1241 1354 οὗτος
1264 1323 1360 1363 ὡρίσθη
1386 1324 1448 1363 παρ’
1470 1325 1548 1354 αὖτοῦ
1569 1328 1614 1353 τοῦ
1639 1326 1724 1362 ἑαυτῷ
1747 1326 1810 1354 κατ’
1843 1326 1916 1360 ἐξου-

1087 1367 1144 1395 σίαν
1168 1368 1198 1395 τὸ
1226 1367 1307 1399 πάθος
1332 1368 1477 1406 ὁρίσαντος.
1503 1368 1567 1397 Οὐδὲ
1591 1370 1640 1408 γὰρ
1664 1370 1726 1398 εἷπε
1745 1381 1751 1387 ·
1778 1370 1850 1399 Τάδε
1876 1376 1916 1403 καὶ

1087 1410 1148 1440 τάδε
1183 1411 1299 1439 πείσεται
1335 1413 1349 1440 ὁ
1386 1414 1444 1444 Υἱὸς
1480 1417 1525 1441 τοῦ
1561 1413 1706 1453 ἀνθρώπου,
1745 1416 1783 1447 ὡς
1820 1416 1852 1444 ἄν
1878 1428 1914 1447 τις

1747 1458 1830 1495 ἀλλὰ⁷
1859 1465 1913 1495 Δί’,

1090 1500 1165 1539 φησὶ⁷
1200 1500 1245 1527 τὸν
1280 1501 1340 1527 Υἱὸν
1375 1504 1421 1528 τοῦ
1466 1501 1601 1540 ἀνθρώπου
1643 1505 1827 1542 σταυρωθῆναι
1872 1503 1915 1531 δο-

1090 1543 1223 1581 γματίζων
1237 1544 1267 1572 τὸ
1292 1545 1330 1581 μὴ
1355 1543 1411 1572 δεῖν
1433 1544 1519 1577 ἄλλως
1545 1546 1563 1579 ἢ
1586 1545 1627 1574 διὰ
1652 1551 1762 1587 σταυροῦ
1792 1548 1914 1587 γενέσθαι

1089 1588 1120 1615 τὸ
1147 1587 1241 1619 πάθος.
1270 1588 1315 1620 Τὶς
1342 1589 1386 1617 οὖν
1414 1590 1472 1629 περὶ
1506 1591 1599 1619 τούτου
1624 1590 1729 1631 iram;
1756 1593 1848 1620 Μόνον
1873 1596 1913 1620 τοῦ

1091 1631 1207 1670 μεγάλου
1235 1632 1337 1676 Παύλου
1367 1633 1421 1662 ἐστὶ
1446 1626 1615 1674 διασαφῆσαι.
1644 1626 1685 1667 (ὃς
1713 1626 1739 1664 ὲιν
1772 1637 1850 1676 μέρει
1876 1635 1913 1663 διὰ

1089 1677 1142 1704 τῶν
1169 1677 1234 1716 πρὸς
1270 1675 1405 1717 Ἐφεσίους
1433 1678 1521 1717 λόγων
1549 1680 1595 1707 τὸν
1623 1681 1735 1720 κρυπτὸν
1772 1675 1823 1711 τοῦ
1858 1681 1910 1720 περῖ

1088 1726 1136 1750 τοῦ
1167 1726 1277 1762 σταυροῦ
1311 1724 1452 1762 μυστηρίου
1486 1723 1638 1762 ὑπῃνίξατο,
1674 1724 1759 1764 λέγων
1775 1733 1782 1740 ·
1818 1738 1831 1753 α
1866 1717 1910 1754 ’ἱνα

1089 1764 1246 1806 ἐξισχύσητε
1281 1766 1473 1796 καταλαϐέσθαι
1508 1768 1552 1796 σὺν
1589 1771 1653 1796 πᾶσι
1689 1776 1748 1801 τοῖς
1776 1770 1863 1809 ἆγίιηις
1887 1779 1906 1795 τί

1089 1811 1119 1838 τὸ
1151 1810 1275 1848 πλάτος⁹
1311 1812 1354 1839 καὶ
1387 1815 1474 1850 μῆκος
1492 1837 1499 1849 ,
1535 1813 1579 1840 καὶ
1610 1813 1689 1850 βάθος
1706 1838 1714 1851 ,
1741 1815 1786 1842 καὶ
1822 1815 1907 1852 ἲψος,

1089 1854 1187 1893 γνῶναί
1249 1865 1278 1884 τε
1332 1857 1382 1890 τὴν
1435 1855 1646 1897 ὑπερϐάλλουσαν
1702 1859 1810 1897 ἀγάπην
1863 1860 1906 1890 τῆς

1090 1898 1212 1937 γνώσεως
1247 1905 1293 1929 τοῦ
1328 1904 1450 1940 Χριστοῦ.
1492 1913 1504 1929 ι
1540 1902 1576 1930 οὗ
1606 1903 1656 1942 γὰρ
1682 1903 1769 1942 ἀργῶς
1800 1906 1814 1932 ὁ
1842 1906 1905 1932 θεῒοξ

1091 1943 1192 1988 εκεῖνος
1227 1944 1360 1984 ὀφθαλμὸς
1395 1947 1426 1974 τὸ
1461 1949 1557 1986 σχῆμα
1589 1951 1668 1976 τοῦτο
1696 1947 1820 1988 τέσσαρσι
1845 1958 1904 1987 προ·

1091 1987 1184 2020 ϐολαῖς
1219 1989 1271 2017 ἀπὸ
1306 1992 1354 2023 τῆς
1389 1990 1416 2018 ἐν
1450 1991 1523 2028 μέσῳ
1557 1989 1692 2029 συμϐολῆς
1729 1987 1903 2032 μεριζόμενον,

1089 2032 1138 2066 τὴν
1171 2032 1212 2060 διὰ
1246 2033 1351 2062 πάντων
1387 2035 1503 2069 ἥκουσαν
1537 2039 1582 2064 τοῦ
1617 2035 1643 2063 ἐν
1680 2037 1750 2074 αὒτῷ
1787 2037 1903 2077 φα-έντος

1092 2075 1257 2114 διασημαίνει
1294 2078 1417 2118 πρόνοιάν
1451 2089 1480 2107 τε
1514 2081 1557 2107 καὶ
1584 2079 1692 2117 δύναμιν
1709 2089 1717 2096 ·
1749 2075 1799 2109 καὶ·
1822 2081 1902 2109 ’θύτου

1332 1857 1382 1890 τὴν

227 2123 371 2155 vocabulo
394 2124 532 2164 appellat.
557 2123 794 2155 Profunditatem
820 2123 965 2160 nominat,
981 2131 1046 2162 quae

1096 2121 1170 2161 χάριν
1206 2121 1319 2155 ἑκάστην
1364 2121 1497 2162 προϐολὴν
1542 2123 1698 2159 ὶδιαζούσαις
1739 2125 1900 2163 κατονιμάζεε

227 2177 245 2200 a
259 2168 360 2199 medio
371 2167 529 2204 deorsum;
542 2168 744 2206 altitudinem,
757 2176 821 2208 quae
836 2176 951 2198 sursum
965 2166 1048 2203 ;|ati-

228 2212 362 2244 tudinem
388 2216 418 2243 et
441 2212 668 2252 longitudinem,
694 2220 760 2252 quae
783 2221 818 2242 ex
841 2215 1010 2242 transverso
1031 2221 1049 2241 a

229 2256 426 2288 commissura
435 2256 575 2297 utrinque
590 2256 789 2297 protenditur.
807 2256 871 2293 Quo
887 2255 960 2287 illud
978 2255 1053 2286 mihi

228 2301 385 2342 perspicue
394 2301 512 2332 videtur
523 2301 667 2339 indicare,
681 2301 756 2332 nihil
767 2310 844 2338 esse,
859 2300 937 2341 quod
952 2299 1051 2331 divina

226 2345 254 2376 vi
269 2349 359 2387 atque
372 2349 477 2377 natura
499 2355 558 2376 non
585 2345 772 2377 contineatur
797 2344 919 2376 omnino
935 2349 964 2376 et
979 2354 1050 2375 con-

228 2394 377 2428 servetur,
399 2389 462 2421 sive
481 2389 513 2420 in
535 2389 622 2428 caelo,
646 2390 708 2421 sive
729 2389 783 2420 sub
808 2389 895 2426 coelo,
916 2388 978 2420 sive
993 2388 1048 2420 sub

227 2437 308 2466 terra
321 2434 372 2475 sit,
387 2434 448 2466 sive
461 2433 498 2466 ad
514 2434 659 2466 terminos
683 2434 787 2467 mundi
800 2433 932 2475 undique
948 2442 986 2465 ex
999 2433 1049 2465 ad-

226 2487 312 2511 verso
327 2478 535 2520 protendatur.

268 2568 328 2600 Per
340 2567 526 2599 altitudinem
537 2567 616 2599 enim
626 2567 775 2609 signiﬁcat
783 2576 903 2608 supera,
918 2575 971 2608 per
980 2575 1049 2608 pro-

227 2611 402 2644 funditatem
418 2611 525 2654 infera,
551 2621 606 2654 per
628 2612 845 2652 longitudinem
871 2616 900 2643 et
914 2611 1046 2642 latitudi-

227 2666 297 2689 nem
312 2657 457 2689 terminos
471 2667 525 2689 seu
538 2657 677 2698 regiones
696 2656 900 2701 intermedias,
916 2665 981 2697 quea
995 2655 1048 2686 iti—

226 2701 296 2734 dem
319 2701 356 2734 ab
381 2702 516 2734 omnium
540 2711 641 2734 rerum
663 2702 880 2734 conservatrice
904 2704 1049 2742 potestate

226 2747 428 2780 continentur.
445 2747 523 2786 Quin
532 2748 621 2780 etiam
635 2757 672 2780 ex
685 2747 795 2780 nostris
809 2747 847 2779 de
860 2746 922 2779 Deo
937 2745 1049 2786 cogita-

263 2832 276 2855 ί
291 2831 406 2873 Eph“.
423 2841 467 2873 ut,
483 2833 533 2872 i8,
551 2832 603 2866 i9.

1091 2172 1204 2205 φωναῖς,
1235 2166 1312 2204 βάθος
1341 2166 1426 2207 λέγων
1459 2169 1491 2196 τὸ
1520 2168 1549 2196 ἐκ
1576 2172 1621 2196 τοῦ
1651 2169 1731 2206 μέσου
1757 2170 1842 2202 κάτα,
1866 2167 1900 2195 καὶ

1087 2209 1153 2247 ὅψος
1168 2211 1198 2238 τὸ
1221 2211 1406 2250 ὑπερκείμενον
1423 2220 1430 2228 '
1461 2211 1561 2244 πλάτος
1590 2211 1617 2240 δὲ
1645 2214 1688 2241 καὶ
1717 2216 1806 2251 μῆκος
1838 2214 1858 2240 :‘o
1878 2212 1900 2238 ἐκ

1091 2254 1203 2294 πλαγίου
1231 2256 1452 2296 παρατεινόμενον
1483 2257 1548 2294 μετὰ
1577 2257 1626 2291 τὴν
1654 2256 1791 2296 συμϐολὴν
1818 2255 1898 2286 ita-.5-

1091 2300 1182 2337 ρωθεν,
1218 2302 1304 2337 μῆκος
1340 2304 1546 2340 προσαγορεῦσαι
1573 2310 1580 2317 ⁸
1615 2300 1648 2329 δι’
1683 2304 1720 2330 ὧν
1754 2308 1822 2332 tofm
1862 2310 1898 2337 μω

1091 2342 1166 2371 δοκεῖ
1193 2345 1282 2383 σαφῶς
1311 2343 1492 2383 διασημαίνειν
1520 2349 1558 2382 τῷ
1582 2345 1665 2384 λόγῳ,
1694 2345 1733 2375 ὅτι
1759 2346 1821 2375 οωέν
1852 2345 1896 2372 ἐστι

1090 2388 1143 2416 τῶν
1168 2387 1262 2424 ὄντων,
1287 2389 1300 2416 ὃ
1321 2389 1359 2427 μὴ
1384 2392 1418 2427 τῇ
1441 2390 1496 2426 θείᾳ
1519 2390 1592 2430 φύσει
1620 2391 1725 2422 πάντως
1757 2390 1820 2430 διακε
1838 2394 1895 2417 ιτεῖ-

1091 2433 1160 2472 σθαι,
1198 2433 1228 2460 τὸ
1263 2433 1456 2473 ὑπερουράνιον,
1504 2435 1534 2462 τὸ
1580 2435 1746 2474 ὑπουράνιον,
1785 2437 1813 2464 τὸ
1844 2434 1894 2460 ὑπο·

1090 2477 1209 2516 χθόνιον,
1236 2478 1266 2505 τὸ
1289 2477 1332 2506 ἐπὶ
1355 2478 1388 2506 τὰ
1415 2478 1516 2517 πέρατα
1543 2479 1595 2507 τῶν
1625 2478 1706 2507 ὄντων
1734 2480 1817 2509 πάντο
1838 2489 1854 2506 ;ν
1873 2476 1894 2503 ἐκ

1089 2520 1202 2560 πλαγίου
1215 2522 1448 2561 παρατεινόμενον.

1130 2566 1258 2603 Σημαίνει
1284 2567 1333 2607 γὰρ
1359 2566 1400 2595 διὰ
1424 2567 1473 2604 μὲν
1511 2571 1557 2596 τοῦ
1594 2567 1676 2606 ὕψους
1702 2569 1733 2597 τὸ
1761 2569 1816 2608 iure;
1839 2567 1891 2602 sipi—

1089 2621 1144 2648 νον²
1161 2609 1203 2638 διὰ
1229 2609 1256 2639 δὲ
1271 2615 1316 2640 τοῦ
1339 2612 1432 2649 βάθους
1456 2613 1487 2640 τὸ
1510 2612 1680 2652 ὑποχθόνιον,
1710 2616 1749 2650 τῷ
1776 2614 1812 2651 μή
1840 2623 1846 2638 ι

1087 2656 1132 2684 καὶ
1159 2654 1253 2683 πλὰτει
1287 2656 1319 2684 τὰ
1347 2655 1387 2684 διὰ
1415 2655 1494 2694 μέσου
1523 2656 1622 2696 πέρατα
1727 2660 1778 2691 τῆς
1800 2669 1813 2685 τ
1850 2656 1888 2682 πᾶν

1089 2699 1278 2740 διακρατούσης
1312 2690 1445 2738 δυνάμεως
1475 2690 1657 2742 κατείόμενα,
1695 2690 1780 2730 "Euroo
1812 2717 1813 2723 η
1857 2698 1888 2726 ἀἶ

1088 2745 1130 2774 διὰ
1155 2746 1207 2773 τῶν
1233 2744 1260 2773 ἐν
1285 2748 1362 2786 ψυχῇ
1384 2746 1530 2785 γινομένων
1544 2741 1581 2774 γὲν
1607 2749 1641 2784 τῇ
1663 2747 1721 2786 περὶ
1745 2750 1810 2777 Θεοῦ
1838 2741 1886 2775 ινοὲ
