1950 3083
80 130 174 163 1265

835 132 1050 165 ORATIONES

1709 129 1787 166 1266

74 197 97 230 ἡ
143 200 201 225 τῶν
235 197 384 237 λεγομένων
419 197 560 231 ἀπόδειξις.
598 197 762 237 Ἀναϐλέψας
796 199 844 237 γὰρ

1015 197 1092 228 libus
1106 197 1188 229 idem
1203 197 1322 238 planum
1337 196 1380 228 ﬁt.
1399 196 1526 238 Suspice
1540 196 1611 228 enin
1619 197 1650 228 in
1659 196 1785 236 coelum,

76 243 132 269 τὸν
163 243 275 282 αὖρανὸν
302 244 345 271 καὶ
373 243 405 271 τὰ
429 243 501 272 κάτω
524 244 592 281 βάθη
621 247 658 280 τῷ
685 243 806 282 λογισμῷ
834 253 919 271 κατα-

75 286 203 319 νόησον.
234 278 365 315 ἸΕκτεινον
395 287 437 315 ἐπὶ
465 288 497 315 τὰ
527 287 626 326 πλάγια
651 289 693 316 καὶ
719 288 752 315 τὰ
777 287 842 326 ἄκρα
870 290 919 320 τῆς

77 335 135 360 τοῦ
174 332 273 363 παντὸς
310 332 458 364 συστάσεως
494 331 620 368 διάνοιαν,
664 333 708 360 καὶ
742 332 846 371 λόγισαι
881 334 919 364 τίς

78 376 100 409 ἡ
144 381 231 405 ταὺτα
265 376 410 416 συνέχουσα
445 376 564 416 δύναμις,
608 379 666 406 οἷον
704 378 743 408 τίς
778 375 918 414 σύνδεσμος

78 425 137 449 τοῦ
172 422 271 452 παντὸς
300 421 451 461 γινομένης
489 423 532 450 καὶ
557 421 617 458 ὄψει
645 423 680 453 ὡς
711 422 864 459 αὗτομάτως
893 421 920 449 ἐν

79 467 122 502 τῇ
139 463 244 501 διανοίᾳ
273 476 319 493 σου
342 466 371 493 τὸ
396 468 491 504 σχῆμα
515 469 559 494 τοῦ
582 469 692 505 Χριστοῦ
714 466 916 505 ἐγχαράττεται,

81 508 118 536 ἐκ
148 512 203 537 τῶν
232 509 336 546 ὐψελῶν
365 509 406 537 ἐπὶ
431 510 463 538 τὰ
492 510 633 549 βαθύτατα,
663 511 706 538 καὶ
736 509 777 538 ἐπὶ
805 510 837 538 τὲ
866 509 918 538 πέ-

82 563 159 592 ρατα
195 556 246 581 τῶν
281 553 366 592 ἄκρων
402 554 544 593 ἐγκαρσίως
573 554 805 594 παρατεινόμενον.
835 557 917 583 Τοῦτο

81 599 119 626 τὸ
136 600 237 637 σχῆμα
250 598 293 626 καὶ
308 600 321 626 ὁ
336 600 407 630 θεῖος
425 598 509 628 Δαυιδ
531 598 658 637 ἐξύμνησε
686 598 769 638 λέγων
787 607 794 613 ·
825 608 837 625 α
864 602 917 627 Ποῦ

83 644 214 681 πορευθῶ
249 642 300 670 ἀπὸ
336 648 381 672 τοῦ
421 643 570 681 πνεύματός
612 654 670 683 σου,
706 644 748 671 καὶ
785 643 838 671 ἀπὸ
873 647 917 672 τοῦ

81 687 236 726 προσώπου
271 697 316 715 σου
352 691 402 716 ποῦ
438 688 536 727 φύγω;
580 686 642 716 Ἐὰν
677 686 765 716 ὰναϐὤ
801 689 836 719 εἰς
872 688 916 715 τὸν

84 731 205 770 οὐρανὸν
232 743 246 758 ιι
274 734 362 761 (τοῦτο
386 732 416 759 τὸ
440 732 529 771 ὕψος).
561 741 576 761 (
601 732 643 760 ἐὰν
671 730 778 760 καταϐῶ
806 733 842 764 εἰς
871 732 916 759 τὸν

85 773 161 810 ᾅδην
181 787 192 802 n
214 778 297 808 (τοῦτο
311 777 341 804 τὸ
366 776 468 816 βάθος),
496 787 510 806 ‹
538 776 581 805 ἐὰν
605 775 763 814 ἀναλάϐοιμι
789 777 835 808 τὰς
849 775 915 804 πτέ-

86 819 177 858 ρυγάς
193 831 242 857 μου
257 819 316 848 κατ’
345 819 445 860 ὄρθρον,
474 831 485 849 ι
515 820 529 848 ὅ
552 821 621 850 ἐστιν
645 822 661 854 ἡ
685 824 731 848 τοῦ
750 820 824 854 ἡλίου
848 820 915 848 ἀνα-

962 246 992 273 et
1005 242 1171 282 subjectum
1187 242 1214 273 ei
1231 241 1462 282 profunditatem
1474 241 1646 279 considera;
1660 241 1786 273 intende

961 287 1093 317 animum
1109 286 1145 317 ad
1161 286 1282 327 obliqua
1295 290 1325 317 et
1339 290 1472 317 extremo
1492 286 1583 326 hujus
1596 285 1739 327 universi,
1757 290 1786 318 et

959 330 1066 370 cogita,
1085 340 1150 371 quae
1165 331 1208 361 vis
1222 331 1285 362 hac
1296 330 1455 367 contineat,
1471 339 1536 371 quae
1548 330 1651 361 mundi
1661 330 1700 361 sit
1710 339 1785 361 con-

957 375 1073 416 junctio
1089 384 1095 406 :
1110 384 1144 405 ac
1155 375 1269 406 videbis
1282 374 1374 406 menti
1390 378 1447 406 tuae
1471 373 1581 406 Christi
1596 374 1720 414 ﬁguram
1735 374 1784 405 ul-

962 424 1005 450 tro
1022 419 1153 460 imprimi
1170 429 1178 457 ;
1209 419 1245 450 ah
1262 418 1388 450 excelsis
1402 419 1438 450 ad
1453 418 1682 458 profundissima
1696 423 1784 460 atque

960 464 995 494 ad
1013 468 1162 494 extremos
1175 463 1249 494 ﬁnes
1262 463 1382 504 oblique
1393 463 1604 504 pertinentem.
1618 463 1700 494 Hanc
1713 464 1786 504 ﬁgu-

959 517 1022 539 ram
1037 508 1154 539 divinus
1171 508 1261 539 etiam
1277 507 1367 540 David
1383 507 1503 548 cecinit,
1521 507 1626 538 dicens
1641 516 1648 539 :
1662 508 1724 545 Quo
1736 508 1784 540 ibo

959 562 977 584 a
992 554 1102 592 spiritu
1118 556 1170 583 tuo
1185 556 1214 583 et
1227 561 1246 583 α
1260 552 1342 591 facie
1358 555 1411 584 tua
1434 561 1494 592 quo
1508 552 1626 593 fugiam
1643 551 1657 583 .9
1684 553 1719 585 Si
1732 561 1784 584 as-

957 597 1083 628 cendere
1099 597 1132 627 in
1147 596 1255 628 calum
1274 596 1348 636 (haec
1364 596 1783 636 estaltitudo),sidescendero

957 644 989 671 in
1010 641 1166 680 infernum
1197 641 1272 680 (haec
1301 645 1346 672 est
1360 641 1566 681 profunditas),
1588 644 1616 672 si
1628 650 1786 682 sumpsero

954 694 1071 726 pennas
1085 694 1166 716 meas
1180 685 1318 725 diticulo,
1347 685 1425 726 quod
1454 689 1498 716 est
1522 684 1629 717 Oriens
1645 685 1719 725 (haec
1735 689 1781 717 est

958 730 1088 769 latitudo)
1103 735 1132 761 et
1148 731 1324 761 habitavere
1340 731 1373 761 in
1387 731 1534 761 extremis
1548 733 1643 762 maris
1658 729 1685 772 ἒ,
1701 730 1786 763 Occi-

957 775 1046 805 dente
1060 774 1199 806 videlicet
1215 775 1290 814 (haec
1305 774 1536 814 estlongitudo).
1546 773 1623 805 Ecce
1634 775 1784 815 quomodo

957 818 1057 850 verbis
1072 819 1131 849 illis
1145 819 1280 859 depingit
1294 819 1418 857 ﬁguram
1434 818 1542 850 crucis.
1559 818 1604 849 Tu
1613 827 1656 857 es,
1675 819 1783 860 inquit,

87 863 160 899 τολῆ
178 868 264 900 (τοῦτο
278 865 308 892 τὸ
336 859 462 904 πλάτος),
495 877 508 892 α
537 866 585 894 Καὶ
614 865 813 898 κατασκηνώσω
837 865 857 892 εἶ

1027 867 1159 894 extrema
1174 863 1303 894 universi
1320 872 1440 903 semper
1452 862 1553 894 animo
1564 859 1782 904 complecteris;

88 907 200 948 ἔσχατα
224 912 273 942 τῆς
301 908 449 948 θαλάσσης.
467 921 481 937 ι)
509 910 555 941 τὰς
584 909 682 947 δυσμὰς
709 909 792 941 οὕτως
817 909 919 947 ὀνομά-

87 946 146 988 ζων
177 953 266 991 (τοῦτο
295 955 405 991 μῆκος),
438 946 498 994 Γὸρα
521 957 578 985 πῶς
594 946 728 994 ζωγραφεῖ
740 954 770 982 τὸ
783 956 828 981 τοῦ
843 946 920 981 σταυ-

88 1000 139 1036 ροῦ
153 999 250 1037 σχῆμα
264 996 305 1025 διὰ
327 1000 379 1026 τῶν
408 997 570 1037 λεγομένων,
596 999 631 1026 Σὺ
657 999 696 1038 εἶ,
721 999 811 1038 φησὶν,
838 999 852 1025 ὁ
877 996 918 1025 διὰ

87 1042 193 1072 παντὸς
228 1041 255 1069 ἐν
290 1045 391 1079 σεαυτῷ
426 1041 610 1080 διαλαμϐάνων
644 1043 675 1070 τὰ
711 1042 823 1082 πέρατα.
868 1042 917 1070 Διὰ

87 1089 171 1114 τοῦτο
185 1087 228 1114 καὶ
243 1087 257 1114 ὁ
271 1086 354 1125 πέγας
371 1085 543 1124 ’Λπόστολος,
574 1086 636 1115 ὅταν
659 1087 786 1127 πληρωθῇ
799 1087 831 1115 τὰ
845 1087 916 1115 πάν-

88 1141 125 1158 τα
150 1133 200 1164 τῆς
230 1132 342 1162 πίστεως
367 1132 411 1158 καὶ
434 1134 483 1164 τῆς
510 1131 688 1171 ἐπιγνώσεως,
715 1132 916 1171 προσκυνεῖσθαι

90 1174 181 1213 λέγων
205 1176 235 1203 τὸ
261 1175 324 1214 ὑπὲρ
348 1178 399 1203 πᾶν
423 1174 506 1213 ὄνομα
534 1176 584 1204 ὑπὸ
606 1179 658 1204 τῶν
680 1176 851 1215 ἐπουρανίων,
873 1175 917 1202 καὶ

92 1219 231 1258 ἐπιγείων,
267 1220 310 1247 καὶ
345 1221 538 1260 καταχθονίων,
575 1221 642 1248 κατὰ
676 1222 707 1249 τὸ
742 1222 838 1260 σχῆμα
871 1221 918 1247 τοῦ

93 1267 219 1302 σταυροῦ,
255 1265 364 1302 μερίζων
400 1263 441 1292 διὰ
467 1265 565 1292 τούτων
592 1265 640 1298 τὴν
670 1265 845 1304 προσκύνησιν
870 1266 934 1291 τοῦ-

94 1311 220 1347 Χριστοῦ,
237 1309 273 1337 Τὰ
289 1308 336 1345 μὲν
361 1309 409 1348 γὰρ
433 1309 572 1348 ἐπουράνια
597 1313 634 1346 τῷ
660 1309 715 1337 ἅνω
738 1312 783 1337 τοῦ
806 1314 916 1347 σταυροῦ

93 1352 168 1391 μέρει
189 1352 343 1392 ἀποπληροῖ
362 1357 401 1390 τῷ
424 1354 544 1391 Δεσπότῃ
567 1353 615 1387 τὴν
644 1354 819 1393 προσκύνησιν
844 1362 850 1369 ·
883 1354 915 1381 τὰ

92 1395 121 1424 δὲ
138 1396 240 1435 ἐπίγεια
256 1397 282 1425 ἐν
297 1400 335 1434 τῷ
348 1396 431 1437 μέσῳ,
453 1398 485 1425 τὰ
509 1397 531 1425 δ’
555 1398 700 1437 ὑποχθόνια
721 1398 748 1426 ἐν
771 1401 809 1434 τῷ
829 1397 912 1428 κάτω,

961 907 1146 948 Quapropter
1170 908 1258 938 etiam
1282 907 1440 948 Apostolus
1463 907 1561 945 docet,
1587 916 1654 938 cum
1668 907 1784 948 repleta

960 952 1177 983 fuerintomnia
1186 952 1244 983 ﬁde
1256 955 1284 983 et
1296 951 1465 990 cognitione
1480 960 1488 990 ;
1503 960 1625 992 nomen,
1642 952 1722 992 quod
1739 956 1785 984 est

959 1006 1049 1037 super
1064 1005 1153 1027 omne
1166 1005 1286 1033 nomen,
1317 996 1471 1028 adoratum
1495 996 1533 1026 iri
1557 1005 1575 1027 a
1601 996 1783 1033 coelestibus,

960 1041 1161 1078 terrestribus,
1191 1044 1221 1072 et
1247 1041 1385 1079 infernis,
1416 1039 1589 1071 adoratione
1610 1040 1721 1072 Christi
1745 1040 1783 1072 ad

958 1085 1053 1116 crucis
1068 1085 1193 1116 formam
1209 1085 1358 1117 distincta.
1382 1084 1520 1116 C(elestia
1544 1084 1625 1116 enim
1642 1084 1673 1115 in
1689 1093 1782 1126 supe-

958 1130 1037 1161 riore
1050 1132 1146 1160 crucis
1158 1134 1240 1170 parte
1250 1129 1410 1160 Dominum
1423 1129 1557 1167 adorant,
1584 1129 1737 1160 terrestria
1751 1129 1782 1160 in

958 1175 1068 1212 media,
1086 1174 1242 1204 infernain
1256 1174 1412 1206 inferiore.
1425 1172 1491 1204 Non
1507 1182 1578 1212 ergo
1590 1176 1700 1204 terram
1715 1182 1782 1204 mo-

957 1219 1062 1249 riendo
1077 1218 1179 1256 subiit,
1197 1219 1246 1249 sed
1264 1218 1295 1249 in
1315 1227 1417 1250 aerem
1432 1217 1567 1248 ascendit
1581 1226 1635 1259 per
1649 1227 1781 1257 crucem,

957 1268 991 1294 ut
1005 1263 1076 1293 inde
1090 1272 1209 1303 quoque
1225 1263 1391 1303 principem
1408 1261 1560 1302 potestatis
1575 1271 1671 1294 aereae
1681 1272 1781 1304 perse-

957 1310 1108 1348 queretur,
1124 1311 1153 1338 et
1168 1307 1348 1347 proﬁigaret.
1360 1306 1477 1338 Etenim
1493 1315 1561 1337 cum
1577 1306 1607 1337 in
1623 1316 1711 1338 cruce
1725 1316 1781 1348 pe-

956 1352 1070 1392 pendit,
1085 1361 1187 1382 aerem
1212 1350 1384 1382 extensione
1400 1359 1540 1382 manuum
1558 1351 1702 1391 purgavit,
1717 1356 1781 1384 ter-

955 1405 1019 1427 ram
1034 1396 1179 1436 sanguine
1194 1400 1224 1427 et
1237 1405 1312 1436 aqua
1327 1404 1362 1426 ex
1377 1395 1469 1426 latere
1485 1395 1570 1426 fusis.

93 1443 149 1470 Οὒκ
180 1442 216 1473 εἷς
244 1445 294 1480 γῆν
320 1442 363 1471 οὖν
389 1443 527 1482 ἀπέθανεν,
559 1443 618 1471 ἀλλ’
648 1444 683 1475 εἰς
708 1444 753 1472 τὸν
778 1443 841 1482 ἀέρα
861 1441 942 1476 ἀνέϐη
963 1442 1005 1470 διὰ
1037 1445 1082 1470 τοῦ
1118 1445 1239 1482 σταυροῦ,
1272 1441 1319 1470 ἵνα
1353 1441 1475 1470 κάκεῖθεν
1510 1441 1555 1469 τὸν
1589 1440 1707 1481 ἄρχοντα
1733 1444 1783 1476 τῆς

92 1485 209 1518 ἐξουσίας
238 1492 284 1516 τοῦ
311 1487 385 1526 ἀέρος
415 1488 547 1526 ἁποδιώξῃ
566 1496 573 1503 ⁸
603 1489 646 1516 καὶ
675 1489 724 1528 γὰρ
751 1488 916 1527 κρεμάμενος
936 1488 978 1516 ἐπὶ
1004 1490 1050 1516 τοῦ
1073 1490 1184 1526 σταυροῦ
1214 1487 1259 1515 τὸν
1286 1486 1334 1525 μὲν
1360 1486 1423 1526 ἀέρα
1453 1488 1487 1523 τῇ
1518 1485 1621 1514 ἐκτάσει
1643 1488 1695 1514 τῶν
1719 1497 1783 1526 χει-

94 1532 147 1568 ρῶν
163 1531 323 1572 ἀπεκάθηρε,
339 1533 388 1566 την
411 1531 439 1560 δέ
460 1535 511 1572 γῆν
537 1536 574 1570 τῷ
598 1532 627 1560 ἐκ
652 1532 764 1572 πλευρᾶς
781 1532 875 1570 αἵματι
891 1543 919 1561 τε
942 1533 985 1560 καὶ
999 1530 1083 1562 ὕδατι.

140 1572 213 1602 Ἀλλ’
241 1575 341 1613 ἴδωμεν
369 1578 412 1604 καὶ
441 1577 508 1605 κατὰ
535 1576 602 1609 λέξιν
631 1577 663 1604 τὰ
690 1576 848 1616 εὖαγγελικὰ

1012 1575 1057 1606 Sed
1093 1575 1246 1606 videamus
1282 1574 1370 1605 etiam
1393 1575 1431 1606 ad
1459 1573 1583 1605 verbum
1613 1573 1782 1614 evangelica

95 1630 167 1656 ματα
185 1630 192 1637 ·
212 1631 225 1646 α
244 1620 277 1648 Ei
291 1631 331 1652 τις
357 1621 424 1649 θέλει
449 1622 533 1649 ὀπίσω
559 1633 609 1658 μου
633 1621 730 1650 ἐλθεῖν.
744 1614 767 1649 ἰ’
785 1614 865 1661 "Opem

1014 1623 1038 1649 ta
1050 1628 1056 1650 :
1070 1618 1106 1650 Si
1119 1620 1187 1659 quis
1203 1620 1270 1649 vult
1278 1619 1384 1650 venire
1391 1619 1545 1658 postmeﬁ,
1556 1617 1632 1649 Vide
1642 1618 1784 1658 quemad-

95 1664 328 1702 ἀκατανάκριαστον
357 1666 401 1692 τὸν
431 1665 509 1704 λόγον
538 1672 622 1694 ποιεῖ.
657 1664 721 1694 Οὗδὲ
750 1666 799 1705 γὰρ
828 1666 865 1694 εῖτ

1012 1663 1080 1693 dum
1093 1663 1241 1694 neminem
1249 1667 1343 1702 cogat.
1355 1662 1458 1703 Neque
1470 1663 1550 1694 enim
1563 1662 1653 1694 dixit:
1666 1661 1782 1700 Velitis,

96 1707 138 1734 ὅτι
155 1707 206 1736 Κᾶν
230 1707 368 1748 βούλησθε,
395 1708 443 1736 κᾶν
468 1709 506 1746 μὴ
531 1709 671 1749 βούλησθε,
697 1708 738 1737 δεῖ
761 1713 838 1738 τοῦτο
862 1722 866 1728 ι

1013 1707 1073 1743 itis,
1091 1711 1208 1746 oportet
1221 1717 1274 1738 vos
1301 1707 1358 1737 hoc
1379 1707 1459 1747 pati:
1486 1707 1539 1738 sed
1564 1707 1738 1747 quomodo?
1753 1706 1783 1739 Si

98 1753 155 1779 θεῖν
169 1752 235 1789 ὑμᾶς
252 1761 259 1768 ·
277 1752 344 1780 ἀλλὰ
359 1756 415 1785 πῶς
433 1763 441 1793 ;
465 1752 498 1781 Εἴ
512 1764 551 1784 τις
566 1753 646 1792 θέλει,
663 1755 700 1785 ὡς
716 1753 745 1781 ἂν
758 1754 779 1781 εἰ
795 1753 868 1792 ἔλεγε

1013 1760 1027 1781 s
1041 1751 1101 1781 vult
1119 1761 1127 1789 ;
1146 1751 1232 1791 quasi
1254 1751 1393 1781 diceret:
1419 1750 1484 1782 Non
1509 1751 1568 1782 vim
1592 1751 1696 1788 affero,
1723 1759 1782 1782 non

101 1797 137 1824 0-5
151 1796 286 1834 βιάζομαι,
302 1798 348 1825 οὐκ
373 1797 523 1836 ἀναγκάζω,
550 1796 609 1824 ἀλλ’
625 1797 734 1826 ἕκαστον
748 1798 835 1837 κύριον
850 1809 870 1825 π

1013 1805 1044 1834 νο,
1060 1796 1112 1826 sed
1128 1804 1213 1826 suum
1237 1796 1344 1835 cuique
1370 1794 1527 1826 consilium
1542 1796 1783 1835 voluntatemque

100 1842 147 1873 τῆς
163 1841 254 1869 ἐαυτοῦ
268 1842 456 1881 προαιρέσεως.
482 1843 527 1870 Διὸ
549 1843 592 1871 καὶ
616 1853 694 1882 φησιν
713 1853 719 1860 ·
738 1853 751 1870 ιι
771 1842 804 1871 Εἴ
819 1853 858 1874 τις

1013 1850 1083 1871 aram
1099 1839 1246 1879 relinquo.
1263 1838 1356 1875 Quam
1371 1838 1459 1870 etiam
1470 1839 1507 1870 oh
1519 1848 1583 1870 rem
1595 1839 1657 1871 ait:
1670 1839 1783 1880 Siquis

101 1884 150 1915 λει.
168 1896 179 1912 ι)
200 1887 248 1913 Επὶ
263 1887 311 1925 γὰρ
327 1887 410 1925 ἀγαθὰ
425 1886 510 1926 καλῶ,
528 1889 575 1916 οὐκ
589 1886 634 1914 ἐπέ
649 1886 734 1926 φαῦλα
747 1887 790 1914 καὶ
799 1885 916 1926 ἐπαχθῆ·

103 1929 148 1956 οὒκ
174 1929 215 1957 ἐπὶ
247 1930 354 1959 κόλασιν
390 1932 432 1959 καὶ
458 1932 594 1971 τιμωρίαν,
623 1931 668 1959 ἵνα
697 1932 740 1959 καὶ
767 1931 917 1969 ἀναγκάζω.

105 1975 150 2002 Καὶ
175 1975 223 2014 γὰρ
246 1975 310 2008 αὕτη
340 1978 385 2003 τοῦ
409 1976 564 2015 πράγματος
586 1977 602 2009 ἦ
627 1975 702 2015 φύσις
728 1976 810 2003 ἱκανὼ
838 1974 918 2014 ἐφελ-

101 2019 232 2050 κύσασοαι,
278 2025 363 2050 Ταῦτα
407 2019 435 2048 δὲ
471 2020 556 2059 λέγων
599 2020 741 2048 ἐπισπᾶται
776 2019 915 2057 μειζόνως.

105 2059 131 2094 Ὀ
155 2065 200 2102 μὲν
229 2065 278 2103 γὰρ
306 2065 459 2102 βιαζὸμενος
486 2064 626 2102 ἀποτρέπει
649 2063 790 2101 πολλάκις,
816 2063 859 2096 0’5:
886 2063 917 2092 ἃν

102 2110 218 2147 βιάζηται
243 2117 249 2123 “
281 2111 295 2137 ὁ
318 2108 344 2136 δὲ
368 2109 440 2149 ἀφεὶς
467 2108 555 2147 κύριον
582 2109 627 2137 τὸν
654 2109 786 2148 ἀκροατὴν
817 2107 917 2146 μᾶλλον

103 2154 244 2193 ἐφέλκεται,
273 2154 319 2181 Διὸ
343 2154 386 2181 καὶ
410 2154 486 2184 αὐτὸς
514 2152 602 2191 ἔλεγεν
620 2161 626 2168 ’
657 2164 670 2180 κ
696 2153 730 2181 Εἴ
749 2164 788 2185 τις
803 2152 880 2182 θέλει.
899 2163 913 2182 )

103 2198 205 2237 Μεγάλα
239 2198 300 2237 γὰρ,
337 2198 425 2236 φησὶν,
463 2197 524 2224 εἰσὶν
560 2197 577 2224 ἃ
611 2196 702 2234 δίδωμι
736 2197 799 2234 ὑμῖν
833 2197 917 2236 ἀγαθὰ

102 2244 287 2282 καὶξτοιαῦτα,
318 2242 385 2270 ὥστε
415 2241 563 2281 ἐπιτρέπειν
592 2241 699 2273 ἑκόντας
726 2242 793 2279 ὑμᾶς
822 2251 830 2260 ⁸
860 2241 916 2270 οὑδὲ

102 2288 148 2326 γὰρ
170 2286 195 2314 εἴ
219 2297 258 2318 τις
283 2287 389 2326 χρυσίον
416 2293 531 2325 παρεῖχε
555 2287 598 2313 καὶ
623 2287 751 2325 θησαυρὸν
776 2287 915 2324 προετῖθει,

101 2329 240 2359 πολύολϐον
267 2330 333 2367 μετὰ
363 2331 420 2368 βίας
450 2330 572 2358 ἐκάλεσεν
597 2329 638 2360 ἄν,
664 2331 692 2358 Εἰ
716 2329 743 2357 δὲ
767 2331 803 2362 εἷς
827 2330 917 2358 ἐκεῖνα

103 2376 129 2403 οὗ
155 2376 217 2412 μετὰ
243 2375 311 2412 βίας,
351 2374 443 2411 πολλῷ
477 2374 578 2411 μᾶλλον
608 2374 649 2402 ἐπὶ
677 2375 710 2402 τὰ
736 2374 763 2402 ἐν
795 2374 916 2414 οὐρανοῖς

103 2420 179 2458 αγαθά
220 2421 249 2448 Εὶ
284 2420 333 2458 γὰρ
370 2419 402 2456 μὲ
430 2420 448 2453 ἡ
476 2422 522 2447 τοῦ
549 2420 703 2458 πράγματος
732 2419 806 2459 φύσις
835 2419 916 2447 πείθει

104 2475 130 2492 σε
152 2463 340 2504 παραδραμεῖν,
368 2463 425 2492 οὐδὲ
449 2462 540 2491 λαϐεῖν
565 2463 634 2495 ἄξιος
663 2464 690 2491 εἶ
718 2471 724 2478 ”
754 2462 811 2491 οὖδὲ
836 2463 916 2491 πάλιν

105 2508 132 2536 ἂν
157 2507 250 2546 λάϐῃς,
286 2508 348 2546 εἴσῃ
376 2507 465 2539 καλῶς
494 2508 523 2535 τὸ
550 2507 658 2547 ληφθέν,
690 2508 738 2535 Διὰ
765 2512 842 2537 τοῦτο
870 2508 917 2536 οὒκ

105 2553 236 2592 ἀναγκάζει
273 2554 285 2580 ὸ
334 2553 456 2592 Χριστὸς,
502 2551 569 2579 ἀλλὰ
617 2552 789 2592 προτρέπεται
823 2552 918 2580 ὡσανεί

106 2597 180 2636 λέγων
211 2607 217 2614 ·
256 2598 284 2625 Εἰ
320 2597 358 2633 μὴ
394 2597 524 2633 νομίζεται
561 2597 656 2635 μυρίων
692 2596 794 2635 ἀγαθῶν
830 2595 917 2624 αἴτιον

106 2643 167 2670 εἶναι
200 2642 229 2670 τὸ
258 2640 406 2680 εἰρημένον,
441 2640 470 2667 οὗ
498 2640 633 2678 βιάζομαι,
662 2639 714 2669 οὔδ’
740 2640 879 2679 ἀναγκάζω
906 2647 912 2655 ·

105 2686 156 2714 ἀλλ’
170 2687 243 2718 εἴτις
260 2685 380 2724 βούλεται
397 2683 561 2722 ἀκολουθεῖν,
578 2688 669 2712 τοῦτον
683 2683 767 2713 καλῶ.

141 2770 152 2792 ³
164 2769 240 2803 Psal.
257 2777 397 2807 cxxxvm,
413 2769 432 2800 7
447 2777 532 2809 seqq.
572 2768 589 2794 3
602 2767 703 2800 Matth.
717 2775 776 2806 xvx,
790 2767 841 2802 24.

961 1887 1037 1917 vult.
1055 1885 1099 1916 Ad
1112 1885 1189 1915 bona
1204 1884 1284 1915 enim
1296 1892 1380 1921 voco,
1397 1892 1457 1914 non
1473 1883 1510 1915 ad
1525 1883 1602 1915 mala
1616 1887 1646 1915 et
1659 1883 1782 1923 odiosa;

961 1940 1020 1962 non
1035 1930 1071 1960 ad
1087 1928 1308 1968 castigationem
1324 1932 1353 1959 et
1377 1937 1507 1969 poenam,
1524 1932 1556 1959 ut
1570 1928 1659 1959 etiam
1674 1937 1782 1968 cogere

960 1978 1094 2015 oporteat
1107 1983 1114 2011 ;
1127 1972 1273 2013 siquidem
1286 1972 1352 2012 ipsa
1366 1973 1410 2003 rei
1422 1978 1526 2004 natura
1547 1973 1623 2014 potis
1643 1977 1688 2003 est
1697 1976 1784 2004 attra-

959 2020 1042 2050 here.
1064 2017 1177 2054 Quibus
1191 2017 1289 2048 verbis
1304 2017 1509 2048 vehementius
1523 2017 1626 2049 allicit.
1642 2017 1714 2048 Nam
1729 2017 1781 2058 qui

958 2064 1047 2104 cogit,
1061 2062 1166 2094 avertit
1181 2070 1260 2102 saepe
1275 2071 1326 2092 eos
1353 2071 1426 2102 quos
1447 2061 1548 2101 cogit:
1574 2065 1603 2092 at
1627 2062 1678 2102 qui
1692 2061 1780 2092 audi-

960 2113 1052 2140 torem
1068 2107 1114 2138 sui
1135 2106 1211 2147 juris
1235 2115 1303 2138 esse
1326 2105 1407 2143 sinit,
1433 2106 1527 2145 magis
1550 2105 1678 2137 attrahit.
1709 2105 1780 2138 Ideo

958 2153 1051 2184 dixit:
1069 2153 1103 2184 Si
1118 2154 1185 2192 quis
1200 2151 1276 2183 vult.
1293 2150 1396 2190 Magna
1410 2150 1502 2187 enim,
1514 2150 1620 2191 inquit,
1636 2153 1705 2181 sunt
1716 2159 1781 2190 quae

957 2197 1040 2228 vobis
1056 2197 1148 2227 oﬁero
1164 2195 1252 2232 bona,
1269 2205 1304 2226 ac
1314 2195 1392 2231 talia,
1406 2198 1438 2225 ut
1447 2194 1579 2225 volentes
1590 2194 1779 2234 libentesque

958 2242 993 2272 ad
1010 2251 1042 2272 se
1050 2243 1232 2272 convertant.
1244 2239 1346 2280 Neque
1363 2239 1455 2279 enim,
1468 2238 1492 2270 si
1507 2239 1572 2279 quis
1584 2247 1688 2270 aurum
1701 2247 1780 2279 prte-

960 2287 1055 2323 beret,
1072 2289 1122 2316 aut
1136 2284 1308 2325 opulentum
1331 2283 1502 2314 thesaurum
1517 2287 1709 2324 proponeret,
1726 2291 1780 2323 per

959 2330 1016 2360 vim
1026 2333 1203 2367 accerseret,
1221 2327 1302 2365 Quod
1315 2328 1340 2358 si
1353 2327 1389 2359 ad
1400 2328 1451 2358 illa
1461 2336 1520 2358 non
1537 2336 1591 2367 per
1600 2327 1670 2365 vim,
1688 2326 1780 2358 multo

960 2374 1052 2414 magis
1067 2374 1102 2405 ad
1117 2372 1251 2405 caelestia
1276 2372 1364 2403 bona.
1391 2371 1507 2402 Etenim
1531 2371 1589 2402 nisi
1617 2375 1722 2403 natura
1736 2372 1781 2403 rei

959 2419 1071 2450 excitus
1085 2417 1263 2454 accurreris,
1281 2425 1377 2457 neque
1393 2416 1442 2457 qui
1458 2415 1587 2456 accipias
1599 2415 1706 2454 dignus
1721 2425 1754 2447 es
1768 2426 1776 2455 ;

959 2472 1068 2503 neque,
1085 2463 1110 2492 si
1126 2461 1288 2502 acceperis,
1312 2460 1404 2501 probe
1428 2469 1588 2500 cognosces
1613 2464 1780 2500 acceptum.

960 2508 1043 2538 Hanc
1055 2506 1092 2537 ob
1106 2515 1223 2537 causam
1233 2515 1293 2536 non
1309 2505 1387 2545 cogit
1402 2505 1550 2545 Christus,
1565 2504 1618 2535 sed
1634 2504 1780 2541 hortatur,

960 2551 1043 2592 quasi
1076 2551 1174 2581 dicat:
1206 2549 1237 2581 Si
1262 2559 1320 2580 non
1348 2549 1479 2581 censetis
1507 2549 1672 2580 orationem
1700 2547 1781 2578 illam

961 2605 1055 2626 meam
1081 2595 1262 2626 inﬁnitorum
1289 2594 1436 2626 bonorum
1458 2593 1541 2624 vobis
1564 2602 1681 2624 causam
1703 2592 1780 2630 fore,

960 2650 1018 2670 non
1035 2639 1091 2670 vim
1109 2640 1212 2678 affero,
1225 2648 1284 2670 non
1296 2648 1369 2679 cogo
1382 2648 1390 2670 :
1405 2639 1458 2670 sed
1474 2637 1499 2668 si
1514 2636 1581 2680 quis
1591 2637 1652 2669 vult
1665 2636 1779 2675 venire,

957 2692 1024 2716 eum
1040 2694 1123 2717 νοοο.
