1950 3083
86 141 171 173 1269

829 144 1046 177 ORATIONES

1706 143 1784 178 1270

82 209 286 249 ἐπιτεραμένως
302 219 317 239 ‹
334 209 514 250 Ἀρνησάσθω,
542 223 556 239 ι
583 211 712 250 τουτέστι,
734 212 816 249 μηδὲν
831 213 920 241 κοινὸν

1009 214 1040 247 ιι,
1057 209 1109 240 sed
1121 209 1245 249 objiciat
1253 217 1284 240 se
1295 207 1506 240 certaminibus
1516 211 1546 239 et
1562 207 1714 248 periculis,
1727 217 1784 240 nec

83 253 180 293 ἐχέτω
195 255 259 293 πρὸς
276 255 378 292 ἑαυτὸν,
397 254 455 283 ἀλλ’
480 255 604 284 ἐκδιδότω
628 263 686 288 τοῖς
702 256 786 295 ἀγῶσι
802 257 846 284 καὶ
860 263 918 288 τοῖς

84 296 234 332 κινδύνοις,
264 299 307 326 καὶ
343 300 379 331 ὡς
405 299 492 339 ἐτέρου
528 300 691 340 πάσχοντος,
721 300 789 328 οὕτω
817 299 918 328 διακεί-

85 343 159 370 σθω.
198 341 258 370 Ἐπὶ
291 341 317 370 δὲ
346 342 454 371 πλείονα
492 347 574 372 ποιῶν
609 344 739 380 ἐπίτασιν,
771 345 817 372 οὒκ
841 344 917 372 εἶπεν

90 397 108 416 (
125 386 312 426 Ἀρνησάσθω,
332 400 346 416 ι)
364 388 422 417 ἀλλ’
450 399 464 418 α
491 389 713 429 ’Λπαρνησάσθω,
741 399 754 419 ι
782 393 816 428 τῇ
841 393 920 429 μικρᾷ

87 431 178 468 ταύτῃ
194 433 330 471 προσθήκῃ
349 432 468 471 μεγάλην
482 433 615 473 ἐμφαίνων
629 434 678 473 τὴν
693 432 840 472 ὑπερϐολήν
855 443 862 450 ”
877 437 920 463 καὶ

88 475 144 514 γὰρ
181 474 260 503 πλέον
294 480 371 504 τοῦτο
407 477 505 505 ἐκείνου
525 467 620 506 ιέστιν.
664 467 787 516 ’Ἄρνησις
832 477 920 514 μέντοι

89 518 165 546 ἐστὶν
202 520 293 548 ἑαυτοῦ
327 522 344 554 ὴ
381 521 514 555 παντελὴς
547 525 599 550 τῶν
627 521 809 561 παρελθόντων
839 521 919 561 λήθη,

91 564 137 591 καὶ
155 564 172 597 ἡ
187 567 233 592 τοῦ
258 565 353 593 οἰκείου
376 564 524 603 θελήματος
548 566 732 605 ἀναχώρησις,
758 566 775 599 ἡ
798 566 862 605 πρὸς
878 566 922 593 τὸν

93 605 137 634 ἐπὶ
171 611 282 646 Χριστοῦ
316 609 426 637 θάνατον
462 609 595 647 ἐπιθυμία,
631 610 674 637 καὶ
709 609 834 648 νέκρωσις
869 612 922 637 τῶν

94 650 188 687 μελῶν
225 654 277 679 τῶν
310 652 352 680 ἐπὶ
385 656 448 692 γῆς,
478 654 521 681 καὶ
551 654 581 681 τὸ
613 653 832 692 παρατεταμένως
858 653 921 692 πρὸς

93 694 183 723 πάντα
218 696 262 723 τὸν
299 696 363 736 ὑπὲρ
392 701 504 736 Χριστοῦ
538 696 682 725 διακεῖσθαι
711 696 836 734 κίνδυνον,
866 697 919 730 καὶ,

93 739 126 766 τὸ
151 739 325 779 ἀπροσπχθῶς
342 741 413 781 ἔχειν
436 743 500 782 πρὸς
525 742 574 775 τὴν
598 745 731 782 παροῦσαν
753 742 835 777 ζωὴν,
853 739 922 771 τουτ’

94 781 153 811 ἔστι
171 785 200 811 τὸ
216 784 275 824 ἆραι
291 786 335 813 τὸν
361 787 471 826 σταυρὸν
492 787 594 817 ἑαυτοῦ,
624 785 698 814 Ἀλλ’
723 787 740 820 ἠ
757 785 804 823 μέν
820 785 922 814 τελειό-

93 837 147 860 της
182 828 250 856 ἐστὶν
279 829 306 856 ὲν
341 834 379 867 τῷ
414 831 444 858 τό
480 830 646 870 ἀπροσπαθὲς
675 832 853 870 κατορθῶσαι,
881 831 924 857 καὶ

95 872 163 910 πρὸς
201 874 262 902 αὒτὸ
297 875 327 902 τὸ
361 877 408 910 ζῆν
444 876 488 903 καὶ
523 876 554 903 τὸ
581 875 715 914 ἀπόκριμα
742 878 788 903 τοῦ
815 874 924 903 θανάτου

96 916 197 962 ὁμοίως
213 916 286 957 ἔχειν
304 928 311 934 ⁶
329 918 398 948 ὥστε
413 920 452 957 μὴ
469 918 509 959 ἐφ’
525 920 617 947 ἑαυτοῦ
632 918 795 950 πεποιθέναι,

150 966 267 1001 Αρχεται
304 962 331 991 δὲ
367 963 396 992 ἐκ
424 967 473 998 τῆς
503 963 593 997 ἔξωθεν
624 963 836 1003 ἀλλοτριώσεως,
866 965 924 991 οἷον

95 1006 255 1043 Χρημάτων,
300 1006 375 1041 δόξης
412 1009 533 1046 ματαίας,
571 1009 589 1042 ἢ
625 1008 715 1040 ἁπλῶς
750 1008 924 1047 προσπαθείας

97 1052 151 1076 τῶν
168 1049 320 1090 ἀνωφελῶν,
346 1053 413 1080 καθὰ
437 1054 481 1081 καὶ
507 1054 529 1080 οἱ
555 1052 626 1092 ἅγιοι
652 1056 697 1081 τοῦ
720 1053 812 1092 Κυρίου
841 1053 924 1089 μαθη-

98 1094 153 1129 ταὶ,
191 1096 233 1122 καὶ
269 1095 402 1129 ὑπέδειξαν
434 1098 515 1135 ἡμῖν,
552 1096 677 1129 Ἰάκωϐος
713 1098 757 1125 καὶ
785 1095 922 1132 Ἰωάννης,

97 1137 288 1172 καταλιπόντες
333 1142 377 1169 τὸν
404 1142 504 1181 πατέρα
534 1143 578 1170 καὶ
605 1143 668 1170 αὐτὸ
695 1143 725 1169 τὸ
753 1141 847 1170 πλοῖον
875 1141 923 1174 τὴν

99 1185 187 1210 πᾶσαν
223 1184 343 1224 ἀφορμὴν
372 1189 418 1214 τοῦ
445 1186 511 1224 βίου,
542 1187 676 1217 Ματθαϊος
705 1185 743 1218 δὲ,
773 1184 819 1214 ἀπ’
847 1187 925 1214 αὗτοῦ

98 1231 146 1255 τοῦ
172 1227 296 1257 τελωνίου
331 1228 483 1267 ἐξαναστὰς,
516 1231 558 1258 καὶ
586 1230 765 1264 ἀκολουθήσεις
793 1233 832 1267 τῷ
858 1233 922 1269 Χρι-

100 1276 166 1309 στῷ,
184 1274 213 1301 οὗ
239 1274 272 1301 τὰ
298 1274 377 1314 κέρδη
407 1275 486 1312 μόνον
513 1274 678 1312 καταλιπὼν,
708 1273 776 1302 ἀλλὰ
800 1274 844 1302 καὶ
872 1277 924 1301 τῶν

101 1315 226 1345 κινδύνων
260 1318 398 1359 ὑπεριδὼν,
434 1319 449 1347 ἃ
495 1319 682 1348 ἐπακολουθεῖν
717 1317 827 1356 ἔμελλον
855 1318 926 1355 αὒτῷ

101 1361 173 1400 παρὰ
197 1365 246 1395 τῆς
276 1362 390 1396 ἐξουσίας
420 1363 524 1395 ἀτελεῖς
549 1364 610 1395 τοὺς
644 1362 739 1402 λόγους
767 1365 813 1390 τοῦ
839 1361 925 1390 τελω-

100 1406 155 1434 νίου
183 1407 421 1445 καταλιμπάνοντι.
450 1408 547 1445 Παύλῳ
575 1407 602 1436 δὲ
628 1408 673 1436 καὶ
705 1409 720 1436 6
746 1407 851 1445 σύμπας
875 1407 925 1434 κό-

102 1461 169 1487 σμος
204 1451 351 1491 ἐσταύρωτο
377 1454 421 1481 καὶ
450 1453 526 1484 αὐτὸς
551 1456 590 1490 τῷ
618 1452 720 1490 κόσμῳ.
753 1447 863 1491 Ἑτέρως
899 1450 925 1478 δὲ

960 265 1047 286 seCus
1058 255 1216 294 afﬁciatur,
1224 263 1312 294 quam
1319 255 1342 284 si
1350 254 1425 284 alius
1432 257 1593 294 pateretur.
1609 254 1673 289 Quo
1680 258 1781 285 autem

961 301 1103 340 majorem
1119 299 1176 329 vim
1193 299 1282 329 verbo
1297 298 1431 333 adderet,
1443 307 1501 328 non
1513 297 1589 328 dixit
1604 297 1712 338 Neget,
1730 298 1783 329 sed

959 344 1092 382 Abneget
1105 353 1115 381 ;
1134 352 1221 383 parvo
1238 343 1293 373 hoc
1309 342 1510 373 additamento
1522 351 1662 381 magnum
1676 343 1721 373 rei
1736 343 1786 374 in-

960 391 1145 420 crementum
1160 387 1331 418 insinuans:
1350 386 1460 417 etenim
1474 386 1530 416 hoc
1546 386 1612 426 plus
1628 390 1683 423 est,
1697 396 1785 427 quam

961 433 1043 463 illud.
1063 431 1185 472 Negatio
1197 431 1306 472 quippe
1318 431 1414 462 suiest
1425 430 1555 470 perfecta
1568 430 1786 470 praeteritorum

962 477 1080 513 oblivio,
1094 480 1122 506 et
1135 478 1260 515 propria:
1276 475 1434 506 voluntatis
1449 474 1586 512 remotio,
1603 473 1785 506 desiderium

962 521 1109 553 moriendi
1124 521 1153 551 in
1165 520 1291 557 Christo,
1305 519 1492 550 mortiﬁcatio
1504 518 1781 560 membrorumquas

961 572 1031 597 sunt
1046 574 1136 605 super
1153 569 1272 601 terram,
1299 563 1438 594 alacriter
1451 572 1521 595 vero
1537 563 1661 603 quodvis
1676 563 1785 594 discri-

962 620 1029 641 men
1038 609 1145 642 L‘hristi
1153 618 1240 640 causa
1247 608 1340 649 adire,
1349 607 1478 648 penitus,
1496 617 1554 638 non
1565 607 1642 638 allici
1655 607 1692 638 ad
1708 617 1786 648 prae—

963 659 1077 686 sentem
1093 654 1192 691 vitam,
1220 653 1249 684 id
1271 654 1334 693 jam
1360 657 1404 684 est
1420 652 1524 683 tollere
1549 661 1670 683 crucem
1687 662 1784 683 suam.

964 699 1022 731 Sed
1040 698 1181 740 perfectio
1196 698 1227 728 in
1243 707 1278 728 eo
1295 701 1350 738 est,
1368 697 1543 728 utat‘fectum
1559 696 1676 737 penilus
1691 704 1785 728 exua-

964 754 1041 784 mus,
1058 748 1145 784 atque
1160 743 1197 774 ad
1212 742 1299 773 vitam
1315 741 1480 781 mortisque
1506 740 1786 773 condemnationem

964 788 1090 828 perinde
1105 787 1224 818 animati
1253 787 1356 827 simus,
1375 790 1405 817 et
1419 790 1453 817 ut
1469 794 1552 826 erga
1565 794 1619 816 nos
1632 785 1714 825 ipsos
1727 795 1787 817 non

934 833 1138 882 Balﬁciamur.

1006 963 1189 1004 Principium
1206 971 1292 1003 pcrro
1299 961 1458 993 duciturab
1465 966 1586 994 externa
1596 962 1786 999 alienatione,

967 1008 1234 1049 utpossessionum,
1244 1016 1325 1038 vanae
1343 1007 1455 1047 gloriae,
1463 1008 1640 1039 automnino
1647 1007 1790 1038 desiderii

965 1063 1066 1084 rerum
1080 1052 1228 1083 inutilium
1245 1063 1251 1082 :
1265 1052 1516 1092 quemadmodum
1528 1062 1582 1083 nos
1593 1052 1681 1084 etiam
1693 1051 1790 1083 sancti

965 1098 1132 1128 doruerunt
1145 1096 1262 1127 Domini
1278 1095 1430 1136 discipuli,
1452 1095 1580 1128 Jacobus
1605 1100 1633 1127 et
1647 1097 1787 1135 Joannes,

965 1142 1069 1173 relicto
1081 1145 1173 1179 patre.
1183 1140 1650 1182 ipsoquenavigio,omnibusque
1661 1141 1790 1172 faculta-

964 1187 1051 1217 tibus.
1061 1186 1216 1218 Mntthmus
1230 1189 1328 1216 autem
1343 1185 1381 1216 ab
1392 1186 1455 1226 ipso
1472 1185 1585 1216 telonio
1603 1185 1742 1223 surrexit,
1758 1188 1789 1216 et

965 1231 1113 1262 Christum
1130 1234 1248 1261 secutus
1273 1233 1328 1267 est,
1352 1239 1412 1260 non
1437 1230 1533 1261 solum
1558 1229 1649 1260 lucris
1664 1229 1788 1268 relictis,

965 1275 1017 1306 sed
1034 1275 1123 1306 etiam
1138 1273 1316 1314 contemptis
1342 1274 1482 1314 periculis
1504 1283 1569 1314 quas
1583 1283 1600 1304 a
1616 1274 1791 1314 magistratu

966 1318 1173 1357 imminebant,
1186 1318 1265 1358 quod
1278 1318 1467 1358 imperfectas
1483 1318 1586 1349 telunii
1595 1318 1726 1349 rationes
1736 1327 1789 1349 re-

967 1364 1111 1404 liquisset.
1123 1363 1186 1394 Jam
1200 1363 1287 1393 Paulo
1299 1364 1471 1394 totusetiam
1484 1363 1613 1394 mundus
1627 1362 1791 1394 cruciﬁxus

968 1413 1039 1444 erat,
1059 1412 1087 1438 et
1103 1407 1166 1448 ipse
1183 1407 1306 1437 mundo.
1323 1407 1390 1437 Alia
1414 1407 1529 1438 ratione
1544 1411 1631 1447 negat
1645 1407 1712 1448 quis
1727 1405 1788 1438 sei-

968 1462 1065 1492 psum,
1082 1451 1200 1492 quando
1216 1451 1306 1481 vitam
1323 1459 1406 1481 suam
1419 1460 1574 1491 perperam
1587 1455 1617 1482 et
1627 1451 1731 1482 vitiose
1740 1460 1791 1482 an-

103 1494 222 1534 ἂρνετταί
248 1507 288 1528 τις
317 1498 420 1535 ἑαυτὸν,
450 1499 495 1526 τὸν
524 1496 592 1525 ἴδιον
618 1497 674 1535 βίον
703 1497 830 1536 πρότερον
859 1496 926 1523 κατὰ

1009 1501 1090 1527 ictam
1118 1495 1266 1535 condigna
1291 1495 1454 1526 mutatione
1477 1495 1638 1528 oblitterat.
1664 1494 1714 1534 Ut,
1743 1494 1794 1536 qui

103 1541 195 1568 κακίαν
231 1541 410 1581 γεγενημένον
446 1545 480 1581 τῇ
508 1541 637 1580 ἀξιολόγῳ
669 1540 804 1579 μεταϐολῇ
834 1539 928 1568 ἆπαλεί

104 1594 170 1623 eum.
200 1586 266 1613 Οἶον
290 1587 304 1614 ὁ
329 1586 411 1614 πάλαι
435 1586 580 1618 ἀκόλαστος
606 1586 724 1625 ἀρνεῖται
752 1586 842 1613 ἑαυτὸν
867 1584 929 1611 ἆκό-

104 1627 212 1669 λιιστον⁷
249 1632 412 1670 συφρονήσας
430 1640 438 1648 ⁸
468 1632 512 1659 καὶ
541 1633 554 1659 6
582 1630 663 1658 πάλαι
695 1629 782 1661 ἄδικος
810 1629 928 1668 ἀρνεῖται

105 1673 196 1701 ἑαυτὸν
226 1673 326 1714 ἄδικον,
358 1675 596 1714 ὃικαιοπραγήσας.
632 1675 681 1703 Καὶ
713 1673 804 1705 ἁπλῶς
840 1673 928 1706 πάσης

104 1719 152 1749 τῆς
182 1718 309 1757 ἁμαρτίας
343 1719 436 1758 ἀποχὴ
466 1718 573 1758 ἆίρνησίς
609 1718 681 1745 ἐστιν
716 1718 809 1745 ἑαυτοῦ
846 1717 930 1745 ὀπίσω

105 1762 218 1800 ιρέρουσα
246 1766 292 1790 τοῦ
321 1766 445 1802 Χριστοῦ,
494 1768 535 1791 lu
565 1761 591 1790 δὲ
627 1762 665 1795 πὴ
695 1765 791 1799 νομιζῃ
819 1772 859 1792 τις
889 1760 928 1788 ὅτι

107 1805 201 1845 μέχρις
230 1805 327 1846 ὕϐρεων
356 1808 400 1835 καὶ
431 1807 541 1845 πληγῶν
578 1807 622 1834 καὶ
657 1805 811 1843 ὀνειδισμῶν
838 1805 928 1844 ἆμαρ-

107 1851 206 1878 νεῖσθαι
234 1849 285 1886 δεῖ,
319 1851 478 1891 προσέθηκε,
513 1861 525 1878 α
558 1851 606 1880 Καὶ
632 1851 721 1890 ἀράτω
747 1850 792 1878 τόν
819 1849 928 1888 σταυρὸν

107 1897 184 1924 αὐτοῦ
219 1895 306 1929 δηλῶν
340 1896 419 1936 μέχρι
455 1897 537 1925 πόσου
581 1895 623 1924 δεῖ
668 1895 851 1934 ἀπαρνεῖσθαι,
889 1893 929 1921 ὅτι

108 1938 187 1979 μέχρι
212 1940 333 1977 animo,
363 1942 407 1969 καὶ
433 1941 544 1969 θανάτου
569 1938 753 1968 ἐπονειδίστου.
780 1939 837 1985 Δια1
852 1941 928 1966 τοῦτο

107 1985 264 2024 προτέθηκεν
283 1993 289 2000 ’
311 1997 324 2012 α
342 1984 443 2025 Ἀράτω
456 1986 500 2013 τόν
523 1986 632 2024 σταυρὸν
659 1985 748 2012 αὑτοῦ.
780 1995 794 2010 υ
834 1987 928 2022 Ετερος

108 2030 155 2068 γὰρ
183 2030 293 2062 θάνατος
324 2032 370 2059 οὒκ
397 2031 430 2064 ἧν
457 2030 526 2058 οὕτω
554 2027 696 2068 παράδοξος
725 2029 768 2056 καὶ
799 2027 928 2056 ἐπονείδι-

109 2085 180 2111 στος,
196 2075 232 2106 ὡς
248 2076 261 2102 6
278 2074 319 2102 διὰ
341 2078 464 2114 σταυροῦ,
492 2073 556 2103 Οὒδὲ
580 2074 630 2113 γὰρ
655 2073 734 2110 μόνον
750 2073 814 2112 φησὶ
829 2075 928 2112 τρυφῆς

110 2119 150 2146 καὶ
185 2117 261 2152 δόξης
297 2126 484 2158 καταφρονεῖν⁷
521 2118 588 2146 ἀλλὰ
616 2118 660 2145 καὶ
689 2117 785 2157 μέχρις
813 2117 929 2154 αἵματος

968 1539 1204 1581 intemperantiae
1220 1538 1290 1570 olim
1304 1539 1421 1570 deditus
1430 1539 1793 1580 erat,negatseipsumin-

970 1589 1196 1625 temper-antem,
1206 1584 1461 1622 sitemperautiam
1474 1584 1671 1624 amplectatur
1682 1595 1688 1613 :
1703 1588 1731 1614 et
1742 1583 1793 1624 qui

970 1630 1098 1669 injuslus
1123 1634 1185 1659 erat
1211 1627 1293 1668 olim,
1319 1632 1406 1666 negat
1431 1627 1563 1668 seipsum
1591 1627 1746 1668 injustum,
1769 1627 1795 1659 si

971 1672 1232 1712 studealjustitiaz.
1249 1671 1285 1702 Et
1308 1671 1338 1702 in
1365 1681 1481 1702 summa
1505 1671 1666 1711 cujuslibet
1680 1671 1795 1711 peccati

971 1718 1048 1757 fuga,
1067 1716 1183 1756 negatio
1199 1715 1244 1746 sui
1261 1719 1316 1756 est,
1343 1715 1458 1746 ducens
1480 1720 1546 1756 post
1572 1715 1734 1748 Christum.
1751 1716 1797 1747 Ne

971 1762 1037 1801 quis
1051 1764 1149 1791 autem
1166 1759 1349 1790 existimaret
1364 1769 1458 1800 usque
1480 1760 1517 1790 ad
1540 1759 1746 1797 contumelias,
1764 1763 1795 1790 et

970 1806 1079 1845 plagas,
1098 1808 1126 1834 et
1141 1803 1247 1844 probra
1262 1803 1470 1842 abnegandum
1479 1812 1512 1834 se
1521 1803 1590 1844 sibi,
1603 1803 1717 1834 addidit
1731 1814 1738 1833 :
1754 1803 1796 1835 Et

970 1849 1055 1880 tollat
1070 1857 1187 1880 crucem
1202 1855 1305 1883 suum;
1315 1851 1347 1877 ut
1360 1847 1509 1878 indicaret
1519 1851 1665 1888 quatenus
1674 1852 1797 1888 oporte-

968 1901 1010 1924 rel
1029 1893 1177 1932 abnegare
1190 1891 1337 1931 seipsum,
1351 1890 1492 1922 nimirum
1504 1900 1598 1932 usque
1605 1892 1642 1923 ad
1654 1896 1794 1930 mortem,

970 1946 1094 1978 eamque
1119 1935 1389 1977 probrosissimam.
1417 1935 1531 1967 Idcirco
1556 1936 1679 1976 adjecit,
1699 1935 1796 1968 Tollat

969 1990 1083 2013 cratem
1096 1990 1195 2012 suum.
1212 1980 1276 2011 Alia
1292 1980 1371 2010 enim
1388 1989 1469 2011 mors
1484 1989 1545 2011 non
1558 1984 1636 2012 esset
1651 1980 1692 2011 ita
1704 1980 1796 2011 mira-

971 2026 1039 2057 bilis
1051 2031 1080 2058 et
1094 2025 1247 2066 probrosa,
1261 2028 1293 2055 ut
1304 2033 1384 2055 mors
1396 2023 1504 2055 crucis.
1517 2024 1619 2065 Neque
1630 2024 1710 2055 enim
1726 2031 1797 2056 tan-

971 2075 1030 2101 tum
1041 2071 1121 2108 dicit,
1134 2075 1168 2101 ut
1182 2070 1363 2109 voluptatem
1375 2073 1404 2099 et
1414 2069 1539 2108 gloriam
1555 2076 1793 2107 contemnamus,

971 2115 1022 2146 sed
1040 2115 1127 2146 etiam
1143 2117 1174 2144 ut
1189 2122 1282 2154 usque
1303 2113 1339 2144 ad
1366 2116 1540 2153 sanguinem
1565 2114 1750 2151 resistamus,
1767 2117 1798 2145 et

110 2163 345 2200 ἆντικαθίστασθαι,
378 2164 422 2191 καὶ
457 2163 507 2194 ἕως
548 2166 595 2190 τοῦ
636 2161 810 2190 ἐπονειδίστου
845 2161 926 2189 θανά-

1009 2169 1064 2200 que
1078 2159 1113 2190 ad
1120 2157 1448 2190 contumeliosissimam
1456 2161 1580 2189 mortem
1593 2158 1793 2198 omniagene-

109 2218 152 2235 του
188 2207 272 2235 πάντα
314 2207 400 2246 φέρειν
445 2208 584 2246 γενναίως,

111 2251 266 2292 ἀγάλλεσθαι
273 2275 278 2281 .

148 2296 245 2324 Σκόπει
272 2295 299 2323 δὲ
330 2299 387 2327 πῶς
415 2295 461 2324 οὔκ
489 2296 551 2324 εἷπε
572 2296 616 2323 τὸν
641 2296 751 2334 σταυρὸν
777 2293 928 2331 ἀπολύτως,

111 2340 175 2369 ἀλλὰ
198 2342 244 2369 τὸν
272 2341 382 2380 σταυρὸν
405 2342 495 2376 αὺτοῦ,
521 2339 591 2368 τουτ’
621 2339 674 2368 ἔστι
700 2340 730 2366 τὸ
759 2338 928 2377 ὀφειλόμενον

112 2388 176 2423 οὗτῲ
202 2386 321 2422 θάνατον,
360 2386 388 2413 ὃν
423 2385 481 2425 ἔχει
521 2385 601 2425 χρέος
629 2383 686 2412 καθ’
715 2383 830 2416 ἑκάστην
859 2383 930 2412 ἀπο-

111 2430 308 2473 πληροῦνΰκατὰ
335 2430 380 2457 τὸν
405 2429 517 2468 λέγοντα
534 2437 540 2443 ⁵
569 2440 582 2456 σ
607 2427 669 2457 Καθ’
693 2427 793 2466 ἡμέραν
808 2427 929 2466 ἀπογνή-

112 2485 175 2505 σκω,
195 2485 206 2501 ι
235 2477 257 2502 Η
286 2475 330 2502 καὶ
351 2473 437 2505 ἄλλως
461 2474 571 2512 σταορὸν
593 2472 730 2510 βαστάζειν
754 2472 832 2511 φησὶν
847 2472 929 2508 ἡμᾶς,

112 2518 178 2547 τοῦτ’
207 2518 276 2546 ἔστιν
305 2517 432 2551 διηνεκῶς
460 2517 630 2557 ἐγρηγορέναι
660 2517 705 2544 τὸν
733 2520 803 2555 νοῦν,
832 2515 877 2543 καὶ
906 2515 932 2542 ὲν

113 2570 169 2594 ταῖς
194 2563 300 2602 ἀρεταῖς
327 2561 367 2601 ἐφ’
393 2561 473 2599 ὕψους
496 2561 631 2598 Ἵστασθαι,
656 2565 700 2589 τοῦ
728 2560 766 2597 μὴ
796 2559 933 2588 κατελθεῖν

113 2608 161 2636 ἀπὸ
195 2611 240 2635 τοῦ
276 2610 386 2646 σταυροῦ
417 2614 423 2620 ·
455 2605 536 2644 ἤγουν
566 2605 764 2644 ἐγκρατεύεσθαι
800 2604 852 2631 ἀπὸ
880 2607 932 2631 τῶν

113 2654 208 2688 παθῶν,
246 2651 295 2682 ἕως
331 2650 360 2678 οὗ
395 2650 503 2687 ἐκκόψει
538 2649 604 2677 αὐτὰ
630 2650 673 2677 καὶ
708 2649 809 2686 ἀναστῇ
838 2647 931 2675 λοιπὸν

114 2696 252 2731 ἀήττητος.
283 2691 311 2724 ’0
341 2695 390 2734 γὰρ
416 2695 525 2733 σταυρὸς
553 2693 641 2726 πάσης
677 2692 803 2731 ἁμαρτίας
836 2691 932 2730 κατάρ-

628 2207 672 2234 καὶ
711 2207 793 2244 ταύτῃ
830 2205 930 2243 μᾶλλον

152 2791 165 2815 ⁷
178 2791 202 2830 Ι,
217 2790 285 2823 Cor.
301 2799 353 2829 xv,
369 2790 419 2822 31.

971 2214 1038 2235 rose
1053 2204 1195 2241 feramus,
1212 2211 1305 2243 eaque
1319 2211 1352 2234 re
1368 2202 1466 2243 potius
1479 2203 1660 2234 exultemus.

1012 2293 1175 2325 Considera
1187 2292 1310 2331 deinde,
1336 2291 1586 2333 quemadmodum
1612 2300 1671 2322 non
1688 2291 1801 2325 dixerit

971 2346 1091 2370 crucem
1106 2337 1252 2374 absolute,
1269 2338 1321 2368 sed
1337 2346 1456 2368 crucem
1481 2345 1576 2377 suam,
1592 2336 1622 2366 id
1639 2339 1696 2374 est,
1715 2345 1797 2367 mor-

973 2388 1031 2414 tem
1048 2392 1135 2423 quam
1151 2382 1251 2420 debet,
1269 2391 1415 2422 quamque
1440 2384 1556 2422 oportet
1580 2390 1647 2412 eum
1662 2380 1798 2421 quotidie

973 2433 1125 2468 oppetere,
1146 2436 1228 2457 more
1244 2427 1323 2458 illius
1337 2427 1388 2468 qui
1402 2427 1444 2458 ait
1458 2436 1465 2457 :
1485 2426 1624 2463 Quotidie
1637 2427 1755 2457 morior
1768 2426 1796 2458 7.

974 2473 1030 2503 Aut
1041 2472 1129 2502 etiam
1143 2471 1228 2502 aliter
1238 2480 1357 2502 crucem
1366 2475 1482 2511 portare
1498 2480 1552 2501 nos
1565 2470 1661 2511 jubet,
1671 2470 1728 2501 hoc
1738 2474 1796 2508 est,

975 2517 1162 2548 continenter
1177 2515 1297 2554 vigilare
1320 2515 1430 2552 animo,
1458 2519 1487 2546 et
1510 2515 1667 2546 virtutibus
1691 2515 1722 2545 in
1737 2515 1797 2546 alto

975 2565 1065 2600 stare,
1081 2570 1177 2600 neque
1188 2561 1226 2591 de
1235 2569 1323 2590 cruce
1333 2559 1516 2592 descendere
1529 2568 1535 2591 :
1552 2559 1690 2590 videlicet
1698 2558 1798 2590 conti-

975 2615 1046 2636 nere
1062 2613 1167 2645 pravus
1188 2604 1377 2645 atl'ectiones,
1402 2604 1499 2635 donec
1522 2603 1674 2635 exsciudat
1697 2612 1748 2634 eas
1768 2607 1798 2634 et

975 2645 1300 2688 exterminetdeinceps
1311 2648 1449 2680 invictus.
1463 2648 1539 2680 Crux
1553 2648 1632 2679 enim
1644 2651 1688 2678 est
1699 2647 1797 2677 omnis

975 2693 1228 2739 peccatiabotitio.
1239 2693 1384 2733 Cruciﬁge
1391 2702 1462 2733 ergo
1471 2692 1596 2734 teipsum
1608 2690 1797 2725 saecularibus
