1950 3083
112 138 188 172 1277
842 142 936 174 ORA'I

1003 142 1057 174 [ES
1721 145 1800 178 1278

109 199 188 251 ξχεις
205 201 423 251 ψυχὴνΔδοῦναι.
455 203 585 251 ξρήματα
614 202 662 240 μὲν
686 203 736 243 γὰρ
762 203 780 238 ἢ
805 203 887 232 οὶκίαν
915 202 933 236 ἢ

1003 218 1078 250 eque
1096 209 1174 240 enim
1191 209 1313 241 alteram
1340 209 1444 246 habes,
1471 219 1558 251 quam
1575 211 1639 249 des,
1655 211 1800 246 animam.

109 243 269 284 ἀνδράποδα,
299 246 317 281 ἢ
346 248 430 276 ὁτιοῦν
458 246 546 287 ἕτερον
588 247 719 279 ἀπολέσας
743 259 796 281 τις,
825 247 929 275 δύναται

1003 243 1112 284 ieiuniis
1120 254 1212 292 enim,
1227 258 1276 284 ant
1288 254 1411 292 aedibus,
1430 243 1661 296 autimancipii’s,
1678 261 1727 288 aut
1741 257 1803 288 alia

111 289 170 318 ἀντ’
199 290 304 319 ἐκείνων
332 291 418 321 δοῦναι
452 292 539 331 ἕτερα.
569 291 633 321 Οὒδὲ
661 293 711 332 γὰρ
740 292 783 320 ἐὰν
811 291 931 330 βασιλεὺς

1003 308 1151 339 iacunque
1165 289 1335 339 re'perdita,
1352 289 1445 339 potest
1461 300 1528 340 quis
1541 289 1727 331 aliailloruni
1739 301 1803 332 loco

111 336 162 366 τῆς
177 336 366 375 οἶκουμένηςῇ
389 347 442 376 τις,
465 337 509 364 καὶ
531 337 636 364 πάντων
659 340 712 364 τῶν
735 337 777 365 ἐπὶ
793 339 843 376 γῆς
859 348 933 376 χρη-

112 378 204 415 μάτων
238 380 358 421 κυριεύῃ,
395 379 533 415 δυνήσεται
571 381 632 418 μίαν
668 380 796 420 ἀγοράσαι
832 382 935 420 ψυχὴν,

111 422 162 450 κᾶν
191 424 277 452 πάντα
312 425 344 453 τὰ
372 428 421 458 τῆς
450 425 604 462 οἰκουμένης
633 424 824 454 καταϐαλεῖται
841 433 848 441 ⁸
879 425 937 454 οὔτε

113 467 162 505 μὲν
181 469 198 502 ἡ
221 468 248 496 ἐν
273 481 312 506 τῳ
337 470 431 507 κόσμῳ
457 472 529 497 πᾶσα
557 470 640 509 τρυφὴ
668 471 712 498 καὶ
740 469 935 509 λαμπροφορία,

111 513 205 552 κικράν
228 524 287 541 τινα
311 515 474 554 παραψυχὴν
503 516 536 552 τῇ
561 516 637 554 ψυχῇ
662 513 799 549 δυνήσεται
824 514 938 554 ἀπεργά-

111 559 218 602 σασθαι,
235 557 298 586 ὅταν
313 559 425 590 αἰωνίως
439 558 615 602 κοιλ-οἱζηειτοιι,Η

158 593 218 641 (δρα
247 601 273 630 δὲ
297 606 355 634 πῶς
379 604 426 632 οὐκ
455 593 532 630 ε’ίπεν
565 612 572 619 °
604 593 636 631 ΤΗ
647 603 671 631 τί
685 601 787 631 δίδωσιν
802 603 937 643 ἄνθρωπος

112 646 285 686 ἀντάλλαγμα
299 649 349 680 τῆς
364 649 456 687 ψυχῆς
472 647 549 676 αὐτοῦ
562 657 569 686 ;
586 646 654 675 ἀλλὰ
672 658 686 674 α
701 647 831 687 Τίδώσει;
847 659 861 675 ι
872 648 937 677 Τότε

112 690 164 728 μὲν
193 692 242 731 γὰρ
266 693 313 720 οὒκ
340 691 398 731 ἔχει
426 703 452 720 τι
478 690 581 728 δώσειν,
611 696 654 721 νῦν
682 691 709 719 δὲ
734 691 821 720 δίδωσι
850 693 936 730 μετά-

112 746 198 774 νοιαν,
228 735 408 775 ἐξαγόρεμσιν,
438 736 613 774 στεναγμοὺς,
643 734 751 776 δάκρυα,
780 735 854 770 τῆξιν
879 737 935 764 σώ-

113 791 210 819 ματος,
238 780 432 819 ἐπιπονωτέραν
461 779 608 819 διαγωγήν.
638 785 720 810 Τοῦτο
749 780 822 812 εἰδὼς
850 782 894 809 καὶ
921 782 935 809 ὁ

110 814 210 856 δόλιος,
227 825 303 862 ἡμῶν
339 814 445 864 ἐχθρὸς,
475 814 582 852 ἆείποτε
611 826 692 853 σαίνει
716 832 778 856 ταῖς
806 830 852 855 τοῦ
880 814 965 864 βίουΒ

110 867 233 908 ἡδύτησι,
263 870 307 897 καὶ
336 869 497 898 ἀποκλὲπτει
526 876 587 901 ταῖς
611 871 679 898 κατὰ
705 871 796 910 μικρὸν
825 871 935 910 ὑπερθέ-

112 924 196 950 σεσιν,
234 912 322 953 Ἐμοὶ,
359 913 456 952 λέγων,
492 913 536 945 δὸς
565 915 612 948 τὴν
643 916 770 955 σήμερον,
802 919 859 953 Θεῷ
886 916 934 949 τὴν

112 957 200 997 αὔριον
218 967 225 973 ·
256 958 315 996 ἐμοὶ
340 959 371 986 τὸ
398 959 490 998 παρὸν,
522 962 579 996 Θεῷ
605 961 635 987 τὸ
660 959 756 996 μέλλον
774 969 782 979 ’
798 959 835 988 ἵν’
852 961 934 992 οὓτως

112 1001 285 1042 βραδύνοντας
322 1003 387 1042 πρὸς
423 1003 562 1040 μετάνοιαν
590 1004 633 1031 καὶ
658 1003 793 1043 διόρθωσιν
820 1004 934 1033 ἐπανελ-

111 1047 163 1075 θὼν
192 1046 334 1086 ἁφαρπάσῃ
363 1048 377 1075 ὁ
405 1048 514 1079 θάνατος
539 1046 652 1085 μηδενὸς
675 1048 847 1088 λυτρουμένου
869 1049 936 1088 μηδὲ

112 1091 255 1127 σώζοντος.
293 1093 434 1131 Δνθρωπος
461 1091 509 1129 μὲν
535 1092 580 1121 οὖν
615 1094 662 1122 οὐκ
695 1092 754 1132 ἔχει
790 1105 814 1121 τι
849 1093 935 1123 δοῦναι

113 1135 287 1174 ἀντάλλαγμα
301 1138 351 1169 τῆς
365 1138 456 1176 ψυχῆς
470 1138 548 1166 αὐτοῦ
565 1146 571 1152 ·
599 1138 614 1164 ὁ
641 1136 669 1164 δὲ
695 1138 760 1168 Θεὸς
786 1141 836 1172 τῆς
858 1140 935 1176 ἡμῶν

113 1181 244 1220 σωτηρίας
280 1179 367 1208 ἕνεκεν
411 1179 520 1209 δέδωκεν
566 1180 738 1220 ἀντάλλαγμα
784 1183 814 1210 τὸ
849 1183 935 1221 τίμιον

114 1227 183 1262 αἷμα
198 1230 243 1254 τοῦ
271 1226 332 1254 rtus
362 1226 451 1256 αὒτοῦ.
484 1226 530 1253 Διὸ
559 1225 718 1264 παρακαλῶ,
742 1227 827 1255 πάντα
850 1227 935 1257 τᾶλλα

113 1269 233 1310 ἀγὲντες,
250 1270 286 1301 εἰς
313 1269 362 1303 τὴν
393 1270 484 1309 ψυχὴν
512 1269 616 1297 ἅπασαν
645 1270 694 1303 τὴν
710 1270 934 1304 σπουδὴν’ἀναλί-

114 1324 231 1351 σκωμεν.
249 1317 306 1344 Τῶν
322 1314 370 1353 γὰρ
398 1314 425 1342 ἐν
455 1315 522 1351 ἡμῖν
550 1315 705 1354 κυριώτερον
733 1316 751 1350 ἡ
780 1318 869 1356 ψυχή.
887 1319 935 1346 Καὶ

978 343 1060 373 dare.
1073 343 1095 372 N
1103 353 1179 383 eque
1189 343 1281 380 enim,
1293 344 1346 374 etsi
1359 345 1425 384 quis
1436 354 1487 374 rex
1497 344 1579 374 orbis
1590 349 1733 375 terrarum
1751 346 1801 382 sit,

978 388 1170 428 omniumque
1205 388 1269 428 ejus
1298 389 1492 428 pecuniarum
1518 389 1669 430 dominus,
1697 390 1805 429 poterit

979 441 1067 462 unam
1076 432 1225 463 redimere
1232 433 1358 463 animam
1365 457 1372 469 ,
1383 433 1560 464 licetumnes
1568 433 1647 464 orbis
1661 434 1803 474 pecunias

980 477 1067 516 pretii
1084 477 1149 507 loco
1165 477 1269 507 oﬂ‘eiat
1285 488 1291 508 ;
1321 486 1417 517 neque
1442 477 1539 508 omnis
1556 477 1659 508 mundi
1675 478 1759 508 luxus
1775 481 1804 508 et

979 521 1119 561 splendor
1134 521 1271 559 exiguum
1288 521 1406 561 aliquod
1420 522 1555 552 solatium
1573 522 1679 552 animae
1694 522 1803 562 poterit

978 566 1132 606 adhibere,
1150 575 1216 596 cum
1234 570 1375 596 aalernum
1393 565 1590 606 torquebitur.

1019 611 1076 642 Sed
1093 611 1224 647 adverte,
1239 610 1491 650 quemadmodum
1517 619 1575 640 non
1594 609 1701 641 dixerit
1719 621 1725 641 :
1743 611 1802 642 Aut

978 664 1066 695 quam
1083 655 1133 685 dat
1149 655 1235 685 homo
1253 654 1516 684 commutationem
1544 664 1596 694 pro
1612 655 1710 685 anima
1723 664 1775 686 sua
1789 658 1803 685 ?

977 700 1042 740 sed,
1061 700 1157 737 Quam
1173 699 1257 729 dabit
1273 698 1285 729 ?
1309 698 1384 729 Tum
1403 699 1480 728 enim
1499 708 1557 729 non
1572 698 1704 734 habebit,
1723 699 1801 740 quod

977 744 1026 776 det
1044 755 1048 770 τ
1068 754 1145 774 nunc
1159 753 1229 774 vero
1245 743 1294 773 dat
1320 742 1536 782 paenitentiam,
1564 743 1798 784 confessionem,

977 789 1114 828 gemitus,
1132 788 1287 828 lacrymas,
1305 789 1535 818 macerationem
1553 789 1698 827 corporis,
1716 797 1801 818 seve-

978 834 1086 864 riorem
1103 833 1226 862 videndi
1242 833 1401 862 rationem.
1429 831 1519 872 Cujus
1535 832 1578 862 rei
1595 842 1653 862 non
1671 832 1799 873 nescius,

978 878 1098 908 dol05us
1114 877 1206 907 hostis
1222 885 1323 909 n05ier
1337 886 1457 916 semper
1473 877 1582 908 mulcet
1597 886 1651 907 nos
1662 878 1727 908 vitae
1741 886 1802 908 sua:

977 921 1180 962 suavitalibus,
1196 925 1371 961 tempusque
1398 921 1536 962 paulatim
1555 922 1800 961 procrastinando

977 966 1156 997 sutfuratur:
1178 966 1258 1003 Mihi,
1275 966 1381 1006 inquit,
1400 966 1479 996 diem
1492 965 1529 996 da
1539 967 1727 1003 hodiernum,
1740 966 1801 997 Deo

978 1011 1137 1042 crastinum
1153 1019 1160 1047 ;
1179 1010 1251 1041 mihi
1269 1014 1383 1049 tempus
1400 1019 1540 1050 praesens,
1569 1010 1629 1041 Deo
1648 1010 1798 1048 futurum;

977 1059 1008 1085 ut
1023 1055 1062 1086 ita
1077 1055 1227 1086 tardentes
1241 1055 1276 1085 ad
1294 1054 1496 1095 paenitentiam
1511 1055 1799 1091 etemendationem,

977 1099 1189 1138 superveniens
1203 1098 1330 1139 abripiat
1354 1108 1444 1136 mors,
1470 1099 1588 1139 quando
1613 1109 1673 1130 non
1690 1103 1736 1130 est
1750 1099 1801 1139 qui

977 1145 1117 1184 redima',
1142 1152 1240 1183 neque
1263 1143 1312 1183 qui
1342 1143 1452 1173 salvum
1479 1143 1575 1175 faciat.
1604 1145 1697 1174 Homo
1713 1144 1803 1182 igitur

978 1198 1035 1219 non
1048 1193 1142 1229 potest
1153 1188 1280 1227 aliquam
1295 1188 1366 1218 dare
1376 1188 1635 1218 commutationem
1645 1188 1802 1228 pruanima

976 1242 1029 1264 sua
1045 1232 1143 1263 :Deus
1158 1241 1229 1263 vero
1248 1240 1300 1271 pro
1318 1235 1418 1262 nostra
1432 1232 1525 1262 salute
1541 1232 1621 1262 dedit
1633 1236 1799 1263 commuta-

976 1277 1099 1312 tionem,
1114 1276 1273 1316 pretiosum
1288 1276 1463 1315 sanguinem
1478 1276 1544 1307 Filii
1559 1277 1616 1307 sui.
1627 1276 1724 1312 Quare
1736 1278 1802 1307 hor-

976 1326 1033 1358 tor,
1052 1330 1093 1355 ut,
1111 1321 1250 1352 omnibus
1265 1323 1380 1351 caeteris
1397 1320 1506 1357 missis,
1524 1320 1553 1351 in
1569 1321 1696 1352 animam
1713 1330 1803 1352 omne

114 1358 228 1388 ἐντεῦθεν
263 1359 306 1387 οὖν
342 1358 553 1396 ἐπιστομίσωμεν
601 1359 661 1391 τοὺς
697 1359 749 1388 ἀπὸ
785 1359 935 1401 Ὠριγένους

1005 1367 1104 1396 udium
1119 1369 1320 1397 conleramus.
1332 1364 1410 1395 Nihil
1424 1365 1502 1394 enim
1515 1365 1544 1395 in
1558 1365 1643 1396 nobis
1656 1370 1799 1406 praestan-

114 1403 238 1443 λέγοντας
254 1403 294 1432 ὅτι
322 1403 536 1435 ἀποκατάστασις
567 1402 639 1432 ἔσται
667 1407 720 1433 τῶν
750 1407 845 1446 ψυχῶν
868 1408 935 1444 μετὰ

1003 1422 1033 1443 us
1043 1412 1152 1442 anima.
1172 1412 1247 1450 Ergo
1258 1411 1345 1441 etiam
1369 1419 1404 1441 ex
1423 1410 1479 1441 hoc
1496 1411 1561 1441 loco
1573 1402 1745 1442 obturemus
1756 1421 1801 1452 os,

113 1449 144 1476 τὸ
156 1451 318 1482 καλασθῆναι
333 1449 401 1476 κατὰ
428 1447 569 1487 ἀναλογίαν
596 1452 648 1477 τῶν
673 1450 817 1489 ἁμαρτιῶν.
837 1449 933 1480 ’Λκου-

1003 1480 1006 1486 ν
1021 1456 1171 1487 silentium
1184 1447 1371 1495 imponamus
1383 1454 1521 1494 Origenis
1529 1456 1649 1486 asseclis
1660 1447 1798 1486 asserene

115 1494 235 1522 σάτωσαν
261 1494 310 1532 γὰρ
334 1492 373 1521 ὅτι
404 1495 450 1523 οὒκ
473 1493 542 1520 ἔστιν
564 1492 621 1521 ἔκεϊ
648 1493 734 1524 δοῦναι
763 1494 934 1535 ἀντάλλαγμα

1003 1501 1065 1538 bus,
1082 1500 1196 1531 animas
1211 1492 1240 1530 in
1256 1500 1282 1529 vi
1299 1509 1344 1529 am
1362 1508 1396 1529 ac
1410 1492 1566 1538 pristinum
1585 1504 1691 1531 statum
1710 1500 1798 1530 resti-

114 1541 163 1571 τῆς
190 1540 293 1578 ψυχῆς.
321 1537 417 1567 Οὔκουν
446 1537 503 1566 οὖδὲ
526 1537 687 1572 κολασθῆναί
715 1539 769 1567 ἐστι
797 1546 931 1579 τοσοῦτον,

1003 1551 1068 1576 itum
1094 1545 1128 1575 iri
1154 1549 1220 1585 post
1239 1544 1385 1584 supplicia
1399 1537 1591 1584 proportione
1608 1549 1798 1584 peccatorum

115 1582 176 1611 ὅσον
191 1583 364 1616 ἀντισωθῆναι
383 1589 442 1614 τοῖς
459 1582 647 1621 ἁμαρτάνουσι.

155 1724 317 1762 Βουλόμενος
347 1723 373 1752 δὲ
398 1727 412 1753 δ
440 1725 534 1764 Κύριος
564 1726 772 1766 προθυμοτέρους
800 1727 870 1764 ἡμᾶς
899 1728 935 1758 εις

115 1769 173 1801 τοὺς
201 1769 264 1809 ὑπὲρ
300 1771 378 1799 αὒτοῦ
414 1768 545 1802 κινδύνους
580 1770 788 1810 ἀπεργάσασθαι,
818 1771 934 1811 ἐναργῶς

113 1814 198 1854 τίθῃσι
224 1815 268 1842 τὸν
298 1813 373 1842 ἕνεκα
407 1814 504 1842 τούτων
540 1815 632 1852 μισθὸν
665 1813 697 1842 δι’
726 1815 762 1842 ὤν
791 1814 907 1854 ἐπιφέρει
925 1836 933 1844 .

117 1869 131 1885 ι
161 1850 207 1890 ”Ος
236 1859 285 1898 γὰρ
313 1858 477 1898 ἐπαισχυνθῇ
508 1850 544 1896 με
571 1859 615 1886 καὶ
644 1859 704 1890 τοὺς
732 1858 814 1896 ἐμοὺς
841 1850 935 1897 λόγους

114 1902 140 1930 ἐν
175 1905 209 1940 τῇ
244 1905 321 1941 γενεᾷ
351 1903 434 1940 ταύτῃ
462 1905 495 1940 τῇ
521 1901 656 1943 μοιχαλίδι
687 1903 730 1931 καὶ
759 1902 908 1943 ἁμαρτωλῷ
926 1911 933 1918 ⁸

115 1948 158 1975 καὶ
193 1948 207 1975 ὁ
242 1948 302 1979 Υἱὸς
348 1952 394 1977 τοῦ
435 1947 571 1986 ἀνθρώπου
613 1947 853 1988 ἐπαισχυνθήσεται
885 1950 934 1977 αὒ-

116 1992 172 2032 τὺν,
208 1991 270 2020 ὅταν
306 1991 368 2030 ἔλθῃ
404 1991 432 2020 ἔτ
467 1995 500 2030 τῇ
534 1991 596 2030 δόξῃ
631 1996 677 2021 τοῦ
709 1993 822 2031 Πατρὸς,
858 1994 936 2022 αὐτοῦ

117 2036 183 2075 μετὰ
215 2040 266 2065 τῶν
301 2036 422 2076 ἀγγέλων
447 2040 499 2065 τῶν
536 2036 628 2075 ἁγίων,
661 2048 675 2064 ι
711 2035 878 2072 Διαλαλήσας
903 2037 936 2064 τὰ

117 2081 242 2122 εἰρημένα
263 2082 321 2121 περὶ
344 2085 390 2109 τοῦ
414 2081 469 2110 δεῖν
491 2081 591 2114 πάντας
617 2081 734 2119 μιμητὰς
763 2083 842 2110 αὑτοῦ
859 2081 936 2120 γενέ-

116 2128 185 2162 σθαι,
202 2127 246 2153 καὶ
267 2127 306 2163 μὴ
333 2126 437 2166 φεύγειν
466 2127 511 2154 τὸν
537 2126 648 2154 θάνααον
666 2134 673 2141 ·

117 2173 165 2203 τῆς
180 2171 279 2198 ἑαυτῶν
303 2172 394 2209 ψυχῆς
419 2180 447 2198 τε
468 2171 512 2198 καὶ
533 2172 604 2205 ζωῆς
630 2168 716 2198 ἔτεκεν
742 2173 792 2203 τῆς
807 2171 843 2202 εἰς
859 2171 936 2199 αὺτὸν

117 2213 231 2251 ἐλπίδος,
261 2214 429 2243 ἐπισυνάπτει
458 2215 581 2253 εὔκαίρως
609 2215 641 2242 τὰ
663 2216 720 2254 περὶ
740 2217 790 2248 τῆς
816 2213 935 2254 δευτέρας

117 2261 194 2289 αὐτοῦ
226 2259 377 2298 θεοφανείας
413 2257 569 2298 παραδιδοὺς
606 2260 746 2299 μυστήρια.
785 2264 848 2291 Τοῖς
886 2260 935 2299 γὰρ

117 2304 352 2344 ἐπαισχυνομένοις
368 2314 413 2342 με,
441 2304 516 2344 φησὶ,
545 2305 589 2332 καὶ
616 2304 676 2335 τοὺς
705 2304 784 2342 ἐμοὺς
800 2303 894 2343 λόγους
910 2304 935 2332 ἐν

115 2351 148 2387 τῇ
183 2349 301 2388 παρούσῃ
345 2351 414 2386 ζωῇ.
457 2348 506 2377 Καὶ
541 2348 756 2389 ἆνεπαισχύντως
793 2348 936 2389 ἔμπροσθεν

116 2396 170 2422 τῶν
185 2393 326 2432 ἀνθρώπων
355 2391 513 2431 ὁμολογοῠσί
536 2404 569 2431 με
597 2393 689 2431 ἕψεται
715 2394 819 2426 πάντως
842 2395 871 2421 τὸ
886 2396 937 2421 τῶν

114 2437 194 2477 ἴσων,
209 2444 303 2477 τυχεῖν
332 2436 394 2476 παρ’
424 2437 497 2474 ἐμοῦ,
529 2436 630 2475 μᾶλλον
659 2437 686 2465 δὲ
712 2438 755 2466 καὶ
779 2438 847 2466 κατὰ
870 2437 937 2466 πολὺ

115 2481 252 2520 μειζόνων,
290 2480 554 2521 Ἐπαισχυνθήσομαι
590 2481 665 2521 κάγὼ
699 2483 792 2514 αὐτοὺς
817 2491 825 2498 ⁸
863 2493 937 2511 τουτ-

115 2526 184 2555 έστιν
200 2525 408 2565 ἐντραπήσοπαι,
436 2525 498 2554 ὅταν
526 2525 593 2554 ἔλθω
621 2526 647 2554 ἐν
675 2528 709 2565 τῇ
737 2526 798 2564 δόξῃ
813 2530 861 2554 ταῦ
878 2529 935 2554 Πα-

114 2571 174 2611 τρός
204 2582 265 2608 μου,
295 2571 325 2600 Τί
359 2568 382 2597 δ’
417 2569 447 2597 ἂν
483 2570 586 2608 γένοιτο
621 2571 713 2600 τούτου
750 2571 786 2602 εἷς
816 2571 936 2608 εὐθυμίαν

113 2615 286 2655 ἶσοστάσιον;
323 2615 352 2643 El.
384 2614 434 2653 γὰρ
469 2613 657 2654 ἐπαισχύνεται
693 2626 764 2647 τινας
798 2616 812 2643 ὁ
842 2615 935 2653 κριτὴς

115 2661 150 2692 ὡς
166 2659 311 2700 ἐποφείλων
340 2660 431 2690 αὐτοῖς
459 2659 504 2686 τὸν
533 2662 582 2692 τῆς
605 2659 748 2691 εὐπειθείας
771 2660 876 2697 μισθὸν,
893 2660 935 2687 καὶ

113 2707 161 2739 τῆς
175 2705 210 2736 εἱς
235 2704 314 2733 αὑτὸν
343 2703 450 2743 ἀγάπης
476 2703 509 2730 τὰ
536 2703 612 2744 γέρα,
641 2705 684 2732 καὶ
713 2705 757 2733 τὸν
771 2706 820 2737 τῆς
836 2704 935 2735 εὔνοίας

115 2749 241 2788 στέφανον
258 2757 264 2764 ·
302 2752 359 2781 πῶς
389 2748 436 2778 οὒκ
464 2746 534 2776 ἔστιν
561 2747 747 2788 ἀναμφιϐόλως
777 2749 861 2777 εἰπεῖν
896 2748 936 2776 ὅτι

156 2832 181 2856 ¹²
194 2832 282 2866 Huc.
298 2841 360 2873 vni,
377 2833 426 2866 38.
469 2834 498 2861 ιδ
511 2833 613 2867 Matth.
629 2840 700 2874 xxv,
715 2832 766 2865 34.

976 1592 1117 1622 exsoluta.
1134 1589 1263 1620 Audiant
1277 1589 1368 1626 enim,
1394 1599 1453 1619 non
1480 1599 1568 1629 posse
1583 1590 1624 1620 ibi
1639 1595 1801 1621 commuta-

975 1635 1087 1665 tionem
1105 1644 1157 1674 pro
1172 1635 1270 1664 anima
1285 1634 1360 1665 dari.
1385 1633 1460 1673 Ergo
1487 1644 1523 1664 ne
1539 1634 1665 1665 cruciari
1681 1635 1801 1674 quidem

977 1683 1088 1710 tantum
1105 1683 1238 1718 possunt,
1255 1683 1395 1717 quantum
1412 1684 1564 1709 merentur
1579 1684 1749 1718 peccantes.

1015 1722 1160 1754 Utautem
1177 1731 1235 1752 non
1249 1722 1448 1761 promptiores
1464 1723 1499 1753 ad
1514 1723 1645 1763 pericula
1657 1723 1701 1753 sui
1713 1732 1801 1754 causa

976 1767 1112 1797 adeunda
1131 1765 1279 1802 redderet,
1302 1766 1457 1806 perspicue
1476 1766 1597 1807 apponit
1616 1767 1798 1805 mercedem,

977 1820 1033 1850 qua
1044 1811 1331 1850 compensabuntur:
1344 1810 1552 1842 idcircoint‘ert
1567 1822 1573 1842 :
1590 1811 1650 1849 Qui
1660 1815 1739 1842 enim
1752 1820 1798 1842 me

976 1855 1142 1890 erubuerit,
1155 1859 1183 1885 ει
1201 1862 1358 1884 sermones
1383 1863 1461 1885 meos
1480 1856 1514 1885 ιη
1533 1858 1730 1895 generatione
1742 1857 1802 1887 ista

976 1898 1112 1929 adultera
1119 1902 1147 1929 et
1159 1898 1338 1938 peccati-ire;
1356 1902 1383 1929 et
1397 1900 1496 1929 Filius
1507 1900 1639 1930 hominis
1649 1900 1802 1932 erubescet

976 1952 1059 1980 eum,
1073 1951 1140 1974 cum
1149 1943 1263 1974 venerit
1273 1943 1302 1972 in
1313 1943 1413 1982 gloria
1429 1943 1529 1974 Patris
1543 1945 1591 1975 sui
1602 1954 1669 1975 cum
1680 1953 1720 1976 an
1723 1946 1802 1983 yelis

976 1991 1089 2019 sanctis
1104 1987 1139 2018 η.
1156 1987 1298 2018 Absoluto
1314 1996 1466 2028 sermone,
1482 1997 1540 2028 quo
1552 1988 1800 2029 ducuitoportere

979 2031 1334 2068 nosimitatoressuiesse,
1343 2041 1398 2062 nec
1407 2036 1530 2064 mortem
1539 2033 1651 2072 fugere,
1662 2042 1717 2064 nec
1729 2043 1799 2072 par-

979 2078 1094 2108 cerevel
1105 2086 1211 2108 animae
1219 2081 1337 2115 nostrae,
1347 2078 1391 2108 vel
1402 2078 1476 2115 vitae,
1487 2083 1606 2117 propter
1621 2087 1702 2118 spem
1719 2078 1750 2108 in
1766 2087 1801 2109 eo

704 2124 821 2166 ἀφειδεῖν
844 2117 872 2154 δέ
893 2117 1076 2158 m‘tDeitam,
1097 2127 1263 2162 opportune
1291 2131 1306 2152 c
1328 2122 1445 2162 njvingit
1461 2122 1598 2162 mysteria
1614 2117 1651 2153 de
1667 2123 1799 2154 secundo

977 2170 1104 2199 adventu
1116 2167 1246 2203 sno.Qui
1267 2167 1348 2198 enim
1365 2177 1423 2205 me,
1444 2167 1550 2208 inquit,
1569 2168 1753 2205 erubuerint,
1772 2171 1802 2198 et

978 2221 1131 2243 sermones
1147 2212 1266 2242 meosin
1278 2212 1416 2251 praesenti
1429 2212 1496 2249 vita,
1511 2216 1542 2243 et
1553 2213 1603 2253 qui
1614 2212 1678 2243 sine
1692 2213 1802 2244 rubore

977 2266 1075 2288 coram
1093 2256 1264 2287 hominibus
1277 2266 1323 2287 me
1340 2257 1466 2287 confessi
1490 2258 1609 2298 fuerint,
1626 2258 1663 2287 iis
1678 2258 1799 2288 omnino

978 2311 1030 2342 par
1047 2302 1107 2343 pari
1123 2302 1262 2335 referam.
1276 2302 1335 2332 imo
1352 2310 1420 2332 vero
1438 2305 1522 2341 longe
1536 2307 1622 2332 etiam
1635 2302 1710 2341 plus.
1728 2302 1800 2332 Eru-

980 2346 1099 2377 bescam
1116 2351 1144 2377 et
1159 2355 1212 2385 ego
1237 2355 1300 2382 eos,
1318 2346 1372 2376 boc
1394 2352 1451 2386 est,
1477 2346 1710 2383 verecundabor,
1729 2356 1794 2376 cum

979 2400 1087 2422 venero
1117 2392 1146 2421 in
1172 2390 1264 2429 gloria
1289 2390 1382 2420 Patris
1409 2390 1478 2420 mei.
1506 2390 1582 2426 Quid
1603 2394 1700 2421 autem
1732 2391 1801 2421 huic

980 2444 1047 2466 esse
1063 2435 1156 2475 possit
1171 2435 1291 2465 solatii?
1307 2436 1379 2465 Cum
1394 2434 1473 2465 i-nim
1483 2435 1630 2465 erubescit
1645 2435 1798 2475 quospiam

973 2480 1078 2521 judex,
1097 2484 1232 2520 tanquam
1249 2479 1357 2520 quibus
1373 2479 1479 2510 debeat
1494 2479 1671 2509 obedientize
1687 2489 1800 2510 merce-

979 2525 1058 2561 dem,
1076 2525 1245 2564 amorisque
1262 2533 1332 2563 erga
1347 2533 1379 2554 se
1395 2524 1526 2564 praemia,
1545 2528 1573 2554 et
1589 2524 1800 2554 benevolentia:

978 2579 1116 2600 coronam
1134 2578 1140 2600 :
1160 2578 1260 2599 nonne
1275 2569 1352 2599 hand
1371 2568 1461 2599 dubie
1477 2567 1537 2598 dici
1551 2572 1659 2608 potest,
1677 2570 1798 2599 omnino

977 2613 1046 2645 illos
1061 2613 1090 2644 in
1107 2618 1249 2654 perpetuo
1265 2613 1379 2643 honore
1393 2612 1509 2643 futuros
1535 2621 1564 2642 et
1587 2612 1679 2651 gloria
1695 2612 1707 2643 Υ
1721 2612 1800 2643 Lau-

977 2658 1125 2689 dabuntur
1140 2657 1219 2688 enim
1231 2656 1668 2697 talesquandoChristusdicet:
1687 2655 1797 2694 Venite,

977 2703 1130 2734 benedicti
1153 2703 1254 2734 Patris
1281 2704 1352 2740 mei,
1379 2702 1525 2742 possidete
1549 2703 1692 2741 paratum
1715 2701 1800 2733 vobis

978 2756 1106 2787 regnum
1122 2756 1141 2779 a
1156 2747 1369 2779 constitutione
1383 2746 1490 2778 mundi
1504 2745 1543 2777 ‘5.
