1950 3083
72 181 84 212 1
91 180 152 212 285
807 181 898 214 ORA'l

981 182 1022 213 ES
1685 183 1761 217 1986

76 248 159 284 μόνον
174 249 223 282 τὴν
237 248 370 287 βασιλείαν
397 248 499 288 ἔδειξεν,
525 248 585 277 ἀλλ’
609 249 649 277 ὅτι
677 250 720 277 καὶ
735 251 805 286 αὒτῷ
820 252 897 278 τοῦτο

981 258 1103 280 marum.
1125 249 1229 289 Neque
1250 258 1322 280 vero
1336 249 1392 280 hac
1411 259 1470 281 una
1487 249 1524 281 de
1534 260 1621 282 causa
1635 261 1760 291 regnum

73 291 177 328 μᾶλλον
191 293 224 327 ἧν
238 292 461 333 πρεπωδέστερον.

981 294 1163 330 monstravit,
1178 303 1278 325 verum
1303 294 1391 325 etiam
1417 295 1486 336 quia
1499 295 1556 326 hoc
1571 296 1668 336 ipsum
1683 307 1760 338 quo-

939 347 996 378 que
1012 338 1104 378 magis
1119 338 1253 369 decebat.

979 383 1074 423 Atque
1100 383 1161 414 haec
1190 383 1310 423 quidem
1339 383 1505 423 simplicius
1530 385 1698 418 referentur
1723 387 1759 418 ad

75 427 144 463 μετὰ
172 426 198 460 ἓξ
226 428 326 467 ἡμέρας
350 428 452 465 ἄνοδον,
481 432 534 457 τῶν
562 432 641 468 τριῶν
657 430 781 466 μαθητῶν
804 430 839 461 εἷς
865 430 896 457 τὸ

981 437 1093 458 :ensum
1121 428 1207 458 trium
1236 427 1448 468 discipulorum
1474 429 1506 461 In
1533 435 1664 462 montem
1694 441 1760 462 cum

74 469 135 510 ὅρος
161 473 206 500 σὺν
227 476 264 509 τῷ
290 472 377 506 ἰησοῦ
401 472 459 501 κατ’
490 472 565 510 ἰδίαν,
595 472 704 505 Ἰδόντες
733 473 782 512 γὰρ
811 484 895 511 μετα-

981 481 1007 502 su
1016 472 1091 510 solo,
1101 481 1151 503 sex
1163 471 1268 502 diebus
1277 478 1552 512 postconsecutum.
1567 473 1668 506 Visum
1681 476 1760 506 enim

74 517 245 557 μορφωθέντα
269 518 315 546 τὸν
334 517 435 552 Ἰησοῦν
459 520 502 547 καὶ
531 521 645 552 Μωϋσῆν
672 520 715 546 καὶ
741 515 831 547 ’Πλίαν
860 520 896 550 ὡς

981 526 1006 546 su
1023 517 1238 556 transﬁgurato,
1266 522 1295 547 et
1316 519 1420 557 Moyse
1445 523 1533 558 atque
1560 519 1624 550 Elia
1648 529 1702 551 ceu
1717 529 1762 551 sa—

118 383 168 411 Καὶ
202 386 283 410 ταῦτα
319 384 366 421 μὲν
402 383 577 423 ἁπλούστερον
612 383 735 422 ἀνάγεται
771 383 813 412 ἐπὶ
847 384 896 417 τὴν

73 561 241 603 δορυφόρους,
258 563 330 592 εἶδον
354 565 398 592 τὸν
433 565 540 603 Χριστὸν
570 564 596 591 ἐν
625 563 743 602 βασιλείᾳ
767 565 810 592 καὶ
825 563 896 602 δόξῃ.

76 607 209 648 Ἐπετχον
231 608 257 636 δὲ
273 610 363 647 τύπον,
391 611 405 637 ὀ
434 610 482 648 μὲν
511 612 624 643 Μωϋσῆς
653 613 699 637 τοῦ
728 610 820 647 νόμου,
847 611 860 638 ὁ
876 608 898 636 δ’

79 647 170 684 Ἠλίας
186 656 238 681 τῶν
263 658 416 694 προφητῶν,
448 656 470 683 οἱ
499 654 525 682 δὲ
552 661 625 694 τρεῖς
655 655 768 692 μέθηταὶ
798 658 843 682 τοῦ
858 654 898 681 εὗ-

76 697 220 736 αγγελικοϋ
248 699 416 738 κηρύγματος
445 700 488 727 καὶ
515 702 565 732 τῆς
593 700 630 730 εἰς
659 699 708 732 τὴν
737 698 833 735 Τριάδα
857 699 898 726 πί-

76 752 173 773 στεως.
192 743 220 771 Εἰ
235 741 263 770 δὲ
278 743 333 782 χρὴ
357 744 401 771 καί
428 754 486 771 τινα
515 742 697 777 ἆναϐεϐηκότα
720 743 797 782 λόγον
814 744 899 771 εἰπεῖν

76 786 146 814 κατὰ
161 786 272 825 πάροδον
301 790 350 820 τῆς
380 787 436 825 μεθ’
466 787 491 820 ’ἐξ
519 787 619 827 ἡμέρας
645 791 691 816 τοῦ
706 788 798 827 Κυρίου
814 799 898 825 μετα-

77 831 251 871 μορφώσεως,
280 833 310 860 οὒ
338 833 426 869 μάτην
455 832 510 870 μεθ’
595 832 689 872 ἐμέρας
720 832 811 869 τελείῳ
839 832 898 872 ἀρι-

941 561 1085 592 telliiibus
1101 561 1290 601 quibusdam,
1306 561 1446 593 viderunt
1462 563 1609 594 Christum
1626 564 1655 595 in
1671 574 1762 604 regno

941 611 970 636 et
985 606 1088 645 gloria.
1107 607 1255 638 Gerebant
1270 611 1368 637 autem
1386 611 1409 646 t_\
1420 617 1499 647 pum,
1515 610 1626 648 Moyses
1641 610 1760 649 quidem

941 650 1192 690 legis,Eliusvero
1218 651 1438 691 prophetarum,
1459 657 1519 683 tres
1530 652 1649 684 demum
1667 654 1760 685 disci-

941 695 1002 735 puli
1018 696 1194 735 evangelicaz
1210 696 1429 736 praedicationis
1454 701 1482 727 et
1507 697 1574 728 tidei
1591 698 1620 728 in
1636 698 1763 730 Trinita-

941 743 1014 770 tem.
1043 740 1125 775 Quod
1154 740 1179 770 si
1208 740 1276 780 quid
1304 745 1393 771 etiam
1418 741 1505 772 altius
1529 742 1691 773 dicendum
1717 748 1762 774 est

941 784 1096 815 occasione
1109 784 1390 824 Tran~tigurationis
1406 790 1471 825 post
1496 795 1546 816 sex
1563 787 1626 818 dies
1641 788 1758 827 futurae,

940 838 999 859 non
1011 829 1118 859 frustra
1126 833 1189 869 post
1196 838 1245 860 sex
1253 829 1317 860 dies
1326 830 1457 870 perfecto
1470 840 1593 862 numero
1607 833 1762 864 universus

75 877 137 912 θμῷ
172 877 185 904 ὁ
220 876 325 914 σύμπας
360 877 458 915 κόσμος
493 877 645 916 γεγένηται,
684 873 712 906 (0
747 878 834 906 πάντα
868 878 898 905 τὰ

981 873 1070 903 :ndus
1080 873 1172 904 factus
1182 878 1236 904 est.
1256 874 1321 910 Quit
1332 883 1436 905 omnes
1458 875 1558 906 mundi
1571 886 1619 907 res
1629 882 1760 918 superat,

77 923 125 947 τοῦ
161 920 260 958 κόσμου
293 919 454 960 ὑπερϐαίνων
488 922 641 961 πράγματα,
678 921 783 959 βλέπων
812 921 839 949 δὲ
867 923 899 950 τὰ

77 965 181 992 ἑστῶτα
196 965 263 1002 μόνα
280 966 323 992 καὶ
339 965 440 1001 αἰώνια,
470 967 543 997 οὗτος
569 965 626 1004 μεθ’
653 965 678 998 ἓξ
692 966 791 1005 ἡμέρας
809 977 898 1005 παρει-

76 1008 176 1048 Amen
192 1008 315 1042 δηλοῦται
341 1014 379 1047 τῷ
408 1009 504 1043 Ἰησοῦ,
539 1006 566 1039 ”Ο
595 1012 644 1050 γὰρ
674 1010 786 1051 ὑπερϐὰς
807 1011 897 1049 βλέπει

75 1055 124 1080 τὸν
151 1052 254 1087 Ἰησοῦν
282 1055 327 1082 τὸν
353 1053 436 1083 οῦδενὶ
456 1058 507 1083 τῶν
534 1056 607 1083 κάτω
636 1056 897 1096 μεταμορφούμενον,

77 1099 316 1139 μεταμορφωθέντά
345 1099 488 1139 ἔμπροσθεν
516 1103 605 1129 αυτοῦ.
642 1101 764 1128 Φαίνεται
800 1101 849 1140 γὰρ
885 1103 898 1129 ὁ

76 1142 164 1181 Λόγος
181 1142 316 1183 διαφόρους
332 1143 403 1183 ἔχων
419 1145 520 1184 μορφὰς
548 1145 651 1182 ἑκάστῳ
678 1146 714 1176 ὡς
729 1152 815 1185 χωρεῖ
833 1153 838 1160 ·
857 1147 901 1175 καὶ

76 1193 138 1218 τοϊς
155 1188 202 1225 μὲν
218 1188 264 1216 οὒκ
278 1187 336 1228 ἔχει
353 1187 437 1228 εἶδος,
463 1195 521 1220 τοῖς
550 1187 578 1217 δὲ
604 1189 706 1228 ὼραϊόσ
727 1189 779 1217 ἐστι
795 1189 896 1221 κάλλει,

76 1235 144 1262 Τοἴς
173 1232 220 1270 μέν
247 1233 295 1272 γὰρ
324 1234 362 1271 μὴ
393 1233 557 1261 ἆνακαίνουσι
586 1233 628 1261 διὰ
655 1237 707 1261 τῶν
735 1232 899 1268 ἐπαναϐεϐη-

75 1277 164 1304 κότων
180 1277 273 1317 ἔργων,
291 1279 334 1306 καὶ
363 1277 396 1306 δι’
425 1278 509 1306 αὐτῶν
538 1278 579 1306 ἐπὶ
608 1279 637 1306 τὸ
661 1279 763 1316 ὑψηλὸν
784 1281 833 1312 τῆς
849 1291 897 1308 σο-

75 1323 139 1362 φίας
168 1321 227 1362 ὄρος
252 1322 427 1363 ἁπλούστερον
453 1330 565 1363 νοεῖται,
594 1324 637 1351 καὶ
662 1324 729 1351 κατὰ
755 1324 837 1363 σάρκα
853 1336 897 1363 γι-

75 1367 207 1395 νώσκεται
225 1377 231 1383 '
263 1375 320 1399 τοῖς
348 1367 375 1395 δὲ
403 1367 512 1399 τελείοις
540 1367 714 1408 θεολογεϊται,
746 1369 790 1396 καὶ
814 1368 841 1396 ἐν
866 1371 899 1407 τῇ

71 1414 124 1441 τοῦ
153 1415 218 1440 Θεοῦ
246 1415 333 1452 μορφῇ
368 1413 434 1440 κατὰ
466 1413 515 1446 τὴν
551 1415 646 1450 γνῶσιν
675 1413 760 1441 αηὸτῶν
787 1414 898 1451 θεωρεῖ-

70 1467 134 1486 ται.
151 1455 250 1494 Λὲμπει
275 1455 302 1484 δὲ
331 1457 373 1484 καὶ
400 1458 430 1484 τὸ
458 1457 599 1496 πρόσωπον
628 1459 705 1486 αὑτοῦ
729 1458 765 1489 ὡς
781 1456 897 1493 ὁῆλιος,

69 1507 137 1532 τοὛς
171 1501 271 1533 τέκνοις
308 1502 394 1541 φωτὸς
426 1502 470 1529 καὶ
504 1501 604 1541 ἡμερας
633 1500 799 1535 δικαιοσύνης
824 1501 899 1537 ἥλιος

941 918 1061 958 solaque
1077 918 1192 949 stabilia
1217 922 1246 949 et
1269 923 1378 949 aeterna
1400 925 1523 959 spectat,
1550 930 1616 952 eum
1633 926 1696 962 post
1711 932 1762 953 sex

941 962 1004 993 dies
1017 971 1034 992 a
1048 962 1118 994 Jesu
1133 972 1314 1003 assumptum
1331 973 1398 995 esse
1410 964 1600 1003 signiﬁcatur.
1615 966 1671 1003 Qui
1681 967 1760 998 enim

940 1007 990 1036 illa
1020 1007 1223 1045 transcendit,
1255 1007 1332 1038 videt
1358 1009 1478 1047 Jesum,
1513 1010 1564 1050 qui
1589 1012 1702 1042 nemini
1726 1021 1762 1043 ex

940 1051 1130 1082 inferioribus
1140 1052 1374 1091 transﬁguratur,
1386 1054 1626 1094 transfiguratum
1638 1061 1706 1087 ante
1717 1066 1759 1087 se.

940 1096 1065 1127 Videtur
1079 1097 1158 1128 enim
1174 1097 1304 1128 Verbum
1319 1098 1450 1130 diversas
1466 1099 1575 1130 habere
1588 1100 1696 1140 ﬁguras
1708 1111 1760 1142 pro

943 1142 1086 1181 cujusque
1115 1145 1215 1182 captu.
1253 1143 1350 1182 Atque
1387 1143 1454 1174 aliis
1486 1144 1606 1184 quidem
1634 1145 1763 1177 informe

941 1189 1074 1226 apparet,
1089 1186 1154 1231 aliis
1168 1186 1333 1226 speciosum
1358 1188 1590 1227 pulchritudine.
1615 1189 1687 1220 Nam
1713 1191 1763 1231 qui

941 1239 999 1260 non
1014 1230 1178 1261 ascendunt
1199 1240 1253 1270 per
1275 1230 1413 1263 sublimia
1443 1242 1544 1273 opera,
1571 1238 1603 1265 et
1626 1243 1680 1274 per
1707 1230 1762 1266 hac

940 1274 1031 1305 altum
1059 1275 1213 1315 sapientiae
1239 1281 1369 1307 montem
1398 1282 1551 1317 superant,
1578 1278 1599 1308 ii
1628 1278 1759 1310 Verbum

940 1318 1105 1358 simplicius
1120 1319 1299 1361 intelligunt,
1327 1325 1355 1351 et
1378 1322 1542 1353 secundum
1569 1331 1688 1353 carnem
1705 1333 1758 1355 co-

939 1368 1093 1403 gnoscunt.
1115 1365 1155 1395 At
1174 1373 1242 1395 vero
1262 1365 1382 1404 perfecti
1399 1366 1427 1396 id
1443 1366 1539 1406 ipsum
1556 1366 1585 1397 in
1602 1367 1696 1399 forma
1709 1369 1762 1399 Dei

940 1417 994 1448 per
1013 1408 1211 1447 cognitionem
1235 1418 1317 1440 suam
1342 1411 1592 1451 contemplantur.
1620 1411 1763 1452 Splendet

941 1452 1051 1483 deinde
1066 1453 1154 1484 etiam
1177 1453 1265 1484 facies
1289 1454 1354 1493 ejus
1377 1455 1455 1485 sicut
1478 1456 1533 1493 sol,
1561 1456 1629 1487 ﬁliis
1644 1457 1718 1488 lucis
1733 1462 1763 1488 et

941 1497 1013 1534 diei,
1039 1497 1088 1529 Sol
1117 1498 1254 1529 videlicet
1275 1499 1409 1538 justitiaa.
1435 1499 1512 1536 Quin
1537 1504 1565 1530 et
1589 1500 1764 1532 vestimenta

74 1546 150 1574 εἶναι
186 1547 384 1586 φονερούμενος,
422 1545 505 1574 ’Δλλὰ
539 1547 583 1573 καὶ
618 1546 650 1574 τὰ
689 1546 780 1584 ἱμάτια
823 1546 898 1574 αὐτοῦ

981 1551 1025 1579 ιε,
1052 1542 1110 1572 illis
1137 1553 1210 1583 quos
1238 1543 1268 1574 in
1308 1548 1438 1574 montem
1482 1545 1631 1576 excelsum
1661 1546 1762 1585 duxit,

75 1597 138 1621 τοῖς
154 1590 309 1630 ἀναχθεῖσιν
337 1589 381 1619 ὑπ’
410 1591 488 1620 αὐτοῦ
515 1592 551 1622 εἷς
581 1591 610 1619 τὸ
632 1591 690 1630 ὅρος
719 1590 821 1628 ὑψηλὸν
837 1591 898 1631 φαί-

982 1591 1088 1632 parent
1108 1587 1172 1618 alba
1191 1588 1267 1619 sicut
1287 1589 1333 1619 lux
1347 1599 1354 1627 ;
1368 1599 1433 1629 quae
1448 1595 1517 1620 sunt
1531 1591 1630 1629 verba,
1649 1595 1678 1623 et
1692 1601 1765 1632 quas

76 1645 151 1664 νεται
177 1634 256 1663 λευκὰ
282 1637 318 1667 ὼς
346 1636 376 1663 τὸ
405 1639 459 1675 φῶς
477 1645 483 1652 ’
515 1635 581 1674 ἅπερ
608 1636 671 1663 εἰσὶν
700 1637 725 1663 αἱ
754 1635 835 1667 λέξεις
857 1636 898 1663 καὶ

984 1631 1038 1661 luit
1052 1631 1276 1671 Evangeliorum
1289 1634 1403 1664 litteras
1418 1638 1457 1673 et,
1476 1639 1508 1665 ut
1521 1635 1636 1676 opinor,
1649 1631 1764 1676 θροειο-

77 1681 94 1708 ἃ
131 1679 266 1708 ἐνεδύσατο
301 1683 353 1708 τῶν
383 1679 547 1719 Εὐαγγελίων
573 1680 715 1719 γράμματα
731 1689 736 1695 ¹
768 1681 844 1717 οἶμαι
873 1679 900 1707 δὲ

76 1725 119 1752 ὅτι
137 1725 180 1752 καὶ
203 1725 235 1752 τὰ
261 1724 313 1752 ἀπὸ
340 1727 388 1758 τῆς
417 1726 521 1764 Γραφῆς
552 1727 604 1752 τῶν
633 1723 787 1751 ἀποστόλων
801 1722 899 1756 δηλού-

77 1780 157 1807 μενα,

120 1812 203 1842 Ἐπὲν
218 1813 261 1841 οὖν
290 1813 350 1852 ἴδῃς
375 1814 432 1842 τινὰ
459 1814 507 1847 τὴν
537 1815 594 1853 περὶ
620 1819 665 1844 τοῦ
688 1813 811 1843 ’[ωἲννου
839 1815 900 1841 θεο-

77 1858 171 1897 λογίαν
200 1856 365 1896 ὰκριὸοῦντα,
402 1859 446 1886 καὶ
472 1859 521 1892 τὴν
551 1858 618 1891 λέξιν
654 1862 705 1887 τῶν
735 1857 901 1897 Εὗαγγελίων

77 1907 167 1932 πᾶσαν
197 1903 383 1943 σαφηνίζοντα,
422 1903 460 1941 μὴ
496 1903 565 1931 ὄκνει
593 1906 631 1940 τῷ
658 1914 768 1939 τοιουτῳ
797 1902 902 1942 φάσκων

78 1947 214 1988 γενονέναι
239 1949 271 1975 τὰ
299 1948 389 1985 ἱμάτια
414 1951 459 1976 τοῦ
488 1949 580 1988 Κυρίον
608 1947 688 1976 λευκὰ
716 1949 752 1978 ὡς
780 1947 809 1975 τό
836 1949 903 1987 φῶς,

79 1996 124 2029 Τῷ
150 1991 172 2020 δ’
203 1992 284 2024 οὕτως
313 1991 391 2020 ἰδόντι
419 1993 463 2020 τον
493 1991 594 2026 Ἰησοῦν
623 1993 726 2032 ὀφθεῖεν
752 1990 782 2019 ἂν
806 1994 904 2025 Μωσῆς

78 2041 93 2068 ὁ
120 2038 213 2077 νόμος,
245 2038 288 2066 καὶ
317 2036 407 2069 Ἠλίας
435 2039 449 2065 ὁ
478 2038 640 2077 προφητικὸς
669 2036 760 2076 λόγος,
785 2035 904 2064 κοινολο-

78 2085 202 2125 γούμενοι
237 2084 301 2122 πρὸς
337 2083 381 2110 τὸν
415 2081 519 2115 Ἰησοῦν
565 2082 809 2125 ἀναγωγικώτερον,
855 2083 904 2110 Καὶ

76 2122 197 2168 περὶτοῦ
222 2127 394 2167 προκειμένου
423 2127 507 2166 φαμὲν
535 2127 570 2158 ὡς
601 2122 742 2161 Ἐστήκασι
769 2127 839 2165 παρὰ
863 2129 902 2163 τῷ

78 2174 158 2211 Λόγῳ
183 2174 206 2201 οἱ
235 2171 413 2211 ἐρηρεισμένοι
442 2173 488 2203 τὰς
521 2173 568 2204 τῆς
600 2173 691 2210 ψυχῆς
721 2171 808 2208 βάσεις
826 2181 833 2187 ·
863 2172 899 2202 ὡς

77 2220 179 2251 Μωσῆς
205 2217 295 2245 ἀκούεν
324 2227 394 2256 παρα
422 2220 487 2244 Θεου
515 2226 523 2235 ·

78 2260 138 2301 μετ’
155 2261 219 2299 ἐμοῦ
236 2271 244 2279 ·
264 2274 275 2290 n
294 2262 337 2289 καὶ
352 2263 375 2289 οἱ
390 2261 523 2301 λέγοντες,
548 2272 561 2288 ι
580 2256 706 2292 Ἔστῶτες
723 2260 794 2297 ἦμαν
810 2262 833 2288 οἱ
849 2272 901 2288 πο-

78 2307 120 2338 δες
136 2307 212 2344 ἡμῶν
242 2307 268 2334 ἐν
296 2313 357 2338 ταῖς
387 2305 479 2337 αὒλαϊς
510 2317 566 2341 σου,
598 2301 778 2344 Ἰερουσαλήμ.
811 2317 824 2332 ι
853 2306 901 2334 Καὶ

78 2351 136 2380 ἐπεί
151 2351 219 2379 ἐστιν
234 2351 261 2379 ἐν
285 2358 343 2383 τοῖς
373 2351 467 2378 ἐστνῦσι
495 2350 614 2391 διαφορὰ,
645 2351 668 2377 οἱ
697 2350 899 2388 βέλτιονηέστῶ-

77 2407 122 2428 τες
157 2397 206 2430 τὴν
234 2397 303 2424 θείαν
337 2395 411 2428 δόξαν
437 2398 482 2423 τοῦ
510 2395 536 2423 ἐν
564 2394 709 2434 ἀνθρώποις
736 2394 898 2433 ἐπιδεδημη-

78 2442 157 2472 mito:
192 2440 329 2480 λόγου,καὶ
362 2441 392 2468 τὸ
428 2439 529 2477 ἀξίωμα
564 2439 642 2466 αὐτοῦ
668 2438 777 2476 ὄψονται
797 2448 803 2454 ·

79 2497 121 2518 νες
138 2486 167 2514 οὗ
199 2486 277 2523 μόνον
305 2486 334 2513 οὒ
363 2485 402 2522 μὴ
427 2484 594 2524 ἐμφορηθιῖισι
623 2487 668 2511 τοῦ
696 2484 816 2520 Θανάτου,
842 2483 900 2511 ἀλλ’

849 2439 860 2447 -ι

834 2450 900 2467 0.7!-

79 2530 138 2560 οὒδὲ
153 2531 260 2570 ἀκροθιγ
269 2534 297 2562 ῦς
325 2530 462 2569 γεύσονται
484 2530 527 2557 τὸν
553 2527 630 2568 ἄρτον
651 2531 698 2561 τῆς
714 2531 784 2563 ζωῆς
801 2529 901 2557 ἐσθίον--

79 2588 133 2613 τες,
158 2576 207 2610 τὴν
237 2575 319 2614 σάρκα
342 2578 387 2603 τοῦ
414 2575 505 2613 Κυρίου
525 2574 603 2614 φημὶ,
630 2574 673 2609 κᾳὶ
697 2574 727 2601 τὸ
755 2575 824 2610 αἷμα
853 2574 901 2600 αὖ-

79 2621 128 2650 τοῦ’
165 2621 294 2651 πίνοντες.
337 2619 458 2646 Γεύονται
503 2617 530 2645 δὲ
571 2617 681 2647 θανάτου
724 2618 746 2645 οἱ
791 2618 901 2657 μετρίως

80 2666 297 2704 ἁμαρτάνοντες·
329 2662 512 2701 ἐμπιπλῶνται
541 2661 569 2689 δὲ
593 2662 684 2690 τούτου
708 2663 731 2689 οἱ
754 2665 805 2690 πᾶν
830 2661 901 2694 εἶδος

165 2621 294 2651 πίνοντες.

80 2710 173 2742 κακίας
211 2709 413 2748 μετερχόμενοι,
449 2708 493 2735 καὶ
533 2706 575 2734 διὰ
619 2710 696 2735 τοῦτο
729 2705 819 2735 τέλεον
854 2709 902 2740 τῆς

80 2753 150 2785 Θείας
185 2757 256 2789 ζωῆς
289 2753 495 2789 ὰποπίπτοντες,
531 2752 574 2780 καὶ
607 2753 672 2791 πρὸς
707 2751 740 2779 τὰ
767 2754 812 2779 τοῦ
841 2749 903 2787 ᾅδου

121 2837 152 2864 18
166 2836 251 2876 Deut,
267 2845 297 2878 ν,
315 2837 363 2869 3t.
408 2837 438 2863 t9
451 2837 518 2869 Psal
532 2845 612 2878 cxxx,
629 2838 659 2869 2.

941 1675 1037 1706 lorum
1055 1685 1173 1716 quoque
1188 1678 1310 1717 scripta.

983 1813 1055 1844 Cum
1084 1822 1153 1852 ergo
1183 1811 1292 1842 videris
1333 1812 1515 1852 quempiam,
1554 1814 1605 1854 qui
1634 1814 1763 1846 divinam

942 1857 1065 1889 Joannis
1079 1857 1242 1889 doctrinam
1259 1861 1395 1887 accurate
1413 1861 1583 1899 pertractat,
1599 1863 1629 1891 et
1643 1869 1763 1890 omnem

944 1901 1341 1941 Erangeliorumoralionem
1351 1902 1571 1942 interpretatur,
1586 1913 1621 1934 ne
1633 1905 1763 1936 verearis

947 1947 1058 1983 dicere,
1083 1947 1151 1977 huic
1176 1946 1253 1977 facta
1276 1955 1342 1976 esse
1366 1947 1540 1978 vestimenta
1564 1947 1681 1978 Domini
1694 1950 1762 1980 alba

947 1992 1023 2022 sicut
1037 1992 1094 2022 lux.
1114 1991 1168 2027 Qui
1180 1993 1279 2022 Jesum
1297 1991 1336 2021 ita
1354 1991 1470 2031 viderit,
1487 1992 1598 2023 videbit
1618 1995 1760 2035 Moysem,

945 2036 1040 2076 legem
1056 2037 1192 2074 scilicet;
1222 2040 1250 2066 et
1274 2035 1377 2073 Eliam,
1406 2036 1611 2076 propheticum
1628 2037 1766 2069 \idelicet

944 2091 1126 2118 sermonem,
1141 2081 1300 2120 anagngico
1309 2080 1437 2121 quodam
1449 2090 1538 2111 sensu
1559 2082 1763 2122 colloquentes

943 2135 1010 2157 cum
1022 2125 1103 2157 Jesu.
1115 2126 1158 2157 Ac
1169 2126 1205 2156 de
1213 2126 1382 2165 hujusmodi
1394 2125 1514 2156 homine
1526 2126 1653 2157 dicimus
1665 2127 1738 2158 illud
1755 2139 1761 2158 :

942 2170 1095 2202 Steterunt
1110 2171 1187 2211 apud
1205 2169 1345 2206 Verbum,
1374 2170 1425 2210 qui
1450 2171 1557 2201 firmati
1571 2176 1639 2201 sunt
1654 2173 1762 2203 animae

557 2228 571 2243 ι
600 2217 636 2243 Σὺ
665 2215 692 2243 δὲ
721 2216 797 2244 αὐτοῦ
822 2218 897 2249 στῆθι

984 2216 1088 2246 dibus:
1115 2206 1364 2256 quemadmodum
1382 2206 1492 2254 bloyses
1507 2215 1631 2246 audiens
1646 2225 1662 2246 a
1678 2215 1738 2247 Deo
1753 2227 1760 2249 :

947 2259 990 2291 Tu
1001 2265 1103 2291 autem
1115 2261 1164 2291 hic
1173 2264 1219 2291 sta
1231 2269 1345 2291 mecum
1354 2260 1382 2284 ‘8
1395 2271 1400 2289 :
1411 2259 1497 2299 etqui
1510 2259 1626 2291 dicunt:
1637 2259 1764 2293 Stantes

943 2309 1029 2336 erant
1043 2306 1128 2345 pedes
1143 2305 1239 2336 nostri
1254 2306 1287 2336 in
1300 2305 1388 2335 atriis
1404 2305 1475 2343 tuis,
1490 2304 1658 2336 Jerusalem
1674 2305 1712 2334 ‘9,
1731 2306 1766 2337 Et

942 2350 1082 2390 quoniam
1099 2350 1176 2380 inter
1190 2354 1302 2380 stantes
1328 2353 1373 2379 est
1397 2349 1570 2385 discrimen,
1591 2349 1641 2389 qui
1658 2350 1765 2382 melius

942 2399 1030 2432 stant,
1055 2395 1182 2425 divinam
1209 2393 1295 2425 Verbi
1318 2394 1395 2424 inter
1422 2393 1555 2424 homines
1583 2395 1763 2435 peregrinati

942 2440 1067 2479 gloriam
1093 2444 1121 2470 et
1148 2439 1321 2478 dignitatem
1347 2439 1413 2478 ejus
1437 2438 1602 2469 videbunt:
1628 2440 1678 2479 qui
1706 2450 1766 2472 non

943 2485 1031 2514 modo
1047 2494 1104 2514 non
1120 2484 1314 2524 replebunlur
1329 2487 1436 2520 marte,
1454 2483 1504 2513 sed
1531 2493 1567 2514 ne
1586 2484 1767 2523 primoribus

943 2529 1063 2569 quidem
1079 2529 1170 2559 labris
1180 2529 1349 2568 gustabunt,
1363 2537 1467 2568 panem
1480 2529 1544 2558 vitae
1555 2530 1760 2569 comeitentes,

944 2583 1066 2604 Carnem
1099 2574 1228 2610 Domini,
1265 2574 1396 2613 inquam,
1440 2576 1469 2603 et
1497 2574 1672 2612 sanguinem
1702 2574 1766 2613 ejus

944 2617 1090 2648 bibentes.
1109 2618 1231 2649 Gustant
1246 2627 1333 2658 porro
1349 2622 1487 2652 mortem,
1506 2617 1556 2657 qui
1573 2618 1767 2648 mediocriter

944 2667 1067 2702 peccant
1085 2673 1092 2700 ;
1108 2663 1268 2703 implentur
1281 2667 1311 2693 et
1325 2662 1410 2702 quasi
1426 2661 1580 2695 satiantur,
1599 2662 1649 2702 qui
1666 2662 1766 2692 omnia

945 2707 1122 2746 ﬂagitiorum
1152 2716 1262 2746 genera
1292 2706 1468 2746 suscipiunt,
1508 2710 1598 2746 atque
1624 2707 1700 2738 hanc
1728 2706 1765 2737 ob

945 2760 1063 2783 causam
1080 2752 1197 2792 penitus
1212 2751 1312 2783 divina
1327 2751 1470 2782 excidunt
1493 2749 1564 2788 vita,
1591 2757 1621 2782 et
1637 2753 1673 2782 ad
1689 2751 1767 2782 infe-
