1950 3083
89 173 106 204 1
113 171 177 204 289

834 166 1050 202 ORATIONES

1706 162 1786 203 1290

84 276 87 279 π
133 238 265 270 Joannes
279 238 414 278 Aloysius
429 236 638 277 Mingarellius,
655 236 692 268 ad
708 221 776 268 cod.
791 223 918 268 Naniad.
937 236 1038 269 CXXII
1049 237 1101 277 (a),
1127 237 1177 278 qui
1193 238 1329 270 continet
1344 236 1483 269 homilias
1497 236 1644 278 Xiphilini
1660 238 1786 278 patriar-

89 283 160 314 chae
175 282 500 323 Constantinopolitani,
516 281 688 322 speciminis
702 282 767 314 loco
783 282 903 313 exhibet
917 281 1067 313 vicesimae
1080 282 1191 323 quintae
1205 283 1380 324 prooemium
1395 282 1426 313 in
1438 292 1495 323 quo
1504 282 1579 313 scitu
1592 292 1652 314 non
1663 283 1786 324 indigna

91 327 134 359 de
151 327 298 359 haereticis
313 327 496 359 Massalianis
510 326 658 366 leguntur.

252 396 397 428 ΚΥΡΙΑΚῌ
413 398 479 422 ΤΩΝ
494 396 596 423 ΑΓΙΩΝ
613 397 764 424 ΠΑΝΤΩΝ.

161 457 174 476 α
191 447 350 486 Εὖαγγέλιον
365 446 395 474 ἐκ
409 452 455 476 τοῦ
466 448 534 475 κατὰ
549 449 698 485 Ματθαῐον,
713 458 774 488 κεφ,
792 441 824 476 ll.
843 458 856 476 ι

135 500 191 529 Οὔκ
224 499 329 539 ἄκαιρον
365 500 442 538 οἶμαι
477 501 534 540 περὶ
569 503 617 534 τῆς
646 504 698 529 τῶν
726 499 918 529 Μασσαλιανῶν

91 547 212 584 μυσαρᾶς
242 544 376 585 αἱρέσεως,
403 545 554 584 βραχέαττα
581 545 648 585 (sic)
676 546 741 585 πρὸς
762 546 830 583 ὑμᾶς
859 543 919 572 δια-

89 587 216 620 λέξασθαι
234 596 241 604 ⁶
272 587 362 621 ἐπειδὴ
390 590 433 616 καὶ
458 589 507 622 τὴν
541 589 637 618 τούτων
663 588 797 624 ἀποϐολήν
822 599 850 617 τε
875 589 919 616 καὶ

89 631 252 672 ἀποκήρυξιν
287 632 496 672 πανηγυρίζομεν
525 634 640 673 σήμερον
657 658 663 665 ,
693 633 726 668 ἣν
753 635 767 661 ὁ
790 633 918 673 φιλόχρι-

89 687 155 708 στος
177 678 220 704 καὶ
245 675 427 707 εὖσεϐέστατος
449 677 525 714 ἡμῶν
550 677 671 715 βασιλεὺς
699 677 741 705 ἐπὶ
763 676 831 705 πολὺ
851 687 918 717 κρυ-

89 719 227 757 πτομένην
248 720 292 747 καὶ
317 719 376 751 τοὺς
403 718 594 760 ἁπλουστέρους
619 720 795 748 λανθάνουσαν
826 718 920 758 ἤλεγξε

89 775 120 792 τε
136 765 180 791 καὶ
195 763 346 792 κατεδίκασε
364 771 371 779 ·
395 765 440 792 καὶ
466 765 511 792 τὸν
533 765 654 804 ἀρχηγὸν
676 764 781 792 ἐκείνων
805 765 848 792 καὶ
871 766 919 796 τῆς

88 809 186 839 κακίας
211 806 378 846 διδάσκαλον,
408 809 468 847 πυρὶ
495 807 586 846 δικαίῳ
613 809 748 849 κατέκρινε
764 817 770 824 ⁸
816 808 865 841 τὴν
894 806 920 835 δὲ

89 853 213 892 πονηρὰν
227 853 326 881 τούτων
351 851 528 890 διδασκαλίαν¹
559 853 601 881 ἐπὶ
628 856 677 887 τῆς
707 856 837 892 τοῦ-’Θεοῦ
852 851 918 880 Ἐκ-

90 887 206 932 κλησίας
238 898 467 936 ἀναθεματίζεσθιι
503 887 707 938 παρεσκεύασεν,
754 887 820 928 ’Ϊστε
859 897 917 925 τοί-

91 954 137 970 νυν
154 944 190 974 ὡς
203 944 225 970 οἱ
240 946 365 980 τοιοῦτοι²
391 943 421 970 τὸ
447 946 500 971 τῶν
527 947 653 983 μοναχῶν
682 949 849 982 προσωπεῖον
865 952 917 970 πε-

92 987 280 1027 ριϐαλλόμενοι
308 986 367 1014 κατ’
395 987 487 1018 αὖτοὺς
519 988 714 1028 ἀμφιέννυνται,
743 988 787 1015 καὶ
814 988 844 1015 τὸ
872 989 917 1015 τοῦ

92 1033 236 1071 σχήματος
250 1031 442 1071 προϐάλλονται
467 1031 570 1071 λέλεαρ,
598 1036 636 1070 τῷ
663 1032 750 1068 κωδίῳ
779 1033 824 1060 τὸν
838 1031 915 1059 λύκον

92 1076 296 1115 ἐπικρύπτοντες
335 1077 357 1104 οἱ
392 1076 568 1104 κατάπτυστοι
593 1085 601 1095 ·
639 1076 754 1104 ἐντεῦθεν
787 1077 836 1104 ὑπὸ
864 1079 917 1104 τῶν

92 1120 280 1160 ἁπλουστέρων
308 1121 344 1151 ὡς
369 1119 490 1152 εὐλαϐεῖς
514 1120 590 1154 δῆθεν
616 1119 829 1161 παραδεχόμενοι
847 1129 853 1137 ³
882 1123 916 1158 τῇ

91 1164 275 1204 χρηστολογίᾳ
298 1165 341 1193 τὸν
366 1165 405 1192 ἱὸν
427 1167 475 1198 τῆς
503 1165 596 1197 κακίας
623 1165 841 1202 συναποπτύουσι,
871 1165 914 1192 καὶ

91 1212 131 1246 τῷ
160 1208 309 1248 μελικράτῳ
337 1211 514 1248 παρακιρνῶσι
543 1209 573 1238 τό
601 1208 761 1249 δηλητήριον
777 1215 786 1225 ⁹
814 1209 858 1237 καὶ
886 1208 913 1236 ἐν

91 1253 166 1292 ἀρχῇ
195 1253 243 1290 μὲν
270 1252 360 1284 ἁπλῶς
390 1253 427 1284 εἰς
455 1253 558 1292 Πατέρα
587 1254 630 1281 καὶ
665 1254 724 1281 Υἱὸν
759 1253 814 1291 καὶ¹
838 1252 912 1291 ἅγιον

91 1300 198 1334 Πνεῦμα
233 1297 363 1325 πιστεύειν
398 1296 571 1325 διδάσκουσι·
609 1299 652 1325 καὶ
692 1297 829 1336 γινώσκειν
867 1298 911 1325 τὸν

91 1342 203 1380 Χριστὸν
231 1342 410 1381 σεσαρκῶσθαι
433 1350 442 1359 ⁸
468 1343 512 1370 καὶ
535 1342 583 1370 τὰτ
604 1341 774 1381 εὖαγγελὶκὰς
805 1340 912 1372 ἐντολὰς

91 1393 185 1426 τηρεῖν
213 1387 400 1414 ὑποτίθενται·
425 1387 470 1415 καὶ
494 1387 685 1427 προσεύχεσθαι
710 1387 754 1414 καὶ
778 1387 912 1419 νηστεύειν

91 1432 135 1459 καὶ
162 1431 248 1464 πάσης
277 1431 433 1470 ἀκαθαρσίας
460 1432 577 1470 ἁγνεύειν
605 1430 758 1459 παιδεύουσι
784 1441 792 1448 ·
821 1433 913 1470 καιρού

92 1475 119 1504 δέ
146 1486 216 1507 τινος
243 1476 396 1515 προϊόντος²
423 1477 626 1515 παρασπείρουσι
652 1479 690 1512 τῷ
719 1476 783 1512 σίτῳ
810 1476 853 1503 καὶ
881 1476 913 1503 τὰ

91 1520 190 1555 ζιζάνια
206 1529 216 1540 ⁸
245 1521 289 1548 καὶ
318 1519 361 1547 ὅτε
385 1520 445 1551 τοὺς
466 1519 568 1552 ἀθλίους
600 1521 750 1560 χειροήθεις
777 1519 912 1558 ἐργάσων-

92 1574 149 1603 ται,
183 1564 227 1591 καὶ
261 1562 375 1591 λάϐωσιν
411 1563 476 1591 εἴσω
510 1567 563 1592 τῶν
590 1564 692 1604 ἀρκύων
720 1564 750 1590 τὸ
783 1564 889 1602 θήραμα
905 1572 913 1578 ·

93 1607 157 1635 τότε
193 1606 225 1640 δὴ
259 1607 305 1634 τὸν
339 1611 457 1635 κυκεῶνα
497 1607 647 1646 ἐκχέουσιν⁹
690 1605 917 1644 ἀπαρακαλύπτως

96 1651 324 1691 βλασφημοῦντες,
352 1651 396 1678 καὶ
423 1651 456 1678 τὰ
483 1656 530 1680 τοῦ
553 1650 675 1679 διαϐόλου
704 1656 913 1690 μυσταγωγοῦν-

93 1707 136 1727 τες
150 1695 270 1734 δόγματα
294 1695 338 1722 καὶ
361 1693 508 1733 διδάγματα
525 1703 532 1710 ⁹
560 1694 635 1723 ἅτινα
661 1695 729 1723 ποτά
755 1705 783 1722 τε
807 1697 851 1722 καὶ
866 1695 914 1722 ὅσα

94 1740 168 1777 εἰσὶν,
197 1741 226 1768 οὗ
247 1742 294 1767 τοῦ
323 1738 451 1778 παρόντος
480 1738 566 1778 λέγειν
596 1743 687 1778 καιροῦ
702 1747 710 1754 “
741 1739 826 1777 μίγμα
854 1738 916 1767 ὅντα

93 1782 188 1823 σχεδὸν
216 1783 306 1816 πάσης
341 1783 482 1823 αἰσχίστης
508 1782 642 1823 αἱρέσεως,
680 1786 763 1812 Τοῦτο
799 1783 847 1820 μὲν
875 1791 915 1810 τοι

93 1828 179 1867 χρεὼν
195 1826 287 1855 εἰδέναι
301 1828 368 1865 ὑμᾶς
383 1833 390 1842 ⁸
422 1827 458 1859 ὡς
483 1826 529 1855 κᾶν
555 1827 581 1855 έν
607 1827 681 1867 ἀρχῇ
705 1831 812 1856 τοιαῦτα
831 1825 918 1854 διδάσ-

93 1882 172 1899 κωσιν
187 1872 224 1902 ὡς
239 1871 402 1911 προείρηται,
425 1870 493 1899 ἀλλὰ
521 1877 579 1903 τοῖς
609 1871 719 1909 ὀνόμασι
743 1870 832 1908 μόνοις
845 1871 916 1908 ἡμῖν

93 1915 265 1956 συμφέρονται
282 1925 291 1934 ο
328 1922 389 1947 ταῖς
424 1914 452 1943 δὲ
485 1916 621 1955 πράγμασι
649 1915 815 1943 παντάπασιν
847 1914 916 1954 ἀφε-

93 1961 204 1994 στήκασι
221 1969 227 1976 ·
256 1960 300 1988 καὶ
314 1960 408 1991 σκότος
437 1958 510 1991 ὄντες
539 1960 606 1988 κατὰ
629 1960 674 1988 τὸν
699 1959 798 1999 πατέρα
814 1959 911 1996 αὒτῶν,

39 2008 47 2011 ”
93 2005 122 2032 τὸ
149 2007 203 2044 φῶς
230 2003 422 2044 ὑποκρίνονται.
451 2003 548 2032 Αὐτίκα
576 2003 680 2044 Πατέρα
707 2005 751 2032 καὶ
777 2004 835 2032 Υἱὸν
869 2004 913 2031 καὶ

95 2048 167 2088 ἅγιον
202 2051 309 2086 Πνεῦμα
344 2048 456 2086 στόματι
486 2049 565 2086 τιμᾷν
593 2047 793 2088 δογματίζοντες
822 2046 912 2086 ἑτέραν

93 2094 140 2125 τῆς
168 2091 231 2131 παρ’
265 2092 343 2129 ἡμῶν
370 2090 515 2129 σεϐομένης
543 2094 696 2131 ζωαρχικῆς
726 2091 800 2131 ἁγίας
829 2091 910 2130 Τριά-

95 2134 136 2167 δος
160 2134 255 2175 Τριάδα
279 2134 410 2170 δοξάζουσι
427 2142 434 2150 ·
462 2136 507 2164 καὶ
532 2135 722 2176 ὑπερκειμένην
750 2135 808 2163 τινὰ
835 2134 910 2167 ἐξου-

94 2179 149 2206 σίαν
180 2179 207 2206 ἐν
241 2181 279 2216 τῷ
314 2178 534 2218 μυθολογουμένῳ
567 2178 628 2219 παρ’
663 2181 747 2209 αὐτῶν
775 2178 911 2218 ὑπερτάτῳ

97 2221 197 2263 (codex
224 2222 295 2259 108,
325 2223 352 2250 ἐν
379 2229 438 2254 τοῖς
469 2222 705 2262 μυθολογουμένοις
733 2221 794 2262 παρ’
823 2222 908 2251 αὒτῶν

94 2266 251 2306 ὑπερτάτην)
277 2269 330 2294 τῶν
363 2266 429 2294 ἑπτὰ
457 2266 572 2306 οὐρανῶν
600 2266 817 2306 ὺπερκαθημένην
844 2264 908 2293 δυσ-

95 2309 175 2342 σεϐῶς
224 2309 415 2340 ἀναπλάττουσι
444 2319 450 2326 ·
497 2311 541 2338 καὶ
588 2310 808 2350 ἀνθρωπόμορφον
848 2309 909 2337 εἷνα

927 393 954 424 Α
1072 392 1252 425 DOMINICA
1273 392 1416 425 OMNIUM
1439 392 1664 425 SANCTORUM

1106 445 1225 485 Evang.
1242 453 1301 476 sec.
1318 444 1504 482 Matthwum,
1521 453 1587 484 cap.
1603 445 1640 475 Χ.

1001 495 1024 527 Ε
1041 505 1074 528 re
1090 507 1155 529 esse
1167 497 1283 528 videtur
1297 498 1335 528 de
1349 497 1525 528 detestanda
1539 497 1784 529 Massalianorum

961 540 1068 572 haeresi
1082 551 1172 581 pauca
1185 542 1318 582 quaedam
1330 542 1366 573 ad
1386 551 1437 573 vos
1453 541 1630 580 edisserere,
1643 542 1734 583 idque
1749 552 1784 574 eo

962 585 1056 625 magis
1079 587 1157 626 quod
1180 586 1312 626 ipsorum
1338 586 1667 618 anathematizationem
1696 588 1785 619 hodie

961 630 1193 670 promulgamus.
1205 630 1269 661 Jam
1283 639 1350 661 vero
1360 630 1522 670 imperator
1533 635 1633 662 noster
1642 630 1784 663 Christia-

961 674 1102 706 nissimus
1117 684 1151 705 ac
1167 675 1292 706 maxime
1307 675 1373 715 pius
1387 675 1469 706 illam
1483 675 1589 715 ipsam,
1607 685 1673 716 quae
1687 677 1782 708 solem

963 718 1045 758 fugit,
1058 719 1268 750 condemnavit
1283 720 1385 758 etejus
1401 720 1617 759 antesignatum
1629 721 1785 762 omnisque

963 764 1033 794 mali
1044 768 1192 795 auctorem
1200 764 1280 803 justo
1291 763 1352 803 igni
1368 764 1500 802 tradidit,
1519 765 1613 805 ipsam
1628 775 1698 796 vero
1714 775 1784 807 per-

963 817 1080 838 versam
1095 808 1259 839 doctrinam
1274 808 1310 838 ab
1326 808 1459 839 Ecclesia
1473 810 1660 840 anathemate
1673 810 1784 850 signari

959 852 1059 891 jussit.
1075 852 1150 883 Hinc
1163 852 1264 883 videre
1285 856 1331 883 est
1345 852 1516 883 istiusmodi
1530 853 1666 885 homines
1680 855 1785 886 habitu

960 900 1077 936 sumpto
1083 897 1247 928 monastico
1255 896 1310 927 sub
1317 897 1396 937 pelle
1403 897 1638 937 candidalupum
1649 899 1726 930 foede
1734 899 1784 930 ab-

960 941 1153 972 scondidisse.
1166 940 1215 972 Sic
1226 941 1351 972 infames
1363 942 1440 981 apud
1452 941 1620 982 plerosque,
1630 943 1783 982 probitatis

958 985 1066 1016 famam
1082 990 1264 1024 arrogantes,
1281 985 1373 1016 auditi
1389 990 1468 1024 sunt,
1485 986 1554 1026 quia
1564 987 1708 1019 doctrina
1721 997 1783 1019 suae

958 1029 1077 1060 malitiae
1087 1039 1233 1060 venenum
1245 1039 1404 1070 aspergere
1427 1039 1562 1070 escaeque
1577 1031 1636 1062 mel
1653 1032 1781 1063 miscere

959 1074 1116 1104 callebant.
1133 1075 1231 1105 Primo
1247 1075 1326 1105 enim
1342 1075 1372 1104 in
1388 1074 1516 1112 Patrem,
1534 1074 1653 1113 Filium,
1668 1086 1703 1107 ac
1717 1077 1784 1116 Spi-

957 1119 1195 1158 ritum,sanctum
1211 1127 1277 1149 sese
1293 1120 1416 1150 credere
1440 1118 1571 1149 similant
1586 1124 1614 1150 et
1631 1119 1778 1152 Christum

957 1163 1142 1194 incarnatum
1157 1171 1223 1193 esse
1247 1163 1404 1193 aﬂirmant.
1430 1163 1479 1195 Sic
1507 1166 1595 1194 etiam
1611 1166 1783 1204 evangelica

954 1207 1112 1239 observare
1128 1211 1274 1247 praecepta
1289 1208 1427 1238 simulant
1438 1216 1614 1249 precesque,
1624 1209 1741 1249 jejunia
1753 1218 1784 1245 et

954 1251 1054 1282 cordis
1067 1251 1241 1281 munditiem
1254 1252 1426 1291 praedicant.
1439 1251 1585 1292 Tempore
1598 1259 1696 1284 autem
1708 1263 1777 1295 pro-

953 1295 1088 1333 cedente,
1105 1296 1251 1326 frumento
1266 1296 1376 1326 zizania
1387 1296 1516 1336 jungunt
1530 1300 1560 1327 et
1570 1297 1631 1337 ubi,
1644 1307 1717 1338 quos
1728 1308 1778 1329 vo-

953 1339 1028 1378 lunt,
1046 1339 1103 1377 sibi
1117 1339 1276 1371 t’amiliares
1291 1341 1489 1371 reddiderunt
1504 1345 1533 1371 et
1548 1343 1677 1381 praedam
1694 1351 1778 1374 suam

954 1383 1266 1421 doloseobtinuerunt,
1281 1389 1341 1414 tum
1352 1385 1429 1415 virus
1441 1385 1596 1415 elfundunt
1605 1395 1691 1416 suum
1700 1397 1707 1424 ;
1717 1391 1777 1417 tum

954 1428 1110 1458 manifesto
1123 1428 1342 1467 blasphemant,
1359 1433 1421 1460 tum
1438 1429 1550 1460 diaboli
1564 1430 1730 1461 doctrinam
1747 1435 1777 1462 et

953 1472 1099 1503 fallaciam
1106 1473 1266 1511 divulgant,
1274 1482 1339 1514 qua:
1350 1474 1449 1504 omnia
1460 1474 1491 1504 in
1502 1474 1633 1505 medium
1645 1475 1777 1515 proferre

956 1527 1014 1548 non
1030 1521 1075 1548 est
1095 1518 1185 1557 hujus
1211 1518 1279 1549 loci.
1306 1517 1390 1553 Quod
1412 1522 1510 1548 autem
1534 1518 1694 1558 pessimam
1719 1529 1779 1560 prae

958 1570 991 1592 se
1007 1561 1106 1592 ferunt
1119 1562 1272 1598 haeresim,
1288 1561 1318 1592 id
1333 1571 1404 1593 sane
1416 1571 1466 1592 vos
1478 1561 1578 1593 sciatis
1589 1572 1712 1595 necesse
1723 1568 1778 1595 est.

958 1605 1033 1635 Nam
1048 1605 1164 1635 etiamsi
1178 1605 1209 1635 in
1225 1605 1373 1646 principio
1395 1615 1444 1637 res
1467 1607 1608 1638 honestas
1624 1608 1706 1648 sequi
1721 1608 1780 1639 ﬁn-

960 1652 1039 1688 gant,
1085 1648 1171 1679 nobis
1215 1653 1313 1680 tamen
1358 1650 1478 1681 nomine
1513 1655 1624 1682 tantum
1666 1652 1779 1684 similes

957 1697 1034 1730 sunt,
1047 1701 1151 1732 reapse
1162 1694 1310 1732 totocoelo
1326 1703 1343 1724 a
1363 1694 1449 1724 nobis
1473 1694 1593 1727 distant.
1608 1695 1681 1726 Cum
1697 1696 1778 1727 enim

955 1737 1106 1767 tenebrosi
1116 1737 1176 1768 sint
1189 1738 1226 1768 ad
1241 1737 1335 1768 instar
1350 1739 1443 1777 patris
1453 1739 1601 1778 ipsorum,
1616 1740 1714 1771 lucem
1725 1740 1776 1771 fal‘

957 1789 989 1811 so
1004 1781 1153 1818 simulant,
1169 1783 1288 1812 Patrem
1304 1782 1446 1813 etFilium
1455 1783 1631 1824 etSpiritum
1641 1789 1776 1815 sanctum

957 1834 1009 1856 ore
1024 1825 1209 1866 proﬁtentur,
1225 1826 1278 1856 sed
1293 1826 1380 1856 aliam
1405 1836 1492 1866 quam
1517 1837 1584 1866 nos,
1602 1828 1778 1860 Trinitatem

957 1870 1109 1909 docentes,
1127 1875 1156 1902 et
1170 1871 1519 1911 postseptimumcoelum
1533 1872 1613 1904 aliud
1628 1874 1777 1914 quoddam

958 1915 1055 1954 majus
1070 1924 1103 1945 ac
1118 1915 1225 1946 celsius
1241 1924 1300 1945 non
1314 1915 1381 1945 sine
1394 1916 1584 1955 gravierrore
1597 1922 1776 1957 astruentes,

952 1958 985 1989 in
1000 1968 1057 1999 quo
1073 1960 1202 1990 humana
1213 1959 1313 1990 omnia
1322 1967 1388 1991 esse
1399 1964 1557 1999 angantur.
1570 1961 1775 2001 Virginitatem

954 2012 1042 2043 porro
1057 2004 1093 2034 ab
1109 2013 1143 2035 ea
1156 2013 1242 2044 quam
1258 2013 1312 2035 nos
1327 2004 1502 2045 proﬁtemur
1510 2005 1698 2038 diﬂ'erentem
1711 2011 1775 2038 sta-

954 2051 1051 2080 tuunt.
1067 2048 1126 2079 Nos
1151 2049 1230 2079 enim
1253 2057 1319 2079 eam
1343 2048 1551 2088 amplectimur
1575 2050 1644 2090 quia
1658 2059 1773 2082 connu-

953 2092 1003 2123 bio
1018 2092 1270 2124 honorabiliorem
1285 2102 1319 2123 ac
1330 2093 1534 2124 sublimiorem
1555 2095 1773 2134 existimamus,

951 2137 994 2168 illi
1009 2142 1118 2176 autem,
1133 2138 1202 2178 quia
1213 2137 1433 2169 matrimonium
1453 2137 1631 2169 fastidiunta
1644 2139 1770 2171 Domino

950 2182 1107 2222 sancitum,
1126 2193 1138 2211 ιι
1156 2182 1376 2212 matrimonium
1393 2182 1524 2213 etlectus
1538 2192 1642 2223 purus,
1657 2193 1707 2215 res
1721 2193 1771 2215 sa-

951 2236 1001 2257 cra
1016 2240 1030 2256 ιο
1041 2227 1170 2258 dicente.
1183 2226 1399 2258 Continentiam
1408 2227 1517 2258 deinde
1525 2237 1643 2268 quoque
1657 2229 1771 2269 praedi-

949 2275 1027 2308 cant,
1044 2281 1104 2302 non
1128 2280 1196 2302 vero
1224 2275 1256 2302 ut
1279 2272 1472 2312 cupiditatum
1497 2272 1699 2312 domitricem,
1717 2273 1771 2305 sed

950 2316 1019 2356 quia
1032 2316 1112 2346 cibos
1128 2320 1265 2356 tanquam
1281 2316 1391 2347 diaboli
1407 2316 1484 2347 dona
1495 2321 1700 2349 exsecrantur.
1714 2319 1775 2351 So-

95 2355 188 2388 ταύτην
223 2354 382 2386 διδάσκουσι.
418 2355 472 2388 Τὴν
515 2356 653 2395 παρθενίαν
688 2354 805 2383 ἐναντίαν
841 2354 908 2391 ἡμῖν

964 2354 1085 2390 itudinis
1098 2354 1232 2392 amorem
1248 2360 1388 2391 simulant
1400 2364 1428 2391 et
1437 2361 1468 2391 in
1479 2360 1544 2392 loca
1555 2361 1674 2393 deserta
1686 2371 1775 2394 sece-

95 2401 293 2439 προσποιεῖσθαι
322 2398 508 2435 σπουδάζουσιν
525 2408 532 2415 ⁸
562 2401 643 2437 ἡμεῖς
666 2399 715 2437 μὲν
739 2399 790 2438 γὰρ
817 2397 858 2426 διὰ
880 2398 910 2425 τὸ

95 2443 248 2484 τιμιωτέραν
273 2443 344 2471 εἶναι
366 2446 412 2472 τοῦ
433 2444 519 2482 γάμου
541 2444 584 2472 καὶ
609 2442 775 2482 ὑψηλοτέραν
795 2443 839 2470 καὶ
862 2451 910 2470 τε-

95 2487 170 2520 λείοις
193 2487 415 2528 κατορθουμένην,
441 2488 523 2521 αὐτὴν
551 2488 717 2526 ἀσποζόμεθα
733 2495 740 2502 ⁸
772 2488 795 2515 οἱ
816 2486 843 2514 δὲ
870 2485 911 2514 διὰ

95 2533 123 2560 τὸ
150 2533 194 2560 τὸν
224 2533 310 2571 γάμον
336 2531 529 2571 βδελύττεσθαι,
566 2533 595 2560 ὃν
630 2533 643 2560 ὁ
677 2532 770 2571 Κύριος
805 2531 910 2562 πάντως

95 2576 217 2617 εὖλόγησε
234 2584 241 2591 ·
258 2578 357 2616 τίμιος,
375 2578 465 2615 εἰπὼνι
483 2577 496 2605 ὁ
522 2577 620 2616 γάμος,
636 2577 679 2604 καὶ
694 2577 712 2610 ἡ
725 2576 801 2609 κοίτη
817 2575 909 2613 ἀμίαν-

95 2632 147 2653 τος.
183 2620 354 2661 Ἐγκράτειαν
388 2622 432 2650 καὶ
461 2622 531 2649 οὗτοι
557 2620 731 2659 παιδεύουσιν,
761 2618 820 2648 ἁλλ’
858 2620 910 2658 οὐχ

95 2667 128 2697 ὡς
159 2669 212 2694 τῶν
245 2666 335 2693 παθῶν
374 2665 579 2700 κατευναστικήν
596 2673 604 2681 '
629 2664 697 2692 ἀλλὰ
723 2665 756 2692 τὰ
783 2664 910 2703 βρῳματα

96 2710 292 2750 μυσαττόμενοι,
328 2710 365 2741 ὡς
399 2714 446 2739 τοῦ
480 2712 597 2748 πονηροῦ
640 2708 800 2748 δημιουργοῦ
834 2706 909 2741 δὴθεν

94 2754 235 2792 ποιήματα,
271 2755 326 2789 Τὴν
352 2754 466 2796 ἡσυχίαν
494 2754 600 2793 ἀγαπᾷν
628 2754 835 2794 ὑποκρίνονται·
866 2752 910 2780 καὶ

952 2404 1035 2441 dunt,
1072 2405 1226 2435 hominum
1257 2408 1366 2435 emtum
1399 2405 1544 2444 fugientes
1574 2410 1603 2437 et
1630 2406 1775 2447 vituperia

952 2448 1105 2479 evitantes.
1129 2448 1304 2480 AFlaviano
1329 2453 1427 2480 autem
1454 2450 1614 2481 Antiochiae
1635 2451 1775 2492 episcopo

951 2493 1132 2533 reprehendi
1139 2498 1302 2533 coeperunt.
1310 2492 1365 2529 Qui
1371 2493 1452 2524 enim
1458 2495 1566 2525 multos
1576 2494 1707 2535 undique
1715 2505 1777 2527 mo-

952 2537 1066 2568 nachos
1075 2538 1293 2568 convocavisset
1303 2538 1354 2577 qui
1364 2538 1401 2568 ad
1413 2547 1505 2569 unum
1517 2548 1621 2570 omnes
1637 2540 1775 2571 haeresim

949 2581 1139 2621 abjiciebant,
1149 2581 1280 2621 singulos
1289 2591 1388 2613 coram
1400 2591 1432 2613 se
1442 2583 1602 2614 arcessitos
1613 2584 1671 2614 hoc
1685 2584 1774 2614 modo

951 2630 995 2656 est
1009 2626 1174 2657 allocutus:
1191 2626 1248 2666 Tu,
1262 2626 1313 2666 qui
1335 2626 1398 2666 jam
1424 2627 1525 2658 senior
1550 2637 1593 2668 es,
1610 2628 1774 2659 humanam

950 2674 1087 2701 naturam
1103 2670 1210 2702 melius
1222 2671 1368 2709 cognitam
1394 2671 1486 2702 habes
1511 2675 1539 2702 et
1555 2671 1693 2702 inimicos
1708 2676 1776 2702 tuos

951 2718 1052 2755 utpote
1080 2723 1098 2746 a
1121 2715 1198 2746 malo
1226 2715 1362 2746 daemone
1384 2715 1525 2747 excitatos
1548 2715 1648 2754 nosti;
1676 2715 1777 2755 gratiae

951 2769 1040 2800 porro
1052 2760 1293 2800 experimentum
1301 2759 1411 2792 fecisti.
1419 2761 1527 2792 Contra
1536 2759 1586 2791 isti
1593 2760 1774 2793 adolescen‘

131 2825 178 2890 ’(α)
194 2848 292 2881 erct
300 2849 415 2881 codices
428 2857 498 2882 mss.
515 2849 600 2890 apud
613 2849 731 2882 Nonio:
742 2849 888 2889 patricios
907 2849 1026 2882 Venews
1039 2850 1202 2889 asservati,
1219 2849 1358 2882 Bononiae
1371 2849 1460 2888 4784,
1476 2850 1520 2890 4ο,
1537 2859 1567 2891 p.
1583 2850 1655 2882 253.

406 2914 535 2951 ΡΑτιιοι.
549 2914 634 2949 CXX.

1558 2918 1594 2949 41
