1950 3083
70 178 159 212 1293
561 179 610 211 DE
631 179 695 210 DEI
715 177 826 210 (ΗΒΕΑ
847 178 895 211 ΗΟ

980 180 1028 212 EM
1049 180 1271 214 CEGONOMIA.
1685 183 1762 216 i294

59 248 196 280 Ἰωάννου
220 249 342 280 διακόνου
363 253 412 284 τῆς
442 248 568 289 Μεγάλης
593 248 733 282 ἐκκλησίας
762 249 820 288 περὶ
848 251 895 282 τῆς

980 246 1069 277 annis
1090 246 1212 278 diaconi
1233 248 1351 288 Magna;
1372 248 1512 286 ecclesiw,
1537 249 1575 280 de
1600 249 1658 280 Det
1680 250 1761 281 circa

112 293 141 327 ἐξ
171 294 259 334 ἀρχῆς
289 295 336 332 μαὶ
365 293 445 335 μέχρι
472 293 562 325 τέλους
591 292 738 331 οἰκονομίας
763 296 810 322 τοῦ
833 296 895 322 Θεοῦ

980 290 1129 335 hominem
1137 293 1303 323 oeconomia
1314 291 1385 323 inde
1398 301 1417 323 α
1428 293 1585 333 principio
1599 293 1642 324 ad
1654 293 1756 333 ﬁnem,

113 338 152 369 εἷς
180 339 226 366 τὸν
261 338 410 379 ἄνθρωπον,
445 339 549 375 ἱστομία
578 336 719 377 ἒπωφελής
732 344 740 353 ’
767 337 812 365 καὶ
838 337 895 377 περὶ

980 334 1214 367 htstorianttlis.
1242 336 1339 377 Origo
1362 336 1546 369 Christianae
1569 338 1760 370 constitutio-

112 384 165 415 τῆς
198 385 383 422 χριστιανικῆς
412 382 558 423 πολιτείας,
589 382 661 413 ὅπως
688 380 800 416 συνέστη
816 389 824 398 ·
853 382 895 410 καὶ

980 379 1044 417 nis;
1065 385 1218 420 postrema
1241 382 1324 413 venit
1347 385 1455 413 contra
1479 390 1580 414 omnes
1606 381 1759 414 hmreticos

111 426 182 455 κατὰ
196 427 302 456 πάντων
318 429 468 467 αἱρετικῶν.

980 424 1158 457 dissertatio.

348 510 496 551 Κεφάλαιον
511 513 627 551 πρῶτον.

1215 504 1315 546 Caput
1325 506 1473 547 primum.

980 585 1005 617 1.
1013 583 1102 616 Liber
1107 584 1230 626 primus.
1245 586 1350 618 Sermo
1356 585 1452 626 agitur
1459 586 1496 618 de
1507 586 1566 619 ﬁne
1574 595 1664 628 quem
1678 587 1758 620 Deus

110 589 151 626 α’.
178 595 281 625 Βιϐλίον
309 599 424 636 πρῶτον.
455 596 497 627 Τίς
526 595 541 624 ὁ
570 595 670 627 σκοπὸς
696 597 735 632 τῷ
761 597 820 632 Θεῷ
846 596 895 628 τῆς

61 639 181 678 πρώτης
215 645 262 670 τοῦ
289 640 426 680 ἀνθρώπου
459 639 582 672 πλάσεως
616 641 660 668 καὶ
695 641 744 674 τῆς
772 638 893 678 δευτέρας

60 683 244 716 ἀναπλάσεως
269 684 311 713 διὰ
333 689 380 714 τοῦ
408 685 469 713 Υἷοῦ
486 691 493 700 ⁸
538 683 611 717 ὅπως
640 683 689 722 μὲν
714 685 728 712 6
756 684 820 715 Θεὸς
850 682 892 711 διὰ

59 727 221 766 ἀγαθότητα
243 730 322 758 αὐτοῦ
344 729 389 757 τὸν
412 728 518 768 νοητὸν,
544 728 606 756 εἶτα
629 729 673 757 καὶ
694 728 818 761 αἰσθητὸν
841 726 892 755 κό-

61 781 136 808 σμον
166 773 305 812 παρήγαγε
322 782 330 790 ⁸
355 773 399 801 καὶ
423 771 463 800 ὅτι
492 773 522 801 τὸ
551 772 702 802 τελευταῖον
731 771 893 810 δημιουργήο

59 825 114 846 σας
131 816 177 843 τὸν
206 815 352 856 ἄνθρωπον,
379 816 450 844 ἔθετο
472 817 549 845 αὐτὸν
571 816 599 844 ὲν
621 819 660 854 τῷ
681 815 831 856 παραδείσῳ
855 818 893 852 τῷ

59 858 91 886 ἐν
116 857 208 897 Ἐδὲμ,
232 859 291 894 ἤτοι
315 863 349 898 τῇ
373 863 457 901 τρυφῇ
483 859 576 900 (Ἐδὲμ
598 861 648 900 γὰρ
671 861 688 895 ἡ
704 860 787 900 τρυφὴ
803 860 891 899 ἑρμη-

59 902 179 942 νεύεται)
198 912 205 919 ⁹

59 946 147 983 μέσον
182 946 251 981 ξωῆς
285 949 329 976 καὶ
354 949 465 977 θανάτου
489 948 610 989 θέμενος,
641 948 750 981 ἐντολὴν
780 947 890 976 δέδωκεν

57 990 145 1026 αὐτῷ,
163 991 205 1019 καὶ
222 992 314 1020 ὁποίαν
331 1000 338 1008 '
357 993 400 1020 καὶ
415 993 439 1020 τί
462 993 493 1020 τὸ
520 992 595 1024 τέλος
623 995 672 1025 τῆς
698 991 807 1028 ἐντολῆς
824 1000 832 1008 ’
847 992 892 1019 καὶ

59 1035 172 1074 ὁποῖον,
199 1036 220 1063 εἰ
242 1035 350 1076 ἐφύλαξε
379 1037 427 1070 τὴν
456 1036 566 1070 ἐντολὴν
594 1038 608 1065 ὁ
638 1035 733 1076 Ἀδὰμ,
764 1035 889 1065 ἀπέκειτο

58 1078 156 1115 ἐκείνῳ
169 1080 200 1107 τὸ
215 1078 327 1108 ἔπαθλον
346 1089 354 1098 ·
383 1081 428 1119 καὶ
459 1081 532 1112 ὅπως
559 1080 648 1119 ἀπάτῃ
672 1085 719 1110 τοῦ
742 1081 827 1120 ὄφεως
851 1080 888 1111 εἰς

59 1122 161 1161 φθορὰν
188 1124 232 1152 καὶ
258 1124 368 1153 θάνατον
401 1126 416 1153 6
445 1123 532 1156 ἄθλιος
561 1124 769 1162 κατωλίσθησεν,
799 1124 837 1155 ὡς
862 1122 889 1156 ἐξ

58 1165 163 1195 ἐκείνου
191 1168 227 1199 εἷς
255 1171 341 1196 πᾶσαν
368 1169 417 1202 τὴν
444 1169 519 1209 φύσιν
545 1168 694 1202 διαδοθῆναι
717 1169 767 1202 τὴν
791 1167 887 1208 φιλάν-

57 1211 166 1249 θρωπον
197 1214 247 1245 τῆς
284 1214 378 1253 φθορᾶς
413 1214 551 1253 τιμωρίαν,
588 1214 602 1241 6
637 1213 751 1246 θεόπτης
787 1214 887 1245 Μωσῆς

57 1254 212 1294 ἀρχόμενος
227 1259 276 1290 τῆς
295 1258 469 1295 κοσμοποιίας
489 1258 556 1295 ἡμῖν
582 1256 742 1297 διηγήσατο³
763 1257 807 1284 καὶ
821 1254 887 1283 πολ-

57 1298 101 1326 λοὶ
126 1299 237 1334 καθεξῆς
259 1303 312 1329 τῶν
338 1301 463 1340 Πατέρων
486 1301 577 1338 ἐκείνῳ
601 1301 726 1339 ἑπόμενοι
755 1299 886 1340 σαφέστε-

58 1354 106 1382 ρον
135 1342 302 1382 ἐληγήσαντο
318 1353 326 1363 ⁶
360 1345 419 1374 ἀλλ’
446 1346 494 1374 οὒκ
520 1346 553 1379 ἦν
579 1346 648 1377 εἰκὸς
677 1345 758 1385 μέχρι
785 1345 885 1375 παντδς

57 1387 224 1427 ἀνασχέσθαι
253 1390 298 1417 τὸν
329 1390 425 1428 ἀγαθον
454 1390 569 1424 ποιητὴν
599 1391 700 1429 ὁρῶντα
727 1390 757 1417 τὸ
785 1389 884 1418 οἷκετον

56 1430 170 1469 πλάσμα
198 1433 244 1461 τὸν
279 1433 413 1473 ἄνθρωπον
441 1434 491 1462 ὑπὸ
520 1438 565 1463 τοῦ
593 1432 715 1462 διαϐόλου
743 1432 884 1472 τυραννού-

57 1487 150 1516 μενον²
176 1482 223 1507 τοῦ
244 1479 292 1516 μὲν
314 1483 427 1513 ποιητοῦ
450 1480 494 1508 καὶ
513 1478 638 1513 ἀληθινοῦ
661 1482 728 1508 Θεοῦ
751 1478 884 1516 ἀποστρε-

55 1519 184 1558 φόμενον,
223 1523 267 1550 τὸν
302 1521 329 1550 δὲ
365 1523 440 1559 ἀθεϊᾳ
464 1526 590 1551 νοσοῦντα
606 1543 614 1551 .
644 1523 722 1551 ταύτὸ
751 1522 801 1561 γὰρ
829 1520 884 1548 ἔστι

935 629 972 660 ob
988 629 1089 661 oculos
1104 629 1239 661 habuerit
1254 630 1283 661 in
1293 631 1388 670 prima
1398 631 1719 671 formetionehominis,
1728 637 1758 664 et

933 673 964 704 in
970 673 1158 714 secundaper
1168 674 1291 712 Filium;
1303 675 1451 715 quomodo
1463 675 1552 713 Deus,
1565 685 1618 716 pro
1624 675 1757 708 bonitate

933 727 997 757 sua,
1023 718 1196 759 produxerit
1211 719 1354 750 mundum
1374 719 1617 758 intellectualem,
1643 720 1756 753 deinde

934 763 1076 794 mundum
1087 763 1272 803 sensibilem,
1286 767 1313 794 et
1322 763 1400 804 quod
1416 764 1569 796 hominem
1580 769 1711 797 creatum
1723 765 1756 797 in

934 807 1072 844 Edem,id
1081 811 1125 839 est
1132 807 1488 848 paradiso,posuit(Edem
1494 809 1574 840 enim
1582 808 1754 841 deliciarum

934 851 1129 891 signiﬁcatum
1137 851 1248 892 habet);
1266 852 1345 893 quod
1360 861 1428 883 cum
1442 862 1510 884 cum
1521 852 1616 884 libero
1631 853 1755 886 arbitrio

231 905 275 932 καὶ
302 904 368 936 ὅπος
397 896 561 938 αἰέτεξοόσιον
588 905 704 940 ποιήσας
733 904 822 941 αὐτὸν,
848 903 892 932 καὶ

980 901 1073 937 asset,
1090 900 1120 927 et
1133 897 1212 928 inter
1219 896 1307 927 vitam
1320 900 1348 928 et
1358 901 1483 928 mortem
1494 897 1624 928 medium
1631 899 1754 930 statuis-

932 944 987 978 set,
995 944 1173 981 praeceptum
1190 941 1217 971 ei
1226 940 1352 978 dederit,
1364 945 1393 972 et
1401 941 1550 982 quodnam
1565 942 1702 982 sequitur
1715 943 1753 974 de

932 984 1072 1025 praecepti
1087 985 1166 1016 illius
1181 989 1296 1016 tenore.
1326 986 1488 1026 Adamum,
1517 987 1542 1017 si
1573 991 1752 1027 praeceptum

932 1029 1130 1066 observasset,
1148 1029 1304 1070 praemium
1320 1033 1526 1061 assecuturum
1541 1029 1633 1062 fuisse
1648 1034 1752 1063 osten-

931 1073 1021 1105 ditur.
1051 1073 1204 1114 Serpentis
1231 1078 1329 1106 autem
1356 1073 1459 1105 fraude
1477 1074 1620 1115 deceptus
1648 1074 1753 1106 miser-

930 1117 1018 1148 homo
1033 1118 1064 1148 in
1080 1118 1244 1157 perniciem
1259 1128 1293 1150 ac
1310 1121 1436 1151 mortem
1448 1118 1615 1150 damnatur.
1632 1120 1753 1159 Moyses

929 1161 1072 1193 ultionem
1080 1161 1206 1193 divinam
1214 1171 1304 1203 super
1314 1166 1404 1194 totam
1417 1166 1553 1194 naturam
1564 1163 1687 1194 irruisse
1700 1173 1751 1194 os-

930 1209 1078 1243 tensurus,
1092 1206 1391 1244 mundioreationem,
1404 1206 1435 1237 in
1442 1217 1500 1247 quo
1513 1207 1598 1238 multi
1608 1207 1751 1249 deinceps

929 1251 1031 1282 Patres
1038 1259 1105 1282 eum
1113 1250 1219 1282 imitati
1225 1255 1304 1289 sunt,
1312 1250 1505 1283 enarrat.Sed
1512 1252 1633 1283 Creator
1639 1252 1752 1291 plasma

928 1303 1012 1325 suum
1024 1304 1040 1326 a
1054 1294 1171 1326 diabolo
1187 1299 1322 1327 vexatum
1337 1295 1449 1327 diutius
1463 1295 1570 1328 videre
1583 1305 1644 1327 non
1658 1297 1751 1328 susti-

926 1339 1000 1377 nuit,
1018 1339 1128 1380 quippe
1152 1340 1202 1380 qui
1228 1340 1310 1370 illum
1334 1349 1351 1371 a
1377 1349 1447 1371 vero
1472 1340 1533 1371 Deo
1559 1345 1707 1374 averteret
1723 1346 1752 1373 et

925 1383 1143 1415 incredulitatis
1167 1384 1272 1415 morbo
1296 1384 1438 1417 traderet.
1463 1384 1544 1416 Nihil
1568 1385 1648 1416 enim
1672 1385 1751 1416 inter

927 1427 1153 1468 polytheismum
1171 1433 1201 1459 et
1225 1432 1333 1459 terram
1357 1429 1494 1466 interest,
1520 1428 1571 1460 ubi
1601 1432 1706 1460 natura
1720 1434 1751 1462 et

926 1481 993 1503 cum
1009 1481 1044 1503 ea
1058 1480 1146 1502 omne
1170 1481 1263 1512 genus
1289 1473 1515 1512 perversitatum
1541 1477 1698 1505 exercetur
1723 1477 1752 1505 et

925 1515 1042 1547 colitur.
1059 1516 1097 1547 At
1112 1525 1201 1556 quem
1226 1516 1317 1547 alium
1340 1517 1526 1556 regeneratio
1542 1517 1673 1558 pertinet
1687 1517 1750 1550 nisi

54 1563 102 1591 καὶ
127 1563 269 1594 πολυθεϊαν
294 1567 390 1607 tinem,
420 1567 463 1595 καὶ
491 1578 525 1605 τῃ
554 1565 690 1604 ὁμοδούλῳ
718 1566 801 1593 κτίσει
828 1564 895 1594 λαει

980 1569 1041 1592 sum
1057 1562 1106 1607 qui
1122 1560 1210 1607 vitam
1218 1560 1320 1607 dedit,
1337 1565 1367 1591 et
1382 1570 1474 1601 penes
1489 1570 1576 1607 quem
1588 1561 1687 1594 solum
1702 1568 1749 1593 est.

56 1607 194 1649 τρεύοντα,
210 1610 253 1637 καὶ
280 1609 369 1642 πάσης
383 1603 489 1640 ⁷κακίας
513 1603 562 1637 ’καὶ
572 1603 709 1648 πονηρίας
724 1608 882 1647 ἡπάρχοντα

980 1611 1037 1634 ναι-θ
1051 1607 1080 1633 et
1089 1603 1301 1649 inhpristinum
1316 1607 1423 1636 statum
1437 1605 1597 1638 restituere
1612 1615 1680 1639 eum
1693 1607 1744 1647 qui

57 1646 221 1680 οἰκειότατον
244 1652 438 1691 ἐργαστήριον·
469 1653 519 1680 τίνι
548 1652 597 1691 γὰρ
626 1646 700 1688 ἄλλῳ
723 1652 740 1686 ἢ
766 1646 804 1688 τῷ
833 1654 882 1678 Δε-

982 1656 1010 1678 m
1025 1646 1182 1687 perdidit?

57 1695 146 1732 σπότῇ
179 1697 229 1728 τῆς
264 1696 366 1734 φύσεως
395 1695 510 1735 διέφερεν
537 1696 555 1729 ἠ
581 1694 752 1732 ἀνάκλησιςς
783 1705 833 1722 τινι
857 1692 880 1721 δ’
906 1691 988 1735 ἑτέρῳ
1015 1691 1030 1725 ἦ
1052 1692 1136 1728 τούτῳ
1159 1702 1232 1729 μονῳ
1255 1695 1294 1730 τῷ
1319 1693 1369 1727 τὴν
1395 1694 1466 1729 ζωᾋν
1494 1693 1617 1723 δεδωκότι
1639 1693 1746 1725 δυνατὸν

54 1738 91 1771 ἧν
114 1739 158 1766 καὶ
172 1737 307 1777 ἁρμόδιον,
323 1734 457 1768 ἀνασῶσαι
482 1739 561 1769 πάλιν
584 1742 622 1776 τῷ
646 1738 745 1772 ταύτην
760 1737 787 1771 ἐξ
801 1740 880 1767 αυτοῦ
895 1734 1001 1763 λαϐόντι
1017 1735 1061 1763 καὶ
1075 1735 1245 1775 ἐπολέσαντις

99 1777 214 1821 β”Αλλ’
238 1783 312 1821 ὅμως
339 1784 384 1811 καὶ
414 1783 482 1821 μετὰ
505 1782 607 1814 πολλὰς
632 1783 679 1814 τὰς
702 1782 786 1813 ἰάσεις
801 1780 882 1825 ἂςντῇ

980 1783 991 1807 ‘.
1011 1777 1071 1809 Sed
1085 1781 1150 1825 post
1164 1778 1255 1825 multa
1269 1779 1432 1825 sanationis
1456 1781 1658 1822 experimenta
1682 1792 1749 1825 quas

59 1828 284 1866 πραγματισθείσῃ
316 1828 390 1868 φύσει
424 1830 478 1856 τῶν
506 1827 649 1867 ἀνθρώπων
676 1828 726 1856 ὑπὸ
753 1830 800 1856 τοῦ
827 1824 881 1853 δει-

980 1822 1270 1868 immuni‘hominum
1287 1823 1372 1854 hoste
1397 1824 1474 1864 passi
1489 1834 1605 1866 sumus,
1623 1822 1747 1860 morhus

60 1875 106 1899 σοῦ
120 1866 328 1911 πολεμήτοροςί
342 1873 356 1900 6
379 1874 429 1904 τῆς
458 1866 560 1912 φύσεως
590 1871 727 1905 Δεσπότης
741 1871 881 1910 προσήγα-

980 1875 1022 1897 en
1044 1866 1164 1912 restitit,
1193 1871 1296 1912 contra
1324 1876 1413 1908 quem
1441 1875 1555 1901 natura;
1582 1870 1738 1911 Dominus,

61 1925 105 1953 γεν
141 1916 178 1946 ὡς
214 1910 319 1954 ἄριστος
347 1915 434 1954 ἰατρὸς
462 1910 529 1943 κατὰ
556 1914 693 1955 διαφόρως
722 1914 805 1946 αῐτίας
839 1913 883 1942 καὶ

980 1914 1028 1957 ote_
1041 1910 1168 1957 optimus
1183 1911 1330 1957 medicus,
1348 1911 1428 1957 varia
1442 1914 1606 1946 secundum
1623 1910 1740 1957 tempoL

61 1958 183 1998 χρόνους,
207 1958 283 1997 ἔμενε
306 1959 336 1987 τὸ
360 1959 442 1987 κακὸν
469 1954 623 1998 ἀδιόρθωτον
642 1967 649 1976 ·
677 1958 741 1987 ποτὶ
769 1958 817 1996 μὲν
833 1957 882 1996 γὰρ

980 1954 1223 1986 ινὶοἰεείιυόὶηεε
1246 1956 1382 1988 adhibuit
1406 1957 1635 1998 medicamenta,
1652 1954 1742 1992 modo

59 2004 96 2034 ὡς
122 2002 189 2036 ἤπια
216 2003 342 2044 φάρμακα
375 2006 495 2043 προσῆγε
529 2003 576 2035 τὰς
612 2003 758 2043 εὐεργεσίας
785 2004 856 2039 αὒτῷ
872 2011 879 2019 ’

980 1999 1012 2044 ia,
1029 1998 1116 2044 modo
1131 1999 1274 2044 efﬁcacia,
1289 2003 1321 2031 ut
1336 2000 1436 2040 plagas
1449 2007 1480 2032 et
1491 2003 1634 2042 vulnera;
1652 2004 1741 2037 modo

59 2044 122 2076 ποτὲ
145 2046 173 2075 δὲ
197 2042 234 2080 ὠς
255 2042 401 2087 ὃραστηριαγ
421 2048 466 2076 καὶ
490 2047 524 2082 τὴ
550 2049 633 2085 σῆψιν
657 2042 879 2086 ἆποκαθαίροντα,

982 2043 1050 2083 igne
1064 2043 1254 2088 alloquendo,
1270 2048 1302 2074 ut
1324 2044 1470 2076 Adamum
1494 2052 1559 2087 post
1574 2052 1743 2088 transgres-

61 2091 79 2125 ἢ
110 2091 153 2119 καὶ
186 2091 315 2123 πολλάκις
349 2091 575 2120 καταναλίσκοντα
604 2091 712 2132 ἐπέφερε
737 2092 785 2123 τὰς
812 2089 881 2124 πλη-

980 2096 1034 2118 lem
1048 2087 1198 2132 mandati;
1212 2091 1244 2118 ut
1258 2088 1394 2127 Cainum,
1408 2099 1496 2130 quem
1511 2091 1547 2122 ad
1565 2092 1631 2124 vitae
1645 2087 1739 2124 mise-

61 2135 107 2173 γάς
125 2144 132 2153 ⁸
161 2135 205 2163 καὶ
233 2134 307 2191 not/6P
323 2135 370 2173 μὲν
389 2134 462 2191 λόγξρ
483 2135 645 2191 ξπαιδευσεν,
665 2137 702 2189 (of
726 2136 772 2163 τὸν
795 2132 895 2191 Ἀδαμ]

993 2131 1200 2191 condemnavit
1214 2143 1222 2168 ;
1239 2132 1316 2163 sicut
1331 2132 1419 2164 etiam
1436 2135 1545 2166 Noacbi
1557 2145 1671 2168 coaevos
1687 2147 1742 2177 per

984 2176 1060 2191 ..Ξ-..Μ
1087 2185 1101 2191 λ
1150 2176 1270 2191 ..-ἕηκε-..ι
1296 2176 1408 2191 ...ι-ζηζι
1446 2178 1506 2191 ιι..-
1535 2189 1544 2191 _
1555 2189 1563 2191 _
1574 2190 1580 2191 κ
1591 2189 1599 2191 α
1609 2180 1646 2191 ju
1732 2181 1741 2191 e

63 2179 126 2216 μετὰ
148 2179 197 2212 τὴν
219 2177 378 2219 παράϐασιν,
405 2179 448 2207 καὶ
471 2179 518 2207 τὸν
540 2180 606 2208 Κάϊν
632 2180 699 2218 μετὰ
724 2190 774 2213 την
799 2175 895 2206 ἀδελ-¹

980 2176 1062 2221 .vium
1086 2175 1124 2206 ob
1148 2176 1274 2208 crimina
1296 2176 1421 2217 punivit.
1445 2178 1509 2210 Huc
1532 2180 1649 2212 accedit
1662 2175 1743 2221 quod

61 2224 195 2262 φοκτονίαν
213 2231 220 2238 ·
250 2223 315 2251 ποτὲ
346 2222 373 2250 δὲ
400 2222 546 2263 εὐηργέτει,
576 2224 613 2254 ὡς
638 2224 683 2252 τὸν
704 2221 798 2260 Ἀδὰμ,
817 2223 878 2251 ἐπι-

981 2220 1073 2251 titiam
1102 2229 1203 2252 eorum
1239 2222 1288 2261 qui
1331 2221 1439 2252 celsam
1476 2224 1584 2255 turrim
1608 2220 1741 2257 adifica-

63 2270 185 2306 χορηγῶν
200 2267 232 2295 τὰ
246 2265 364 2307 χρειώδη
389 2270 423 2305 τῇ
447 2267 523 2306 σαρκὶ
547 2267 615 2304 μετὰ
638 2267 687 2300 τὴν
707 2265 853 2305 παράϐασιν
868 2275 877 2285 ο

980 2269 1001 2302 t,
1014 2264 1182 2304 linguarum
1193 2265 1368 2296 confusione
1379 2266 1457 2297 ultus
1468 2272 1523 2306 est,
1535 2272 1563 2299 et
1572 2269 1637 2309 pari
1649 2269 1738 2301 modo

61 2311 102 2339 καὶ
124 2311 168 2340 τὸν
189 2311 237 2349 μὲν
262 2311 329 2340 Κάϊν
357 2311 443 2348 στόνῳ
470 2311 513 2339 καὶ
541 2311 632 2351 τρόμῳ
654 2309 804 2347 κατεδίκαζε
825 2314 878 2340 τῶν

981 2309 1085 2340 omitas
1100 2313 1221 2350 propter
1243 2318 1341 2340 mores
1363 2315 1522 2352 corruptos
1536 2321 1625 2344 manu
1639 2313 1739 2345 valida

63 2355 159 2383 οἰκείων
175 2354 261 2392 μελῶν
278 2363 286 2371 ·
313 2356 373 2387 τοὺς
398 2355 431 2383 αὖ
457 2355 500 2383 ἐπὶ
524 2359 582 2384 Νῶε
604 2355 676 2384 ὕδατι
701 2354 877 2393 κατακλυσμῷ

980 2353 1053 2384 avit.
1065 2353 1131 2384 Alio
1142 2363 1229 2394 porro
1240 2358 1386 2393 tempore,
1411 2355 1516 2396 Moysis
1532 2357 1665 2398 inquam,
1681 2367 1736 2398 per

63 2397 102 2426 διὰ
127 2399 156 2427 τὸ
184 2399 370 2438 κιεφθαρμένον
408 2401 457 2433 τῆς
486 2399 572 2428 αὒτων
599 2400 775 2440 προαιρέσεως
795 2408 801 2415 ·
833 2400 877 2428 καὶ

980 2407 1012 2428 ειη
1025 2397 1163 2438 scriptam
1173 2398 1349 2439 [Egyptiaca
1357 2399 1558 2432 incredulitati
1565 2397 1736 2434 mederivo-

60 2442 116 2474 τοὺς
143 2442 190 2479 μὲν
217 2442 244 2470 ἐν
271 2445 306 2481 τῇ
330 2443 487 2483 πυργοποιίᾳ
513 2447 566 2472 τῶν
595 2443 722 2483 γλωσσῶν
750 2444 875 2484 συγχύσει

980 2468 981 2473 η
1007 2445 1041 2472 ιιι
1062 2445 1165 2482 pestea
1185 2452 1238 2483 per
1260 2445 1420 2484 prophetas
1444 2445 1625 2478 voluntatem
1653 2456 1739 2479 suam

62 2484 101 2513 διὰ
114 2486 161 2519 τήν
175 2486 300 2515 ἀπόνοιαν
314 2494 321 2502 ’
344 2487 404 2519 τοὺς
432 2487 459 2515 δὲ
483 2487 509 2516 ἐν
535 2487 660 2526 Ζοδόμοις
679 2487 721 2516 διὰ
735 2488 785 2522 τὴν
800 2487 877 2516 ἀσέλ-

982 2485 1066 2523 cavit,
1083 2485 1113 2516 id
1128 2495 1249 2526 semper
1262 2496 1351 2527 agens
1368 2492 1400 2520 ut
1413 2498 1508 2527 genus
1523 2489 1686 2522 humanum
1704 2492 1735 2523 in

61 2540 128 2569 γειαν
145 2538 152 2545 ·
175 2529 301 2577 ὁδηγήσει
322 2530 350 2559 δέ
370 2542 434 2560 ποτε
455 2533 499 2560 καὶ
520 2531 563 2560 διὰ
586 2533 667 2570 νόμου
694 2535 811 2572 γραπτοῦ
838 2533 875 2564 ὡς

981 2529 1075 2561 tinum
1089 2534 1196 2577 statum
1221 2536 1383 2565 revocaret.
1410 2534 1455 2566 0b
1480 2534 1512 2565 id
1537 2535 1617 2567 enim
1640 2536 1739 2577 ipsum

63 2574 101 2603 ἐπὶ
127 2574 242 2607 Μωσέως
271 2574 312 2603 διὰ
345 2576 390 2604 τὸν
423 2577 583 2615 συνηθισμὺν
617 2579 666 2610 τῆς
695 2577 875 2615 ᾼὶγυπτιακῆς

980 2584 1032 2606 'ses
1046 2578 1076 2606 et
1090 2575 1243 2616 prophetae
1257 2580 1326 2608 sunt
1340 2577 1480 2611 instituti.

61 2619 195 2653 ἀθεότητος
212 2626 220 2634 '
252 2619 313 2648 εἶτα
339 2619 383 2648 καί
420 2619 461 2648 διὰ
499 2623 642 2660 προφητῶν
671 2620 800 2652 πολλάκις
832 2619 1002 2661 παρήγγελλε
1033 2629 1040 2638 '
1076 2620 1120 2648 καὶ
1154 2619 1242 2648 πολλά
1276 2632 1334 2650 τινα
1369 2624 1412 2651 καὶ
1445 2623 1551 2652 ποικίλα
1579 2624 1741 2654 ἐπεδείκνυτο

62 2664 92 2691 τά
122 2664 290 2703 ἱατρεύματα,
317 2662 340 2691 δ’
372 2665 409 2692 ὧν
443 2664 492 2698 τὴν
529 2668 658 2704 περοῦσαν
684 2665 759 2705 φύσιν
794 2666 830 2697 εἱς
862 2666 893 2694 τὸ
919 2665 1034 2704 ἀρχαῖον
1068 2663 1249 2698 ἀνακληθῆναι
1284 2665 1315 2693 τὺ
1350 2666 1558 2707 σπουδαζόμενον
1589 2669 1622 2703 ἧν
1654 2679 1663 2688 ³
1699 2669 1741 2698 διὰ

63 2711 131 2749 τοὺτο
142 2708 226 2736 τοίνυν
241 2708 255 2735 ὁ
270 2707 351 2744 νόμος
365 2708 409 2735 καὶ
423 2709 446 2736 οἱ
460 2711 605 2749 προφῆται.

99 2745 124 2789 γ’
137 2749 209 2778 Ἀλλ’
224 2753 253 2780 οὗ
281 2750 382 2779 δέδοται
410 2745 492 2782 ταῦτα
519 2745 578 2785 τοῖς
607 2753 686 2782 ἅπασι
701 2761 710 2771 ·
740 2753 831 2792 μόνοις
847 2752 875 2782 δὲ

980 2775 984 2782 .
1002 2752 1065 2783 Hoc
1080 2755 1177 2783 autem
1192 2761 1253 2784 non
1267 2753 1417 2793 omnibus,
1434 2755 1486 2787 sed
1502 2755 1539 2788 iis
1553 2759 1667 2789 tantum
1683 2757 1739 2788 de-

63 2800 117 2827 τοτς
129 2792 155 2827 ἐξ
169 2792 297 2834 Ἀϐραὰμ,
312 2797 349 2828 ὡς
377 2795 470 2836 ἐκεὶνῳ
491 2796 624 2837 ὑπέσχετο
640 2806 650 2817 ⁸
673 2796 731 2828 οὐδὲ
745 2798 795 2838 γὰρ
809 2809 876 2828 τοσ-

996 2795 1052 2828 fuit
1066 2796 1118 2838 qui
1133 2806 1169 2828 ex
1193 2797 1362 2830 Abrahamo
1383 2800 1441 2833 orti
1465 2805 1560 2835 erant.
1576 2801 1643 2834 Non
1657 2801 1737 2834 enim
