3966 6148
189 284 3558 326 ἑ.-

1590 475 1764 519 ANNO
1803 470 2039 516 DOMINI
2080 469 2194 514 MV.

1387 663 2410 844 ANONYMI

379 1009 1038 1208 VITA
1172 1000 1354 1210 S.
1480 996 2045 1204 NILI
2174 988 3401 1203 JUNIORIS

898 1348 1217 1414 ABBATIS
1256 1347 1582 1414 GRYPTE
1622 1342 2003 1410 FERRATZE
2045 1341 2131 1407 IN
2174 1338 2380 1405 ΑΕΗΘ
2423 1337 2876 1403 TUSCULANO

1161 1605 2013 1757 GO'MMENTAlilUS
2113 1601 2622 1692 PREVIUS

623 1775 804 1856 (Acta
837 1775 1233 1838 Sanctorum
1262 1775 1591 1852 Bolland.,
1628 1770 1979 1854 Septembr.
2012 1774 2163 1835 tom.
2198 1770 2335 1848 VII,
2366 1767 2446 1832 ad
2476 1767 2645 1833 diem
2673 1764 2774 1847 26,
2807 1781 2952 1848 pag.
2985 1764 3156 1848 279.)

435 2029 686 2092 Notitia
721 2031 1011 2093 locorum
1043 2053 1056 2094 :
1097 2031 1234 2094 Vita
1260 2031 1491 2096 Sancti
1517 2033 1760 2112 scripta
1789 2048 1830 2092 α
1861 2032 2401 2107 contemporaneo
2435 2045 2448 2088 :
2484 2024 2627 2104 ejus
2656 2023 3076 2088 chronotawis
3107 2023 3362 2107 aliqua.

285 2243 342 2303 t.
371 2240 657 2300 Sanctum
691 2238 893 2301 Nilum
927 2238 1197 2300 abbatem
1248 2239 1514 2320 nomino,
1552 2246 1609 2300 et
1639 2237 1860 2320 Cryptas
1939 2252 2031 2296 nze
2085 2251 2246 2315 pars.
2297 2231 2517 2295 Civitas
2556 2230 2642 2294 ibi
2687 2231 3044 2314 episcopalis
3086 2239 3198 2308 est,
3247 2251 3427 2315 quam
3466 2233 3602 2299 Itali

202 2324 464 2388 Ferrataz
496 2326 734 2396 nuntio,
769 2335 1044 2408 tanquam
1079 2328 1366 2389 siibidem
1399 2328 1556 2390 diem
1582 2327 1855 2390 obiisset:

208 2415 496 2475 usitatum
548 2413 618 2473 ab
670 2414 800 2476 aliis
849 2418 1071 2476 morem
1119 2416 1336 2498 potius,
1390 2435 1563 2497 quam
1595 2425 1860 2478 nostrum

213 2503 566 2581 scrupulose
595 2511 853 2566 secutus.
901 2503 1277 2566 Praelaturam
1303 2549 1305 2551 ι
1327 2505 1679 2568 abbatialem
1713 2522 1865 2567 sem-

220 2609 328 2669 per
357 2590 445 2651 sic
476 2590 790 2651 declinavit
831 2600 1090 2664 sanctus,
1133 2602 1191 2652 ut
1226 2603 1424 2656 tamen
1455 2611 1693 2673 semper
1721 2593 1862 2654 sub-

219 2679 372 2739 ditos
416 2686 476 2739 et
521 2697 807 2759 sequaces
854 2681 1179 2743 monachos
1229 2683 1515 2760 plurimos
1539 2682 1862 2760 ghabuerit.

220 2767 382 2829 Obiit
409 2775 602 2829 autem
659 2769 717 2830 in
769 2769 1133 2830 monasterio
1182 2767 1243 2832 S.
1296 2770 1560 2848 Agathae,
1612 2770 1866 2832 distante

226 2853 400 2916 tertio
425 2855 658 2917 milliari
679 2875 713 2916 a
737 2857 1375 2937 Cryptze-Ferratensi,
1409 2858 1480 2919 ad
1513 2859 1671 2939 quod
1701 2876 1869 2927 sacra

226 2944 358 3023 ejus
386 2943 617 3005 cimelia
650 2945 928 3007 translata
950 2948 1138 3024 fuere,
1173 2946 1414 3027 ubique,
1440 2955 1504 3009 ut
1534 2947 1712 3027 primi
1742 2949 1870 3026 ejus

221 3032 470 3094 abbatiae
498 3033 850 3106 fundatoris,
877 3033 1174 3114 pracipuo
1210 3036 1437 3099 honore
1459 3035 1617 3097 culta
1647 3044 1704 3098 et
1725 3053 1868 3114 pro-

221 3121 398 3201 digiis
445 3140 477 3182 a
506 3121 630 3183 Deo
684 3122 974 3184 illustrata
1014 3123 1205 3186 fuere.
1251 3123 1541 3186 Baronius
1589 3123 1663 3186 ad
1712 3125 1871 3188 hunc

224 3211 385 3272 diem
413 3210 490 3271 26
522 3208 893 3292 Septembris
925 3211 984 3272 S.
1022 3213 1219 3273 Nilum
1253 3214 1333 3273 ita
1378 3213 1606 3275 nuntiat
1648 3213 1709 3273 in
1747 3213 1870 3275 Ro-

227 3318 403 3360 mano
434 3301 879 3380 Martyrologio:
945 3320 973 3362 ‹
1026 3303 1091 3364 In
1123 3319 1261 3380 agro
1291 3301 1624 3364 Tusculano
1656 3304 1723 3366 B.
1756 3301 1874 3364 Nili

227 3388 478 3464 abbatis,
513 3389 844 3450 fundatoris
868 3390 1208 3450 monasterii
1229 3391 1453 3471 Cryptae
1477 3393 1876 3452 Ferrataema-

227 3495 356 3557 gnte
377 3477 703 3538 sanctitatis
735 3477 868 3537 viri.
923 3503 951 3532 ι)
989 3480 1232 3540 Frustra
1257 3479 1442 3540 sancti
1470 3497 1689 3542 nomen
1720 3479 1875 3560 apud

232 3565 654 3644 martyrologos
702 3565 982 3627 classicos
1015 3585 1242 3647 quaeras
1274 3587 1406 3629 cum
1451 3567 1570 3630 illis
1601 3568 1877 3629 omnibus

232 3654 309 3714 sit
359 3654 676 3732 posterior,
724 3661 929 3734 utpote
973 3663 1196 3716 tantum
1241 3656 1408 3717 initio
1459 3658 1658 3718 saeculi
1703 3675 1758 3719 x1
1803 3655 1876 3717 ad

233 3759 482 3821 superos
525 3744 866 3805 translatus.
920 3742 1115 3812 Wion,
1167 3746 1501 3821 Menardus,
1550 3744 1876 3824 Dorganius

232 3829 395 3890 fastis
438 3830 620 3890 sacris
679 3830 1203 3893 Benedictinorum
1252 3832 1543 3895 insertum
1605 3834 1871 3895 habent:

231 3917 392 3995 quia,
441 3917 671 3979 etiamsi
730 3937 848 3978 non
906 3919 1081 3981 fuerit
1143 3922 1486 3983 monachus
1524 3922 1750 3983 ordinis
1810 3920 1872 3983 S.

230 4005 681 4079 Benedicti,sed
706 4004 770 4070 S.
791 4007 1013 4083 Basilii,
1035 4030 1058 4064 α
1095 4008 1416 4083 diutamen,
1447 4011 1880 4091 inquitMenar—

236 4093 348 4155 dus
377 4095 438 4154 in
484 4095 1038 4173 Observationibus,
1092 4098 1373 4160 habitavit
1422 4100 1480 4160 in
1517 4102 1878 4162 monasterio

239 4181 300 4245 S.
338 4181 627 4244 Bonifacii
654 4191 713 4244 et
741 4185 932 4246 Alexii
970 4177 1195 4264 Romte,
1245 4188 1402 4270 quod
1444 4197 1532 4250 est
1561 4189 1789 4250 ordinis
1815 4187 1878 4252 S.

238 4270 575 4334 Benedicti.
630 4296 656 4326 »
705 4271 890 4343 Quam
925 4273 1026 4335 diu
1081 4275 1300 4338 ibidem
1346 4279 1540 4356 egerit
1583 4277 1642 4339 S.
1691 4276 1880 4353 Nilus,

236 4359 295 4421 in
318 4361 581 4421 decursu
613 4359 962 4426 videbimus:
995 4363 1232 4426 interim
1260 4366 1596 4446 dispiciant,
1631 4385 1882 4448 quorum

238 4449 508 4525 interest,
575 4468 649 4510 an
695 4450 818 4512 haec
872 4452 1018 4514 ratio
1073 4452 1149 4515 sit
1195 4455 1519 4531 sufﬁciens,
1553 4465 1618 4518 ut
1647 4467 1886 4519 sanctus

242 4539 375 4620 quis
404 4537 601 4599 ordini
623 4539 874 4619 cuipiam
908 4544 1260 4604 ascribatur.
1297 4543 1602 4605 Ferrarius
1633 4546 1694 4606 in
1711 4544 1886 4607 Cata-

241 4627 377 4704 logo
429 4638 766 4690 sanctorum
805 4626 988 4689 Italiae
1033 4629 1273 4692 uberius
1318 4631 1391 4694 de
1443 4635 1507 4696 S.
1566 4634 1700 4696 Nilo
1745 4634 1886 4713 agit,

244 4715 630 4788 contrahens,
661 4733 794 4796 quae
833 4717 989 4798 apud
1019 4717 1338 4782 Baronium
1368 4722 1429 4783 in
1461 4721 1792 4784 Annalibus
1821 4721 1892 4782 ad

248 4821 472 4864 annum
501 4803 622 4866 9³76
652 4812 710 4864 et
738 4803 879 4865 alibi
909 4825 1112 4887 sparsa
1139 4808 1380 4887 legerat.
1413 4809 1676 4872 Junioris
1706 4828 1894 4889 agno-

248 4910 386 4955 men
420 4892 665 4955 sortitus
697 4902 784 4954 est
811 4903 1052 4958 sanctus
1095 4897 1277 4961 abbas
1323 4899 1726 4961 distinctionis
1758 4916 1896 4977 ergo

247 5001 380 5042 cum
412 4981 600 5042 altero
630 4981 985 5064 homonymo
1019 4983 1082 5049 S.
1114 4985 1246 5048 Nilo
1273 4986 1479 5050 itidem
1513 4987 1742 5062 Graeco,
1797 4984 1900 5066 qui

250 5067 574 5131 Theodosii
591 5068 851 5131 Junioris
871 5074 1263 5155 temporibus,
1284 5076 1609 5138 honoribus
1632 5083 1692 5138 et
1714 5074 1900 5137 titulis

252 5156 542 5237 excussis,
558 5159 985 5221 monasterium
999 5164 1504 5244 ConstantinOpoli
1519 5182 1752 5227 summa
1764 5181 1901 5226 cum

252 5246 429 5309 laude
458 5244 916 5310 administravit.
949 5249 1034 5311 De
1065 5251 1164 5313 illo
1195 5251 1464 5314 doctrina
1494 5260 1555 5315 et
1583 5255 1898 5316 sanctitate

251 5333 479 5398 celebri
525 5336 817 5414 agendum
863 5339 1062 5403 veniet
1090 5340 1163 5402 ad
1213 5341 1372 5407 diem
1421 5344 1495 5406 12
1522 5340 1894 5419 Novembris,

250 5443 367 5504 quo
403 5425 670 5512 Romano
700 5423 1120 5512 Martyrologio
1155 5428 1477 5512 inscriptus
1508 5431 1745 5510 legitur.

339 5512 399 5575 ‘2.
434 5511 538 5574 Est
564 5531 739 5594 porro
768 5511 1138 5579 Tusculanus
1177 5511 1359 5597 ager,
1397 5518 1498 5580 ubi
1549 5520 1806 5582 decessit
1834 5518 1897 5584 S.

264 5601 455 5678 Nilus,
489 5598 751 5665 Romano
782 5601 1130 5683 proximus:
1161 5605 1282 5670 imo
1312 5607 1645 5690 Campania:
1673 5609 1901 5674 Roma-

582 5710 844 5778 Pcraon.
875 5712 990 5779 Gn.
1022 5712 1202 5781 CXX.

1942 2323 2248 2398 Frascati,
2278 2321 2541 2402 indeque
2571 2321 2939 2384 recentiores
2969 2322 3208 2402 quidam
3239 2325 3599 2387 Frascatam

1943 2411 2146 2474 Latine
2178 2409 2509 2491 appellant:
2556 2409 2734 2472 distat
2785 2411 2854 2473 12
2904 2410 3254 2473 milliaribus
3285 2411 3358 2474 ab
3407 2411 3597 2492 Urbe,

1944 2501 2431 2581 contenduntque
2459 2499 2723 2580 plurimi,
2755 2501 2968 2562 eodem
3001 2501 3130 2562 loco
3158 2510 3328 2566 vetus
3360 2499 3602 2565 Tuscu-

1945 2591 2066 2654 lum
2097 2590 2305 2666 fuisse,
2340 2606 2372 2649 a
2403 2589 2559 2668 quod
2597 2589 2824 2650 vicinus
2853 2607 2994 2668 ager
3021 2589 3216 2652 adhuc
3245 2609 3469 2652 nomen
3501 2609 3605 2654 re-

1946 2681 2110 2742 tinet.
2147 2677 2290 2739 Inde
2320 2676 2393 2738 ad
2427 2676 2742 2738 meridiem
2789 2696 2906 2738 uno
2951 2678 3192 2741 circiter
3225 2678 3466 2741 milliari
3490 2679 3602 2743 de-

1947 2767 2328 2841 clinantibus,
2361 2765 2459 2826 ubi
2493 2765 2631 2826 olim
2665 2765 2889 2828 Luculli
2930 2767 3066 2829 villa
3114 2768 3224 2831 fuit
3275 2767 3351 2830 ad
3389 2787 3600 2849 aquam

1949 2857 2255 2931 Crabram,
2281 2853 2789 2916 occurritcelebre
2806 2856 3172 2937 coenobium,
3191 2857 3348 2937 quod
3379 2857 3443 2920 S.
3475 2856 3606 2919 Nilo

1947 2953 2147 3007 nostro
2171 2943 2405 3004 initium
2431 2961 2600 3004 suum
2633 2951 2690 3005 et
2721 2943 3102 3023 splendorem
3135 2945 3351 3010 debet:
3392 2947 3608 3010 Grotta

1955 3034 2215 3098 Ferrato
2229 3031 2300 3093 ab
2316 3029 2636 3110 indigenis,
2659 3049 2693 3093 a
2718 3032 2936 3093 Latinis
2958 3051 3094 3094 vero
3130 3034 3362 3115 Crypta
3382 3035 3611 3098 Ferra-

1953 3131 2016 3186 ια
2035 3123 2341 3186 vocitatur.
2358 3119 2931 3199 Nominisoriginem
2947 3121 3249 3184 deducunt
3263 3124 3362 3185 alii
3382 3143 3608 3205 aspecu

1952 3230 2128 3294 quem
2161 3208 2502 3270 incolebant
2533 3209 2832 3284 monachi,
2859 3210 3076 3290 quique
3109 3213 3321 3273 ferreis
3365 3213 3609 3274 clathris

1953 3298 2360 3373 claudebatur,
2392 3306 2456 3358 ut
2486 3298 2886 3359 contendunt:
2918 3317 2952 3359 a
2981 3299 3122 3361 ferri
3153 3300 3380 3362 ibidem
3415 3301 3610 3364 abun-

1954 3389 2155 3451 dantia
2185 3386 2455 3449 derivant
2484 3385 2607 3446 alii.
2656 3385 2982 3449 Kircherus
3031 3387 3092 3449 in
3143 3389 3307 3450 Latio
3357 3389 3614 3470 Cryptae-

1953 3475 2325 3541 Ferratensis
2355 3473 2604 3535 abbatiae
2643 3474 2883 3536 exordia
2930 3473 3363 3539 Bartholomazo
3397 3476 3457 3539 S.
3493 3477 3613 3540 Nili

1955 3565 2248 3646 discipulo
2280 3564 2559 3626 ascribit:
2608 3562 2775 3624 illum
2803 3563 3072 3643 sequitur
3099 3564 3306 3627 Piazza
3345 3565 3408 3628 in
3439 3565 3612 3628 Hier-

1956 3654 2160 3716 archia
2189 3651 2609 3716 Cardinalitia:
2644 3659 2702 3712 at
2723 3650 2877 3713 infra
2903 3652 3263 3736 videbimus,
3295 3672 3612 3736 perperam

1957 3743 2017 3804 id
2083 3741 2234 3822 fieri,
2285 3741 2658 3821 primumque
2701 3740 2860 3802 illius
2901 3749 3207 3806 auctorem
3264 3743 3612 3805 habendum

1958 3849 2089 3892 esse
2120 3839 2389 3892 sanctum
2425 3837 2716 3906 nostrum,
2746 3829 2821 3890 de
2859 3849 2976 3910 quo
3029 3849 3216 3912 pauca
3263 3831 3612 3913 admodum,

1960 3927 2018 3981 et
2074 3918 2123 3980 si
2190 3917 2598 3980 clironotaxim
2657 3935 3028 3998 examenque
3089 3929 3616 3982 monumentorum

1959 4027 2063 4069 seu
2092 4006 2239 4070 Vita:
2270 4005 2598 4086 exceperis,
2635 4006 2799 4068 nulla
2838 4006 2962 4068 fere
2994 4007 3092 4070 hic
3124 4025 3380 4087 operose
3410 4008 3619 4072 discu-

1959 4099 2166 4163 tienda
2209 4104 2364 4158 sunt.
2412 4093 2579 4166 Quod
2625 4113 2802 4174 porro
2851 4095 2923 4156 ad
2971 4094 3034 4158 S.
3086 4096 3206 4159 Nili
3261 4095 3450 4176 Vitas,
3511 4116 3619 4161 seu

1962 4186 2155 4268 potius
2183 4184 2376 4248 Vitam
2407 4190 2656 4263 spectat,
2690 4183 2883 4245 omnis
2906 4183 3030 4247 fere
3055 4185 3370 4248 difﬁcultas
3401 4187 3464 4249 in
3489 4187 3622 4266 ejus

1965 4283 2204 4336 auctore
2234 4272 2640 4350 investigando
2673 4271 2784 4334 sita
2807 4281 2933 4336 est:
2971 4273 3278 4336 leviusculi
3323 4277 3486 4336 enim
3519 4293 3621 4337 er-

1963 4381 2132 4425 rores
2163 4362 2334 4424 facile
2363 4359 2637 4440 scriptori
2663 4367 2948 4442 poterunt
2989 4362 3316 4442 indulgeri,
3367 4363 3418 4424 si
3444 4363 3622 4426 modo

1969 4453 2096 4531 ejus
2127 4451 2276 4513 ﬁdes
2302 4449 2693 4512 etauctoritas
2723 4450 2967 4514 aliunde
3001 4451 3370 4532 probabitur.
3417 4450 3477 4514 S.
3505 4451 3624 4516 Nili

1967 4540 2104 4602 Vita
2133 4537 2484 4620 primigenia
2529 4536 2732 4600 Graeca
2783 4548 2892 4616 est,
2942 4559 3009 4602 ex
3057 4560 3270 4624 eaque,
3322 4542 3385 4604 ni
3426 4542 3623 4617 fallor,

1971 4629 2168 4703 unica,
2204 4627 2557 4708 prodierunt
2606 4627 2753 4690 Vitze
2797 4629 3019 4692 Latinae
3067 4649 3174 4712 pro
3217 4631 3623 4712 interpretum

1975 4717 2254 4779 methodo
2281 4715 2513 4777 diversa
2551 4724 2856 4798 utcunque
2903 4719 3059 4782 inter
3087 4737 3152 4781 se
3182 4718 3622 4801 discrepantes.

1973 4806 2134 4867 illam
2183 4803 2442 4881 assignat
2489 4805 2780 4868 Baronius
2830 4806 2892 4867 in
2921 4806 3250 4870 Annalibus
3292 4808 3366 4870 ad
3406 4826 3628 4870 annum

1975 4893 2197 4958 Christi
2227 4894 2366 4974 976,
2395 4912 2558 4954 num.
2593 4895 2632 4953 2
2665 4896 2723 4956 in
2751 4896 2994 4976 antiquo
3043 4895 3251 4959 codice
3281 4896 3630 4961 monasterii

1976 4981 2201 5064 Cryptze
2251 4983 2506 5045 Ferratce
2535 5001 2570 5043 a
2619 4983 2811 5045 sancti
2857 4982 3151 5066 discipulo
3191 4985 3578 5066 compositam
3613 5005 3630 5063 ;

1979 5072 2250 5136 eamdem
2299 5070 2544 5132 Barrius
2590 5070 2668 5134 de
2725 5072 3089 5154 Antiquitate
3141 5073 3427 5138 Calabriae
3454 5073 3562 5138 lib.
3593 5089 3634 5137 ν

1980 5179 2048 5222 ac
2090 5158 2348 5240 denique
2404 5158 2718 5222 Ferrarius
2771 5159 2836 5223 in
2891 5163 3293 5227 Annotatione
3348 5162 3631 5243 appellat.

1979 5247 2299 5312 Videamus
2373 5266 2574 5328 porro,
2624 5267 2701 5311 an
2757 5269 2896 5313 vere
2949 5269 3066 5314 una
3114 5251 3444 5333 eademque
3505 5252 3639 5318 Vita

1981 5337 2180 5401 Graeca
2224 5338 2321 5411 sit,
2355 5338 2512 5400 unde
2542 5337 2797 5402 diversae
2825 5339 3130 5402 versiones
3158 5341 3438 5424 profectae
3473 5349 3635 5406 sunt.

2062 5427 2122 5490 3.
2157 5425 2442 5488 Baronius
2476 5428 2750 5491 laudatus
2782 5432 2864 5490 ita
2891 5429 3192 5511 loquitur:
3257 5457 3282 5488 ιε
3332 5434 3515 5513 Cujus
3550 5429 3637 5512 (S.

1981 5516 2118 5589 Nili)
2147 5525 2454 5595 resgestas
2483 5515 2685 5580 Graece
2715 5519 3086 5601 conscriptas
3112 5519 3185 5584 ab
3202 5520 3333 5600 ejus
3349 5518 3642 5602 discipulo

1985 5605 2268 5671 Latinitas
2300 5604 2586 5670 hactenus
2633 5625 2941 5689 nunquam
2991 5609 3157 5677 vidit.
3207 5609 3323 5684 Qui
3368 5610 3534 5693 prius
3572 5625 3643 5670 ex

3137 5717 3164 5781 Ι
