3966 6148
314 209 375 278 11

303 349 542 431 antiquo
595 347 802 411 codice
851 347 1194 412 monasterii
1248 349 1474 432 Cryptae
1519 349 1777 412 Ferratae
1825 357 1950 412 tra-

301 437 453 500 didit
485 437 802 519 Lalinitati,
836 437 942 500 fuit
973 447 1176 500 noster
1204 439 1530 501 Federicus
1555 439 1789 514 Metius,
1823 439 1950 520 epi-

301 545 517 608 scopus
547 525 1026 600 Thermularum,
1062 545 1096 589 a
1145 547 1259 608 quo
1288 546 1393 607 ego
1439 528 1670 609 primus
1717 528 1946 608 accepi,

302 623 362 677 et
405 616 665 678 nonnula
715 634 783 676 ex
830 615 918 677 eis
965 632 1069 695 pro
1121 616 1353 678 ratione
1404 616 1687 695 temporis
1733 616 1949 677 nostris

300 705 632 768 Annalibus
647 712 977 785 opportuna
1003 703 1317 766 occasione
1347 705 1641 767 contexui.
1673 731 1699 761 ι
1725 704 1943 768 Eadem

299 793 402 856 illa
420 793 775 856 combinavit
807 810 874 853 ex
905 792 1161 854 Baronio
1186 790 1393 854 Surius
1422 801 1478 855 et
1508 793 1580 855 ad
1613 794 1769 854 hunc
1787 792 1942 856 diem

301 880 641 945 collectioni
712 899 834 942 suae
901 879 1172 942 inseruit.
1253 880 1600 944 Versionem
1682 881 1840 944 Metii
1911 900 1944 942 a

300 969 584 1034 Martenio
650 969 906 1031 inferius
970 968 1288 1042 laudando,
1363 968 1446 1030 uti
1519 977 1576 1031 et
1638 989 1672 1032 a
1724 970 1940 1032 Jacobo

301 1057 673 1131 Sciommari,
709 1056 934 1119 ordinis
984 1055 1046 1120 S.
1102 1057 1300 1119 Basilii
1347 1065 1407 1119 et
1434 1059 1660 1139 Cryplae
1683 1058 1942 1120 Ferratw

303 1149 592 1212 monacho
635 1146 697 1208 in
744 1145 909 1208 Notis
950 1145 1020 1207 ad
1071 1144 1264 1208 Vitam
1316 1144 1379 1208 S.
1429 1146 1840 1209 Bartholomaei
1868 1147 1940 1208 ab

301 1239 428 1319 ipso
458 1236 659 1300 Italice
689 1234 934 1308 editam,
981 1233 1218 1314 reperio
1249 1234 1624 1314 assignatam,
1659 1236 1764 1297 sed
1799 1253 1939 1316 prte-

301 1335 392 1390 ter
421 1344 492 1389 ea
517 1342 647 1407 quae
687 1322 813 1386 suis
839 1321 1169 1386 Annalibus
1199 1322 1450 1385 inseruit
1479 1323 1788 1404 Baronius,
1831 1324 1944 1384 alia

299 1434 418 1478 non
450 1412 685 1476 invenio
723 1431 740 1486 ;
787 1411 946 1472 unde
993 1410 1224 1487 dubito,
1271 1430 1344 1472 an
1394 1412 1731 1474 versionem
1774 1430 1938 1474 suam

299 1503 448 1585 typis
478 1500 732 1565 ediderit
757 1500 993 1574 Metius,
1027 1504 1086 1562 et
1114 1518 1232 1560 non
1265 1501 1442 1562 fuerit
1472 1501 1663 1582 potius
1709 1500 1772 1563 in
1827 1501 1944 1563 Ba-

299 1591 454 1654 ronii
481 1590 665 1652 solius
684 1587 928 1669 gratiam
950 1586 1254 1648 adornata.
1275 1587 1574 1669 Quidquid
1607 1589 1700 1664 sit,
1736 1608 1865 1670 quae
1896 1589 1946 1650 is

299 1680 474 1742 nobis
504 1699 570 1740 ex
619 1677 894 1740 versione
937 1675 1038 1737 illa
1081 1675 1545 1739 subministravit
1590 1677 1826 1740 abunde
1873 1678 1945 1740 ad

297 1787 425 1832 rem
467 1774 815 1848 praesentem
847 1773 1048 1827 erunt.
1078 1764 1427 1828 Edmundus
1454 1770 1714 1830 Martene
1746 1768 1946 1830 Colle-

302 1857 515 1920 ctionis
541 1863 810 1918 veterum
836 1851 1194 1933 scriptorum
1222 1860 1366 1918 tom.
1400 1854 1498 1930 VI,
1533 1855 1647 1918 col.
1673 1856 1811 1935 887,
1838 1856 1945 1916 Vi-

296 1964 413 2009 tam
474 1948 536 2008 S.
587 1942 701 2005 Nili
749 1940 1016 2002 inseruit.
1069 1941 1258 2018 Illam,
1307 1951 1372 2003 ut
1412 1945 1473 2004 in
1519 1941 1946 2006 Observatione

291 2035 513 2123 praevia
535 2039 762 2123 monet,
791 2030 962 2123 vertit
993 2049 1060 2091 ex
1090 2033 1297 2123 Grieco
1330 2032 1650 2123 cardinalis
1672 2035 1947 2110 Sirletus,

294 2119 680 2202 Latinamque
711 2120 839 2200 ejus
871 2119 1416 2199 interpretationem
1449 2121 1613 2182 illam
1649 2135 1953 2204 repererat

296 2217 440 2280 olim
475 2213 542 2274 in
575 2208 778 2271 codice
801 2208 1092 2269 Vaticano
1137 2205 1398 2270 Joannes
1433 2208 1748 2273 Durandus
1778 2232 1954 2275 accu-

295 2313 541 2383 rateque
587 2296 942 2376 descriptam
976 2295 1387 2360 transmiserat
1417 2299 1486 2360 ad
1521 2299 1951 2374 Mabillonium,

298 2394 474 2456 etiam
498 2383 989 2450 AdrianiValesii
1016 2384 1244 2463 judicio
1279 2385 1412 2448 luce
1447 2387 1685 2467 publica
1716 2388 1954 2466 dignam

301 2497 554 2561 moxque
585 2472 901 2561 edendam,
935 2471 1049 2532 nisi
1077 2473 1236 2561 varia
1265 2474 1458 2535 studia
1479 2475 1956 2556 impedivissent,

301 2559 634 2634 Versiontis
683 2559 1015 2625 Sirletianae
1075 2560 1250 2622 etiam
1310 2563 1581 2625 meminit
1629 2565 1958 2632 laudandus

298 2675 457 2739 saepe
489 2649 1218 2739 Sciommariuspejusque
1249 2652 1572 2739 exemplar.
1611 2673 1721 2716 ms.
1757 2667 1815 2718 et
1849 2677 1956 2720 nos

295 2736 584 2811 habemus
616 2760 682 2802 ex
729 2737 1111 2800 Bibliothecae
1162 2736 1458 2801 Vaticanze
1511 2742 1644 2804 cod.
1696 2763 1803 2804 ms.
1840 2746 1950 2808 sub

297 2853 464 2899 num.
501 2827 971 2910 6151,quiidem
993 2835 1100 2906 est,
1125 2826 1282 2888 unde
1312 2847 1480 2890 suum
1519 2834 1944 2914 apographum,

299 2922 622 3006 quodcum
675 2924 877 3006 nostro
923 2914 999 3006 ad
1039 2916 1242 3006 apices
1293 2917 1588 2996 convenit,
1623 2921 1947 2986 adornasse

303 3004 674 3084 Durandum,
711 3004 917 3069 scribit
947 3004 1290 3068 Martenius.

375 3221 434 3283 4.
459 3217 692 3297 Adjecit
723 3223 922 3276 nostro
955 3215 1415 3297 Papebrochius,
1453 3218 1754 3299 exemplar
1779 3217 1940 3282 Grae-

295 3329 428 3372 cum
482 3307 700 3368 vidisse
747 3323 810 3365 se
859 3305 916 3364 in
968 3305 1194 3384 Cryptze
1238 3304 1492 3366 Ferrataz
1549 3308 1931 3384 monasterio,

295 3395 713 3474 consuluitque
744 3411 939 3455 Coram
983 3391 1307 3454 Romanum
1341 3393 1632 3475 codicem,
1664 3395 1733 3456 ad
1759 3414 1935 3475 quem

293 3485 516 3568 aliquid
548 3481 904 3557 observavit,
955 3489 1018 3541 ut
1063 3480 1218 3542 infla
1262 3481 1616 3544 videbimus.
1668 3483 1939 3565 Denique

290 3576 552 3639 Joannes
604 3571 907 3634 Matthaeus
969 3569 1374 3650 Caryopltilus,
1447 3571 1938 3651 archiepiscolius

294 3661 643 3728 Iconiensis.
671 3657 953 3740 praeteriti
974 3659 1170 3719 saeculi
1191 3659 1356 3718 initio
1382 3659 1582 3719 Latine
1612 3660 1937 3723 vertituna-

293 3771 408 3835 que
463 3769 596 3812 cum
642 3756 802 3810 textu
853 3745 1055 3810 Graeco
1113 3764 1181 3807 ex
1239 3747 1464 3826 Cryplae
1522 3749 1777 3810 Ferrataz
1823 3769 1932 3811 ms.

293 3839 578 3904 Romanis
621 3836 882 3898 Zannctti
937 3835 1085 3916 typis
1127 3853 1280 3895 anno
1330 3837 1477 3897 1624
1526 3835 1713 3898 edidit
1741 3837 1934 3900 Vitam

295 3929 355 3994 S.
419 3928 561 4009 Nili,
607 3945 781 4007 quam
831 3924 1099 4006 queritur
1145 3942 1331 4004 usque
1387 3933 1509 3984 tum
1567 3924 1626 3986 in
1674 3927 1937 3989 tenebris

289 4018 615 4081 delituisse.
647 4013 982 4094 Caryophili
1013 4014 1320 4092 diligentia
1349 4020 1407 4073 et
1432 4013 1493 4073 in
1527 4014 1744 4075 Latinis
1773 4035 1936 4098 aeque

288 4127 358 4169 ac
387 4105 606 4170 Graecis
655 4103 864 4183 peritia
895 4101 1040 4163 nihil
1085 4101 1240 4161 circa
1269 4100 1460 4162 Vitam
1496 4103 1789 4182 przefatam
1823 4106 1936 4168 de-

291 4195 611 4258 sideratum
673 4191 974 4270 relinquit,
1038 4197 1248 4269 praeter
1296 4189 1518 4251 hiatum
1569 4192 1810 4254 unicum
1873 4193 1932 4255 in

289 4284 478 4366 capite
508 4282 567 4343 ἢ.
624 4278 679 4339 Is
729 4277 874 4339 mihi
913 4279 1156 4366 dubium
1216 4277 1440 4356 injecit,
1493 4298 1564 4339 an
1606 4280 1814 4343 saltem
1862 4302 1930 4343 ex

287 4365 496 4435 eodem
512 4365 1472 4447 CryptaeFerratensismonasterii
1495 4369 1700 4430 codice
1731 4368 1930 4433 Sirleti

281 4461 474 4524 versio
493 4459 755 4543 profecta
773 4457 870 4535 sit,
899 4473 1030 4515 cum
1055 4454 1114 4514 in
1138 4454 1472 4536 Caryophili
1499 4465 1651 4518 textu
1685 4458 1927 4536 omissa,

281 4551 428 4612 duas
459 4553 584 4612 fere
613 4547 919 4610 columnas
947 4543 1007 4605 in
1038 4543 1303 4606 Martenii
1335 4545 1594 4607 editione
1618 4548 1922 4628 impleant.

283 4641 355 4702 At
385 4657 620 4702 summo
651 4635 790 4698 alibi
825 4637 1040 4714 passim
1072 4634 1458 4695 consonantia
1483 4636 1710 4716 peperit
1739 4639 1928 4717 suspi-

277 4729 532 4804 cionem,
581 4745 658 4788 ne
707 4726 856 4788 forte
903 4731 1208 4805 postquam
1243 4723 1509 4784 codicem
1544 4726 1926 4788 consuluerat

280 4816 551 4888 Sirletus,
601 4815 806 4878 lolium
853 4833 922 4876 ex
969 4832 1065 4888 eo,
1113 4813 1200 4872 vel
1247 4812 1600 4890 negligentia
1661 4815 1752 4875 vel
1808 4815 1923 4878 alio

275 4925 414 4967 casu
461 4905 722 4985 perierit.
760 4902 1052 4984 Quidquid
1082 4901 1177 4977 sit,
1225 4921 1356 4962 cum
1405 4911 1621 4963 textum
1656 4901 1919 4965 Graacum

275 4994 529 5056 ediderit
573 4992 958 5073 Caryophilus
1006 4997 1327 5068 exactaque
1351 4989 1618 5052 videatur
1648 4992 1776 5070 ejus
1822 4992 1920 5054 in-

273 5082 638 5163 terpretatio,
674 5082 868 5143 Vitam
905 5099 975 5143 ex
1009 5079 1108 5140 illo
1141 5081 1309 5141 edam
1343 5097 1356 5142 :
1395 5087 1454 5141 et
1479 5081 1704 5160 nequid
1735 5082 1921 5144 lector

271 5171 570 5234 desideret
617 5172 962 5250 hiatumque
1006 5169 1284 5250 supplere
1337 5169 1546 5250 possit,
1608 5171 1798 5231 locum
1847 5189 1916 5233 ex

271 5256 468 5322 Sirleti
515 5261 787 5322 versione
839 5258 1011 5320 dabo.
1063 5258 1147 5320 De
1207 5257 1530 5338 biographo
1574 5258 1658 5320 sic
1711 5259 1918 5320 scribit

270 5347 653 5429 Caryophilus
671 5356 801 5430 post
830 5347 1064 5411 initium
1100 5347 1462 5410 Przel'ationis
1491 5348 1560 5410 ad
1594 5349 1910 5413 lectorem:

268 5459 294 5491 α
342 5437 620 5500 Monachi
648 5436 842 5500 Vitam
875 5437 1199 5498 monachus
1251 5436 1478 5513 scribit,
1516 5437 1781 5516 magistri
1813 5437 1909 5498 di-

265 5524 551 5606 scipulus.
584 5525 730 5598 Quis
775 5532 976 5588 tamen
1021 5524 1124 5587 ille
1172 5523 1374 5600 fuerit,
1408 5543 1525 5587 non
1558 5527 1730 5605 plane
1758 5545 1907 5588 con-

1815 217 1922 283 AN
1927 215 2142 282 ONYM
2155 215 2175 282 i

3616 227 3688 293 49

2041 352 2218 415 etiam
2276 365 2547 418 asserunt
2610 356 2797 420 virum
2859 369 2912 423 et
2973 359 3162 442 ipsum
3223 361 3680 434 sanctissimum,

2037 442 2155 530 Nili
2179 443 2365 506 civem
2396 453 2454 506 et
2477 447 2777 528 sapientiae
2797 449 2922 529 ejus
2954 457 3010 510 et
3045 450 3275 530 pietatis
3293 452 3613 517 haeredem.
3658 481 3678 508 η

2034 529 2169 592 Haec
2198 531 2297 594 ille
2349 533 2598 596 aliorum
2633 555 2807 599 sensa
2837 538 2909 598 de
2939 529 3395 615 Bartholomaeo,
3430 560 3546 601 non
3578 561 3683 605 sua

2032 638 2352 700 promens:
2405 631 2462 683 et
2520 633 2691 686 caute
2749 644 2890 687 sane
2937 627 3085 688 sicut
3110 627 3459 707 prudentem
3493 629 3682 691 virum

2029 709 2279 770 decebat
2331 718 2454 772 tum
2507 732 2610 794 pro
2644 733 2711 776 ea
2745 733 3010 776 censura:
3043 699 3224 796 parte,
3260 736 3375 798 qua
3435 717 3679 798 biogra-
3735 699 3756 778 ί

2027 797 2206 876 phum
2231 797 2294 861 S.
2330 799 2449 862 Nili
2479 809 3042 882 contemporaneum
3075 803 3256 865 fuisse
3286 806 3525 879 asserit,
3548 797 3678 868 tum

2027 904 2130 1034 prlo
2163 887 2373 970 altera,
2419 909 2531 970 qua
2587 899 2811 954 asserta
2842 891 2916 954 de
2949 893 3377 956 Bartholomzeo
3410 896 3468 956 in
3499 895 3681 958 dubio

2027 992 2087 1034 re
2117 978 2328 1034 mouit.

2023 975 2328 1056 relinquit.

2103 1115 2164 1179 5.
2187 1114 2700 1198 Supervacaneum
2735 1129 2911 1196 esset,
2948 1139 3052 1202 pro
3085 1123 3533 1186 confirmatione
3565 1127 3686 1206 pri‘

2029 1207 2343 1284 marpartis
2374 1209 2662 1288 quaepiam
2709 1209 2985 1288 allegare,
3037 1229 3169 1271 cum
3226 1211 3498 1291 pluribus
3530 1214 3680 1274 locis

2027 1291 2202 1380 talem
2237 1313 2299 1356 se
2326 1296 2660 1360 luculenter
2702 1300 3044 1379 proﬁteatur
3089 1299 3474 1380 biographus.
3511 1303 3680 1373 Quod

2025 1379 2096 1441 ad
2133 1384 2456 1445 secundam
2490 1396 2734 1465 Spectat,
2777 1387 2974 1468 plures
3005 1387 3196 1448 Vitam
3233 1379 3393 1449 illam
3428 1391 3496 1451 B.
3531 1393 3682 1452 Bar-

2030 1468 2340 1532 tholomaeo
2389 1473 2713 1550 ascribunt,
2765 1473 2920 1536 inter
2961 1495 3108 1556 quos
3157 1476 3578 1540 Sciommarius
3625 1494 3684 1541 et

2026 1558 2382 1635 Martenius;
2415 1571 2472 1622 at
2503 1561 2552 1623 is
2577 1563 2742 1625 solus
2771 1583 2838 1624 ex
2874 1565 2943 1626 iis
2973 1583 3122 1644 quos
3154 1565 3268 1625 vidi
3315 1567 3529 1626 asserti
3579 1587 3679 1628 ra-

2030 1645 2250 1707 tionem
2281 1649 2504 1729 reddit,
2532 1669 2703 1731 quam
2722 1671 3005 1733 propono.
3033 1675 3055 1708 a
3082 1652 3444 1733 Discipulum
3479 1663 3678 1716 autem

2029 1733 2218 1810 illum,
2238 1736 2467 1817 inquid,
2484 1739 2640 1800 haud
2665 1741 2843 1800 alium
2871 1741 3050 1801 fuisse
3072 1759 3104 1801 a
3123 1741 3165 1802 B
3221 1741 3679 1816 Bartltolomaao,

2031 1822 2204 1912 tertio
2241 1833 2373 1904 post
2401 1826 2462 1888 S.
2496 1825 2690 1888 Nilum
2725 1828 3232 1907 Cryptze-Ferratw
3265 1829 3496 1912 abbate,
3549 1831 3678 1892 col-

2030 1909 2295 1986 ligitnus,
2355 1933 2486 1974 cum
2557 1934 2624 1976 ex
2681 1915 3089 1997 inscriptione,
3160 1937 3287 1996 quae
3349 1909 3492 1979 Vitae
3553 1921 3684 1999 ejus

2034 2001 2352 2080 praetigitur
2385 2003 2442 2062 in
2475 2004 2680 2065 codice
2729 2003 3010 2066 Vaticano
3053 2005 3521 2069 MMMMMMCLI
3569 2008 3684 2069 hoc

2035 2089 2241 2150 modo:
2281 2114 2307 2145 α
2337 2091 2708 2154 Hachitam
2747 2096 2807 2153 li.
2849 2094 3309 2154 Bartholemaaus
3341 2095 3607 2176 scripsit:
3645 2118 3676 2155 ››

2037 2187 2157 2238 tum
2201 2197 2271 2240 ex
2301 2178 2554 2240 breviori
2589 2181 2853 2259 ejusdem
2889 2180 2949 2242 S.
2987 2180 3398 2242 Bartholomzei
3432 2183 3582 2263 Vita,
3617 2185 3678 2245 iu

2036 2285 2150 2346 qua
2171 2267 2594 2347 haeclegimus:
2645 2296 2662 2322 ι
2703 2269 3065 2349 Hymnorum
3099 2270 3558 2332 elucubratorac
3580 2273 3677 2333 ni-

2045 2379 2072 2411 ι
2108 2356 2287 2416 mium
2339 2356 2638 2436 sapienter
2684 2375 2778 2419 res
2840 2367 3031 2436 gestas
3073 2360 3160 2419 sui
3208 2361 3588 2439 praeceptoris
3621 2370 3679 2422 et

2046 2468 2068 2499 «
2107 2444 2420 2505 multorum
2441 2453 2773 2506 sanctorum
2793 2446 3160 2507 describens.
3190 2445 3508 2508 nReddunt
3538 2451 3634 2529 qui
3662 2482 3676 2494 -

2040 2531 2172 2592 dem
2206 2539 2502 2611 postrema
2532 2533 2630 2594 iila
2659 2542 2882 2594 certum
2918 2543 3234 2614 utcunque,
3270 2535 3336 2596 Β.
3363 2537 3676 2597 Bartholo-

2041 2638 2248 2680 meeum
2307 2621 2614 2702 scripsisse
2665 2622 2852 2683 Vitam
2914 2622 3098 2683 sancti
3155 2623 3244 2682 sui
3298 2623 3678 2702 praeceptoris

2034 2706 2152 2769 Nili
2187 2727 2203 2783 ;
2234 2727 2460 2783 verum,
2485 2710 2636 2790 quod
2661 2709 2850 2772 Vitam
2876 2711 3142 2771 eamdem
3169 2710 3327 2770 illam
3363 2709 3674 2770 elucubra-

2031 2795 2126 2868 rit,
2173 2816 2345 2878 quam
2410 2799 2705 2879 hodieque
2753 2797 3060 2870 habemus,
3112 2815 3224 2858 non
3278 2816 3343 2858 ex
3392 2816 3462 2858 eo
3509 2795 3675 2878 {eque

2028 2893 2190 2947 certo
2220 2886 2426 2966 liquet.
2462 2886 2624 2958 Quod
2657 2887 2726 2947 ad
2761 2886 3025 2948 codicem
3059 2886 3405 2946 Vaticanum
3439 2887 3668 2953 attinet,

2029 2993 2231 3054 parum
2287 2993 2429 3036 sane
2487 2975 2765 3055 ponderis
2821 2983 3044 3036 asserto
3075 2976 3404 3055 accederet,
3441 2973 3668 3035 etiamsi

2023 3051 2318 3143 interpres
2349 3051 2624 3144 Sirletus,
2661 3063 2747 3124 vel
2778 3063 2877 3144 qui
2909 3064 3038 3143 ejus
3087 3051 3418 3124 versionem
3470 3061 3663 3123 codici

2020 3149 2347 3232 inscripsit,
2380 3151 2559 3213 verba
2589 3151 2933 3232 addidisset,
2969 3171 3097 3232 quae
3129 3151 3186 3211 in
3221 3159 3380 3212 textu
3435 3149 3664 3231 Graeco,

2022 3257 2196 3319 quem
2255 3240 2448 3311 vertit,
2513 3259 2629 3302 non
2689 3239 3088 3319 legebantur:
3155 3240 3258 3300 sed
3327 3257 3399 3302 ne
3444 3247 3667 3300 tantum

2023 3327 2262 3408 quidem
2294 3329 2545 3393 subsidii
2595 3347 2699 3410 pro
2749 3346 2854 3389 sua
2903 3329 3184 3392 oninione
3227 3328 3406 3390 habet
3450 3333 3667 3389 Marte-

2023 3418 2176 3494 nius,
2239 3418 2455 3499 quique
2512 3437 2644 3480 cum
2698 3418 2798 3478 illo
2858 3418 3164 3482 sentiunt:
3224 3416 3668 3498 Papebrochius

2023 3505 2204 3581 enim,
2275 3508 2375 3588 qui
2433 3506 2700 3569 codicem
2759 3505 3105 3569 Vaticanum
3167 3506 3419 3588 propriis
3478 3506 3667 3567 oculis

2021 3595 2307 3670 lustravit,
2367 3595 2566 3658 addita
2614 3596 2688 3658 ad
2748 3596 3148 3677 apographum
3200 3603 3466 3656 nostrum
3529 3603 3667 3656 nota

2021 3685 2283 3745 studiose
2314 3693 2532 3759 monet,
2567 3685 2680 3746 alia
2709 3684 2954 3746 indubie
2983 3704 3159 3746 manu
3190 3685 3368 3747 verba
3415 3684 3668 3763 allegata

2020 3772 2202 3833 fuisse
2248 3771 2496 3852 adjecta,
2531 3791 2703 3853 quam
2737 3791 2854 3852 qua
2883 3772 3014 3834 Vita
3045 3781 3280 3835 exarata
3304 3781 3413 3835 est.
3467 3773 3662 3848 Plura,

2022 3860 2082 3920 ni
2105 3860 2458 3942 fallor,0pus
2473 3879 2588 3920 non
2605 3861 2946 3937 estaddere,
2976 3868 3039 3922 ut
3067 3861 3358 3924 rationem
3390 3861 3663 3941 reddam,

2020 3947 3662 4029 quaresententiaaillustrissimiCaryophilisubscribam,

2020 4057 2132 4099 nec
2177 4038 2392 4118 Vitam,
2432 4037 2586 4117 quod
2631 4045 2824 4098 tamen
2858 4055 2961 4117 pro
3010 4035 3305 4117 probabili
3337 4037 3554 4112 habeo,
3589 4036 3658 4100 Β.

2017 4124 2446 4187 Βδτῑιιοιοιηωο
2491 4125 2735 4187 indubie
2776 4124 3092 4188 ascribam.
3135 4126 3340 4205 Major,
3375 4126 3582 4202 fateor,
3630 4144 3666 4186 a

2018 4213 2084 4277 Β.
2137 4215 2564 4276 Bartholomaeo
2608 4213 2922 4275 auctoritas
2975 4214 3116 4275 Vitae
3176 4215 3533 4288 accederet;
3604 4222 3664 4274 at

2015 4321 2188 4383 quam
2223 4302 2510 4364 habemus
2538 4322 2571 4363 a
2612 4302 2899 4382 scriptore
2928 4321 3143 4378 coaevo,
3179 4303 3398 4383 quique
3430 4301 3491 4365 S.
3526 4301 3660 4364 Nilo

2013 4393 2072 4452 in
2133 4391 2261 4472 ipso
2312 4392 2438 4452 loco
2491 4390 2767 4469 convixit,
2829 4391 3267 4471 candoremque
3311 4410 3480 4452 suum
3542 4411 3658 4452 non

2014 4500 2130 4543 uno
2160 4481 2290 4542 loco
2321 4479 2550 4560 probat,
2585 4479 2757 4541 nobis
2790 4479 3027 4544 sufﬁcit.

2090 4637 2150 4700 6.
2177 4634 2779 4717 Nuncadquampiam
2803 4635 3211 4698 chronotaxim
3244 4636 3656 4700 deducendam

2011 4734 2068 4787 et
2101 4745 2284 4807 pauca
2337 4726 2532 4807 aliqua
2557 4725 2947 4787 examinanda
2977 4725 3432 4789 descendamus.
3476 4725 3659 4787 Natus

2010 4824 2096 4876 est
2147 4814 2208 4878 S.
2257 4814 2424 4876 Nilus
2471 4814 2720 4874 Rossani
2781 4815 2839 4875 in
2900 4813 3190 4890 Calabria,
3246 4816 3384 4876 olim
3446 4819 3656 4893 Magna

2008 4904 2234 4967 Graecia
2289 4904 2480 4965 vocari
2540 4905 2732 4964 solita.
2790 4903 3096 4966 Provincia
3139 4912 3230 4965 est
3287 4903 3653 4983 amplissima

2005 4994 2171 5070 regni
2203 4991 2570 5072 Neapolitani
2600 4991 2657 5051 in
2712 4990 2889 5052 Italiae
2934 4992 3006 5052 ad
3051 4993 3330 5054 Austrum
3367 4992 3652 5054 extremis

2006 5081 2220 5141 finibus
2253 5079 2630 5160 maribusque
2663 5079 2881 5156 Siculo,
2917 5081 3078 5143 lonio
3111 5091 3167 5143 et
3195 5081 3500 5163 Tyrrheno
3533 5099 3648 5142 un-

2003 5168 2181 5250 dique
2234 5169 2450 5241 cincta,
2487 5178 2877 5249 praeterquam
2910 5188 3114 5230 versus
3144 5169 3645 5250 Septentrionem,

2004 5257 2106 5319 ubi
2139 5258 2499 5338 provinciam
2547 5257 2924 5320 Basilicatem
2974 5259 3406 5320 conterminam
3441 5260 3646 5323 habet.

1999 5346 2355 5422 Rossanum,
2409 5350 2564 5428 quod
2613 5346 2713 5407 alii
2756 5346 3114 5410 Roscianum
3149 5347 3441 5421 scribunt,
3479 5347 3646 5428 prin-

1998 5440 2228 5518 cipatus
2258 5436 2426 5498 titulo
2477 5444 2536 5498 et
2586 5435 3082 5516 archiepiscopali
3113 5435 3259 5498 sede
3289 5435 3639 5516 insignitum

2001 5534 2110 5600 est,
2144 5525 2441 5606 distatque
2471 5524 2563 5586 vix
2593 5525 2631 5586 3
2664 5523 3020 5586 milliaribus
3048 5523 3122 5586 ab
3169 5543 3274 5587 ora
3329 5524 3497 5588 sinus
3525 5525 3643 5588 Ta-

266 5619 398 5677 stat.
460 5613 954 5677 Bartltolomzeum
1005 5612 1382 5695 suspicantur
1424 5613 1615 5689 multi,
1668 5616 1908 5696 quidam
1996 5613 2238 5677 rentini.
2265 5614 2473 5696 Ampla
2499 5621 2557 5676 et
2572 5612 2754 5695 probe
2782 5611 2938 5676 culta
2966 5613 3278 5700 hodieque,
3298 5613 3500 5679 civitas
3533 5622 3642 5698 est_
