3966 6148
287 300 354 364 13

283 430 552 509 ὃωεηιοπ,
587 433 664 493 uti
696 441 752 496 et
781 430 1058 496 Calabria
1096 431 1366 493 universa
1397 429 1648 510 imperio
1679 428 1897 493 Orien-

284 520 349 582 tis
367 520 545 584 adhuc
578 521 837 603 parebat,
874 528 1126 602 eratque
1157 529 1213 582 et
1244 521 1446 600 lingua
1478 527 1534 581 et
1562 521 1712 586 titus
1745 522 1899 584 Grae-

285 628 373 669 cus
399 611 452 670 in
488 630 590 672 usu
633 613 871 692 quando
903 610 1130 672 ibidem
1161 618 1334 671 natus
1368 619 1457 671 est
1490 608 1552 672 S.
1587 610 1780 672 Nilus.
1817 609 1902 671 De

286 699 596 777 parentibus
625 702 755 779 ejus
803 717 1085 776 annoque
1135 698 1307 760 natali
1365 699 1510 759 nihil
1544 698 1903 760 determina-

285 787 385 846 tius
408 787 611 866 legitur
660 790 720 849 in
751 787 909 850 Vita.
943 787 1179 850 Gabriel
1234 787 1473 850 Barrius
1503 789 1574 849 de
1604 790 1811 868 Antiq.
1847 796 1902 848 et

285 875 390 936 sita
417 875 707 939 Calabriae
750 877 891 938 libri
923 896 955 936 v
988 876 1156 937 initio
1198 876 1429 950 scribit,
1483 879 1544 938 S.
1599 876 1800 939 Nilum
1833 895 1900 938 ex

287 964 558 1026 nobilibus
589 966 935 1046 parentibus
985 975 1178 1026 ortum
1228 984 1382 1041 esse,
1413 973 1902 1045 assertorumque

288 1061 475 1114 testem
521 1055 738 1133 allegat
784 1055 854 1116 B.
908 1054 1406 1114 Bartholomzeum
1441 1053 1628 1114 sancti
1661 1053 1901 1131 biogra-

288 1142 473 1220 phum;
501 1151 554 1202 at
580 1144 670 1204 vel
701 1145 952 1222 vulgare
983 1151 1071 1203 est
1101 1143 1213 1203 hoc
1274 1141 1477 1202 vitium
1515 1145 1899 1216 scriptorum,

286 1229 614 1309 quisanctos
634 1231 973 1293 stemmatis
1002 1231 1228 1310 fulgore
1259 1230 1464 1310 quavis
1494 1230 1586 1290 via
1615 1229 1904 1291 decorare

277 1317 544 1393 laborant,
577 1321 666 1381 vel
699 1320 878 1381 aliam
906 1318 1124 1395 Vitam,
1157 1319 1311 1399 quod
1347 1326 1543 1379 tamen
1575 1317 1669 1378 vix
1700 1317 1901 1392 credo,

287 1425 386 1485 pra:
415 1409 590 1469 oculis
620 1409 832 1469 habuit
863 1408 1124 1470 Barrius.
1157 1406 1218 1467 Id
1253 1426 1394 1468 sane
1427 1425 1623 1486 neque
1654 1407 1714 1468 in
1748 1414 1906 1468 textu

287 1493 467 1558 Graeco
498 1516 688 1578 neque
724 1498 786 1557 in
829 1495 1230 1570 versionibus,
1286 1514 1432 1576 quas
1472 1495 1658 1556 habeo
1699 1495 1908 1556 asseri-

287 1592 382 1644 tur.
412 1584 565 1656 Quod
599 1587 672 1646 ad
727 1604 948 1646 annum
998 1583 1252 1644 natalem
1303 1584 1538 1657 attinet,
1577 1584 1909 1647 Sciomma-

283 1671 389 1732 rius
417 1672 554 1734 Nota
583 1677 621 1735 8
648 1674 720 1734 ad
762 1676 950 1734 Vitam
977 1674 1042 1734 Β.
1071 1671 1484 1734 Bartliolomaei
1513 1672 1789 1751 designat
1810 1691 1912 1732 an-

288 1777 410 1820 num
441 1760 650 1822 Christi
683 1762 829 1836 910,
867 1771 921 1823 et
954 1771 1157 1822 recte:
1196 1760 1414 1840 quippe
1455 1759 1601 1822 Vitae
1634 1780 1801 1824 num.
1837 1761 1911 1821 87

288 1847 482 1910 dicitur
529 1853 590 1912 S.
642 1850 815 1912 Nilus
875 1851 1094 1912 abiisse
1143 1868 1297 1910 anno
1355 1849 1542 1910 aetatis
1601 1851 1677 1912 95
1762 1852 1916 1913 Illor-

291 1947 405 1997 tuus
454 1947 643 2000 autem
711 1949 804 2001 est
856 1958 1011 2000 anno
1069 1937 1282 2001 Christi
1350 1939 1504 2001 1005
1557 1957 1571 2013 ;
1647 1938 1807 2000 unde
1866 1935 1916 1998 si

288 2043 451 2174 initus
501 2028 576 2088 93
650 2027 1051 2102 subtraxeris,
1135 2025 1195 2088 in
1271 2044 1490 2088 annum
1569 2029 1690 2089 910
1748 2028 1914 2088 dela-

329 2134 454 2174 etis.

329 2135 371 2176 el
391 2134 454 2177 lS.

362 2323 410 2384 Ἰ.
441 2322 615 2384 Porro
647 2343 876 2385 annum
933 2324 1150 2387 Christi
1209 2324 1358 2388 1005
1389 2324 1574 2386 sancti
1611 2325 1781 2387 morti
1815 2344 1913 2386 as-

296 2409 554 2489 signatum
583 2433 701 2472 non
740 2413 1030 2474 habemus
1062 2413 1118 2473 in
1151 2413 1304 2492 Vita,
1340 2415 1442 2474 sed
1478 2414 1642 2474 illum
1679 2433 1745 2475 ex
1785 2414 1917 2475 aliis

299 2501 665 2562 monumentis
725 2502 897 2563 bonae
953 2511 1103 2564 nota;
1151 2503 1400 2563 accersit
1467 2501 1912 2566 Sciommarius.

294 2587 438 2646 Juxta
466 2590 665 2650 turrim
702 2591 975 2652 ecclesia:
1008 2594 1234 2671 Cryptaz
1249 2591 1918 2670 Ferratensismarmori

296 2675 558 2756 insculpta
616 2687 711 2738 est
773 2679 894 2739 haec
925 2679 1284 2759 inscriptio:
1352 2671 1641 2756 Ἐρεοεμήθη
1692 2684 1719 2737 ὁ
1767 2683 1916 2759 ἅγιος

299 2764 459 2854 Natis:
506 2767 617 2854 35::0;
683 2759 902 2854 ,ς’ῳγί
964 2793 990 2822 α
1025 2767 1476 2830 ObdormivitS.
1537 2766 1706 2829 Nilus
1763 2787 1916 2830 anno

295 2851 450 2937 6513.
482 2851 696 2914 nIdeni
723 2874 911 2915 annus
937 2858 1110 2916 morti
1133 2856 1194 2918 S.
1229 2857 1342 2917 Nili
1375 2859 1735 2937 assignatur,
1771 2865 1918 2918 teste

298 2936 682 3019 Sciommario,
718 2943 778 3002 in
809 2944 1046 3024 antiquo
1099 2945 1326 3010 codice.
1371 2946 1469 3026 qui
1505 2936 1719 3006 Basilii
1765 2947 1916 3008 Poro

299 3027 634 3109 pbyrogeniti
679 3033 1030 3112 appellatur,
1085 3033 1166 3094 uti
1211 3043 1268 3095 et
1317 3034 1377 3095 in
1429 3034 1646 3114 Typico
1679 3033 1916 3114 antiquo

298 3115 353 3176 Β.
379 3119 789 3182 Bartholomaai
833 3122 1084 3203 aliisque
1115 3122 1249 3184 Mss.
1299 3123 1728 3184 monumentis.
1762 3126 1916 3184 Eru-

296 3205 396 3267 dile
455 3228 645 3289 porro,
716 3211 1012 3271 variorum
1067 3211 1423 3291 scriptorum
1469 3211 1526 3272 in
1564 3211 1676 3272 hoc
1744 3210 1917 3270 modo

299 3298 648 3374 computandi
699 3300 986 3378 correptis
1031 3299 1316 3380 lapsibus,
1360 3299 1583 3359 ibidem
1634 3298 1915 3371 ostendit,

302 3398 486 3444 annum
533 3387 743 3446 mundi
793 3386 1129 3450 Grazcorum
1182 3405 1347 3448 more
1393 3388 1682 3466 signatum
1736 3388 1916 3460 0513,

303 3488 411 3531 esse
438 3475 838 3551 vulgarisjaarze
866 3476 1040 3539 1005.
1062 3475 1281 3538 Omitto
1312 3483 1679 3554 argumenta,
1705 3475 1920 3556 quibus

304 3557 349 3617 id
395 3561 625 3624 indubie
682 3563 920 3636 evincit,
974 3583 1219 3645 quaeque
1269 3564 1420 3644 apud
1483 3565 1675 3644 ipsum
1735 3563 1921 3624 videri

305 3659 535 3724 possunt.
572 3652 823 3714 Interim
859 3653 1150 3734 imprimis
1172 3665 1398 3714 certum
1431 3663 1540 3727 est,
1569 3655 1739 3732 juxta
1771 3654 1923 3714 hanc

304 3739 551 3812 epocham
573 3748 743 3802 recte
757 3742 1252 3822 combinari,qua:
1270 3744 1329 3802 in
1363 3741 1492 3804 Vita
1523 3743 1596 3802 de
1616 3741 1924 3802 conventis

303 3822 483 3888 Ottone
515 3828 593 3891 III
626 3832 986 3909 imperatore
1040 3839 1098 3892 et
1147 3830 1430 3910 Gregorio
1468 3830 1517 3893 V
1553 3831 1832 3909 pontiﬁce
1863 3831 1923 3890 in

299 3931 448 3976 causa
463 3915 714 3979 Joannis
735 3920 1021 4001 antipapaz
1044 3929 1380 3996 narrantur,
1396 3939 1563 4001 qumq
1575 3940 1644 3980 ue
1664 3927 1927 4000 pugnant

300 4005 428 4089 apud
475 4005 812 4069 Gabrielem
863 4010 1157 4084 Barrium,
1205 4010 1496 4071 Lubinum
1546 4009 1814 4089 aliosque
1861 4007 1923 4071 S.

303 4088 397 4151 Nili
421 4106 662 4160 mortem
683 4097 755 4158 ad
777 4118 997 4160 annum
1031 4099 1171 4174 980,
1205 4099 1294 4160 vel
1328 4098 1555 4179 aliquot
1583 4088 1760 4159 annis
1792 4105 1928 4158 ante

303 4179 454 4244 ﬁnem
485 4188 686 4248 sagculi
712 4206 746 4246 x
766 4188 1096 4252 referentes
1119 4211 1130 4249 :
1153 4207 1284 4250 cum
1312 4197 1539 4251 certum
1565 4186 1640 4248 sit
1665 4207 1732 4247 ex
1759 4205 1922 4247 num.

303 4268 385 4344 87,
415 4272 915 4356 Quadragesintali
945 4287 1212 4358 tempore
1236 4277 1480 4338 Romam
1507 4295 1574 4337 ea
1599 4295 1774 4337 causa
1798 4295 1928 4356 pro-

307 4357 495 4424 fectum
546 4374 844 4440 sanctum,
898 4357 1079 4448 idque
1128 4387 1282 4428 anno
1332 4367 1473 4439 998,
1508 4372 1572 4425 ut
1623 4365 1808 4442 liquet
1858 4385 1927 4426 ex

305 4455 680 4515 monumentis
711 4473 744 4514 a
775 4455 1095 4518 Muratorio
1129 4457 1188 4517 in
1221 4454 1553 4518 Annalibus
1584 4453 1804 4514 ibidem
1835 4453 1924 4514 al-

301 4534 504 4614 legatis.
538 4543 744 4625 Neque
777 4545 1232 4626 minuslimpide
1250 4543 1577 4606 secundum
1605 4543 1924 4603 chronota-

299 4627 398 4716 sim
424 4632 605 4694 ﬂuunt
635 4633 772 4694 allia
803 4635 1112 4710 nonnulla,
1144 4652 1274 4716 quae
1306 4632 1461 4693 notis
1489 4629 1926 4708 chronologicis

297 4713 348 4776 in
393 4719 517 4781 Vita
574 4725 1023 4806 circumscripta
1077 4713 1234 4786 sunt.
1299 4722 1545 4796 Quando
1614 4719 1676 4782 S.
1757 4718 1926 4781 Nilus

302 4809 497 4869 mundo
527 4811 830 4893 valedixit,
864 4813 1130 4874 nondum
1164 4812 1498 4894 expleverat
1550 4827 1769 4869 annum
1824 4810 1923 4882 30,

304 4911 447 4958 num.
476 4899 553 4962 ὃς
602 4901 779 4981 igitur
806 4921 1086 4965 accessus
1119 4903 1246 4982 ejus
1276 4902 1347 4963 ad
1399 4899 1724 4960 monachos
1771 4915 1925 4957 anno

305 4984 408 5045 940
431 4989 517 5049 vel
548 4991 823 5071 sequenti
873 4992 1134 5071 contigit.
1191 4990 1452 5052 Numero
1482 4989 1630 5049 Vitze
1677 4986 1756 5049 9.0
1788 4984 1924 5046 Ste-

311 5072 559 5148 phanusr
593 5079 940 5144 adolescens
970 5099 1257 5141 annorum
1307 5078 1430 5140 fere
1477 5075 1680 5156 viginti
1729 5073 1930 5152 junxit

312 5177 363 5218 se
390 5160 445 5226 S.
468 5166 616 5243 Nilo,
647 5168 802 5248 quod
839 5169 1081 5248 contigit
1110 5169 1287 5248 hujus
1307 5167 1567 5228 altero...
1595 5165 1653 5224 in
1687 5162 1929 5243 spelun-

313 5265 421 5310 cam
443 5255 784 5317 secessionis
814 5275 992 5319 anno.
1032 5283 1054 5314 υ
1095 5276 1261 5320 num.
1292 5255 1368 5315 27
1393 5253 1726 5334 Stephanus
1758 5269 1923 5312 num.

311 5334 376 5425 91‘
396 5344 836 5425 septuagenario
873 5345 1062 5425 major
1082 5345 1354 5406 laborare
1384 5342 1593 5403 solitus
1625 5340 1804 5400 fuisse
1830 5338 1925 5399 di-

317 5423 467 5490 citur.
496 5423 849 5512 Stephanum
901 5423 1196 5497 mortuum
1229 5431 1340 5494 sub
1373 5428 1650 5492 eumdem
1681 5446 1925 5502 annum,

318 5529 417 5604 quo
441 5515 569 5580 Otto
595 5520 666 5584 ΙΙΙ
698 5523 1002 5604 inperator
1039 5522 1316 5595 decessit,
1372 5519 1563 5600 liquet
1588 5516 1816 5580 ibidem
1859 5533 1928 5578 ex

319 5601 596 5680 adjunctis.
629 5601 868 5674 Ottouis
913 5609 1108 5674 obitus
1160 5629 1316 5673 anno
1360 5609 1511 5673 1001
1548 5608 1930 5684 consignatus

320 5697 429 5752 est:
460 5694 605 5760 circa
626 5699 796 5765 illum
829 5699 1046 5764 obierit
1072 5699 1451 5782 Stephanus;
1485 5694 1760 5777 ejusdem
1807 5711 1930 5756 mo-

1477 295 1658 363 VITA
1702 300 1760 363 s.
1809 277 1977 362 NILI
2016 298 2387 364 JUNIORIS.

3570 300 3638 362 14

1981 433 2220 495 nastica:
2249 433 2384 494 vitae
2415 431 2584 494 initia
2611 431 2771 494 circa
2799 447 3018 493 annum
3051 429 3170 495 945
3203 431 3299 510 ﬁgi
3335 439 3632 513 poterunt,

1982 520 2232 584 Rursum
2258 541 2422 584 num.
2444 523 2524 584 95
2541 519 2961 583 monasterium
2981 517 3277 602 Serperis,
3307 543 3328 576 α
3349 520 3538 602 inquo
3561 521 3632 583 ad

1981 627 2166 671 annos
2216 614 2289 672 10
2340 610 2725 672 monasticam
2779 609 3014 671 duxerit
3057 611 3262 692 vitam,
3305 635 3331 666 »
3369 610 3635 673 deseruit

1983 697 2044 760 S.
2074 699 2239 760 Nilus
2268 709 2324 762 et
2357 700 2588 762 duobus
2619 706 2745 780 post
2777 698 3080 760 mensibus
3130 718 3294 760 num.
3352 701 3431 763 97
3461 699 3631 762 obiit.

1982 788 2064 849 Eo
2097 788 2279 866 igitur
2307 789 2626 850 accesserit
2670 807 2826 849 anno
2855 786 2973 850 994
3024 787 3113 850 vel
3145 789 3442 870 sequenti.
3499 790 3625 853 Nu-

1984 895 2148 938 mero
2183 880 2256 940 86
2288 878 2347 938 in
2399 876 2724 939 Vallelucio
2765 875 2882 955 egit
2932 875 3272 956 quindecim
3305 896 3516 958 annos,
3550 877 3624 940 ab

1983 965 2264 1044 Aligerno
2295 965 2633 1028 Cassinensi
2663 964 2873 1026 abbate
2899 963 2959 1025 in
2990 964 3135 1026 illud
3156 965 3451 1028 admissus
3468 985 3632 1030 num.

1983 1055 2082 1129 6‘2,
2117 1056 2370 1116 deducto
2419 1062 2722 1134 computu,
2776 1051 2886 1115 sub
2924 1071 3144 1115 annum
3176 1057 3318 1129 978,
3351 1074 3468 1136 quo
3502 1055 3630 1118 Ali—

1984 1162 2204 1222 gernus
2253 1143 2466 1224 agebat
2493 1143 2740 1204 abbatiaa
2767 1143 2869 1222 29,
2903 1142 3003 1223 qui
3033 1149 3309 1207 mortuus
3328 1153 3438 1225 est,
3472 1162 3628 1207 asse-

1984 1240 2153 1294 rente
2185 1232 2526 1308 Mabillone,
2563 1250 2719 1293 anno
2750 1231 2892 1294 986.

2067 1386 2124 1446 8.
2146 1386 2446 1448 Hincanni
2475 1388 2506 1448 7
2529 1385 2752 1448 residui
2781 1391 2923 1447 sunt
2952 1383 3220 1448 locandis
3246 1386 3341 1462 iis,
3371 1404 3502 1470 quae
3526 1387 3636 1450 sub

1988 1474 2614 1554 Aligernisuccessore
2627 1493 2790 1536 num.
2819 1475 2899 1536 84
2919 1481 2977 1536 et
2999 1475 3392 1554 sequentibus
3414 1476 3634 1539 ibidem

1987 1565 2050 1625 S.
2099 1563 2230 1624 Nilo
2271 1565 2588 1643 contigisse
2611 1572 2950 1644 narrantur,
2984 1565 3068 1626 uti
3099 1574 3158 1627 et
3181 1565 3499 1645 quaerendo
3542 1567 3640 1628 alii

1991 1651 2254 1712 solitario
2278 1653 2408 1714 loco
2429 1653 2852 1733 migrandoque
2869 1653 2940 1713 ad
2969 1653 3394 1716 monasterium
3419 1652 3638 1735 Serpe-

1991 1740 2107 1802 ris:
2143 1750 2318 1822 atque
2372 1741 2455 1802 sic
2505 1743 2774 1804 ordinate
2817 1739 3236 1803 combinantur
3263 1743 3484 1804 omnia.
3517 1743 3636 1806 Ob-

1997 1839 2192 1891 servat
2223 1849 2397 1910 porro
2439 1828 2865 1892 Sciommarius
2905 1847 3058 1910 saepe
3084 1830 3354 1892 laudatus
3383 1833 3535 1895 Nota
3563 1833 3639 1893 18

1995 1919 2065 1979 ad
2101 1919 2270 1979 vitam
2332 1920 2400 1982 Β.
2435 1918 2872 1993 Bartholomaei,
2920 1926 3183 1980 sanctum
3237 1919 3298 1980 in
3345 1919 3640 2002 baptismo

1996 2006 2302 2068 Nicolaum
2356 2007 2537 2068 fuisse
2589 2006 2980 2068 nominatum.
3035 2005 3240 2068 Clarus
3279 2008 3461 2070 estin
3494 2010 3644 2071 hanc

1996 2115 2119 2158 rem
2154 2097 2318 2159 locus
2351 2097 2644 2160 Pancratii
2695 2095 2757 2156 in
2807 2095 3182 2175 Panegyrico}
3213 2096 3500 2160 dicentis:
3535 2103 3642 2166 Τὴν

1996 2191 2162 2261 μονὴν
2221 2193 2319 2254 τῆς
2391 2185 2793 2267 Κρυπτοφὲῤῥης
2865 2184 3229 2260 ἆπαρξαμένου
3301 2197 3394 2244 τοῦ
3469 2189 3642 2266 μεγά-

1995 2275 2088 2331 λω
2136 2276 2394 2335 Νικολάου
2423 2289 2518 2336 τοῦ
2566 2279 2652 2333 καὶ
2694 2275 2872 2338 Νείλος
2917 2276 3189 2350 μόνοννος.
3232 2293 3261 2332 (
3291 2273 3438 2336 Cum
3474 2276 3646 2356 priu-

1996 2363 2214 2443 cipium
2232 2364 2494 2425 dedisset
2508 2363 2866 2424 monasterio
2885 2361 3112 2442 Cryptte
3130 2363 3382 2424 Ferratae
3397 2382 3642 2443 magnus

1997 2451 2291 2523 Nicolaus,
2330 2452 2429 2532 qui
2461 2451 2706 2514 etNilus
2736 2451 2951 2530 solum,
2975 2472 3002 2510 »
3031 2451 3278 2524 scilicet,
3314 2453 3646 2532 appellatus

1996 2548 2109 2614 est,
2143 2540 2290 2601 Nota
2350 2541 2418 2604 l3
2469 2541 2717 2615 dixerat,
2769 2540 2830 2600 in
2878 2538 3089 2600 ordine
3137 2538 3198 2602 S.
3247 2540 3474 2621 Basilii,
3509 2561 3640 2602 cum

1997 2629 2260 2690 habitum
2305 2629 2435 2710 quis
2466 2630 2681 2703 induit,
2716 2647 2930 2689 nomen
2966 2628 3179 2688 mutari
3209 2629 3439 2702 solere;
3472 2638 3647 2710 atque

1997 2719 2076 2778 ita
2104 2721 2164 2778 S.
2204 2717 2430 2780 Nicolai
2467 2737 2685 2779 nomen
2718 2717 2778 2778 in
2810 2715 3028 2786 Nilum,
3067 2716 3134 2778 B.
3170 2716 3368 2777 Basilii
3402 2717 3460 2778 in
3494 2719 3642 2780 Bar-

1999 2807 2369 2867 tholomzeum
2394 2815 2675 2866 mutatum
2710 2805 2909 2866 fuisse.
2953 2804 3091 2876 Quae
3121 2805 3193 2864 ad
3227 2805 3640 2868 educationem

1998 2895 2128 2972 ejus
2151 2909 2206 2954 et
2241 2894 2702 2956 adolescentiam
2738 2901 3002 2954 exactam
3025 2902 3316 2973 spectant,
3354 2893 3643 2975 quaepiam

1998 2982 2058 3042 in
2091 2982 2219 3044 Vita
2246 2983 2607 3044 referuntur.
2643 2980 3046 3043 Barroniusin
3079 2981 3408 3043 Annalibus
3441 2982 3514 3044 ad
3547 3002 3651 3045 an-

1998 3090 2139 3132 num
2174 3073 2392 3134 Christi
2422 3073 2562 3153 976,
2598 3091 2762 3133 num.
2796 3069 2856 3146 ‘2,
2891 3069 2977 3130 sic
3008 3070 3212 3131 scribit
3243 3089 3311 3132 ex
3340 3071 3496 3132 llletii
3527 3090 3652 3132 ver-

1997 3160 2188 3235 sione,
2215 3179 2390 3241 quam
2415 3179 2616 3222 secum
2642 3157 3140 3222 communicatam
3171 3158 3437 3220 dixerat:
3472 3181 3499 3218 σι
3518 3159 3654 3221 Fuit

1997 3248 2164 3310 Nilus
2194 3250 2302 3312 iste
2351 3250 2423 3311 ab
2458 3250 2690 3327 origine
2741 3247 3229 3323 Greecaﬁossani
3279 3246 3340 3307 in
3381 3246 3653 3308 Calabria

1999 3338 2233 3400 civitate
2264 3347 2459 3411 natus,
2513 3337 2785 3400 doctrina
2815 3344 2990 3417 atque
3023 3335 3238 3416 pietate
3259 3335 3542 3415 insignis,
3575 3337 3650 3398 ab

2007 3427 2252 3488 infantia
2296 3427 2400 3490 Dei
2431 3427 2622 3488 cultor
2657 3427 2907 3487 eximius
2951 3435 3010 3486 et
3041 3436 3172 3504 post
3208 3424 3650 3487 matrimonium

2007 3514 2186 3576 vitam
2241 3511 2623 3576 monasticam
2675 3521 2954 3575 sectatus.
3011 3537 3038 3568 τι
3087 3511 3307 3573 Eadem
3350 3513 3425 3574 de
3467 3512 3656 3574 sancti

2010 3603 2382 3664 matrimonio
2435 3603 2654 3665 habent
2700 3601 2912 3666 Surius
2961 3608 3018 3662 et
3062 3599 3341 3662 Bailletus
3389 3601 3460 3662 ad
3494 3601 3653 3663 hunc

2008 3691 2190 3754 diem.
2226 3691 2456 3766 Nescio,
2493 3712 2566 3752 an
2598 3692 2829 3752 diversa
2875 3691 2935 3751 in
2971 3709 3041 3751 eo
3088 3688 3268 3750 fuerit
3301 3689 3464 3752 Metii
3514 3706 3653 3751 ver-

2009 3781 2128 3862 sio;
2181 3791 2237 3843 at
2268 3781 2319 3842 si
2349 3781 2526 3844 habet
2559 3781 2777 3842 similia
2807 3779 2946 3854 illis,
3001 3796 3131 3859 quae
3157 3778 3216 3838 in
3249 3775 3380 3840 Vita
3426 3777 3660 3840 edenda

2011 3889 2142 3950 cap.
2175 3872 2231 3946 1,
2263 3890 2422 3932 num.
2453 3869 2487 3933 3
2520 3879 2576 3931 et
2599 3890 2752 3949 seq.,
2779 3876 3116 3936 narrantur,
3143 3871 3274 3926 utut
3301 3865 3510 3926 durum
3545 3874 3658 3945 est,

2012 3968 2251 4020 sanctos
2295 3961 2552 4037 gravium
2596 3975 2880 4017 noxarum
2931 3962 3243 4034 suspectos
3287 3953 3564 4028 reddere,
3612 3952 3664 4014 si

2010 4047 2241 4108 veritati
2290 4047 2577 4107 litandum
2633 4051 2742 4116 est,
2797 4043 3035 4104 difﬁteri
3076 4060 3193 4102 non
3242 4059 3507 4121 possum,
3543 4049 3660 4103 tam

2011 4137 2216 4197 saltem
2251 4135 2497 4197 dubium
2531 4154 2684 4208 esse,
2720 4153 2792 4194 an
2819 4131 3143 4210 legitimum
3165 4129 3662 4192 fueritcominer—

2012 4225 2164 4286 cium
2201 4225 2365 4298 illud,
2425 4233 2485 4284 ut
2537 4223 2778 4284 minime
2826 4229 2985 4282 certo
3029 4217 3468 4280 matrimonium
3524 4217 3664 4279 inde

2013 4314 2140 4374 erui
2203 4313 2406 4394 possit.
2453 4313 2826 4374 Contrarium
2901 4328 3048 4370 sane
3121 4307 3352 4370 censuit
3394 4305 3663 4394 Gabriel

2011 4401 2271 4471 Barrius,
2299 4402 2436 4462 dum
2467 4402 2567 4462 lib.
2597 4419 2627 4460 v
2654 4401 2725 4462 de
2744 4399 3128 4476 An/iquitute
3154 4403 3345 4458 ctsitu
3367 4393 3666 4456 Calabriae

2011 4491 2085 4552 de
2129 4491 2189 4554 S.
2258 4491 2388 4552 Nilo
2459 4500 2657 4552 nostro
2728 4487 2970 4550 scribit:
3034 4507 3063 4546 «
3139 4484 3282 4547 Inde
3345 4503 3484 4546 vero
3541 4484 3667 4563 jam

2011 4579 2274 4640 exoletus
2325 4580 2611 4641 daemonis
2659 4597 2865 4660 opera,
2919 4593 3052 4636 cum
3101 4574 3332 4653 virgine
3389 4572 3666 4654 quapiam

2010 4669 2351 4745 concubuit,
2389 4670 2686 4750 ﬁliamque
2713 4687 2779 4728 ex
2812 4685 2881 4727 ra
2910 4662 3193 4744 suscepit.
3229 4663 3521 4750 Caeterum
3556 4660 3668 4750 de-

2009 4757 2149 4819 inde
2201 4758 2562 4836 resipiscens
2593 4749 2686 4818 ac
2743 4775 2806 4818 se
2839 4752 3163 4835 perpetrati
3193 4749 3439 4831 deliquii
3473 4749 3669 4830 paeni-

2012 4855 2162 4921 tens,
2227 4847 2435 4908 mundi
2491 4847 2926 4908 oblectamenta
2981 4860 3054 4904 ac
3101 4839 3335 4902 divitias
3383 4838 3667 4900 deserere

2010 4937 2238 4999 statuit.

2089 5079 2150 5140 9.
2176 5077 2420 5154 Verum,
2438 5071 3050 5150 sicutjmatrimoniuiu
3069 5077 3230 5133 certo
3253 5075 3527 5129 astruere
3549 5083 3670 5126 non

2013 5185 2278 5246 possum,
2313 5170 2398 5228 sic
2429 5185 2540 5227 nec
2571 5173 2684 5225 tam
2719 5162 2906 5223 crude
2937 5179 3004 5222 ac
3034 5155 3369 5246 decretorie
3393 5163 3671 5216 sanctum

2012 5245 2417 5316 fornicationis
2435 5270 2684 5332 arguere
2713 5249 2932 5324 ausim;
2956 5255 3092 5308 sunt
3121 5245 3280 5308 enim
3317 5251 3672 5332 exutraque

2014 5351 2181 5422 parte
2228 5329 2532 5416 nonnulla,
2562 5357 2693 5420 quae
2735 5356 2861 5399 rem
2914 5333 3247 5422 ambiguam
3297 5329 3669 5422 relinquunt.

2013 5418 2088 5492 Et
2110 5448 2213 5510 pro
2235 5418 2610 5492 matrimonio
2641 5426 2883 5508 quidem
2918 5423 3114 5484 facere
3142 5421 3378 5483 videtur
3406 5418 3675 5510 studiosa

2016 5506 2335 5600 descriptio
2361 5519 2592 5601 puellae,
2623 5506 2754 5596 quae
2778 5513 2937 5573 inter
2966 5510 3112 5600 alias
3144 5506 3677 5601 matrimonioAnoa

2016 5589 2320 5688 copulatas
2349 5589 2478 5688 ejus
2507 5589 2744 5668 amores
2775 5593 3067 5680 aucupata
3093 5605 3184 5661 est
3215 5606 3274 5661 et
3303 5597 3450 5688 ﬁxit.
3504 5589 3676 5688 Quod

2018 5675 2250 5761 scilicet
2314 5675 2756 5779 pulchritudine
2797 5675 3049 5753 cunctas
3096 5684 3505 5758 antecelleret,
3564 5675 3676 5742 sed
