3966 6148
270 269 346 337 15
1792 279 1909 345 ΑΗ(

2007 273 2148 343 YMI

266 402 517 469 obscuro
547 406 679 471 loco
710 415 848 474 nata
875 417 1056 475 esset.
1082 405 1316 473 Etenim
1347 410 1398 473 si
1426 410 1504 474 de
1520 410 1910 475 concubinam

264 492 696 580 illegitimnque
726 500 1085 564 commercio
1119 508 1342 562 tantum
1374 500 1679 581 agebatur,
1707 519 1911 582 supcr-

265 582 386 645 tlua
415 602 562 648 sane
592 586 779 650 videri
810 594 1043 668 poterat
1072 587 1504 651 animadversio
1535 589 1608 651 de
1638 588 1908 652 obscuri-

269 679 386 735 tate
416 673 677 753 generis,
728 695 859 738 cum
884 696 1004 740 non
1034 678 1265 740 soleant
1294 677 1631 759 hujusmodi
1664 696 1912 739 veneres

264 761 503 840 generis
558 763 822 828 claritate
879 765 1218 848 splendere.
1279 765 1549 848 Denique
1611 766 1913 829 videretur

262 848 439 931 plane
468 850 550 914 ibi
582 852 1027 917 matrimonium
1075 873 1210 919 cum
1263 854 1509 936 imparis
1556 854 1913 917 conditionis

265 956 521 1019 persona
547 939 831 1017 describi,
884 943 998 1005 nisi
1043 943 1440 1006 reclamarent
1482 943 1722 1006 aliunde
1773 942 1908 1007 alia.

266 1026 427 1090 Mitto
473 1027 633 1092 inter
678 1030 781 1093 illa
827 1050 1142 1094 recenSPre
1206 1032 1524 1094 invectivas
1571 1032 1911 1113 expressio-

265 1134 489 1198 nesque
518 1117 796 1182 duriores
825 1119 1175 1202 biographi;
1208 1120 1342 1182 novi
1374 1120 1558 1203 enim,
1592 1120 1913 1201 simplicio-

260 1222 361 1266 res
402 1206 726 1269 monachos
765 1209 1049 1271 castitatis
1081 1210 1371 1272 zelatores
1401 1208 1669 1283 eximius,
1720 1230 1911 1291 quan-

262 1292 458 1375 doque
480 1294 700 1359 similia
729 1297 1108 1361 matrimonio
1140 1297 1434 1378 licitisque
1465 1296 1701 1358 aliunde
1733 1317 1912 1360 saecu-

261 1379 473 1468 larium
504 1383 911 1466 voluptatibus
933 1386 1133 1449 amare
1167 1406 1184 1460 ;
1211 1386 1337 1447 sola
1352 1388 1537 1447 sancti
1564 1389 1713 1466 fuga,
1742 1396 1913 1468 prout

263 1486 299 1531 a
325 1467 1044 1554 biograpbodescribitur,
1078 1474 1314 1555 sullicit,
1353 1467 1910 1537 utmihiremtotam

260 1557 501 1622 dubiam
530 1561 761 1625 reddat.
798 1561 869 1623 Et
912 1582 1080 1634 sane,
1131 1564 1180 1625 si
1212 1563 1545 1644 legitimum
1598 1564 1908 1626 matrimo-

261 1645 424 1709 nium
457 1647 586 1726 fuit,
621 1668 737 1711 non
772 1649 989 1713 licebat
1019 1649 1080 1718 S.
1133 1650 1290 1727 Nilo,
1322 1652 1532 1714 relicta
1582 1661 1908 1734 comparte,

260 1735 468 1813 fugere
500 1745 560 1800 et
607 1739 1016 1802 monachalem
1064 1739 1237 1802 vitam
1286 1740 1585 1820 amplecti,
1640 1741 1743 1804 illa
1793 1760 1909 1802 non

259 1826 701 1890 consentiente.
773 1828 1163 1892 Consensisse
1231 1838 1451 1905 autem,
1523 1830 1613 1892 ιιι-Ι
1681 1849 1714 1892 e
1767 1831 1911 1891 v'vis

247 1912 378 1991 jam
430 1917 785 1991 excessis~e,
820 1916 978 1998 quod
1029 1917 1387 1995 decretorie,
1441 1918 1571 1982 sine
1623 1927 1771 1981 teste
1821 1928 1904 1981 ta-

262 2019 422 2076 men,
483 2005 700 2067 asserit
773 2005 1084 2083 Bailletus,
1166 2007 1316 2069 nihil
1390 2007 1636 2072 omnino
1702 2010 1911 2070 suadet

259 2089 531 2169 caedere,
560 2093 680 2156 imo
711 2093 906 2176 potius
928 2094 1292 2158 contrarium
1325 2095 1616 2159 innuitur.

340 2178 438 2243 lO.
472 2179 658 2260 Igitur
685 2200 782 2244 res
816 2182 879 2245 in
928 2182 1206 2263 ambiguo
1247 2183 1349 2247 sit:
1378 2184 1645 2266 quamvis
1669 2185 1908 2248 dimleri

260 2284 376 2328 non
399 2268 622 2349 possim
657 2273 944 2354 majorem
977 2291 1169 2335 meam
1203 2291 1337 2335 esse
1356 2272 1432 2336 de
1456 2293 1574 2336 non
1609 2275 1910 2336 matrimo-

257 2354 357 2418 nio
387 2357 816 2440 suscipionem.
848 2359 1017 2425 Nunc
1046 2379 1232 2444 pauca
1270 2371 1587 2445 supersunt
1629 2364 1703 2426 de
1730 2363 1904 2426 insti-

3572 274 3651 344 16

2000 416 2122 473 tuta
2148 431 2184 474 a
2213 410 2276 476 S.
2321 409 2453 474 Nilo
2500 411 3131 493 Cryptae-Ferratcnsis
3174 411 3431 488 abbatia,
3478 413 3647 493 cujus

1994 499 2166 563 initia
2210 509 2270 563 et
2315 499 2748 579 fundationem,
2800 509 2864 562 ut
2902 500 3032 581 jam
3091 500 3369 582 superius
3416 501 3644 580 monui,

1994 589 2233 670 quidam
2294 589 2484 651 serius
2527 588 2735 669 figunt.
2790 588 3002 655 Pauca.
3049 588 3316 671 inquam,
3366 589 3644 671 quoniam

1994 677 2260 760 quisquis
2310 677 2457 740 Vita;
2495 677 2744 740 edendae
2791 677 2902 740 tria
2954 677 3159 740 ultima
3207 677 3402 758 capita
3447 684 3643 740 atten-

1993 765 2110 827 tius
2166 765 2504 847 perlegerit,
2559 766 3030 830 luculentissima
3080 766 3420 850 perspiciet,
3493 766 3545 829 si
3576 767 3641 828 Β.

1995 856 2420 917 Bartholomaeo
2451 854 2830 917 celeberrimi
2864 854 3210 918 monasterii
3242 855 3526 936 perfectio
3546 854 3648 917 de-

1996 943 2222 1014 beatur.
2251 953 2450 1006 saneto
2473 952 2637 1008 certe
2669 953 2870 1007 nostro
2903 944 3260 1025 principium
3291 945 3420 1023 ejus
3447 943 3640 1005 ascri-

1998 1032 2258 1095 br-ndum
2320 1051 2465 1095 esse.
2530 1032 2804 1096 Testatur
2846 1033 2904 1095 id
2955 1033 3201 1114 insuper
3248 1031 3645 1114 apertissimis

1995 1120 2191 1182 verbis
2238 1120 2582 1183 Pancratius
2624 1140 2800 1202 supra
2833 1140 2998 1184 num.
3032 1122 3072 1185 8
3100 1120 3368 1183 laudatus
3398 1121 3646 1203 ipseque

1998 1212 2040 1273 B
2126 1210 2588 1273 Bartholomaeus
2656 1210 2717 1272 in
2789 1209 3009 1291 Typico
3082 1229 3214 1284 suo,
3286 1210 3439 1290 quod
3506 1210 3647 1270 citat

1995 1296 2419 1362 Sciommarius
2468 1297 2618 1360 Nota
2649 1299 2749 1363 18.
2777 1297 2864 1361 Ibi
2910 1299 2996 1360 sic
3028 1298 3242 1378 legitur
3288 1298 3386 1360 die
3415 1297 3492 1361 25
3533 1296 3645 1378 Se-_

1997 1386 2321 1468 ptembris:
2378 1398 2475 1445 Δεῖ
2531 1389 2831 1467 γινώσκειν,
2867 1385 2947 1444 ὅτι
3007 1373 3189 1455 ἐπειδὴ
3252 1389 3326 1451 εἰς
3380 1389 3479 1458 τήν
3532 1373 3650 1461 κζ’

1995 1475 2336 1553 ἐπιτελοῦμεν
2383 1479 2482 1545 τὴν
2522 1485 2615 1536 τοῦ
2659 1477 3097 1556 πρωτοκτήτορος
3149 1481 3249 1544 τῆς
3298 1480 3466 1552 μονῆς
3501 1475 3643 1551 μνή-

1995 1588 2101 1641 μην
2146 1567 2350 1645 Πατρὸς
2404 1567 2558 1641 ἡμῶν
2618 1564 2824 1627 Νείλου.
2879 1587 2906 1620 α
2961 1561 3280 1627 Sciendum
3328 1571 3438 1636 est,
3482 1561 3644 1644 quod

1994 1652 2072 1717 26
2120 1652 2219 1715 die
2267 1650 2639 1714 celebremus
2693 1651 3037 1714 memoriam
3088 1650 3263 1732 primi
3312 1649 3642 1713 fundatoris

1996 1739 2366 1815 monasterii,
2419 1739 2605 1803 Patris
2648 1739 2839 1802 nostri
2886 1738 3029 1804 Nili.
3092 1763 3116 1797 ι
3165 1738 3356 1821 Atque
3396 1739 3522 1801 haec
3569 1737 3640 1800 ad

1993 1829 2404 1892 stabiliendam
2463 1828 2727 1903 Baronii,
2781 1828 3039 1909 primum
3093 1826 3366 1892 abbatem
3409 1830 3644 1909 Cryptse

1994 1919 2248 1982 Ferratue
2278 1927 2543 1980 sanctum
2589 1926 2856 1979 nostrum
2905 1915 3281 1998 appellantis,
3327 1916 3645 1978 annuntia-

1994 2009 2216 2070 tionem
2248 2006 2572 2069 sufﬁciunt.
2605 2010 2895 2068 Craterum
2948 2025 3019 2067 ex
3052 2004 3478 2082 monumentis,
3512 2022 3643 2086 qua;

1992 2097 2053 2159 in
2086 2097 2244 2159 Latio
2275 2115 2382 2157 suo
2418 2114 2546 2175 cap.
2600 2099 2660 2156 2.
2733 2114 2866 2175 pag.
2920 2093 3019 2167 61,
3053 2092 3266 2172 allegat
3292 2093 3638 2171 Kircherus,

1991 2185 2227 2248 videtur
2257 2183 2610 2246 mulieribus
2639 2203 2752 2245 mn
2788 2191 2989 2264 patere
3019 2199 3295 2243 accessus
3327 2181 3396 2243 ad
3432 2182 3634 2262 capel-

1992 2273 2132 2356 lam,
2147 2272 2250 2335 ubi
2267 2270 2449 2335 S.Nili
2464 2280 2524 2334 et
2548 2275 2611 2335 B.
2640 2269 3056 2334 Bartholomaei
3078 2287 3329 2350 corpora
3347 2269 3642 2351 hodieque

1992 2361 2263 2445 deposita
2292 2368 2429 2424 sunt
2456 2368 2514 2424 et
2541 2377 2778 2428 summa
2804 2358 3187 2423 veneratione
3221 2357 3519 2420 coluntur.

1056 2723 1464 2854 ΒΙοΣ
1570 2724 1872 2854 ΚΑΙ
1980 2715 2854 2856 ΠΟΛΙΤΕΙΑ

1491 2986 1619 3037 ΤΟΥ
1663 2986 1861 3039 ΟΣΙΟΥ
1905 2988 2020 3039 ΚΑΙ
2068 2984 2419 3039 ΘΕΟΦΟΡΟΥ

496 3177 1444 3347 ΠΑΤΡΟΣ
1614 3185 1909 3350 ΗΜ

2007 3184 2290 3351 aN
2472 3174 3417 3345 ΝΕΙΔΟΥ

1218 3620 1500 3736 ἮΤΑ
1594 3624 1747 3738 ET
1830 3620 2674 3743 CONVERSA'I‘IO

1566 3841 1844 3908 SANCTI
1887 3844 1988 3909 ET
2032 3844 2345 3909 DEIFERI

806 4030 1581 4258 PATRIS
1713 4038 2503 4262 NOSTBI
2632 4034 3084 4262 NILI

415 4371 684 4433 Auctore
713 4365 920 4431 Sancti
970 4366 1303 4449 discipulo,
1338 4368 1495 4434 forte
1543 4370 1612 4452 Β,
1645 4372 2143 4456 Bartholomaeo;
2178 4373 2420 4439 editore
2450 4376 2515 4438 et
2551 4372 2896 4455 interprete
2923 4373 3162 4437 Joanne
3188 4369 3484 4437 Mattbaao

1323 4478 1715 4562 Caryophilo,
1750 4479 2235 4563 archiepiscopo
2263 4478 2601 4544 Iconiensi.

1780 4789 2034 4854 CAPUT
2078 4791 2129 4855 1.

258 4918 566 4983 Nascitur
590 4916 658 4982 S.
695 4916 904 5002 Nilus,
933 4916 1365 5002 poi/auraque
1391 4918 1688 4999 offertur.
1723 4918 2036 4999 Magnum
2059 4923 2135 4984 in
2165 4921 2313 5002 ipsa
2338 4917 2770 5002 adolescentia
2799 4917 2877 4978 in
2900 4912 3257 5002 virtutibus
3281 4921 3342 4978 et
3361 4912 3645 5002 scientiis

252 5016 667 5080 progressum
699 4995 900 5078 facit.
933 4995 1139 5060 Variis
1191 4995 1551 5062 a'dwm'o-ne
1601 4995 2065 5065 tentationibus
2088 4995 2458 5083 appet-itur,
2491 4999 2700 5078 iisque
2736 4998 3091 5079 semermis,
3131 4996 3211 5078 ﬁt
3253 4995 3640 5059 monachus.

340 5136 396 5195 t.
429 5128 628 5194 Gratia
658 5128 891 5192 Domini
924 5130 1112 5191 nostri
1138 5127 1281 5192 Jesu
1314 5130 1535 5194 Christi
1566 5141 1627 5192 et
1649 5129 1909 5193 charitas

2070 5122 2149 5195 α’.
2184 5121 2247 5191 Ἠ
2281 5132 2440 5215 χάρις
2469 5140 2563 5192 τοῦ
2608 5132 2795 5212 Κυρίου
2839 5132 2996 5208 ἡμῶν
3045 5120 3220 5200 Ἰησοῦ
3265 5138 3512 5211 Χριστοῦ,
3546 5129 3633 5186 καὶ

254 5216 910 5283 Deietcommunicatio
929 5216 1292 5299 sancliSpit‘i
1323 5239 1391 5280 us
1419 5219 1665 5299 (bonum
1690 5218 1909 5301 quippe

2007 5224 2023 5290 ί,
2064 5222 2247 5301 ἀγάπη
2297 5231 2389 5282 τοῦ
2437 5229 2567 5281 Θεοῦ
2612 5222 2703 5278 καὶ
2750 5222 2981 5302 Πατρὸς,
3030 5222 3118 5278 καὶ
3169 5222 3204 5290 ἡ
3256 5219 3503 5277 κοινωνία
3551 5226 3644 5277 τοῦ

255 5317 347 5371 est
386 5315 446 5370 et
495 5306 679 5370 ordiri
719 5325 754 5368 a
780 5306 904 5369 Deo
937 5315 995 5368 et
1024 5305 1083 5367 in
1116 5305 1300 5368 Deum
1334 5307 1629 5378 desinere)
1661 5309 1739 5370 sit
1769 5324 1903 5372 cum

252 5395 530 5459 omnibus
548 5395 811 5457 studiose
831 5393 1214 5458 audientibus
1237 5403 1293 5457 et
1307 5414 1440 5457 cum
1467 5396 1758 5460 tenuitate
1772 5415 1907 5458 mea

1988 5312 2138 5390 ἁγίου
2186 5311 2495 5387 Πνεύματος
2540 5308 2728 5390 (χκλὸν
2777 5311 2879 5391 γὰρ
2932 5309 2992 5368 ἐκ
3041 5318 3173 5369 Θεοῦ
3219 5307 3499 5389 ἄρχεσθαι,
3555 5305 3644 5363 καὶ

1986 5419 2063 5463 εις
2117 5400 2247 5457 Θεὸν
2300 5396 2648 5479 καταλήγειν)
2694 5397 2787 5467 εἴη
2837 5399 2972 5475 μετὰ
3017 5398 3229 5455 πάντων
3275 5403 3381 5455 τῶν
3411 5393 3641 5477 φιλοπό-

252 5483 589 5566 mentisque
605 5490 976 5565 paupertate.
995 5482 1095 5565 Qui
1110 5483 1392 5546 audacter
1422 5484 1731 5547 historiam
1764 5482 1909 5548 Vita!

2007 5508 2103 5552 νως
2146 5487 2519 5569 ἀκροωμένων,
2577 5487 2666 5545 καὶ
2723 5488 2857 5565 μετᾶ
2909 5492 3010 5556 τῆς
3060 5486 3199 5562 ὲμῆς
3244 5483 3504 5548 εὐτελείας
3552 5481 3642 5540 xxi

252 5573 439 5636 sancti
470 5570 658 5635 Patris
708 5571 895 5634 nostri
947 5569 1063 5636 Nili
1086 5570 1344 5654 junioris
1376 5591 1509 5635 sum
1541 5581 1910 5636 narraturus.

250 5661 381 5725 Non
413 5661 572 5726 enim
605 5678 716 5742 per
744 5661 1074 5741 hominem,
1106 5662 1198 5726 vel
1231 5671 1582 5743 suggerente
1614 5672 1672 5725 et
1701 5663 1916 5727 adhor-

1997 5578 2337 5658 πτωχονοίας
2407 5585 2503 5637 τοῦ
2587 5574 2873 5654 μέλλοντος
2955 5574 3238 5656 τολμηρῶς
3312 5570 3641 5653 διαγγέλλειν

1998 5665 2116 5747 περὶ
2160 5674 2256 5727 τοῦ
2308 5665 2423 5744 βίου
2474 5674 2570 5726 τοῦ
2623 5665 2767 5724 ὁσίου
2830 5665 3035 5747 [πατρὸς
3098 5665 3259 5742 ἡμῶν
3313 5660 3502 5723 Νείλου
3551 5668 3644 5720 τοῦ
