3966 6148
212 244 291 312 23

1722 240 2082 308 ANONYMI

3512 247 3591 315 24

210 378 382 442 brem
411 369 729 443 Fantinum
778 379 859 459 (7)
913 385 971 441 et
1010 379 1279 459 angelica
1322 378 1581 461 puritate
1636 376 1862 440 Zacha—

1976 377 2271 454 πεασάμενος
2325 380 2446 444 τοὺς
2488 381 2767 461 Δοὐρανίους
2836 381 3061 443 ἐκείνους
3131 382 3219 438 καὶ
3286 381 3599 455 θαυμασίους

210 469 362 532 riam
391 468 496 550 (8),
529 475 894 549 caeterosque
915 486 1127 531 omnes
1148 486 1329 549 Opere
1363 476 1423 531 et
1452 484 1730 530 sermone
1759 463 1866 526 Dei

215 558 755 639 praestantissimos,
788 566 1032 639 aspectu
1063 576 1269 620 eorum
1300 556 1632 637 humilique
1663 554 1867 617 habitu

216 647 587 729 stupefactus
615 648 912 728 lacrymas
940 646 1164 710 affatim
1213 644 1496 729 profudit,
1549 643 1870 724 divinoque

212 736 338 798 zelo
396 738 784 799 vehementer
831 735 1289 799 accendebatur.
1348 735 1419 797 Et
1476 734 1591 814 ipsi
1639 740 1867 806 contra,

211 825 1054 907 senileminjuvenilicorpore
1089 843 1338 888 sensum
1369 822 1866 899 intuiti,morum-

213 931 331 997 que
362 914 749 977 stabilitatem
803 923 864 977 et
892 922 1091 995 aptam
1125 914 1198 977 ad
1229 914 1386 976 bona
1430 929 1680 993 quaeque
1708 908 1876 972 habi-

215 1003 481 1066 tudinem
555 998 791 1066 necnon
863 1002 1146 1065 lectionis
1197 1003 1546 1064 suavitatem
1600 999 1878 1089 admirati

214 1090 548 1173 mentisque
616 1090 1070 1172 perspicaciam,
1152 1109 1412 1172 praesago
1473 1106 1880 1176 cognoverunt

211 1180 407 1275 ocule,
468 1179 979 1275 multiplicandam
1029 1179 1091 1240 in
1152 1198 1251 1275 eo_
1286 1178 1546 1275 _Spiritus
1603 1175 1874 1275 gratiam,

211 1268 490 1350 quodque
520 1269 782 1330 futurum
834 1276 1015 1343 esset,
1044 1277 1106 1330 ut
1136 1268 1301 1330 multi
1334 1285 1445 1349 per
1471 1284 1610 1329 eum
1662 1265 1881 1343 ﬁeren';

212 1357 481 1419 hwredes
533 1357 704 1436 regni
736 1357 1051 1419 caelorum.
1102 1357 1309 1440 Itaque
1339 1357 1507 1418 illum
1545 1363 1602 1416 et
1631 1353 1879 1416 benedi-

212 1445 513 1508 ctionibus
543 1445 931 1507 cumularunt
983 1454 1043 1508 et
1092 1446 1208 1526 piis
1256 1444 1706 1526 precationibus
1740 1460 1876 1504 mu-

215 1536 479 1597 nierunt.
513 1535 650 1598 Non
679 1534 929 1596 multum
961 1534 1292 1598 interﬂuxit
1321 1533 1607 1615 temporis
1638 1539 1696 1594 et
1738 1550 1880 1594 ecce

217 1621 325 1685 tibi
377 1624 629 1686 terroris
679 1630 737 1684 et
791 1623 1090 1686 minarum
1140 1625 1332 1704 plena:
1382 1622 1767 1704 perferuntur
1808 1621 1880 1683 ad

1951 464 2160 546 ἄνδρας·
2194 466 2336 545 λέγω
2388 467 2453 536 δὴ
2488 456 2741 537 Ἰωάννην
2769 471 2858 527 τὸν
2886 469 3077 548 μέγαν.
3109 472 3197 527 καὶ
3224 476 3485 526 Φαντϊνον
3514 471 3605 527 τὸν

1950 552 2291 634 περιϐόητον,
2323 558 2590 639 Ζαχαρίαν
2646 559 2737 615 τὸν
2784 558 3085 637 ίσάγγελον,
3119 561 3207 615 καὶ
3233 559 3355 622 τοὺς
3388 556 3602 621 λοιποὺς

1952 643 2189 708 ἅπαντας
2238 643 2420 725 πράξει
2474 646 2563 703 καὶ
2620 645 2765 725 λόγῷ
2791 649 3033 704 θειότατα
3081 644 3483 749 ὃιαπρέποντρις’
3515 647 3604 727 καὶ

2133 731 2153 749 ἱ
2267 735 2280 749 ι
2375 733 2389 749 ο
2446 735 2457 749 Ι
2631 741 2659 749 ι.
2704 738 2725 749 Α
2843 736 2854 749 ι
2970 739 2985 749 Δ
3036 742 3061 749 ..
3223 736 3235 749 ι
3309 744 3334 749 μ
3418 722 3509 745 η⁴¹“’³
3568 740 3594 749 α.

1931 731 2313 837 λκαταπλαγεὶς
2371 733 2457 791 ἐπί
2511 756 2568 792 τε
2597 741 2665 812 τῇ
2701 736 2889 814 θεωρίᾳ
2931 739 3122 809 αὐτῶν,
3154 736 3241 793 καὶ
3269 744 3346 811 τῷ
3374 731 3604 809 ταπεινῷ

1958 816 1981 833 η’
2055 821 2066 837 Ι
2326 821 2345 837 λ
2380 824 2392 837 ι
2549 821 2573 837 α
2687 824 2698 837 ι
2842 824 2856 837 ι
2912 822 2923 837 l
3186 826 3198 837 ι
3324 827 3337 837 ι
3435 823 3459 837 υ
3493 827 3513 837 Α

1956 806 2229 901 ἃδέ-ἤματι,
2284 821 2497 903 πλήρης
2544 806 2776 904 δακρύων
2808 806 3070 904 ¹ἐγένετο,
3107 806 3204 882 *καὶ
3249 806 3380 904 προς
3435 806 3604 882 ἔνθεον

1957 908 2118 981 ζῆλον
2188 908 2423 991 σφοδρῶς
2494 911 2832 992 ἀνεφλέγετο.
2878 913 2978 972 Καὶ
3014 915 3159 973 αὐτοὶ
3200 911 3255 969 δὲ
3296 913 3606 989 θεασάμενοι

1958 997 2185 1055 παλαιὸν
2218 1000 2464 1079 φρόνημα
2492 999 2547 1056 ἐν
2576 1008 2746 1082 νεαρῷ
2778 1002 3009 1078 σώματι,
3042 1001 3194 1069 ἤθους
3225 1024 3283 1059 τε
3310 1000 3489 1075 πῆξιν,
3520 1001 3609 1057 καὶ

1959 1087 2276 1145 κατάστασιν
2307 1089 2622 1169 εὔχρηστον
2653 1091 2741 1147 καὶ
2769 1089 3080 1168 ἀγασθέντες
3128 1090 3213 1149 ἐπὶ
3239 1097 3307 1169 τῇ
3327 1090 3608 1170 γλυκύτητι

1960 1181 2059 1244 τῆς
2089 1180 2247 1237 αὐτοῦ
2275 1176 2643 1256 ἀναγνώσεως,
2686 1180 2774 1236 καὶ
2822 1178 2907 1236 ἐπὶ
2957 1185 3025 1256 τῇ
3070 1190 3162 1239 τοῦ
3207 1182 3326 1243 νοὸς
3374 1178 3604 1253 ὀξύτητι,

1962 1263 2197 1343 ἔγνωσαν
2223 1274 2555 1346 προορατικῷ
2601 1265 2799 1344 ὄμματι
2853 1269 2952 1336 τὴν
2994 1259 3080 1326 ἐπ’
3120 1274 3261 1345 αὖτῷ
3316 1267 3608 1345 μέλλουσαν

1962 1352 2471 1437 πολυπλασιάζεσθαι
2501 1356 2659 1437 χάριν
2689 1366 2782 1416 τοῦ
2809 1357 3134 1434 Πνεύματος,
3166 1360 3254 1415 καὶ
3308 1360 3382 1421 ὡς
3422 1354 3616 1415 πολλοὶ

1964 1431 2034 1497 δι’
2062 1446 2219 1503 αὐτοῦ
2246 1448 2307 1499 τ’”
2414 1450 2441 1460 ⁸
2505 1431 2592 1486 ni"
2687 1451 2709 1461 '
2984 1448 2996 1470 '
3120 1431 3128 1434 '
3273 1472 3285 1486 ε
3584 1476 3608 1488 ο

2277 1465 2346 1510 ης
2374 1466 2478 1501 των
2517 1466 2747 1524 ουρανων
2792 1444 3059 1522 βασιλειας
3103 1446 3423 1527 κληρονόμοι
3453 1445 3581 1524 γενή

1964 1552 2164 1595 σονται,
2200 1532 2298 1591 Καὶ
2329 1531 2565 1610 εὐλογίας
2596 1534 2752 1592 αὐτὸν
2790 1533 3247 1616 κατεπλούτησαν,
3280 1537 3367 1592 καὶ
3415 1540 3605 1615 εὐχαῖς

1963 1619 2362 1700 κατεστηριξαν.
2413 1625 2486 1680 Ού
2544 1621 2677 1678 πολὺ
2733 1624 2819 1705 τὸη
2944 1622 3128 1705 εμέσῷ,
3176 1626 3264 1681 καὶ
3322 1643 3607 1704 γραμματα

2804 1700 2819 1709 "
2844 1698 2870 1717 JJ

215 1711 582 1774 monasteria
640 1711 857 1775 litterae
915 1730 949 1774 a
1005 1702 1255 1794 praet—ore
1303 1702 1482 1774 totius
1534 1709 1874 1793 provinciae,

1976 1708 2391 1780 καταπληκτικὰ,
2425 1710 2514 1767 καὶ
2559 1709 2769 1768 ἀπειλαὶ
2804 1702 3088 1792 ’ᾦρικῶδεις
3132 1714 3271 1792 παρὰ
3312 1702 3403 1772 τοῦ
3430 1712 3606 1778 πάσης

215 1807 282 1862 ut
310 1800 360 1861 si
392 1799 528 1880 quis
578 1800 893 1882 imponere
936 1819 1152 1863 manus
1190 1801 1443 1864 auderet
1489 1800 1590 1862 tali
1635 1798 1877 1862 clerico,

218 1906 430 1950 manus
488 1888 545 1950 ei
593 1889 1098 1970 praeciderentur,
1157 1890 1409 1971 ejusque
1457 1889 1883 1951 monasterium

215 1976 359 2038 fisco
380 1977 759 2040 addiceretur
786 1979 894 2059 (9).
930 1980 1084 2052 Quib
1108 1999 1177 2041 us
1226 1980 1530 2062 perterriti
1582 1987 1882 2041 monaste-

216 2068 440 2128 riorum
478 2067 765 2146 pmfecti,
808 2068 1064 2130 consilio
1096 2068 1268 2144 inito,
1324 2069 1680 2148 cogitarunt,
1712 2067 1878 2128 illum

220 2154 626 2217 transmittere
684 2156 747 2217 in
801 2157 998 2219 locum
1052 2159 1319 2220 extranei
1374 2157 1764 2238 principatus,
1818 2159 1883 2218 ut

215 2241 302 2305 ibi
347 2260 516 2307 sacro
546 2242 899 2307 indueretur
941 2246 1043 2307 ille
1085 2246 1315 2328 habitu,
1367 2254 1426 2309 et
1461 2245 1576 2329 ipsi
1622 2264 1688 2308 se
1716 2244 1873 2307 libe-

214 2340 419 2395 rarent
446 2350 480 2395 a
507 2333 850 2415 principum
882 2333 1314 2414 indignatione.

299 2510 357 2574 5.
383 2510 713 2573 Considera
727 2510 875 2573 mihi
904 2521 1048 2573 tunc
1079 2512 1295 2575 luctam
1315 2512 1473 2575 inter
1501 2514 1778 2592 angelum
1813 2521 1870 2577 et

220 2597 498 2660 Satanam
539 2619 556 2677 ;
608 2598 767 2660 illius
797 2599 1061 2680 quidem,
1097 2610 1161 2662 ut
1190 2602 1350 2664 hunc
1368 2602 1559 2664 virum
1610 2603 1871 2683 eriperet

222 2706 256 2749 e
286 2687 626 2750 turbulenta
653 2706 724 2750 ac
755 2689 1134 2751 tenebricosa
1164 2691 1276 2753 hac
1305 2691 1426 2753 vita
1471 2691 1871 2773 eductumque

221 2776 287 2838 in
328 2783 548 2839 tetram
596 2776 1034 2858 promissionis,
1081 2778 1194 2840 hoc
1240 2786 1353 2854 est,
1407 2779 1480 2842 ad
1533 2780 1869 2844 institutum

225 2883 432 2928 eorum
481 2867 582 2947 qui
619 2874 865 2946 propter
905 2866 1225 2928 Dominum
1274 2868 1592 2949 asperitate
1640 2869 1769 2932 vitae
1808 2887 1873 2930 se

1966 1805 2064 1867 τῆς
2095 1800 2277 1880 χώρας
2309 1799 2709 1879 ἐπικρατοῦντος
2738 1800 2803 1857 τὰ
2834 1802 3159 1880 μοναστήρια
3185 1799 3601 1880 κατελάμϐανεν,

1964 1892 2037 1952 ὡς
2066 1888 2217 1953 εἴτις
2248 1887 2533 1964 τολμὴσειε
2555 1902 2718 1970 χεῖρα
2746 1888 3017 1948 ἐπιϐαλεῖν
3040 1889 3276 1970 κληρικῷ
3296 1898 3373 1965 τῷ
3398 1887 3603 1965 τοιῷδε,

1965 1980 2064 2047 τὴν
2094 1993 2257 2059 χεῖρα
2278 1978 2372 2054 μὲν
2402 1979 2560 2038 αὺτοῦ
2604 1978 3015 2059 ἀποκόπτεσθαι,
3048 1981 3108 2036 τὸ
3151 1977 3205 2034 δὲ
3255 1980 3604 2059 μοναστὴριον

1964 2072 2151 2128 τούτου
2175 2067 2510 2143 δημεύεσθαι.
2542 2057 2658 2149 Ὑφ’
2686 2071 2758 2143 ᾧν
2786 2067 3211 2146 καταπλαγέντες
3242 2072 3290 2124 οἱ
3317 2076 3421 2126 τῶν
3448 2091 3606 2144 μονα-

1963 2159 2188 2238 στηρὶων
2202 2156 2513 2238 ἐξάρχοντες
2530 2147 2899 2216 ἐϐουλεύσαντο
2912 2166 3094 2216 τοῦτον
3115 2147 3197 2238 ἐφ’
3216 2156 3390 2236 ἕτερον
3417 2158 3607 2236 κράτος

1960 2247 2350 2323 ἐκπέμψασθαι,
2399 2246 2619 2303 κάκεῖσε
2676 2248 2736 2301 τὸ
2805 2246 2956 2324 ἅγιον
3024 2251 3215 2327 σχῆμα
3280 2244 3605 2319 ἐνδύσασθαι,

1956 2335 2044 2393 καὶ
2073 2336 2286 2400 ἑαυτοὺς
2333 2335 2669 2414 ἐπειράστους
2726 2332 2943 2416 φυλάξαι
2976 2339 3074 2403 τῆς
3126 2341 3231 2392 τῶν
3280 2335 3607 2415 κρατούντων

1955 2425 2368 2505 ἀγανακτὴσεως
2379 2470 2396 2486 .

2032 2503 2101 2578 ε’,
2178 2502 2362 2593 ΗΑθριει
2412 2511 2478 2579 δὴ
2526 2512 2646 2593 τότε
2686 2512 2864 2580 πάλην
2911 2511 3140 2591 ἀγγέλου
3166 2533 3224 2569 τε
3252 2513 3339 2569 καὶ
3366 2509 3609 2570 διαϐὸλου

1951 2612 2042 2663 τοῦ
2071 2602 2190 2680 μὲν,
2235 2602 2381 2665 ὅπως
2427 2604 2516 2659 τὸν
2564 2599 2721 2680 ἄνδρα
2767 2610 2949 2662 τοῦτον
2996 2598 3272 2677 ἆπαλλαξῃ
3325 2610 3415 2660 τοῦ
3441 2622 3607 2681 ταρα-

1951 2691 2157 2774 χώδους
2213 2692 2302 2748 καὶ
2361 2700 2629 2749 σκοτεινοῦ
2682 2691 2820 2767 βίου,
2872 2691 2960 2747 καὶ
3006 2692 3137 2770 πρὸς
3194 2691 3291 2758 τὴν
3348 2695 3449 2769 γῆν
3506 2695 3604 2757 τῆς

1951 2779 2297 2860 ἐπαγγελίας,
2328 2781 2447 2850 ἥτις
2497 2778 2633 2836 ἐστὶν
2685 2781 2713 2835 ὁ
2760 2780 2872 2855 βίος
2923 2785 3026 2834 τῶν
3079 2776 3164 2836 διὰ
3196 2788 3381 2858 Κυριον
3413 2779 3601 2838 ἀσκου-

1956 2870 2153 2947 μένων,
2211 2866 2390 2934 ἐξάξας
2466 2875 2542 2943 τῷ
2614 2874 2729 2943 Θεῷ
2806 2868 3217 2948 προσοικειώσῃ,
3291 2868 3380 2924 καὶ
3447 2866 3607 2925 ἄλλον

225 2940 531 3035 exercent,
577 2940 643 3016 ut
693 2940 999 3037 proprium
1042 2955 1166 3019 Deo
1213 2940 1458 3030 dicaret,
1506 2958 1874 3039 alterumque

1976 2957 2180 3016 ίΙωϋσέα
2234 2958 2463 3033 ποιὴσῃ⁶
2512 2966 2604 3016 τοῦ
2647 2954 2701 3011 δὲ
2742 2963 2916 3014 πᾶσαν
2971 2957 3251 3037 μηχανὴν,
3300 2958 3389 3012 καὶ
3436 2956 3606 3013 πάντα

229 3042 497 3104 efﬁceret
523 3043 824 3123 Moysem;
855 3045 1032 3126 hujus
1060 3063 1202 3107 vero
1242 3063 1481 3108 omnem
1514 3048 1871 3127 machinam,

231 3148 472 3192 omnem
504 3132 794 3194 moventis
829 3132 1113 3213 lapidem,
1165 3141 1231 3194 ut
1263 3134 1604 3214 hujusmodi
1654 3134 1872 3197 bonum

230 3218 583 3301 impediret;
620 3220 776 3300 quod
805 3220 935 3283 ﬁeri
966 3240 1082 3283 non
1114 3221 1398 3304 potuisse,
1431 3241 1498 3285 re
1524 3224 1653 3304 ipsa
1672 3224 1879 3305 proba-

234 3316 357 3370 tum
419 3316 533 3371 est.
592 3308 797 3391 Neque
845 3310 1006 3372 enim
1058 3318 1329 3391 poterant
1373 3312 1648 3375 universa
1708 3322 1878 3375 terra;

233 3416 421 3478 regna
473 3397 704 3460 collatis
751 3398 976 3461 viribus
1022 3398 1140 3460 Nili
1182 3400 1447 3462 animum
1495 3420 1528 3462 a
1575 3403 1876 3482 proposito

231 3487 559 3551 deterrere.
592 3487 819 3565 Cogitat
844 3507 987 3567 ergo
1017 3488 1107 3550 vir
1137 3489 1244 3552 Dei
1266 3489 1519 3569 migrare
1541 3490 1603 3551 in
1635 3509 1876 3553 monas-

234 3575 449 3638 terium
498 3578 562 3639 S.
615 3575 846 3639 Nazarii
876 3577 997 3655 (10)
1033 3586 1325 3653 vocatum,
1358 3578 1559 3660 ibique
1591 3579 1878 3659 perﬁcere

233 3664 391 3746 quod
405 3663 954 3746 optabat.Quodubi
984 3666 1259 3746 cognovit
1289 3667 1554 3730 omnium
1587 3667 1876 3731 bonorum

1957 3047 2097 3106 λίθον
2141 3055 2431 3119 κινοῦντος,
2477 3045 2623 3109 ὅπως
2670 3046 2729 3101 τὸ
2776 3053 3035 3121 τοιοῦτον,
3088 3045 3282 3123 ἀγαθὸν
3325 3042 3604 3124 ἐμποδίσῃ,

1958 3135 2085 3215 ὅπερ
2141 3133 2388 3193 ἀδύνατον
2445 3132 2759 3214 ἀπεδείχθη.
2838 3138 2910 3193 Οὐ
2993 3134 3093 3212 γὰρ
3148 3131 3388 3191 ἐδύναντο
3442 3139 3606 3189 πᾶσαι

1959 3228 2009 3281 αἱ
2036 3225 2303 3301 βασιλεῖαι
2353 3227 2451 3291 τῆς
2499 3228 2601 3302 γῆς
2652 3226 3000 3304 συναχθῆναι,
3049 3222 3139 3277 *ίνα
3184 3224 3273 3278 τὸν
3328 3220 3519 3279 Νεῖλον
3550 3221 3610 3278 ἐκ

1957 3318 2055 3381 τῆς
2114 3314 2314 3375 οἷκεῖας
2364 3314 2532 3391 ὁρμῆς
2584 3311 2874 3391 ἰσχύσωσιν
2924 3309 3259 3370 ἆνάστεϊλαι.
3313 3309 3605 3366 Σκέπτεται

1957 3404 2127 3461 τοίνυν
2176 3404 2205 3459 ὁ
2250 3410 2344 3460 τοῦ
2419 3408 2551 3459 Θεοῦ
2614 3399 2883 3479 ἄνθρωπος
2961 3396 3345 3456 καταλαϐέσθαι
3400 3400 3461 3454 τὸ
3515 3408 3608 3458 τοῦ

1958 3493 2109 3571 ἁγίου
2166 3490 2423 3570 Ναζαρίού
2475 3487 2802 3571 καλούμενον
2872 3488 3247 3571 μοναστῄριον,
3307 3486 3487 3561 κάκεῖ,
3548 3489 3609 3544 τὸ

1958 3559 2051 3641 τοῦ
2106 3559 2271 3638 πόθου
2315 3559 2603 3657 ¹πληρῶσαι
2646 3559 2995 3655 ἐπάγγελμα.
3063 3559 3241 3655 (ὅπερ-
3305 3559 3499 3642 νοησας
3582 3578 3611 3632 ὁ

1960 3678 2088 3729 πᾶσι
2144 3681 2261 3732 τοῖς
2318 3666 2541 3746 ἀγαθοῖς
2619 3665 3029 3741 ἆνθιστάμεπος,
3111 3661 3470 3745 προλαμϐάνει
3547 3664 3610 3719 τὰ

1606 3776 1862 3841 Joannis
1891 3776 2020 3842 Clei
2048 3777 2238 3838 nota.

237 3877 536 3962 mei,_tum
564 3885 812 3962 acturos
831 3896 920 3962 se,
956 3896 1094 3940 cum
1151 3877 1573 3962 instrumenta,
1604 3898 1737 3962 qua:
1768 3905 1886 3948 non

236 3957 561 4042 habebant,
595 3960 752 4021 nacti
788 3958 1146 4042 f_uissent_a_
1179 3958 1462 4042 Cajetano
1508 3959 1569 4020 in
1600 3957 1888 4042 praenun-

240 4036 631 4132 tiatogpere,
664 4038 846 4132 qugd,
882 4058 952 4101 eo
981 4038 1184 4132 evi‘vis
1216 4036 1472 4132 sublato,
1500 4036 1887 4132 posthumum

238 4118 597 4202 prodiit'sub
630 4118 898 4202 medium
927 4118 1211 4202 saeculum
1252 4137 1393 4183 xvu.
1429 4118 1525 4182 lbi
1548 4140 1723 4202 porro
1754 4134 1887 4188 tan-

1970 3882 2176 3957 currit,
2241 3880 2316 3960 de
2346 3898 2480 3960 iquo
2538 3888 2860 3960 utcumque
2915 3877 3175 3960 dubitari
3232 3886 3449 3958 posset,
3514 3877 3613 3940 die

1971 3963 2256 4026 nimirum
2285 3959 2363 4021 24
2388 3957 2612 4033 Martii,
2637 3957 2735 4021 ubi
2756 3957 2824 4020 ex
2848 3976 2991 4036 vaga
3008 3957 3359 4021 llenmorum
3380 3977 3612 4019 annun-

1972 4043 2224 4107 tiatione
2252 4040 2434 4104 breve
2463 4040 2681 4103 texitur
2710 4038 2990 4118 elogium.

2049 4124 2137 4204 (9)
2164 4123 2307 4186 Tam
2338 4120 2529 4204 severi
2559 4139 2593 4182 a
2643 4117 2915 4204 praefecto
2963 4117 3285 4204 interdicti,
3320 4117 3474 4199 quod
3509 4117 3606 4204 hic

239 4196 637 4295 turninvenio
670 4207 810 4290 tom.
845 4198 918 4275 ΙΙ,
954 4216 1092 4295 ρειςἶ
1115 4200 1215 4292 42,
1235 4196 1887 4295 Eragmentlnn‘hjjnmi
1904 4234 1953 4295 D
1972 4196 2266 4295 nairatur,
2299 4200 2446 4295 ratio
2477 4196 2856 4295 (orte'fuerit,
2910 4218 3086 4279 quam
3117 4196 3512 4289 ititeileierat,
3541 4196 3604 4295 8ἶ

236 4297 311 4368 εχ
335 4278 445 4368 Μεἰ
475 4275 846 4368 Condacario
855 4275 1211 4368 monasterii
1234 4275 1516 4368 Basiliani
1546 4275 2093 4368 S.thtippi"Nili
2122 4275 2259 4361 fuga
2287 4279 2359 4368 ab
2391 4281 2575 4368 invita
2622 4279 2893 4368 conjuge,
2929 4275 3157 4368 quam,
3198 4276 3311 4339 nisi
3343 4275 3607 4368 uxor—vel

238 4357 585 4451 Eragalatis,
610 4357 934 4451 quod_nihil
952 4357 1237 4451 continet,
1257 4360 1593 4451 quodcerto
1618 4357 1885 4451 suadeat,

241 4439 318 4525 de
345 4437 460 4525 hoc
491 4437 599 4525 agi
674 4437 923 4525 setl‘nec
952 4437 1529 4525 etiam_co_ritrarium
1555 4443 1694 4524 quid
1706 4437 1881 4525 piam.

240 4518 361 4581 Res
387 4517 463 4611 ad
486 4517 862 4611 {Februarii
893 4519 956 4582 in
977 4518 1191 4602 Operis
1220 4517 1650 4603 Supplementa
1674 4517 1889 4605 poterit

245 4616 574 4663 examinari
583 4646 597 4659 .

328 4679 409 4761 (7)
440 4678 714 4763 Sanctos_
741 4678 893 4763 duos
918 4680 1381 4763 Fantinos,__qui
1427 4681 1498 4763 ad
1553 4681 1887 4748 Calabriam

243 4759 536 4846 spectant,
555 4759 1670 4846 ascriptoribusnonnullis—confusosin
1696 4764 1889 4846 Opere

243 4839 448 4903 nostro
477 4839 909 4923 discriminavit
934 4842 1163 4918 Pinius,
1189 4842 1551 4923 alteriusque
1567 4843 1713 4905 Acta
1746 4839 1889 4907 illu-

245 4922 453 4984 stravit
481 4920 580 4983 die
608 4918 688 4982 24
735 4919 902 5003 Julii,
932 4923 1176 4985 alterius
1218 4922 1296 4984 30
1325 4918 1595 5003 Augusti.
1641 4923 1728 4987 De
1760 4925 1885 4997 illo,

244 5004 416 5093 cujus
465 5010 741 5093 parentes
778 5002 1220 5093 imperatorum
1268 5002 1577 5093 gentilium
1623 5012 1891 5085 tempore

243 5082 525 5165 martyrio
547 5082 815 5165 coronati
832 5082 1261 5165 memorantur,
1277 5082 1373 5165 hic
1396 5083 1489 5160 agi
1512 5101 1627 5165 non
1656 5082 1843 5165 potest
1870 5105 1884 5145 :

243 5162 568 5244 secundus,
601 5162 701 5244 qui
755 5169 813 5244 et
864 5163 1249 5244 monasticam
1288 5163 1461 5225 vitam
1515 5163 1574 5244 in
1624 5162 1893 5227 Calabria

242 5243 549 5323 professus
578 5241 669 5307 est
692 5250 751 5305 et
778 5241 1304 5323 in‘Saracenorum
1348 5243 1574 5306 vexatio
1587 5245 1759 5307 nibus
1789 5264 1895 5316 per

244 5321 548 5402 Sexaginta
600 5342 788 5385 annos
846 5321 1127 5399 luctatus,
1180 5323 1420 5387 tandem
1471 5324 1533 5386 in
1588 5324 1892 5389 Orientem

245 5402 545 5483 profectus
575 5411 635 5467 et
672 5403 1118 5483 Thessalonicae
1164 5412 1433 5465 mortuus
1462 5414 1573 5480 est,
1602 5405 1701 5469 hic
1732 5415 1893 5468 certe

244 5482 563 5564 indicatur,
595 5490 657 5564 ut
686 5482 936 5564 liquebit
965 5483 1172 5564 capite
1194 5484 1254 5559 3,
1289 5503 1454 5545 num.
1491 5484 1593 5548 25.

344 5564 432 5646 (8)
480 5562 821 5646 Zachariam
880 5562 1111 5646 nullum
1160 5563 1225 5625 in
1254 5565 1476 5646 Fastos
1500 5582 1639 5626 suos
1694 5565 1897 5634 retulit

216 5641 609 5729 _,Cajetanus:
656 5641 871 5707 unicus
910 5643 974 5706 in
1002 5643 1197 5727 Opere
1227 5652 1431 5709 nostro
1462 5643 1752 5709 hactenus
1781 5664 1890 5708 oc-

1970 4358 2214 4427 mortua
2249 4359 2360 4422 sub
2411 4360 2525 4423 hoc
2570 4358 2800 4439 tempus
2850 4358 3028 4421 fuerit
3074 4358 3160 4419 vel
3209 4358 3602 4439 consenserit,

1972 4463 2089 4505 non
2124 4449 2322 4524 putem
2345 4440 2487 4502 satis
2539 4437 2867 4520 prudenter
2911 4439 3187 4580 adiuvare
3219 4437 3481 4519 potuisse
3512 4457 3611 4498 se-

1972 4523 2169 4580 niores
2196 4521 2333 4580 illos
2362 4521 2709 4580 monachos.
2763 4518 2916 4580 Vide
3018 4520 3131 4580 icta
3183 4520 3253 4580 ad
3307 4525 3502 4579 notam
3538 4520 3597 4580 4.

1969 4518 2169 4586 niore's
2196 4521 2333 4583 illos
2362 4518 2709 4583 monachos.
2763 4518 2916 4581 Vide
2970 4518 3131 4581 dicta
3183 4518 3253 4580 ad
3307 4525 3502 4579 notam
3538 4520 3597 4582 4.

2048 4603 2173 4681 (10)
2199 4600 2519 4681 Incertum,
2549 4608 2657 4663 est.
2695 4618 3002 4681 quousque
3050 4598 3386 4681 extenderit
3416 4617 3480 4659 sc
3500 4599 3609 4681 ju-

1967 4679 2236 4746 risdictio
2267 4680 2548 4760 praefecti,
2572 4679 2738 4742 extra
2763 4679 2933 4759 cujus
2962 4679 3323 4760 provinciam
3348 4687 3475 4739 erat
3498 4680 3609 4760 hoc

1970 4758 2347 4839 ccenobium;
2391 4769 2450 4822 at
2477 4760 2586 4822 l‘uit
2608 4778 2751 4822 sane
2781 4758 3288 4821 arctis—limitibus
3338 4769 3526 4839 septa,
3561 4758 3610 4819 si

1970 4863 2042 4907 ex
2074 4838 2433 4905 monasterio
2465 4840 2529 4904 S.
2576 4840 2877 4914 Mercurii,
2945 4840 3100 4920 quod
3132 4857 3166 4901 a
3194 4846 3384 4920 castro
3417 4838 3615 4920 Palma

1971 4943 2088 4986 non
2112 4924 2289 5002 longe
2316 4921 2541 5002 aberat,
2575 4920 2648 4982 ad
2680 4918 3019 4982 ccenobiuin
3071 4918 3132 5002 S.
3166 4919 3606 5002 Nazarii,_quo_d

1972 5003 2156 5066 hodie
2186 4997 2246 5065 S'.
2284 5000 2523 5066 Filareti
2553 5008 2816 5081 vocatur,
2868 5000 3128 5062 tantum‘
3146 4999 3362 5081 missus
3406 4997 3514 5059 fuit
3544 4997 3604 5061 S.

1972 5082 2158 5145 Nilus.
2193 5081 2396 5144 Tradit
2420 5083 2535 5144 hoc
2564 5079 2832 5160 laudatus
2866 5082 3111 5160 Agresta
3138 5079 3444 5160 additque,
3478 5097 3609 5160 mo-

1973 5161 2294 5225 nasterium
2342 5162 2490 5224 illud
2543 5162 2605 5224 S.
2655 5159 2918 5234 Filareti,
2970 5159 3143 5221 unico
3194 5158 3421 5220 tantum
3473 5158 3610 5219 mil-

1973 5243 2105 5305 liari
2135 5241 2207 5305 ab
2238 5242 2457 5322 oppido
2482 5240 2789 5322 Seminara
2816 5239 3050 5311 abesse.
3086 5240 3145 5301 in
3178 5258 3367 5320 eoque
3398 5256 3610 5322 mona-

1973 5261 2105 5305 uart
2135 5261 2207 5305 an
2238 5262 2312 5322 op
2360 5261 2457 5303 1th
2482 5261 2789 5304 seminare
2816 5261 3050 5311 abesse.
3086 5261 3145 5301 ιη
3178 5261 3367 5320 eoque
3398 5261 3609 5300 mona-

1973 5323 2204 5386 chalem
2236 5261 2499 5385 hallitum
2529 5320 2848 5401 accepisse,
2875 5330 3462 5401 sanctumnostrum.
3493 5317 3609 5401 δυ-

1977 5402 2204 5465 minara
2250 5401 2430 5465 distat
2471 5420 2506 5464 a
2556 5398 2854 5464 Palmensi
2905 5400 3203 5464 territorio
3254 5399 3352 5479 vix
3389 5398 3611 5479 quinto

1977 5482 2236 5545 milliari.
2296 5480 2508 5545 Nescio
2562 5488 2782 5555 autem,
2856 5498 2930 5542 an
2985 5480 3186 5543 Palma
3241 5477 3608 5542 Semitiaram

1974 5563 2251 5627 euntibus
2280 5580 2445 5624 mare
2473 5566 2547 5624 ad
2577 5561 2803 5637 laevam,
2854 5579 2890 5622 a
2917 5561 3177 5623 dexteris
3207 5576 3451 5622 nemora
3480 5575 3614 5621 esse

1974 5643 2222 5727 possint.
2237 5641 2337 5708 Sic
2352 5656 2547 5707 tamen
2558 5641 2734 5725 paulo
2747 5648 2881 5724 post
2891 5638 3304 5706 describith
3314 5688 3328 5706 .
3342 5638 3611 5703 Niliiter.
