3966 6148
160 200 235 267 27
320 226 335 239 ·
1634 200 1995 265 ΑΝΟΝΥΜΙ
3456 195 3533 263 28

151 343 323 400 rante
343 333 611 399 orbatum
642 331 934 398 destituit.
966 333 1133 397 Tunc
1164 352 1299 398 vero
1331 334 1499 398 illum
1533 335 1711 397 timor
1729 354 1828 399 ac;

1931 334 2154 410 ινάμεως
2211 329 2418 402 ἀϐλαϐῆ
2473 333 2561 391 καὶ
2618 333 2871 409 ἀπήμονα
2928 339 3109 390 τοῦτον
3166 326 3535 410 διαφυλάξασα’

158 434 381 487 tremor
409 425 733 505 corripere,
759 443 1050 506 pavorque
1082 424 1288 486 mortis
1317 425 1794 506 apprehendere.

1931 446 1971 480 ›α
2046 430 2156 502 γνῷ
2227 425 2315 480 καὶ
2362 425 2516 487 αὐτὸς
2569 445 2667 489 την
2707 423 2805 491 τὴς
2866 423 3068 505 φύσεως
3127 421 3391 480 ἀσθένειαν
3449 412 3538 478 καὶ

156 514 515 593 Recogitans
540 513 721 589 enim,
757 514 816 575 in
850 533 998 594 quos
1028 514 1268 594 laqueos
1299 521 1548 594 etquam
1585 516 1801 577 multos

156 604 485 679 incidisset,
504 604 754 683 etpedes
784 603 944 685 ipsos
973 604 1043 665 ad
1066 602 1178 665 iter
1203 601 1460 681 dirigere
1491 622 1609 664 non
1630 612 1800 684 pote-

156 701 268 769 rat,
296 692 400 755 sed
431 692 674 754 omnino
706 691 984 773 titubans,
1036 703 1195 754 retro
1240 709 1397 772 saepe
1424 691 1799 771 respiciebat,

157 782 357 863 gladio
388 801 453 844 se
484 800 590 861 per
618 781 843 855 dolum,
872 788 937 843 ut
969 781 1149 844 moris
1182 789 1239 842 et
1267 780 1435 862 ipsis,
1462 780 1802 845 feriendum

153 873 400 953 jamjam
450 879 817 952 exspectans.
866 872 941 933 At
983 870 1343 935 Sarracenus
1374 889 1508 932 cum
1538 870 1804 952 vidisset,

160 981 295 1024 eum
347 979 459 1023 nec
506 979 719 1042 panem
772 959 1018 1042 habere,
1070 978 1182 1023 nec
1231 977 1456 1041 peram,
1519 979 1630 1024 nec
1689 962 1809 1023 vini

159 1050 678 1126 refocillationem,
739 1051 999 1132 acceptis
1062 1049 1315 1131 panibus
1386 1067 1507 1110 non
1568 1049 1808 1130 quidem

161 1138 523 1216 recentibus,
578 1140 681 1201 sed
716 1158 786 1202 ex
837 1139 1224 1201 mundissima
1249 1136 1605 1219 similagine,
1636 1141 1812 1220 coepit

163 1236 295 1310 post
352 1229 545 1308 ipsum
603 1247 871 1304 currere,
931 1229 1174 1291 fratrem
1250 1246 1468 1290 vocans
1526 1238 1585 1289 et
1628 1235 1691 1290 ut
1745 1247 1811 1291 se

162 1319 496 1380 venientem
533 1327 907 1395 exspectaret
935 1317 1339 1380 acclamitans.

1882 513 1980 580 τὴν
2033 518 2131 580 τῆς
2209 512 2536 592 ἀνθρωπίνης
2615 509 2883 587 δυνάμεως
2953 511 3292 587 οὖθενότητα,
3353 511 3535 589 μικρὸν

1886 601 2078 668 ἑαυτὴν
2117 600 2489 675 ὑποστείλασα,
2532 601 2620 657 καὶ
2661 604 2778 657 οἷον
2825 601 2979 658 αὐτὸν
3024 605 3122 667 τῆς
3177 603 3338 667 αὐτῆς
3389 598 3536 678 ἐνερ-

1887 691 2034 768 γείας
2074 688 2461 766 καταλείψασα·
2517 689 2638 745 τότε
2685 687 2774 768 δὴ,
2825 689 2945 745 τότε
2991 686 3153 769 φόϐος
3203 689 3291 745 καὶ
3345 687 3538 767 τρόμος

1888 779 2154 836 ἐπιπίπτει
2201 782 2364 854 αὐτῷ,
2406 780 2493 835 καὶ
2534 775 2697 834 δειλία
2752 778 2973 838 θανάτου
3029 776 3307 858 περιέσχεν
3362 775 3536 836 αὗτόν.

1892 864 2258 942 Ἐννοοόμενος
2330 867 2430 947 γὰρ
2500 869 2573 931 εἰς
2657 864 2787 923 οἵων
2871 864 3105 945 παγὶδων
3189 865 3539 922 ἐνεπεπτώκει

1891 954 2116 1030 πληθὺν,
2171 953 2285 1014 οὐδὲ
2333 957 2453 1019 τοὺς
2506 952 2672 1018 πόδας
2727 956 2857 1034 πρὸς
2913 956 3011 1022 τὴν
3067 951 3184 1011 ὁδὸν
3238 957 3542 1012 κατευθῦναι

1892 1042 2137 1118 ἠδύνατο,
2188 1042 2306 1100 ἀλλ’
2352 1043 2476 1107 ὅλος
2530 1042 2704 1102 διόλου
2759 1042 3131 1119 κλονούμενος,
3190 1042 3362 1099 πυκνὰ
3413 1041 3541 1120 πρὸς

1891 1134 1956 1188 τὰ
2036 1131 2245 1189 ὄπισθεν
2321 1129 2667 1211 ὑπεϐλέπετο,
2765 1132 2863 1198 τὴν
2951 1140 3044 1190 τοῦ
3124 1128 3295 1212 ξίφους
3373 1129 3543 1204 τομὴν

1891 1219 2140 1301 δολερῶς,
2201 1221 2375 1300 ὥοπερ
2433 1220 2547 1283 ἔθος
2622 1224 2828 1296 αὐτοῖς,
2906 1217 3030 1299 παρ’
3088 1222 3257 1277 αὐτῶν
3316 1218 3546 1296 αὖθωρὸν

1891 1313 2342 1395 ἀπεκδεχόμενος,
2404 1305 2461 1372 Ὀ
2533 1312 2587 1370 δὲ
2663 1312 3003 1392 Σαρρακηνὸς
3065 1315 3137 1376 ὡς
3197 1310 3337 1368 εἶδεν
3393 1311 3546 1367 αὑτὸν

164 1400 299 1475 μήτε
356 1400 534 1480 ἄρτον,
596 1401 733 1475 μὴτε
784 1402 959 1481 πὴραν
1017 1399 1413 1479 ἐπιφερόμενον,
1475 1399 1611 1475 μὴτε
1668 1396 1817 1456 οἴνου
1870 1402 2229 1483 παράκλησιν,
2294 1400 2470 1460 λαϐὼν
2535 1400 2648 1479 μεθ’
2715 1403 2901 1461 ἑαυτοῦ
2969 1400 3153 1481 ἄρτους
3209 1399 3395 1480 ξηροὺς
3461 1397 3549 1455 καὶ

163 1487 278 1545 λίαν
316 1489 571 1568 καθαροὺς
603 1535 619 1563 ,
673 1488 863 1570 ἤρξατο
906 1488 1114 1570 τρέχειν
1175 1489 1342 1545 ὀπίσω
1408 1491 1585 1565 αὐτοῦ,
1657 1488 1859 1567 κράζων
1934 1494 2089 1552 αὐτὸν
2146 1491 2405 1573 ἀδελφὸν,
2461 1487 2573 1548 καί
2626 1503 2945 1570 προσμεῖναι
3000 1489 3099 1557 τὴν
3156 1485 3324 1569 ἄφιξιν
3392 1489 3550 1545 αἰ)τοῦ

167 1575 364 1634 ἐκϐοῶν
374 1624 389 1638 .

248 1665 307 1727 7.
343 1663 467 1726 Ηοο
520 1667 806 1759 majorem
849 1665 936 1759 illi
987 1663 1282 1740 timorem,
1334 1672 1398 1728 ut
1445 1683 1550 1748 par
1580 1673 1726 1759 erat,
1760 1672 1819 1727 et

1982 1668 2053 1752 ζ’.
2142 1664 2299 1759 ”Οπερ
2372 1679 2444 1742 εἷς
2521 1678 2730 1753 μείζονα
2805 1672 2966 1756 φόϐον
3023 1676 3110 1732 καὶ
3166 1672 3415 1751 ἀγωνίαν,
3475 1670 3550 1734 ὼς

167 1751 475 1814 horrorem
537 1754 762 1835 injecit,
827 1754 1088 1834 Opinato,
1146 1773 1284 1816 vera
1356 1774 1421 1817 se
1474 1755 1817 1836 suspicione

171 1841 512 1921 perstringi;
543 1843 741 1923 itaque
771 1843 960 1904 solum
995 1844 1103 1905 hoc
1135 1843 1366 1922 agebat,
1394 1844 1725 1906 utanimam
1754 1843 1816 1904 in

172 1949 381 1993 manus
402 1931 621 1994 Christi
650 1932 889 1994 Domini
919 1932 1388 1995 commenderet.
1422 1933 1575 2011 Ergo
1595 1940 1656 1993 ut
1673 1932 1817 1992 vidit

169 2019 338 2080 illum
374 2018 742 2083 Sarracenus
792 2021 972 2083 nimis
1021 2020 1401 2104 pavitantem,
1456 2031 1514 2083 et
1561 2021 1815 2102 pallente

168 2109 329 2169 vultu
357 2108 532 2169 veluti
567 2116 884 2181 mortuum,
919 2106 1097 2190 coepit
1140 2110 1358 2173 acriter
1400 2110 1713 2190 increpare
1762 2117 1821 2170 et

171 2195 503 2258 timiditatis
521 2197 806 2279 probrum
839 2198 1122 2278 objicere.
1153 2198 1272 2260 Nos
1305 2198 1489 2281 enim,
1511 2197 1723 2279 inquit,
1744 2197 1819 2259 de

183 2292 236 2346 te
254 2285 725 2368 dolemus,quod
759 2286 905 2349 nihil
941 2287 1167 2349 honore
1198 2295 1301 2349 tuo
1330 2288 1571 2367 dignum
1604 2286 1822 2349 habea-

175 2392 308 2434 mus
336 2381 432 2451 ;tu
458 2393 593 2437 vero
626 2375 699 2436 de
732 2374 925 2456 nobis,
963 2395 1092 2456 quae
1125 2376 1318 2438 minus
1349 2377 1540 2450 decet,
1567 2376 1815 2454 cogitas.

177 2461 400 2542 Accipe
428 2482 605 2543 parva
657 2465 800 2540 haec,
852 2484 982 2545 quae
1031 2466 1187 2527 Deus
1241 2465 1729 2542 subministravit,
1765 2472 1822 2526 et

177 2550 238 2611 in
286 2569 429 2631 pace
481 2559 641 2613 tuum
675 2553 788 2614 iter
816 2553 1051 2617 habeto.
1087 2555 1332 2634 Accepit
1360 2554 1448 2615 vir
1475 2554 1583 2616 Dei
1615 2572 1819 2636 panes,

180 2647 454 2720 tanquam
490 2641 605 2702 sibi
625 2660 657 2702 a
675 2640 794 2703 Deo
817 2642 1049 2720 missos,
1076 2650 1135 2706 et
1155 2643 1581 2725 obstupescens
1606 2651 1822 2706 tantam

176 2729 284 2791 Dei
317 2731 393 2792 de
424 2749 488 2792 se
518 2750 719 2793 curam
753 2751 821 2793 ac
851 2732 1336 2816 sollicitudinem,
1373 2752 1449 2796 ne
1469 2733 1669 2795 oculos
1700 2731 1825 2815 qui-

180 2817 314 2880 dem
348 2819 619 2881 attollere
665 2820 724 2881 in
775 2822 990 2883 coelum
1033 2821 1284 2898 volebat,
1337 2822 1442 2884 sed
1493 2822 1674 2885 veluti
1706 2840 1827 2902 pra;

1898 1771 2062 1849 εἰκὸς,
2138 1758 2414 1848 περιέϐαλε
2490 1769 2581 1823 τὸν
2656 1767 2885 1845 νεανῖαν,
2958 1763 3306 1842 λογισάμενον
3377 1758 3549 1825 ἀληθῆ

1896 1857 2237 1939 ὑπειληφέναι
2291 1855 2493 1915 ἑαυτόν·
2545 1856 2633 1912 καὶ
2685 1855 2842 1930 μόνον
2893 1853 2991 1921 τὴν
3036 1852 3218 1931 ψυχὴν
3246 1849 3549 1928 παρετῖθετο

1897 1960 2020 2009 ταῖς
2076 1933 2229 2026 χερσὶ
2274 1954 2366 2003 τοῦ
2424 1943 2690 2002 Δεσπότου
2746 1950 2991 2021 Χριστοῦ.
3039 1949 3230 1998 Τοῦτον
3280 1934 3400 1993 ἰδὼν
3453 1933 3553 1991 δει-

1898 2022 2239 2114 λανδρίσαντα
2305 2035 2333 2089 6
2389 2030 2750 2111 Σαῤῥακηνὸς,
2804 2031 2892 2086 καὶ
2958 2035 3036 2103 τῷ
3090 2025 3191 2083 δέει
3254 2026 3354 2114 τὰς
3401 2022 3551 2099 ὄψεις

1902 2110 2238 2204 ἀχροωθέντα
2318 2120 2554 2200 καθάπερ
2637 2120 2838 2198 νεκρὸν,
2924 2114 3117 2196 ἤρξατο
3212 2110 3553 2211 ἐπιπλήττειν

1901 2203 2160 2293 σφοδρῶς,
2217 2210 2303 2267 καὶ
2358 2210 2419 2265 τὸ
2478 2205 2725 2286 ἄνανδρον
2800 2203 3060 2276 ὀνειδίζειν
3135 2206 3299 2277 αὐτῷ,
3364 2203 3554 2276 Ἡμεῖς

1902 2287 2045 2380 γαρ,
2085 2322 2239 2381 φησι,
2289 2297 2588 2371 λυπούμεθα
2658 2297 2774 2374 περὶ
2852 2303 2968 2374 σοῦ,
3025 2292 3106 2349 ὅτι
3158 2290 3304 2350 οὐδὲν
3354 2287 3554 2369 ἔχομεν

1903 2378 2041 2456 ἄξιον
2070 2378 2168 2457 τῆς
2198 2393 2296 2456 σῆς
2346 2391 2530 2462 τιμῆς,
2582 2386 2669 2442 καὶ
2717 2386 2778 2439 σὺ
2828 2385 2893 2438 τὰ
2942 2383 3018 2458 μὴ
3072 2380 3341 2461 πρέποντα
3370 2378 3556 2456 λογιζῃ

1902 2481 2018 2559 περὶ
2054 2480 2230 2553 ἡμῶν.
2282 2472 2432 2540 Δέξαι
2480 2484 2641 2532 ταῦτα
2688 2474 2753 2530 τὰ
2794 2472 2977 2551 μικρὰ,
3035 2470 3168 2549 ἅπερ
3222 2468 3556 2559 έχορήγησεν

1906 2571 1933 2625 6
1967 2553 2119 2639 Θεὸς,
2168 2567 2252 2622 καὶ
2298 2563 2519 2643 πορεύου
2570 2562 2625 2617 ἐν
2671 2562 2851 2641 εἰρήνῃ
2894 2560 2993 2627 τὴν
3046 2559 3145 2625 σὴν
3200 2555 3341 2617 ὁδόν.
3391 2553 3557 2621 Δεξά-

1908 2678 2063 2733 μενος
2110 2656 2280 2712 τοίνυν
2328 2656 2356 2710 6
2392 2661 2486 2711 τοῦ
2536 2659 2667 2709 Θεοῦ
2708 2649 2979 2729 ἄνθρωπος
3037 2649 3159 2710 τοὺς
3214 2645 3423 2725 ἄρτους,
3482 2645 3557 2708 ὼς

1907 2746 1967 2802 ὲκ
2024 2752 2155 2803 Θεοῦ
2198 2741 2527 2822 πεμφθέντας
2577 2744 2739 2815 αὒτῷ,
2793 2740 2881 2795 καὶ
2935 2735 3290 2813 καταπλαγεὶς
3348 2734 3433 2790 ἐπὶ
3489 2738 3559 2822 τῇ

1906 2835 2135 2909 τοσαύτῃ
2193 2818 2472 2906 ἀντιλήψει
2526 2831 2614 2886 καὶ
2687 2828 3023 2909 περιποιήσει
3098 2835 3190 2884 τοῦ
3245 2832 3375 2881 Θεοῦ
3445 2818 3565 2901 περὶ

181 2908 541 2970 verecundia
574 2929 690 2971 non
721 2912 943 2973 audens
975 2911 1189 2973 intueri
1220 2912 1281 2973 in
1311 2912 1518 2987 Deum,
1555 2922 1613 2974 et
1645 2912 1821 2973 multa

1931 2908 2120 2995 ιῦτὸν,
2155 2919 2268 2980 οὒδὲ
2322 2921 2383 2976 τὸ
2432 2915 2579 2994 δ’μμα
2632 2919 2704 2980 εἷς
2764 2908 2981 2995 οὐρανὸν
3032 2914 3218 2993 ἐπάραι
3280 2909 3560 2979 ἠϐούλετοο

183 3014 318 3056 cum
366 2997 696 3060 humilitate
727 2999 952 3062 detixos
980 3001 1043 3062 in
1075 3008 1293 3063 terram
1325 3001 1528 3063 oculos
1574 3000 1824 3075 habens,

183 3084 419 3148 Davidis
449 3105 623 3148 voces
670 3088 818 3150 fusis
863 3089 1134 3171 lacrymis
1184 3090 1505 3172 usurpabat
1546 3089 1616 3149 9:
1676 3088 1825 3162 Quid

184 3173 506 3236 retribuam
558 3176 686 3247 tibi,
736 3176 1011 3252 Domine,
1067 3197 1171 3259 pro
1217 3178 1497 3241 omnibus
1525 3198 1655 3260 qua}
1686 3178 1830 3240 mihi

184 3263 513 3326 retribuisti
542 3264 853 3329 beneficiis
886 3267 1156 3330 maximis
1184 3267 1214 3328 ?
1270 3270 1303 3319 5
1347 3268 1433 3330 Tu
1488 3269 1672 3344 enim,
1706 3268 1829 3330 Do-

189 3352 369 3426 mine,
409 3354 725 3435 suscepisti
757 3375 850 3418 me
881 3357 955 3418 de
996 3367 1165 3420 utero
1204 3359 1405 3420 matris
1432 3376 1618 3440 meae;
1660 3359 1693 3408 4
1721 3376 1832 3420 nec

197 3441 537 3503 concfusisti
566 3462 659 3505 me
697 3445 756 3504 in
789 3445 1059 3508 manibus
1087 3447 1337 3511 inimici.
1376 3451 1515 3511 Post
1543 3449 1668 3511 haec
1700 3457 1831 3509 tun-

196 3530 345 3592 dens
366 3540 570 3611 pectus
589 3541 646 3595 et
662 3533 846 3595 latera
866 3535 1076 3611 sua,ob
1089 3536 1364 3617 jurgabat
1396 3536 1830 3618 quodammodo

193 3621 450 3683 animam
470 3640 659 3700 suain,
679 3623 1033 3706 aiebatque5
1058 3648 1072 3690 :
1113 3646 1142 3686 (
1164 3626 1446 3704 Benedic,
1465 3626 1664 3688 anima
1677 3645 1828 3701 mea,

189 3713 466 3786 Domino,
525 3722 583 3775 et
640 3715 837 3775 omnia
890 3735 1021 3796 quae
1074 3717 1231 3778 intra
1287 3735 1382 3777 me
1410 3726 1570 3791 sunt,
1604 3717 1830 3778 nomini

189 3811 391 3864 sancto
423 3804 574 3883 ejus.
605 3805 888 3879 Benedic,
923 3806 1121 3868 anima
1151 3826 1312 3881 mea,
1342 3805 1593 3868 Domino
1625 3814 1683 3868 et
1713 3805 1832 3868 noli

192 3892 457 3975 oblivisci
488 3912 697 3955 omnes
720 3895 1145 3958 retributiones
1174 3897 1327 3976 ejus.
1380 3921 1408 3953 »
1467 3896 1532 3958 In
1562 3896 1655 3957 his
1698 3915 1832 3958 cum

195 3983 489 4064 reliquum
518 3982 750 4045 itineris
779 3985 1155 4058 confecisset,
1184 3986 1427 4068 jamque
1455 3995 1610 4048 esset
1652 4005 1835 4067 prope

200 4072 618 4134 monasterium
637 4072 711 4134 de
742 4093 856 4153 quo
883 4094 1064 4156 supra
1092 4076 1371 4151 diximus,
1405 4076 1470 4137 ﬁt
1494 4076 1580 4137 illi
1607 4074 1834 4136 obviam

195 4161 408 4242 equitis
436 4161 624 4223 forma
653 4163 886 4244 piorum
918 4164 1103 4227 hostis
1133 4171 1191 4226 et
1219 4167 1335 4228 ait:
1370 4166 1498 4238 Quo
1526 4173 1586 4226 tu
1611 4165 1833 4245 pergis,

198 4250 460 4312 cli-rice?
486 4250 633 4312 Num
666 4252 735 4313 ad
763 4253 873 4314 hoc
907 4251 1354 4325 monasterium,
1389 4262 1452 4315 ut
1484 4254 1835 4314 monachum

198 4338 452 4401 induas?
490 4339 605 4401 Cur
634 4341 692 4401 in
725 4341 873 4402 adeo
908 4341 1123 4402 fmdum
1158 4360 1418 4403 errorem
1456 4342 1606 4403 male
1639 4350 1841 4423 raptus

205 4437 314 4493 es?
364 4429 655 4510 potuissi's
705 4429 867 4492 domi
914 4438 1025 4493 tuae
1073 4431 1289 4493 sedens
1331 4431 1580 4493 salutem
1628 4431 1842 4493 anima:

203 4520 434 4582 facilius
462 4523 768 4603 consequi,
803 4538 976 4602 quam
1010 4522 1167 4583 inter
1191 4522 1295 4583 has
1327 4521 1629 4583 silvestres
1660 4520 1837 4582 feras.

202 4607 506 4690 Coepitque
536 4610 871 4674 obtrectare
900 4611 1225 4686 monachis,
1257 4618 1315 4672 et
1340 4624 1629 4672 sexcenta
1655 4610 1853 4672 convi-

203 4698 293 4759 cia
341 4699 400 4760 in
453 4699 845 4762 monasticum
891 4701 1119 4781 jactare
1170 4718 1414 4779 nomen,
1466 4717 1634 4774 auro,
1689 4698 1855 4761 inani

202 4786 429 4865 gloria},
478 4789 787 4870 ventrique
833 4789 1067 4850 deditos
1117 4789 1467 4869 appellans:
1532 4796 1589 4849 et
1649 4788 1849 4865 unius,

209 4877 422 4957 inquit,
468 4877 680 4945 lebetis
730 4879 943 4942 culinae
970 4896 1175 4940 eorum
1220 4886 1403 4941 totum
1456 4897 1550 4940 me
1597 4886 1850 4939 stantem

206 4988 339 5032 cum
374 4968 484 5030 hoc
517 4987 668 5050 equo
720 4988 856 5050 pars
906 4970 1099 5033 media
1147 4976 1408 5051 caperet.
1444 4967 1588 5031 Cum
1622 4969 1693 5030 ad
1727 4970 1853 5030 haec

208 5058 575 5136 respondere
607 5059 779 5121 veilet
809 5059 894 5121 vir
922 5068 1183 5133 sanctus,
1216 5078 1286 5121 ac
1315 5058 1515 5120 dicere
1543 5079 1557 5118 :
1592 5058 1677 5120 Tu
1711 5077 1852 5119 veno

211 5147 345 5228 quis
373 5166 458 5224 es,
499 5148 597 5230 qui
627 5148 878 5230 inquiris
910 5157 967 5211 et
994 5147 1387 5230 reprehendis
1418 5148 1528 5211 Dei
1557 5148 1854 5211 famulos?

213 5238 437 5318 Dignus
464 5242 621 5301 enim
646 5249 732 5302 est
755 5240 1050 5321 operatius
1071 5239 1351 5302 alimonia
1375 5258 1481 5301 sua
1501 5239 1554 5311 ϐ,
1583 5240 1679 5303 il'e
1702 5240 1855 5303 sicut

213 5335 392 5411 aspis,
418 5329 702 5395 obturatis
721 5332 984 5415 auribus,
1020 5332 1224 5415 rapido
1254 5349 1429 5395 cursu
1459 5331 1530 5394 ab
1559 5350 1628 5394 eo
1659 5349 1856 5394 reces-

295 5588 322 5632 9
365 5587 520 5653 Psal.
552 5605 681 5667 cxv,
720 5589 816 5653 19.
899 5590 933 5640 5
961 5587 1116 5653 Psal.
1150 5605 1428 5667 cxxxvm,
1468 5588 1563 5655 13.

1654 5778 1681 5791 ο

1650 5590 1682 5641 4
1711 5586 1866 5652 Psal.
1898 5603 2039 5662 xxx,
2074 5585 2132 5648 9.

1913 3009 2029 3067 ἀλλ’
2090 3010 2267 3089 ὥσπερ
2324 3004 2625 3082 αἰδούμενος
2697 3002 2988 3078 ἀναϐλέψαι
3062 3003 3193 3081 πρὸς
3261 3003 3350 3089 τδν
3409 3001 3561 3073 Θεὸν,

1911 3101 2057 3158 κάτω
2098 3100 2160 3155 τὸ
2206 3086 2486 3176 πρόσωπον
2541 3095 2674 3174 πρὸσ
2724 3094 2821 3160 τὴν
2873 3097 2975 3169 γῆν
3025 3092 3158 3165 μετὰ
3201 3086 3407 3155 πολλῆς
3462 3109 3564 3144 τα-

1912 3188 2319 3267 πεινοφροσύνης
2404 3184 2679 3256 νενευκὼς,
2769 3182 2902 3257 μετᾶ
2983 3176 3214 3257 δακρύων
3299 3177 3391 3240 τὰς
3474 3184 3565 3234 τοῦ

1917 3263 2087 3337 Δαυῖδ
2103 3263 2250 3357 ’ἦφῖει
2281 3273 2481 3356 φωνάς.
2509 3272 2568 3329 Τί
2613 3267 2970 3328 ἀνταποδώσω
3015 3290 3120 3336 σοι,
3158 3266 3335 3345 Κύριε,
3363 3263 3555 3343 λεγων,

1912 3369 2030 3446 περὶ
2085 3365 2316 3438 πάντων,
2396 3364 2467 3418 ὧν
2559 3357 2931 3422 ἆνταπεδωχάς
3009 3379 3097 3432 μοι
3158 3376 3419 3433 μεγιστων
3475 3375 3569 3409 σου

1914 3440 2266 3534 εὐεργεσιῶνς
2326 3452 2388 3507 σὺ
2453 3450 2578 3530 γὰρ,
2658 3447 2921 3521 Δέσποτα,
2998 3440 3283 3502 ἆντελάϐοο
3353 3465 3454 3518 μου
3510 3440 3570 3497 ἐκ

1914 3530 2140 3623 γαστρὸς
2197 3530 2396 3619 μήτρός
2471 3561 2594 3614 μου,
2653 3539 2742 3594 καὶ
2810 3540 2869 3595 οὔ
2944 3532 3278 3595 συνεκλεισάς
3355 3551 3421 3606 με
3498 3530 3569 3592 εἷς

1915 3621 2106 3713 χεῖρας
2169 3632 2395 3710 εχθρῶν,
2452 3651 2479 3681 α
2526 3627 2671 3682 Μετᾶ
2717 3623 2771 3680 δὲ
2818 3634 2979 3682 ταῦτα
3021 3622 3222 3702 κρούων
3271 3621 3333 3676 τὸ
3377 3621 3569 3685 στῆθος

2070 3720 2163 3782 τὰς
2201 3706 2457 3796 *πλευρὰς
2540 3719 2697 3774 αὐτοῦ
2721 3759 2738 3791 ,
2823 3712 3013 3769 ὡσανεὶ
3095 3707 3391 3776 ἐπέπληττε
3472 3706 3570 3773 τὴν

1912 3807 2043 3865 ἰδίαν
2091 3807 2296 3886 ψυχὴν,
2347 3788 2435 3861 διαὶ
2485 3802 2684 3882 ἔλεγεν·
2723 3788 2775 3856 να
2838 3800 3082 3879 Εὖλόγει,
3141 3800 3175 3866 ἡ
3229 3797 3382 3886 ψυχή
3441 3818 3566 3886 μου,
3626 3788 3635 3805 ’

1915 3899 2007 3953 τὸν
2064 3882 2271 3974 Κύριον,
2333 3894 2420 3950 καὶ
2469 3893 2641 3949 πάντα
2694 3892 2760 3947 τὰ
2808 3889 2954 3952 ἐντός
3011 3910 3112 3964 μου
3172 3887 3232 3942 τὸ
3288 3885 3456 3959 ὄνομα
3511 3882 3572 3937 τὸ

1919 3986 2068 4065 ἅγιον
2098 3970 2273 4042 αὖτοῦ.
2334 3980 2576 4059 Εὖλόγει,
2618 3982 2653 4048 ἡ
2709 3980 2860 4059 ψυχή
2911 3999 3032 4054 μου,
3082 3976 3173 4065 τον
3226 3973 3440 4052 Κύριον,
3489 3970 3576 4026 καὶ

1920 4062 1996 4152 μὴ
2057 4072 2398 4131 ὲπιλανθὶνου
2453 4071 2627 4132 πάσας
2701 4069 2795 4131 τὰς
2872 4062 3244 4126 ἀνταποδόσεις
3301 4064 3479 4120 αὐτοῦ.
3541 4077 3570 4117 ι

1921 4162 2012 4222 Ἐν
2066 4163 2270 4226 τούτοις
2327 4158 2660 4221 διανύσαντος
2736 4157 2797 4213 τὸ
2871 4153 3058 4211 λοιπὸν
3131 4157 3230 4219 τῆς
3288 4147 3428 4224 όδοῦ,
3489 4148 3577 4205 καὶ

1918 4253 2104 4310 λοιπὸν
2159 4249 2595 4331 προσεγγίζοντος
2671 4250 2739 4321 τῇ
2814 4240 2914 4310 ἤδη
2990 4239 3346 4320 προλεχθείσῃ
3409 4240 3575 4313 μονῇ,

1918 4345 2120 4413 ὑπαντᾷ
2178 4326 2349 4413 άδτῷ
2378 4336 2431 4392 ἐν
2483 4336 2728 4416 σχὴματι
2777 4331 2979 4394 ἱππέως
3026 4333 3054 4387 6
3103 4327 3314 4416 δικαίων
3364 4326 3578 4416 ἐχθρὸς,

1920 4433 2007 4489 καὶ
2055 4430 2183 4509 φησὶ
2231 4429 2361 4506 πρὸς
2408 4413 2585 4483 αὒτόν·
2641 4430 2746 4480 1106
2797 4421 2993 4509 πορεὺῃ
3049 4419 3135 4498 σὺ,
3187 4414 3449 4494 κληρικέ;
3502 4413 3579 4509 μὴ

1924 4502 2162 4598 ponii);
2221 4516 2440 4593 ὑπάγεις
2497 4511 2733 4591 γενέσθαι
2804 4504 2860 4565 ἐν
2908 4510 3071 4585 ταύτῃ
3124 4511 3193 4581 τῇ
3257 4509 3433 4583 μονῆς
3493 4502 3584 4558 καὶ

1931 4588 2023 4666 λίνα
2217 4588 2381 4667 οὕτως
2449 4588 2751 4667 ἐπλανὴθης
2823 4604 3044 4676 κακῶςς
3122 4591 3288 4655 ὅντως
3363 4589 3581 4648 κάλλιον

1935 4696 2163 4767 ἠδύνασο
2216 4695 2269 4750 ἐν
2339 4698 2415 4767 τῷ
2487 4689 2624 4747 οἴκω
2694 4711 2787 4745 σοι)
2854 4685 3195 4758 καθιξόμενος
3264 4686 3429 4737 σῶσαι
3484 4679 3582 4745 τὴν

1939 4789 2038 4855 σὴν
2088 4784 2293 4864 ψυχὴν,
2316 4780 2378 4868 ’,ἢ
2426 4779 2794 4859 εἰσερχόμενος
2844 4774 3002 4851 μέσον
3060 4778 3165 4830 τῶν
3220 4770 3414 4849 ἀγρίων
3468 4767 3585 4868 τού-

1939 4897 2045 4932 των
2094 4854 2288 4952 θηριῦν.
2316 4854 2537 4949 ’,Ηρξατο
2607 4865 2661 4922 δὲ
2723 4876 3044 4952 κατηγορεῖν
3113 4861 3234 4924 τοὺς
3288 4856 3581 4952 μοναχοδς,

1938 4984 2124 5041 μυριας
2166 4943 2441 5039 ’λοιδοριας
2505 4953 2753 5041 ἐπιχέων,
2795 4959 2871 5027 τῷ
2927 4950 3146 5026 ὀνόματι
3202 4952 3421 5041 αὒτῶνη
3455 4943 3581 5024 φιλ-

1935 5034 2186 5131 αρίίύρους
2283 5034 2341 5104 τε
2438 5046 2526 5103 καὶ
2600 5034 2914 5107 αενοδόξους
2997 5041 3086 5096 καὶ
3163 5034 3583 5117 γαστριμάργους

1936 5123 2240 5198 ἀποκαλῶν·
2303 5137 2391 5193 καὶ
2443 5133 2522 5191 ὅτι
2575 5136 2656 5196 εἷς
2716 5128 2879 5197 λέϐης
2940 5137 3033 5186 τοῦ
3089 5126 3360 5205 μαγειρῖου
3415 5123 3585 5178 αὗτῶν

1936 5230 2212 5310 ἐχώρησεν
2250 5225 2311 5285 ἄν
2341 5247 2407 5302 με
2463 5224 2553 5280 σὺν
2586 5226 2727 5295 αὒτῷ
2755 5225 2830 5276 τί)
2867 5217 3026 5291 ἵππῴ
3054 5219 3309 5282 σταθῆναι
3340 5213 3393 5269 ἐν
3443 5210 3588 5287 μέσῲ

1937 5303 2115 5380 αξτοῦ.
2174 5313 2471 5377 Μέλλοντος
2544 5308 2598 5367 δὲ
2652 5318 2745 5369 τοῦ
2800 5306 2999 5365 δικαίου
3051 5304 3394 5383 ἀποκριθῆναι
3449 5303 3589 5374 αὖτῷ

2217 5583 2250 5635 5
2279 5579 2434 5647 Psal.
2469 5595 2571 5661 cu,
2605 5577 2662 5655 1,
2695 5579 2756 5637 2.
2841 5572 2875 5625 6
2905 5568 3110 5638 Matth.
3143 5585 3203 5646 x,
3244 5569 3336 5634 l0.
