3966 6148
268 248 338 318 31

1785 256 2146 326 ΑΝΟΝΥΜΙ

3574 255 3652 327 32

263 384 662 478 ambulabam,
693 386 1142 454 absconderant
1170 389 1448 474 laqueum
1465 389 1690 455 mihi...
1719 414 1746 447 κ
1770 389 1874 471 (12

1968 391 2156 474 ,μάχη
2189 393 2324 452 ἐστὶν
2353 394 2488 452 κατὰ
2515 396 2574 453 τό
2611 412 2626 429 ⁹
2665 419 2694 453 α
2728 393 2816 465 Ἐν
2847 393 2950 472 ὀδῷ
2994 399 3159 474 ταῦτῃ
3205 400 3242 476 ᾗ
3286 396 3638 478 ἐπορεύομην,

266 473 380 537 Sed
403 479 727 558 respondet
751 479 1009 542 amentia
1023 489 1231 562 raptus
1248 473 1319 544 iet
1346 481 1461 546 ait:
1495 481 1757 557 Recede,
1794 499 1918 542 mo-

263 565 476 642 nache;
507 570 638 630 vitae
672 588 820 632 meae
849 569 978 631 dies
1009 570 1151 632 anni
1177 571 1389 634 decem
1435 578 1595 634 sunt.
1645 573 1756 632 Per
1782 575 1912 631 octo

263 671 451 715 annos
477 658 725 737 explebo
756 658 970 722 animae
1026 679 1178 722 mete
1225 660 1525 722 desideria
1554 667 1612 721 et
1638 659 1913 721 inimicos

265 759 432 804 meos
447 745 594 807 mihi
625 747 962 828 subjiciam,
1001 749 1151 811 sicut
1179 749 1313 813 volo
1337 768 1479 827 ego:
1515 747 1746 810 duobus
1776 765 1913 810 vero

262 830 436 918 annis
476 836 888 914 paenitentiam
937 856 1109 918 agam
1142 846 1199 901 et
1230 838 1482 918 recipiet
1515 857 1608 900 me
1637 837 1818 912 Deus,
1852 845 1916 898 ut

262 917 404 981 olim
437 933 813 988 meretricem
847 934 904 988 et
933 928 1219 990 latronem
1249 928 1301 991 9.
1339 917 1506 988 Tunc
1535 925 1718 988 abbas
1745 925 1914 989 Nilus

261 1017 465 1098 sancto
497 1013 724 1076 afﬂatus
756 1013 1000 1095 Spiritu,
1039 1017 1411 1098 respondens
1445 1015 1554 1091 illi,
1603 1015 1720 1077 ait:
1758 1014 1912 1077 Cave

259 1095 392 1185 tibi,
443 1101 672 1165 miselle
711 1105 934 1167 homo:
984 1123 1120 1166 nam
1143 1095 1396 1176 decem,
1443 1122 1590 1185 quos
1634 1110 1691 1164 te
1740 1117 1910 1182 putas

257 1183 551 1274 victurum
583 1211 769 1255 annos
809 1202 869 1255 et
913 1194 1128 1256 animae
1177 1183 1477 1256 desideria
1507 1193 1906 1274 expleturum,

259 1271 468 1337 decem
494 1278 624 1342 dies
646 1289 872 1344 tantum
906 1291 1063 1344 sunt.
1100 1285 1188 1346 Ne
1204 1283 1431 1345 fallaris
1465 1271 1629 1362 ergo,
1662 1279 1911 1343 somniis

1996 481 2220 563 ἔκρυψαν
2251 483 2446 562 παγίδα
2505 509 2620 562 μοι.
2657 510 2684 542 ι)
2738 493 2815 563 Τῇ
2862 485 3047 566 δέη...
3108 486 3243 543 ἀλλὰ
3302 487 3639 566 ἀποκρίνεται

1996 574 2129 647 μετᾶ
2186 573 2456 647 ἀπονοίας,
2515 576 2602 632 καὶ
2652 577 2806 656 φησίν
2843 595 2856 609 ⁸
2888 554 3089 653 ἰ’πκγε
3154 575 3444 655 καλόγηρε,
3516 572 3640 632 δέκα

1995 660 2088 728 ἔτη
2116 663 2438 743 ὑπάρχουσιν
2497 666 2547 720 αἱ
2599 664 2790 744 ἡμέραι
2849 688 2948 740 μου
2982 683 2994 696 ’
3030 665 3083 721 ἐν
3139 678 3257 728 τοῖς
3315 665 3456 721 ὀκτὼ
3500 663 3637 720 ἔτεσι

1995 749 2262 830 ’κληρώσω
2299 753 2364 808 τἂι
2416 757 2514 819 τῆς
2566 758 2748 834 ψυχῆς
2809 777 2909 830 μου
2965 753 3359 833 ἐπιθυμῆματκ,
3389 755 3477 810 καὶ
3517 753 3638 816 τοὺς

1996 837 2364 919 ἐχθραίνοντάς
2415 863 2503 917 μοι
2543 841 2806 924 ὑποτάξαι),
2859 846 2932 906 ὡς
2981 842 3116 900 Θέλω
3169 843 3276 921 ἐγώ
3307 859 3323 875 ⁸
3358 844 3430 906 εἷς
3480 841 3534 898 δὲ
3574 842 3639 897 τὰ

1994 925 2047 982 8.!
2132 927 2154 948 ’1
2485 937 2510 946 η-
2684 934 2698 953 \
2916 930 2983 968 ’ἴλῃ
3041 955 3067 966 _
3113 933 3123 952 1
3453 933 3468 952 \
3578 933 3594 953 ι

2027 951 2081 984 ao
2133 950 2225 995 ετη
2286 951 2542 1010 μετονοω,
2614 954 2702 988 και
2774 945 3123 1011 προσοιλευαι
3179 954 3246 1007 με
3298 935 3326 988 ὁ
3381 940 3510 995 Θεος
3566 953 3640 994 ως

1993 1016 2090 1083 τὴν
2145 1016 2341 1095 πόρνην
2385 1020 2472 1074 καὶ
2526 1021 2616 1076 τὸν
2673 1019 2902 1096 λῃστήν.
2962 1020 3091 1078 Τότε
3148 1023 3177 1076 ὁ
3232 1017 3396 1083 ἀςςᾶς
3444 1019 3636 1083 Νεῖλος

1991 1106 2092 1162 ὗπὸ
2147 1115 2238 1164 τοῦ
2309 1108 2456 1184 ἁγίου
2532 1110 2835 1184 Πνεύμκτος
2909 1109 3240 1185 ἐμπνευσοεὶς
3305 1109 3639 1188 ἀποκρίνεται

1992 1197 2157 1271 mittil,
2205 1196 2293 1250 καὶ
2334 1197 2492 1274 φησίν
2516 1213 2531 1230 ⁸
2569 1197 2807 1278 Πρόσεχε
2856 1205 3079 1278 σεαυτῷ,
3135 1197 3348 1254 ταπεινὲ
3377 1197 3636 1276 ἄνθρωπε·

1993 1279 2025 1336 ἂ
2081 1282 2180 1360 γάρ
2234 1281 2459 1354 ἐλπῖζεις
2513 1283 2636 1340 δέκα
2686 1285 2779 1353 ἔτη
2837 1287 3050 1367 βιῶσαι,
3101 1289 3196 1343 διαὶ
3251 1287 3318 1343 τὰ
3365 1285 3638 1362 θελήματα

259 1369 320 1421 et
341 1362 812 1456 divinationibus
861 1378 918 1434 te
961 1371 1156 1453 ipsum
1209 1372 1544 1453 decipiens.
1603 1373 1742 1433 Haec
1773 1388 1874 1430 cun

1990 1375 2090 1436 τῆς
2149 1375 2331 1451 ψυχῆς
2388 1395 2482 1432 σο)
2535 1362 2845 1454 πληρῶσαι*
2880 1362 3259 1454 δέκαγῆμέραι
3313 1377 3635 1456 τυγχάνουσι

257 1451 443 1516 animi
467 1455 737 1522 libertate
765 1461 838 1524 ad
871 1451 1006 1538 eum
1038 1462 1192 1523 fatus
1222 1462 1283 1522 in
1335 1451 1764 1523 monasterium
1816 1477 1874 1521 re

1968 1458 2170 1546 ιμόναι.
2221 1460 2307 1526 Μὴ
2354 1462 2521 1518 τοίνυν
2577 1462 2784 1543 πλανῶ,
2847 1463 2899 1520 ἐν
2955 1465 3170 1544 ὀνείροις
3225 1466 3313 1521 καὶ
3370 1465 3638 1541 μαντείαις

255 1559 488 1633 versus,
539 1547 872 1628 hegumeno
917 1550 1158 1631 quidem
1209 1550 1594 1626 renuntiavit,
1653 1549 1874 1610 futurar

1993 1549 2207 1607 σεαυτὸν
2263 1548 2504 1614 ἀπατῶν,
2569 1561 2742 1611 Ταῦ-εκ
2811 1555 2944 1628 μετὰ
3001 1552 3292 1632 πχῤῥησίας
3347 1555 3478 1633 πρὸς
3535 1556 3635 1610 αὒ-

256 1630 422 1694 brevi
451 1637 666 1715 perditi
686 1630 948 1700 hominis
980 1647 1254 1704 mortem.
1288 1640 1362 1702 At
1393 1639 1662 1701 insolens
1694 1637 1796 1698 ille
1821 1637 1873 1698 vi

1992 1638 2081 1694 τὸν
2140 1639 2386 1720 εἰρηκὼς,
2446 1643 2533 1697 καὶ
2586 1641 2916 1720 ὑποστρέψας
2975 1641 3026 1697 ἐν
3076 1647 3143 1718 τῇ
3189 1647 3347 1718 μονῇ,
3407 1648 3484 1716 τῷ
3541 1639 3635 1714 μὲν

257 1720 471 1801 frigida
510 1726 820 1809 calidaque
865 1728 1016 1790 febri
1067 1729 1262 1790 statim
1310 1737 1643 1809 correptus,
1671 1725 1874 1806 jaceba

1992 1726 2270 1803 ἡγουμένῴ
2343 1728 2638 1807 ἀπήγγειλε
2710 1731 2807 1790 τὴν
2883 1731 3144 1810 τκχῖστην
3221 1728 3490 1785 ἀπώλειαν
3544 1737 3636 1786 τοῦ

257 1829 364 1892 per
407 1813 535 1876 dies
590 1835 804 1881 novem
849 1818 1214 1898 gravissimis
1259 1819 1516 1880 afﬂictus
1572 1814 1905 1879 doloribus:

333 1919 366 1970 9
391 1922 514 1983 Jos.
555 1943 630 2004 vi,
665 1927 741 1988 25
769 1945 786 1999 ;
820 1924 1004 1988 Hebr.
1036 1943 1118 2004 v1,
1153 1925 1222 1987 3f
1261 1948 1277 2000 ;
1310 1925 1454 1986 Luc.
1488 1941 1656 2005 xxnt,
1694 1923 1796 1985 43.

1995 1813 2183 1880 δεινοῦ,
2241 1809 2356 1875 ιΟῗδέ.
2404 1815 2626 1898 σοϐαρὸς
2681 1817 2884 1883 ἐκεῖνος
2941 1818 3072 1897 ἀνὴρ
3115 1819 3244 1897 ῥίγει
3292 1819 3380 1874 καὶ
3430 1823 3636 1898 πυρετῴ

1619 2026 1872 2093 Joannis
1912 2027 2040 2092 Clei
2074 2032 2259 2092 notae.

288 2192 300 2204 ,
328 2122 441 2193 (12)
465 2123 603 2204 Quae
616 2123 712 2181 hic
727 2123 1123 2204 desiderantur
1138 2139 1254 2190 non
1274 2138 1452 2196 pauca
1469 2138 1536 2181 ex
1549 2122 1737 2204 _Sirleti
1768 2134 1887 2178 ver-

254 2195 791 2267 sionesupplemus;
819 2218 841 2248 ¢
861 2199 928 2255 At
946 2197 1133 2254 divina
1149 2211 1256 2267 ope
1274 2195 1662 2254 communitus
1683 2207 1888 2263 acpro-

253 2266 375 2340 pria
391 2265 682 2340 alacritate
701 2278 1058 2334 concertans,
1098 2265 1220 2325 haec
1255 2281 1439 2340 usque
1475 2267 1543 2322 ad
1558 2276 1886 2340 extremum

251 2336 380 2410 vitae
399 2338 676 2410 spiritum
698 2340 1068 2397 immobiliter
1088 2336 1364 2397 servavitf
1385 2340 1523 2396 Cum
1553 2338 1724 2410 igitur
1743 2351 1885 2410 qua;

252 2407 513 2479 draginta
544 2410 664 2482 dies
694 2411 753 2467 in
783 2412 964 2468 sancti
996 2412 1103 2468 hac
1141 2411 1332 2482 magni
1366 2407 1631 2482 martyris
1661 2407 1882 2466 Naiarii

251 2481 600 2552 monasterio
633 2492 1008 2552 permaneret,
1039 2483 1136 2540 ubi
1158 2491 1211 2540 et
1241 2481 1500 2539 sanctum
1537 2481 1790 2537 habitum
1824 2493 1884 2535 se

250 2549 457 2624 induit,
489 2565 589 2622 per
634 2549 781 2624 totos
843 2555 948 2610 hos
998 2553 1118 2609 dies
1175 2567 1360 2624 neque
1416 2566 1640 2624 panem,
1697 2563 1885 2624 neque

250 2621 446 2694 vinum
479 2621 744 2693 gustavit,
774 2638 962 2694 neque
987 2624 1142 2682 aliud
1189 2621 1283 2680 ex'
1309 2624 1398 2680 his
1419 2621 1556 2694 quae
1595 2622 1715 2694 igni
1746 2635 1885 2694 con-

249 2690 523 2765 ficiuntur
552 2710 571 2765 3
605 2694 703 2750 sed
750 2690 969 2753 vivebat
1017 2696 1288 2753 arborum
1346 2690 1647 2751 fructibns'
1670 2701 1723 2765 et
1765 2691 1887 2765 ole-

248 2764 412 2820 ribus
443 2763 767 2823 contentus.
827 2766 1060 2823 Multum
1119 2775 1308 2824 autem
1358 2765 1443 2822 illi
1481 2766 1591 2822 hoc
1636 2764 1707 2821 ad
1741 2763 1886 2820 male

248 2835 579 2905 patiendum
623 2836 743 2903 fuit,
807 2837 1026 2896 homini
1081 2853 1109 2895 a
1171 2837 1437 2894 deliciosa
1489 2837 1596 2894 vita
1654 2845 1886 2906 repente

246 2906 315 2962 ad
345 2917 632 2965 austeram
682 2909 832 2966 hanc
868 2909 1094 2967 vivendi
1142 2909 1382 2966 formam
1432 2907 1724 2967 translato.
1774 2906 1880 2964 Ne-

247 2979 542 3062 queenim
575 2979 789 3062 desidia
842 2980 1212 3062 abstinentiae
1242 2980 1465 3062 pondus
1513 2979 1941 3062 levabatLautc

247 3048 672 3123 multosomno
714 3053 895 3109 otium
944 3048 1326 3123 transigebat:
1359 3052 1458 3109 sed
1511 3059 1690 3108 totum
1722 3048 1872 3123 diem

1970 2134 2109 2179 mea:
2153 2125 2362 2180 animae
2408 2121 2611 2181 salute.
2666 2123 2883 2192 Quibus
2933 2123 3116 2190 dictis,
3171 2123 3434 2182 discessit
3469 2133 3615 2184 atto-

1968 2193 2124 2266 nitus
2152 2203 2324 2266 atque
2352 2195 2603 2251 hominis
2636 2197 2722 2253 vir
2750 2205 2902 2254 utem
2933 2197 3249 2259 admirans,
3284 2197 3355 2254 At
3385 2205 3620 2255 sanctus

1967 2263 2152 2337 Nilus,
2209 2263 2340 2322 cum
2401 2267 2661 2337 petiisset
2708 2284 2737 2324 a
2802 2268 3132 2325 monasterii
3188 2267 3422 2325 cellario
3472 2283 3624 2328 unus

1971 2336 2204 2402 pecudis
2235 2336 2462 2407 pellem,
2514 2339 2662 2395 hanc
2712 2339 2974 2396 manibus
3020 2338 3363 2402 conficiens,
3413 2352 3480 2394 ac
3523 2341 3624 2397 be-

1969 2407 2388 2466 nedictionibus
2441 2411 2655 2466 variam
2702 2423 2991 2466 exornans
3038 2411 3158 2468 suis
3203 2411 3460 2468 humeris
3515 2411 3623 2470 im-

1967 2479 2174 2547 posuit,
2220 2493 2416 2552 secum
2464 2483 2720 2551 cogitans
2768 2496 2899 2537 eum
2947 2482 3044 2552 qui
3103 2481 3266 2545 dixit,
3309 2503 3331 2533 c
3363 2480 3606 2539 Circuie-

1967 2559 2100 2606 runt
2127 2551 2446 2624 in_:nelotis
2477 2559 2533 2609 et
2562 2552 2807 2624 pellibus
2854 2551 3131 2623 caprinis.
3178 2573 3200 2604 ι
3243 2552 3609 2624 Propositum

1967 2629 2158 2678 autem
2205 2620 2310 2680 hoc
2363 2620 2676 2680 unum'illi
2729 2632 2872 2692 erat,
2924 2620 3096 2682 vitam
3138 2620 3506 2693 apostolicam
3555 2635 3617 2685 et

1966 2693 2149 2767 zelum
2182 2693 2687 2767 propheticumiu
2738 2694 2918 2767 animi
2964 2694 3473 2767 promptitudiuem
3506 2713 3604 2754 su-

1966 2763 2206 2837 scipere,
2257 2775 2427 2837 atque
2473 2764 2544 2822 ad
2591 2765 2723 2822 illos
2769 2763 3000 2823 assidue
3052 2763 3364 2837 aspiciens,
3397 2783 3463 2822 ex
3495 2768 3608 2825 illis

1968 2834 2242 2894 formabat
2290 2834 2618 2894 interiorem
2669 2845 2837 2908 atque
2878 2834 3218 2896 exteriorem
3269 2838 3610 2898 hominem:

1968 2916 2136 2976 caput
2176 2908 2502 2978 inopertum
2550 2909 2828 2974 habebat;
2871 2909 3034 2980 juxta
3082 2909 3338 2979 Apostoli
3393 2925 3608 2980 praece-

1969 2985 2145 3046 ptum,
2176 2994 2292 3051 una
2323 2994 2455 3036 vero
2497 2981 2692 3037 tunica
2741 2994 2912 3037 omne
2960 2989 3188 3051 tempus
3236 2980 3601 3048 induebatur,

1962 3050 2355 3121 evangelicum
2423 3051 2641 3108 dictum
2717 3065 2987 3123 sequens,
3066 3050 3350 3123 pedesque
3420 3053 3605 3110 nudos

246 3121 304 3177 in
361 3121 600 3191 pulchre
657 3124 954 3181 scribendo
1011 3121 1377 3194 conterebat,
1418 3131 1478 3180 ut
1525 3122 1872 3179 monasterio
1957 3130 2554 3194 gerens.propterea.
2608 3123 2762 3193 quod
2801 3121 2885 3180 ita
2929 3139 2958 3181 a
2992 3121 3271 3194 propheta
3309 3133 3440 3179 sunt
3469 3140 3599 3182 cum

216 3205 524 3266 -man_uum
557 3208 794 3251 suarum
834 3204 1268 3253 monumentum
1302 3193 1630 3266 reliqueret,
1662 3207 1872 3263 neque,

245 3264 396 3331 quod
427 3265 643 3322 otiosus
676 3279 878 3335 panem
934 3266 1324 3332 manducarot,
1374 3264 1854 3323 condemnaretur

244 3335 479 3408 Noctem
512 3345 704 3408 autem
734 3337 792 3394 in
826 3339 1106 3404 oratione,
1137 3337 1372 3408 psalmis
1423 3347 1476 3394 et
1506 3337 1745 3405 genibus
1774 3335 1879 3408 ﬂe-

246 3406 467 3463 ctendis
496 3407 757 3474 ducebat,
790 3411 972 3466 tribus
1029 3406 1435 3466 certaminibus
1481 3409 1586 3465 sibi
1619 3407 1876 3477 proposi-

244 3477 318 3551 tis
352 3479 896 3551 trinitateﬂmunito,
946 3480 1158 3551 duplici
1205 3480 1574 3542 continentia,
1619 3478 1875 3546 corporis

246 3548 443 3623 labore
483 3558 538 3623 et
580 3549 907 3623 afflictione,
964 3548 1090 3608 cum
1151 3551 1361 3623 vigiliis
1410 3558 1654 3622 peracta.
1704 3552 1775 3623 At
1803 3564 1876 3605 ne

247 3621 378 3693 quis
435 3621 741 3693 existimet,
783 3619 940 3680 initia
987 3619 1366 3680 certaminum
1413 3619 1744 3693 hujusmodi
1777 3636 1878 3693 ex:

244 3692 475 3754 stitisse,
507 3691 652 3748 fines
680 3703 868 3752 autem
921 3695 1110 3752 minus
1159 3693 1395 3751 feliciter
1451 3691 1742 3762 peractos:
1777 3691 1879 3748 sed

243 3763 724 3838 quemadmodum
773 3767 1129 3838 principium
1203 3765 1600 3838 approbatum,
1689 3763 1762 3818 ita
1823 3772 1878 3819 et

241 3844 592 3905 postremum
627 3836 735 3893 Deo
763 3837 867 3895 fuit
913 3836 1228 3906 acceptum.
1289 3837 1644 3894 Manifestum
1690 3843 1879 3891 autem

244 3909 354 3980 hoc
385 3907 643 3980 eritiDei~
669 3911 846 3979 gratia
895 3909 1202 3980 adjuvante
1243 3917 1297 3965 et
1343 3907 1875 3980 orationedprogre-

243 3977 455 4034 diente.
489 3977 744 4048 Quodam
776 3981 867 4038 die
893 3977 1028 4038 adiit
1055 3981 1218 4036 illum
1245 3993 1314 4036 ex
1366 3978 1741 4036 familiaribus
1776 3993 1874 4034 ve-

243 4049 460 4124 teribus
505 4050 762 4124 quidam,
819 4052 916 4124 qui
969 4067 1101 4109 cum
1161 4051 1446 4109 laudasset
1500 4063 1871 4124 e_um,_quem

242 4133 375 4190 erga
404 4121 582 4194 _Deum
628 4121 855 4180 bonum
900 4123 1156 4181 animum
1204 4137 1323 4194 prae
1375 4137 1436 4179 se
1461 4122 1611 4183 tulit,
1643 4121 1780 4178 dum
1815 4121 1872 4177 in

245 4191 458 4248 mundo
517 4193 690 4266 vitam
763 4195 1009 4266 degeret,
1078 4203 1142 4266 et
1187 4191 1502 4266 rursusin
1563 4194 1872 4266 monastica

243 4264 705 4331 conservatione;
772 4264 1019 4336 cumque
1075 4265 1303 4323 beatum
1369 4264 1876 4336 illumprzelica-

1956 3193 2692 3266 admirationehujusmodi
2743 3194 2913 3265 pedes
2964 3193 3301 3266 approbati,
3333 3194 3603 3263 Quamvis

1958 3263 2028 3318 ab
2061 3264 2386 3335 hujusmodi
2437 3263 2946 3337 laboribus‘atque
2993 3263 3400 3337 afflictionibus
3431 3276 3613 3324 extre-

1959 3347 2064 3391 mae
2119 3339 2426 3408 senectutis
2481 3337 2781 3394 infirmitas
2828 3335 2996 3408 atque
3028 3335 3383 3395 imbecillitas
3441 3337 3601 3396 illum

1957 3407 2184 3470 amovit,
2206 3419 2410 3480 tamen
2442 3409 2512 3466 ab
2545 3409 2719 3464 animi
2766 3407 3074 3480 virtutibus
3114 3422 3185 3464 ne
3215 3423 3337 3478 ipsa
3368 3411 3600 3480 quidem

1960 3491 2114 3551 mors
2169 3478 2500 3540 absterruit.
2551 3480 2863 3551 quominus
2911 3481 2968 3536 in
3025 3478 3402 3551 illisprimas
3454 3481 3614 3551 prin-

1957 3549 2206 3620 cipatum
2240 3551 2491 3616 haberet,
2524 3549 2712 3620 neque
2740 3551 2894 3608 illius
2928 3549 3262 3608 memoriam
3295 3549 3466 3609 futuri
3501 3553 3605 3610 aevi

1960 3619 2173 3695 delevit
2193 3621 2428 3686 oblivio,
2461 3619 2742 3695 siquidem
2797 3623 2954 3695 juxta
3001 3621 3342 3694 Apostolum
3375 3633 3612 3695 manent

1962 3693 2084 3749 haec
2107 3692 2232 3758 tria,
2266 3708 2418 3764 spes,
2451 3689 2589 3751 fides
2627 3703 2684 3751 et
2713 3689 2984 3752 charitas.
3056 3689 3071 3694 ’
3364 3763 3373 3764 ί
3477 3689 3509 3716 ¹’

2040 3785 2060 3814 ι
2121 3766 2193 3822 At
2251 3763 2466 3822 interea
2525 3766 2596 3822 ad
2644 3781 2707 3822 ea
2766 3780 2893 3836 quin
2952 3765 3231 3836 cmpimtts
3281 3763 3601 3823 redeamus.

1961 3834 2089 3908 Erat
2149 3837 2405 3908 regulus
2438 3836 2692 3908 quidam,
2745 3834 2918 3908 quem
2971 3835 3234 3908 comitem
3288 3846 3494 3908 vocant
3543 3839 3600 3895 in

1961 3906 2297 3975 regionibus
2353 3906 2490 3971 illis,
2549 3908 2728 3966 durus
2762 3906 2857 3965 ‘ac
2925 3907 3166 3964 nimium
3231 3906 3603 3975 inhumanus,

1957 3979 2175 4034 nullam
2208 3993 2326 4035 suae
2355 3979 2553 4037 salutis
2587 3983 2866 4036 rationem
2899 3979 3119 4036 habens
3146 3994 3159 4034 :
3213 3987 3380 4036 utens
3413 3989 3601 4038 autem

1956 4049 2258 4120 tyrannide
2305 4059 2475 4120 atque
2516 4053 2862 4120 arrogantia,
2913 4049 3166 4108 servituti
3217 4048 3459 4119 subjecit
3513 4053 3604 4108 in-

1956 4123 2546 4195 nocentemanimum
2591 4121 2911 4195 cujusdam,
2934 4122 3030 4193 qui
3050 4120 3120 4179 ad
3151 4121 3292 4179 illud
3323 4131 3604 4195 monaste-

1955 4193 2128 4265 rium,
2189 4193 2285 4250 ubi
2345 4195 2540 4251 beatus
2595 4193 2758 4252 Nilus
2809 4193 3191 4265 versabatur.
3252 4193 3602 4265 pertinebat.

1956 4263 2212 4331 Quodam
2247 4265 2419 4338 igitur
2449 4265 2540 4322 die
2586 4280 2715 4322 cum
2766 4264 2862 4323 ille
2911 4275 3189 4338 tyrannus
3239 4263 3506 4324 irruisset
3535 4266 3594 4322 in

241 4341 356 4431 Ξῗὶ
406 4342 725 4431 ἓὶῗΡέῗῖῗέν
750 4337 932 4431 ,Ευοέ
975 4338 1216 4431 δΨΞδΡΞ.
1243 4344 1498 4431 Ρέἷίῗηηὲ-
1521 4335 2365 4431 5311331339.?“D'PPEf‘f'eﬂ‘f'B
2423 4338 2494 4431 ³9
2550 4335 3596 4431 εἶξίέἛΞάυἷΗ,ι’,ιὶΪΡΡὶίιὲωηΥΣηίῖίῗὶτὶε

240 4417 359 4460 non
408 4407 696 4463 auferetur
747 4408 818 4464 ab
870 4423 958 4465 eo.
1014 4409 1086 4466 At
1131 4407 1216 4464 is:
1275 4408 1331 4464 Si
1388 4407 1621 4472 bonum,
1663 4407 1870 4476 inquit,

241 4483 344 4550 est,
377 4476 630 4550 o_fi_'ater,
681 4477 833 4548 quod
881 4478 1097 4544 laudas,
1149 4493 1328 4550 quare
1374 4485 1426 4534 et
1459 4488 1516 4536 tu
1548 4492 1660 4550 non
1692 4492 1870 4550 eamus

241 4545 424 4621 laris?
467 4545 762 4621 Pr0pterea
821 4551 994 4621 quod,
1052 4545 1254 4621 inquit,
1316 4563 1430 4606 non
1491 4549 1681 4607 existit
1732 4549 1872 4604 mihi

240 4618 502 4686 amictus,
535 4618 722 4690 neque
751 4618 878 4678 lana
909 4618 1160 4678 confecta
1193 4621 1407 4677 tunica.

315 4708 340 4743 ‹
373 4690 582 4766 Statim
603 4699 792 4750 autem
815 4708 1067 4766 surgens
1089 4703 1319 4750 sanctus
1334 4694 1442 4759 vir,
1475 4691 1704 4766 dempto
1737 4693 1863 4758 sibi,

239 4775 408 4833 quem
433 4763 684 4833 gerebat,
715 4763 952 4822 amictu?
985 4779 1191 4822 novum
1221 4779 1289 4820 ac
1345 4765 1593 4821 maxime
1622 4763 1869 4821 delecta-

240 4831 522 4889 bilem‘ei
580 4831 680 4907 dat
720 4834 1135 4902 excusationes,
1195 4836 1562 4907 importunas_
1608 4835 1866 4907 fingenti,

241 4917 307 4959 ac
331 4904 756 4975 quamprimum
807 4922 1007 4965 zonam
1049 4904 1389 4975 dissolvens,
1438 4904 1716 4963 studebat
1748 4923 1870 4964 sese

239 4989 472 5049 exuere,
504 4984 566 5033 ut
623 4985 677 5034 et
731 4980 987 5049 tunicam
1044 4979 1125 5036 illi
1157 4979 1349 5036 daret:
1383 4977 1549 5048 Cape,
1581 4979 1865 5049 inquiens,

237 5046 380 5104 haec.
413 5047 586 5121 frater
615 5048 804 5121 modo,
856 5065 930 5107 ne
976 5051 1121 5107 bona
1169 5059 1327 5121 parte
1384 5046 1748 5121 priveris,'de
1781 5065 1870 5107 me

236 5132 372 5190 vero
428 5118 649 5190 abjecto
733 5119 891 5178 illius
959 5137 1124 5179 servo
1171 5118 1481 5179 'Dominus
1527 5120 1866 5190 providehit.

236 5188 373 5246 Cum
424 5188 522 5248 ille
571 5190 710 5264 viri~
741 5193 1270 5263 magnanimitatem
1308 5188 1729 5264 perspexisset,
1754 5192 1866 5249 im-

235 5274 610 5336 memsanque
666 5262 997 5336 charitaiem
1065 5273 1234 5336 atque
1263 5262 1624 5336 efferventem
1653 5263 1857 5330 zelum,

233 5345 350 5403 non
384 5334 638 5403 permisit
681 5333 847 5392 illum
901 5333 1158 5393 omniuo'
1188 5339 1346 5399 exui,
1376 5335 1720 5392 erubescens
1750 5350 1860 5393 nu-

1956 4420 2142 4478 neque
2210 4408 2361 4463 enim
2419 4409 2493 4464 ub
2567 4410 2774 4466 animas
2845 4408 3188 4469 utilitatem:
3261 4421 3393 4464 cum
3450 4418 3601 4465 esset

1955 4478 2340 4545 discessurus,
2388 4480 2686 4548 praefectus
2731 4481 2877 4536 nihil
2932 4493 3107 4536 ausus
3153 4487 3238 4536 est
3286 4494 3351 4536 ea
3413 4478 3482 4534 de
3539 4493 3600 4536 re

1957 4549 2166 4623 dicere,
2203 4553 2416 4623 veritus
2446 4551 2831 4623 arrogantiam
2885 4561 3054 4623 atque
3102 4550 3259 4606 illius
3288 4549 3593 4623 impuden-

1956 4621 2136 4694 tiam:
2186 4621 2505 4694 advocavit
2560 4622 2616 4694 B.
2676 4622 2888 4686 Nilum,
2946 4621 3003 4678 in
3054 4637 3178 4694 quo
3235 4622 3590 4694 admirabilis

1953 4691 2223 4764 loquendi
2270 4693 2507 4766 libertas
2553 4693 2757 4756 inerat.
2808 4704 2979 4766 atque
3027 4691 3187 4750 illum
3235 4693 3595 4765 adhortatur,

1952 4771 2015 4820 ut
2065 4764 2377 4823 terribilem
2424 4764 2587 4821 illum
2641 4764 2955 4836 principem
2997 4778 3326 4836 aggressus,
3361 4764 3594 4832 animae,

1952 4851 2123 4906 quam
2166 4837 2378 4908 injuste
2425 4846 2820 4906 occupaverat,
2875 4837 3285 4908 liberationem
3320 4837 3593 4908 impetra-

1952 4918 2038 4964 ret
2083 4909 2190 4976 Qui
2228 4907 2391 4964 velut
2441 4925 2469 4964 a
2517 4909 2634 4965 Deo
2680 4908 2897 4978 jussus,
2930 4919 3097 4979 atque
3127 4907 3447 4964 indubitata
3482 4908 3591 4966 ﬁde

1951 4990 2222 5045 armatus,
2303 4979 2442 5036 adiit
2503 4981 2870 5037 temerarium
2953 4979 3138 5044 illum,
3199 4989 3253 5036 et
3312 4993 3485 5050 opere
3540 4989 3596 5038 et

1952 5050 2161 5122 verbis,
2193 5051 2585 5120 spiritualibus
2633 5051 3122 5122 admonitionibus
3167 5059 3358 5114 utens,
3391 5065 3595 5122 quem-

1949 5120 2258 5178 admodum
2291 5137 2321 5178 a
2372 5124 2635 5192 praefecto
2690 5121 2967 5188 audierat,
3012 5123 3328 5179 admonens
3359 5120 3488 5180 eum
3522 5123 3591 5180 de

1948 5195 2239 5266 proposita
2298 5207 2382 5257 re,
2441 5194 2606 5266 cujus
2679 5197 2860 5266 gratia
2920 5203 3170 5251 venerat.
3230 5193 3346 5250 Hoc
3401 5203 3590 5251 autem

1946 5265 2192 5338 nimium
2225 5265 2697 5338 contradicente,
2725 5275 2901 5338 atque,
2925 5267 3253 5338 pet‘tionem
3285 5275 3583 5332 renuente,

1943 5335 2109 5409 quod
2143 5350 2328 5409 neque
2358 5336 2404 5409 si
2456 5337 2695 5409 angelus
2727 5353 2758 5394 e
2801 5335 2944 5394 caelo
2975 5335 3360 5409 descenderet,
3397 5351 3585 5408 neque

235 5402 662 5480 d_t_iin.videre:
716 5406 992 5480 amictum
1049 5418 1238 5480 au'em
1289 5406 1475 5480 solum
1516 5406 1772 5480 capiens
1793 5423 1860 5465 ac
1941 5402 2115 5465 alicui
2166 5402 2382 5480 homini
2435 5402 2584 5467 esset
2633 5410 3150 5480 obtemperaturus,
3210 5416 3274 5465 ut
3301 5402 3583 5480 ejusmodi

235 5474 344 5531 sibi
396 5473 1082 5550 im_ponens._Pmnitens,
1145 5478 1349 5549 inquit,
1401 5477 1572 5534 credo
1604 5473 1858 5537 'Domino
1941 5480 2203 5550 animam
2248 5479 2548 5550 eriperet;

233 5554 432 5620 nostro
460 5547 870 5620 Jesu_Ch_risto,
923 5557 976 5620 et
1020 5563 1187 5619 spero
1219 5547 1274 5606 in
1309 5558 1536 5605 sanctas
1564 5558 1693 5606 tuas
1723 5565 1856 5608 ora-
1942 5552 2058 5606 lum
2129 5547 2343 5620 injecit,

2627 5479 2841 5538 beatus
2884 5479 3047 5537 Nilus
3121 5479 3341 5537 mortis
3380 5482 3590 5537 stimu-

2424 5551 2796 5609 considerans
2871 5553 3071 5609 mortis
3127 5551 3577 5609 recordationem

235 5616 442 5695 t_io_nes,
471 5617 627 5690 quod
650 5618 728 5695 9b
757 5616 1208 5695 recordationem
1241 5620 1412 5692 hujus
1441 5621 1683 5695 amictus
1737 5629 1860 5680 stu-
1941 5616 2207 5680 idoneam
2287 5635 2433 5688 esse,
2494 5630 2556 5681 ut
2617 5634 2673 5682 et
2744 5623 3025 5695 lapideam
3083 5623 3338 5681 animant
3394 5637 3586 5682 move-

235 5687 380 5753 debo
409 5687 600 5764 etego
648 5689 768 5750 Deo
814 5690 1061 5764 placere,
1110 5707 1176 5752 ac
1204 5687 1490 5750 certamen
1528 5691 1720 5750 subire
1755 5709 1857 5766 pro
1941 5710 2024 5754 re.
2063 5714 2085 5746 ι
