3966 6148
347 250 426 319 33
1582 248 1771 317 VITA
1814 252 1876 315 S.
1921 240 2089 312 NILI
2128 244 2501 313 JUNIORIS.
3647 244 3727 312 34

342 396 669 471 παραχρῆμα
742 392 1049 470 συσχεθεὶς,
1123 389 1293 447 ἔκειτο
1366 388 1526 469 μέχρί
1606 392 1707 455 τῆς
1796 384 1979 451 ἐνάτης

2090 379 2309 443 lecimo
2340 398 2479 443 vero
2537 380 2979 462 conspiratione
3000 380 3060 443 in
3081 399 3214 441 eum
3228 379 3545 443 factaavici
3561 381 3721 444 illius

616 468 1043 556 ﬁznvqojnvoa
1108 478 1409 546 ἀνηκέστως
1438 468 1471 509 ’ν
1511 478 1600 534 καὶ
1667 482 1737 553 τῇ
1792 474 1979 550 δεκάτῃ

2096 470 2281 531 ncolis
2332 477 2390 533 et
2434 469 2911 532 consultantibus
2959 468 3236 531 omnibus
3285 469 3360 531 de
3408 468 3721 533 inferenda

343 558 635 632 συστάσεως
710 573 855 644 αὐτῷ
932 568 1241 649 ἐνεχθείσης
1304 567 1448 647 παρὰ
1519 573 1624 622 τῶν
1701 563 1979 642 οἰκητόρων

2096 558 2154 619 lli
2188 577 2357 640 nece,
2390 558 2731 620 admonitus
2762 558 2862 619 ille
2894 558 2967 620 de
3005 559 3118 623 hoc
3163 578 3197 619 a
3248 559 3511 622 maenada
3557 560 3717 639 (13),

341 662 441 724 τῆς
509 659 723 736 κώμης,
774 658 867 714 καὶ
930 645 1142 714 πάντων
1217 645 1607 733 βουλεύομένων
1653 654 1809 711 αὖτὸν
1850 652 1979 707 ἀπο-

2090 666 2204 728 ]ιιεε
2235 648 2363 727 ejus
2393 646 2627 708 libidini
2673 645 2990 736 serviebat,
3036 645 3285 736 arripuit
3312 646 3551 736 quidem
3603 655 3721 728 gla-

340 759 570 827 κτεῖναι,
636 734 795 810 asia»;
865 748 1046 822 μαθὼν
1102 755 1255 805 τοῦτο
1327 746 1459 824 πρὸς
1511 750 1611 811 τῆς
1686 740 1777 800 ὑπ’
1836 746 1979 800 αὐτοὶ

2090 735 2235 798 linm
2269 738 2452 798 fretus
2483 734 2749 809 audacia,
2785 742 3130 815 tantumque
3162 734 3281 796 illis
3309 735 3472 799 visus
3511 756 3722 800 omnes

342 835 696 914 πορευομένης
718 833 974 911 μαινάδος
1022 833 1161 914 (13).
1209 831 1494 892 ἐπελάϐετο
1545 833 1639 909 μὲν
1688 839 1766 908 τῷ
1813 831 1989 911 θράσει

339 927 443 990 τῆς
496 923 727 1004 σπάθης,
787 924 877 980 καὶ
931 923 1135 987 πάντας
1190 923 1375 986 αὐτοὺς
1446 920 1805 1000 διεσκόρπισεν
1880 919 1992 975 ἐπι-

341 1012 522 1090 ιρανεὶς
564 1014 654 1069 καὶ
701 1014 886 1089 μόνον.
924 1018 1013 1086 Τῷ
1059 1011 1114 1067 δὲ
1357 1012 1444 1067 καὶ
1491 1016 1559 1087 τῇ
1603 1008 1769 1065 δειλία
1815 1030 1987 1064 κατα-

340 1102 554 1180 σχεθεὶς
601 1102 689 1158 ἐπι
756 1101 971 1177 πλεῖον,
1044 1101 1133 1156 καὶ
1206 1098 1474 1177 βουληθεὶς
1551 1104 1619 1176 τῇ
1693 1102 1834 1177 φυγῇ
1888 1098 1986 1163 τὴν

2073 826 2133 886 in
2165 826 2362 904 fugam
2393 823 2582 886 vertit.
2636 825 2856 885 Verum
2908 823 3121 884 timore
3153 841 3486 905 pavoreque
3534 828 3719 888 vehe-

2075 919 2331 977 mentius
2364 915 2637 995 agitatus,
2674 913 2996 994 volensque
3045 912 3160 973 sibi
3200 912 3331 991 fuga
3375 915 3717 993 consulere,

2071 1005 2355 1086 suisipse
2391 1004 2750 1085 praepeditus
2800 1014 2890 1066 cst
2940 1004 3143 1076 armis,
3197 1004 3517 1086 lapsusque
3539 1026 3720 1069 occu-

2071 1091 2218 1169 buit,
2253 1103 2500 1174 tumque
2534 1092 2841 1172 praecisum
2893 1093 2979 1153 illi
3035 1092 3143 1154 fuit
3172 1102 3348 1171 caput
3375 1095 3564 1172 abiis,
3619 1098 3721 1178 qui

338 1191 609 1270 σωτηρίαν
694 1190 963 1270 εὕρασθαι,
1047 1191 1149 1245 ὑπὸ
1232 1194 1337 1245 τῶν
1408 1186 1547 1245 ἰδίων
1620 1184 1979 1262 συμποδισθεὶς

2090 1201 2225 1263 sepe
2253 1182 2326 1244 ab
2358 1201 2425 1245 eo
2446 1182 2702 1262 pessima
2732 1200 2983 1262 quaeque
3016 1182 3245 1243 fuerant
3276 1184 3457 1263 passi,
3497 1188 3723 1266 projec-

340 1278 616 1355 ἁρμάτων,
671 1281 760 1335 καὶ
814 1280 990 1336 πεσὼν
1038 1287 1131 1337 τοῦ
1176 1282 1272 1349 ζῆν
1316 1275 1605 1353 ἀπηλλάγη
1640 1291 1655 1306 ’
1687 1277 1776 1332 καὶ
1819 1295 1979 1336 ουτως

2095 1290 2278 1353 usque
2309 1272 2438 1355 ipse
2489 1270 2735 1333 canibus
2784 1270 2860 1332 ad
2905 1271 3335 1333 devorandum.
3390 1271 3459 1334 Et
3502 1274 3720 1356 impie-

337 1365 440 1421 ὑπὸ
493 1373 602 1425 τῶν
658 1364 785 1447 παρ’
839 1372 997 1427 αὐτοῦ
1043 1365 1299 1429 πολλακις
1356 1363 1704 1431 ἀδικηθέντων
1752 1363 1850 1431 τὴν
1900 1384 1979 1419 κε-

2094 1380 2190 1422 um
2250 1370 2362 1436 est,
2416 1360 2573 1442 quod
2626 1360 2713 1421 vir
2756 1369 2996 1422 sanctus
3051 1360 3124 1421 de
3180 1359 3282 1421 illo
3343 1363 3717 1442 praedixerat,

336 1453 516 1531 φαλὴν
572 1455 880 1536 ἀπετμήθη,
930 1456 1019 1513 γαὶ
1065 1468 1181 1519 τοῖς
1251 1456 1367 1514 κυσὶ
1409 1451 1671 1534 παρεδόθη
1719 1454 1791 1516 εἷς
1840 1454 1979 1531 βρῶ-

2090 1450 2299 1512 :cilicet
2351 1469 2467 1511 non
2535 1458 2693 1527 ante,
2750 1466 2867 1513 non
2929 1459 3080 1530 post,
3141 1448 3246 1509 sed
3305 1449 3539 1514 decima
3596 1454 3718 1517 die.

338 1563 446 1605 σιν,
500 1547 600 1601 Καὶ
658 1544 943 1625 ἐπληρώθη
1013 1548 1156 1618 αὖτῷ
1219 1545 1253 1611 ἡ
1308 1541 1590 1622 πρόῤῥησις
1662 1550 1756 1600 τοῦ
1812 1542 1979 1620 ἁγίου,

2090 1538 2383 1616 ὀειίιυειηὶ
2432 1538 2496 1600 hi
2549 1538 2681 1600 dies
2724 1538 2950 1610 abiere,
3011 1557 3294 1600 reversus
3350 1548 3441 1601 est
3499 1540 3723 1623 Spiritu

337 1632 412 1696 ὡς
444 1631 562 1689 οὔτε
604 1633 775 1715 ἐντὸς,
821 1631 936 1692 οὗτε
984 1633 1156 1707 ἐκτὸς,
1205 1630 1323 1689 ἀλλ’
1372 1631 1427 1687 ἐν
1475 1637 1544 1699 τῆ
1594 1629 1787 1707 δεκάτῃ
1836 1629 1979 1705 ἠμέ-

2090 1640 2271 1691 ιοηειο
2324 1637 2379 1690 et
2431 1629 2546 1689 [ide
2582 1629 2791 1708 plenus
2821 1635 3061 1690 sanctus
3094 1631 3262 1690 l‘ater
3290 1627 3460 1691 Nilus
3484 1632 3557 1693 ad
3579 1651 3722 1694 san-

335 1740 421 1797 ρᾳ.
464 1722 615 1778 Μετὰ
659 1719 717 1777 δε
762 1723 954 1785 ταύτας
1002 1723 1097 1785 τὰς
1145 1721 1347 1800 ἡμέρας
1391 1719 1709 1799 ὑπέστρεψεν
1761 1721 1788 1775 ὁ
1839 1716 1979 1781 ὅσιος

2090 1726 2192 1780 :tos
2224 1715 2424 1779 Patres
2456 1716 2515 1778 in
2550 1715 3104 1779 Mercurio.Natura
3126 1717 3285 1780 enim
3310 1730 3719 1800 comparatum

333 1809 514 1888 πατὴρ
588 1809 782 1873 Νεῖλος
860 1809 1072 1891 πλήρης
1137 1808 1209 1867 ὢν
1296 1809 1599 1886 Πνεύματος
1688 1808 1838 1886 ἁγίου
1896 1808 1979 1864 καὶ

2090 1814 2158 1868 εει
2176 1805 3722 1888 utplanesimilibussimiliadelectentur,etvidentes

335 1899 568 1961 πίστεως
652 1900 786 1979 πρὸς
851 1900 974 1963 τοὺς
1048 1900 1226 1977 ἁγίους
1298 1898 1531 1977 Πατέρας
1608 1897 1731 1960 τοὺς
1806 1896 1860 1953 ἐν
1907 1902 1979 1971 τῷ

2090 1914 2200 1957 eum
2232 1913 2441 1957 omnes
2491 1902 2550 1956 et
2598 1895 2716 1956 vita
2766 1904 2824 1957 et
2868 1895 2995 1956 zelo
3045 1903 3102 1956 et
3129 1896 3329 1958 habitu
3362 1904 3424 1960 et
3453 1897 3722 1963 instituto

333 1988 664 2066 Μερκουρίῴ.
726 1989 825 2045 Καὶ
874 1988 975 2067 γὰρ
1044 1987 1241 2066 πὲφυκε
1313 1994 1390 2061 τῷ
1461 1986 1628 2062 ὁμοίῲ
1680 1987 1741 2041 τὸ
1799 1982 1979 2061 ὅμοιον

2090 1992 2337 2046 ινηθιυηι
2366 1984 2698 2065 apostolico
2752 1992 2811 2047 et
2860 1986 3230 2048 relucentem
3277 1986 3338 2048 in
3370 1987 3500 2067 ejus
3528 1988 3724 2053 fronte

331 2074 549 2138 πάντως
605 2073 913 2145 συνήδεσθαι
937 2091 951 2106 '
983 2077 1072 2133 καὶ
1125 2073 1324 2139 ἰδόντες
1380 2077 1536 2134 αὐτὸν
1603 2074 1797 2137 πάντες
1853 2072 1979 2129 ἆπο-

2090 2093 2199 2135 :um
2275 2073 2639 2135 verecundia
2711 2072 3213 2136 modestissimam
3296 2077 3720 2156 humilitatem,

333 2164 580 2219 στολικὸν
618 2166 711 2221 καὶ
760 2165 871 2241 βίον
921 2165 1011 2221 καὶ
1062 2169 1256 2243 σχῆμα
1310 2165 1397 2221 καὶ
1446 2161 1772 2239 ἐπιτήδευμα
1826 2184 1979 2249 περι-

2090 2162 2437 2223 :xsultarunt
2466 2169 2525 2223 et
2555 2161 2732 2224 laetati
2762 2172 2902 2224 sunt
2931 2161 3173 2244 Deoque
3202 2164 3447 2243 gloriam
3482 2176 3724 2250 propter

334 2247 693 2334 ϐεϐλημένον,
779 2251 976 2333 ἔχοντα
1064 2250 1120 2308 δὲ
1217 2254 1306 2309 καὶ
1388 2253 1487 2320 τὴν
1562 2247 1979 2333 εὐπρεπεστάτην

2092 2270 2264 2332 psum
2298 2251 2617 2313 dederunt.

333 2345 648 2399 ταπείνωσιν
679 2343 771 2399 σὺν
813 2348 883 2410 τῆ
934 2339 1076 2399 αἰδοῖ
1129 2348 1207 2418 τῷ
1257 2342 1488 2420 μετώπῲ
1541 2340 1976 2422 προκαθημένην,
2018 2339 2412 2420 ἦγαλλιάσαντο
2438 2342 2527 2397 καὶ
2583 2341 2974 2421 ηὖφράνθησαν,
3026 2343 3114 2399 καὶ
3154 2349 3232 2418 τῷ
3276 2350 3390 2419 Θεῴ
3441 2342 3524 2401 ἐπ’
3581 2349 3722 2423 αὒτῷ

331 2425 479 2495 δόξαν
509 2430 848 2507 ἀνέπεμψαν,

415 2507 474 2577 ι’.
509 2520 680 2582 Αὐτὸς
710 2516 765 2575 δὲ
802 2520 1005 2583 πάντας
1063 2520 1158 2597 μὲν
1207 2517 1414 2578 ἐσέϐετο
1465 2521 1555 2577 καὶ
1599 2517 1877 2579 εὐλαϐεῖτο
1904 2521 1978 2583 ὡς

335 2605 590 2685 ἀγγέλους
652 2608 861 2688 Κυρίου,
930 2608 1206 2689 ἐξαιρέτως
1269 2606 1323 2664 δὲ
1378 2608 1565 2689 σχέσιν
1624 2610 1712 2665 καὶ
1762 2608 1977 2687 ἀγάπην

333 2697 589 2772 μεγίστην
646 2696 903 2764 ἐκέκτητο
956 2700 1090 2777 πρὸς
1144 2699 1236 2756 τὸν
1288 2698 1461 2772 τίμιον
1513 2696 1718 2777 Πατέρα
1770 2704 1979 2754 Φαντῖ-

333 2806 439 2845 νον.
476 2784 739 2849 Κάκεῖνος
770 2783 824 2841 δὲ
868 2785 1029 2842 πάλιν
1068 2788 1131 2843 τὸ
1176 2788 1302 2845 αὖτὸ
1347 2785 1558 2866 φίλτρον
1606 2785 1642 2854 ἢ
1688 2788 1775 2843 καὶ
1819 2784 1979 2843 πλέον

335 2870 557 2933 ὲόεέκνοε
598 2876 735 2954 πρὸς
778 2874 933 2934 αὖτόν
964 2891 980 2907 ·
1011 2875 1112 2943 τὴν
1168 2884 1261 2934 τοῦ
1316 2875 1513 2954 Πέτρου
1567 2875 1655 2931 καὶ
1711 2870 1979 2955 Ἰωάννου,

2149 2508 2243 2574 10.
2277 2507 2413 2590 Ipse
2463 2526 2602 2571 vero
2635 2527 2845 2572 omnes
2868 2509 3264 2574 venerabatur
3295 2519 3571 2593 tanquam
3605 2534 3716 2577 an-

2061 2598 2225 2680 gelos
2243 2597 2502 2671 Domini,
2537 2598 2835 2680 praecipuo
2855 2618 2996 2663 vero
3021 2619 3227 2662 amore
3245 2602 3718 2683 prosequebatur

2065 2708 2414 2772 summaque
2457 2688 2744 2752 cbaritate
2774 2692 3282 2773 complectebatur
3310 2692 3713 2757 venerabilem

2063 2778 2296 2844 Patrem
2350 2778 2663 2841 Fantinum
2714 2800 2730 2856 ;
2790 2789 2847 2842 et
2906 2781 3008 2843 ille
3080 2780 3362 2844 vicissim.
3419 2782 3568 2862 pari,
3623 2785 3714 2846 vel

2066 2872 2242 2933 etiam
2275 2870 2486 2951 majori
2537 2869 2749 2934 affectu
2835 2873 3056 2933 amoris
3104 2871 3522 2953 respondebat,
3559 2872 3717 2938 Petri

331 2961 367 3026 ἧ
408 2961 685 3023 Βασιλεία)
729 2965 818 3020 καὶ
868 2966 1152 3044 Γρηγορίου
1197 2964 1435 3042 συζυγίαν
1488 2963 1577 3020 καὶ
1622 2960 1973 3019 ἀδιάσπαστον

2090 2982 2198 3025 :um
2231 2964 2481 3037 Joanne,
2517 2979 2622 3023 seu
2669 2961 2872 3024 Basilii
2921 2981 3053 3024 cum
3107 2962 3391 3044 Gregorio
3423 2982 3713 3028 summam

330 3050 551 3126 γνώμην
632 3051 688 3108 ἐν
774 3052 981 3117 ἑαυτοῖς
1062 3051 1469 3132 προδηλοῦντες.
1556 3051 1975 3131 Συγκαθημένων

332 3138 430 3216 γὰρ
457 3142 634 3198 αὐτῶν
690 3139 975 3223 πολλάκις,
1031 3143 1122 3199 καὶ
1172 3142 1266 3206 τὰς
1322 3142 1531 3222 Γραφὰς
1581 3140 1977 3219 ἀναγινωσκόν-

330 3247 457 3306 των,
547 3229 841 3306 σωῆγοντο
914 3233 962 3287 οἱ
1031 3228 1241 3311 ἀδελφοὶ
1313 3232 1445 3310 πρὸς
1500 3230 1688 3293 αὐτοὺς
1756 3229 1975 3310 πάντες,

328 3314 757 3394 παρακαλοῦντες
812 3317 1029 3377 ἀκοῦσαι
1085 3317 1240 3397 λόγον
1279 3318 1531 3399 ὠφελείας
1597 3317 1659 3374 ἐκ
1711 3327 1804 3377 τοῦ
1848 3339 1979 3377 ,στο-

330 3426 494 3480 ματος
540 3409 741 3468 αὖτῶν.
778 3408 875 3464 Καὶ
901 3407 1177 3471 ἀκούοντες
1222 3409 1344 3471 τοὺς
1390 3406 1579 3485 λόγους
1627 3412 1727 3474 τῆς
1757 3406 1977 3487 χάριτος

330 3494 450 3557 τὼς
523 3494 970 3574 ἐκπορευομένους
1047 3495 1110 3552 ἐκ
1176 3505 1270 3555 τοῦ
1335 3495 1599 3572 στόματος
1670 3505 1763 3555 τοῦ
1835 3496 1978 3554 ὁσίου

334 3585 541 3662 Πατρὸς
627 3584 784 3660 ἡμῶν
874 3582 1085 3665 Νείλου,
1187 3588 1498 3663 Θεωροῦντες
1601 3581 1797 3641 δὲκαὶ
1879 3585 1974 3652 τήν

328 3669 730 3751 ἀστράπτουσαι»
759 3670 916 3751 χάριν
965 3672 1052 3729 ἐπι
1096 3674 1186 3730 τὸν
1225 3673 1375 3751 ἅγιον
1434 3672 1638 3753 Πατέρα
1692 3680 1975 3753 Φανττνον,

329 3758 470 3819 caesa
528 3759 666 3817 ἄλλο
712 3757 1077 3836 ὑπελάμϐανον
1151 3763 1363 3826 τούτους
1426 3761 1708 3842 ὑπάρχειν,
1764 3760 1882 3818 ἀλλ’
1939 3761 1977 3830 ἢ

332 3850 526 3930 Πέτρον
558 3851 650 3906 καὶ
697 3849 921 3923 Παῦλον,
972 3853 1045 3907 ὧν
1095 3853 1182 3908 καὶ
1229 3853 1320 3908 τὸν
1370 3851 1481 3929 βίον
1533 3851 1775 3923 ἐζήλουν,
1825 3850 1975 3914 Τινὲς

361 3938 383 3961 ν
542 3945 572 3956 η
694 3935 751 3958 ’κ
823 3945 850 3955 ~
1137 3940 1149 3963 Ι
1662 3942 1675 3963 Ι
1944 3950 1970 3961 εν

327 3960 416 3995 ουν
497 3962 612 3995 των
684 3954 886 4019 αοεαρων
953 3939 1266 4004 ἆπελθοντες
1338 3941 1412 4004 είς
1478 3962 1830 4020 προσκυνησιν
1882 3962 1975 4000 του

330 4027 568 4107 μεγάλου
648 4033 851 4111 Πατρὸς
938 4030 1201 4112 ’[ωάννον,
1260 4028 1484 4113 ἤρξαντο
1562 4032 1799 4089 ἐπαινεῖν
1881 4032 1972 4089 τὸν

330 4118 595 4197 μακάριον
650 4118 866 4201 Νεῖλον,
919 4123 993 4185 ὡς
1067 4120 1320 4202 ὠφελείας
1385 4123 1627 4181 ὑπόθεσιν
1684 4120 1827 4201 παρὰ
1882 4130 1976 4180 τοῦ

330 4214 462 4265 Θεοῦ
536 4207 842 4288 πεμψέντα
908 4209 964 4266 ἐν
1043 4222 1163 4274 τοῖς
1241 4209 1426 4274 τόποις
1496 4209 1711 4273 ἐκείνοις
1760 4231 1975 4289 προστι-

2061 3060 2121 3115 et
2168 3051 2522 3114 indivulsam
2568 3052 2901 3115 animorum
2951 3053 3434 3134 conjunctionem
3487 3071 3717 3133 praese-

2060 3142 2345 3206 ferentes.
2367 3141 2829 3205 Considentibus
2854 3162 2993 3223 ergo
3025 3161 3184 3225 saepe
3210 3142 3329 3205 illis
3359 3151 3419 3205 et
3447 3143 3711 3227 Scriptu-

2065 3251 2161 3294 ras
2210 3230 2635 3313 lectitantibus,
2670 3232 3111 3295 conveniebant
3140 3250 3350 3295 omnes
3387 3233 3596 3296 fratres
3640 3235 3715 3298 ad

2062 3320 2217 3395 illos,
2269 3318 2696 3400 rogabantque,
2757 3328 2822 3382 ut
2876 3320 2989 3383 sibi
3049 3320 3318 3383 utilitatis
3373 3339 3712 3385 sermonem

2060 3408 2505 3490 depromerem.
2565 3407 2636 3469 Et
2688 3409 3000 3473 audientes
3057 3410 3237 3472 verba
3292 3411 3517 3493 gratiae,
3580 3431 3713 3494 quae

2061 3495 2462 3578 procedebant
2489 3496 2564 3558 de
2594 3515 2699 3560 ore
2730 3498 2917 3560 sancti
2949 3498 3138 3561 Patris
3179 3497 3297 3561 Nili
3322 3508 3381 3561 et
3410 3500 3717 3564 intuentes

2061 3586 2239 3648 etiam
2280 3586 2635 3648 emicantem
2688 3587 2934 3666 gratiam
2986 3587 3060 3650 de
3111 3596 3315 3650 sancto
3348 3587 3522 3650 Patre
3552 3588 3712 3650 Fan-

2059 3674 2208 3747 tino,
2233 3673 2572 3749 nihilZaliud
2605 3694 2736 3738 esse
2765 3675 2899 3739 illos
2930 3677 3233 3758 putabant,
3262 3695 3439 3756 quam
3473 3680 3710 3740 Petrum

2061 3770 2119 3826 et
2157 3762 2424 3839 Paulum,
2459 3782 2710 3844 quorum
2744 3766 2921 3827 etiam
2954 3765 3083 3827 vitae
3112 3765 3488 3828 aemulatores
3520 3774 3711 3828 erant.

2058 3854 2459 3915 Accesserunt
2488 3870 2627 3929 ergo
2679 3852 2918 3933 quidam
2967 3872 2999 3916 e
3039 3853 3293 3915 fratibus
3324 3854 3397 3914 ad
3432 3873 3710 3934 magnum

2061 3943 2288 4003 Patrem
2331 3943 2618 4003 Joannem
2673 3940 2797 4023 (14)
2845 3941 3218 4003 salutationis
3267 3960 3464 4018 causa,
3518 3961 3713 4023 cmpe-

2057 4038 2313 4111 runtque
2349 4028 2655 4093 celebrare
2699 4029 2936 4091 beatum
2988 4029 3210 4107 Nilum,
3289 4031 3442 4112 quod
3497 4032 3714 4093 missus

2057 4138 2090 4181 a
2120 4119 2243 4181 Deo
2286 4126 2443 4180 esset
2486 4136 2557 4181 ea
2604 4117 2667 4179 in
2715 4118 2845 4180 loca
2876 4117 3144 4180 utilitatis
3179 4135 3348 4199 ergo,
3381 4118 3712 4181 addebant-

2059 4226 2195 4288 que,
2250 4206 2417 4269 illum
2473 4225 2583 4269 nec
2632 4224 2784 4288 pane
2836 4208 3016 4283 vesci,
3063 4225 3177 4268 nec
3225 4206 3425 4269 vinum
3475 4205 3710 4286 bibere,

553 4299 648 4354 καὶ
693 4307 869 4381 τοῦτο,
920 4298 1000 4357 ὅτι
1046 4297 1164 4362 οὔτε
1212 4297 1392 4379 ἄρτου,
1444 4298 1561 4356 οὒτε
1618 4300 1758 4358 οὶνου
1804 4320 1973 4373 μετα-

2090 4297 2389 4376 κερθιτίωε
2461 4296 2593 4358 vitae
2661 4296 2893 4359 ratione
2960 4305 3253 4359 utentem.
3331 4295 3515 4361 Jussit
3570 4316 3711 4376 ergo

327 4384 621 4468 λαμϐάνει,
676 4388 902 4457 ἄσκησιν
976 4387 1178 4445 διώκων
1247 4387 1613 4462 ὑψηλοτάτην.
1678 4385 1977 4447 Ἐκέλευσεν

2090 4388 2255 4462 ἪΘΡ,
2290 4392 2354 4446 ut
2380 4384 2431 4446 is
2459 4384 2532 4446 ad
2583 4403 2649 4448 se
2694 4385 3052 4450 mitteretur.
3103 4385 3189 4447 Eo
3223 4385 3487 4466 profecto
3520 4393 3578 4447 et
3608 4405 3718 4448 co-

329 4478 415 4532 oS-v
474 4480 667 4542 αἰετοῖς
724 4481 753 4535 ὁ
808 4485 991 4558 Πατηρ
1051 4475 1365 4534 ἀποστεῖλαι
1416 4477 1595 4537 αὐτόν.
1652 4477 1750 4536 Καί
1793 4477 1979 4536 τούτου

2090 4474 2238 4535 niter
2264 4482 2533 4554 excepto,
2586 4474 2760 4553 jubet
2811 4492 3056 4554 magnus
3103 4476 3278 4538 Pater
3305 4476 3587 4545 Joannes,
3622 4475 3717 4536 of-

330 4566 644 4647 γεγονότος,
701 4569 791 4625 καὶ
851 4569 985 4645 μετᾶ
1048 4572 1221 4647 χαρᾶς
1276 4564 1714 4647 προσδεχθέντος,
1774 4566 1976 4624 κελεύει

2090 4562 2203 4625 erri
2234 4562 2318 4624 illi
2346 4562 2791 4642 generosissimi
2821 4563 2938 4625 vini
2975 4564 3278 4645 poculum,
3316 4563 3577 4645 experiri
3608 4583 3716 4626 vo-

326 4655 357 4710 ὃ
387 4656 563 4734 μέγας
600 4662 783 4736 Πατηρ
813 4654 1063 4723 Ἰωάννης
1117 4652 1328 4722 δοθῆναι
1375 4659 1516 4731 αὖτῷ
1555 4657 1810 4736 ποτήριον
1832 4654 1979 4716 οἴνου

2090 4671 2215 4730 ens,
2248 4672 2388 4715 num
2419 4654 2742 4717 secundum
2779 4654 2967 4718 Deum
3003 4655 3340 4720 institutum
3375 4656 3505 4736 ejus
3538 4663 3716 4719 esset.

1667 4772 1925 4838 Joannis
1973 4773 2102 4840 Clei
2154 4777 2343 4837 notae.

408 4882 548 4964 (l3)
582 4882 816 4945 Haecita
836 4883 1009 4964 vertit
1036 4880 1325 4964 Sirletus:
1357 4876 1540 4964 ngse
1559 4879 1685 4942 haec
1708 4879 1980 4964 audiens,
2066 4880 2259 4964 lorum
2313 4877 2550 4964 Graecos
2598 4898 2703 4964 pro
2754 4878 3364 4964 armis_frequentins
3409 4878 3594 4958 venit,
3655 4887 3719 4944 ut

333 4959 557 5053 ab'ea,
612 4982 786 5045 quam
840 4961 1299 5053 adnlterabatur,
1352 4959 1524 5053 furia,
1593 4961 1986 5053 apprehendit
2065 4960 2252 5053 liquet
2278 4960 2433 5053 apud
2482 4959 2859 5053 Cangium-in
2901 4959 3246 5053 Glossario:
3298 4978 3715 5053 sensu_,_q_nem

339 5051 569 5126 temere
594 5039 803 5126 ensem
835 5051 1014 5126 atque
1043 5060 1250 5105 omnes
1270 5039 1703 5126 s_uos_disperSi:
1735 5058 1984 5126 manens
2067 5039 2453 5126 caryophilus
2483 5041 2814 5126 expressit,
2863 5041 3058 5121 potius
3106 5042 3205 5104 hic
3234 5040 3390 5126 sumi
3432 5039 3711 5126 videtur;

338 5124 527 5185 solus.
592 5121 833 5185 Timore
884 5119 1085 5186 autem
1150 5121 1338 5199 magis
1392 5119 1672 5184 detentus
1726 5137 1796 5183 ac
1851 5122 1985 5200 fuga

341 5201 456 5283 sibi
514 5204 770 5266 salutem
841 5205 1047 5266 volens
1103 5217 1468 5283 comparare,
1528 5219 1563 5262 a
1614 5201 1738 5283 suis
1789 5201 1985 5281 impe-

342 5281 506 5345 ditus
549 5292 615 5346 et
658 5303 837 5346 curru
886 5284 1173 5348 decidens
1215 5281 1254 5344 a
1295 5281 1410 5343 vita
1465 5281 1740 5343 excessit.
1782 5304 1805 5339 ι
1842 5289 1986 5338 Μαι-

341 5364 460 5435 νὲς,
488 5372 599 5447 est
614 5363 857 5447 furiosa,
890 5384 1026 5447 quae
1051 5363 1191 5447 facit
1220 5358 1664 5447 aliosinsanire
1687 5360 1985 5447 :_libidine

343 5440 855 5520 proculdubiobic
876 5440 1501 5523 etamoribusillicitis.
1547 5441 1988 5523 υῐᾼὶιιάίεοιπορ·

341 5525 667 5607 furtivos;
700 5544 908 5589 verum
959 5524 1318 5607 adulterium
1349 5521 1528 5602 gratis
1555 5521 1823 5601 adjunxit
1853 5520 1980 5607 Sir-

342 5599 492 5665 lctus
542 5613 603 5667 et
650 5599 898 5687 ἆρμέτων
945 5606 1123 5669 venit
1173 5599 1446 5687 currum.
1545 5599 1695 5687 app:
1744 5602 1983 5683 proprie

339 5697 595 5748 Currum
620 5681 913 5769 signiﬁcat
942 5708 958 5755 :
1008 5688 1147 5768 ἅρμα
1177 5681 1334 5767 apud
1359 5681 1760 5765 posteriorum
1787 5681 1981 5747 επεν-

2065 5118 2298 5264 ῗιῐῐιιὴι
2355 5118 2597 5201 spiritus
2652 5122 2803 5184 lenis
2860 5118 2965 5202 pro
3022 5139 3236 5205 aspero
3280 5120 3559 5183 substitui
3599 5118 3711 5184 de;

2112 5221 2143 5264 e
2176 5249 2189 5263 .

2112 5207 2189 5264 et.

2147 5280 2271 5360 (14)
2321 5280 2569 5360 Agresta
2626 5289 2789 5363 parte
2835 5298 2896 5356 v,
2928 5300 3059 5363 cap.
3114 5284 3174 5357 5,
3210 5279 3361 5341 Vita;
3408 5277 3483 5363 S._
3504 5279 3713 5363 Basilii

2070 5361 2182 5452 tria
2226 5363 2584 5452 monasteria
2630 5360 2826 5452 fuisse
2869 5360 3081 5452 asserit
3127 5377 3315 5452 prepe
3344 5360 3709 5452 territorium

2070 5441 2408 5515 Palmense,
2444 5441 2699 5521 primum
2729 5461 2761 5503 a
2791 5442 2854 5504 S.
2886 5440 3206 5511 Mercurio,
3234 5440 3562 5521 secundum
3588 5459 3620 5501 a
3642 5440 3704 5521 ξ.

2066 5519 3028 5602 Michaeleappellatum,_tertium,
3055 5521 3336 5602 denique,
3361 5520 3459 5602 ubi
3488 5521 3624 5580 vixit
3641 5519 3702 5602 S.

2059 5603 2339 5677 Joannes,
2373 5597 2473 5682 qui
2502 5599 2907 5664 verisimiliter
2960 5599 3120 5663 idem
3151 5600 3204 5663 is
3219 5597 3345 5680 'est,
3377 5600 3452 5663 de
3482 5617 3599 5681 quo
3629 5597 3704 5659 ad

2063 5690 2237 5766 caput
2265 5682 2328 5765 1,
2359 5686 2487 5747 not.
2519 5682 2582 5748 6.
