3966 6148
257 242 333 323 35
1772 242 2134 319 ANONYMI
3550 248 3629 315 36

255 380 328 442 At
358 380 424 441 B.
461 377 623 441 Nilus
650 382 957 459 acceptum
991 372 1290 456 poculum,
1322 373 1502 455 petita
1531 373 1874 437 benedictio

1959 377 2259 456 lpusyicrvou,
2316 374 2635 453 βουλόμενος
2708 374 2838 434 ἰδεῖν
2894 379 2938 432 εί
2991 376 3129 433 κατά
3202 374 3331 431 Θεόν
3400 373 3538 431 ἐστιν
3592 374 3627 441 ἡ

253 486 351 544 ne,
390 468 539 529 nihil
573 474 833 528 moratus
884 471 1065 526 totum
1115 461 1320 543 ebibit,
1374 481 1487 525 nec
1517 463 1797 524 damnum
1830 482 1874 525 et

1983 470 2139 524 αὐτοῦ
2184 463 2445 527 πολιτεία.
2503 462 2690 522 Λαϐὼν
2730 463 2875 522 δὲτὸ
2916 466 3171 544 ποτήριον
3209 466 3237 520 ὸ
3268 462 3412 528 ὅσιος
3444 470 3626 542 Πατὴρ

253 566 424 637 epoto
454 557 588 618 vino
619 555 864 629 veritus,
900 572 1011 615 nec
1042 571 1214 614 suum
1248 551 1564 613 consilium
1599 552 1874 633 propositt

1982 553 2200 634 Νεῖλος,
2285 556 2371 610 καὶ
2470 554 2822 631 αἰτησάμενος
2906 553 3171 633 εὐλογίαν,
3254 550 3626 617 ἀνυποστόλως

255 646 443 711 Patris
494 644 871 727 dijudicantis
919 644 1264 724 prael'erens,
1310 642 1412 703 sed
1458 641 1874 704 abdicationen

1981 643 2227 699 πέπωκεν
2281 644 2406 702 αὐτὸ
2466 642 2626 723 μέχρι
2698 643 2907 724 τέλους,
2977 645 3115 719 μήτε
3171 644 3233 699 τὸ
3285 642 3468 722 ἀθρόον
3522 647 3623 709 τῆς

254 735 565 797 voluntatis
596 751 717 797 sua;
765 734 887 795 sive
936 731 1154 794 rationi
1198 749 1497 807 consonaa,
1545 730 1666 792 sive
1699 731 1894 791 minus

252 842 550 900 consonaa,
608 832 883 903 tanquam
942 820 1145 882 salutis
1197 839 1398 882 ansam
1458 821 1632 898 longe
1701 820 1891 880 maxi-

253 932 430 988 mam,
466 913 698 975 caateris
725 919 1115 991 anteponens.
1150 911 1320 972 Tunc
1349 927 1592 989 magnus
1634 908 1732 969 ille
1782 908 1894 970 viri

249 1002 594 1084 sapientiam
645 1000 1059 1081 sinceramque
1103 1017 1171 1060 ac
1221 998 1453 1078 plenam
1487 997 1889 1060 obedientiam

247 1110 447 1154 secum
472 1090 797 1152 admiratus
824 1088 1088 1170 (tentavit
1125 1086 1345 1168 quippe
1367 1086 1531 1148 illum
1565 1095 1624 1149 et
1653 1088 1712 1148 in
1734 1088 1885 1163 aliis,

246 1180 366 1241 imo
403 1178 602 1241 docuit
627 1179 709 1240 uti
743 1187 905 1258 pater
936 1195 1279 1258 germanum
1314 1176 1520 1252 ﬁlium)
1541 1177 1610 1238 ad
1635 1184 1890 1240 astantes

246 1269 359 1331 ait:
411 1271 625 1333 Nonne
653 1266 930 1330 dicebant
971 1270 1193 1340 Patres,
1228 1263 1497 1326 abbatem
1531 1266 1659 1346 (15)
1689 1267 1889 1329 Nilum

245 1358 545 1421 abstinere
596 1378 629 1419 a
676 1356 866 1421 vino?
915 1356 988 1421 Ut
1037 1357 1235 1419 videre
1269 1362 1379 1431 est,
1414 1354 1529 1416 alia
1557 1354 1760 1417 vident
1779 1356 1889 1417 ho-

248 1448 439 1511 mines
470 1455 529 1509 et
556 1448 670 1509 alia
696 1447 925 1510 dicunt.

1974 728 2177 808 βλάϐης
2204 740 2301 790 τοῦ
2343 734 2483 790 οίνου
2529 729 2892 813 καταπτήξας,
2951 733 3088 808 μήτε
3134 731 3233 798 τὴν
3282 732 3475 787 οἰκείαν
3519 730 3627 806 κρί-

1974 842 2056 875 σιν
2110 825 2210 887 τῆς
2265 830 2359 879 τοῦ
2414 821 2618 899 Πατρὸς
2678 818 2984 900 διακρίσεως
3040 818 3357 899 κυριωτέραν
3422 818 3626 875 ἀποδεί-

1974 906 2088 988 ξας,
2132 907 2267 964 ἀλλά
2313 910 2412 976 την
2459 908 2631 975 κοπὴν
2683 918 2776 968 τοῦ
2819 908 3121 986 θεληματος
3168 906 3386 986 εὐλόγου
3431 929 3488 963 τε
3537 908 3623 963 καὶ

1974 996 2169 1075 ἀλόγου
2211 1000 2285 1061 ὡς
2333 999 2596 1076 σωτηρίας
2661 998 2915 1076 μεγίστην
2965 998 3205 1055 ὑπόθεσιν
3265 1004 3371 1054 τῶν
3421 995 3621 1052 λοιπῶν

1971 1086 2328 1165 προτιμήσας.
2390 1083 2524 1143 Τότε
2600 1088 2628 1141 6
2689 1086 2855 1164 μέγας
2920 1085 3125 1150 ἐκεῖνος
3181 1086 3452 1161 θαυμάσας
3505 1081 3621 1140 καθ’

1973 1175 2155 1233 ἑαυτὸν
2211 1184 2304 1233 τοῦ
2358 1172 2541 1253 ἀνδρὸς
2597 1175 2696 1241 τὴν
2752 1176 2958 1255 σοφίαν,
3018 1176 3110 1232 καὶ
3160 1176 3222 1230 τὸ
3278 1174 3621 1252 ἀνυπόκριτον

1972 1267 2071 1329 τῆς
2158 1266 2314 1322 αὐτοῦ
2403 1264 2641 1330 ὑπακοῆς
2709 1264 2845 1320 κατὰ
2910 1263 3123 1320 πάντων
3192 1261 3455 1343 (ἐπείρασε
3522 1263 3621 1340 γὰρ

1972 1353 2127 1409 αὐτὸν
2183 1353 2271 1408 καὶ
2326 1350 2380 1407 ἐν
2432 1350 2637 1432 ἄλλοις,
2696 1350 2900 1428 μᾶλλον
2955 1349 3011 1407 δὲ
3068 1349 3289 1417 ἐδίδαξεν
3342 1352 3499 1410 αὐτὸν
3528 1354 3618 1407 οἷα

1971 1439 2148 1519 πατὴρ
2210 1440 2319 1497 υἱὸν
2388 1438 2631 1519 γνήσιον)
2681 1456 2695 1470 ⁸
2764 1439 2866 1521 ἔφη
2934 1442 3066 1519 πρὸς
3119 1441 3243 1504 τοὺς
3303 1439 3567 1519 παρόντας
3601 1458 3614 1471 ⁶

244 1531 349 1587 Οὐκ
413 1528 593 1609 ἔλεγον
651 1532 697 1587 οἱ
756 1528 978 1608 Πατέρες
1036 1526 1116 1583 ὅτι
1190 1529 1217 1584 6
1247 1523 1410 1590 13552:;
1475 1524 1666 1590 Νεῖλος
1724 1531 1783 1586 οὐ
1854 1532 2058 1607 γεύεται
2116 1527 2306 1609 οἴνους
2375 1527 2508 1585 ἄλλα
2564 1531 2754 1609 ὁρῶσιν
2813 1527 3113 1609 ἄνθρῶποί,
3169 1530 3258 1586 καὶ
3313 1527 3465 1608 ἕτερα
3522 1526 3613 1584 λέ-

243 1641 420 1697 γουσιν
430 1663 445 1679 ο

327 1709 423 1769 ll.
471 1705 761 1769 Continuo
810 1722 1060 1784 surgens
1089 1703 1190 1764 ille
1219 1702 1507 1783 profunda
1534 1702 1874 1792 incurvatio-

2045 1710 2140 1773 ια’.
2207 1712 2411 1777 Εὐθέως
2487 1713 2573 1771 οὗν
2649 1714 2877 1777 ἀναστάς
2952 1712 3155 1779 ἐκεῖνος
3202 1712 3386 1792 βάλλει
3444 1714 3613 1791 μέτά-

242 1816 317 1859 ne
345 1815 478 1858 sese
509 1794 784 1857 demisit:
837 1802 914 1864 et,
937 1792 1251 1872 Ignoscilo,
1288 1792 1501 1873 inquit,
1546 1791 1883 1854 venerande

241 1885 430 1959 Pater,
467 1903 599 1946 nam
657 1901 855 1944 coram
906 1881 1027 1945 Deo
1077 1880 1225 1942 nihil
1280 1881 1417 1942 boni
1451 1900 1706 1962 unquam
1741 1879 1877 1942 feci.

238 1974 620 2039 Abstinentia
640 1981 861 2053 tamen,
887 1972 1079 2046 Pater,
1114 1971 1271 2052 quod
1301 1970 1429 2052 ipse
1461 1971 1669 2031 melius
1702 1971 1878 2045 nosti,

242 2064 516 2126 omnibus
565 2062 637 2123 ad
686 2061 887 2122 omnia
932 2058 1195 2140 prodest,
1254 2058 1499 2120 senibus
1528 2058 1768 2139 quibus,
1819 2068 1883 2121 ut

236 2153 540 2234 exemplar
567 2151 685 2213 sint
706 2149 1048 2230 junioribus
1079 2148 1248 2209 nobis
1280 2166 1442 2229 vero,
1488 2148 1589 2229 qui
1633 2148 1882 2228 juvenes

238 2251 591 2322 lyronesque
637 2258 863 2309 smnus,
901 2256 974 2298 ne
1025 2238 1278 2298 ﬂammae
1322 2237 1606 2298 addamus
1638 2237 1880 2299 uberius

238 2331 540 2411 pabulum,
600 2329 687 2390 vel
745 2328 929 2389 feram
987 2326 1371 2387 immitiorem
1427 2335 1483 2388 et
1530 2326 1877 2388 indomitam

233 2419 575 2480 reddamus.
597 2417 851 2498 Assequi
886 2434 1055 2493 porro
1090 2415 1564 2477 benedictionem
1593 2415 1875 2478 sacratis-

235 2507 401 2569 simae
434 2516 542 2567 tuae
593 2524 801 2567 manus
852 2505 977 2565 sive
1028 2523 1134 2582 per
1179 2502 1295 2563 vini
1342 2511 1565 2584 potum,
1619 2504 1743 2566 sive
1773 2523 1878 2584 per

234 2598 482 2658 frustum
538 2594 723 2674 panis,
778 2592 1151 2674 patriarchali
1195 2600 1283 2653 est
1310 2593 1493 2672 gratia
1523 2592 1792 2674 dignum,
1820 2602 1878 2655 et

236 2684 599 2747 tantumdem
633 2684 832 2745 valens
879 2682 1122 2747 donum.
1174 2683 1310 2744 Haec
1353 2682 1604 2744 audiens
1634 2702 1879 2762 magnus

231 2779 489 2836 Joannes
517 2772 780 2853 subrisit,
814 2770 1090 2851 etspiritu
1107 2772 1403 2833 exsultans
1420 2772 1601 2835 multo
1617 2772 1879 2853 pluribus

237 2864 401 2926 illum
454 2859 971 2923 benedictionibus
1002 2861 1340 2937 cumulavit,
1378 2868 1434 2921 et
1466 2861 1613 2922 votis
1645 2861 1801 2923 bona
1830 2861 1874 2922 ei

1968 2860 2239 2938 μειδιάσας
2337 2870 2413 2938 τῷ
2510 2865 2800 2943 προσώπτρ,

234 2960 522 3034 precatus,
554 2949 947 3031 locupletavit.
979 2951 1266 3011 Czeterum
1299 2949 1628 3026 admonuit,
1661 2959 1725 3012 ut
1757 2970 1880 3014 me-

231 3042 392 3103 dium
452 3040 772 3121 asperioris
818 3038 923 3100 viae
981 3057 1218 3101 cursum
1278 3047 1526 3116 teneret,
1587 3059 1662 3102 ne
1717 3040 1870 3104 forte

233 3130 438 3192 morbo
470 3138 569 3190 aut
595 3128 761 3190 senio
792 3127 1045 3208 gravior,
1093 3147 1162 3190 ea
1209 3141 1349 3190 tunc
1392 3138 1708 3209 quaereret,
1739 3150 1869 3211 quae

229 3219 570 3298 religiosum
606 3217 868 3279 habitum
903 3237 1021 3279 non
1074 3217 1307 3279 decent.
1345 3216 1413 3278 Et
1454 3226 1595 3280 tunc
1623 3220 1863 3302 quidem

228 3308 393 3370 illum
415 3307 566 3389 apud
586 3325 651 3369 se
672 3325 913 3369 manere
942 3306 1123 3369 voluit
1149 3307 1292 3367 mira
1326 3307 1610 3369 suavitate
1640 3319 1867 3390 captus,

229 3416 404 3478 quam
427 3415 497 3457 eo
525 3396 756 3475 legente
784 3394 1077 3458 sentiebat
1105 3403 1163 3457 et
1194 3395 1522 3476 perspicaci
1553 3398 1868 3460 sententia-

225 3504 357 3546 rum
391 3484 825 3565 explanatime,
853 3502 1275 3565 sacrarumque
1304 3484 1739 3566 Scripturarum
1773 3506 1870 3549 ex-

228 3573 545 3654 positione.
569 3572 827 3635 Vacabat
846 3590 1042 3636 autem
1064 3573 1300 3635 assidue
1332 3592 1577 3651 magnus
1606 3573 1868 3638 Joannes

227 3661 495 3742 Gregorii
537 3661 824 3743 Theologi
873 3662 1134 3742 scriptis,
1187 3671 1249 3723 ut
1304 3681 1374 3726 ex
1422 3664 1602 3725 multa
1657 3683 1863 3727 eorum

226 3751 483 3815 lectione
559 3753 709 3814 alter
765 3754 1071 3832 theologus
1120 3752 1280 3833 apud
1342 3771 1552 3816 omnes
1604 3754 1858 3816 audiret.

223 3840 486 3914 Quadam
520 3860 659 3922 ergo
689 3841 787 3904 die
817 3841 1035 3904 librum
1067 3840 1345 3904 eumdem
1397 3841 1632 3921 legente
1662 3852 1863 3909 sancto

223 3933 393 3992 Patre
422 3930 578 4009 Nilo,
615 3931 829 4012 placuit
858 3930 988 3993 seni
1016 3933 1232 4010 dogma
1274 3930 1571 4012 quoddam
1602 3930 1862 3995 doctoris

223 4017 573 4082 dilucidare.
604 4020 819 4081 Abbati
847 4037 985 4081 vero
1015 4018 1145 4081 Nilo
1178 4019 1422 4101 probata
1449 4039 1568 4082 non
1598 4020 1707 4082 fuit
1736 4029 1859 4084 tra-

223 4106 398 4169 ditaa
428 4127 572 4171 sene
602 4109 913 4190 expositio,
946 4118 1151 4190 utpote
1183 4129 1301 4172 non
1331 4120 1602 4174 assecuto
1631 4130 1861 4191 germa-

222 4215 363 4258 num
392 4198 653 4262 doctoris
681 4217 945 4262 sensum.
980 4196 1052 4260 Et
1080 4219 1215 4262 cum
1245 4201 1527 4264 voluisset
1572 4221 1644 4264 ex
1672 4204 1858 4266 altero

1964 1824 2106 1858 νοιαν
2137 1800 2306 1880 λέγων
2340 1821 2354 1835 ’
2392 1803 2756 1882 Συγχώρησόν
2804 1824 2918 1881 μοι,
2968 1804 3109 1878 τίμιε
3159 1803 3365 1883 Πάτηρ,
3396 1802 3477 1858 ὅτι
3532 1806 3617 1862 οὐ·

1963 1887 2148 1946 δέποτε
2195 1888 2418 1957 ἐποίησά
2473 1913 2523 1946 τι
2581 1891 2775 1969 ἀγαθὸν
2837 1890 3059 1948 ἐνώπιον
3116 1901 3207 1951 τοῦ
3255 1899 3386 1950 Θεοῦ
3419 1890 3614 1968 ’ὅμως

1961 1980 1996 2047 ἡ
2026 1977 2324 2059 ἐγκράτεια,
2374 1979 2646 2058 Πάτερ,ὡς
2698 1980 2787 2036 καί
2841 1980 2998 2042 αὐτὸς
3056 1978 3258 2054 μᾶλλον
3310 1978 3609 2060 ἐπίστασαι,

1962 2065 2315 2143 συμϐάλλεται
2345 2074 2503 2124 πᾶσιν
2550 2066 2603 2125 ἐν
2658 2068 2876 2141 ἅπασιν,
2933 2080 3053 2132 τοῖς
3111 2068 3208 2145 μὲν
3255 2068 3493 2150 γὲρουσιν
3522 2068 3611 2125 ἵνα

1962 2157 2116 2213 εἰκὼν
2144 2158 2231 2213 καὶ
2277 2157 2436 2220 τύπος
2468 2156 2722 2235 γένωνται
2774 2170 2891 2221 τοῖς
2941 2156 3078 2221 νέοις
3112 2175 3127 2190 ⁸
3161 2171 3279 2222 τοῖς
3331 2156 3425 2225 ηδὲ
3472 2157 3609 2231 νέοις

1961 2248 2094 2321 ἡμῖν
2122 2247 2209 2302 καὶ
2243 2246 2639 2327 εἷσαγωγικοῖς,
2688 2243 2761 2303 ῗν’
2809 2245 2954 2310 ὅπως
2989 2247 3065 2322 μὴ
3114 2252 3182 2314 τῆ
3211 2245 3367 2326 φλογὶ
3395 2245 3610 2304 πλείονα

1959 2332 2090 2399 ὒλην
2166 2334 2570 2413 προσθήσωμεν,
2652 2336 2687 2405 ἥ
2763 2335 2825 2390 τὸ
2894 2336 3072 2413 θηρίον
3123 2334 3441 2413 ἀγριώτερον
3523 2336 3610 2391 καὶ

1960 2419 2300 2480 δυσκάθεκτον
2381 2423 2820 2498 καταστήσωμεν.
2918 2425 2988 2480 Τὸ
3074 2421 3255 2498 μέντοι
3329 2422 3605 2504 ἐπιτυχεῖν

1957 2516 2055 2577 τῆς
2112 2531 2516 2587 παναγεστατης
2575 2508 2812 2587 εὐλογίας
2867 2517 2967 2579 τῆς
3017 2516 3117 2578 σῆς
3167 2511 3344 2587 τιμίας
3400 2515 3603 2592 χειρὸς,

1958 2597 2069 2654 εἴτε
2100 2596 2182 2659 διὰ
2237 2599 2477 2674 πόματος
2542 2598 2710 2677 οἴνου,
2770 2600 2883 2656 εἴτε
2940 2599 3023 2657 διὰ
3073 2598 3379 2676 κλάσματπ
3428 2600 3605 2680 ἄρτου,

1957 2692 2349 2767 πατριαρχικῆς
2401 2686 2620 2766 χᾶριτος
2686 2686 2849 2769 ἄξιον,
2911 2689 3145 2755 καὶ¹τῆς
3194 2692 3358 2755 αὐτῆς
3409 2684 3605 2768 δωρεᾶς

1958 2773 2253 2854 ίσόῤῥοπον.
2309 2784 2481 2833 Ταῦτα
2540 2775 2795 2840 ἀκουύσας
2851 2779 2879 2833 6
2932 2776 3097 2855 μέγας
3157 2774 3440 2847 Ἰωάννης,
3482 2778 3608 2834 ὑπο-

2905 2867 2993 2921 καὶ
3076 2862 3445 2944 ἀγαλλιασθεὶς
3529 2872 3606 2940 τῷ

1966 2951 2220 3027 πνεύματι
2297 2949 2481 3027 πολλῷ
2563 2951 2726 3009 πλέον
2791 2952 3053 3032 εὐλογίαις
3128 2955 3285 3012 αὐτὸν
3360 2953 3607 3031 ἀντημεί-

1960 3043 2118 3120 ψατο,
2204 3040 2292 3095 καὶ
2376 3044 2568 3120 εὐχαῖς
2648 3040 3095 3109 κατεπλούτησεν.
3185 3038 3476 3100 Ἐνουθέτει
3548 3040 3602 3097 δὲ

1949 3129 2104 3186 αὐτὸν
2182 3126 2493 3207 συμμέτρως
2564 3129 2772 3211 ἀσκεῖν,
2852 3130 2929 3206 μή
3002 3151 3117 3193 πως
3190 3128 3292 3186 ὕπὸ
3348 3130 3506 3190 νόσου
3562 3130 3597 3198 ἢ

1948 3217 2129 3297 φήρως
2199 3218 2426 3281 πιεσθεὶς
2498 3216 2669 3292 μέλλη
2744 3219 2866 3275 τότε
2942 3218 3214 3290 ἐπιζητεῖν
3266 3219 3332 3275 τὰ
3394 3219 3471 3295 μὴ
3521 3226 3598 3294 τῷ

1955 3306 2199 3385 σχήματι
2256 3304 2547 3385 πρέποντα.
2607 3309 2707 3364 Καὶ
2770 3309 2890 3364 τότε
2966 3308 3062 3384 μὲν
3121 3306 3384 3388 κατέσχεν
3444 3310 3598 3367 αὐτὸν

1952 3392 2075 3472 παρ’
2126 3395 2318 3474 ἐαυτῷ,
2373 3394 2772 3474 εὐφραινόμενος
2820 3396 2905 3452 ἐπὶ
2952 3401 3020 3463 τῆ
3069 3393 3301 3472 ἡδυτάτη
3352 3396 3597 3474 ἀναγνώ-

1951 3502 2030 3537 σει
2081 3486 2259 3562 αὐτοῦ,
2306 3483 2393 3538 καὶ
2434 3488 2503 3550 τῆ
2556 3483 2800 3564 εὐστόχῳ
2853 3490 2959 3541 τῶν
3006 3484 3290 3559 νοημάτων
3320 3482 3596 3550 ἀναπτύξει

1950 3570 2035 3625 καὶ
2090 3568 2401 3650 διασαφήσει
2455 3576 2561 3628 τῶν
2612 3573 2762 3629 θείων
2838 3578 3083 3652 Γραφῶν.
3144 3569 3442 3652 Ἐσχόλαζε
3497 3573 3597 3652 γὰρ

1948 3659 1977 3713 6
2006 3656 2173 3736 μέγας
2203 3655 2454 3726 Ἰωάννης
2503 3659 2583 3716 ἀεὶ
2633 3658 2687 3715 ἐν
2727 3673 2846 3724 τοῖς
2902 3660 3082 3740 λόγοις
3131 3668 3225 3718 τοῦ
3271 3660 3422 3738 ἁγίου
3449 3665 3595 3739 Γρη-

1943 3747 2119 3826 γορίου
2168 3756 2259 3805 τοῦ
2305 3745 2590 3825 Θεολόγου,
2644 3746 2781 3805 ὥστε
2838 3754 2907 3816 τῆ
2963 3747 3139 3815 πολλῆ
3186 3748 3360 3827 πείρᾳ,
3426 3747 3492 3815 ἣν
3546 3745 3597 3814 ἐξ

1943 3838 2113 3893 αὐτῶν
2168 3833 2473 3916 ἀνὰάϐετο,
2531 3835 2692 3895 ἄλλον
2741 3836 2988 3917 θεολόγον
3044 3838 3179 3917 περά
3236 3843 3363 3893 πᾶσι
3414 3837 3599 3916 γνωρί-

1942 3926 2139 3993 ζεσθαι.
2198 3920 2287 3981 Ἐν
2344 3930 2441 4000 μιᾷ
2494 3921 2548 3980 δὲ
2602 3932 2709 3983 τῶν
2766 3928 2981 4007 ἡμερῶν
3029 3925 3483 4004 ἀναγινώσκοντος
3540 3924 3594 3981 ἐν

1940 4016 2010 4079 τῆ
2056 4015 2189 4079 αὐτῆ
2454 4022 2545 4072 τοῦ
2603 4015 2745 4071 ὁσίου
2807 4016 3012 4095 Πατρὸς
3065 4015 3219 4090 ἡμῶν
3269 4012 3477 4092 Νείλου,
3508 4015 3595 4071 καὶ

1940 4110 2034 4159 τοῦ
2087 4100 2333 4181 γέροντος
2406 4101 2755 4180 βουληθέντος
2825 4102 3178 4184 διευκρινῆσαι
3233 4105 3288 4161 ἓν
3355 4109 3463 4160 τῶν
3518 4109 3595 4179 τῷ

1940 4188 2076 4268 ἅγίῴ
2106 4188 2403 4266 διδασκάλῲ
2459 4191 2791 4260 πονηθέντων
2847 4191 3147 4272 δογμάτων,
3200 4193 3297 4249 ούκ
3323 4190 3479 4271 ἤρεσε
3518 4213 3595 4248 τω

219 4286 359 4348 libri
388 4287 518 4351 loco
551 4288 781 4370 planius
829 4290 1166 4369 ostendere,
1221 4310 1349 4355 rem
1394 4297 1471 4355 ita
1502 4312 1633 4356 esse
1663 4304 1721 4356 et
1749 4294 1859 4356 do-

1959 4274 2073 4350 ἱῖϐᾷ
2129 4277 2299 4353 Νείλῴ
2357 4279 2394 4347 ὴ
2448 4290 2541 4339 τοῦ
2602 4280 2848 4362 γέροντος
2924 4282 3175 4361 ἑρμηνείᾳ
3230 4283 3304 4344 ὡς
3369 4281 3445 4370 μὴ
3501 4282 3592 4337 τὸν

218 4377 429 4457 gmatis
447 4366 887 4454 rectitudinem,
923 4388 985 4442 ut
1015 4366 1292 4461 habebat,
1327 4383 1647 4467 explicare,
1680 4385 1859 4447 vehe-

1959 4368 2135 4424 ι’κοπὸν
2210 4377 2304 4427 τοῦ
2372 4366 2683 4431 διδασκάλου
2761 4371 2816 4427 ἐν
2881 4368 3116 4452 ἀκριϐείᾳ
3171 4366 3588 4433 καταλαϐόντος.

220 4454 452 4531 menter
479 4476 794 4549 correptus
838 4469 947 4532 fuit
993 4488 1027 4531 a
1080 4454 1290 4552 magno
1342 4454 1532 4556 Patre,
1579 4454 1739 4556 quod
1769 4474 1856 4536 fas

1959 4457 2038 4513 ἰαὶ
2065 4454 2499 4556 βουληθέντοςῇτὸ
2552 4457 2671 4516 ἴσον
2722 4465 2822 4528 τῆς
2872 4457 3107 4556 διανοίας
3151 4458 3371 4539 ἐνὲτέρῳ
3409 4460 3592 4540 χωρίῳ

220 4556 276 4619 ei
306 4576 425 4620 non
456 4566 612 4621 esset
630 4543 836 4640 juveni
862 4568 920 4622 et
969 4543 1204 4638 tironi:
1221 4543 1530 4645 caenoque.
1554 4543 1854 4627 saecularis

1959 4548 2034 4611 ἧς
2087 4548 2251 4612 αὐτῆς
2334 4543 2516 4623 βίϐλου
2574 4548 2892 4628 σαφέστερον
2973 4546 3270 4628 ἀποδεῖξαι,
3351 4550 3439 4604 καὶ
3493 4548 3592 4615 τὴν

215 4646 356 4708 vitae
409 4648 601 4711 adhuc
631 4631 957 4729 vinquinato
1015 4669 1112 4713 res
1169 4631 1510 4733 hujusmodi
1565 4653 1854 4716 curiosius

1959 4632 2192 4711 ιρθότητα
2220 4643 2321 4733 τοῖς.
2364 4631 2627 4713 δόγματος
2680 4638 2855 4702 καθώς
2914 4636 3054 4695 ἐστιν
3111 4637 3406 4718 ἀποφῆναι,
3455 4636 3589 4733 ἐτῖε-

213 4742 489 4829 tractare.
523 4736 690 4809 Quod
721 4719 822 4800 ille
847 4740 1119 4816 audiens,
1150 4719 1270 4803 non
1299 4748 1392 4804 est
1421 4750 1706 4818 turbatus,
1741 4762 1853 4806 nec

1959 4722 2137 4829 milia,
2190 4719 2425 4803 σφοδρῶς
2500 4725 2643 4805 παρὰ
2714 4735 2808 4787 τοῦ
2881 4724 3135 4829 μεγάλου,
3207 4727 3281 4790 ὡς
3352 4728 3449 4784 οὒκ
3476 4721 3589 4790 ἐξὸν

213 4823 335 4885 ulla
365 4843 433 4886 ex
473 4835 638 4907 parte
691 4836 908 4889 mutata
949 4841 1036 4891 est
1085 4809 1169 4893 illi
1217 4831 1483 4896 voluntas
1527 4832 1588 4894 in
1637 4809 1849 4895 obser-

1959 4809 2327 4907 ἐρευνᾷν
2393 4813 2459 4869 τὰ
2530 4824 2769 4896 τοιαῦτα,
2843 4814 2946 4890 νέῴ
3003 4813 3114 4871 ὄντι
3171 4816 3258 4870 καὶ
3324 4814 3587 4896 ἄρχαρίῳ,

212 4914 401 5005 vando
431 4898 853 4997 diligendoque
902 4925 966 4978 ut
1010 4927 1182 4981 antea
1225 4939 1389 4997 sene,
1435 4922 1541 4985 sed
1569 4922 1849 5003 increpa-

1959 4898 2020 4954 :ai
2074 4898 2251 5005 ἀκμξλν
2309 4898 2363 4956 ἐν
2436 4915 2555 4966 τοῖς
2605 4902 2822 4965 πάθεσιν
2897 4912 2989 4962 τοῦ
3045 4903 3160 4980 βίου
3213 4900 3587 4979 ἱλυσπωμένῳ.

212 5001 409 5098 tiones
439 4985 571 5098 equ
593 4985 1022 5088 aeque-accepit.
1071 5027 1141 5071 ac
1187 4985 1525 5074 sitibundus
1553 5031 1721 5093 aquae
1744 4985 1848 5075 vas

1959 4988 2098 5050 ιύτὸς
2181 4985 2236 5043 δὲ
2305 4989 2554 5071 ἀκούσας,
2634 4989 2874 5069 οὐδαμῶς
2948 4990 3252 5073 ἐταράχθη,
3329 4990 3366 5061 ἢ
3449 4989 3589 5056 ὅλως

1995 5096 2056 5098 ,-_
2081 5097 2090 5098 κ
2133 5073 2250 5098 ἹΪΙΛ
2380 5083 2406 5094 α-
2547 5081 2559 5098 1
2853 5082 2867 5098 \
2936 5081 2951 5098 9
3017 5081 3028 5098 1
3241 5082 3271 5098 ν
3335 5079 3350 5098 ν
3406 5079 3417 5098 1

212 5073 833 5185 ρΙθηυφίΕιναιεηὶηι
876 5073 962 5157 illi
1009 5115 1190 5160 senex
1229 5073 1379 5162 alter
1405 5073 1665 5165 Joannes
1689 5073 1846 5183 Bap-

1959 5073 2289 5155 ταρεσαλεύθη
2344 5083 2445 5147 τῆς
2499 5081 2729 5144 πίστεως
2785 5082 2871 5137 καὶ
2928 5081 3169 5161 ἀγάπης,
3238 5082 3306 5149 ἧς
3332 5079 3588 5148 ἐκέκτητο

212 5165 367 5245 tista.
400 5183 567 5266 Saepe
614 5203 754 5246 vero
780 5188 954 5247 etiam
1004 5192 1083 5247 ita
1114 5190 1506 5253 venerabatur
1538 5165 1853 5266 locum,|in

1959 5165 2066 5243 πρὸς
2115 5166 2206 5222 τὸν
2278 5165 2520 5246 γέροντα.
2595 5165 2743 5226 Ἀλλ’
2822 5192 2989 5234 ουτως
3046 5167 3255 5236 ἐδέξατο
3310 5173 3468 5229 αὐτοῦ
3521 5169 3588 5225 τὰ

208 5290 324 5351 quo
355 5279 642 5336 steterant
672 5276 855 5356 pedes
882 5276 1013 5357 ejus
1059 5277 1118 5339 in
1146 5278 1421 5357 ecclesia,
1456 5281 1847 5363 quemadmo-

208 5362 347 5421 dum
383 5371 439 5423 ct
464 5363 595 5448 ipsa
625 5366 776 5448 sacri
806 5366 1006 5448 altaris
1037 5368 1383 5448 penetralia.

210 5445 506 5514 Βαπτιστήν
543 5463 557 5478 ·
588 5445 843 5511 πολλάκις
889 5445 943 5503 δὲ
990 5445 1127 5506 ουτω
1170 5452 1472 5530 προσεκύνει
1511 5454 1600 5509 τὸν
1655 5454 1838 5535 τόπον,
1885 5454 2018 5518 ὅπου
2056 5456 2273 5514 ἵσταντο
2319 5461 2366 5516 οἱ
2414 5457 2572 5527 πόδες
2624 5464 2781 5522 αὐτοῦ
2827 5461 2883 5520 ἐν
2923 5467 2993 5531 τῆ
3045 5460 3324 5545 ἐκκλησίᾳ,
3379 5463 3454 5528 ὼς
3498 5462 3586 5521 καὶ

210 5531 278 5563 ι-ἱ.
316 5529 425 5563 νη.-
451 5560 456 5563 .
487 5535 634 5563 nr.--
669 5546 751 5563 --οι
784 5539 810 5563 n
849 5559 994 5563 _-__A_
1048 5541 1135 5563 ,J,

207 5531 278 5591 εἰς
315 5529 457 5610 Ξῖγιοι
486 5535 635 5610 βῆμα
668 5546 756 5596 τοῦ
783 5539 1200 5618 θυτιαστησρῗου,

1933 5254 2129 5338 ὀνείδη,
2190 5260 2263 5323 ὡς
2318 5261 2346 5315 6
2400 5257 2569 5337 διψῶν
2626 5260 2814 5328 υδατος
2885 5261 3273 5341 ὲμπλησμένον
3338 5263 3584 5342 ἀγγεῖον.

1930 5351 2028 5408 Καὶ
2080 5351 2180 5432 γὰρ
2247 5352 2408 5434 εἶχεν
2477 5357 2730 5420 αὐτὸνιῶς
2807 5358 2896 5415 τὸν
2964 5356 3118 5437 ἅγιον
3174 5355 3426 5427 Ἰωάννην
3492 5358 3587 5414 τὸν
