3966 6148
253 263 313 337 31
1492 264 1675 338 vim
1708 274 1768 337 s.
1802 262 1968 339 NILI
1994 264 2371 337 IUNIORIS'.
3585 270 3662 348 33

334 384 430 473 ιβ’.
484 400 603 463 τῆς
660 392 720 452 δὲ
748 394 982 476 ἑσπέρας
1033 393 1458 475 καταλαϐούσης,
1515 396 1603 451 καὶ
1643 391 1953 474 πορευθὲν-ι

2102 393 2316 485 lﬂrAd
2346 414 2657 477 vesperum
2689 417 2820 461 cum
2853 418 2919 463 se
2944 399 3005 462 in
3025 402 3235 464 cellam
3259 404 3472 485 quietis
3491 424 3671 470 causa

262 507 347 549 τος
394 486 562 544 mino-3
612 485 843 565 ἡσύχως
901 484 957 541 ἒν
986 485 1069 561 τῷ
1096 483 1285 560 ulla!»
1332 490 1409 559 τῷ
1440 480 1575 563 ἰδίῳ,
1630 480 1943 550 ὑπεισῆλθεν

2037 483 2395 577 contulisset,
2444 487 2627 549 subiit
2671 497 2931 551 mentem
2982 489 3146 554 illius
3190 480 3487 573 cogitatio.
3543 514 3673 577 qua:

270 579 407 650 αὗτῷ
454 573 723 652 λογισμὸς
782 574 1126 654 ὲκταρασσων
1184 575 1270 630 καὶ
1324 570 1563 652 ἐνοχλῶν
1620 572 1775 630 αὐτὸν
1823 571 1948 650 σφό·

273 660 386 742 δρα,
429 660 540 741 εἴγ’
594 660 680 741 αρ’
732 664 764 718 ὁ
816 661 988 741 μέγας
1018 660 1104 718 ἐπ’
1161 659 1409 728 ἆληθε¹ας
1468 658 1747 726 ἐνέπληξεν
1781 663 1942 734 αὐτῷ,

281 754 351 815 ὣς
409 758 595 815 κακῶς
650 751 937 818 νενοηκότι
985 751 1087 818 τὴν
1142 755 1337 830 χρῆσιν
1391 759 1485 808 τοῦ
1539 747 1811 825 θεολόγοι),
1873 747 1949 823 μή

283 862 409 898 ποτε
483 842 574 897 καὶ
652 861 850 919 αιρεσις
933 838 1200 919 λογισθείη
1236 858 1250 871 ⁸
1283 839 1321 908 ἢ
1393 839 1551 914 μόνον
1624 842 1944 893 ταπεινῶσαι

288 928 612 1006 βουλόμενος
674 929 774 996 τὴν
849 927 1290 1008 ὑψηλοφροσύνην
1361 929 1451 983 καὶ
1507 925 1762 1003 μεγίστην
1820 922 1949 980 ἀλα-

289 1022 516 1090 ζονείαν,
584 1019 684 1076 Καὶ
759 1027 923 1076 ταῦτα
989 1014 1438 1097 διενθυμούμενος,
1515 1016 1699 1094 μικρὸν
1749 1012 1943 1069 ἀπενό-

290 1106 497 1172 σταξεν.
564 1098 623 1164 ’0
679 1103 733 1161 δὲ
787 1107 1000 1163 πάντων
1056 1112 1161 1162 τῶν
1217 1102 1429 1161 δικαίων
1484 1107 1802 1181 παρατηρῶν
1849 1101 1943 1163 τὰς

289 1196 633 1276 παρατροπὰς
692 1201 800 1252 τῶν
875 1194 1061 1251 ἐνθέων
1128 1192 1467 1270 διαδημάτων
1522 1201 1614 1250 τοῦ
1669 1188 1945 1247 ὑποσκελί-

292 1306 379 1340 σαι
434 1285 474 1352 ἢ
522 1285 718 1362 κρύψαι
794 1280 1012 1361 παγίδα,
1082 1280 1354 1359 βουληθεὶς
1431 1280 1659 1336 σινιάσαι
1714 1280 1802 1334 καὶ
1855 1278 1944 1334 τὸν

293 1371 436 1429 ὅσιον
486 1382 696 1451 τοῦτον,
744 1371 980 1452 φαίνεται
1041 1374 1182 1446 αὒτῷ
1231 1367 1345 1426 καθ’
1403 1369 1560 1452 ὕπαρ-
1592 1366 1646 1423 ἐν
1702 1367 1945 1446 σχήματι

294 1458 383 1517 δύο
437 1446 800 1540 πρεσϐυτέρὼ
861 1458 1108 1537 μεγάλων
1163 1457 1426 1537 λεγόντων
1473 1472 1487 1486 '
1515 1446 1520 1448 ⁷
1547 1446 1736 1531 Ἡμεῖς
1788 1453 1945 1530 ἐσμεν

2027 571 2191 633 illum
2255 573 2508 637 turbavit
2560 577 2847 659 illumque
2903 581 3165 644 vexavit:
3222 571 3362 644 num
3424 571 3670 646 fortasse

2028 679 2276 752 magnus
2307 663 2408 726 ille
2456 664 2629 727 Pater
2674 686 2741 729 ex
2798 667 2996 730 animo
3045 671 3547 752 reprehendisset,
3608 680 3671 734 ut

2030 751 2190 841 male,
2212 753 2657 833 interpretatum
2692 756 2949 836 theologi
2983 751 3184 834 verba,
3214 768 3389 841 atque
3429 760 3669 822 haereti-

2028 838 2304 920 cumipse
2328 842 2631 905 habuisset
2659 862 2898 906 sensum
2922 866 2934 908 :
2959 864 3029 906 an
3043 865 3181 908 vero
3216 838 3435 926 meam,
3454 850 3669 931 inquit,

2026 928 2208 988 voluit
2248 929 2601 1020 deprimere
2641 937 3035 1014 arrogantiam
3086 935 3417 1018 fastumque
3476 928 3670 1020 pluri-

2026 1036 2209 1079 mum.
2246 1018 2393 1080 Dum
2425 1022 2546 1083 haec
2584 1040 2786 1085 secum
2835 1026 3067 1103 cogitat,
3105 1025 3212 1087 levi
3246 1044 3456 1090 somno
3478 1018 3675 1090 corri-

2026 1105 2204 1199 pitur.
2270 1109 2536 1199 Interim,
2616 1110 2716 1192 qui
2779 1112 3072 1193 justorum
3147 1116 3412 1178 omnium
3474 1118 3674 1199 lapsus

2029 1193 2296 1257 observat
2329 1197 2389 1258 in
2440 1199 2627 1260 sacris
2670 1220 2877 1263 eorum
2929 1203 3235 1283 gressibus
3280 1205 3351 1266 ad
3385 1193 3673 1287 supplan-

2029 1284 2270 1345 tandum
2304 1294 2403 1347 aut
2437 1289 2775 1367 ponendum
2822 1290 3125 1371 laqueum,
3166 1293 3433 1357 cribrare
3461 1284 3675 1357 volens

2029 1373 2275 1463 ethunc
2302 1375 2489 1437 virum
2537 1377 2787 1457 justum,
2839 1390 3080 1460 apparet
3130 1382 3216 1443 illi
3265 1402 3369 1463 per
3397 1402 3671 1446 somnum

2030 1462 2283 1524 duorum
2333 1466 2531 1546 specie
2580 1485 2789 1529 senum
2829 1469 2988 1548 justa
3036 1462 3415 1551 proceritate,
3460 1472 3671 1535 dicen-

297 1550 490 1629 Πέτρος
516 1552 605 1606 καὶ
648 1547 853 1612 Παῦλος
890 1566 903 1578 '
937 1547 1134 1611 ἰδόντες
1191 1546 1247 1603 δέ
1286 1567 1346 1602 σε
1394 1547 1551 1626 φησὶν
1607 1541 1948 1643 ἀσχαλλοντα

2037 1551 2219 1643 lium:
2254 1541 2381 1614 Nos'
2401 1573 2604 1617 sumus
2638 1541 2850 1620 Petrus
2888 1567 2946 1619 et
2996 1541 3257 1623 Paulus:
3320 1541 3567 1643 et'qnia
3616 1569 3674 1624 te

296 1620 413 1717 πεᾷ
437 1643 548 1695 τῶν
607 1637 760 1693 θείων
809 1633 1113 1717 δογμάτων,
1166 1634 1396 1711 ἤλθομεν
1449 1643 1543 1691 τοῦ
1572 1633 1830 1691 συνετίσαι
1859 1652 1942 1710 σε,

2037 1640 2285 1703 vidimus
2339 1643 2397 1703 in
2429 1644 2643 1706 divinis
2674 1646 3045 1726 dogmatibus
3077 1620 3465 1727 laborantem:
3501 1652 3669 1713 veni-

299 1729 383 1782 καὶ
463 1722 662 1790 διδάξαι
736 1725 837 1792 τὴν
886 1723 1133 1793 ἀλήθειαν
1208 1729 1407 1785 πᾶσαν.
1479 1722 1651 1778 Εἶπον
1717 1720 1803 1776 οὗν
1860 1720 1947 1775 καὶ

303 1819 497 1893 χρῆσιν
548 1811 673 1869 ὅσον
725 1815 789 1869 τὸ
852 1817 953 1879 τῆς
1008 1809 1327 1878 δεποτικῆς
1403 1814 1572 1890 εὒχῆς
1642 1806 1792 1888 ὕφος,
1861 1809 1949 1863 καὶ

304 1902 629 1969 ἀπέστησαν.
712 1910 753 1958 0
801 1899 856 1957 δὲ
904 1902 977 1964 εἷς
1031 1901 1214 1959 ἑαυτὸν
1269 1898 1456 1979 ελθὼν,
1516 1896 1631 1957 οωὲ
1690 1898 1789 1976 γὰρ
1818 1898 1948 1952 καθ-

303 1988 460 2046 εύδων
544 1991 810 2069 ὑπῆρχεν,
870 1988 1232 2070 ἐφιλοτιμεῖτο
1306 1989 1437 2067 πρὸς
1510 1988 1573 2043 τὸ
1638 1986 1804 2064 παρὸν
1863 1982 1948 2040 ἐπι

302 2086 378 2153 τῷ
424 2078 656 2156 ἀκαίρως
712 2077 949 2159 φανέντι,
1009 2079 1098 2134 καὶ
1145 2099 1241 2144 την
1298 2081 1498 2156 χρῆσιν
1553 2073 1639 2131 ἐπὶ
1694 2073 1954 2148 στόματος

306 2168 482 2246 εἶχεν,
510 2166 611 2232 τὴν
655 2163 709 2221 δὲ
766 2166 970 2223 ἔννοιαν
1027 2166 1191 2232 αὺτῆς
1247 2169 1341 2224 οὐκ
1395 2163 1608 2243 ἦρεύνα,
1657 2163 1745 2218 καὶ
1792 2171 1955 2219 ταῦτα

306 2236 403 2310 δι’..
428 2236 563 2313 ὅλου
617 2263 710 2313 τοῦ
765 2252 947 2334 ὄρθρου
1002 2255 1090 2310 καὶ
1144 2252 1245 2316 ἕως
1301 2236 1533 2331 πρωίας.
1594 2236 1731 2330 Πρὸς
1786 2247 1840 2304 δὲ
1894 2249 1955 2304 τὸ

311 2340 610 2423 διάφαυσμα
659 2342 888 2421 ἡσυχίαν
935 2341 1081 2419 ι”ἱγων
1127 2342 1342 2418 βαθεῒαν
1395 2341 1482 2396 καὶ
1541 2336 1750 2414 μέλλων
1809 2337 1957 2416 ὲρευ-

311 2436 462 2497 νῆσαι
518 2431 584 2485 τὸ
638 2434 739 2495 τῆς
796 2428 1180 2505 ἀποκαλύψεως
1239 2428 1419 2505 βάθος,
1454 2429 1567 2507 εὗρε
1624 2429 1684 2483 τὸ
1735 2425 1953 2501 νομιζό-

314 2541 463 2593 μενον
541 2516 663 2592 μέλι
718 2517 1022 2597 πικρότερον
1096 2516 1332 2592 ἀψινθίου
1365 2533 1380 2550 ⁸
1409 2516 1498 2571 καὶ
1571 2516 1667 2582 τὴν
1723 2535 1954 2594 γρυπτο-

313 2607 473 2681 μέν-ην
528 2604 825 2685 θεολοαίαν,
878 2602 1154 2684 προδήλως
1201 2604 1402 2684 γ’ίρεσιν
1453 2601 1803 2677 δεινοτάτην..
1823 2602 1952 2660 Τότε

315 2697 341 2749 ὁ
388 2692 597 2760 ὀξύνους
643 2692 848 2756 ἐκεῖνος
896 2693 1052 2773 ἀνὴρ,
1096 2694 1184 2749 καὶ
1238 2694 1408 2772 ταχὺς
1457 2693 1530 2755 εἰς
1577 2693 1639 2749 τὸ
1689 2688 1951 2770 διακρῖναι

311 2784 369 2838 τὸ
413 2780 641 2861 ϐαθαρὸν
686 2781 792 2838 ἀπὸ
843 2791 937 2840 τοῦ
981 2779 1256 2861 κιϐδήλου,
1303 2781 1620 2856 καταμαθὼν
1662 2781 1752 2836 τὸν
1796 2801 1950 2855 παμ-

314 2872 561 2950 μέγιστον
641 2868 794 2927 δόλον
866 2877 970 2927 τῶν
1042 2876 1244 2937 νοητῶν
1315 2867 1608 2944 πολεμίων,
1689 2869 1777 2925 καὶ
1851 2868 1949 2934 τὴν

312 2957 569 3038 ἄφραστον
642 2958 958 3038 πανουργίαν
1011 2957 1235 3034 ἐκείνην,
1342 2956 1659 3038 προστρέχει
1736 2962 1804 3033 τῇ
1860 2977 1952 3014 του

312 3050 558 3125 Σωτῆρος
615 3047 926 3127 σταυρώσει,
986 3046 1153 3124 ῥίπτει
1220 3047 1403 3104 ἑαυτὸν
1459 3043 1540 3101 ἐπ’
1599 3043 1840 3125 ἐδάφους,
1900 3042 1953 3098 ἒν

312 3135 725 3214 συντετριμμένη
770 3136 858 3190 καὶ
904 3141 1127 3212 ταπεινῇ
1172 3139 1241 3202 τῆ
1295 3131 1478 3214 καρδίᾳ
1525 3135 1751 3191 αἰτεῖται
1812 3133 1953 3188 ἀπά-

313 3219 479 3297 λειψιν
562 3222 624 3278 ἐκ
679 3219 891 3301 καρδίας
941 3223 1038 3290 τῆς
1100 3229 1337 3303 πονηρᾶς
1411 3222 1615 3289 ἐκείνης
1685 3221 1953 3303 ἐγγραφῆς

314 3312 395 3366 καὶ
420 3308 676 3391 βεϐήλου,
730 3300 797 3380 ἧς
840 3312 928 3368 καὶ
977 3300 1256 3391 τετύχηκεν
1294 3316 1649 3391 παραχρῆμα.
1693 3300 1955 3373 ’Δναστὰς

320 3400 407 3478 γὰρ
458 3410 555 3458 τοῦ
599 3400 765 3459 τόπου
814 3400 1032 3482 ἐκείνου,
1092 3398 1330 3476 οὐδαμῶς
1386 3398 1501 3459 οὒδέ
1554 3420 1683 3455 ποτε
1725 3398 1956 3469 ἠδυνήθη

317 3487 401 3543 ἀπ’
450 3487 659 3556 ἒκεὶνης
714 3495 814 3557 τῆς
869 3489 1009 3569 ὥρας
1068 3491 1262 3569 εἰπεῖν,
1319 3488 1356 3556 ἢ
1412 3486 1511 3544 κᾶν
1566 3487 1808 3555 ἐννοῆσαι
1856 3492 1956 3554 τῆς

318 3584 540 3656 πονηρᾶς
598 3578 802 3645 ἐκείνης
832 3575 1176 3658 χρησμῳδίας
1232 3578 1370 3652 μήτε
1425 3576 1624 3656 ἀρχὴν,
1680 3576 1816 3652 μὴτε
1863 3575 1957 3633 τέ·-

319 3662 424 3728 λος,
506 3675 698 3722 Απεισι
754 3664 810 3722 δὲ
857 3668 945 3723 καὶ
996 3668 1129 3746 πρὸς
1182 3666 1273 3722 τὸν
1330 3664 1494 3743 μεγαν
1550 3663 1802 3746 ἐργατην,
1872 3666 1960 3721 καὶ

318 3753 489 3828 βάλλει
516 3755 662 3828 αὐτῷ
691 3754 992 3836 μετάνοιαν,
1026 3751 1375 3832 ὰπαγγὲλλων
1403 3753 1469 3808 τὰ
1495 3753 1686 3813 πάντα.

392 4060 485 4149 ιγ’.
546 4062 606 4129 Ὀ
674 4068 731 4125 δὲ
815 4070 980 4150 γέρων
1046 4069 1311 4148 μειδιῶντί
1368 4077 1445 4145 τῷ
1471 4068 1740 4150 προσώπῳ
1794 4067 1954 4148 ἐκρά-

317 4180 465 4226 τησεν
512 4160 670 4215 αὒτόν
726 4165 820 4236 τῇς
882 4149 1073 4241 ίχειρὸς
1149 4162 1237 4217 καὶ
1314 4162 1455 4216 εὶπεν
1489 4149 1522 4188 ’ν
1569 4149 1850 4237 Ἀνδρίζου,
1910 4158 1955 4214 ὦ

316 4247 508 4323 τεκνον,
560 4245 793 4327 ἆνδρίζου
838 4251 927 4305 καί
971 4249 1331 4329 κραταιούσθω
1386 4250 1421 4317 ἡ
1478 4245 1659 4327 καρδία
1716 4268 1832 4327 σου,
1864 4241 1956 4302 καί

318 4337 583 4412 ιπόμεινον
631 4338 952 4414 πειρατμοὺς
1008 4344 1115 4395 τῶν
1169 4336 1455 4413 δαιμόνων,
1518 4334 1610 4391 ἵνα
1658 4335 1745 4390 καὶ
1796 4333 1951 4397 αὐτὸς

318 4423 623 4504 ἔτεκέ-θρέψας
700 4425 945 4504 στηρίξης
991 4425 1207 4483 πολλῶν
1280 4426 1459 4505 ψυχὰς
1532 4423 1586 4479 ἐν
1656 4427 1724 4498 τῇ
1796 4429 1952 4500 γενεᾷ

318 4534 425 4589 σου,
633 4514 721 4569 καὶ
768 4513 898 4577 ἅλας
960 4515 1023 4570 ἆν
1074 4513 1298 4594 δειχθεὶς
1354 4512 1406 4568 ἐν
1464 4517 1542 4587 τῷ
1596 4511 1783 4586 κόσμον
1833 4523 1949 4574 τοϊς

314 4599 696 4677 πλανωμένοις.
756 4603 853 4659 Καὶ
907 4604 1006 4683 γὰρ
1062 4602 1171 4681 ἐγὼ
1225 4599 1348 4658 οἶδα
1404 4600 1503 4667 τὴν
1558 4597 1620 4655 ἐκ
1665 4606 1763 4683 ’τοῦ
1822 4604 1952 4655 Θεοῦ

314 4686 551 4745 δοθεῖσάν
611 4711 694 4744 σοι
750 4680 1048 4770 ἀγχίνοιαν,
1105 4680 1194 4747 καὶ
1248 4689 1346 4756 τὴν
1393 4688 1548 4769 χάριν
1605 4680 1705 4743 τοῦ·
1742 4685 1901 4765 λόγου
1935 4706 1950 4720 °

314 4780 398 4833 καὶ
420 4776 591 4857 ’ἔγνων
632 4775 715 4833 ὅτι
761 4778 925 4857 ὀρθῶς
967 4776 1245 4841 διεκδικεῗς
1287 4780 1378 4833 τὸν
1428 4778 1627 4834 σκοπὸν
1658 4782 1749 4832 τοῦ
1780 4775 1950 4855 ἁγίου,

315 4862 472 4922 Ἀλλα
527 4862 851 4947 φοϐούμενος
921 4870 996 4944 μὴ
1060 4875 1138 4943 τῷ
1192 4872 1286 4944 τῇς
1369 4868 1590 4937 οἰήσεως
1666 4865 1818 4921 πάθει
1868 4867 1955 4921 καὶ

316 4962 529 5031 κρημνῷ
578 4953 891 5034 περιπέσῃς,
951 4955 1080 5035 ὅπερ
1137 4954 1393 5018 πολλάκις
1450 4954 1605 5010 εἴωθε
1662 4950 1953 5029 ξυμϐαίνειν

316 5057 425 5106 τοῖς
466 5044 607 5101 κατά
658 5044 720 5100 σὲ
766 5042 1143 5125 ταχυδρόμοις,
1203 5042 1415 5121 ἄμεινον
1469 5042 1687 5123 κέκρικα
1739 5041 1958 5123 εὔφραν-

316 5132 454 5208 θῇναί
508 5153 575 5209 με
631 5131 686 5189 ἐν
741 5139 819 5207 τῷ
876 5155 935 5189 σε
983 5132 1071 5191 ὑπ’
1129 5134 1257 5203 ἐμοῦ
1311 5132 1630 5210 λυπηθῇναι,
1698 5133 1870 5195 καθὼς
1927 5134 1956 5188 ὁ

315 5216 626 5285 Ἀπόστολος
683 5218 938 5299 διδάσκει,
990 5223 1027 5285 ἢ
1082 5225 1146 5280 τὸ
1194 5222 1345 5302 ἅγιον
1402 5227 1615 5298 Πνεῦμα
1668 5222 1803 5278 κατὰ
1864 5228 1956 5278 σοῦ

316 5303 597 5387 λωθῇναι
647 5310 702 5367 ἐν
746 5317 825 5386 τῷ
879 5333 940 5368 σε
994 5313 1164 5383 οἰήσει
1220 5313 1308 5369 καὶ
1360 5308 1769 5389 ὑψηλοφροσύνη
1817 5331 1953 5367 κατ-

318 5402 609 5479 ενεχθῆναι,
657 5409 833 5461 Ταῦτα
888 5402 976 5459 καὶ
1029 5399 1246 5458 πλείονα
1298 5401 1495 5457 τούτων
1551 5399 1773 5478 εἰρηκὼς
1822 5399 1952 5478 πρὸς

402 5728 456 5779 l0
485 5728 503 5791 1
538 5732 726 5793 Paial.
761 5747 966 5806 xxvm,
998 5730 1098 5794 20.
1195 5729 1241 5771 ¹¹
1273 5729 1492 5810 Ephes.
1526 5745 1604 5805 ιν,
1639 5730 1733 5794 30.

2032 1748 2162 1821 mus
2219 1732 2291 1792 ad
2341 1733 2732 1796 erudiendum
2793 1745 2867 1813 te,
2925 1737 3383 1821 docendumque
3431 1760 3669 1817 omnem

2030 1819 2361 1884 veritatem.
2394 1825 2766 1886 l’rotulerunt
2796 1844 2933 1906 ergo
2961 1827 3045 1888 illi
3076 1819 3299 1890 locum
3328 1829 3670 1910 quemdam,

2031 1919 2311 1989 quantum
2328 1912 2761 1976 autDominicm
2776 1916 2969 1996 precis
2981 1918 3441 1998 amplecteretur
3457 1922 3672 1997 oratio,

2038 2006 2092 2089 et
2133 1998 2556 2089 discesserunt.
2604 2002 2710 2065 Ille
2758 2023 2893 2067 sese
2931 2006 3237 2085 colligens,
3289 2026 3481 2089 neque
3512 2009 3672 2070 enim

2036 2086 2387 2161 dormiebat,
2408 2091 2800 2172 applaudebat
2818 2094 2931 2155 sibi
2947 2096 3187 2176 quidem
3206 2086 3444 2157 interim
3468 2098 3546 2159 de
3566 2097 3645 2158 im
3660 2133 3683 2142 -

2038 2182 2288 2255 portuno
2337 2178 2459 2240 viso
2501 2188 2559 2242 et
2587 2183 2942 2244 sententiam
2974 2184 3035 2244 in
3068 2202 3171 2245 ore
3200 2184 3474 2261 habebat,
3510 2185 3671 2261 licet,

2038 2264 2176 2343 quid
2195 2285 2302 2346 per
2317 2286 2446 2329 eam
2466 2269 2924 2349 significaretur,
2953 2292 3070 2334 non
3097 2275 3477 2351 examinaret,
3503 2275 3677 2355 idque

2038 2371 2144 2444 per
2172 2362 2355 2417 totum
2392 2368 2812 2421 nocturnarum
2843 2380 3086 2442 precum
3110 2367 3360 2444 spatium
3386 2381 3573 2444 usque
3602 2366 3673 2425 ad

2037 2443 2484 2509 illucescentem
2535 2450 2717 2511 diem.
2770 2451 2913 2514 Cum
2962 2471 3100 2514 vero
3145 2443 3553 2532 illucesseret,
3614 2453 3676 2514 in

2038 2551 2272 2596 summa
2295 2537 2474 2598 animi
2515 2538 2713 2619 quiete
2746 2549 3217 2620 perscrutaturus
3248 2543 3525 2603 latentem
3559 2543 3673 2603 vim

2038 2623 2313 2703 expositae
2340 2626 2449 2687 sibi
2482 2628 2789 2689 sententiae
2818 2630 3127 2710 comperit,
3176 2631 3330 2712 quod
3366 2630 3677 2711 putabatur

2038 2713 2176 2788 mel,
2203 2713 2561 2777 absinthium
2579 2718 3013 2779 amarissimum
3039 2727 3097 2779 et
3126 2719 3413 2780 occultam
3441 2720 3674 2781 theolo-

2031 2800 2184 2879 giam
2218 2803 2488 2864 hzeresim
2521 2824 2653 2867 esse
2687 2807 2996 2870 manifesto
3047 2808 3477 2889 pravissimam.
3511 2810 3676 2870 Tunc

1975 2890 2540 2985 capuli-viringenii
2566 2896 2849 2977 veloxque
2870 2897 2942 2958 ad
2974 2897 3431 2959 discernendum
3457 2916 3672 2979 purum

2034 2979 2105 3040 ab
2138 2979 2491 3059 adulterino,
2527 2985 2758 3063 cognita
2790 2984 3152 3066 nequissima
3194 2986 3403 3048 fraude
3431 2986 3674 3067 spirita-

2035 3068 2178 3130 lium
2212 3069 2465 3131 hostium
2516 3081 2574 3133 et
2619 3074 2910 3136 immensa
2951 3074 3049 3135 illa
3094 3075 3370 3151 versutia,
3418 3075 3674 3137 accurrit

2036 3158 2108 3220 ad
2136 3177 2372 3221 crucem
2402 3161 2746 3239 Salvatoris,
2780 3162 3101 3243 prosternit
3126 3182 3192 3226 se
3224 3163 3390 3225 humi
3420 3164 3675 3226 contrito

2040 3256 2095 3310 et
2125 3248 2333 3310 humili
2364 3250 2543 3313 corde
2576 3252 2721 3332 petit
2760 3252 2949 3314 deleri
2991 3253 3107 3314 sibi
3155 3271 3224 3315 ex
3252 3252 3461 3314 intimo
3491 3253 3674 3315 corde

2041 3338 2322 3400 nefariam
2372 3339 2532 3401 illam
2591 3349 2649 3403 et
2693 3341 2984 3424 impuram
3044 3342 3448 3423 scriptionem,
3515 3343 3671 3423 quod

2041 3427 2214 3488 etiam
2247 3429 2530 3491 continuo
2559 3429 2911 3513 impetravit.
2946 3433 3091 3497 Cum
3125 3431 3283 3493 enim
3316 3432 3390 3494 de
3413 3433 3544 3494 loco
3574 3433 3679 3496 illo

2042 3516 2348 3599 erexisset,
2383 3539 2681 3601 nunquam
2715 3541 2783 3584 ex
2824 3523 2927 3584 illa
2969 3524 3115 3584 hora
3145 3522 3333 3603 potuit
3361 3522 3526 3583 affari
3573 3530 3674 3583 aut

2040 3624 2318 3669 revocare
2337 3608 2651 3690 quidquam
2671 3612 2913 3673 omnino
2935 3613 2995 3673 in
3020 3612 3366 3673 memoriam
3383 3659 3397 3687 ,
3420 3611 3576 3692 quod
3600 3611 3674 3673 ad

2042 3714 2276 3776 pravam
2302 3696 2462 3758 illam
2483 3698 2902 3763 allocutionem
2924 3720 3158 3783 quoquo
3175 3700 3345 3761 modo
3357 3708 3673 3780 spectaret.

2038 3785 2290 3849 Accedit
2342 3805 2577 3869 quoque
2606 3791 2677 3852 ad
2715 3810 2987 3870 magnum
3038 3792 3166 3851 vitm
3195 3788 3506 3851 sanctioris
3534 3806 3680 3869 ope-

2038 3876 2260 3936 rarium
2320 3885 2381 3938 et
2433 3879 2728 3958 profunda
2789 3900 2929 3942 usus
2994 3879 3377 3942 inclinatione
3442 3877 3676 3956 singula

2037 3973 2297 4028 enarrat.

2121 4060 2216 4119 13.
2251 4057 2325 4119 At
2348 4078 2529 4123 senex
2571 4058 2888 4121 subridens
2934 4060 3342 4140 prehensaque
3371 4076 3546 4119 manu
3578 4057 3671 4119 di-

2036 4147 2158 4210 xit:
2195 4146 2251 4197 10
2279 4146 2543 4209 Viriliter
2571 4167 2700 4228 age,
2748 4148 2852 4223 ﬁli,
2906 4148 3153 4211 viriliter
3194 4165 3301 4227 age
3331 4157 3392 4208 et
3420 4147 3665 4215 confor-

2039 4243 2196 4298 tetur
2242 4256 2344 4298 cor
2377 4245 2539 4298 tuum
2572 4245 2630 4299 et
2656 4238 2881 4299 sustine
2911 4237 3244 4300 daemonum
3296 4236 3670 4313 tentationes,

2034 4334 2095 4386 ut
2114 4342 2437 4388 conversus
2455 4333 2513 4387 tu
2532 4327 2708 4388 etiam
2730 4327 3045 4388 confirmes
3073 4326 3133 4389 in
3165 4325 3549 4407 generatione
3581 4333 3677 4386 tua

2035 4416 2357 4475 multorum
2402 4414 2651 4492 animas,
2700 4415 2915 4497 luxque
2959 4416 3064 4476 ﬁas
3104 4425 3163 4477 et
3209 4416 3292 4477 sal
3340 4414 3401 4475 in
3452 4415 3674 4475 mundo

2035 4502 2388 4565 errantibus.
2422 4502 2569 4566 Novi
2603 4504 2876 4585 equidem
2909 4505 3120 4566 mentis
3162 4502 3583 4585 perspicaciam
3617 4509 3677 4563 et

2035 4609 2115 4652 se.
2143 4591 2331 4653 monis
2361 4593 2632 4673 gratiam,
2667 4612 2783 4675 qua
2825 4593 2983 4655 Deus
3032 4603 3088 4655 te
3138 4592 3399 4668 donavit,
3432 4600 3490 4653 et
3517 4590 3664 4662 scio,

2036 4687 2094 4741 te
2125 4688 2285 4743 recte
2327 4682 2647 4745 defendere
2699 4691 2955 4744 mentem
3000 4682 3186 4744 sancti
3228 4681 3509 4758 doctoris,
3565 4681 3670 4741 sed

2036 4768 2173 4849 quia
2191 4770 2492 4846 timebam,
2518 4791 2591 4834 ne
2615 4790 2823 4850 magna
2851 4772 2926 4833 de
2959 4771 3142 4853 teipso
3175 4771 3360 4832 elatus
3390 4768 3668 4850 opinione

2039 4876 2301 4940 praeceps
2316 4879 2545 4935 rueres,
2565 4861 2722 4941 quod
2737 4879 2894 4941 sape
2925 4860 3010 4922 tui
3041 4859 3337 4922 similibus
3365 4856 3677 4919 velocitate

2037 4948 2256 5025 ingenii
2287 4950 2698 5030 praastantibus
2727 4949 2964 5012 evenire
2994 4950 3166 5026 solet,
3202 4949 3383 5011 satius
3413 4946 3575 5026 duxi,
3625 4955 3680 5009 te

2039 5036 2865 5116 contristandomeoblectari,
2898 5038 3399 5120 quemadmodum
3430 5037 3676 5116 Aposto-

2038 5125 2129 5186 lus
2151 5126 2323 5190 docet
2352 5129 2426 5209 Μ,
2462 5146 2636 5209 quam
2654 5127 2937 5210 Spiritum
2973 5135 3239 5190 sanctum
3274 5128 3422 5188 dete
3445 5124 3674 5186 contri-

2039 5215 2204 5291 stari,
2239 5216 2290 5278 si
2316 5217 2538 5281 tumida
2569 5218 3000 5281 existimatione
3022 5215 3420 5298 superbiaque
3442 5215 3680 5276 inflatus

2037 5325 2371 5370 corrueres.
2405 5307 2509 5370 His
2521 5308 2768 5390 aliisque
2782 5306 3048 5390 pluribus
3070 5307 3141 5368 ad
3156 5325 3288 5367 eum
3321 5324 3462 5366 usus
3481 5302 3679 5365 verbis

2037 5404 2096 5459 et
2125 5403 2396 5477 precatus
2438 5396 2494 5459 ei
2532 5402 2753 5480 optima
2783 5414 3052 5479 quaeque,
3083 5413 3216 5457 cum
3240 5391 3678 5457 benedictioni-
