3966 6148
235 254 315 328 39
1692 252 2052 323 ANONYMI
3531 254 3611 326 4ο

236 380 346 443 bus
376 381 606 444 dimisit
652 383 712 445 in
757 400 924 464 pace.
982 378 1230 445 Sanctus
1275 398 1416 444 vero
1464 381 1642 444 Pater
1671 384 1874 441 noster

1985 377 2141 455 ιῦτὸν,
2201 378 2547 464 ἐπευξάμενός
2620 398 2679 435 τε
2733 378 2821 435 καὶ
2895 374 3187 458 εὔλογήσας
3244 377 3500 436 ἀπέλυσεν
3555 378 3609 435 ἐν

234 471 404 534 Nilus
435 470 662 552 majora
689 470 752 533 in
781 470 909 533 dies
944 470 1315 533 incrementa
1345 469 1568 532 faciens
1596 468 1669 530 ad
1703 467 1879 530 altio-

235 577 335 620 res
365 559 641 621 virtutum
685 559 926 639 gradus,
960 557 1176 640 quibus
1203 559 1379 620 homo
1409 556 1637 620 accedit
1667 561 1738 618 ad
1775 552 1880 618 Dei

231 647 705 729 similitudinem,
765 648 978 710 amavit
1033 647 1208 710 etiam
1277 647 1558 709 virtutum
1612 644 1881 707 omnium

236 743 483 798 matrem
501 737 907 813 solitudinem,
944 736 1200 817 majores
1222 754 1291 798 ex
1324 754 1393 797 ea
1421 732 1652 797 divitias
1680 733 1880 795 lucra-

234 832 399 886 turus
430 833 487 886 et
509 825 866 888 immensum
898 825 1205 906 sapientiae
1235 824 1563 887 cumulum.
1598 822 1669 886 Et
1714 839 1883 883 com-

239 913 558 976 municatio
590 914 835 976 consilio
868 933 975 976 suo
1007 933 1139 976 cum
1170 913 1388 975 sanctis
1410 911 1686 974 Patribus
1722 910 1886 991 (age-

237 999 334 1062 bat
351 1003 509 1063 enim
529 1002 702 1084 nihil,
734 1002 852 1064 illis
874 1001 1277 1081 inconsanltis),
1311 1006 1614 1062 annuente
1644 999 1883 1060 illorum

238 1090 572 1171 prudentia,
638 1089 1035 1172 precibusque
1091 1088 1539 1170 opitulantibus,
1600 1086 1756 1168 quod
1814 1085 1874 1146 in

236 1179 666 1242 consultatione
694 1186 840 1259 erat,
873 1178 1176 1242 decretum
1204 1178 1332 1241 fuit.
1373 1179 1473 1239 Est
1522 1195 1639 1238 non
1672 1173 1876 1257 procul

237 1286 271 1328 a
293 1267 670 1331 monasteriis
690 1268 973 1349 spelunca
987 1268 1239 1329 summis
1262 1268 1321 1328 in
1349 1266 1620 1347 rupibus,
1652 1264 1879 1327 habens

238 1375 472 1439 quoque
498 1356 806 1419 aediculam
845 1356 1120 1418 Michaeli
1150 1355 1504 1435 archangelo
1547 1350 1674 1436 (16)
1707 1352 1878 1415 dica-

238 1444 744 1519 tam,solitudinis
787 1445 1067 1507 studiosis
1113 1444 1442 1527 aptissima.
1497 1443 1565 1506 In
1597 1443 1749 1505 hanc
1776 1441 1878 1503 ille

238 1532 580 1596 fortitudine
610 1533 884 1616 inclytus,
938 1543 1242 1615 assumpto
1292 1534 1478 1595 Heliae
1507 1532 1632 1595 zelo
1664 1539 1722 1594 et
1751 1528 1876 1593 He-

240 1621 417 1683 lissaei
451 1624 786 1699 tolerantia,
819 1623 1556 1704 sanctorumqueomnium
1572 1618 1875 1703 patientia,

1963 469 2167 548 εἰρήνῃ.
2232 460 2290 528 Ὀ
2343 466 2397 525 δὲ
2469 467 2610 530 ὅσιος
2672 467 2855 548 Πατὴρ
2925 469 3081 544 ἡμων
3139 466 3329 532 Νεῖλος
3387 466 3465 526 ἔτι
3520 469 3608 525 καὶ

1965 556 2041 614 ἔτι
2109 558 2421 638 προκόπτων
2493 557 2583 613 καί
2654 554 3003 633 αὐξανόμενος
3071 569 3193 621 ταῖς
3260 557 3397 614 κατά
3470 557 3598 614 Θεόν

1965 644 2247 708 ἀναϐάσεσι
2307 647 2397 704 καὶ
2464 645 2737 720 θεώσεσιν,
2811 646 3013 724 ἠράσθη
3085 647 3173 702 καὶ
3237 650 3334 723 τῇς
3407 648 3607 726 μητρὸς

1967 740 2151 794 πασῶν
2205 740 2309 791 τῶν
2384 735 2584 814 ἀρετῶν
2653 733 2906 813 ἡσυχίας,
2982 732 3196 791 πλείονα
3268 733 3494 794 πλοῦτον
3551 734 3609 791 ἐκ

1966 824 2160 892 ταύτης
2215 824 2417 905 ἰσχύων
2492 819 2741 903 κερδῇσαι
2812 823 2902 879 καὶ
2957 820 3171 903 ἄπειρον
3245 825 3455 904 σοφίαν.
3513 825 3611 882 Καὶ

1966 920 2119 970 τοῦτο
2171 913 2373 976 ἀναθεὶς
2436 925 2554 976 τοῖς
2605 911 2775 989 ἁγίοις
2849 911 3107 991 Πατράσι,
3177 909 3260 968 διὰ
3325 914 3387 968 τὸ
3442 913 3611 969 πάντα

1967 1004 2101 1079 μετά
2129 1001 2322 1079 βουλῇς
2378 1000 2548 1057 αὒτῶν
2604 999 2879 1078 πράττειν,
2914 1005 2982 1077 τῇ
3040 1000 3211 1058 αὐτῶν
3269 999 3470 1058 συνέσει
3525 1001 3614 1058 καὶ

1961 1091 2232 1171 δι’,εύχῶν
2277 1090 2517 1170 συνεργίᾳ
2569 1090 2631 1144 τὸ
2688 1087 2962 1166 βουλευθὲν
3022 1089 3282 1169 ἐκυρώθη.
3338 1089 3612 1161 Σπήλαιον

1959 1182 2015 1240 δέ
2072 1182 2211 1237 ἔστιν
2270 1179 2328 1235 ού
2386 1178 2589 1257 μακρὰν
2644 1184 2750 1233 τῶν
2805 1179 3196 1258 μοναστηρίων,
3257 1177 3310 1235 ἐν
3365 1186 3442 1254 τῷ
3489 1178 3609 1255 ὕψει

1959 1278 2050 1329 τοῦ
2096 1275 2334 1350 κρημνοῦ
2388 1266 2738 1344 διακείμενον,
2796 1265 2926 1348 ἕχον
2975 1267 3028 1325 ἐν
3083 1269 3224 1345 αὒτῷ
3278 1269 3367 1325 καὶ
3423 1272 3609 1328 θυσια-

1961 1360 2173 1440 στήριον
2228 1354 2311 1414 ἐπ’
2387 1358 2607 1433 όνὸματι
2682 1362 2777 1413 τοῦ
2849 1357 3281 1438 ἀρχιστρατήγου
3361 1358 3609 1438 Μιχαὴλ,

1958 1449 2093 1507 πάνυ
2147 1448 2278 1526 πρὸς
2332 1445 2560 1526 ἡσυχίαν
2620 1443 2677 1502 ὅν
2735 1443 3032 1516 ἐπιτήδειον
3084 1460 3203 1510 τοῖς
3272 1445 3611 1514 επιτηδείοις.

1960 1538 2050 1595 Ἐν
2072 1536 2241 1609 τούτῳ
2289 1542 2366 1610 τῷ
2420 1532 2666 1608 σπηλαίῳ
2720 1537 2748 1591 6
2797 1532 3035 1615 ἀνδρεῖος
3080 1535 3283 1599 ἐκεῖνος
3335 1532 3612 1592 ἀναλαϐὼν

1963 1618 2145 1683 ιΗλιοῦ
2172 1625 2263 1681 τὸν
2318 1621 2504 1699 ζῇλον,
2531 1623 2620 1679 καὶ
2651 1619 2949 1680 Ἐλισσαίου
2977 1624 3076 1692 τὴν
3104 1624 3401 1704 καρτερίαν,
3429 1625 3527 1691 τὴν
3556 1646 3613 1681 τε

239 1712 442 1773 sedem
476 1711 1458 1792 positurusascenditmaximocum
1483 1710 1697 1791 gaudio
1727 1727 1878 1771 sum-

1985 1713 2231 1790 ηπομονὴν
2273 1713 2484 1769 πάντων
2533 1716 2641 1767 τῶν
2686 1711 2874 1790 ἁγίων,
2928 1711 3210 1792 ἀνέρχεται
3278 1713 3613 1782 κατοικήσων

233 1816 444 1879 maque
488 1799 811 1865 alacritate.
846 1799 912 1861 In
943 1819 1011 1862 ea
1059 1798 1385 1861 solitariam
1416 1800 1591 1862 vitam
1622 1798 1872 1872 ducens,

1959 1804 2094 1878 μετὰ
2121 1801 2376 1867 πλειστης
2425 1805 2597 1881 χαρᾶς
2639 1820 2697 1855 τε
2744 1801 2832 1856 καὶ
2877 1802 3195 1880 προθυμίας.
3251 1798 3340 1859 Ἐν
3381 1804 3427 1875 ᾧ
3480 1802 3614 1858 κατὰ

231 1887 538 1970 Deumque
571 1890 938 1970 praestolans,
971 1890 1090 1950 imo
1119 1897 1255 1951 ante
1285 1889 1450 1951 illum
1500 1896 1661 1951 stans
1691 1894 1748 1949 et
1777 1886 1876 1949 in-

1985 1893 2124 1956 ιόνας
2153 1889 2516 1966 αὐλιζόμενος,
2560 1890 2649 1945 καὶ
2693 1890 2782 1945 τὸν
2828 1891 2957 1947 Θεὸν
3006 1888 3436 1970 προσδεχόμενος
3468 1888 3611 1967 μᾶλ-

233 1976 526 2040 visibilem
581 1987 862 2058 tanquam
920 1978 1211 2040 visibilem
1268 1996 1543 2056 cernens,
1593 1976 1775 2038 multa
1820 1983 1878 2039 et

1985 2003 2051 2038 ,ον
2109 1978 2154 2036 δ’
2191 1979 2414 2037 ἐνώπιον
2461 1976 2618 2034 αὐτοῦ
2664 1979 3078 2058 παριστάμενος,
3109 1980 3198 2037 καὶ
3243 1980 3333 2035 τὸν
3390 1978 3612 2059 ἀόρατον

237 2066 492 2130 maxima
545 2069 871 2130 certamina
912 2068 1160 2131 viriliter
1203 2067 1572 2148 decertavit;
1631 2067 1876 2128 studens

1985 2092 2031 2134 υς
2063 2070 2250 2149 ὁρατὸν
2293 2066 2688 2147 πρυορώμενος,
2737 2066 2964 2132 πολλοὺς
3006 2070 3094 2125 καὶ
3139 2069 3413 2146 μεγίστους
3457 2067 3611 2147 ἀερῶ-

234 2155 631 2237 antiquiorum
664 2158 929 2219 omnium
969 2165 1308 2220 sanctorum
1354 2157 1772 2237 justorumque
1813 2154 1872 2216 in

1988 2180 2049 2223 ας
2100 2156 2351 2238 ἀνδρικῶς
2404 2154 2722 2231 ἐπεδείξατο,
2780 2156 2992 2215 πάντων
3044 2162 3149 2213 τῶν
3210 2156 3615 2236 προηγωνισμέ-

241 2244 609 2318 perferendis
641 2246 943 2309 laboribus
985 2264 1335 2327 comparare
1384 2245 1495 2307 sibi
1543 2245 1789 2307 virtutes
1817 2252 1877 2307 et

238 2333 618 2416 merita,quae
640 2336 835 2397 nullus
850 2334 1160 2398 autverbis
1182 2335 1517 2416 exprimere
1544 2341 1742 2414 queat,
1776 2341 1877 2395 aut

234 2420 472 2502 scriptis
507 2425 809 2498 mandare,
843 2442 913 2486 eo
946 2424 1103 2502 quod
1139 2424 1198 2484 in
1230 2424 1460 2486 occulto
1491 2423 1642 2484 facta
1682 2422 1874 2484 solum

236 2508 400 2570 illum
446 2530 565 2572 non
610 2515 849 2589 lateant,
902 2512 1003 2593 qui
1048 2512 1209 2573 videt
1250 2512 1525 2574 occulta:
1578 2509 1695 2571 nisi
1744 2511 1876 2591 quis

237 2613 304 2657 ea
335 2600 630 2680 conjectet
655 2618 725 2662 ex
758 2602 876 2663 ﬁne
894 2609 949 2663 et
980 2600 1369 2662 retributione
1400 2613 1666 2680 paterna.
1708 2624 1732 2655 α
1769 2598 1875 2661 Pa-

237 2697 330 2746 ter
359 2687 542 2765 enim,
579 2689 773 2770 inquit
819 2690 892 2765 49,
946 2699 1104 2766 tuus,
1152 2694 1251 2771 qui
1312 2689 1473 2751 videt
1517 2688 1578 2750 in
1626 2687 1877 2749 abscon-

238 2772 385 2847 dito,
422 2777 633 2839 reddet
664 2777 771 2840 tibi
818 2780 880 2840 in
931 2777 1265 2841 manifesto.
1317 2799 1347 2839 »
1400 2780 1467 2838 Et
1513 2795 1720 2838 rursus
1774 2777 1871 2838 l3:

243 2887 268 2917 α
303 2860 674 2948 Quicumque
690 2867 1108 2947 gloriﬁcaverit
1140 2886 1255 2942 me,
1281 2865 1621 2947 gloriﬁcabo
1644 2882 1806 2927 eum.
1845 2884 1876 2926 ›

328 3044 422 3107 14.
460 3040 605 3104 Nam
637 3043 769 3124 quis
799 3050 1017 3106 tantam
1051 3050 1404 3106 consecutus
1430 3051 1517 3106 est
1545 3046 1790 3125 gloriam
1822 3055 1881 3109 et

240 3134 525 3196 honorem
561 3131 620 3193 in
649 3133 1035 3212 generatione
1064 3132 1198 3209 hac,
1226 3141 1500 3213 quantam
1536 3134 1740 3197 beatus
1782 3135 1880 3197 hic

237 3223 325 3283 vir
354 3239 471 3281 non
505 3220 680 3282 modo
704 3241 740 3282 a
769 3221 1120 3284 Christianis
1151 3223 1390 3302 regibus
1419 3231 1479 3285 et
1511 3225 1881 3306 principibus

237 3309 585 3393 patriarchis
616 3323 676 3371 et
705 3311 1107 3390 pontiﬁcibus,
1144 3310 1266 3373 sive
1289 3311 1507 3374 nostris
1539 3312 1661 3375 sive
1684 3321 1882 3377 exter-

236 3400 350 3475 nis,
385 3397 490 3460 sed
522 3397 697 3459 etiam
730 3398 802 3460 ab
835 3398 1173 3461 inﬁdelibus
1204 3401 1488 3481 tyrannis,
1525 3400 1883 3465 Sarraceno-

232 3506 390 3561 rum,
447 3485 715 3568 inquam,
766 3486 1073 3567 dynastis?
1104 3487 1177 3549 Hi
1203 3507 1343 3550 sane
1374 3489 1460 3551 vel
1492 3490 1714 3552 nudum
1752 3493 1883 3571 ejus

235 3594 453 3637 nomen
470 3575 530 3636 in
555 3575 776 3636 honore
811 3575 1132 3652 habebant,
1156 3576 1293 3658 quia
1312 3587 1660 3658 praasentem
1683 3580 1883 3642 videre

234 3683 350 3726 non
384 3670 679 3744 poterant.
731 3661 869 3725 Haec
918 3666 1119 3726 omnia
1160 3666 1495 3728 certissima
1540 3676 1676 3730 sunt
1712 3687 1883 3748 argu-

236 3763 434 3815 menta
474 3752 896 3814 ferventissimi
942 3772 1081 3832 erga
1123 3757 1312 3817 Deum
1359 3756 1603 3831 amoris,
1643 3756 1881 3838 depres-

234 3843 404 3922 sique
455 3840 660 3916 animi,
715 3860 831 3922 quo
880 3841 1278 3905 sublimantur
1325 3843 1618 3919 homines,
1656 3847 1878 3908 multo-

233 3948 484 4011 rumque
518 3929 886 4010 jejuuiorum
920 3938 978 3991 et
1007 3930 1337 4009 vigiliarum
1368 3939 1427 3993 et
1455 3932 1880 4013 profundarum

232 4019 707 4081 incurvationum
726 4026 784 4079 et
810 4019 1257 4082 innumerorum
1276 4020 1581 4100 affligendi
1614 4023 1882 4104 corporis

238 4107 575 4188 modorum,
608 4125 839 4168 necnon
870 4109 1241 4171 aestuantium
1274 4109 1666 4173 tentationum
1699 4130 1880 4193 oppu-

236 4195 699 4276 gnationumque
716 4194 1070 4276 spiritalium
1092 4196 1527 4260 etsensibilium
1547 4202 1882 4281 etcorporis

1960 2269 2060 2305 νων
2091 2247 2248 2303 ὁσίων
2270 2266 2328 2303 τε
2356 2246 2443 2301 καὶ
2471 2242 2682 2302 δικαίων
2729 2246 2822 2309 τὰς
2865 2245 3051 2325 ἀρετὰς
3098 2247 3187 2307 καὶ
3213 2246 3281 2302 τὰ
3331 2243 3462 2302 ἆθλα
3489 2244 3612 2301 ἀνα-

1960 2336 2216 2414 μάξασθαι
2272 2333 2526 2391 σπεύδων
2581 2332 2715 2414 όίπερ
2767 2332 2928 2398 οὔδεὶς
2984 2336 3057 2392 ὢν
3105 2335 3322 2415 ἰσχύσαι
3377 2357 3413 2401 η
3466 2332 3610 2413 λόγῳ

1959 2425 2173 2505 φράσαι,
2233 2423 2270 2493 ἢ
2338 2428 2514 2504 γραφῇ
2580 2422 2921 2503 παραδοῦναι,
2990 2421 3074 2479 διὰ
3144 2426 3205 2480 τὸ
3282 2421 3336 2477 ἐν
3412 2429 3615 2502 κρυπιῷ

1960 2515 2106 2590 μόνῳ
2155 2521 2231 2588 τῷ
2286 2513 2352 2569 τὰ
2407 2513 2610 2591 κρυπτὰ
2662 2512 2816 2571 εἰδότι
2873 2512 3375 2593 προσαναφέρεσθαν
3439 2514 3483 2569 εἰ
3535 2513 3610 2587 μή

1958 2603 2059 2659 πού
2107 2624 2186 2666 τις
2242 2608 2406 2658 ταῦτα
2456 2601 2561 2658 ἀπὸ
2613 2607 2706 2658 τοῦ
2754 2599 2934 2664 τέλους
2983 2603 3327 2682 τεκμῄροιτο,
3378 2599 3605 2658 τουτέστι

1958 2695 2054 2767 τῇς
2109 2690 2252 2769 παρὰ
2306 2695 2398 2747 τοῦ
2447 2696 2578 2746 Θεοῦ
2627 2688 2804 2764 δόξης,
2853 2691 2942 2747 καὶ
2987 2696 3083 2767 τῇς
3137 2694 3397 2770 πατρικῆς
3446 2690 3611 2745 ἀντα-

1958 2777 2249 2843 ποδόσεως.
2284 2801 2313 2834 α
2349 2770 2405 2837 Ὀ
2456 2781 2638 2859 Πατήρ
2687 2802 2778 2836 σου
2827 2779 2951 2860 γὰρ,
3005 2780 3185 2861 φησὶν,
3232 2782 3259 2836 6
3305 2777 3512 2856 βλέπων
3556 2779 3611 2834 ἐν

1959 2875 2036 2945 τῷ
2083 2875 2320 2947 κρυπτῷ,
2364 2865 2624 2924 ἀποδώσει
2679 2890 2762 2926 σοι
2821 2867 2876 2924 ἐν
2930 2876 3007 2945 τῷ
3060 2876 3268 2949 φανερῷ
3300 2869 3430 2925 ’καὶ
3484 2868 3606 2932 τοὺς

1898 2969 1941 3035 C
1962 2955 2268 3038 δοξάζοντας
2300 2978 2391 3033 με,
2424 2958 2574 3038 φησὶ,
2606 2955 2832 3023 δοξάσω.
2870 2980 2899 3014 ι

2042 3036 2131 3107 ιδ’.
2164 3055 2254 3108 Τις
2297 3042 2342 3102 δ’
2385 3036 2568 3109 οὕτως
2607 3044 2853 3114 ἐδοξάσθη
2911 3047 2999 3103 καὶ
3057 3043 3285 3122 ἐτιμήθη
3317 3045 3370 3102 ἐν
3402 3052 3470 3123 τῇ
3523 3067 3612 3125 γε-

1962 3138 2053 3209 νεᾷ
2105 3134 2297 3210 ταύτῃ,
2355 3136 2427 3197 ὡς
2484 3136 2513 3191 6
2570 3135 2825 3215 μακάριος
2894 3136 3088 3216 οτῦτοςς
3142 3135 3201 3191 οὒ
3255 3135 3415 3211 μόνον
3472 3136 3612 3215 παρά

1960 3231 2163 3282 πιστῶν
2217 3222 2477 3300 βασιλέων
2535 3225 2624 3280 καὶ
2696 3224 2996 3305 ἀρχόντων,
3079 3231 3424 3305 πατριαρχῶν
3483 3227 3615 3300 ὁμοῦ

1961 3314 2051 3370 καὶ
2119 3310 2431 3392 ἀρχιερέων,
2509 3311 2790 3393 ὁμοιρύλων
2871 3316 2960 3370 καὶ
3039 3313 3144 3393 οὔχ
3227 3311 3611 3392 ὁμογλώσσων,

1962 3400 2098 3459 ἀλλὰ
2149 3402 2236 3458 καὶ
2296 3402 2438 3480 παρᾶ
2512 3408 2617 3459 τῶν
2691 3401 2925 3460 ἀπίστων
3002 3403 3290 3483 τυράννων,
3352 3399 3495 3479 λέγω
3547 3399 3611 3468 δη

1959 3496 2066 3547 τῶν
2120 3488 2474 3568 Σαῤῥακηνῶν
2545 3488 2954 3571 φυλαρχούντων
2987 3506 3002 3523 ⁸
3065 3488 3261 3555 οἵτινες
3338 3491 3486 3568 μόνῳ
3538 3497 3615 3565 τῷ

1961 3579 2179 3656 ὀνόματι
2244 3584 2403 3657 αυτοῦ
2473 3579 2635 3654 τιμὴν
2712 3579 3005 3657 ἀπεδίδουν,
3085 3579 3267 3648 ἐπειδὴ
3348 3586 3444 3657 τῇς
3495 3578 3614 3644 θέας

1960 3645 2233 3746 ἠμόίρουν.
2287 3645 2547 3748 ἸΕλεγχος
2597 3645 2660 3725 δὲ
2717 3676 2882 3727 ταῦτα
2933 3645 3107 3731 πάντα
3159 3645 3267 3747 τῇς.
3312 3645 3417 3726 τού
3432 3667 3614 3750 ἀνδρὸς

1958 3758 2089 3836 πρὸς
2141 3757 2270 3813 Θεὸν
2326 3754 2573 3836 διαπύρου
2631 3756 2868 3839 ἀγάπης,
2927 3759 3017 3815 καὶ
3070 3763 3165 3835 τῇς
3212 3758 3474 3834 ὒψοποιοῦ
3524 3780 3617 3814 τα-

1960 3844 2394 3925 πεινοφροσύνης,
2489 3845 2579 3902 καὶ
2645 3851 2751 3902 τῶν
2846 3844 3059 3903 πολλῶν
3150 3852 3434 3921 νηστειῶν,
3527 3848 3615 3903 καὶ

1961 3934 2261 4014 ἀγρυπνιῶν
2314 3933 2403 3989 καὶ
2478 3939 2771 4009 μετανοιῶν
2826 3935 2916 3991 καὶ
2984 3940 3292 4014 κακουχιῶν
3326 3952 3342 3968 ’
3376 3933 3436 3989 οὗ
3510 3936 3617 4011 μὴν

1962 4019 2018 4077 δὲ
2061 4020 2197 4078 ἀλλὰ
2255 4022 2344 4077 καὶ
2387 4027 2494 4078 τῶν
2546 4019 2792 4101 ἐμπύρων
2842 4028 3174 4102 πειρασμῶν,
3227 4022 3319 4079 καὶ
3366 4020 3617 4099 πολέμων

1961 4116 2167 4178 νοητῶν
2242 4111 2329 4167 καὶ
2412 4112 2639 4191 ὁρατῶν,
2713 4112 2802 4168 καὶ
2886 4112 3201 4188 νοσημάτων
3275 4117 3614 4193 σωματικῶν,

1961 4206 2067 4257 τῶν
2119 4199 2261 4280 παρὰ
2319 4204 2426 4256 τῶν
2499 4200 2811 4277 πνευμάτων
2886 4207 2983 4278 τῇς
3057 4201 3312 4279 πονηρίας
3387 4201 3618 4281 ἰσχυρῶς

236 4282 706 4363 aegrotationum,
726 4301 872 4364 quas
900 4285 991 4347 illi
1019 4303 1275 4366 nequam
1294 4286 1538 4367 spiritus
1550 4289 1876 4352 vehemen-

1985 4288 2106 4364 ιῦτῷ
2152 4287 2566 4368 ἐπενεχθέντων,
2617 4286 2701 4346 διὰ
2749 4290 2810 4346 τὸ
2860 4288 3071 4366 μέλλειν
3116 4290 3274 4347 αὒτὸν
3324 4287 3618 4347 ἀναϐαίνειν

237 4380 326 4433 tes
371 4370 663 4447 inﬂixere,
713 4372 869 4452 quod
916 4391 1271 4435 ascensurus
1319 4373 1446 4455 ipse
1478 4378 1718 4441 essetin
1749 4397 1879 4441 eam

236 4460 925 4552 sublimitatem,_de_qua
956 4462 1043 4523 illi
1071 4463 1361 4527 exturbati
1390 4475 1545 4529 sunt.
1582 4466 1696 4531 Sed
1728 4490 1881 4552 quo-

238 4550 398 4610 niam
433 4568 502 4612 ex
531 4549 730 4611 mnltis
758 4550 830 4611 ab
863 4569 932 4612 eo
960 4551 1245 4631 praeclare
1276 4553 1459 4632 gesnis
1490 4575 1675 4636 pauca
1710 4549 1879 4623 com-

237 4656 570 4730 memorare
586 4646 852 4730 oportet,
885 4648 1171 4722 quotquot
1202 4641 1373 4704 nobis
1400 4643 1682 4729 indignis,
1734 4667 1885 4730 quos

235 4743 312 4789 ex
352 4726 552 4788 animo
585 4726 711 4808 ipse
741 4728 968 4804 dilexit,
1002 4748 1121 4791 non
1154 4731 1480 4795 mentiente
1510 4726 1713 4815 lingua
1740 4726 1882 4802 nar-

237 4817 386 4878 ravit
434 4815 586 4898 (l7),
623 4817 1047 4883 cohortationis
1072 4837 1212 4901 ergo
1241 4821 1313 4884 ad
1346 4824 1608 4904 potiores
1637 4826 1887 4895 virtutes

322 4976 375 5022 19
405 4978 621 5044 Matth.
648 4996 733 5053 v1,
774 4980 867 5046 l8.
953 4980 1011 5033 ‘3
1041 4981 1066 5047 Ι
1108 4980 1253 5064 Reg.
1295 4999 1359 5061 ll,
1394 4981 1494 5051 30.

1963 4379 2036 4441 εἰς
2083 4375 2238 4453 ὕψος,
2293 4375 2406 4434 ὅθεν
2455 4376 2636 4434 ἐκεῖνα
2699 4377 2963 4447 κατῆλθον
2995 4398 3009 4414 ⁸
3045 4376 3227 4447 ἐπειδὴ
3280 4377 3335 4435 δὲ
3391 4377 3451 4436 ἐκ
3479 4378 3616 4436 πολ-

1963 4466 2072 4523 λῶν
2126 4471 2230 4524 τῶν
2283 4465 2479 4523 ἐκείνου
2549 4469 2968 4547 κατορθωμάτων
3042 4466 3195 4546 ὀλίγα
3265 4465 3349 4525 δεῖ
3415 4491 3622 4545 μνημο-

1964 4563 2164 4625 νεῦσαι,
2225 4552 2323 4612 ὅσα
2397 4557 2532 4632 ἡμῖν
2596 4569 2715 4619 τοϊς
2792 4556 3012 4623 ἀναξίως
3089 4556 3232 4632 αύτῷ
3290 4555 3351 4613 ἐκ
3403 4555 3618 4636 καρδίας

1966 4645 2319 4723 ἆγαπηθεϊσιν
2345 4645 2381 4714 ἡ
2424 4642 2655 4720 ἀψευδὴς
2706 4645 2877 4702 αὒτῶν
2908 4645 2961 4702 εἴ
3007 4666 3137 4725 ρηκε
3187 4643 3424 4725 γλῶσσα,
3479 4668 3617 4725 προ-

1965 4738 2166 4813 τροπῇς
2242 4730 2394 4789 ἕνεκα
2464 4737 2563 4800 τῆς
2626 4734 2783 4810 ἡμῶν
2860 4734 3150 4814 προθυμίας
3223 4738 3323 4801 τῆς
3401 4734 3474 4797 εἰς
3554 4737 3621 4792 τά

1966 4821 2188 4901 κρείττω
2244 4821 2381 4879 κατὰ
2444 4823 2564 4886 τοὺς
2645 4827 2751 4881 τῶν
2817 4821 3123 4881 παλαιστῶν
3192 4820 3229 4889 ἢ
3284 4819 3620 4898 πολεμιστῶν

1608 5146 1866 5216 Joannis
1900 5151 2030 5219 Glei
2063 5158 2250 5220 notae.

327 5299 452 5384 (t5)
481 5298 630 5365 Tum
661 5302 759 5367 hic
783 5311 906 5367 tum
939 5303 1155 5387 passim
1199 5302 1341 5368 alibi
1372 5305 1691 5373 observare
1719 5310 1879 5390 licet,

242 5389 637 5472 biographum
670 5411 768 5456 res
795 5404 989 5474 gestas
1015 5393 1229 5457 ordine
1261 5398 1565 5477 temporis,
1601 5419 1717 5480 quo
1748 5389 1887 5464 con-

245 5482 525 5583 tigerunt,
583 5500 700 5545 non
760 5503 1023 5559 narrare,
1088 5492 1149 5547 et
1223 5485 1485 5567 prolepsi
1540 5488 1888 5571 frequenter

247 5579 360 5635 uti.

330 5660 455 5747 (16)
508 5658 647 5727 Haec
677 5669 816 5728 sunt
852 5662 1257 5731 verisimiliter
1301 5665 1570 5746 exordia,
1603 5667 1886 5748 emnobii,

1966 5313 2126 5395 quod
2175 5333 2210 5378 a
2259 5312 2327 5379 S.
2376 5313 2665 5403 Michaele
2711 5313 2937 5379 ibidem
2987 5314 3358 5380 nominatum
3408 5317 3615 5403 fuisse,

1964 5403 2111 5466 dicit
2139 5404 2412 5484 Agresta.
2445 5402 2596 5469 Vide
2631 5414 2755 5471 not.
2796 5407 2894 5470 14.

2049 5494 2175 5575 (17)
2222 5492 2524 5557 Habemus
2574 5493 2672 5558 hic
2723 5493 2927 5577 procul
2978 5493 3162 5558 dubio
3214 5494 3608 5579 biographum

1970 5590 2177 5647 sancto
2204 5601 2316 5648 0οΠ
2324 5592 2771 5666 temporaueum
2784 5634 2798 5649 .

3942 3896 3951 3955 ξ

3946 3970 3951 4019 ξ

3942 4028 3953 4077 Ξ

3942 4080 3951 4101 ι·

3942 4120 3953 4193 Ξ

3942 4202 3951 4227 ι

3942 4238 3953 4265 Β

3942 5178 3957 5347 Ξ

3944 5350 3959 5405 ἰ

3946 5480 3955 5491 .

3942 5752 3966 5841 ὲ
