3966 6148
259 197 331 262 51

1758 189 2114 255 ANONYMI

3539 186 3640 249 52

258 329 381 410 egit
412 328 697 411 quidquid
727 327 843 390 sibi
861 327 1038 390 Pater
1065 326 1433 408 praedixerat,
1477 332 1535 388 et
1564 324 1734 406 paulo
1760 331 1911 407 post.

1999 345 2131 389 ιενος
2200 326 2565 406 ἀνεχώρησεν,
2639 330 2727 384 καὶ
2788 326 3142 407 πεπλήρωκεν
3199 324 3466 388 ἱδιοτελῶς
3523 322 3641 379 ὅσα

263 418 532 480 moritur.
568 416 825 481 δοηοῑυε
846 434 983 478 vero
1028 423 1196 496 pater
1240 415 1408 476 Nilus
1446 414 1507 475 in
1560 432 1723 476 suam
1758 431 1897 493 spe—

1982 426 2247 493 προεῖπεν
2276 419 2418 490 αὒτῷ
2449 418 2477 472 6
2508 416 2712 495 Πατὴρ,
2767 418 2856 472 καὶ
2905 413 3022 491 μετ’
3069 413 3249 493 ὀλιγὸν
3299 414 3480 492 καιρὸν
3528 431 3640 466 τε-

259 507 496 568 luncam
527 523 822 578 reversus,
858 495 1193 585 sedensque
1233 504 1296 565 in
1343 503 1626 584 patientia
1656 513 1716 564 et
1748 502 1900 565 tole-

1999 501 2321 570 ιελεύτηκεν,
2392 495 2450 562 ¢0
2509 502 2564 560 δὲ
2618 504 2761 568 ὅσιος
2813 505 2996 584 Πατὴρ
3042 505 3194 579 ἡμῶν
3245 501 3437 564 Νεῖλος
3487 501 3639 555 ὐπο-

261 595 450 656 rantia
510 594 714 669 multa,
777 594 930 654 intra
980 611 1199 673 paucos
1255 591 1384 654 dies
1432 592 1544 653 tria
1591 589 1907 669 exscripsit

261 682 549 746 Psalteria
580 683 788 763 (fertur
819 683 977 743 enim
1019 681 1081 741 in
1125 680 1355 760 singula
1386 691 1641 758 quatuor
1668 678 1902 739 insum-

263 771 463 848 psisse
491 770 642 852 dies)
677 778 734 832 et
764 769 918 831 liber
947 788 982 831 a
1010 768 1207 831 debito
1231 768 1465 844 mansit,
1487 768 1643 849 quod
1668 774 1907 849 propter

264 858 482 922 Christi
514 866 868 940 pmceptum
903 865 1299 921 contraxerat.
1348 858 1421 918 At
1448 875 1583 918 vero
1608 858 1904 936 justorum

262 947 451 1009 hostis
500 947 719 1009 victum
766 965 831 1009 se
880 956 1360 1027 prostratumque
1411 963 1664 1007 cernens
1718 963 1751 1005 a
1780 944 1903 1004 viro

256 1035 418 1113 justo
449 1034 510 1095 in
536 1034 782 1114 singulis
803 1032 1244 1113 congressibus,
1279 1033 1499 1094 luctum
1540 1032 1611 1093 ab
1634 1030 1905 1092 interiori

263 1123 507 1186 homine
529 1125 827 1186 transtulit
846 1124 915 1186 ad
946 1123 1303 1186 exteriorem
1330 1131 1387 1185 et
1408 1122 1657 1184 summis
1676 1120 1901 1183 dolori-

1986 591 2215 670 σρτέψας
2284 592 2338 649 ἐν
2409 600 2487 669 τῷ
2555 592 2802 669 σπηλαίῳ
2870 594 3050 667 αὐτοῦ,
3110 593 3199 650 καὶ
3251 591 3516 652 καθεσθεὶς
3571 587 3641 642 ἐν

1986 680 2231 758 ὑπομονῇ
2284 682 2374 738 καὶ
2427 684 2673 762 καρτερίᾳ
2720 681 2916 760 πολλῆ,
2984 681 3129 745 ἐντὸς
3175 679 3369 758 ὀλίγων
3415 681 3642 755 ἡμερῶν

1986 770 2106 847 τρία
2184 768 2453 849 ψαλτήρια
2522 771 2798 850 γεγραφώς
2831 790 2844 806 ·
2914 772 3037 829 τότε
3106 770 3206 850 γὰρ
3271 767 3481 846 λέγεται
3539 783 3647 820 πε-

1987 855 2326 937 πληρωκέναι
2396 861 2449 917 ἓν
2520 858 2741 916 ἕκαστον
2809 858 2860 925 ἐξ
2943 864 3111 919 αὐτῶν
3200 857 3285 914 διὰ
3364 855 3643 933 τεσσάρων

1986 946 2199 1025 ἡμερῶν
2236 966 2251 985 ο
2309 946 2463 1013 ἐλύθη
2508 953 2600 1004 τοῦ
2647 947 2837 1028 χρέους
2887 958 2979 1008 τοῦ
3019 946 3103 1005 διὰ
3144 947 3242 1004 τὴν
3292 943 3509 1010 ἐντολὴν
3538 950 3646 999 τοῦ

1989 1039 2239 1111 Χριστοῦ.
2276 1030 2424 1090 Ἰδὼν
2454 1034 2542 1091 οὗν
2573 1037 2601 1090 6
2631 1041 2734 1091 τῶν
2787 1033 2998 1093 δικαίων
3045 1035 3262 1115 ἐχθρὸς,
3294 1032 3374 1091 ὅτ.
3404 1031 3455 1089 ἐν
3485 1031 3643 1105 πάσῃ

1988 1119 2263 1199 προσϐολῇ
2309 1122 2533 1189 ἡττᾶται
2574 1123 2662 1178 καὶ
2714 1120 3103 1192 καταϐέϐληται
3149 1123 3252 1178 ὑπὸ
3297 1129 3391 1179 τοῦ
3436 1117 3644 1175 δικαίου

265 1211 379 1273 bus
406 1218 464 1274 et
494 1212 718 1274 morbis
749 1212 1016 1292 corporis
1044 1229 1181 1276 eum
1213 1219 1419 1292 petere
1452 1211 1814 1290 aggreditur,
1848 1216 1911 1271 ut

1999 1205 2200 1286 ἀνδρὸς,
2238 1210 2545 1284 μετατίθησι
2570 1210 2668 1278 τὴν
2720 1210 2897 1278 πάλην
2946 1211 3051 1269 ἀπὸ
3096 1220 3189 1270 τοῦ
3233 1211 3379 1272 ἐντὸς
3427 1207 3642 1285 ἀνθρώ-

267 1300 477 1363 saltem
501 1308 774 1361 avocaret
793 1318 827 1361 a
849 1299 1193 1380 quotidiana
1213 1299 1541 1361 ministerio
1576 1307 1634 1360 et
1670 1297 1911 1360 inimica

1999 1318 2096 1352 που
2145 1296 2230 1353 ἐπὶ
2285 1298 2376 1353 τὸν
2425 1297 2598 1374 ἐκτὸς,
2650 1300 2738 1356 καὶ
2783 1298 3008 1379 ἄρχεται
3058 1297 3310 1369 πλήττειν
3366 1296 3519 1353 αὐτὸν
3579 1294 3640 1350 ἐν

269 1387 384 1449 sibi
406 1396 699 1469 oratione,
724 1407 840 1468 qua
863 1407 1032 1449 mens
1063 1388 1139 1450 ad
1171 1387 1434 1450 coelestia
1455 1388 1739 1468 pervolat.
1763 1385 1911 1459 Quid

1999 1384 2178 1447 πόνοις
2241 1383 2460 1466 δεινοῖς,
2530 1387 2617 1443 καὶ
2686 1386 2995 1465 ἆῤῥωστίαις
3065 1398 3422 1462 σωματικαῖς,
3495 1382 3641 1440 ὥστε

272 1494 411 1556 ergo
444 1477 814 1539 machinatur
842 1476 903 1538 in
932 1476 1173 1558 ipsum?
1218 1476 1468 1539 Maximo
1514 1483 1774 1557 tumore,
1803 1475 1911 1537 do-

1999 1471 2093 1529 κᾶν
2152 1471 2431 1550 ἐμποδίσαι
2488 1476 2642 1533 αὐτὸν
2688 1475 2794 1531 ἀπὸ
2844 1480 2940 1543 τῆς
2991 1478 3348 1555 καθημερινῆς
3392 1472 3642 1550 λειτουρ-

269 1563 518 1645 loreque
571 1564 930 1628 intolerabili
984 1565 1144 1627 vocis
1215 1583 1433 1644 organa
1491 1565 1911 1646 comprimens,

2000 1562 2126 1638 γίας
2181 1563 2361 1640 αὐτοῦ,
2415 1564 2504 1619 καὶ
2553 1568 2649 1630 τῆς
2696 1562 3079 1644 οὖρανοδρόμου
3122 1564 3209 1620 καὶ
3254 1563 3446 1643 ἐχθρᾶς
3493 1560 3644 1634 αἰ)τῷ

265 1653 425 1716 vocis
455 1672 625 1715 usum
660 1653 745 1715 illi
791 1653 1029 1733 penitus
1071 1654 1334 1734 abstulit,
1387 1663 1447 1715 et
1476 1654 1680 1733 jacere
1713 1654 1905 1732 coegit

1999 1655 2326 1734 προσευχῆς.
2400 1650 2460 1708 Τί
2528 1651 2616 1707 οὖν
2688 1659 2998 1732 μηχανᾶται
3067 1654 3186 1730 περὶ
3237 1652 3433 1730 αὐτὸν,
3493 1646 3646 1726 ὄγκῳ

271 1749 553 1809 consueto
585 1740 718 1803 cibo
749 1741 1144 1804 abstinentem
1174 1763 1189 1823 ;
1231 1749 1289 1804 et
1315 1733 1376 1803 in
1407 1743 1519 1805 hoc
1551 1751 1747 1803 tamen
1774 1743 1905 1823 ipso

1999 1733 2284 1811 δεινοτάτῳ
2359 1739 2449 1794 καὶ
2516 1739 2766 1819 ἀφορήτῳ
2834 1740 2982 1812 πόνῳ
3045 1737 3338 1820 περιλαϐὼν
3407 1738 3472 1794 τά
3538 1736 3642 1802 τὴν

268 1833 453 1895 multo
487 1829 673 1910 magis
701 1829 1175 1892 confundebatur
1223 1830 1405 1892 hostis
1435 1838 1492 1892 et
1533 1830 1903 1893 vincebatur.

1999 1825 2170 1905 φωνὴν
2238 1825 2599 1884 ἀποτελοῦντα
2669 1825 2867 1908 ὄργανα
2922 1828 3081 1887 αὐτοῦ
3133 1830 3421 1895 πεποίηκεν
3483 1825 3642 1882 αὐτὸν

269 1921 395 1995 Quo
427 1919 584 1982 enim
617 1919 807 1997 magis
836 1918 1236 1999 praepediebat
1261 1919 1362 1981 ille
1381 1920 1639 1998 linguam
1665 1917 1908 1999 psalmis

269 2007 898 2089 ethymnisassuetam,
918 2025 986 2069 eo
1013 2008 1163 2069 alius
1193 2009 1325 2087 ipse
1357 2016 1616 2069 mentem
1648 2007 1915 2069 elevabat

265 2098 342 2161 ad
370 2098 584 2177 Deum,
617 2099 858 2177 Deoque
886 2103 1048 2175 grata
1099 2105 1158 2159 et
1206 2096 1515 2175 magniﬁca
1545 2098 1910 2177 contempla-

261 2186 428 2247 tione
457 2184 770 2247 fruebatur
802 2183 936 2245 sine
965 2184 1087 2245 ulla
1118 2184 1334 2246 mentis
1356 2182 1750 2262 divagatione.
1790 2182 1910 2246 Sed

267 2293 347 2337 ne
379 2275 538 2336 fame
594 2273 823 2355 periret
871 2279 929 2334 et
976 2272 1219 2334 omnino
1267 2272 1570 2349 deficeret,
1606 2291 1756 2353 aqua
1789 2271 1910 2334 sic-

268 2381 402 2425 cum
422 2380 648 2444 panem
678 2363 1028 2425 humectans
1085 2368 1144 2424 et
1190 2360 1396 2438 frians,
1430 2361 1606 2424 diaeta
1637 2362 1748 2425 hac
1779 2369 1912 2424 ute-

266 2451 460 2514 batur.

1988 1911 2194 1992 ἄφωνον
2288 1918 2636 1972 κατακεῖσθαι
2721 1915 2994 1981 παντελῶς
3080 1919 3169 1973 καὶ
3236 1913 3470 1995 ἄϐρωτον
3536 1919 3639 1979 τῆς

1992 2003 2245 2071 συνήθους
2314 2008 2515 2082 τροφῆς
2551 2020 2565 2033 '
2636 2002 2754 2060 ἀλλ’
2824 2004 2971 2080 ὅμως
3025 2007 3111 2062 καὶ
3166 2005 3220 2061 ἐν
3275 2004 3445 2076 τούτῳ
3476 1999 3639 2082 Δπολυ

1993 2089 2154 2147 πλέον
2183 2074 2451 2171 ᾐσχύνετο
2479 2094 2567 2148 καὶ
2595 2095 2791 2161 ἡττᾶτο
2915 2092 3166 2169 πολέμιος
3206 2074 3427 2173 ἐχθρός..
3474 2074 3638 2149 ’Ὅσον

1996 2179 2099 2258 γὰρ
2154 2179 2360 2242 ἐκεῖνος
2420 2179 2667 2237 ἀπέκλειε
2718 2181 2815 2249 τὴν
2867 2180 3210 2259 ψαλμολόγον
3265 2182 3353 2238 καὶ
3400 2179 3640 2259 ὑμνοφό-

1995 2287 2082 2337 ρον
2133 2268 2343 2346 φωνὴν,
2401 2278 2648 2327 τοσοῦτον
2699 2269 2855 2334 αὐτὸς
2903 2272 3000 2340 τήν
3054 2267 3284 2326 διάνοιαν
3329 2267 3463 2343 ὕψου
3509 2268 3640 2345 πρὸς

1998 2356 2092 2411 τὸν
2153 2357 2305 2436 Θεὸν,
2362 2358 2451 2414 καὶ
2521 2356 2770 2438 ἐνετρύφα
2824 2359 3402 2438 ἀπεριπάστωςῄτατς
3450 2355 3638 2434 θεαρέ-

1995 2464 2142 2507 στοις
2213 2429 2302 2500 κάῖ
2371 2429 2825 2525 μεγαλοπρεπέσιν
2906 2429 3148 2511 ἐννοίαις,
3243 2429 3344 2506 ’ἱνα
3431 2443 3485 2501 δὲ
3545 2429 3640 2499 καὶ

1993 2537 2070 2605 τῷ
2111 2530 2254 2607 λιμῷ
2301 2534 2379 2608 μὴ
2427 2533 2649 2611 ἐλλείψῃ
2701 2536 2787 2592 καὶ
2834 2535 3112 2615 ἀποκάμῃ,
3160 2533 3304 2593 ὕδατι
3349 2536 3441 2592 τὸν
3482 2530 3640 2611 ξηρὸν

1994 2617 2149 2697 ἄρτον
2176 2618 2424 2703 λειώσας,
2455 2623 2618 2700 ταύτῃ
2646 2622 2909 2703 ἐκέχρητο
2930 2630 2999 2700 τῆ
3024 2622 3217 2702 διαίτῃ.

1766 2818 2010 2886 CAPUT
2037 2820 2138 2887 IV.

270 2983 364 3047 Ad
390 2981 728 3047 coenobium
758 2998 920 3062 aeger
944 2982 1256 3056 reductus,
1290 2978 1667 3058 convalescit,
1698 2996 2061 3069 rursumque
2088 2983 2169 3046 ad
2195 2984 2544 3065 speluncam
2565 3003 2842 3051 reversus
2870 3004 2909 3050 a
2934 2985 3171 3050 diabolo
3197 2991 3461 3069 graviter
3484 2990 3645 3067 fuste

457 3071 844 3146 vulneratur,
877 3089 995 3152 quo
1021 3070 1183 3134 malo
1209 3070 1549 3151 prodigiose
1572 3079 1851 3133 sanatur.
1883 3068 2263 3151 Stephanum
2291 3077 2432 3138 vitae
2459 3077 2811 3139 monasticae
2849 3078 3151 3140 institutis
3178 3068 3455 3140 instruit.

353 3190 595 3254 22.Non
620 3190 802 3251 multo
821 3197 954 3271 post
974 3189 1151 3270 igitur
1167 3189 1240 3251 ad
1265 3189 1578 3252 visendum
1605 3189 1798 3271 ipsum
1823 3208 1911 3252 ac-

2073 3182 2163 3269 κβΙ
2188 3192 2318 3252 Μετ’
2348 3194 2408 3251 οὒ
2437 3194 2571 3252 πολὺ
2600 3197 2768 3252 τοίνυν
2817 3197 2948 3275 πρὸς
3002 3196 3278 3272 ἐπίσκεψιν
3321 3200 3480 3257 αὐτοῦ
3506 3196 3642 3268 ἐλή-

274 3279 452 3343 cessit
475 3279 766 3343 Fantinus
806 3279 1217 3341 sanctissimus
1237 3277 1386 3359 (erat
1418 3279 1575 3339 enim
1597 3278 1752 3340 inter
1781 3279 1916 3340 illos

267 3369 549 3450 frequens
579 3366 1005 3430 commercium
1033 3386 1049 3444 ;
1083 3367 1333 3429 alterum
1364 3365 1549 3427 altero
1601 3365 1789 3429 instar
1818 3367 1914 3429 lu-

274 3457 592 3519 minarium
625 3455 836 3538 crebro
886 3474 994 3517 sua
1039 3456 1171 3517 luce
1221 3454 1641 3536 perfundente)
1687 3462 1747 3516 et
1778 3473 1913 3517 cum

276 3544 808 3609 hebdomadarium
839 3562 1050 3626 panem
1085 3550 1218 3625 post
1267 3542 1482 3604 multas
1510 3560 1722 3619 preces
1751 3549 1814 3603 ut
1842 3542 1914 3604 ab

278 3653 343 3698 se
373 3633 695 3714 acciperet,
753 3650 1004 3711 magnus
1047 3629 1335 3714 Fantinus
1381 3630 1449 3692 B.
1496 3629 1628 3694 Nilo
1678 3649 1919 3711 persua-

278 3723 475 3799 sisset,
506 3713 582 3785 ab
614 3740 687 3784 eo
713 3739 925 3783 rursus
946 3721 1021 3783 de
1044 3713 1247 3782 labore
1272 3737 1553 3780 manuum
1585 3721 1713 3800 ejus
1732 3720 1920 3798 gratia

279 3811 366 3874 illi
396 3808 861 3892 rependebatur.
909 3812 1052 3874 Cum
1104 3828 1247 3888 ergo
1298 3807 1360 3869 in
1392 3807 1607 3870 talibus
1636 3809 1920 3888 angustiis

277 3919 411 3961 eum
445 3898 711 3971 vidisset,
764 3897 1133 3978 multumque
1178 3904 1469 3975 rogasset,
1518 3896 1754 3960 tandem
1812 3898 1922 3960 de-

279 3988 444 4050 duxit
472 3988 534 4049 in
565 4006 739 4049 suum
769 3986 1195 4049 monasterium
1214 3985 1374 4047 omni
1392 3983 1654 4047 adhibita
1672 3985 1919 4063 diligen-

274 4077 377 4151 tia,
413 4079 656 4158 insuper
686 4084 744 4138 et
770 4075 895 4138 Deo
927 4080 1134 4157 preCes
1163 4074 1446 4136 fundebat
1475 4092 1540 4135 ex
1572 4081 1690 4135 toto
1722 4074 1921 4137 animo

276 4184 387 4246 pro
420 4165 549 4245 ejus
575 4164 933 4227 valetudine.
967 4164 1057 4225 Ad
1090 4161 1554 4245 patientissimus
1585 4160 1751 4223 Nilus
1783 4181 1917 4224 cum

274 4261 488 4336 praeter
511 4270 721 4333 aquam
754 4252 906 4313 nihil
937 4251 1250 4330 degustare
1298 4258 1518 4331 posset,
1575 4249 1755 4332 idque
1784 4271 1918 4313 cum

1997 3279 2145 3338 λυθεν
2171 3288 2433 3347 Φαντϊνος
2483 3286 2511 3340 6
2559 3284 2854 3362 ἁγιώτατος
2895 3300 2908 3314 ⁸
2958 3281 3290 3365 παρέϐαλλον
3345 3287 3444 3366 γὰρ
3473 3284 3641 3357 ἆλλήυ

1999 3369 2112 3434 λοις
2170 3372 2505 3452 πυκνότερον,
2553 3371 2798 3443 ἐλλήλοις
2845 3375 2918 3437 ὡς
2964 3371 3053 3429 δύο
3108 3379 3388 3453 φωστῆρες
3442 3375 3640 3432 πυκνό-

2000 3479 2147 3534 τερον
2203 3461 2649 3541 καταφωτίζοντες
2683 3476 2697 3491 ⁸
2757 3462 2844 3517 καὶ
2895 3462 2984 3517 τὸν
3036 3459 3439 3542 ἑϐδομαρισαϊον
3489 3462 3640 3543 ἄρτον

2003 3548 2031 3602 6
2061 3545 2230 3624 μέγας
2287 3556 2546 3613 Φαντϊνος
2590 3550 2680 3605 σὺν
2721 3548 2897 3626 πολλῇ
2947 3548 3276 3628 παρακλήσει
3320 3553 3504 3616 πείσας
3552 3554 3642 3608 τὸν

2002 3634 2149 3692 ὅσιον
2179 3635 2372 3695 Νεῖλον
2418 3635 2678 3713 δέξασθαι,
2726 3635 2852 3717 παρ’
2899 3641 3055 3697 αὐτοῦ
3100 3638 3162 3695 ἐκ
3215 3644 3312 3707 τῆς
3360 3646 3464 3696 τῶν
3525 3662 3645 3720 χει-

2001 3729 2104 3804 ρῶν
2161 3723 2406 3805 ἐργασίας
2461 3726 2758 3806 τῆν’χάριν
2801 3725 3175 3796 ἆντεσήκοῦτο.
3220 3724 3366 3785 Ἰδὼν
3422 3750 3641 3808 τοιγαρ-

2004 3818 2094 3868 οῦν
2143 3812 2295 3870 αὐτὸν
2353 3813 2406 3870 ἐν
2455 3820 2524 3891 τῇ
2568 3814 2784 3890 τοιαύτῃ
2836 3813 3067 3891 ἀνάγκη,
3114 3816 3201 3871 καὶ
3244 3814 3417 3871 πολλᾶ
3466 3814 3641 3872 δυσω-

2001 3901 2179 3971 πήσας
2247 3901 2522 3980 ἀπήγαγεν
2592 3903 2666 3965 εἷς
2730 3904 2791 3960 τὸ
2864 3904 3216 3982 μοναστήριον
3294 3904 3452 3964 αὐτοῦ
3508 3906 3643 3980 μετὰ

2002 3989 2180 4057 πάσης
2235 3988 2467 4058 σπουδῆς
2502 4006 2517 4021 ⁸
2569 3988 2703 4046 ἀλλὰ
2757 3991 2844 4047 καὶ
2885 3992 2975 4047 τὸν
3019 3993 3148 4073 Θεὸν
3193 3992 3477 4072 παρεκάλει
3525 3996 3643 4073 περὶ

2003 4082 2101 4144 τῆς
2152 4079 2328 4156 ὑγείας
2377 4081 2533 4135 αὕτοὕ
2580 4077 2633 4143 ἐξ
2679 4076 2810 4145 ὅλης
2861 4082 3071 4159 ψυχῆς.
3130 4070 3186 4137 ιΟ
3233 4070 3287 4136 δέ
3329 4070 3645 4161 καρτερικώ-

2001 4187 2158 4230 τατος
2214 4165 2407 4231 Νεῖλος
2464 4168 2540 4243 μὴ
2598 4164 2878 4243 δυνάμενος
2936 4169 3214 4245 γεύσασθαί
3267 4192 3406 4233 τινος
3463 4172 3507 4226 εἷ
3564 4171 3640 4246 μὴ

2002 4252 2188 4320 ὕδατος
2243 4257 2330 4312 καὶ
2388 4257 2545 4314 αὐτοῦ
2599 4256 2734 4330 μετὰ
2787 4257 2902 4331 βίας
2960 4258 3046 4312 καὶ
3103 4258 3288 4328 πόνου,
3346 4261 3435 4315 καὶ
3489 4266 3642 4316 τοῦτο

274 4340 558 4404 violentia
614 4346 674 4403 et
715 4339 919 4402 labore
966 4356 1074 4418 per
1126 4339 1257 4401 dies
1307 4343 1548 4414 multos,
1600 4339 1911 4418 cogitatio-

1999 4343 2083 4400 ἐπὶ
2154 4341 2356 4406 πολλὰς
2425 4341 2649 4423 ἡμέρας,
2715 4343 2870 4400 εἶπεν
2928 4347 3069 4419 αὒτῷ
3126 4347 3154 4401 6
3215 4345 3495 4424 λογισμὸς,
3561 4345 3640 4402 ὅτι

274 4432 591 4526 nem_ha_nc
608 4429 834 4507 habuit,
862 4428 1017 4511 quod
1045 4428 1103 4492 Si
1125 4436 1336 4526 praesto
1356 4436 1512 4526 esset
1528 4427 1723 4526 aliqua
1740 4428 1911 4510 piscis

2002 4430 2167 4526 Εἴπερ
2200 4431 2409 4526 ῆν-ιέιπὸΔ
2448 4432 2628 4526 ἰχθόος
2681 4431 2836 4526 μέρος
2873 4434 3078 4526 μικρὸν,
3129 4432 3422 4510 ἐλάμϐανον
3475 4434 3537 4490 ἂν
3590 4434 3641 4501 ἐξ

275 4519 585 4602 particula,
613 4536 892 4581 vescerer
911 4524 970 4580 et
988 4520 1322 4598 aperiretur
1348 4516 1495 4578 mihi
1516 4516 1608 4578 via
1631 4517 1701 4579 ad
1727 4537 1911 4580 come-

2004 4521 2181 4600 αὖτοῦ,
2212 4521 2299 4576 καὶ
2327 4518 2561 4598 διήνοιγέ
2590 4542 2679 4596 μοι
2725 4520 2824 4587 τὴν
2873 4514 2992 4576 ὁδὸν
3035 4529 3128 4579 τοῦ
3171 4536 3387 4602 φαγεῖν,
3417 4525 3641 4579 Πυκτεύ-

270 4608 558 4672 dendum.
584 4607 807 4670 Etcum
828 4607 1045 4669 luctam
1073 4624 1280 4687 passus
1320 4616 1477 4667 esset
1516 4614 1646 4668 octo
1675 4605 1911 4689 diebus,

2000 4631 2097 4673 σας
2128 4608 2215 4666 οὗν
2258 4607 2344 4665 ἐπὶ
2390 4607 2592 4688 ἡμέρας
2642 4609 2805 4684 ὀκτὼ,
2853 4608 2889 4675 ἢ
2934 4609 3023 4665 καὶ
3074 4611 3177 4688 πρὸ
3222 4617 3312 4667 τοῦ
3361 4610 3438 4687 μὴ
3482 4611 3643 4690 ἀναγ-

273 4705 376 4761 aut
409 4697 582 4780 paulo
612 4696 767 4779 plus,
804 4714 880 4759 ne
914 4694 1011 4758 cui
1040 4712 1167 4756 rem
1199 4693 1483 4777 aperiret,
1505 4713 1639 4756 cum
1667 4712 1911 4776 praeser-

1999 4696 2178 4776 γεῖλαι
2233 4698 2294 4753 τὸ
2347 4697 2567 4777 πρᾶγμά
2612 4719 2714 4754 τινι
2751 4712 2765 4727 ·
2818 4698 2905 4754 καὶ
2970 4695 3200 4774 μάλιστα
3248 4698 3364 4756 καθ’
3412 4699 3639 4767 ἐκάστην

267 4787 382 4850 tim’
409 4785 638 4849 videret
669 4784 937 4867 quotidie
967 4783 1284 4865 quemdam
1338 4802 1371 4845 e
1404 4782 1688 4846 fratribus
1718 4791 1911 4846 trans-

1999 4787 2128 4865 ὁρῶν
2217 4783 2558 4866 διερχόμενον
2644 4807 2761 4843 τινα
2850 4791 2957 4842 τῶν
3043 4783 3285 4866 ἀδελφῶν
3350 4785 3638 4867 ἔμπροσθεν

264 4882 509 4939 euntem
538 4882 675 4936 ante
708 4892 775 4936 se
807 4881 1117 4936 eteuntem
1132 4872 1205 4935 ad
1218 4872 1569 4954 piscandum
1587 4879 1646 4933 et
1660 4872 1911 4934 redeun-

1999 4872 2172 4953 αὐτοῦ,
2228 4874 2318 4929 καὶ
2363 4874 2493 4952 πρὸς
2538 4873 2600 4928 τὸ
2655 4870 2891 4929 ἁλιεῦσαι
2929 4874 3307 4953 πορευόμενον,
3360 4877 3448 4931 καὶ
3493 4875 3636 4940 αὖθις

265 4972 389 5027 tem
421 4982 553 5027 cum
588 4962 879 5045 piscibus,
913 4968 1043 5042 post
1063 4962 1315 5023 multum
1333 4968 1634 5023 certamen
1658 4960 1910 5042 etpalat-

1999 4960 2112 5038 μετ’
2180 4962 2376 5042 ἰχθύων
2444 4960 2834 5041 ὑποστρέφοντα
2868 4978 2882 4993 ⁸
2968 4963 3100 5038 μετὰ
3155 4961 3359 5030 πολλὴν
3419 4959 3637 5030 ἄθλησιν

263 5060 447 5116 stram
481 5049 828 5133 hujusmodi
856 5049 1249 5130 cogitationis,
1302 5068 1434 5112 esse
1482 5048 1644 5112 venit
1671 5048 1908 5130 quidam

1999 5053 2080 5108 καὶ
2135 5050 2311 5117 πάλην
2368 5057 2460 5107 τοῦ
2518 5050 2752 5109 τοιούτου
2804 5048 3084 5128 λογισμοῦ,
3133 5049 3242 5107 ἰδοὺ
3296 5050 3512 5131 ἔρχεταί
3554 5073 3634 5116 τις

261 5141 333 5204 ad
366 5141 562 5223 ipsum
592 5140 685 5203 vir
713 5139 905 5203 laicus
952 5140 1206 5201 atferens
1247 5139 1486 5201 carbem
1543 5139 1784 5218 plenam
1816 5139 1906 5220 pi-

1999 5142 2124 5218 πρὸς
2179 5139 2332 5196 αὐτὸν
2388 5141 2643 5215 κοσμικὸς
2701 5138 3078 5219 ἐπιφερόμενος
3140 5139 3372 5220 κοφίνιον
3444 5141 3635 5216 μεστὸν

264 5231 453 5293 scium
482 5230 791 5293 frictorum
823 5237 883 5292 et
903 5236 1257 5303 assatorum,
1285 5231 1527 5289 hortans
1545 5245 1902 5306 rogansque,

1999 5228 2209 5310 ἰχθύων,
2241 5235 2345 5285 τῶν
2396 5228 2490 5305 μὲν
2541 5233 2895 5307 τηγανιστῶν,
2946 5235 3051 5285 τῶν
3100 5226 3155 5284 δὲ
3196 5229 3373 5285 ὀπτῶν
3419 5252 3633 5309 τυγχα-

260 5326 329 5382 ut
355 5318 431 5381 de
458 5318 532 5380 iis
560 5326 827 5400 gustaret
860 5339 873 5380 :
911 5316 1230 5390 Quoniam,
1264 5315 1482 5397 aiebat,
1517 5314 1593 5378 de
1624 5325 1722 5378 tua
1750 5334 1904 5396 ωερε

1999 5319 2205 5396 υόντων,
2265 5315 2586 5396 παρακαλῶν
2640 5318 2727 5372 καὶ
2780 5314 3025 5392 δεόμενος
3083 5316 3259 5383 αὒτοῦ,
3318 5315 3461 5381 ὅπως
3518 5318 3635 5394 γεύ-

257 5406 602 5471 valetudine
631 5426 765 5471 cum
789 5406 1022 5489 vesperi
1042 5405 1426 5480 audivissem,
1451 5422 1726 5484 egressus
1743 5422 1897 5481 sum,

1999 5427 2143 5473 τηται
2173 5403 2226 5471 ἐξ
2254 5405 2425 5461 αὒτῶν
2458 5422 2472 5439 ·
2522 5402 2740 5476 Επειδὴ,
2795 5407 2977 5484 φησὶν,
3031 5403 3257 5485 ἑσπέρας
3306 5406 3534 5468 ἀκούσας
3565 5406 3632 5462 τὰ

253 5504 314 5560 et
340 5496 403 5559 in
433 5514 541 5559 suo
568 5503 779 5561 sancto
815 5496 1057 5560 nomine
1088 5495 1374 5578 piscarer,
1409 5502 1469 5557 et
1487 5492 1904 5575 adjuvantibus

1999 5496 2118 5552 ιατὰ
2172 5494 2253 5571 σὲ,
2305 5492 2520 5562 ἐξῆλθον
2579 5503 2670 5554 τοῦ
2717 5492 2955 5553 ἁλιεῦσαι
3004 5494 3088 5551 ἐπὶ
3140 5502 3218 5569 τῷ
3265 5494 3483 5570 ὀνόματί
3541 5515 3633 5554 σου
