  <div class='ocr_page' id='page_1' title='image "/cluster/home/n/w/nwhite01/storage/ocr_20150623/120/mdp.39015008866736/032.png"; bbox 0 0 3966 6148; ppageno 0'>
   <div class='ocr_carea' id='block_1_1' title="bbox 200 297 1932 385">
    <p class='ocr_par' dir='ltr' id='par_1_1' title="bbox 200 297 1932 385">
     <span class='ocr_line' id='line_1_1' title="bbox 200 297 1932 385; baseline -0.006 0"><span class='ocrx_word' id='word_1_1' title='bbox 200 297 262 368; x_wconf 66' lang='lat'><strong>53</strong></span> <span class='ocrx_word' id='word_1_2' title='bbox 1501 313 1691 385; x_wconf 63' lang='lat' dir='ltr'><strong>VITA’</strong></span> <span class='ocrx_word' id='word_1_3' title='bbox 1733 316 1795 378; x_wconf 91' lang='lat' dir='ltr'><strong>s.</strong></span> <span class='ocrx_word' id='word_1_4' title='bbox 1839 314 1932 377; x_wconf 76' lang='lat' dir='ltr'><strong>NL</strong></span> 
     </span>
    </p>
   </div>
   <div class='ocr_carea' id='block_1_2' title="bbox 2012 297 3643 385">
    <p class='ocr_par' dir='ltr' id='par_1_2' title="bbox 2046 314 3643 381">
     <span class='ocr_line' id='line_1_2' title="bbox 2046 314 3643 381; baseline 0.001 -2"><span class='ocrx_word' id='word_1_5' title='bbox 2046 314 2413 379; x_wconf 82' lang='lat' dir='ltr'><strong>IUNIORIS.</strong></span> <span class='ocrx_word' id='word_1_6' title='bbox 3566 316 3643 381; x_wconf 76' lang='grc'>54</span> 
     </span>
    </p>
   </div>
   <div class='ocr_carea' id='block_1_3' title="bbox 215 433 1932 533">
    <p class='ocr_par' dir='ltr' id='par_1_3' title="bbox 215 442 1910 533">
     <span class='ocr_line' id='line_1_3' title="bbox 215 442 1910 533; baseline -0.019 1"><span class='ocrx_word' id='word_1_7' title='bbox 215 446 276 533; x_wconf 44' lang='grc' dir='ltr'><strong>τῷ</strong></span> <span class='ocrx_word' id='word_1_8' title='bbox 329 442 498 521; x_wconf 39' lang='lat' dir='ltr'><strong>NQ”</strong></span> <span class='ocrx_word' id='word_1_9' title='bbox 575 449 689 505; x_wconf 68' lang='grc' dir='ltr'><strong>κιῖ</strong></span> <span class='ocrx_word' id='word_1_10' title='bbox 762 456 887 508; x_wconf 73' lang='grc' dir='ltr'><strong>τῶν</strong></span> <span class='ocrx_word' id='word_1_11' title='bbox 986 455 1173 533; x_wconf 76' lang='grc' dir='ltr'><strong>εὐχῶν</strong></span> <span class='ocrx_word' id='word_1_12' title='bbox 1251 455 1395 530; x_wconf 80' lang='grc' dir='ltr'><strong>ὑμῶν</strong></span> <span class='ocrx_word' id='word_1_13' title='bbox 1477 450 1910 532; x_wconf 78' lang='grc' dir='ltr'><strong>συνεργησάντων</strong></span> 
     </span>
    </p>
   </div>
   <div class='ocr_carea' id='block_1_4' title="bbox 2012 433 3639 533">
    <p class='ocr_par' dir='ltr' id='par_1_4' title="bbox 2012 433 3639 526">
     <span class='ocr_line' id='line_1_4' title="bbox 2012 433 3639 526; baseline 0.003 -20"><span class='ocrx_word' id='word_1_14' title='bbox 2012 445 2277 523; x_wconf 65' lang='lat' dir='ltr'><strong>precibus</strong></span> <span class='ocrx_word' id='word_1_15' title='bbox 2306 443 2444 522; x_wconf 97' lang='lat' dir='ltr'><strong>tuis,</strong></span> <span class='ocrx_word' id='word_1_16' title='bbox 2492 433 2725 508; x_wconf 82' lang='lat' dir='ltr'><strong>venatio</strong></span> <span class='ocrx_word' id='word_1_17' title='bbox 2755 445 3068 509; x_wconf 90' lang='lat' dir='ltr'><strong>commoda</strong></span> <span class='ocrx_word' id='word_1_18' title='bbox 3094 445 3227 523; x_wconf 90' lang='lat' dir='ltr'><strong>fuit,</strong></span> <span class='ocrx_word' id='word_1_19' title='bbox 3262 453 3321 509; x_wconf 91' lang='lat' dir='ltr'><strong>et</strong></span> <span class='ocrx_word' id='word_1_20' title='bbox 3344 463 3495 526; x_wconf 88' lang='lat' dir='ltr'><strong>opus</strong></span> <span class='ocrx_word' id='word_1_21' title='bbox 3526 455 3639 525; x_wconf 90' lang='lat' dir='ltr'><strong>est,</strong></span> 
     </span>
    </p>
   </div>
   <div class='ocr_carea' id='block_1_5' title="bbox 232 531 1932 622">
    <p class='ocr_par' dir='ltr' id='par_1_5' title="bbox 232 531 1916 622">
     <span class='ocr_line' id='line_1_5' title="bbox 232 531 1916 622; baseline -0.008 -17"><span class='ocrx_word' id='word_1_22' title='bbox 232 531 563 622; x_wconf 50' lang='grc' dir='ltr'><strong>δι’(ρωσάμτιν</strong></span> <span class='ocrx_word' id='word_1_23' title='bbox 596 536 939 618; x_wconf 66' lang='grc' dir='ltr'><strong>ἀκρούστως</strong></span> <span class='ocrx_word' id='word_1_24' title='bbox 966 557 984 574; x_wconf 82' lang='grc'><strong>⁸</strong></span> <span class='ocrx_word' id='word_1_25' title='bbox 1045 531 1136 599; x_wconf 59' lang='grc' dir='ltr'><strong>παὶ</strong></span> <span class='ocrx_word' id='word_1_26' title='bbox 1185 540 1300 599; x_wconf 76' lang='grc' dir='ltr'><strong>δέον</strong></span> <span class='ocrx_word' id='word_1_27' title='bbox 1352 564 1432 617; x_wconf 90' lang='grc' dir='ltr'><strong>σε,</strong></span> <span class='ocrx_word' id='word_1_28' title='bbox 1461 531 1655 622; x_wconf 83' lang='grc' dir='ltr'><strong>Πάτερ,</strong></span> <span class='ocrx_word' id='word_1_29' title='bbox 1690 535 1916 616; x_wconf 87' lang='grc' dir='ltr'><strong>μεταλα-</strong></span> 
     </span>
    </p>
   </div>
   <div class='ocr_carea' id='block_1_6' title="bbox 2012 531 3639 622">
    <p class='ocr_par' dir='ltr' id='par_1_6' title="bbox 2012 533 3639 607">
     <span class='ocr_line' id='line_1_6' title="bbox 2012 533 3639 607; baseline 0.004 -12"><span class='ocrx_word' id='word_1_30' title='bbox 2012 535 2190 607; x_wconf 88' lang='lat' dir='ltr'><strong>Pater,</strong></span> <span class='ocrx_word' id='word_1_31' title='bbox 2228 533 2426 597; x_wconf 89' lang='lat' dir='ltr'><strong>cibum</strong></span> <span class='ocrx_word' id='word_1_32' title='bbox 2460 552 2529 595; x_wconf 80' lang='lat' dir='ltr'><strong>ex</strong></span> <span class='ocrx_word' id='word_1_33' title='bbox 2561 536 2635 596; x_wconf 93' lang='lat' dir='ltr'><strong>iis</strong></span> <span class='ocrx_word' id='word_1_34' title='bbox 2664 543 2722 597; x_wconf 89' lang='lat' dir='ltr'><strong>te</strong></span> <span class='ocrx_word' id='word_1_35' title='bbox 2753 552 3015 597; x_wconf 83' lang='lat' dir='ltr'><strong>sumere.</strong></span> <span class='ocrx_word' id='word_1_36' title='bbox 3051 534 3219 597; x_wconf 90' lang='lat' dir='ltr'><strong>Tunc</strong></span> <span class='ocrx_word' id='word_1_37' title='bbox 3239 534 3448 598; x_wconf 89' lang='lat' dir='ltr'><strong>beatus</strong></span> <span class='ocrx_word' id='word_1_38' title='bbox 3468 537 3639 600; x_wconf 84' lang='lat' dir='ltr'><strong>Nilus</strong></span> 
     </span>
    </p>
   </div>
   <div class='ocr_carea' id='block_1_7' title="bbox 247 620 1932 711">
    <p class='ocr_par' dir='ltr' id='par_1_7' title="bbox 247 620 1915 711">
     <span class='ocr_line' id='line_1_7' title="bbox 247 620 1915 711; baseline 0.001 -28"><span class='ocrx_word' id='word_1_39' title='bbox 247 620 343 681; x_wconf 65' lang='grc' dir='ltr'><strong>θεῖν</strong></span> <span class='ocrx_word' id='word_1_40' title='bbox 366 623 427 691; x_wconf 66' lang='grc' dir='ltr'><strong>ἒξ</strong></span> <span class='ocrx_word' id='word_1_41' title='bbox 451 626 667 691; x_wconf 57' lang='lat' dir='ltr'><strong>wit-:6».</strong></span> <span class='ocrx_word' id='word_1_42' title='bbox 700 630 850 687; x_wconf 77' lang='grc' dir='ltr'><strong>τότε</strong></span> <span class='ocrx_word' id='word_1_43' title='bbox 882 633 913 688; x_wconf 82' lang='grc' dir='ltr'><strong>ὁ</strong></span> <span class='ocrx_word' id='word_1_44' title='bbox 944 632 1208 711; x_wconf 76' lang='grc' dir='ltr'><strong>μακάριος</strong></span> <span class='ocrx_word' id='word_1_45' title='bbox 1241 630 1432 697; x_wconf 76' lang='grc' dir='ltr'><strong>Νεῖλος</strong></span> <span class='ocrx_word' id='word_1_46' title='bbox 1460 634 1551 688; x_wconf 83' lang='grc' dir='ltr'><strong>τὸν</strong></span> <span class='ocrx_word' id='word_1_47' title='bbox 1582 620 1678 706; x_wconf 80' lang='grc' dir='ltr'><strong>μὲν</strong></span> <span class='ocrx_word' id='word_1_48' title='bbox 1711 627 1915 701; x_wconf 77' lang='grc' dir='ltr'><strong>ἅνθρω-</strong></span> 
     </span>
    </p>
   </div>
   <div class='ocr_carea' id='block_1_8' title="bbox 2012 620 3642 711">
    <p class='ocr_par' dir='ltr' id='par_1_8' title="bbox 2012 622 3642 707">
     <span class='ocr_line' id='line_1_8' title="bbox 2012 622 3642 707; baseline 0.002 -24"><span class='ocrx_word' id='word_1_49' title='bbox 2012 622 2185 685; x_wconf 74' lang='lat' dir='ltr'><strong>virum</strong></span> <span class='ocrx_word' id='word_1_50' title='bbox 2218 623 2455 706; x_wconf 85' lang='lat' dir='ltr'><strong>quidem</strong></span> <span class='ocrx_word' id='word_1_51' title='bbox 2488 622 2739 705; x_wconf 80' lang='lat' dir='ltr'><strong>dimisit,</strong></span> <span class='ocrx_word' id='word_1_52' title='bbox 2792 623 3156 686; x_wconf 88' lang='lat' dir='ltr'><strong>benedicens</strong></span> <span class='ocrx_word' id='word_1_53' title='bbox 3187 623 3273 685; x_wconf 89' lang='lat' dir='ltr'><strong>illi</strong></span> <span class='ocrx_word' id='word_1_54' title='bbox 3306 626 3642 707; x_wconf 73' lang='lat' dir='ltr'><strong>gratiasque</strong></span> 
     </span>
    </p>
   </div>
   <div class='ocr_carea' id='block_1_9' title="bbox 264 714 1916 798">
    <p class='ocr_par' dir='ltr' id='par_1_9' title="bbox 264 714 1916 798">
     <span class='ocr_line' id='line_1_9' title="bbox 264 714 1916 798; baseline -0.001 -25"><span class='ocrx_word' id='word_1_55' title='bbox 264 738 348 773; x_wconf 73' lang='grc' dir='ltr'><strong>τιον</strong></span> <span class='ocrx_word' id='word_1_56' title='bbox 392 714 715 773; x_wconf 67' lang='grc' dir='ltr'><strong>ἀπέστειλεν</strong></span> <span class='ocrx_word' id='word_1_57' title='bbox 776 718 1112 797; x_wconf 71' lang='grc' dir='ltr'><strong>εάλογήσας,</strong></span> <span class='ocrx_word' id='word_1_58' title='bbox 1171 721 1258 776; x_wconf 78' lang='grc' dir='ltr'><strong>καὶ</strong></span> <span class='ocrx_word' id='word_1_59' title='bbox 1300 719 1546 798; x_wconf 82' lang='grc' dir='ltr'><strong>μεγάλως</strong></span> <span class='ocrx_word' id='word_1_60' title='bbox 1590 716 1916 798; x_wconf 73' lang='grc' dir='ltr'><strong>εὐχαριστή-</strong></span> 
     </span>
    </p>
   </div>
   <div class='ocr_carea' id='block_1_10' title="bbox 270 804 1917 887">
    <p class='ocr_par' dir='ltr' id='par_1_10' title="bbox 270 804 1917 887">
     <span class='ocr_line' id='line_1_10' title="bbox 270 804 1917 887; baseline -0.002 -24"><span class='ocrx_word' id='word_1_61' title='bbox 270 826 350 869; x_wconf 76' lang='grc' dir='ltr'><strong>σις</strong></span> <span class='ocrx_word' id='word_1_62' title='bbox 399 804 531 883; x_wconf 57' lang='lat' dir='ltr'><strong>imi?</strong></span> <span class='ocrx_word' id='word_1_63' title='bbox 586 816 685 865; x_wconf 75' lang='grc' dir='ltr'><strong>τοῦ</strong></span> <span class='ocrx_word' id='word_1_64' title='bbox 733 807 902 864; x_wconf 72' lang='grc' dir='ltr'><strong>αὖτοῦ</strong></span> <span class='ocrx_word' id='word_1_65' title='bbox 944 808 1115 867; x_wconf 78' lang='grc' dir='ltr'><strong>κόπου</strong></span> <span class='ocrx_word' id='word_1_66' title='bbox 1141 826 1160 844; x_wconf 81' lang='grc'><strong><em>⁸</em></strong></span> <span class='ocrx_word' id='word_1_67' title='bbox 1346 806 1401 864; x_wconf 79' lang='grc' dir='ltr'><strong>δὲ</strong></span> <span class='ocrx_word' id='word_1_68' title='bbox 1456 807 1700 885; x_wconf 81' lang='grc' dir='ltr'><strong>λογισμῷ</strong></span> <span class='ocrx_word' id='word_1_69' title='bbox 1755 804 1917 861; x_wconf 79' lang='grc' dir='ltr'><strong>αάτοῦ</strong></span> 
     </span>
    </p>
   </div>
   <div class='ocr_carea' id='block_1_11' title="bbox 278 888 1922 977">
    <p class='ocr_par' dir='ltr' id='par_1_11' title="bbox 278 888 1922 977">
     <span class='ocr_line' id='line_1_11' title="bbox 278 888 1922 977; baseline 0.001 -28"><span class='ocrx_word' id='word_1_70' title='bbox 278 890 535 973; x_wconf 68' lang='grc' dir='ltr'><strong>διελέγετο</strong></span> <span class='ocrx_word' id='word_1_71' title='bbox 568 894 740 959; x_wconf 73' lang='grc' dir='ltr'><strong>οὕτως</strong></span> <span class='ocrx_word' id='word_1_72' title='bbox 773 911 789 926; x_wconf 80' lang='grc'><strong>⁸</strong></span> <span class='ocrx_word' id='word_1_73' title='bbox 848 906 1027 955; x_wconf 67' lang='grc' dir='ltr'><strong>Ταῦτα</strong></span> <span class='ocrx_word' id='word_1_74' title='bbox 1065 898 1169 977; x_wconf 66' lang='grc' dir='ltr'><strong>οὐχ</strong></span> <span class='ocrx_word' id='word_1_75' title='bbox 1218 898 1245 953; x_wconf 81' lang='grc' dir='ltr'>ὁ</span> <span class='ocrx_word' id='word_1_76' title='bbox 1289 898 1418 960; x_wconf 76' lang='grc' dir='ltr'><strong>Θεὸς</strong></span> <span class='ocrx_word' id='word_1_77' title='bbox 1463 896 1769 970; x_wconf 79' lang='grc' dir='ltr'><strong>ἡτοίμασεν,</strong></span> <span class='ocrx_word' id='word_1_78' title='bbox 1814 888 1922 951; x_wconf 70' lang='grc' dir='ltr'><strong>οὐδ’</strong></span> 
     </span>
    </p>
   </div>
   <div class='ocr_carea' id='block_1_12' title="bbox 276 979 1916 1063">
    <p class='ocr_par' dir='ltr' id='par_1_12' title="bbox 276 979 1916 1063">
     <span class='ocr_line' id='line_1_12' title="bbox 276 979 1916 1063; baseline -0.006 -16"><span class='ocrx_word' id='word_1_79' title='bbox 276 979 498 1060; x_wconf 74' lang='grc' dir='ltr'><strong>ἄγγελος</strong></span> <span class='ocrx_word' id='word_1_80' title='bbox 532 999 549 1013; x_wconf 80' lang='grc'><strong>⁸</strong></span> <span class='ocrx_word' id='word_1_81' title='bbox 622 980 743 1039; x_wconf 68' lang='lat' dir='ltr'><strong>038‘s</strong></span> <span class='ocrx_word' id='word_1_82' title='bbox 813 984 916 1063; x_wconf 76' lang='grc' dir='ltr'><strong>γὰρ</strong></span> <span class='ocrx_word' id='word_1_83' title='bbox 979 985 1086 1060; x_wconf 90' lang='grc' dir='ltr'><strong>εἰμι</strong></span> <span class='ocrx_word' id='word_1_84' title='bbox 1155 989 1257 1041; x_wconf 83' lang='grc' dir='ltr'><strong>τῶν</strong></span> <span class='ocrx_word' id='word_1_85' title='bbox 1327 981 1661 1063; x_wconf 79' lang='grc' dir='ltr'><strong>φοϐουμένων</strong></span> <span class='ocrx_word' id='word_1_86' title='bbox 1737 981 1916 1055; x_wconf 71' lang='grc' dir='ltr'><strong>αὐτὸν,</strong></span> 
     </span>
    </p>
   </div>
   <div class='ocr_carea' id='block_1_13' title="bbox 274 1068 1918 1149">
    <p class='ocr_par' dir='ltr' id='par_1_13' title="bbox 274 1068 1918 1149">
     <span class='ocr_line' id='line_1_13' title="bbox 274 1068 1918 1149; baseline 0 -25"><span class='ocrx_word' id='word_1_87' title='bbox 274 1068 369 1125; x_wconf 70' lang='grc' dir='ltr'><strong>ἵνα</strong></span> <span class='ocrx_word' id='word_1_88' title='bbox 424 1072 485 1126; x_wconf 74' lang='grc' dir='ltr'><strong>τὸ</strong></span> <span class='ocrx_word' id='word_1_89' title='bbox 535 1069 747 1146; x_wconf 79' lang='grc' dir='ltr'><strong>θέλημά</strong></span> <span class='ocrx_word' id='word_1_90' title='bbox 803 1093 907 1146; x_wconf 84' lang='grc' dir='ltr'><strong>μου</strong></span> <span class='ocrx_word' id='word_1_91' title='bbox 951 1073 1173 1149; x_wconf 76' lang='grc' dir='ltr'><strong>ποιήσῃ,</strong></span> <span class='ocrx_word' id='word_1_92' title='bbox 1226 1069 1388 1129; x_wconf 80' lang='grc' dir='ltr'><strong>Ἀλλά</strong></span> <span class='ocrx_word' id='word_1_93' title='bbox 1438 1078 1595 1129; x_wconf 81' lang='grc' dir='ltr'><strong>τοῦτο</strong></span> <span class='ocrx_word' id='word_1_94' title='bbox 1650 1072 1711 1126; x_wconf 84' lang='grc' dir='ltr'><strong>τὸ</strong></span> <span class='ocrx_word' id='word_1_95' title='bbox 1768 1068 1918 1146; x_wconf 79' lang='grc' dir='ltr'><strong>ἔργον</strong></span> 
     </span>
    </p>
   </div>
   <div class='ocr_carea' id='block_1_14' title="bbox 272 1156 1918 1239">
    <p class='ocr_par' dir='ltr' id='par_1_14' title="bbox 272 1156 1918 1239">
     <span class='ocr_line' id='line_1_14' title="bbox 272 1156 1918 1239; baseline 0 -25"><span class='ocrx_word' id='word_1_96' title='bbox 272 1164 367 1214; x_wconf 77' lang='grc' dir='ltr'><strong>τοῦ</strong></span> <span class='ocrx_word' id='word_1_97' title='bbox 423 1156 669 1215; x_wconf 76' lang='grc' dir='ltr'><strong>διαϐόλου</strong></span> <span class='ocrx_word' id='word_1_98' title='bbox 737 1159 1014 1239; x_wconf 81' lang='grc' dir='ltr'><strong>τυγχάνει,</strong></span> <span class='ocrx_word' id='word_1_99' title='bbox 1087 1158 1267 1231; x_wconf 78' lang='grc' dir='ltr'><strong>ἐπειδή</strong></span> <span class='ocrx_word' id='word_1_100' title='bbox 1342 1182 1408 1236; x_wconf 90' lang='grc' dir='ltr'><strong>με</strong></span> <span class='ocrx_word' id='word_1_101' title='bbox 1465 1158 1658 1236; x_wconf 73' lang='grc' dir='ltr'><strong>ᾔσθετο</strong></span> <span class='ocrx_word' id='word_1_102' title='bbox 1717 1157 1918 1217; x_wconf 84' lang='grc' dir='ltr'><strong>δουλω-</strong></span> 
     </span>
    </p>
   </div>
   <div class='ocr_carea' id='block_1_15' title="bbox 274 1244 1920 1327">
    <p class='ocr_par' dir='ltr' id='par_1_15' title="bbox 274 1244 1920 1327">
     <span class='ocr_line' id='line_1_15' title="bbox 274 1244 1920 1327; baseline -0.001 -25"><span class='ocrx_word' id='word_1_103' title='bbox 274 1244 434 1302; x_wconf 76' lang='grc' dir='ltr'><strong>θέντα</strong></span> <span class='ocrx_word' id='word_1_104' title='bbox 596 1248 815 1323; x_wconf 73' lang='grc' dir='ltr'><strong>τοιαύτη</strong></span> <span class='ocrx_word' id='word_1_105' title='bbox 867 1247 1135 1324; x_wconf 75' lang='grc' dir='ltr'><strong>ἐπιθυμίᾳ.</strong></span> <span class='ocrx_word' id='word_1_106' title='bbox 1183 1247 1482 1327; x_wconf 76' lang='grc' dir='ltr'><strong>Γέγραπται</strong></span> <span class='ocrx_word' id='word_1_107' title='bbox 1538 1248 1639 1327; x_wconf 84' lang='grc' dir='ltr'><strong>γάρ</strong></span> <span class='ocrx_word' id='word_1_108' title='bbox 1670 1266 1685 1282; x_wconf 84' lang='grc'>⁶</span> <span class='ocrx_word' id='word_1_109' title='bbox 1749 1269 1777 1301; x_wconf 73' lang='grc' dir='ltr'>ι</span> <span class='ocrx_word' id='word_1_110' title='bbox 1830 1247 1920 1313; x_wconf 74' lang='grc' dir='ltr'><strong>Μὴ</strong></span> 
     </span>
    </p>
   </div>
   <div class='ocr_carea' id='block_1_16' title="bbox 276 1333 1920 1417">
    <p class='ocr_par' dir='ltr' id='par_1_16' title="bbox 276 1333 1920 1417">
     <span class='ocr_line' id='line_1_16' title="bbox 276 1333 1920 1417; baseline 0 -27"><span class='ocrx_word' id='word_1_111' title='bbox 276 1335 641 1410; x_wconf 65' lang='grc' dir='ltr'><strong>ἐπιαηιήσῃς.</strong></span> <span class='ocrx_word' id='word_1_112' title='bbox 677 1358 706 1390; x_wconf 78' lang='grc' dir='ltr'><strong><em>ι</em></strong></span> <span class='ocrx_word' id='word_1_113' title='bbox 741 1342 822 1412; x_wconf 77' lang='grc' dir='ltr'><strong>Σῇ</strong></span> <span class='ocrx_word' id='word_1_114' title='bbox 874 1337 1085 1416; x_wconf 79' lang='grc' dir='ltr'><strong>Κύριος,</strong></span> <span class='ocrx_word' id='word_1_115' title='bbox 1136 1336 1231 1394; x_wconf 73' lang='grc' dir='ltr'><strong>οὐκ</strong></span> <span class='ocrx_word' id='word_1_116' title='bbox 1271 1335 1566 1417; x_wconf 78' lang='grc' dir='ltr'><strong>εἰσέρχεταί</strong></span> <span class='ocrx_word' id='word_1_117' title='bbox 1591 1358 1641 1392; x_wconf 87' lang='grc' dir='ltr'><strong>τι</strong></span> <span class='ocrx_word' id='word_1_118' title='bbox 1671 1333 1723 1401; x_wconf 77' lang='grc' dir='ltr'><strong>ἐξ</strong></span> <span class='ocrx_word' id='word_1_119' title='bbox 1751 1335 1920 1392; x_wconf 69' lang='grc' dir='ltr'><strong>αὐτῶν</strong></span> 
     </span>
    </p>
   </div>
   <div class='ocr_carea' id='block_1_17' title="bbox 277 1417 1923 1505">
    <p class='ocr_par' dir='ltr' id='par_1_17' title="bbox 277 1417 1923 1505">
     <span class='ocr_line' id='line_1_17' title="bbox 277 1417 1923 1505; baseline -0.001 -25"><span class='ocrx_word' id='word_1_120' title='bbox 277 1426 351 1488; x_wconf 82' lang='grc' dir='ltr'><strong>εἰς</strong></span> <span class='ocrx_word' id='word_1_121' title='bbox 383 1426 449 1480; x_wconf 79' lang='grc' dir='ltr'><strong>τὺ</strong></span> <span class='ocrx_word' id='word_1_122' title='bbox 477 1424 653 1499; x_wconf 88' lang='grc' dir='ltr'><strong>στόμα</strong></span> <span class='ocrx_word' id='word_1_123' title='bbox 699 1446 822 1499; x_wconf 83' lang='grc' dir='ltr'><strong>μου,</strong></span> <span class='ocrx_word' id='word_1_124' title='bbox 873 1417 1114 1505; x_wconf 72' lang='grc' dir='ltr'><strong>’Υπῆρχε</strong></span> <span class='ocrx_word' id='word_1_125' title='bbox 1162 1424 1216 1482; x_wconf 78' lang='grc' dir='ltr'><strong>δὲ</strong></span> <span class='ocrx_word' id='word_1_126' title='bbox 1256 1426 1377 1482; x_wconf 90' lang='grc' dir='ltr'><strong>τότε</strong></span> <span class='ocrx_word' id='word_1_127' title='bbox 1429 1426 1544 1482; x_wconf 66' lang='grc' dir='ltr'><strong>ἐκεῖ</strong></span> <span class='ocrx_word' id='word_1_128' title='bbox 1574 1424 1814 1505; x_wconf 85' lang='grc' dir='ltr'><strong>μοναχός</strong></span> <span class='ocrx_word' id='word_1_129' title='bbox 1844 1445 1923 1486; x_wconf 90' lang='grc' dir='ltr'><strong>τις</strong></span> 
     </span>
    </p>
   </div>
   <div class='ocr_carea' id='block_1_18' title="bbox 274 1512 1924 1595">
    <p class='ocr_par' dir='ltr' id='par_1_18' title="bbox 274 1512 1924 1595">
     <span class='ocr_line' id='line_1_18' title="bbox 274 1512 1924 1595; baseline -0.001 -24"><span class='ocrx_word' id='word_1_130' title='bbox 274 1514 712 1593; x_wconf 58' lang='grc' dir='ltr'><strong>⁴ιεειρειγεηινόμενος</strong></span> <span class='ocrx_word' id='word_1_131' title='bbox 742 1515 803 1571; x_wconf 78' lang='grc' dir='ltr'><strong>ἐκ</strong></span> <span class='ocrx_word' id='word_1_132' title='bbox 854 1520 960 1571; x_wconf 80' lang='grc' dir='ltr'><strong>τῶν</strong></span> <span class='ocrx_word' id='word_1_133' title='bbox 1008 1512 1118 1572; x_wconf 80' lang='grc' dir='ltr'><strong>ἅνω</strong></span> <span class='ocrx_word' id='word_1_134' title='bbox 1165 1522 1359 1595; x_wconf 85' lang='grc' dir='ltr'><strong>μερῶν,</strong></span> <span class='ocrx_word' id='word_1_135' title='bbox 1409 1516 1467 1579; x_wconf 83' lang='grc' dir='ltr'>ὃς</span> <span class='ocrx_word' id='word_1_136' title='bbox 1511 1514 1627 1572; x_wconf 85' lang='grc' dir='ltr'><strong>λίαν</strong></span> <span class='ocrx_word' id='word_1_137' title='bbox 1677 1514 1924 1593; x_wconf 79' lang='grc' dir='ltr'><strong>ἠγαπᾶτο</strong></span> 
     </span>
    </p>
   </div>
   <div class='ocr_carea' id='block_1_19' title="bbox 274 1599 1925 1683">
    <p class='ocr_par' dir='ltr' id='par_1_19' title="bbox 274 1599 1925 1683">
     <span class='ocr_line' id='line_1_19' title="bbox 274 1599 1925 1683; baseline -0.002 -23"><span class='ocrx_word' id='word_1_138' title='bbox 274 1601 409 1682; x_wconf 73' lang='grc' dir='ltr'><strong>παρ’</strong></span> <span class='ocrx_word' id='word_1_139' title='bbox 441 1603 601 1660; x_wconf 63' lang='grc' dir='ltr'><strong>αὐτοῦ</strong></span> <span class='ocrx_word' id='word_1_140' title='bbox 627 1601 714 1659; x_wconf 74' lang='grc' dir='ltr'><strong>διὰ</strong></span> <span class='ocrx_word' id='word_1_141' title='bbox 762 1604 825 1660; x_wconf 79' lang='grc' dir='ltr'><strong>τὸ</strong></span> <span class='ocrx_word' id='word_1_142' title='bbox 870 1603 1161 1679; x_wconf 80' lang='grc' dir='ltr'><strong>ᾇσματικὸν</strong></span> <span class='ocrx_word' id='word_1_143' title='bbox 1210 1604 1351 1661; x_wconf 76' lang='grc' dir='ltr'><strong>εἶναι</strong></span> <span class='ocrx_word' id='word_1_144' title='bbox 1400 1603 1557 1660; x_wconf 73' lang='grc' dir='ltr'><strong>αὐτὸν</strong></span> <span class='ocrx_word' id='word_1_145' title='bbox 1604 1604 1690 1659; x_wconf 84' lang='grc' dir='ltr'><strong>καὶ</strong></span> <span class='ocrx_word' id='word_1_146' title='bbox 1730 1599 1925 1683; x_wconf 84' lang='grc' dir='ltr'><strong>σφόδρα</strong></span> 
     </span>
    </p>
   </div>
   <div class='ocr_carea' id='block_1_20' title="bbox 276 1689 1919 1771">
    <p class='ocr_par' dir='ltr' id='par_1_20' title="bbox 276 1689 1919 1771">
     <span class='ocr_line' id='line_1_20' title="bbox 276 1689 1919 1771; baseline -0.001 -23"><span class='ocrx_word' id='word_1_147' title='bbox 276 1691 640 1771; x_wconf 68' lang='grc' dir='ltr'><strong>καλλίφωνον.</strong></span> <span class='ocrx_word' id='word_1_148' title='bbox 693 1701 884 1751; x_wconf 81' lang='grc' dir='ltr'><strong>Τοῦτον</strong></span> <span class='ocrx_word' id='word_1_149' title='bbox 939 1691 1166 1756; x_wconf 74' lang='grc' dir='ltr'><strong>καλέσας</strong></span> <span class='ocrx_word' id='word_1_150' title='bbox 1216 1695 1244 1748; x_wconf 81' lang='grc' dir='ltr'>ὁ</span> <span class='ocrx_word' id='word_1_151' title='bbox 1294 1691 1438 1755; x_wconf 86' lang='grc' dir='ltr'><strong>ὅσιος</strong></span> <span class='ocrx_word' id='word_1_152' title='bbox 1486 1689 1707 1747; x_wconf 81' lang='grc' dir='ltr'><strong>δέδωκεν</strong></span> <span class='ocrx_word' id='word_1_153' title='bbox 1757 1694 1919 1765; x_wconf 79' lang='grc' dir='ltr'><strong>αὐτῷ,</strong></span> 
     </span>
    </p>
   </div>
   <div class='ocr_carea' id='block_1_21' title="bbox 273 1776 1924 1860">
    <p class='ocr_par' dir='ltr' id='par_1_21' title="bbox 273 1776 1924 1860">
     <span class='ocr_line' id='line_1_21' title="bbox 273 1776 1924 1860; baseline -0.001 -24"><span class='ocrx_word' id='word_1_154' title='bbox 273 1782 457 1843; x_wconf 72' lang='grc' dir='ltr'><strong>καθὼς</strong></span> <span class='ocrx_word' id='word_1_155' title='bbox 527 1780 596 1848; x_wconf 80' lang='grc' dir='ltr'><strong>ἦν</strong></span> <span class='ocrx_word' id='word_1_156' title='bbox 664 1782 726 1836; x_wconf 77' lang='grc' dir='ltr'><strong>τὸ</strong></span> <span class='ocrx_word' id='word_1_157' title='bbox 788 1781 1045 1860; x_wconf 78' lang='grc' dir='ltr'><strong>κοφίνιον,</strong></span> <span class='ocrx_word' id='word_1_158' title='bbox 1104 1782 1262 1837; x_wconf 87' lang='grc' dir='ltr'><strong>εἰπὼν</strong></span> <span class='ocrx_word' id='word_1_159' title='bbox 1331 1782 1460 1860; x_wconf 83' lang='grc' dir='ltr'><strong>πρὸς</strong></span> <span class='ocrx_word' id='word_1_160' title='bbox 1517 1780 1674 1836; x_wconf 75' lang='grc' dir='ltr'><strong>αὐτόν</strong></span> <span class='ocrx_word' id='word_1_161' title='bbox 1707 1795 1721 1810; x_wconf 91' lang='grc'><strong>·</strong></span> <span class='ocrx_word' id='word_1_162' title='bbox 1785 1776 1924 1860; x_wconf 63' lang='grc' dir='ltr'><strong>Λάβε</strong></span> 
     </span>
    </p>
   </div>
   <div class='ocr_carea' id='block_1_22' title="bbox 273 1858 1927 1947">
    <p class='ocr_par' dir='ltr' id='par_1_22' title="bbox 273 1858 1927 1947">
     <span class='ocr_line' id='line_1_22' title="bbox 273 1858 1927 1947; baseline -0.003 -19"><span class='ocrx_word' id='word_1_163' title='bbox 273 1879 439 1928; x_wconf 75' lang='grc' dir='ltr'><strong>τοῦτο</strong></span> <span class='ocrx_word' id='word_1_164' title='bbox 465 1871 529 1924; x_wconf 83' lang='grc' dir='ltr'><strong>τὸ</strong></span> <span class='ocrx_word' id='word_1_165' title='bbox 582 1866 770 1947; x_wconf 75' lang='grc' dir='ltr'><strong>ξένιον,</strong></span> <span class='ocrx_word' id='word_1_166' title='bbox 828 1858 956 1946; x_wconf 78' lang='grc' dir='ltr'><strong>ὅπερ</strong></span> <span class='ocrx_word' id='word_1_167' title='bbox 1005 1870 1121 1925; x_wconf 79' lang='grc' dir='ltr'><strong>ὅσοι</strong></span> <span class='ocrx_word' id='word_1_168' title='bbox 1166 1858 1389 1947; x_wconf 77' lang='grc' dir='ltr'><strong>Χριστὸς</strong></span> <span class='ocrx_word' id='word_1_169' title='bbox 1433 1866 1818 1933; x_wconf 72' lang='grc' dir='ltr'><strong>ἐξαπέστειλεν.</strong></span> <span class='ocrx_word' id='word_1_170' title='bbox 1868 1858 1927 1923; x_wconf 64' lang='grc' dir='ltr'>Ὀ</span> 
     </span>
    </p>
   </div>
   <div class='ocr_carea' id='block_1_23' title="bbox 272 1954 1927 2037">
    <p class='ocr_par' dir='ltr' id='par_1_23' title="bbox 272 1954 1927 2037">
     <span class='ocr_line' id='line_1_23' title="bbox 272 1954 1927 2037; baseline -0.002 -25"><span class='ocrx_word' id='word_1_171' title='bbox 272 1955 330 2012; x_wconf 65' lang='lat'><strong>3‘3</strong></span> <span class='ocrx_word' id='word_1_172' title='bbox 359 1954 545 2013; x_wconf 73' lang='grc' dir='ltr'><strong>λαϐὼν</strong></span> <span class='ocrx_word' id='word_1_173' title='bbox 576 1957 939 2037; x_wconf 79' lang='grc' dir='ltr'><strong>ἀνεχώρησεν.</strong></span> <span class='ocrx_word' id='word_1_174' title='bbox 974 1955 1119 2014; x_wconf 83' lang='grc' dir='ltr'><strong>Ἰδὼν</strong></span> <span class='ocrx_word' id='word_1_175' title='bbox 1174 1957 1263 2013; x_wconf 77' lang='grc' dir='ltr'><strong>οὖν</strong></span> <span class='ocrx_word' id='word_1_176' title='bbox 1311 1959 1339 2012; x_wconf 83' lang='grc' dir='ltr'>ὁ</span> <span class='ocrx_word' id='word_1_177' title='bbox 1391 1958 1521 2020; x_wconf 84' lang='grc' dir='ltr'><strong>Οεὸς</strong></span> <span class='ocrx_word' id='word_1_178' title='bbox 1545 1956 1645 2023; x_wconf 80' lang='grc' dir='ltr'><strong>τὴν</strong></span> <span class='ocrx_word' id='word_1_179' title='bbox 1675 1956 1927 2035; x_wconf 81' lang='grc' dir='ltr'><strong>μεγίστην</strong></span> 
     </span>
    </p>
   </div>
   <div class='ocr_carea' id='block_1_24' title="bbox 276 2042 1925 2125">
    <p class='ocr_par' dir='ltr' id='par_1_24' title="bbox 276 2042 1925 2125">
     <span class='ocr_line' id='line_1_24' title="bbox 276 2042 1925 2125; baseline -0.001 -24"><span class='ocrx_word' id='word_1_180' title='bbox 276 2049 444 2104; x_wconf 61' lang='grc' dir='ltr'><strong>αὐτοῦ</strong></span> <span class='ocrx_word' id='word_1_181' title='bbox 494 2046 773 2121; x_wconf 71' lang='grc' dir='ltr'><strong>ὑπομονὴν</strong></span> <span class='ocrx_word' id='word_1_182' title='bbox 842 2047 930 2101; x_wconf 77' lang='grc' dir='ltr'><strong>καὶ</strong></span> <span class='ocrx_word' id='word_1_183' title='bbox 995 2044 1292 2125; x_wconf 78' lang='grc' dir='ltr'><strong>καρτερίαν,</strong></span> <span class='ocrx_word' id='word_1_184' title='bbox 1367 2042 1681 2102; x_wconf 81' lang='grc' dir='ltr'><strong>ἀντελάϐετο</strong></span> <span class='ocrx_word' id='word_1_185' title='bbox 1745 2045 1925 2119; x_wconf 73' lang='grc' dir='ltr'><strong>αὐτοῦ,</strong></span> 
     </span>
    </p>
   </div>
   <div class='ocr_carea' id='block_1_25' title="bbox 273 2130 1930 2202">
    <p class='ocr_par' dir='ltr' id='par_1_25' title="bbox 273 2130 1930 2202">
     <span class='ocr_line' id='line_1_25' title="bbox 273 2130 1930 2202; baseline -0.001 -13"><span class='ocrx_word' id='word_1_186' title='bbox 273 2134 365 2189; x_wconf 74' lang='grc' dir='ltr'><strong>καὶ</strong></span> <span class='ocrx_word' id='word_1_187' title='bbox 394 2130 709 2202; x_wconf 68' lang='grc' dir='ltr'><strong>ἀπήλλαξεν</strong></span> <span class='ocrx_word' id='word_1_188' title='bbox 736 2135 891 2190; x_wconf 73' lang='grc' dir='ltr'><strong>αὐτὸν</strong></span> <span class='ocrx_word' id='word_1_189' title='bbox 948 2139 1048 2201; x_wconf 78' lang='grc' dir='ltr'><strong>τῆς</strong></span> <span class='ocrx_word' id='word_1_190' title='bbox 1100 2132 1286 2201; x_wconf 76' lang='grc' dir='ltr'><strong>ὀδύνης</strong></span> <span class='ocrx_word' id='word_1_191' title='bbox 1335 2136 1424 2190; x_wconf 81' lang='grc' dir='ltr'><strong>καὶ</strong></span> <span class='ocrx_word' id='word_1_192' title='bbox 1467 2137 1568 2200; x_wconf 81' lang='grc' dir='ltr'><strong>τῆς</strong></span> <span class='ocrx_word' id='word_1_193' title='bbox 1614 2133 1768 2190; x_wconf 81' lang='grc' dir='ltr'><strong>νόσου</strong></span> <span class='ocrx_word' id='word_1_194' title='bbox 1796 2131 1930 2190; x_wconf 74' lang='grc' dir='ltr'><strong>ὲκεί-</strong></span> 
     </span>
    </p>
   </div>
   <div class='ocr_carea' id='block_1_26' title="bbox 271 2220 1930 2302">
    <p class='ocr_par' dir='ltr' id='par_1_26' title="bbox 271 2220 1930 2302">
     <span class='ocr_line' id='line_1_26' title="bbox 271 2220 1930 2302; baseline 0 -24"><span class='ocrx_word' id='word_1_195' title='bbox 271 2246 372 2289; x_wconf 81' lang='grc' dir='ltr'><strong>νης</strong></span> <span class='ocrx_word' id='word_1_196' title='bbox 419 2228 522 2289; x_wconf 77' lang='grc' dir='ltr'><strong>τῆς</strong></span> <span class='ocrx_word' id='word_1_197' title='bbox 572 2228 833 2301; x_wconf 79' lang='grc' dir='ltr'><strong>πονηρᾶς,</strong></span> <span class='ocrx_word' id='word_1_198' title='bbox 876 2229 971 2279; x_wconf 78' lang='grc' dir='ltr'><strong>τοῦ</strong></span> <span class='ocrx_word' id='word_1_199' title='bbox 1017 2223 1211 2285; x_wconf 79' lang='grc' dir='ltr'><strong>πάθους</strong></span> <span class='ocrx_word' id='word_1_200' title='bbox 1259 2220 1403 2279; x_wconf 82' lang='grc' dir='ltr'><strong>ἔνδον</strong></span> <span class='ocrx_word' id='word_1_201' title='bbox 1451 2221 1504 2278; x_wconf 81' lang='grc' dir='ltr'><strong>ἐν</strong></span> <span class='ocrx_word' id='word_1_202' title='bbox 1551 2228 1630 2297; x_wconf 82' lang='grc' dir='ltr'><strong>τῷ</strong></span> <span class='ocrx_word' id='word_1_203' title='bbox 1670 2220 1930 2302; x_wconf 74' lang='grc' dir='ltr'><strong>τραχήλῳ</strong></span> 
     </span>
    </p>
   </div>
   <div class='ocr_carea' id='block_1_27' title="bbox 273 2308 1928 2389">
    <p class='ocr_par' dir='ltr' id='par_1_27' title="bbox 273 2308 1928 2389">
     <span class='ocr_line' id='line_1_27' title="bbox 273 2308 1928 2389; baseline 0.001 -24"><span class='ocrx_word' id='word_1_204' title='bbox 273 2310 553 2389; x_wconf 77' lang='grc' dir='ltr'><strong>ῥαγέντος,</strong></span> <span class='ocrx_word' id='word_1_205' title='bbox 647 2311 737 2366; x_wconf 73' lang='grc' dir='ltr'><strong>καὶ</strong></span> <span class='ocrx_word' id='word_1_206' title='bbox 825 2308 1010 2374; x_wconf 78' lang='grc' dir='ltr'><strong>ἕλκους</strong></span> <span class='ocrx_word' id='word_1_207' title='bbox 1097 2309 1297 2368; x_wconf 82' lang='grc' dir='ltr'><strong>πολλοῦ</strong></span> <span class='ocrx_word' id='word_1_208' title='bbox 1363 2309 1448 2367; x_wconf 78' lang='grc' dir='ltr'><strong>διὰ</strong></span> <span class='ocrx_word' id='word_1_209' title='bbox 1506 2320 1601 2370; x_wconf 82' lang='grc' dir='ltr'><strong>τοῦ</strong></span> <span class='ocrx_word' id='word_1_210' title='bbox 1667 2310 1928 2385; x_wconf 80' lang='grc' dir='ltr'><strong>στόματος</strong></span> 
     </span>
    </p>
   </div>
   <div class='ocr_carea' id='block_1_28' title="bbox 276 2398 1928 2480">
    <p class='ocr_par' dir='ltr' id='par_1_28' title="bbox 276 2398 1928 2480">
     <span class='ocr_line' id='line_1_28' title="bbox 276 2398 1928 2480; baseline 0.001 -26"><span class='ocrx_word' id='word_1_211' title='bbox 276 2398 605 2464; x_wconf 75' lang='grc' dir='ltr'><strong>ἐξελθόντος.</strong></span> <span class='ocrx_word' id='word_1_212' title='bbox 657 2404 859 2477; x_wconf 73' lang='grc' dir='ltr'><strong>Μιχρᾶς</strong></span> <span class='ocrx_word' id='word_1_213' title='bbox 905 2398 992 2455; x_wconf 80' lang='grc' dir='ltr'><strong>οὖν</strong></span> <span class='ocrx_word' id='word_1_214' title='bbox 1035 2399 1262 2462; x_wconf 77' lang='grc' dir='ltr'><strong>ἀνέσεως</strong></span> <span class='ocrx_word' id='word_1_215' title='bbox 1324 2399 1592 2479; x_wconf 82' lang='grc' dir='ltr'><strong>ἐπιτυχὼν</strong></span> <span class='ocrx_word' id='word_1_216' title='bbox 1648 2398 1928 2480; x_wconf 78' lang='grc' dir='ltr'><strong>ἀνέρχεται</strong></span> 
     </span>
    </p>
   </div>
   <div class='ocr_carea' id='block_1_29' title="bbox 279 2485 1930 2567">
    <p class='ocr_par' dir='ltr' id='par_1_29' title="bbox 279 2485 1930 2567">
     <span class='ocr_line' id='line_1_29' title="bbox 279 2485 1930 2567; baseline 0.001 -24"><span class='ocrx_word' id='word_1_217' title='bbox 279 2485 443 2543; x_wconf 69' lang='grc' dir='ltr'><strong>πάλιν</strong></span> <span class='ocrx_word' id='word_1_218' title='bbox 487 2486 544 2543; x_wconf 78' lang='grc' dir='ltr'><strong>ἐν</strong></span> <span class='ocrx_word' id='word_1_219' title='bbox 591 2493 668 2561; x_wconf 78' lang='grc' dir='ltr'><strong>τῷ</strong></span> <span class='ocrx_word' id='word_1_220' title='bbox 722 2485 970 2560; x_wconf 80' lang='grc' dir='ltr'><strong>σπηλαίῳ</strong></span> <span class='ocrx_word' id='word_1_221' title='bbox 1014 2492 1113 2553; x_wconf 77' lang='grc' dir='ltr'><strong>τῆς</strong></span> <span class='ocrx_word' id='word_1_222' title='bbox 1158 2489 1409 2558; x_wconf 78' lang='grc' dir='ltr'><strong>συνήθους</strong></span> <span class='ocrx_word' id='word_1_223' title='bbox 1458 2486 1718 2567; x_wconf 77' lang='grc' dir='ltr'><strong>ἐχόμενος</strong></span> <span class='ocrx_word' id='word_1_224' title='bbox 1766 2487 1930 2545; x_wconf 90' lang='grc' dir='ltr'><strong>πολι-</strong></span> 
     </span>
    </p>
   </div>
   <div class='ocr_carea' id='block_1_30' title="bbox 277 2574 1932 2653">
    <p class='ocr_par' dir='ltr' id='par_1_30' title="bbox 277 2574 1932 2653">
     <span class='ocr_line' id='line_1_30' title="bbox 277 2574 1932 2653; baseline 0.001 -22"><span class='ocrx_word' id='word_1_225' title='bbox 277 2576 448 2647; x_wconf 78' lang='grc' dir='ltr'><strong>τείας,</strong></span> <span class='ocrx_word' id='word_1_226' title='bbox 518 2575 610 2630; x_wconf 80' lang='grc' dir='ltr'><strong>καὶ</strong></span> <span class='ocrx_word' id='word_1_227' title='bbox 690 2574 787 2641; x_wconf 73' lang='grc' dir='ltr'><strong>τὴν</strong></span> <span class='ocrx_word' id='word_1_228' title='bbox 855 2575 1081 2653; x_wconf 78' lang='grc' dir='ltr'><strong>ἡσυχίαν</strong></span> <span class='ocrx_word' id='word_1_229' title='bbox 1150 2574 1514 2651; x_wconf 79' lang='grc' dir='ltr'><strong>ἀσπαζόμενος</strong></span> <span class='ocrx_word' id='word_1_230' title='bbox 1583 2577 1657 2638; x_wconf 82' lang='grc' dir='ltr'><strong>ὡς</strong></span> <span class='ocrx_word' id='word_1_231' title='bbox 1740 2576 1932 2634; x_wconf 76' lang='grc' dir='ltr'><strong>οἰκείαν</strong></span> 
     </span>
    </p>
   </div>
   <div class='ocr_carea' id='block_1_31' title="bbox 283 2653 1930 2744">
    <p class='ocr_par' dir='ltr' id='par_1_31' title="bbox 283 2653 1930 2744">
     <span class='ocr_line' id='line_1_31' title="bbox 283 2653 1930 2744; baseline 0.002 -26"><span class='ocrx_word' id='word_1_232' title='bbox 283 2664 513 2741; x_wconf 74' lang='grc' dir='ltr'><strong>μητέρα.</strong></span> <span class='ocrx_word' id='word_1_233' title='bbox 577 2653 637 2719; x_wconf 72' lang='grc' dir='ltr'><strong>Ὀ</strong></span> <span class='ocrx_word' id='word_1_234' title='bbox 694 2660 749 2716; x_wconf 78' lang='grc' dir='ltr'><strong>δὲ</strong></span> <span class='ocrx_word' id='word_1_235' title='bbox 804 2659 1043 2724; x_wconf 74' lang='grc' dir='ltr'><strong>διάϐολος</strong></span> <span class='ocrx_word' id='word_1_236' title='bbox 1098 2663 1191 2719; x_wconf 73' lang='grc' dir='ltr'><strong>οὐκ</strong></span> <span class='ocrx_word' id='word_1_237' title='bbox 1242 2663 1506 2720; x_wconf 76' lang='grc' dir='ltr'><strong>ἐπαύσατο</strong></span> <span class='ocrx_word' id='word_1_238' title='bbox 1560 2663 1771 2744; x_wconf 79' lang='grc' dir='ltr'><strong>βρόχων</strong></span> <span class='ocrx_word' id='word_1_239' title='bbox 1812 2662 1930 2722; x_wconf 78' lang='grc' dir='ltr'><strong>κατ’</strong></span> 
     </span>
    </p>
   </div>
   <div class='ocr_carea' id='block_1_32' title="bbox 1998 712 3640 794">
    <p class='ocr_par' dir='ltr' id='par_1_32' title="bbox 1998 712 3640 794">
     <span class='ocr_line' id='line_1_32' title="bbox 1998 712 3640 794; baseline 0.001 -21"><span class='ocrx_word' id='word_1_240' title='bbox 1998 731 2105 793; x_wconf 89' lang='lat' dir='ltr'><strong>pro</strong></span> <span class='ocrx_word' id='word_1_241' title='bbox 2136 712 2339 775; x_wconf 89' lang='lat' dir='ltr'><strong>labore</strong></span> <span class='ocrx_word' id='word_1_242' title='bbox 2370 721 2645 793; x_wconf 91' lang='lat' dir='ltr'><strong>suscepto</strong></span> <span class='ocrx_word' id='word_1_243' title='bbox 2701 731 2884 792; x_wconf 85' lang='lat' dir='ltr'><strong>agens</strong></span> <span class='ocrx_word' id='word_1_244' title='bbox 2910 732 2925 773; x_wconf 91' lang='lat'><strong>:</strong></span> <span class='ocrx_word' id='word_1_245' title='bbox 2977 730 3182 775; x_wconf 87' lang='lat' dir='ltr'><strong>secum</strong></span> <span class='ocrx_word' id='word_1_246' title='bbox 3216 731 3352 775; x_wconf 91' lang='lat' dir='ltr'><strong>vero</strong></span> <span class='ocrx_word' id='word_1_247' title='bbox 3381 713 3510 794; x_wconf 93' lang='lat' dir='ltr'><strong>ipse</strong></span> <span class='ocrx_word' id='word_1_248' title='bbox 3541 714 3640 775; x_wconf 90' lang='lat' dir='ltr'><strong>di-</strong></span> 
     </span>
    </p>
   </div>
   <div class='ocr_carea' id='block_1_33' title="bbox 2000 800 3640 883">
    <p class='ocr_par' dir='ltr' id='par_1_33' title="bbox 2000 800 3640 883">
     <span class='ocr_line' id='line_1_33' title="bbox 2000 800 3640 883; baseline 0.001 -21"><span class='ocrx_word' id='word_1_249' title='bbox 2000 800 2201 863; x_wconf 91' lang='lat' dir='ltr'><strong>cebat:</strong></span> <span class='ocrx_word' id='word_1_250' title='bbox 2234 801 2371 864; x_wconf 69' lang='lat' dir='ltr'><strong>Haec</strong></span> <span class='ocrx_word' id='word_1_251' title='bbox 2403 821 2522 864; x_wconf 90' lang='lat' dir='ltr'><strong>non</strong></span> <span class='ocrx_word' id='word_1_252' title='bbox 2553 820 2659 882; x_wconf 93' lang='lat' dir='ltr'><strong>per</strong></span> <span class='ocrx_word' id='word_1_253' title='bbox 2688 800 2898 875; x_wconf 90' lang='lat' dir='ltr'><strong>Deum,</strong></span> <span class='ocrx_word' id='word_1_254' title='bbox 2921 820 3039 862; x_wconf 88' lang='lat' dir='ltr'><strong>non</strong></span> <span class='ocrx_word' id='word_1_255' title='bbox 3061 820 3167 883; x_wconf 90' lang='lat' dir='ltr'><strong>per</strong></span> <span class='ocrx_word' id='word_1_256' title='bbox 3187 803 3462 882; x_wconf 79' lang='lat' dir='ltr'><strong>angelum</strong></span> <span class='ocrx_word' id='word_1_257' title='bbox 3490 803 3640 865; x_wconf 89' lang='lat' dir='ltr'><strong>mihi</strong></span> 
     </span>
    </p>
   </div>
   <div class='ocr_carea' id='block_1_34' title="bbox 2003 889 3639 971">
    <p class='ocr_par' dir='ltr' id='par_1_34' title="bbox 2003 889 3639 971">
     <span class='ocr_line' id='line_1_34' title="bbox 2003 889 3639 971; baseline 0.001 -21"><span class='ocrx_word' id='word_1_258' title='bbox 2003 897 2215 970; x_wconf 65' lang='lat' dir='ltr'><strong>praasto</strong></span> <span class='ocrx_word' id='word_1_259' title='bbox 2273 899 2453 953; x_wconf 88' lang='lat' dir='ltr'><strong>sunt:</strong></span> <span class='ocrx_word' id='word_1_260' title='bbox 2502 908 2694 971; x_wconf 90' lang='lat' dir='ltr'><strong>neque</strong></span> <span class='ocrx_word' id='word_1_261' title='bbox 2747 889 2906 951; x_wconf 91' lang='lat' dir='ltr'><strong>enim</strong></span> <span class='ocrx_word' id='word_1_262' title='bbox 2961 908 3070 969; x_wconf 89' lang='lat' dir='ltr'><strong>ego</strong></span> <span class='ocrx_word' id='word_1_263' title='bbox 3120 909 3251 952; x_wconf 92' lang='lat' dir='ltr'><strong>sum</strong></span> <span class='ocrx_word' id='word_1_264' title='bbox 3307 908 3340 952; x_wconf 93' lang='lat' dir='ltr'><strong>e</strong></span> <span class='ocrx_word' id='word_1_265' title='bbox 3379 909 3639 953; x_wconf 92' lang='lat' dir='ltr'><strong>numero</strong></span> 
     </span>
    </p>
   </div>
   <div class='ocr_carea' id='block_1_35' title="bbox 2002 978 3643 1057">
    <p class='ocr_par' dir='ltr' id='par_1_35' title="bbox 2002 978 3643 1057">
     <span class='ocr_line' id='line_1_35' title="bbox 2002 978 3643 1057; baseline 0.002 -19"><span class='ocrx_word' id='word_1_266' title='bbox 2002 978 2335 1039; x_wconf 76' lang='lat' dir='ltr'><strong>timentium</strong></span> <span class='ocrx_word' id='word_1_267' title='bbox 2368 997 2526 1057; x_wconf 91' lang='lat' dir='ltr'><strong>eum,</strong></span> <span class='ocrx_word' id='word_1_268' title='bbox 2554 985 2619 1039; x_wconf 92' lang='lat' dir='ltr'><strong>ut</strong></span> <span class='ocrx_word' id='word_1_269' title='bbox 2647 996 2838 1040; x_wconf 85' lang='lat' dir='ltr'><strong>meam</strong></span> <span class='ocrx_word' id='word_1_270' title='bbox 2870 978 3229 1042; x_wconf 81' lang='lat' dir='ltr'><strong>voluntatem</strong></span> <span class='ocrx_word' id='word_1_271' title='bbox 3273 978 3488 1041; x_wconf 79' lang='lat' dir='ltr'><strong>faciat:</strong></span> <span class='ocrx_word' id='word_1_272' title='bbox 3536 978 3643 1041; x_wconf 92' lang='lat' dir='ltr'><strong>sed</strong></span> 
     </span>
    </p>
   </div>
   <div class='ocr_carea' id='block_1_36' title="bbox 2002 1065 3641 1149">
    <p class='ocr_par' dir='ltr' id='par_1_36' title="bbox 2002 1065 3641 1149">
     <span class='ocr_line' id='line_1_36' title="bbox 2002 1065 3641 1149; baseline 0.001 -22"><span class='ocrx_word' id='word_1_273' title='bbox 2002 1066 2116 1128; x_wconf 90' lang='lat' dir='ltr'><strong>hoc</strong></span> <span class='ocrx_word' id='word_1_274' title='bbox 2145 1066 2367 1129; x_wconf 90' lang='lat' dir='ltr'><strong>diaboli</strong></span> <span class='ocrx_word' id='word_1_275' title='bbox 2394 1086 2542 1148; x_wconf 90' lang='lat' dir='ltr'><strong>opus</strong></span> <span class='ocrx_word' id='word_1_276' title='bbox 2573 1078 2685 1129; x_wconf 88' lang='lat' dir='ltr'><strong>est.</strong></span> <span class='ocrx_word' id='word_1_277' title='bbox 2740 1065 3022 1146; x_wconf 79' lang='lat' dir='ltr'><strong>Cognovit</strong></span> <span class='ocrx_word' id='word_1_278' title='bbox 3052 1067 3237 1139; x_wconf 89' lang='lat' dir='ltr'><strong>enim.</strong></span> <span class='ocrx_word' id='word_1_279' title='bbox 3273 1085 3368 1129; x_wconf 90' lang='lat' dir='ltr'><strong>me</strong></span> <span class='ocrx_word' id='word_1_280' title='bbox 3398 1078 3641 1149; x_wconf 90' lang='lat' dir='ltr'><strong>captum</strong></span> 
     </span>
    </p>
   </div>
   <div class='ocr_carea' id='block_1_37' title="bbox 2003 1154 3636 1237">
    <p class='ocr_par' dir='ltr' id='par_1_37' title="bbox 2003 1154 3636 1237">
     <span class='ocr_line' id='line_1_37' title="bbox 2003 1154 3636 1237; baseline 0.001 -21"><span class='ocrx_word' id='word_1_281' title='bbox 2003 1154 2322 1235; x_wconf 88' lang='lat' dir='ltr'><strong>cupiditate</strong></span> <span class='ocrx_word' id='word_1_282' title='bbox 2351 1157 2482 1231; x_wconf 90' lang='lat' dir='ltr'><strong>hac,</strong></span> <span class='ocrx_word' id='word_1_283' title='bbox 2503 1156 2639 1237; x_wconf 90' lang='lat' dir='ltr'><strong>quia</strong></span> <span class='ocrx_word' id='word_1_284' title='bbox 2654 1155 2939 1236; x_wconf 91' lang='lat' dir='ltr'><strong>scriptum</strong></span> <span class='ocrx_word' id='word_1_285' title='bbox 2966 1165 3055 1218; x_wconf 88' lang='lat' dir='ltr'><strong>est</strong></span> <span class='ocrx_word' id='word_1_286' title='bbox 3082 1175 3095 1220; x_wconf 94' lang='lat'>:</span> <span class='ocrx_word' id='word_1_287' title='bbox 3137 1178 3161 1213; x_wconf 77' lang='grc' dir='ltr'><strong><em>α</em></strong></span> <span class='ocrx_word' id='word_1_288' title='bbox 3197 1156 3325 1218; x_wconf 90' lang='lat' dir='ltr'><strong>Non</strong></span> <span class='ocrx_word' id='word_1_289' title='bbox 3347 1157 3636 1237; x_wconf 92' lang='lat' dir='ltr'><strong>concupi-</strong></span> 
     </span>
    </p>
   </div>
   <div class='ocr_carea' id='block_1_38' title="bbox 2004 1243 3645 1321">
    <p class='ocr_par' dir='ltr' id='par_1_38' title="bbox 2004 1243 3645 1321">
     <span class='ocr_line' id='line_1_38' title="bbox 2004 1243 3645 1321; baseline 0.001 -18"><span class='ocrx_word' id='word_1_290' title='bbox 2004 1261 2135 1305; x_wconf 91' lang='lat' dir='ltr'><strong>sces</strong></span> <span class='ocrx_word' id='word_1_291' title='bbox 2154 1243 2229 1304; x_wconf 64' lang='grc' dir='ltr'><strong>εί.</strong></span> <span class='ocrx_word' id='word_1_292' title='bbox 2273 1268 2295 1301; x_wconf 77' lang='grc' dir='ltr'>ι</span> <span class='ocrx_word' id='word_1_293' title='bbox 2352 1245 2507 1306; x_wconf 86' lang='lat' dir='ltr'><strong>Vivit</strong></span> <span class='ocrx_word' id='word_1_294' title='bbox 2549 1244 2859 1317; x_wconf 85' lang='lat' dir='ltr'><strong>Dominus,</strong></span> <span class='ocrx_word' id='word_1_295' title='bbox 2909 1263 3028 1305; x_wconf 92' lang='lat' dir='ltr'><strong>non</strong></span> <span class='ocrx_word' id='word_1_296' title='bbox 3069 1243 3441 1321; x_wconf 84' lang='lat' dir='ltr'><strong>ingredietur</strong></span> <span class='ocrx_word' id='word_1_297' title='bbox 3469 1264 3538 1306; x_wconf 85' lang='lat' dir='ltr'><strong>ex</strong></span> <span class='ocrx_word' id='word_1_298' title='bbox 3567 1244 3645 1305; x_wconf 89' lang='lat' dir='ltr'><strong>iis</strong></span> 
     </span>
    </p>
   </div>
   <div class='ocr_carea' id='block_1_39' title="bbox 2004 1330 3645 1413">
    <p class='ocr_par' dir='ltr' id='par_1_39' title="bbox 2004 1330 3645 1413">
     <span class='ocr_line' id='line_1_39' title="bbox 2004 1330 3645 1413; baseline 0.001 -21"><span class='ocrx_word' id='word_1_299' title='bbox 2004 1330 2065 1392; x_wconf 93' lang='lat' dir='ltr'><strong>in</strong></span> <span class='ocrx_word' id='word_1_300' title='bbox 2095 1349 2162 1392; x_wconf 93' lang='lat' dir='ltr'><strong>os</strong></span> <span class='ocrx_word' id='word_1_301' title='bbox 2191 1350 2415 1396; x_wconf 91' lang='lat' dir='ltr'><strong>meum.</strong></span> <span class='ocrx_word' id='word_1_302' title='bbox 2451 1330 2671 1394; x_wconf 88' lang='lat' dir='ltr'><strong>Aderat</strong></span> <span class='ocrx_word' id='word_1_303' title='bbox 2701 1340 2842 1394; x_wconf 93' lang='lat' dir='ltr'><strong>tunc</strong></span> <span class='ocrx_word' id='word_1_304' title='bbox 2865 1332 3019 1395; x_wconf 89' lang='lat' dir='ltr'><strong>forte</strong></span> <span class='ocrx_word' id='word_1_305' title='bbox 3050 1333 3377 1395; x_wconf 90' lang='lat' dir='ltr'><strong>monachus</strong></span> <span class='ocrx_word' id='word_1_306' title='bbox 3404 1332 3645 1413; x_wconf 91' lang='lat' dir='ltr'><strong>quidam</strong></span> 
     </span>
    </p>
   </div>
   <div class='ocr_carea' id='block_1_40' title="bbox 2007 1419 3647 1502">
    <p class='ocr_par' dir='ltr' id='par_1_40' title="bbox 2007 1419 3647 1502">
     <span class='ocr_line' id='line_1_40' title="bbox 2007 1419 3647 1502; baseline 0 -21"><span class='ocrx_word' id='word_1_307' title='bbox 2007 1437 2040 1481; x_wconf 93' lang='lat' dir='ltr'><strong>e</strong></span> <span class='ocrx_word' id='word_1_308' title='bbox 2069 1420 2476 1501; x_wconf 87' lang='lat' dir='ltr'><strong>superioribus</strong></span> <span class='ocrx_word' id='word_1_309' title='bbox 2506 1419 2774 1501; x_wconf 91' lang='lat' dir='ltr'><strong>partibus</strong></span> <span class='ocrx_word' id='word_1_310' title='bbox 2823 1421 3149 1502; x_wconf 84' lang='lat' dir='ltr'><strong>profectus,</strong></span> <span class='ocrx_word' id='word_1_311' title='bbox 3199 1420 3315 1502; x_wconf 89' lang='lat' dir='ltr'><strong>ipsi</strong></span> <span class='ocrx_word' id='word_1_312' title='bbox 3363 1420 3647 1483; x_wconf 91' lang='lat' dir='ltr'><strong>charissi-</strong></span> 
     </span>
    </p>
   </div>
   <div class='ocr_carea' id='block_1_41' title="bbox 2007 1508 3651 1589">
    <p class='ocr_par' dir='ltr' id='par_1_41' title="bbox 2007 1508 3651 1589">
     <span class='ocr_line' id='line_1_41' title="bbox 2007 1508 3651 1589; baseline 0.001 -20"><span class='ocrx_word' id='word_1_313' title='bbox 2007 1526 2160 1583; x_wconf 90' lang='lat' dir='ltr'><strong>mus,</strong></span> <span class='ocrx_word' id='word_1_314' title='bbox 2196 1509 2337 1589; x_wconf 89' lang='lat' dir='ltr'><strong>quia</strong></span> <span class='ocrx_word' id='word_1_315' title='bbox 2362 1508 2708 1571; x_wconf 87' lang='lat' dir='ltr'><strong>suavissime</strong></span> <span class='ocrx_word' id='word_1_316' title='bbox 2758 1508 3031 1573; x_wconf 88' lang='lat' dir='ltr'><strong>canebat.</strong></span> <span class='ocrx_word' id='word_1_317' title='bbox 3082 1508 3254 1571; x_wconf 86' lang='lat' dir='ltr'><strong>Hunc</strong></span> <span class='ocrx_word' id='word_1_318' title='bbox 3304 1508 3514 1571; x_wconf 91' lang='lat' dir='ltr'><strong>beatus</strong></span> <span class='ocrx_word' id='word_1_319' title='bbox 3560 1508 3651 1571; x_wconf 82' lang='lat' dir='ltr'><strong>vir</strong></span> 
     </span>
    </p>
   </div>
   <div class='ocr_carea' id='block_1_42' title="bbox 2006 1597 3644 1679">
    <p class='ocr_par' dir='ltr' id='par_1_42' title="bbox 2006 1597 3644 1679">
     <span class='ocr_line' id='line_1_42' title="bbox 2006 1597 3644 1679; baseline -0.001 -19"><span class='ocrx_word' id='word_1_320' title='bbox 2006 1616 2139 1660; x_wconf 92' lang='lat' dir='ltr'><strong>cum</strong></span> <span class='ocrx_word' id='word_1_321' title='bbox 2172 1597 2542 1674; x_wconf 84' lang='lat' dir='ltr'><strong>advoeasset,</strong></span> <span class='ocrx_word' id='word_1_322' title='bbox 2562 1598 2725 1661; x_wconf 89' lang='lat' dir='ltr'><strong>dedit</strong></span> <span class='ocrx_word' id='word_1_323' title='bbox 2752 1598 3099 1679; x_wconf 88' lang='lat' dir='ltr'><strong>cophinum,</strong></span> <span class='ocrx_word' id='word_1_324' title='bbox 3125 1598 3210 1659; x_wconf 92' lang='lat' dir='ltr'><strong>uti</strong></span> <span class='ocrx_word' id='word_1_325' title='bbox 3234 1597 3466 1661; x_wconf 89' lang='lat' dir='ltr'><strong>oblatus</strong></span> <span class='ocrx_word' id='word_1_326' title='bbox 3495 1604 3644 1673; x_wconf 90' lang='lat' dir='ltr'><strong>erat,</strong></span> 
     </span>
    </p>
   </div>
   <div class='ocr_carea' id='block_1_43' title="bbox 1943 1685 3645 1780">
    <p class='ocr_par' dir='ltr' id='par_1_43' title="bbox 1943 1685 3645 1780">
     <span class='ocr_line' id='line_1_43' title="bbox 1943 1685 3645 1780; baseline 0.001 -34"><span class='ocrx_word' id='word_1_327' title='bbox 1943 1719 1991 1780; x_wconf 80' lang='grc' dir='ltr'><strong>Β</strong></span> <span class='ocrx_word' id='word_1_328' title='bbox 2010 1685 2394 1780; x_wconf 80' lang='lat' dir='ltr'><strong>addiditque:</strong></span> <span class='ocrx_word' id='word_1_329' title='bbox 2419 1685 2560 1780; x_wconf 79' lang='lat' dir='ltr'><strong>Acci</strong></span> <span class='ocrx_word' id='word_1_330' title='bbox 2569 1685 2916 1780; x_wconf 71' lang='lat' dir='ltr'><strong>pe_1_r_enium,</strong></span> <span class='ocrx_word' id='word_1_331' title='bbox 2936 1685 3140 1780; x_wconf 80' lang='lat' dir='ltr'><strong>quod_a</strong></span> <span class='ocrx_word' id='word_1_332' title='bbox 3151 1685 3389 1780; x_wconf 76' lang='lat' dir='ltr'><strong>Christo</strong></span> <span class='ocrx_word' id='word_1_333' title='bbox 3402 1686 3645 1780; x_wconf 75' lang='lat' dir='ltr'><strong>missum</strong></span> 
     </span>
    </p>
   </div>
   <div class='ocr_carea' id='block_1_44' title="bbox 2014 1773 3650 1854">
    <p class='ocr_par' dir='ltr' id='par_1_44' title="bbox 2014 1773 3650 1854">
     <span class='ocr_line' id='line_1_44' title="bbox 2014 1773 3650 1854; baseline 0 -20"><span class='ocrx_word' id='word_1_334' title='bbox 2014 1774 2119 1836; x_wconf 89' lang='lat' dir='ltr'><strong>tibi</strong></span> <span class='ocrx_word' id='word_1_335' title='bbox 2175 1782 2286 1836; x_wconf 92' lang='lat' dir='ltr'><strong>est.</strong></span> <span class='ocrx_word' id='word_1_336' title='bbox 2337 1775 2591 1854; x_wconf 82' lang='lat' dir='ltr'><strong>Accepit</strong></span> <span class='ocrx_word' id='word_1_337' title='bbox 2637 1774 2737 1836; x_wconf 92' lang='lat' dir='ltr'><strong>ille</strong></span> <span class='ocrx_word' id='word_1_338' title='bbox 2789 1782 2847 1835; x_wconf 92' lang='lat' dir='ltr'><strong>et</strong></span> <span class='ocrx_word' id='word_1_339' title='bbox 2889 1773 3163 1837; x_wconf 87' lang='lat' dir='ltr'><strong>recessit.</strong></span> <span class='ocrx_word' id='word_1_340' title='bbox 3210 1773 3441 1836; x_wconf 84' lang='lat' dir='ltr'><strong>Videns</strong></span> <span class='ocrx_word' id='word_1_341' title='bbox 3470 1773 3650 1853; x_wconf 89' lang='lat' dir='ltr'><strong>igitur</strong></span> 
     </span>
    </p>
   </div>
   <div class='ocr_carea' id='block_1_45' title="bbox 2008 1862 3647 1943">
    <p class='ocr_par' dir='ltr' id='par_1_45' title="bbox 2008 1862 3647 1943">
     <span class='ocr_line' id='line_1_45' title="bbox 2008 1862 3647 1943; baseline -0.001 -19"><span class='ocrx_word' id='word_1_342' title='bbox 2008 1864 2169 1925; x_wconf 90' lang='lat' dir='ltr'><strong>Deus</strong></span> <span class='ocrx_word' id='word_1_343' title='bbox 2193 1882 2485 1925; x_wconf 90' lang='lat' dir='ltr'><strong>summam</strong></span> <span class='ocrx_word' id='word_1_344' title='bbox 2500 1862 2610 1924; x_wconf 83' lang='lat' dir='ltr'><strong>viri</strong></span> <span class='ocrx_word' id='word_1_345' title='bbox 2642 1862 2987 1943; x_wconf 88' lang='lat' dir='ltr'><strong>patientiam</strong></span> <span class='ocrx_word' id='word_1_346' title='bbox 3017 1870 3192 1943; x_wconf 88' lang='lat' dir='ltr'><strong>atque</strong></span> <span class='ocrx_word' id='word_1_347' title='bbox 3222 1862 3647 1937; x_wconf 86' lang='lat' dir='ltr'><strong>constantiam,</strong></span> 
     </span>
    </p>
   </div>
   <div class='ocr_carea' id='block_1_46' title="bbox 2010 1949 3649 2035">
    <p class='ocr_par' dir='ltr' id='par_1_46' title="bbox 2010 1949 3649 2035">
     <span class='ocr_line' id='line_1_46' title="bbox 2010 1949 3649 2035; baseline -0.002 -20"><span class='ocrx_word' id='word_1_348' title='bbox 2010 1953 2143 2015; x_wconf 89' lang='lat' dir='ltr'><strong>tulit</strong></span> <span class='ocrx_word' id='word_1_349' title='bbox 2171 1971 2344 2035; x_wconf 91' lang='lat' dir='ltr'><strong>opem</strong></span> <span class='ocrx_word' id='word_1_350' title='bbox 2387 1951 2812 2032; x_wconf 91' lang='lat' dir='ltr'><strong>doloribusque</strong></span> <span class='ocrx_word' id='word_1_351' title='bbox 2860 1950 3129 2012; x_wconf 86' lang='lat' dir='ltr'><strong>liberavit</strong></span> <span class='ocrx_word' id='word_1_352' title='bbox 3181 1956 3242 2012; x_wconf 91' lang='lat' dir='ltr'><strong>et</strong></span> <span class='ocrx_word' id='word_1_353' title='bbox 3291 1949 3500 2012; x_wconf 89' lang='lat' dir='ltr'><strong>morbo</strong></span> <span class='ocrx_word' id='word_1_354' title='bbox 3547 1950 3649 2011; x_wconf 89' lang='lat' dir='ltr'><strong>illo</strong></span> 
     </span>
    </p>
   </div>
   <div class='ocr_carea' id='block_1_47' title="bbox 2009 2037 3652 2122">
    <p class='ocr_par' dir='ltr' id='par_1_47' title="bbox 2009 2037 3652 2122">
     <span class='ocr_line' id='line_1_47' title="bbox 2009 2037 3652 2122; baseline -0.001 -20"><span class='ocrx_word' id='word_1_355' title='bbox 2009 2041 2381 2122; x_wconf 84' lang='lat' dir='ltr'><strong>gravissimo,</strong></span> <span class='ocrx_word' id='word_1_356' title='bbox 2455 2039 2722 2120; x_wconf 92' lang='lat' dir='ltr'><strong>disrupto</strong></span> <span class='ocrx_word' id='word_1_357' title='bbox 2779 2039 2938 2100; x_wconf 90' lang='lat' dir='ltr'><strong>intus</strong></span> <span class='ocrx_word' id='word_1_358' title='bbox 2992 2038 3054 2099; x_wconf 93' lang='lat' dir='ltr'><strong>in</strong></span> <span class='ocrx_word' id='word_1_359' title='bbox 3112 2039 3344 2101; x_wconf 90' lang='lat' dir='ltr'><strong>cerviee</strong></span> <span class='ocrx_word' id='word_1_360' title='bbox 3398 2037 3652 2100; x_wconf 90' lang='lat' dir='ltr'><strong>abcessu</strong></span> 
     </span>
    </p>
   </div>
   <div class='ocr_carea' id='block_1_48' title="bbox 2011 2124 3651 2211">
    <p class='ocr_par' dir='ltr' id='par_1_48' title="bbox 2011 2124 3651 2211">
     <span class='ocr_line' id='line_1_48' title="bbox 2011 2124 3651 2211; baseline -0.002 -21"><span class='ocrx_word' id='word_1_361' title='bbox 2011 2130 2311 2211; x_wconf 82' lang='lat' dir='ltr'><strong>multaque</strong></span> <span class='ocrx_word' id='word_1_362' title='bbox 2342 2127 2508 2190; x_wconf 91' lang='lat' dir='ltr'><strong>sanie</strong></span> <span class='ocrx_word' id='word_1_363' title='bbox 2540 2143 2646 2208; x_wconf 90' lang='lat' dir='ltr'><strong>per</strong></span> <span class='ocrx_word' id='word_1_364' title='bbox 2697 2145 2763 2188; x_wconf 92' lang='lat' dir='ltr'><strong>os</strong></span> <span class='ocrx_word' id='word_1_365' title='bbox 2811 2133 3031 2206; x_wconf 87' lang='lat' dir='ltr'><strong>egesta.</strong></span> <span class='ocrx_word' id='word_1_366' title='bbox 3082 2124 3169 2187; x_wconf 91' lang='lat' dir='ltr'><strong>Ita</strong></span> <span class='ocrx_word' id='word_1_367' title='bbox 3214 2126 3523 2207; x_wconf 84' lang='lat' dir='ltr'><strong>paululum</strong></span> <span class='ocrx_word' id='word_1_368' title='bbox 3552 2143 3651 2187; x_wconf 91' lang='lat' dir='ltr'><strong>re-</strong></span> 
     </span>
    </p>
   </div>
   <div class='ocr_carea' id='block_1_49' title="bbox 2011 2213 3648 2294">
    <p class='ocr_par' dir='ltr' id='par_1_49' title="bbox 2011 2213 3648 2294">
     <span class='ocr_line' id='line_1_49' title="bbox 2011 2213 3648 2294; baseline -0.003 -13"><span class='ocrx_word' id='word_1_369' title='bbox 2011 2227 2243 2281; x_wconf 90' lang='lat' dir='ltr'><strong>creatus</strong></span> <span class='ocrx_word' id='word_1_370' title='bbox 2270 2216 2588 2279; x_wconf 84' lang='lat' dir='ltr'><strong>revertitur</strong></span> <span class='ocrx_word' id='word_1_371' title='bbox 2615 2214 2678 2276; x_wconf 90' lang='lat' dir='ltr'><strong>in</strong></span> <span class='ocrx_word' id='word_1_372' title='bbox 2708 2232 2876 2277; x_wconf 90' lang='lat' dir='ltr'><strong>suam</strong></span> <span class='ocrx_word' id='word_1_373' title='bbox 2909 2214 3284 2294; x_wconf 86' lang='lat' dir='ltr'><strong>speluncam,</strong></span> <span class='ocrx_word' id='word_1_374' title='bbox 3336 2213 3648 2294; x_wconf 91' lang='lat' dir='ltr'><strong>pristinum</strong></span> 
     </span>
    </p>
   </div>
   <div class='ocr_carea' id='block_1_50' title="bbox 2010 2302 3648 2384">
    <p class='ocr_par' dir='ltr' id='par_1_50' title="bbox 2010 2302 3648 2384">
     <span class='ocr_line' id='line_1_50' title="bbox 2010 2302 3648 2384; baseline -0.003 -17"><span class='ocrx_word' id='word_1_375' title='bbox 2010 2308 2142 2370; x_wconf 64' lang='lat' dir='ltr'><strong>vita;</strong></span> <span class='ocrx_word' id='word_1_376' title='bbox 2168 2306 2502 2369; x_wconf 89' lang='lat' dir='ltr'><strong>institutum</strong></span> <span class='ocrx_word' id='word_1_377' title='bbox 2533 2311 2981 2384; x_wconf 88' lang='lat' dir='ltr'><strong>prosecuturus,</strong></span> <span class='ocrx_word' id='word_1_378' title='bbox 3034 2320 3238 2363; x_wconf 89' lang='lat' dir='ltr'><strong>amore</strong></span> <span class='ocrx_word' id='word_1_379' title='bbox 3285 2302 3648 2384; x_wconf 39' lang='lat' dir='ltr'><strong>solitudinisﬁ</strong></span> 
     </span>
    </p>
   </div>
   <div class='ocr_carea' id='block_1_51' title="bbox 2012 2381 3652 2479">
    <p class='ocr_par' dir='ltr' id='par_1_51' title="bbox 2012 2381 3652 2479">
     <span class='ocr_line' id='line_1_51' title="bbox 2012 2381 3652 2479; baseline -0.004 -20"><span class='ocrx_word' id='word_1_380' title='bbox 2012 2414 2188 2479; x_wconf 88' lang='lat' dir='ltr'><strong>quam</strong></span> <span class='ocrx_word' id='word_1_381' title='bbox 2220 2392 2483 2476; x_wconf 90' lang='lat' dir='ltr'><strong>parentis</strong></span> <span class='ocrx_word' id='word_1_382' title='bbox 2512 2381 2642 2454; x_wconf 83' lang='lat' dir='ltr'><strong>loco</strong></span> <span class='ocrx_word' id='word_1_383' title='bbox 2689 2390 3181 2479; x_wconf 83' lang='lat' dir='ltr'><strong>amplectebatur.</strong></span> <span class='ocrx_word' id='word_1_384' title='bbox 3230 2391 3310 2479; x_wconf 70' lang='lat' dir='ltr'><strong>_At</strong></span> <span class='ocrx_word' id='word_1_385' title='bbox 3349 2381 3652 2453; x_wconf 71' lang='grc' dir='ltr'><strong>νει-οᾟίἁῖ</strong></span> 
     </span>
    </p>
   </div>
   <div class='ocr_carea' id='block_1_52' title="bbox 2011 2477 3655 2559">
    <p class='ocr_par' dir='ltr' id='par_1_52' title="bbox 2011 2477 3655 2559">
     <span class='ocr_line' id='line_1_52' title="bbox 2011 2477 3655 2559; baseline -0.004 -12"><span class='ocrx_word' id='word_1_386' title='bbox 2011 2477 2185 2548; x_wconf 86' lang='lat' dir='ltr'><strong>bolus</strong></span> <span class='ocrx_word' id='word_1_387' title='bbox 2203 2483 2481 2545; x_wconf 85' lang='lat' dir='ltr'><strong>dentibus</strong></span> <span class='ocrx_word' id='word_1_388' title='bbox 2504 2481 2566 2542; x_wconf 90' lang='lat' dir='ltr'><strong>in</strong></span> <span class='ocrx_word' id='word_1_389' title='bbox 2587 2498 2720 2542; x_wconf 92' lang='lat' dir='ltr'><strong>eum</strong></span> <span class='ocrx_word' id='word_1_390' title='bbox 2744 2479 3028 2541; x_wconf 82' lang='lat' dir='ltr'><strong>frendens</strong></span> <span class='ocrx_word' id='word_1_391' title='bbox 3067 2477 3423 2554; x_wconf 86' lang='lat' dir='ltr'><strong>enitebatur,</strong></span> <span class='ocrx_word' id='word_1_392' title='bbox 3466 2479 3516 2540; x_wconf 90' lang='lat' dir='ltr'><strong>si</strong></span> <span class='ocrx_word' id='word_1_393' title='bbox 3546 2497 3655 2559; x_wconf 93' lang='lat' dir='ltr'><strong>per</strong></span> 
     </span>
    </p>
   </div>
   <div class='ocr_carea' id='block_1_53' title="bbox 2013 2566 3651 2654">
    <p class='ocr_par' dir='ltr' id='par_1_53' title="bbox 2013 2566 3651 2654">
     <span class='ocr_line' id='line_1_53' title="bbox 2013 2566 3651 2654; baseline -0.005 -16"><span class='ocrx_word' id='word_1_394' title='bbox 2013 2573 2124 2638; x_wconf 89' lang='lat' dir='ltr'><strong>Dei</strong></span> <span class='ocrx_word' id='word_1_395' title='bbox 2148 2569 2581 2654; x_wconf 88' lang='lat' dir='ltr'><strong>providentiam</strong></span> <span class='ocrx_word' id='word_1_396' title='bbox 2611 2567 2875 2631; x_wconf 90' lang='lat' dir='ltr'><strong>licuisset</strong></span> <span class='ocrx_word' id='word_1_397' title='bbox 2903 2567 3040 2644; x_wconf 91' lang='lat' dir='ltr'><strong>sibi,</strong></span> <span class='ocrx_word' id='word_1_398' title='bbox 3066 2574 3131 2629; x_wconf 92' lang='lat' dir='ltr'><strong>ut</strong></span> <span class='ocrx_word' id='word_1_399' title='bbox 3148 2567 3239 2630; x_wconf 91' lang='lat' dir='ltr'><strong>vel</strong></span> <span class='ocrx_word' id='word_1_400' title='bbox 3262 2566 3451 2650; x_wconf 90' lang='lat' dir='ltr'><strong>ipsam</strong></span> <span class='ocrx_word' id='word_1_401' title='bbox 3475 2567 3651 2629; x_wconf 90' lang='lat' dir='ltr'><strong>vitam</strong></span> 
     </span>
    </p>
   </div>
   <div class='ocr_carea' id='block_1_54' title="bbox 2016 2658 2691 2739">
    <p class='ocr_par' dir='ltr' id='par_1_54' title="bbox 2016 2658 2691 2739">
     <span class='ocr_line' id='line_1_54' title="bbox 2016 2658 2691 2739; baseline -0.009 -15"><span class='ocrx_word' id='word_1_402' title='bbox 2016 2673 2219 2724; x_wconf 89' lang='lat' dir='ltr'><strong>sancto</strong></span> <span class='ocrx_word' id='word_1_403' title='bbox 2248 2660 2378 2722; x_wconf 91' lang='lat' dir='ltr'><strong>viro</strong></span> <span class='ocrx_word' id='word_1_404' title='bbox 2409 2658 2691 2739; x_wconf 87' lang='lat' dir='ltr'><strong>eriperet.</strong></span> 
     </span>
    </p>
   </div>
   <div class='ocr_carea' id='block_1_55' title="bbox 282 2747 3659 2829">
    <p class='ocr_par' dir='ltr' id='par_1_55' title="bbox 282 2747 3659 2829">
     <span class='ocr_line' id='line_1_55' title="bbox 282 2747 3659 2829; baseline -0.002 -22"><span class='ocrx_word' id='word_1_405' title='bbox 282 2751 441 2807; x_wconf 76' lang='grc' dir='ltr'><strong>αὑτοῦ</strong></span> <span class='ocrx_word' id='word_1_406' title='bbox 490 2750 622 2812; x_wconf 76' lang='grc' dir='ltr'><strong>τοὺς</strong></span> <span class='ocrx_word' id='word_1_407' title='bbox 671 2747 891 2812; x_wconf 83' lang='grc' dir='ltr'><strong>ὀδόντας</strong></span> <span class='ocrx_word' id='word_1_408' title='bbox 953 2752 1041 2805; x_wconf 79' lang='grc' dir='ltr'><strong>καὶ</strong></span> <span class='ocrx_word' id='word_1_409' title='bbox 1084 2750 1492 2829; x_wconf 84' lang='grc' dir='ltr'><strong>ἀγωνιζόμενος,</strong></span> <span class='ocrx_word' id='word_1_410' title='bbox 1559 2750 1674 2829; x_wconf 74' lang='grc' dir='ltr'><strong>εἴγε</strong></span> <span class='ocrx_word' id='word_1_411' title='bbox 1716 2753 1817 2809; x_wconf 78' lang='grc' dir='ltr'><strong>ὑπὸ</strong></span> <span class='ocrx_word' id='word_1_412' title='bbox 1872 2761 1974 2824; x_wconf 81' lang='grc' dir='ltr'><strong>τῆς</strong></span> <span class='ocrx_word' id='word_1_413' title='bbox 2020 2761 2112 2812; x_wconf 82' lang='grc' dir='ltr'>τοῦ</span> <span class='ocrx_word' id='word_1_414' title='bbox 2167 2759 2298 2809; x_wconf 80' lang='grc' dir='ltr'><strong>Θεοῦ</strong></span> <span class='ocrx_word' id='word_1_415' title='bbox 2352 2750 2596 2829; x_wconf 87' lang='grc' dir='ltr'><strong>προνοίας</strong></span> <span class='ocrx_word' id='word_1_416' title='bbox 2652 2760 3050 2828; x_wconf 78' lang='grc' dir='ltr'><strong>παρεχωρεττο,</strong></span> <span class='ocrx_word' id='word_1_417' title='bbox 3101 2748 3237 2805; x_wconf 86' lang='grc' dir='ltr'><strong>ὥστε</strong></span> <span class='ocrx_word' id='word_1_418' title='bbox 3286 2748 3376 2804; x_wconf 77' lang='grc' dir='ltr'><strong>καὶ</strong></span> <span class='ocrx_word' id='word_1_419' title='bbox 3418 2753 3511 2804; x_wconf 80' lang='grc' dir='ltr'><strong>τοῦ</strong></span> <span class='ocrx_word' id='word_1_420' title='bbox 3565 2752 3659 2823; x_wconf 76' lang='grc' dir='ltr'><strong>ζῇν</strong></span> 
     </span>
    </p>
   </div>
   <div class='ocr_carea' id='block_1_56' title="bbox 284 2835 1143 2917">
    <p class='ocr_par' dir='ltr' id='par_1_56' title="bbox 284 2835 1143 2917">
     <span class='ocr_line' id='line_1_56' title="bbox 284 2835 1143 2917; baseline -0.002 -21"><span class='ocrx_word' id='word_1_421' title='bbox 284 2837 589 2905; x_wconf 74' lang='grc' dir='ltr'><strong>ἀπαλλάξαι</strong></span> <span class='ocrx_word' id='word_1_422' title='bbox 616 2839 713 2894; x_wconf 81' lang='grc' dir='ltr'><strong>τὸν</strong></span> <span class='ocrx_word' id='word_1_423' title='bbox 740 2835 935 2894; x_wconf 78' lang='grc' dir='ltr'><strong>δίκαιον</strong></span> <span class='ocrx_word' id='word_1_424' title='bbox 964 2835 1143 2917; x_wconf 79' lang='grc' dir='ltr'><strong>ἄνδρα,</strong></span> 
     </span>
    </p>
   </div>
   <div class='ocr_carea' id='block_1_57' title="bbox 356 2917 1932 3008">
    <p class='ocr_par' dir='ltr' id='par_1_57' title="bbox 356 2917 1923 3008">
     <span class='ocr_line' id='line_1_57' title="bbox 356 2917 1923 3008; baseline 0.002 -26"><span class='ocrx_word' id='word_1_425' title='bbox 356 2917 470 3006; x_wconf 76' lang='grc' dir='ltr'><strong>κγ’,</strong></span> <span class='ocrx_word' id='word_1_426' title='bbox 506 2927 615 2985; x_wconf 82' lang='grc' dir='ltr'><strong>Καὶ</strong></span> <span class='ocrx_word' id='word_1_427' title='bbox 640 2923 708 2993; x_wconf 74' lang='grc' dir='ltr'>δὴ</span> <span class='ocrx_word' id='word_1_428' title='bbox 736 2927 871 2981; x_wconf 78' lang='grc' dir='ltr'><strong>κατὰ</strong></span> <span class='ocrx_word' id='word_1_429' title='bbox 895 2928 956 2981; x_wconf 83' lang='grc' dir='ltr'><strong>τὸ</strong></span> <span class='ocrx_word' id='word_1_430' title='bbox 994 2924 1110 2990; x_wconf 81' lang='grc' dir='ltr'><strong>ἔθος</strong></span> <span class='ocrx_word' id='word_1_431' title='bbox 1158 2925 1475 3007; x_wconf 78' lang='grc' dir='ltr'><strong>σχολάζοντι</strong></span> <span class='ocrx_word' id='word_1_432' title='bbox 1525 2925 1579 2984; x_wconf 82' lang='grc' dir='ltr'><strong>ἐν</strong></span> <span class='ocrx_word' id='word_1_433' title='bbox 1632 2934 1729 3003; x_wconf 83' lang='grc' dir='ltr'><strong>μιᾷ</strong></span> <span class='ocrx_word' id='word_1_434' title='bbox 1756 2930 1923 3008; x_wconf 79' lang='grc' dir='ltr'><strong>νυκτὶ,</strong></span> 
     </span>
    </p>
   </div>
   <div class='ocr_carea' id='block_1_58' title="bbox 2012 2917 3658 3008">
    <p class='ocr_par' dir='ltr' id='par_1_58' title="bbox 2092 2920 3658 3006">
     <span class='ocr_line' id='line_1_58' title="bbox 2092 2920 3658 3006; baseline -0.004 -18"><span class='ocrx_word' id='word_1_435' title='bbox 2092 2927 2192 2989; x_wconf 76' lang='lat'><strong>23.</strong></span> <span class='ocrx_word' id='word_1_436' title='bbox 2226 2925 2488 2999; x_wconf 87' lang='lat' dir='ltr'><strong>Quadam</strong></span> <span class='ocrx_word' id='word_1_437' title='bbox 2518 2942 2658 3003; x_wconf 82' lang='lat' dir='ltr'><strong>ergo</strong></span> <span class='ocrx_word' id='word_1_438' title='bbox 2685 2930 2883 3006; x_wconf 92' lang='lat' dir='ltr'><strong>nocte,</strong></span> <span class='ocrx_word' id='word_1_439' title='bbox 2909 2941 3043 2986; x_wconf 92' lang='lat' dir='ltr'><strong>cum</strong></span> <span class='ocrx_word' id='word_1_440' title='bbox 3064 2923 3116 2985; x_wconf 92' lang='lat' dir='ltr'><strong>is</strong></span> <span class='ocrx_word' id='word_1_441' title='bbox 3137 2922 3212 2985; x_wconf 92' lang='lat' dir='ltr'><strong>de</strong></span> <span class='ocrx_word' id='word_1_442' title='bbox 3234 2940 3402 2985; x_wconf 88' lang='lat' dir='ltr'><strong>more</strong></span> <span class='ocrx_word' id='word_1_443' title='bbox 3442 2920 3658 2984; x_wconf 92' lang='lat' dir='ltr'><strong>divinis</strong></span> 
     </span>
    </p>
   </div>
   <div class='ocr_carea' id='block_1_59' title="bbox 286 3012 1935 3094">
    <p class='ocr_par' dir='ltr' id='par_1_59' title="bbox 286 3012 1935 3094">
     <span class='ocr_line' id='line_1_59' title="bbox 286 3012 1935 3094; baseline 0.001 -22"><span class='ocrx_word' id='word_1_444' title='bbox 286 3016 369 3072; x_wconf 77' lang='grc' dir='ltr'><strong>καὶ</strong></span> <span class='ocrx_word' id='word_1_445' title='bbox 440 3012 849 3093; x_wconf 80' lang='grc' dir='ltr'><strong>διαγρυπνοῦντι</strong></span> <span class='ocrx_word' id='word_1_446' title='bbox 905 3012 958 3070; x_wconf 76' lang='grc' dir='ltr'><strong>ἒν</strong></span> <span class='ocrx_word' id='word_1_447' title='bbox 1014 3013 1255 3089; x_wconf 74' lang='grc' dir='ltr'><strong>ψαλμοῖς</strong></span> <span class='ocrx_word' id='word_1_448' title='bbox 1324 3017 1414 3071; x_wconf 84' lang='grc' dir='ltr'><strong>καὶ</strong></span> <span class='ocrx_word' id='word_1_449' title='bbox 1466 3014 1816 3094; x_wconf 79' lang='grc' dir='ltr'><strong>γονυκλισίαις</strong></span> <span class='ocrx_word' id='word_1_450' title='bbox 1879 3017 1935 3074; x_wconf 72' lang='grc' dir='ltr'><strong>ἐν</strong></span> 
     </span>
    </p>
   </div>
   <div class='ocr_carea' id='block_1_60' title="bbox 286 3100 1931 3183">
    <p class='ocr_par' dir='ltr' id='par_1_60' title="bbox 286 3100 1931 3183">
     <span class='ocr_line' id='line_1_60' title="bbox 286 3100 1931 3183; baseline 0.005 -28"><span class='ocrx_word' id='word_1_451' title='bbox 286 3112 359 3178; x_wconf 72' lang='grc' dir='ltr'><strong>τῷ</strong></span> <span class='ocrx_word' id='word_1_452' title='bbox 410 3110 596 3183; x_wconf 71' lang='grc' dir='ltr'><strong>μικρῷ</strong></span> <span class='ocrx_word' id='word_1_453' title='bbox 654 3100 935 3181; x_wconf 77' lang='grc' dir='ltr'><strong>σπηλαρίῳ</strong></span> <span class='ocrx_word' id='word_1_454' title='bbox 998 3109 1076 3177; x_wconf 83' lang='grc' dir='ltr'><strong>τῷ</strong></span> <span class='ocrx_word' id='word_1_455' title='bbox 1136 3101 1224 3160; x_wconf 75' lang='grc' dir='ltr'><strong>ὑπ’</strong></span> <span class='ocrx_word' id='word_1_456' title='bbox 1283 3103 1441 3161; x_wconf 72' lang='grc' dir='ltr'><strong>αὐτοῦ</strong></span> <span class='ocrx_word' id='word_1_457' title='bbox 1490 3101 1931 3182; x_wconf 83' lang='grc' dir='ltr'><strong>λελατομημένῳ,</strong></span> 
     </span>
    </p>
   </div>
   <div class='ocr_carea' id='block_1_61' title="bbox 285 3189 1939 3269">
    <p class='ocr_par' dir='ltr' id='par_1_61' title="bbox 285 3189 1939 3269">
     <span class='ocr_line' id='line_1_61' title="bbox 285 3189 1939 3269; baseline 0.001 -20"><span class='ocrx_word' id='word_1_458' title='bbox 285 3195 370 3249; x_wconf 74' lang='lat' dir='ltr'><strong>ui</strong></span> <span class='ocrx_word' id='word_1_459' title='bbox 414 3197 519 3258; x_wconf 80' lang='grc' dir='ltr'><strong>τῆς</strong></span> <span class='ocrx_word' id='word_1_460' title='bbox 583 3197 680 3245; x_wconf 74' lang='grc' dir='ltr'><strong>τοῦ</strong></span> <span class='ocrx_word' id='word_1_461' title='bbox 731 3189 956 3269; x_wconf 75' lang='grc' dir='ltr'><strong>φέγγους</strong></span> <span class='ocrx_word' id='word_1_462' title='bbox 1005 3191 1171 3269; x_wconf 72' lang='grc' dir='ltr'><strong>αὐγῆς</strong></span> <span class='ocrx_word' id='word_1_463' title='bbox 1217 3191 1283 3246; x_wconf 78' lang='grc' dir='ltr'><strong>τὰ</strong></span> <span class='ocrx_word' id='word_1_464' title='bbox 1334 3190 1506 3247; x_wconf 86' lang='grc' dir='ltr'><strong>πάντα</strong></span> <span class='ocrx_word' id='word_1_465' title='bbox 1552 3190 1939 3267; x_wconf 77' lang='grc' dir='ltr'><strong>καταλαμπού-</strong></span> 
     </span>
    </p>
   </div>
   <div class='ocr_carea' id='block_1_62' title="bbox 286 3276 1943 3358">
    <p class='ocr_par' dir='ltr' id='par_1_62' title="bbox 286 3276 1943 3358">
     <span class='ocr_line' id='line_1_62' title="bbox 286 3276 1943 3358; baseline 0.002 -23"><span class='ocrx_word' id='word_1_466' title='bbox 286 3302 405 3353; x_wconf 76' lang='grc' dir='ltr'><strong>σης,</strong></span> <span class='ocrx_word' id='word_1_467' title='bbox 460 3280 533 3347; x_wconf 76' lang='grc' dir='ltr'><strong>ἦν</strong></span> <span class='ocrx_word' id='word_1_468' title='bbox 753 3287 847 3336; x_wconf 77' lang='grc' dir='ltr'><strong>τοῦ</strong></span> <span class='ocrx_word' id='word_1_469' title='bbox 911 3276 1087 3357; x_wconf 80' lang='grc' dir='ltr'><strong>θέρους</strong></span> <span class='ocrx_word' id='word_1_470' title='bbox 1142 3280 1178 3346; x_wconf 77' lang='grc' dir='ltr'><strong>ἡ</strong></span> <span class='ocrx_word' id='word_1_471' title='bbox 1235 3277 1369 3358; x_wconf 78' lang='grc' dir='ltr'><strong>ὥρα,</strong></span> <span class='ocrx_word' id='word_1_472' title='bbox 1426 3279 1660 3358; x_wconf 86' lang='grc' dir='ltr'><strong>φαίνεται</strong></span> <span class='ocrx_word' id='word_1_473' title='bbox 1716 3285 1859 3357; x_wconf 74' lang='grc' dir='ltr'><strong>αὐτῷ</strong></span> <span class='ocrx_word' id='word_1_474' title='bbox 1914 3285 1943 3338; x_wconf 83' lang='grc' dir='ltr'>ὁ</span> 
     </span>
    </p>
   </div>
   <div class='ocr_carea' id='block_1_63' title="bbox 290 3365 1941 3446">
    <p class='ocr_par' dir='ltr' id='par_1_63' title="bbox 290 3365 1941 3446">
     <span class='ocr_line' id='line_1_63' title="bbox 290 3365 1941 3446; baseline 0.001 -20"><span class='ocrx_word' id='word_1_475' title='bbox 290 3366 533 3431; x_wconf 67' lang='grc' dir='ltr'><strong>διάϐολος</strong></span> <span class='ocrx_word' id='word_1_476' title='bbox 598 3365 1018 3446; x_wconf 73' lang='grc' dir='ltr'><strong>ὀφθαλμοφανῶς</strong></span> <span class='ocrx_word' id='word_1_477' title='bbox 1062 3369 1137 3430; x_wconf 86' lang='grc' dir='ltr'><strong>ὡς</strong></span> <span class='ocrx_word' id='word_1_478' title='bbox 1182 3367 1389 3442; x_wconf 80' lang='grc' dir='ltr'><strong>Αἰθίοψ,</strong></span> <span class='ocrx_word' id='word_1_479' title='bbox 1441 3365 1670 3444; x_wconf 82' lang='grc' dir='ltr'><strong>ῥόπαλον</strong></span> <span class='ocrx_word' id='word_1_480' title='bbox 1716 3368 1769 3425; x_wconf 85' lang='grc' dir='ltr'><strong>ὲν</strong></span> <span class='ocrx_word' id='word_1_481' title='bbox 1820 3382 1941 3434; x_wconf 75' lang='grc' dir='ltr'><strong>ταῖς</strong></span> 
     </span>
    </p>
   </div>
   <div class='ocr_carea' id='block_1_64' title="bbox 288 3451 1942 3536">
    <p class='ocr_par' dir='ltr' id='par_1_64' title="bbox 288 3451 1942 3536">
     <span class='ocr_line' id='line_1_64' title="bbox 288 3451 1942 3536; baseline -0.01 -4"><span class='ocrx_word' id='word_1_482' title='bbox 288 3459 436 3536; x_wconf 73' lang='grc' dir='ltr'><strong>χερσὶ</strong></span> <span class='ocrx_word' id='word_1_483' title='bbox 505 3455 764 3533; x_wconf 67' lang='grc' dir='ltr'><strong>κατέχων</strong></span> <span class='ocrx_word' id='word_1_484' title='bbox 795 3469 811 3485; x_wconf 81' lang='grc'><strong><em>⁸</em></strong></span> <span class='ocrx_word' id='word_1_485' title='bbox 882 3451 997 3529; x_wconf 79' lang='grc' dir='ltr'><strong>μεθ’</strong></span> <span class='ocrx_word' id='word_1_486' title='bbox 1054 3457 1115 3510; x_wconf 74' lang='grc' dir='ltr'>οὗ</span> <span class='ocrx_word' id='word_1_487' title='bbox 1168 3454 1337 3529; x_wconf 72' lang='grc' dir='ltr'><strong>τύψας</strong></span> <span class='ocrx_word' id='word_1_488' title='bbox 1393 3455 1491 3521; x_wconf 73' lang='grc' dir='ltr'><strong>τὴν</strong></span> <span class='ocrx_word' id='word_1_489' title='bbox 1546 3454 1784 3535; x_wconf 78' lang='grc' dir='ltr'><strong>κεφαλὴν</strong></span> <span class='ocrx_word' id='word_1_490' title='bbox 1851 3466 1942 3516; x_wconf 81' lang='grc' dir='ltr'><strong>τοῦ</strong></span> 
     </span>
    </p>
   </div>
   <div class='ocr_carea' id='block_1_65' title="bbox 290 3541 1942 3624">
    <p class='ocr_par' dir='ltr' id='par_1_65' title="bbox 290 3541 1942 3624">
     <span class='ocr_line' id='line_1_65' title="bbox 290 3541 1942 3624; baseline 0.001 -24"><span class='ocrx_word' id='word_1_491' title='bbox 290 3545 460 3622; x_wconf 79' lang='grc' dir='ltr'><strong>ἁγίου,</strong></span> <span class='ocrx_word' id='word_1_492' title='bbox 510 3542 729 3620; x_wconf 75' lang='grc' dir='ltr'><strong>ἑῤῥιψεν</strong></span> <span class='ocrx_word' id='word_1_493' title='bbox 773 3543 928 3600; x_wconf 70' lang='grc' dir='ltr'><strong>αὐτὸν</strong></span> <span class='ocrx_word' id='word_1_494' title='bbox 967 3541 1055 3599; x_wconf 77' lang='grc' dir='ltr'><strong>ἐπὶ</strong></span> <span class='ocrx_word' id='word_1_495' title='bbox 1101 3543 1200 3609; x_wconf 77' lang='grc' dir='ltr'><strong>τὴν</strong></span> <span class='ocrx_word' id='word_1_496' title='bbox 1249 3546 1375 3621; x_wconf 83' lang='grc' dir='ltr'><strong>γῆν,</strong></span> <span class='ocrx_word' id='word_1_497' title='bbox 1424 3543 1512 3598; x_wconf 83' lang='grc' dir='ltr'><strong>καὶ</strong></span> <span class='ocrx_word' id='word_1_498' title='bbox 1566 3543 1769 3624; x_wconf 79' lang='grc' dir='ltr'><strong>ἀφῆκεν</strong></span> <span class='ocrx_word' id='word_1_499' title='bbox 1817 3546 1942 3621; x_wconf 76' lang='grc' dir='ltr'><strong>ἡμι-</strong></span> 
     </span>
    </p>
   </div>
   <div class='ocr_carea' id='block_1_66' title="bbox 288 3630 1941 3710">
    <p class='ocr_par' dir='ltr' id='par_1_66' title="bbox 288 3630 1941 3710">
     <span class='ocr_line' id='line_1_66' title="bbox 288 3630 1941 3710; baseline 0.002 -24"><span class='ocrx_word' id='word_1_500' title='bbox 288 3636 417 3700; x_wconf 67' lang='grc' dir='ltr'><strong>θεινῆ</strong></span> <span class='ocrx_word' id='word_1_501' title='bbox 472 3632 847 3710; x_wconf 69' lang='grc' dir='ltr'><strong>τυγχάνοντα,</strong></span> <span class='ocrx_word' id='word_1_502' title='bbox 902 3631 1048 3686; x_wconf 77' lang='grc' dir='ltr'><strong>Μετὰ</strong></span> <span class='ocrx_word' id='word_1_503' title='bbox 1098 3637 1222 3709; x_wconf 78' lang='grc' dir='ltr'><strong>γοῦν</strong></span> <span class='ocrx_word' id='word_1_504' title='bbox 1277 3631 1398 3706; x_wconf 90' lang='grc' dir='ltr'><strong>μίαν</strong></span> <span class='ocrx_word' id='word_1_505' title='bbox 1445 3630 1585 3709; x_wconf 80' lang='grc' dir='ltr'><strong>ὥραν</strong></span> <span class='ocrx_word' id='word_1_506' title='bbox 1633 3634 1706 3696; x_wconf 92' lang='grc' dir='ltr'><strong>εἰς</strong></span> <span class='ocrx_word' id='word_1_507' title='bbox 1756 3634 1941 3690; x_wconf 80' lang='grc' dir='ltr'><strong>ἑαυτὸν</strong></span> 
     </span>
    </p>
   </div>
   <div class='ocr_carea' id='block_1_67' title="bbox 290 3716 1942 3801">
    <p class='ocr_par' dir='ltr' id='par_1_67' title="bbox 290 3716 1942 3801">
     <span class='ocr_line' id='line_1_67' title="bbox 290 3716 1942 3801; baseline 0.002 -25"><span class='ocrx_word' id='word_1_508' title='bbox 290 3721 451 3779; x_wconf 74' lang='grc' dir='ltr'><strong>ὲὶθὼν</strong></span> <span class='ocrx_word' id='word_1_509' title='bbox 511 3724 545 3776; x_wconf 80' lang='grc' dir='ltr'><strong>ὂ</strong></span> <span class='ocrx_word' id='word_1_510' title='bbox 606 3717 775 3789; x_wconf 81' lang='grc' dir='ltr'><strong>ὅσιος,</strong></span> <span class='ocrx_word' id='word_1_511' title='bbox 827 3716 965 3796; x_wconf 85' lang='grc' dir='ltr'><strong>’ἐγνω</strong></span> <span class='ocrx_word' id='word_1_512' title='bbox 1011 3719 1107 3793; x_wconf 79' lang='grc' dir='ltr'><strong>μὲν</strong></span> <span class='ocrx_word' id='word_1_513' title='bbox 1164 3728 1257 3779; x_wconf 80' lang='grc' dir='ltr'><strong>τοῦ</strong></span> <span class='ocrx_word' id='word_1_514' title='bbox 1311 3716 1554 3776; x_wconf 78' lang='grc' dir='ltr'><strong>διαϐόλου</strong></span> <span class='ocrx_word' id='word_1_515' title='bbox 1607 3721 1700 3776; x_wconf 84' lang='grc' dir='ltr'><strong>τὸν</strong></span> <span class='ocrx_word' id='word_1_516' title='bbox 1754 3722 1942 3801; x_wconf 81' lang='grc' dir='ltr'><strong>φθόνον</strong></span> 
     </span>
    </p>
   </div>
   <div class='ocr_carea' id='block_1_68' title="bbox 291 3803 1943 3890">
    <p class='ocr_par' dir='ltr' id='par_1_68' title="bbox 291 3803 1943 3890">
     <span class='ocr_line' id='line_1_68' title="bbox 291 3803 1943 3890; baseline 0 -24"><span class='ocrx_word' id='word_1_517' title='bbox 291 3813 375 3866; x_wconf 73' lang='lat' dir='ltr'><strong>ui</strong></span> <span class='ocrx_word' id='word_1_518' title='bbox 441 3810 549 3876; x_wconf 68' lang='grc' dir='ltr'><strong>τὴν</strong></span> <span class='ocrx_word' id='word_1_519' title='bbox 610 3804 825 3884; x_wconf 74' lang='grc' dir='ltr'><strong>ἄπειρον</strong></span> <span class='ocrx_word' id='word_1_520' title='bbox 875 3803 994 3863; x_wconf 79' lang='grc' dir='ltr'><strong>κατ’</strong></span> <span class='ocrx_word' id='word_1_521' title='bbox 1050 3810 1205 3865; x_wconf 68' lang='grc' dir='ltr'><strong>αὐτοῦ</strong></span> <span class='ocrx_word' id='word_1_522' title='bbox 1272 3807 1578 3884; x_wconf 84' lang='grc' dir='ltr'><strong>βασκανίαν,</strong></span> <span class='ocrx_word' id='word_1_523' title='bbox 1638 3807 1833 3890; x_wconf 85' lang='grc' dir='ltr'><strong>σφόδρα</strong></span> <span class='ocrx_word' id='word_1_524' title='bbox 1888 3808 1943 3865; x_wconf 78' lang='grc' dir='ltr'><strong>δὲ</strong></span> 
     </span>
    </p>
   </div>
   <div class='ocr_carea' id='block_1_69' title="bbox 291 3893 1943 3978">
    <p class='ocr_par' dir='ltr' id='par_1_69' title="bbox 291 3893 1943 3978">
     <span class='ocr_line' id='line_1_69' title="bbox 291 3893 1943 3978; baseline -0.008 -23"><span class='ocrx_word' id='word_1_525' title='bbox 291 3900 383 3966; x_wconf 68' lang='grc' dir='ltr'><strong>τὴν</strong></span> <span class='ocrx_word' id='word_1_526' title='bbox 412 3895 663 3978; x_wconf 64' lang='grc' dir='ltr'><strong>κεφαλὴν</strong></span> <span class='ocrx_word' id='word_1_527' title='bbox 706 3893 1078 3973; x_wconf 75' lang='grc' dir='ltr'><strong>ἀλγυνόμενος,</strong></span> <span class='ocrx_word' id='word_1_528' title='bbox 1130 3897 1218 3951; x_wconf 81' lang='grc' dir='ltr'><strong>καὶ</strong></span> <span class='ocrx_word' id='word_1_529' title='bbox 1262 3896 1324 3951; x_wconf 82' lang='grc' dir='ltr'><strong>τὸ</strong></span> <span class='ocrx_word' id='word_1_530' title='bbox 1371 3897 1538 3970; x_wconf 73' lang='grc' dir='ltr'><strong>ἥμισυ</strong></span> <span class='ocrx_word' id='word_1_531' title='bbox 1579 3903 1670 3953; x_wconf 78' lang='grc' dir='ltr'><strong>τοῦ</strong></span> <span class='ocrx_word' id='word_1_532' title='bbox 1726 3898 1943 3976; x_wconf 77' lang='grc' dir='ltr'><strong>προσώ-</strong></span> 
     </span>
    </p>
   </div>
   <div class='ocr_carea' id='block_1_70' title="bbox 295 3981 1944 4063">
    <p class='ocr_par' dir='ltr' id='par_1_70' title="bbox 295 3981 1944 4063">
     <span class='ocr_line' id='line_1_70' title="bbox 295 3981 1944 4063; baseline -0.001 -20"><span class='ocrx_word' id='word_1_533' title='bbox 295 4009 390 4043; x_wconf 61' lang='lat' dir='ltr'><strong>uno</strong></span> <span class='ocrx_word' id='word_1_534' title='bbox 459 3989 559 4042; x_wconf 74' lang='grc' dir='ltr'><strong>σὺν</strong></span> <span class='ocrx_word' id='word_1_535' title='bbox 616 3990 696 4058; x_wconf 81' lang='grc' dir='ltr'><strong>τῷ</strong></span> <span class='ocrx_word' id='word_1_536' title='bbox 752 3983 1006 4062; x_wconf 80' lang='grc' dir='ltr'><strong>ἀριστερῷ</strong></span> <span class='ocrx_word' id='word_1_537' title='bbox 1067 3981 1321 4062; x_wconf 77' lang='grc' dir='ltr'><strong>ὀφθαλμῷ</strong></span> <span class='ocrx_word' id='word_1_538' title='bbox 1390 3984 1789 4063; x_wconf 79' lang='grc' dir='ltr'><strong>πεφυσιωμένον</strong></span> <span class='ocrx_word' id='word_1_539' title='bbox 1857 3987 1944 4042; x_wconf 82' lang='grc' dir='ltr'><strong>καὶ</strong></span> 
     </span>
    </p>
   </div>
   <div class='ocr_carea' id='block_1_71' title="bbox 296 4070 1945 4154">
    <p class='ocr_par' dir='ltr' id='par_1_71' title="bbox 296 4070 1945 4154">
     <span class='ocr_line' id='line_1_71' title="bbox 296 4070 1945 4154; baseline -0.001 -23"><span class='ocrx_word' id='word_1_540' title='bbox 296 4073 674 4131; x_wconf 70' lang='grc' dir='ltr'><strong>πελιδνότατον</strong></span> <span class='ocrx_word' id='word_1_541' title='bbox 732 4070 899 4151; x_wconf 73' lang='grc' dir='ltr'><strong>ἔχων,</strong></span> <span class='ocrx_word' id='word_1_542' title='bbox 953 4073 1014 4128; x_wconf 75' lang='grc' dir='ltr'><strong>οὗ</strong></span> <span class='ocrx_word' id='word_1_543' title='bbox 1055 4072 1164 4146; x_wconf 71' lang='grc' dir='ltr'><strong>μὴν</strong></span> <span class='ocrx_word' id='word_1_544' title='bbox 1212 4070 1349 4128; x_wconf 82' lang='grc' dir='ltr'><strong>ἀλλὰ</strong></span> <span class='ocrx_word' id='word_1_545' title='bbox 1393 4073 1482 4128; x_wconf 76' lang='grc' dir='ltr'><strong>καὶ</strong></span> <span class='ocrx_word' id='word_1_546' title='bbox 1540 4074 1631 4128; x_wconf 80' lang='grc' dir='ltr'><strong>τὸν</strong></span> <span class='ocrx_word' id='word_1_547' title='bbox 1685 4073 1945 4154; x_wconf 87' lang='grc' dir='ltr'><strong>βραχίονα</strong></span> 
     </span>
    </p>
   </div>
   <div class='ocr_carea' id='block_1_72' title="bbox 2017 3011 3657 3094">
    <p class='ocr_par' dir='ltr' id='par_1_72' title="bbox 2017 3011 3657 3094">
     <span class='ocr_line' id='line_1_72' title="bbox 2017 3011 3657 3094; baseline -0.005 -17"><span class='ocrx_word' id='word_1_548' title='bbox 2017 3022 2251 3079; x_wconf 85' lang='lat' dir='ltr'><strong>vacaret</strong></span> <span class='ocrx_word' id='word_1_549' title='bbox 2277 3013 2509 3088; x_wconf 83' lang='lat' dir='ltr'><strong>officiis,</strong></span> <span class='ocrx_word' id='word_1_550' title='bbox 2544 3020 3041 3094; x_wconf 88' lang='lat' dir='ltr'><strong>pernoctaretque</strong></span> <span class='ocrx_word' id='word_1_551' title='bbox 3070 3011 3134 3073; x_wconf 92' lang='lat' dir='ltr'><strong>in</strong></span> <span class='ocrx_word' id='word_1_552' title='bbox 3186 3011 3431 3093; x_wconf 91' lang='lat' dir='ltr'><strong>psalmis</strong></span> <span class='ocrx_word' id='word_1_553' title='bbox 3462 3018 3523 3071; x_wconf 89' lang='lat' dir='ltr'><strong>et</strong></span> <span class='ocrx_word' id='word_1_554' title='bbox 3550 3026 3657 3089; x_wconf 91' lang='lat' dir='ltr'><strong>ge-</strong></span> 
     </span>
    </p>
   </div>
   <div class='ocr_carea' id='block_1_73' title="bbox 2021 3097 3660 3183">
    <p class='ocr_par' dir='ltr' id='par_1_73' title="bbox 2021 3097 3660 3183">
     <span class='ocr_line' id='line_1_73' title="bbox 2021 3097 3660 3183; baseline -0.005 -16"><span class='ocrx_word' id='word_1_555' title='bbox 2021 3123 2203 3167; x_wconf 91' lang='lat' dir='ltr'><strong>nuum</strong></span> <span class='ocrx_word' id='word_1_556' title='bbox 2234 3101 2590 3165; x_wconf 81' lang='lat' dir='ltr'><strong>ﬂexionibus</strong></span> <span class='ocrx_word' id='word_1_557' title='bbox 2646 3101 2709 3163; x_wconf 88' lang='lat' dir='ltr'><strong>in</strong></span> <span class='ocrx_word' id='word_1_558' title='bbox 2758 3119 2933 3183; x_wconf 87' lang='lat' dir='ltr'><strong>parva</strong></span> <span class='ocrx_word' id='word_1_559' title='bbox 2982 3099 3288 3180; x_wconf 83' lang='lat' dir='ltr'><strong>spelunca,</strong></span> <span class='ocrx_word' id='word_1_560' title='bbox 3322 3118 3497 3181; x_wconf 89' lang='lat' dir='ltr'><strong>quam</strong></span> <span class='ocrx_word' id='word_1_561' title='bbox 3529 3097 3660 3178; x_wconf 92' lang='lat' dir='ltr'><strong>ipse</strong></span> 
     </span>
    </p>
   </div>
   <div class='ocr_carea' id='block_1_74' title="bbox 2024 3188 3662 3271">
    <p class='ocr_par' dir='ltr' id='par_1_74' title="bbox 2024 3188 3662 3271">
     <span class='ocr_line' id='line_1_74' title="bbox 2024 3188 3662 3271; baseline -0.005 -15"><span class='ocrx_word' id='word_1_562' title='bbox 2024 3193 2139 3256; x_wconf 91' lang='lat' dir='ltr'><strong>sibi</strong></span> <span class='ocrx_word' id='word_1_563' title='bbox 2192 3198 2575 3255; x_wconf 83' lang='lat' dir='ltr'><strong>excavaverat</strong></span> <span class='ocrx_word' id='word_1_564' title='bbox 2642 3196 2705 3253; x_wconf 89' lang='lat' dir='ltr'><strong>et</strong></span> <span class='ocrx_word' id='word_1_565' title='bbox 2772 3190 3057 3271; x_wconf 90' lang='lat' dir='ltr'><strong>splendor</strong></span> <span class='ocrx_word' id='word_1_566' title='bbox 3125 3189 3277 3251; x_wconf 91' lang='lat' dir='ltr'><strong>lucis</strong></span> <span class='ocrx_word' id='word_1_567' title='bbox 3332 3188 3662 3251; x_wconf 87' lang='lat' dir='ltr'><strong>illustraret</strong></span> 
     </span>
    </p>
   </div>
   <div class='ocr_carea' id='block_1_75' title="bbox 2026 3272 3661 3361">
    <p class='ocr_par' dir='ltr' id='par_1_75' title="bbox 2026 3272 3661 3361">
     <span class='ocr_line' id='line_1_75' title="bbox 2026 3272 3661 3361; baseline -0.005 -18"><span class='ocrx_word' id='word_1_568' title='bbox 2026 3281 2227 3343; x_wconf 91' lang='lat' dir='ltr'><strong>omnia</strong></span> <span class='ocrx_word' id='word_1_569' title='bbox 2259 3280 2411 3361; x_wconf 91' lang='lat' dir='ltr'><strong>(erat</strong></span> <span class='ocrx_word' id='word_1_570' title='bbox 2458 3278 2617 3341; x_wconf 89' lang='lat' dir='ltr'><strong>enim</strong></span> <span class='ocrx_word' id='word_1_571' title='bbox 2669 3285 2900 3359; x_wconf 90' lang='lat' dir='ltr'><strong>tempus</strong></span> <span class='ocrx_word' id='word_1_572' title='bbox 2946 3276 3265 3357; x_wconf 74' lang='lat' dir='ltr'><strong>aestivum),</strong></span> <span class='ocrx_word' id='word_1_573' title='bbox 3300 3282 3545 3357; x_wconf 89' lang='lat' dir='ltr'><strong>apparet</strong></span> <span class='ocrx_word' id='word_1_574' title='bbox 3573 3272 3661 3336; x_wconf 91' lang='lat' dir='ltr'><strong>illi</strong></span> 
     </span>
    </p>
   </div>
   <div class='ocr_carea' id='block_1_76' title="bbox 2021 3365 3662 3449">
    <p class='ocr_par' dir='ltr' id='par_1_76' title="bbox 2021 3365 3662 3449">
     <span class='ocr_line' id='line_1_76' title="bbox 2021 3365 3662 3449; baseline -0.004 -18"><span class='ocrx_word' id='word_1_575' title='bbox 2021 3367 2562 3449; x_wconf 62' lang='lat' dir='ltr'><strong>visibiliIEtbiopis</strong></span> <span class='ocrx_word' id='word_1_576' title='bbox 2610 3365 2812 3447; x_wconf 87' lang='lat' dir='ltr'><strong>specie</strong></span> <span class='ocrx_word' id='word_1_577' title='bbox 2858 3365 3151 3442; x_wconf 92' lang='lat' dir='ltr'><strong>diabolus,</strong></span> <span class='ocrx_word' id='word_1_578' title='bbox 3205 3365 3428 3427; x_wconf 83' lang='lat' dir='ltr'><strong>clavam</strong></span> <span class='ocrx_word' id='word_1_579' title='bbox 3483 3381 3662 3425; x_wconf 90' lang='lat' dir='ltr'><strong>manu</strong></span> 
     </span>
    </p>
   </div>
   <div class='ocr_carea' id='block_1_77' title="bbox 2024 3450 3668 3538">
    <p class='ocr_par' dir='ltr' id='par_1_77' title="bbox 2024 3450 3668 3538">
     <span class='ocr_line' id='line_1_77' title="bbox 2024 3450 3668 3538; baseline -0.005 -18"><span class='ocrx_word' id='word_1_580' title='bbox 2024 3466 2257 3533; x_wconf 90' lang='lat' dir='ltr'><strong>tenens,</strong></span> <span class='ocrx_word' id='word_1_581' title='bbox 2289 3475 2406 3538; x_wconf 88' lang='lat' dir='ltr'><strong>qua</strong></span> <span class='ocrx_word' id='word_1_582' title='bbox 2435 3474 2569 3518; x_wconf 94' lang='lat' dir='ltr'><strong>cum</strong></span> <span class='ocrx_word' id='word_1_583' title='bbox 2623 3462 2798 3536; x_wconf 91' lang='lat' dir='ltr'><strong>caput</strong></span> <span class='ocrx_word' id='word_1_584' title='bbox 2846 3454 2975 3534; x_wconf 88' lang='lat' dir='ltr'><strong>ejus</strong></span> <span class='ocrx_word' id='word_1_585' title='bbox 3018 3450 3430 3535; x_wconf 89' lang='lat' dir='ltr'><strong>percussisset,</strong></span> <span class='ocrx_word' id='word_1_586' title='bbox 3464 3450 3668 3513; x_wconf 90' lang='lat' dir='ltr'><strong>stravit</strong></span> 
     </span>
    </p>
   </div>
   <div class='ocr_carea' id='block_1_78' title="bbox 2025 3539 3668 3622">
    <p class='ocr_par' dir='ltr' id='par_1_78' title="bbox 2025 3539 3668 3622">
     <span class='ocr_line' id='line_1_78' title="bbox 2025 3539 3668 3622; baseline -0.005 -14"><span class='ocrx_word' id='word_1_587' title='bbox 2025 3546 2189 3608; x_wconf 90' lang='lat' dir='ltr'><strong>humi</strong></span> <span class='ocrx_word' id='word_1_588' title='bbox 2206 3545 2678 3607; x_wconf 88' lang='lat' dir='ltr'><strong>semimortuum.</strong></span> <span class='ocrx_word' id='word_1_589' title='bbox 2708 3545 2850 3606; x_wconf 88' lang='lat' dir='ltr'><strong>Post</strong></span> <span class='ocrx_word' id='word_1_590' title='bbox 2867 3543 3042 3603; x_wconf 91' lang='lat' dir='ltr'><strong>unius</strong></span> <span class='ocrx_word' id='word_1_591' title='bbox 3063 3542 3227 3603; x_wconf 60' lang='lat' dir='ltr'><strong>hora;</strong></span> <span class='ocrx_word' id='word_1_592' title='bbox 3248 3539 3503 3622; x_wconf 82' lang='lat' dir='ltr'><strong>spatium</strong></span> <span class='ocrx_word' id='word_1_593' title='bbox 3534 3557 3668 3601; x_wconf 89' lang='lat' dir='ltr'><strong>sese</strong></span> 
     </span>
    </p>
   </div>
   <div class='ocr_carea' id='block_1_79' title="bbox 2022 3624 3668 3713">
    <p class='ocr_par' dir='ltr' id='par_1_79' title="bbox 2022 3624 3668 3713">
     <span class='ocr_line' id='line_1_79' title="bbox 2022 3624 3668 3713; baseline -0.004 -17"><span class='ocrx_word' id='word_1_594' title='bbox 2022 3634 2376 3713; x_wconf 83' lang='lat' dir='ltr'><strong>recolligens</strong></span> <span class='ocrx_word' id='word_1_595' title='bbox 2430 3630 2701 3706; x_wconf 90' lang='lat' dir='ltr'><strong>Sanctus,</strong></span> <span class='ocrx_word' id='word_1_596' title='bbox 2775 3629 3043 3710; x_wconf 89' lang='lat' dir='ltr'><strong>cognovit</strong></span> <span class='ocrx_word' id='word_1_597' title='bbox 3110 3629 3351 3710; x_wconf 90' lang='lat' dir='ltr'><strong>quidem</strong></span> <span class='ocrx_word' id='word_1_598' title='bbox 3440 3624 3668 3713; x_wconf 88' lang='lat' dir='ltr'><strong>diaboli</strong></span> 
     </span>
    </p>
   </div>
   <div class='ocr_carea' id='block_1_80' title="bbox 2024 3712 3670 3799">
    <p class='ocr_par' dir='ltr' id='par_1_80' title="bbox 2024 3712 3670 3799">
     <span class='ocr_line' id='line_1_80' title="bbox 2024 3712 3670 3799; baseline -0.006 -14"><span class='ocrx_word' id='word_1_599' title='bbox 2024 3712 2301 3785; x_wconf 84' lang='lat' dir='ltr'><strong>invidiam</strong></span> <span class='ocrx_word' id='word_1_600' title='bbox 2334 3721 2814 3799; x_wconf 83' lang='lat' dir='ltr'><strong>immensumque</strong></span> <span class='ocrx_word' id='word_1_601' title='bbox 2848 3720 3112 3792; x_wconf 92' lang='lat' dir='ltr'><strong>livorem,</strong></span> <span class='ocrx_word' id='word_1_602' title='bbox 3170 3717 3277 3779; x_wconf 92' lang='lat' dir='ltr'><strong>sed</strong></span> <span class='ocrx_word' id='word_1_603' title='bbox 3325 3712 3670 3779; x_wconf 88' lang='lat' dir='ltr'><strong>vehementi</strong></span> 
     </span>
    </p>
   </div>
   <div class='ocr_carea' id='block_1_81' title="bbox 2024 3805 3661 3891">
    <p class='ocr_par' dir='ltr' id='par_1_81' title="bbox 2024 3805 3661 3891">
     <span class='ocr_line' id='line_1_81' title="bbox 2024 3805 3661 3891; baseline -0.005 -18"><span class='ocrx_word' id='word_1_604' title='bbox 2024 3810 2236 3891; x_wconf 89' lang='lat' dir='ltr'><strong>capitis</strong></span> <span class='ocrx_word' id='word_1_605' title='bbox 2263 3809 2468 3871; x_wconf 90' lang='lat' dir='ltr'><strong>dolore</strong></span> <span class='ocrx_word' id='word_1_606' title='bbox 2498 3808 2777 3870; x_wconf 91' lang='lat' dir='ltr'><strong>laborans</strong></span> <span class='ocrx_word' id='word_1_607' title='bbox 2808 3814 2866 3869; x_wconf 92' lang='lat' dir='ltr'><strong>et</strong></span> <span class='ocrx_word' id='word_1_608' title='bbox 2896 3805 3202 3867; x_wconf 84' lang='lat' dir='ltr'><strong>dimidiam</strong></span> <span class='ocrx_word' id='word_1_609' title='bbox 3233 3805 3406 3867; x_wconf 80' lang='lat' dir='ltr'><strong>faciei</strong></span> <span class='ocrx_word' id='word_1_610' title='bbox 3435 3812 3661 3891; x_wconf 86' lang='lat' dir='ltr'><strong>partem</strong></span> 
     </span>
    </p>
   </div>
   <div class='ocr_carea' id='block_1_82' title="bbox 2025 3890 3663 3962">
    <p class='ocr_par' dir='ltr' id='par_1_82' title="bbox 2025 3890 3663 3962">
     <span class='ocr_line' id='line_1_82' title="bbox 2025 3890 3663 3962; baseline -0.007 0"><span class='ocrx_word' id='word_1_611' title='bbox 2025 3890 2159 3962; x_wconf 84' lang='lat' dir='ltr'><strong>cum</strong></span> <span class='ocrx_word' id='word_1_612' title='bbox 2193 3898 2433 3960; x_wconf 89' lang='lat' dir='ltr'><strong>sinistro</strong></span> <span class='ocrx_word' id='word_1_613' title='bbox 2464 3896 2635 3958; x_wconf 89' lang='lat' dir='ltr'><strong>oculo</strong></span> <span class='ocrx_word' id='word_1_614' title='bbox 2682 3895 2945 3957; x_wconf 84' lang='lat' dir='ltr'><strong>inﬂatam</strong></span> <span class='ocrx_word' id='word_1_615' title='bbox 2996 3894 3224 3956; x_wconf 87' lang='lat' dir='ltr'><strong>habens</strong></span> <span class='ocrx_word' id='word_1_616' title='bbox 3272 3901 3331 3955; x_wconf 91' lang='lat' dir='ltr'><strong>et</strong></span> <span class='ocrx_word' id='word_1_617' title='bbox 3377 3890 3663 3953; x_wconf 89' lang='lat' dir='ltr'><strong>lividissi-</strong></span> 
     </span>
    </p>
   </div>
   <div class='ocr_carea' id='block_1_83' title="bbox 2026 3978 3668 4068">
    <p class='ocr_par' dir='ltr' id='par_1_83' title="bbox 2026 3978 3668 4068">
     <span class='ocr_line' id='line_1_83' title="bbox 2026 3978 3668 4068; baseline -0.006 -19"><span class='ocrx_word' id='word_1_618' title='bbox 2026 4006 2207 4068; x_wconf 90' lang='lat' dir='ltr'><strong>mam,</strong></span> <span class='ocrx_word' id='word_1_619' title='bbox 2244 3994 2527 4067; x_wconf 64' lang='lat' dir='ltr'><strong>praeterea</strong></span> <span class='ocrx_word' id='word_1_620' title='bbox 2557 3984 2820 4046; x_wconf 84' lang='lat' dir='ltr'><strong>luxatum</strong></span> <span class='ocrx_word' id='word_1_621' title='bbox 2867 3989 2928 4044; x_wconf 92' lang='lat' dir='ltr'><strong>et</strong></span> <span class='ocrx_word' id='word_1_622' title='bbox 2979 3982 3302 4044; x_wconf 91' lang='lat' dir='ltr'><strong>arefactum</strong></span> <span class='ocrx_word' id='word_1_623' title='bbox 3331 3978 3668 4068; x_wconf 81' lang='lat' dir='ltr'><strong>brachium,</strong></span> 
     </span>
    </p>
   </div>
   <div class='ocr_carea' id='block_1_84' title="bbox 2023 4064 3668 4149">
    <p class='ocr_par' dir='ltr' id='par_1_84' title="bbox 2023 4064 3668 4149">
     <span class='ocr_line' id='line_1_84' title="bbox 2023 4064 3668 4149; baseline -0.004 -12"><span class='ocrx_word' id='word_1_624' title='bbox 2023 4064 2269 4138; x_wconf 37' lang='lat' dir='ltr'><strong>stare&#39;u&#39;t</strong></span> <span class='ocrx_word' id='word_1_625' title='bbox 2293 4073 2576 4135; x_wconf 91' lang='lat' dir='ltr'><strong>orationis</strong></span> <span class='ocrx_word' id='word_1_626' title='bbox 2596 4070 2859 4133; x_wconf 83' lang='lat' dir='ltr'><strong>ofﬁcium</strong></span> <span class='ocrx_word' id='word_1_627' title='bbox 2885 4070 3256 4149; x_wconf 84' lang='lat' dir='ltr'><strong>persolveret</strong></span> <span class='ocrx_word' id='word_1_628' title='bbox 3275 4086 3394 4128; x_wconf 88' lang='lat' dir='ltr'><strong>non</strong></span> <span class='ocrx_word' id='word_1_629' title='bbox 3415 4064 3668 4130; x_wconf 86' lang='lat' dir='ltr'><strong>valebat.</strong></span> 
     </span>
    </p>
   </div>
   <div class='ocr_carea' id='block_1_85' title="bbox 293 4154 1932 4265">
    <p class='ocr_par' dir='ltr' id='par_1_85' title="bbox 293 4160 1932 4241">
     <span class='ocr_line' id='line_1_85' title="bbox 293 4160 1932 4241; baseline -0.001 -23"><span class='ocrx_word' id='word_1_630' title='bbox 293 4160 729 4241; x_wconf 71' lang='grc' dir='ltr'><strong>παραλελυμένον</strong></span> <span class='ocrx_word' id='word_1_631' title='bbox 817 4161 904 4215; x_wconf 74' lang='grc' dir='ltr'><strong>καὶ</strong></span> <span class='ocrx_word' id='word_1_632' title='bbox 989 4160 1429 4240; x_wconf 78' lang='grc' dir='ltr'><strong>τεταριχευμένον</strong></span> <span class='ocrx_word' id='word_1_633' title='bbox 1459 4207 1477 4234; x_wconf 87' lang='grc'><strong>,</strong></span> <span class='ocrx_word' id='word_1_634' title='bbox 1575 4161 1749 4220; x_wconf 75' lang='grc' dir='ltr'><strong>οὐκέτι</strong></span> <span class='ocrx_word' id='word_1_635' title='bbox 1847 4162 1932 4238; x_wconf 55' lang='grc' dir='ltr'><strong>μὲι</strong></span> 
     </span>
    </p>
   </div>
   <div class='ocr_carea' id='block_1_86' title="bbox 2012 4154 3664 4265">
    <p class='ocr_par' dir='ltr' id='par_1_86' title="bbox 2012 4154 3664 4265">
     <span class='ocr_line' id='line_1_86' title="bbox 2012 4154 3664 4265; baseline -0.007 -37"><span class='ocrx_word' id='word_1_636' title='bbox 2012 4163 2269 4245; x_wconf 33' lang='grc' dir='ltr'><strong>,Ιοεεὺειῑ</strong></span> <span class='ocrx_word' id='word_1_637' title='bbox 2329 4180 2469 4241; x_wconf 86' lang='lat' dir='ltr'><strong>ergo</strong></span> <span class='ocrx_word' id='word_1_638' title='bbox 2540 4169 2597 4223; x_wconf 94' lang='lat' dir='ltr'><strong>et</strong></span> <span class='ocrx_word' id='word_1_639' title='bbox 2664 4158 2984 4221; x_wconf 89' lang='lat' dir='ltr'><strong>Dominum</strong></span> <span class='ocrx_word' id='word_1_640' title='bbox 3022 4154 3354 4265; x_wconf 45' lang='lat' dir='ltr'><strong>.invoqabat</strong></span> <span class='ocrx_word' id='word_1_641' title='bbox 3406 4154 3664 4265; x_wconf 67' lang='lat' dir='ltr'><strong>dicens:l</strong></span> 
     </span>
    </p>
   </div>
   <div class='ocr_carea' id='block_1_87' title="bbox 297 4240 1932 4331">
    <p class='ocr_par' dir='ltr' id='par_1_87' title="bbox 297 4240 1932 4331">
     <span class='ocr_line' id='line_1_87' title="bbox 297 4240 1932 4331; baseline 0.001 -25"><span class='ocrx_word' id='word_1_642' title='bbox 297 4240 493 4331; x_wconf 62' lang='grc' dir='ltr'><strong>ἴσχυσε</strong></span> <span class='ocrx_word' id='word_1_643' title='bbox 544 4254 740 4316; x_wconf 80' lang='grc' dir='ltr'><strong>στῆναι</strong></span> <span class='ocrx_word' id='word_1_644' title='bbox 785 4250 873 4306; x_wconf 80' lang='grc' dir='ltr'><strong>καὶ</strong></span> <span class='ocrx_word' id='word_1_645' title='bbox 918 4249 1020 4316; x_wconf 79' lang='grc' dir='ltr'><strong>τὴν</strong></span> <span class='ocrx_word' id='word_1_646' title='bbox 1073 4253 1172 4315; x_wconf 81' lang='grc' dir='ltr'><strong>τῆς</strong></span> <span class='ocrx_word' id='word_1_647' title='bbox 1223 4253 1389 4329; x_wconf 74' lang='grc' dir='ltr'><strong>εὖχῆς</strong></span> <span class='ocrx_word' id='word_1_648' title='bbox 1447 4248 1742 4329; x_wconf 88' lang='grc' dir='ltr'><strong>λειτοργίαν</strong></span> <span class='ocrx_word' id='word_1_649' title='bbox 1800 4250 1932 4307; x_wconf 88' lang='grc' dir='ltr'><strong>ἀπο-</strong></span> 
     </span>
    </p>
   </div>
   <div class='ocr_carea' id='block_1_88' title="bbox 2012 4240 3676 4331">
    <p class='ocr_par' dir='ltr' id='par_1_88' title="bbox 2012 4240 3676 4330">
     <span class='ocr_line' id='line_1_88' title="bbox 2012 4240 3676 4330; baseline -0.004 -21"><span class='ocrx_word' id='word_1_650' title='bbox 2012 4240 2061 4309; x_wconf 42' lang='grc'><strong>“«</strong></span> <span class='ocrx_word' id='word_1_651' title='bbox 2085 4252 2240 4314; x_wconf 92' lang='lat' dir='ltr'><strong>Deus</strong></span> <span class='ocrx_word' id='word_1_652' title='bbox 2288 4250 2349 4312; x_wconf 90' lang='lat' dir='ltr'><strong>in</strong></span> <span class='ocrx_word' id='word_1_653' title='bbox 2393 4240 2756 4330; x_wconf 86' lang='lat' dir='ltr'><strong>adjutorium</strong></span> <span class='ocrx_word' id='word_1_654' title='bbox 2790 4264 2985 4307; x_wconf 90' lang='lat' dir='ltr'><strong>meum</strong></span> <span class='ocrx_word' id='word_1_655' title='bbox 3019 4243 3285 4319; x_wconf 90' lang='lat' dir='ltr'><strong>intende,</strong></span> <span class='ocrx_word' id='word_1_656' title='bbox 3320 4242 3573 4307; x_wconf 91' lang='lat' dir='ltr'><strong>Domine</strong></span> <span class='ocrx_word' id='word_1_657' title='bbox 3601 4240 3676 4303; x_wconf 91' lang='lat' dir='ltr'><strong>ad</strong></span> 
     </span>
    </p>
   </div>
   <div class='ocr_carea' id='block_1_89' title="bbox 298 4333 1932 4420">
    <p class='ocr_par' dir='ltr' id='par_1_89' title="bbox 298 4333 1932 4420">
     <span class='ocr_line' id='line_1_89' title="bbox 298 4333 1932 4420; baseline -0.001 -25"><span class='ocrx_word' id='word_1_658' title='bbox 298 4339 609 4418; x_wconf 74' lang='grc' dir='ltr'><strong>πληρῶσαι.</strong></span> <span class='ocrx_word' id='word_1_659' title='bbox 679 4338 931 4420; x_wconf 65' lang='grc' dir='ltr'><strong>κείμενος</strong></span> <span class='ocrx_word' id='word_1_660' title='bbox 1000 4333 1056 4392; x_wconf 76' lang='grc' dir='ltr'><strong>δὲ</strong></span> <span class='ocrx_word' id='word_1_661' title='bbox 1127 4334 1210 4392; x_wconf 74' lang='grc' dir='ltr'><strong>ἐπ’</strong></span> <span class='ocrx_word' id='word_1_662' title='bbox 1282 4335 1500 4417; x_wconf 73' lang='grc' dir='ltr'><strong>ἐδάφους</strong></span> <span class='ocrx_word' id='word_1_663' title='bbox 1584 4339 1674 4395; x_wconf 83' lang='grc' dir='ltr'><strong>τὸν</strong></span> <span class='ocrx_word' id='word_1_664' title='bbox 1761 4339 1932 4418; x_wconf 51' lang='grc' dir='ltr'><strong>Κύριοι</strong></span> 
     </span>
    </p>
   </div>
   <div class='ocr_carea' id='block_1_90' title="bbox 2012 4333 3678 4420">
    <p class='ocr_par' dir='ltr' id='par_1_90' title="bbox 2026 4334 3678 4420">
     <span class='ocr_line' id='line_1_90' title="bbox 2026 4334 3678 4420; baseline -0.007 -18"><span class='ocrx_word' id='word_1_665' title='bbox 2026 4341 2425 4420; x_wconf 89' lang='lat' dir='ltr'><strong>adjuvandum</strong></span> <span class='ocrx_word' id='word_1_666' title='bbox 2450 4358 2544 4401; x_wconf 90' lang='lat' dir='ltr'><strong>me</strong></span> <span class='ocrx_word' id='word_1_667' title='bbox 2564 4337 2797 4401; x_wconf 86' lang='lat' dir='ltr'><strong>festina.</strong></span> <span class='ocrx_word' id='word_1_668' title='bbox 2817 4334 3260 4398; x_wconf 87' lang='lat' dir='ltr'><strong>Confundantur</strong></span> <span class='ocrx_word' id='word_1_669' title='bbox 3282 4341 3341 4397; x_wconf 89' lang='lat' dir='ltr'><strong>et</strong></span> <span class='ocrx_word' id='word_1_670' title='bbox 3363 4350 3678 4394; x_wconf 92' lang='lat' dir='ltr'><strong>reverean-</strong></span> 
     </span>
    </p>
   </div>
   <div class='ocr_carea' id='block_1_91' title="bbox 300 4416 1932 4509">
    <p class='ocr_par' dir='ltr' id='par_1_91' title="bbox 300 4416 1932 4504">
     <span class='ocr_line' id='line_1_91' title="bbox 300 4416 1932 4504; baseline 0 -20"><span class='ocrx_word' id='word_1_671' title='bbox 300 4416 622 4484; x_wconf 60' lang='grc' dir='ltr'><strong>ἐπεδιαλεῖτο</strong></span> <span class='ocrx_word' id='word_1_672' title='bbox 654 4443 673 4460; x_wconf 83' lang='grc'><strong>⁹</strong></span> <span class='ocrx_word' id='word_1_673' title='bbox 736 4416 793 4483; x_wconf 68' lang='grc' dir='ltr'><strong>Ὀ</strong></span> <span class='ocrx_word' id='word_1_674' title='bbox 839 4427 989 4493; x_wconf 81' lang='grc' dir='ltr'><strong>Θεὸς,</strong></span> <span class='ocrx_word' id='word_1_675' title='bbox 1034 4424 1228 4504; x_wconf 82' lang='grc' dir='ltr'><strong>λέγων,</strong></span> <span class='ocrx_word' id='word_1_676' title='bbox 1280 4427 1353 4489; x_wconf 89' lang='grc' dir='ltr'><strong>εἰς</strong></span> <span class='ocrx_word' id='word_1_677' title='bbox 1388 4416 1500 4481; x_wconf 55' lang='grc' dir='ltr'><strong>τὸν</strong></span> <span class='ocrx_word' id='word_1_678' title='bbox 1546 4426 1788 4503; x_wconf 74' lang='grc' dir='ltr'><strong>βοήθείάν</strong></span> <span class='ocrx_word' id='word_1_679' title='bbox 1837 4416 1932 4503; x_wconf 78' lang='grc' dir='ltr'><strong>μοι</strong></span> 
     </span>
    </p>
   </div>
   <div class='ocr_carea' id='block_1_92' title="bbox 2012 4416 3678 4509">
    <p class='ocr_par' dir='ltr' id='par_1_92' title="bbox 2030 4416 3678 4509">
     <span class='ocr_line' id='line_1_92' title="bbox 2030 4416 3678 4509; baseline -0.007 -18"><span class='ocrx_word' id='word_1_680' title='bbox 2030 4416 2150 4509; x_wconf 77' lang='lat' dir='ltr'><strong>tur,</strong></span> <span class='ocrx_word' id='word_1_681' title='bbox 2175 4431 2271 4508; x_wconf 92' lang='lat' dir='ltr'><strong>qui</strong></span> <span class='ocrx_word' id='word_1_682' title='bbox 2293 4426 2834 4509; x_wconf 67' lang='lat' dir='ltr'><strong>quaaruntanimam</strong></span> <span class='ocrx_word' id='word_1_683' title='bbox 2863 4442 3085 4498; x_wconf 90' lang='lat' dir='ltr'><strong>meam,</strong></span> <span class='ocrx_word' id='word_1_684' title='bbox 3117 4449 3139 4480; x_wconf 74' lang='grc' dir='ltr'><strong>ο</strong></span> <span class='ocrx_word' id='word_1_685' title='bbox 3174 4430 3235 4485; x_wconf 89' lang='lat' dir='ltr'><strong>et</strong></span> <span class='ocrx_word' id='word_1_686' title='bbox 3254 4440 3386 4502; x_wconf 66' lang='lat' dir='ltr'><strong>quae</strong></span> <span class='ocrx_word' id='word_1_687' title='bbox 3415 4438 3678 4501; x_wconf 91' lang='lat' dir='ltr'><strong>sequun-</strong></span> 
     </span>
    </p>
   </div>
   <div class='ocr_carea' id='block_1_93' title="bbox 301 4509 1932 4595">
    <p class='ocr_par' dir='ltr' id='par_1_93' title="bbox 301 4513 1932 4595">
     <span class='ocr_line' id='line_1_93' title="bbox 301 4513 1932 4595; baseline 0 -23"><span class='ocrx_word' id='word_1_688' title='bbox 301 4518 541 4595; x_wconf 74' lang='grc' dir='ltr'><strong>πρόσχες</strong></span> <span class='ocrx_word' id='word_1_689' title='bbox 578 4531 596 4545; x_wconf 85' lang='grc'><strong>’</strong></span> <span class='ocrx_word' id='word_1_690' title='bbox 670 4513 848 4593; x_wconf 73' lang='grc' dir='ltr'><strong>Κύριε,</strong></span> <span class='ocrx_word' id='word_1_691' title='bbox 921 4515 995 4577; x_wconf 84' lang='grc' dir='ltr'><strong>εἷς</strong></span> <span class='ocrx_word' id='word_1_692' title='bbox 1059 4515 1120 4570; x_wconf 81' lang='grc' dir='ltr'><strong>τὸ</strong></span> <span class='ocrx_word' id='word_1_693' title='bbox 1188 4513 1450 4590; x_wconf 82' lang='grc' dir='ltr'><strong>βοηθῆσαί</strong></span> <span class='ocrx_word' id='word_1_694' title='bbox 1519 4536 1609 4590; x_wconf 93' lang='grc' dir='ltr'><strong>μοι</strong></span> <span class='ocrx_word' id='word_1_695' title='bbox 1672 4520 1932 4572; x_wconf 53' lang='grc' dir='ltr'><strong>σπεῦσον</strong></span> 
     </span>
    </p>
   </div>
   <div class='ocr_carea' id='block_1_94' title="bbox 2012 4509 3677 4595">
    <p class='ocr_par' dir='ltr' id='par_1_94' title="bbox 2031 4509 3677 4593">
     <span class='ocr_line' id='line_1_94' title="bbox 2031 4509 3677 4593; baseline -0.005 -15"><span class='ocrx_word' id='word_1_696' title='bbox 2031 4524 2127 4578; x_wconf 91' lang='lat' dir='ltr'><strong>tur</strong></span> <span class='ocrx_word' id='word_1_697' title='bbox 2148 4516 2222 4580; x_wconf 66' lang='lat'><strong>93.</strong></span> <span class='ocrx_word' id='word_1_698' title='bbox 2271 4515 2337 4577; x_wconf 90' lang='lat' dir='ltr'><strong>In</strong></span> <span class='ocrx_word' id='word_1_699' title='bbox 2389 4516 2485 4578; x_wconf 92' lang='lat' dir='ltr'><strong>his</strong></span> <span class='ocrx_word' id='word_1_700' title='bbox 2519 4524 2699 4577; x_wconf 90' lang='lat' dir='ltr'><strong>totum</strong></span> <span class='ocrx_word' id='word_1_701' title='bbox 2733 4513 2901 4575; x_wconf 91' lang='lat' dir='ltr'><strong>illum</strong></span> <span class='ocrx_word' id='word_1_702' title='bbox 2951 4510 3183 4593; x_wconf 82' lang='lat' dir='ltr'><strong>peregit</strong></span> <span class='ocrx_word' id='word_1_703' title='bbox 3211 4528 3459 4583; x_wconf 91' lang='lat' dir='ltr'><strong>annum,</strong></span> <span class='ocrx_word' id='word_1_704' title='bbox 3493 4509 3677 4569; x_wconf 92' lang='lat' dir='ltr'><strong>innu-</strong></span> 
     </span>
    </p>
   </div>
   <div class='ocr_carea' id='block_1_95' title="bbox 306 4597 1932 4684">
    <p class='ocr_par' dir='ltr' id='par_1_95' title="bbox 306 4602 1932 4684">
     <span class='ocr_line' id='line_1_95' title="bbox 306 4602 1932 4684; baseline -0.001 -23"><span class='ocrx_word' id='word_1_705' title='bbox 306 4605 763 4684; x_wconf 65' lang='grc' dir='ltr'><strong>Αἰσχυνθήτωσαν</strong></span> <span class='ocrx_word' id='word_1_706' title='bbox 833 4604 919 4658; x_wconf 80' lang='grc' dir='ltr'><strong>καὶ</strong></span> <span class='ocrx_word' id='word_1_707' title='bbox 986 4602 1360 4682; x_wconf 76' lang='grc' dir='ltr'><strong>ἐντραπείησαν</strong></span> <span class='ocrx_word' id='word_1_708' title='bbox 1416 4604 1463 4657; x_wconf 81' lang='grc' dir='ltr'><strong>οἱ</strong></span> <span class='ocrx_word' id='word_1_709' title='bbox 1517 4609 1796 4674; x_wconf 80' lang='grc' dir='ltr'><strong>ζητοῦντες</strong></span> <span class='ocrx_word' id='word_1_710' title='bbox 1851 4605 1932 4672; x_wconf 53' lang='grc' dir='ltr'><strong>τὴς</strong></span> 
     </span>
    </p>
   </div>
   <div class='ocr_carea' id='block_1_96' title="bbox 2012 4597 3677 4684">
    <p class='ocr_par' dir='ltr' id='par_1_96' title="bbox 2032 4597 3677 4667">
     <span class='ocr_line' id='line_1_96' title="bbox 2032 4597 3677 4667; baseline -0.005 -2"><span class='ocrx_word' id='word_1_711' title='bbox 2032 4622 2195 4666; x_wconf 90' lang='lat' dir='ltr'><strong>mera</strong></span> <span class='ocrx_word' id='word_1_712' title='bbox 2212 4604 2486 4666; x_wconf 91' lang='lat' dir='ltr'><strong>dolorum</strong></span> <span class='ocrx_word' id='word_1_713' title='bbox 2522 4600 3123 4667; x_wconf 88' lang='lat' dir='ltr'><strong>etacerbissimorum</strong></span> <span class='ocrx_word' id='word_1_714' title='bbox 3155 4597 3677 4661; x_wconf 90' lang='lat' dir='ltr'><strong>incommodorum</strong></span> 
     </span>
    </p>
   </div>
   <div class='ocr_carea' id='block_1_97' title="bbox 303 4684 1932 4773">
    <p class='ocr_par' dir='ltr' id='par_1_97' title="bbox 303 4688 1932 4773">
     <span class='ocr_line' id='line_1_97' title="bbox 303 4688 1932 4773; baseline 0.001 -27"><span class='ocrx_word' id='word_1_715' title='bbox 303 4695 488 4773; x_wconf 70' lang='grc' dir='ltr'><strong>ψυχὴν</strong></span> <span class='ocrx_word' id='word_1_716' title='bbox 536 4713 665 4771; x_wconf 80' lang='grc' dir='ltr'><strong>μου,</strong></span> <span class='ocrx_word' id='word_1_717' title='bbox 724 4692 813 4746; x_wconf 78' lang='grc' dir='ltr'><strong>καὶ</strong></span> <span class='ocrx_word' id='word_1_718' title='bbox 852 4692 919 4747; x_wconf 75' lang='grc' dir='ltr'><strong>τὰ</strong></span> <span class='ocrx_word' id='word_1_719' title='bbox 962 4689 1123 4749; x_wconf 77' lang='grc' dir='ltr'><strong>λοιπά</strong></span> <span class='ocrx_word' id='word_1_720' title='bbox 1164 4698 1256 4748; x_wconf 75' lang='grc' dir='ltr'><strong>τοῦ</strong></span> <span class='ocrx_word' id='word_1_721' title='bbox 1304 4688 1539 4767; x_wconf 78' lang='grc' dir='ltr'><strong>ψαλμοῦ,</strong></span> <span class='ocrx_word' id='word_1_722' title='bbox 1595 4689 1682 4749; x_wconf 87' lang='grc' dir='ltr'><strong>Ἐν</strong></span> <span class='ocrx_word' id='word_1_723' title='bbox 1741 4694 1932 4750; x_wconf 73' lang='grc' dir='ltr'><strong>τούτοις</strong></span> 
     </span>
    </p>
   </div>
   <div class='ocr_carea' id='block_1_98' title="bbox 2012 4684 3681 4773">
    <p class='ocr_par' dir='ltr' id='par_1_98' title="bbox 2032 4684 3681 4755">
     <span class='ocr_line' id='line_1_98' title="bbox 2032 4684 3681 4755; baseline -0.006 -1"><span class='ocrx_word' id='word_1_724' title='bbox 2032 4693 2363 4755; x_wconf 89' lang='lat' dir='ltr'><strong>certamina</strong></span> <span class='ocrx_word' id='word_1_725' title='bbox 2419 4695 2741 4755; x_wconf 91' lang='lat' dir='ltr'><strong>sustinens.</strong></span> <span class='ocrx_word' id='word_1_726' title='bbox 2804 4689 2878 4753; x_wconf 89' lang='lat' dir='ltr'><strong>Et</strong></span> <span class='ocrx_word' id='word_1_727' title='bbox 2928 4707 3061 4750; x_wconf 91' lang='lat' dir='ltr'><strong>cum</strong></span> <span class='ocrx_word' id='word_1_728' title='bbox 3111 4688 3463 4749; x_wconf 90' lang='lat' dir='ltr'><strong>suaderetur</strong></span> <span class='ocrx_word' id='word_1_729' title='bbox 3512 4684 3601 4746; x_wconf 94' lang='lat' dir='ltr'><strong>illi</strong></span> <span class='ocrx_word' id='word_1_730' title='bbox 3644 4703 3681 4745; x_wconf 91' lang='lat' dir='ltr'><strong>a</strong></span> 
     </span>
    </p>
   </div>
   <div class='ocr_carea' id='block_1_99' title="bbox 302 4773 1932 4859">
    <p class='ocr_par' dir='ltr' id='par_1_99' title="bbox 302 4778 1932 4859">
     <span class='ocr_line' id='line_1_99' title="bbox 302 4778 1932 4859; baseline -0.001 -22"><span class='ocrx_word' id='word_1_731' title='bbox 302 4780 471 4849; x_wconf 75' lang='grc' dir='ltr'><strong>διῆξεν</strong></span> <span class='ocrx_word' id='word_1_732' title='bbox 537 4782 634 4837; x_wconf 78' lang='grc' dir='ltr'><strong>τὸν</strong></span> <span class='ocrx_word' id='word_1_733' title='bbox 704 4778 910 4836; x_wconf 74' lang='grc' dir='ltr'><strong>ἅπαντα</strong></span> <span class='ocrx_word' id='word_1_734' title='bbox 986 4781 1179 4859; x_wconf 79' lang='grc' dir='ltr'><strong>χρόνον</strong></span> <span class='ocrx_word' id='word_1_735' title='bbox 1244 4778 1451 4835; x_wconf 75' lang='grc' dir='ltr'><strong>ἐκεῖνον</strong></span> <span class='ocrx_word' id='word_1_736' title='bbox 1508 4779 1706 4859; x_wconf 88' lang='grc' dir='ltr'><strong>μυρίοις</strong></span> <span class='ocrx_word' id='word_1_737' title='bbox 1762 4781 1932 4843; x_wconf 74' lang='grc' dir='ltr'><strong>πόνοις</strong></span> 
     </span>
    </p>
   </div>
   <div class='ocr_carea' id='block_1_100' title="bbox 2012 4773 3676 4859">
    <p class='ocr_par' dir='ltr' id='par_1_100' title="bbox 2029 4773 3676 4856">
     <span class='ocr_line' id='line_1_100' title="bbox 2029 4773 3676 4856; baseline -0.005 -14"><span class='ocrx_word' id='word_1_738' title='bbox 2029 4781 2254 4856; x_wconf 91' lang='lat' dir='ltr'><strong>multis,</strong></span> <span class='ocrx_word' id='word_1_739' title='bbox 2300 4788 2364 4843; x_wconf 92' lang='lat' dir='ltr'><strong>ut</strong></span> <span class='ocrx_word' id='word_1_740' title='bbox 2417 4778 2833 4843; x_wconf 91' lang='lat' dir='ltr'><strong>medicinalem</strong></span> <span class='ocrx_word' id='word_1_741' title='bbox 2885 4775 3255 4839; x_wconf 89' lang='lat' dir='ltr'><strong>curationem</strong></span> <span class='ocrx_word' id='word_1_742' title='bbox 3312 4773 3676 4852; x_wconf 89' lang='lat' dir='ltr'><strong>admitteret,</strong></span> 
     </span>
    </p>
   </div>
   <div class='ocr_carea' id='block_1_101' title="bbox 302 4861 1932 4949">
    <p class='ocr_par' dir='ltr' id='par_1_101' title="bbox 302 4866 1932 4949">
     <span class='ocr_line' id='line_1_101' title="bbox 302 4866 1932 4949; baseline -0.002 -22"><span class='ocrx_word' id='word_1_743' title='bbox 302 4870 572 4927; x_wconf 69' lang='grc' dir='ltr'><strong>πυκτεύων</strong></span> <span class='ocrx_word' id='word_1_744' title='bbox 627 4870 721 4926; x_wconf 77' lang='grc' dir='ltr'><strong>καί</strong></span> <span class='ocrx_word' id='word_1_745' title='bbox 761 4881 1058 4949; x_wconf 71' lang='grc' dir='ltr'><strong>συμφοραῖς</strong></span> <span class='ocrx_word' id='word_1_746' title='bbox 1104 4867 1442 4935; x_wconf 76' lang='grc' dir='ltr'><strong>ἀνηκέστοις.</strong></span> <span class='ocrx_word' id='word_1_747' title='bbox 1499 4866 1719 4924; x_wconf 82' lang='grc' dir='ltr'><strong>Πολλῶν</strong></span> <span class='ocrx_word' id='word_1_748' title='bbox 1768 4867 1932 4943; x_wconf 80' lang='grc' dir='ltr'><strong>μέντοι</strong></span> 
     </span>
    </p>
   </div>
   <div class='ocr_carea' id='block_1_102' title="bbox 2012 4861 3679 4949">
    <p class='ocr_par' dir='ltr' id='par_1_102' title="bbox 2030 4861 3679 4942">
     <span class='ocr_line' id='line_1_102' title="bbox 2030 4861 3679 4942; baseline -0.005 -13"><span class='ocrx_word' id='word_1_749' title='bbox 2030 4869 2272 4930; x_wconf 91' lang='lat' dir='ltr'><strong>omnino</strong></span> <span class='ocrx_word' id='word_1_750' title='bbox 2304 4868 2511 4931; x_wconf 88' lang='lat' dir='ltr'><strong>abnuit</strong></span> <span class='ocrx_word' id='word_1_751' title='bbox 2565 4867 2785 4942; x_wconf 86' lang='lat' dir='ltr'><strong>sciens,</strong></span> <span class='ocrx_word' id='word_1_752' title='bbox 2813 4863 3007 4926; x_wconf 90' lang='lat' dir='ltr'><strong>curari</strong></span> <span class='ocrx_word' id='word_1_753' title='bbox 3041 4882 3221 4925; x_wconf 90' lang='lat' dir='ltr'><strong>manu</strong></span> <span class='ocrx_word' id='word_1_754' title='bbox 3265 4861 3526 4925; x_wconf 89' lang='lat' dir='ltr'><strong>hominis</strong></span> <span class='ocrx_word' id='word_1_755' title='bbox 3557 4879 3679 4922; x_wconf 91' lang='lat' dir='ltr'><strong>non</strong></span> 
     </span>
    </p>
   </div>
   <div class='ocr_carea' id='block_1_103' title="bbox 303 4950 1932 5037">
    <p class='ocr_par' dir='ltr' id='par_1_103' title="bbox 303 4955 1932 5037">
     <span class='ocr_line' id='line_1_103' title="bbox 303 4955 1932 5037; baseline -0.001 -22"><span class='ocrx_word' id='word_1_756' title='bbox 303 4958 659 5034; x_wconf 72' lang='grc' dir='ltr'><strong>βωλευόντων</strong></span> <span class='ocrx_word' id='word_1_757' title='bbox 746 4959 983 5037; x_wconf 78' lang='grc' dir='ltr'><strong>ἰατρικῆς</strong></span> <span class='ocrx_word' id='word_1_758' title='bbox 1070 4955 1370 5032; x_wconf 78' lang='grc' dir='ltr'><strong>ὲπιμελείις</strong></span> <span class='ocrx_word' id='word_1_759' title='bbox 1462 4956 1932 5037; x_wconf 57' lang='grc' dir='ltr'><strong>προσανασχέσθαι,</strong></span> 
     </span>
    </p>
   </div>
   <div class='ocr_carea' id='block_1_104' title="bbox 2012 4950 3684 5037">
    <p class='ocr_par' dir='ltr' id='par_1_104' title="bbox 2032 4950 3684 5037">
     <span class='ocr_line' id='line_1_104' title="bbox 2032 4950 3684 5037; baseline -0.006 -19"><span class='ocrx_word' id='word_1_760' title='bbox 2032 4974 2206 5037; x_wconf 91' lang='lat' dir='ltr'><strong>posse</strong></span> <span class='ocrx_word' id='word_1_761' title='bbox 2236 4956 2447 5020; x_wconf 92' lang='lat' dir='ltr'><strong>vulnus</strong></span> <span class='ocrx_word' id='word_1_762' title='bbox 2461 4954 2819 5019; x_wconf 91' lang='lat' dir='ltr'><strong>diabolicum</strong></span> <span class='ocrx_word' id='word_1_763' title='bbox 2843 4952 2994 5036; x_wconf 80' lang='lat' dir='ltr'><strong>(2i).</strong></span> <span class='ocrx_word' id='word_1_764' title='bbox 3021 4950 3237 5034; x_wconf 87' lang='lat' dir='ltr'><strong>Elapso</strong></span> <span class='ocrx_word' id='word_1_765' title='bbox 3259 4951 3500 5015; x_wconf 91' lang='lat' dir='ltr'><strong>demum</strong></span> <span class='ocrx_word' id='word_1_766' title='bbox 3527 4966 3684 5012; x_wconf 92' lang='lat' dir='ltr'><strong>anno</strong></span> 
     </span>
    </p>
   </div>
   <div class='ocr_carea' id='block_1_105' title="bbox 378 5121 1519 5201">
    <p class='ocr_par' dir='ltr' id='par_1_105' title="bbox 378 5121 1519 5201">
     <span class='ocr_line' id='line_1_105' title="bbox 378 5121 1519 5201; baseline -0.006 -11"><span class='ocrx_word' id='word_1_767' title='bbox 378 5127 429 5171; x_wconf 66' lang='grc'><strong>³1</strong></span> <span class='ocrx_word' id='word_1_768' title='bbox 459 5124 652 5190; x_wconf 79' lang='lat' dir='ltr'><strong>Exod.</strong></span> <span class='ocrx_word' id='word_1_769' title='bbox 683 5140 786 5201; x_wconf 79' lang='lat' dir='ltr'><strong>xx,</strong></span> <span class='ocrx_word' id='word_1_770' title='bbox 819 5123 918 5186; x_wconf 82' lang='grc' dir='ltr'><strong>1Ἰ.</strong></span> <span class='ocrx_word' id='word_1_771' title='bbox 1001 5122 1057 5168; x_wconf 69' lang='grc'><strong>³³</strong></span> <span class='ocrx_word' id='word_1_772' title='bbox 1083 5122 1234 5185; x_wconf 86' lang='lat' dir='ltr'><strong>Psal.</strong></span> <span class='ocrx_word' id='word_1_773' title='bbox 1265 5137 1427 5198; x_wconf 78' lang='lat' dir='ltr'><strong>Lux,</strong></span> <span class='ocrx_word' id='word_1_774' title='bbox 1459 5121 1519 5184; x_wconf 72' lang='grc'><strong>2.</strong></span> 
     </span>
    </p>
   </div>
   <div class='ocr_carea' id='block_1_106' title="bbox 1696 5290 2304 5358">
    <p class='ocr_par' dir='ltr' id='par_1_106' title="bbox 1696 5290 2304 5358">
     <span class='ocr_line' id='line_1_106' title="bbox 1696 5290 2304 5358; baseline 0.003 -2"><span class='ocrx_word' id='word_1_775' title='bbox 1696 5292 1944 5356; x_wconf 81' lang='lat' dir='ltr'><strong>Joannis</strong></span> <span class='ocrx_word' id='word_1_776' title='bbox 1974 5290 2098 5356; x_wconf 91' lang='lat' dir='ltr'><strong>Clei</strong></span> <span class='ocrx_word' id='word_1_777' title='bbox 2128 5300 2304 5358; x_wconf 67' lang='lat' dir='ltr'><strong>notae.</strong></span> 
     </span>
    </p>
   </div>
   <div class='ocr_carea' id='block_1_107' title="bbox 2040 5447 3694 5535">
    <p class='ocr_par' dir='ltr' id='par_1_107' title="bbox 2040 5447 3694 5535">
     <span class='ocr_line' id='line_1_107' title="bbox 2040 5447 3694 5535; baseline -0.003 -22"><span class='ocrx_word' id='word_1_778' title='bbox 2040 5451 2261 5535; x_wconf 91' lang='lat' dir='ltr'><strong>itaque,</strong></span> <span class='ocrx_word' id='word_1_779' title='bbox 2285 5454 2546 5535; x_wconf 87' lang='lat' dir='ltr'><strong>divinam</strong></span> <span class='ocrx_word' id='word_1_780' title='bbox 2569 5452 3115 5535; x_wconf 78' lang='lat' dir='ltr'><strong>voluntatem_in_eo</strong></span> <span class='ocrx_word' id='word_1_781' title='bbox 3139 5447 3469 5535; x_wconf 78' lang='lat' dir='ltr'><strong>agnovisse,</strong></span> <span class='ocrx_word' id='word_1_782' title='bbox 3491 5462 3694 5535; x_wconf 86' lang='lat' dir='ltr'><strong>sua_m-</strong></span> 
     </span>
    </p>
   </div>
   <div class='ocr_carea' id='block_1_108' title="bbox 2041 5525 3688 5615">
    <p class='ocr_par' dir='ltr' id='par_1_108' title="bbox 2041 5525 3688 5615">
     <span class='ocr_line' id='line_1_108' title="bbox 2041 5525 3688 5615; baseline -0.005 -20"><span class='ocrx_word' id='word_1_783' title='bbox 2041 5525 2159 5614; x_wconf 84' lang='lat' dir='ltr'><strong>qué</strong></span> <span class='ocrx_word' id='word_1_784' title='bbox 2189 5525 2532 5615; x_wconf 82' lang='lat' dir='ltr'><strong>patientiam</strong></span> <span class='ocrx_word' id='word_1_785' title='bbox 2576 5551 2874 5615; x_wconf 75' lang='lat' dir='ltr'><strong>exercere</strong></span> <span class='ocrx_word' id='word_1_786' title='bbox 2908 5530 2970 5594; x_wconf 92' lang='lat' dir='ltr'><strong>S.</strong></span> <span class='ocrx_word' id='word_1_787' title='bbox 3008 5525 3221 5615; x_wconf 67' lang='lat' dir='ltr'><strong>_1_‘iilum</strong></span> <span class='ocrx_word' id='word_1_788' title='bbox 3253 5527 3537 5603; x_wconf 89' lang='lat' dir='ltr'><strong>voluisse,</strong></span> <span class='ocrx_word' id='word_1_789' title='bbox 3572 5525 3688 5615; x_wconf 76' lang='lat' dir='ltr'><strong>dp-</strong></span> 
     </span>
    </p>
   </div>
   <div class='ocr_carea' id='block_1_109' title="bbox 2042 5602 3693 5706">
    <p class='ocr_par' dir='ltr' id='par_1_109' title="bbox 2042 5602 3693 5706">
     <span class='ocr_line' id='line_1_109' title="bbox 2042 5602 3693 5706; baseline -0.006 -32"><span class='ocrx_word' id='word_1_790' title='bbox 2042 5602 2449 5706; x_wconf 45' lang='lat' dir='ltr'><strong>nec.&#39;tandem</strong></span> <span class='ocrx_word' id='word_1_791' title='bbox 2505 5612 2618 5677; x_wconf 90' lang='lat' dir='ltr'><strong>Dei</strong></span> <span class='ocrx_word' id='word_1_792' title='bbox 2675 5609 3086 5677; x_wconf 88' lang='lat' dir='ltr'><strong>misericordia</strong></span> <span class='ocrx_word' id='word_1_793' title='bbox 3156 5624 3326 5674; x_wconf 89' lang='lat' dir='ltr'><strong>servo</strong></span> <span class='ocrx_word' id='word_1_794' title='bbox 3383 5625 3488 5669; x_wconf 91' lang='lat' dir='ltr'><strong>suo</strong></span> <span class='ocrx_word' id='word_1_795' title='bbox 3522 5602 3693 5666; x_wconf 86' lang='lat' dir='ltr'><strong>sub-</strong></span> 
     </span>
    </p>
   </div>
   <div class='ocr_carea' id='block_1_110' title="bbox 2040 5702 2224 5760">
    <p class='ocr_par' dir='ltr' id='par_1_110' title="bbox 2040 5702 2224 5760">
     <span class='ocr_line' id='line_1_110' title="bbox 2040 5702 2224 5760; baseline 0.022 -5"><span class='ocrx_word' id='word_1_796' title='bbox 2040 5702 2224 5760; x_wconf 84' lang='lat' dir='ltr'><strong>venit.</strong></span> 
     </span>
    </p>
   </div>
   <div class='ocr_carea' id='block_1_111' title="bbox 390 5449 1952 5596">
    <p class='ocr_par' dir='ltr' id='par_1_111' title="bbox 390 5449 1952 5596">
     <span class='ocr_line' id='line_1_111' title="bbox 390 5449 1952 5596; baseline -0.002 -80"><span class='ocrx_word' id='word_1_797' title='bbox 390 5452 594 5596; x_wconf 53' lang='grc' dir='ltr'><strong>ῗηῐᾶ</strong></span> <span class='ocrx_word' id='word_1_798' title='bbox 608 5452 760 5516; x_wconf 87' lang='lat' dir='ltr'><strong>forte</strong></span> <span class='ocrx_word' id='word_1_799' title='bbox 777 5468 983 5514; x_wconf 88' lang='lat' dir='ltr'><strong>verum</strong></span> <span class='ocrx_word' id='word_1_800' title='bbox 1006 5458 1120 5533; x_wconf 89' lang='lat' dir='ltr'><strong>est,</strong></span> <span class='ocrx_word' id='word_1_801' title='bbox 1138 5450 1237 5513; x_wconf 89' lang='lat' dir='ltr'><strong>sia</strong></span> <span class='ocrx_word' id='word_1_802' title='bbox 1258 5450 1551 5513; x_wconf 84' lang='lat' dir='ltr'><strong>maleﬁcio</strong></span> <span class='ocrx_word' id='word_1_803' title='bbox 1565 5449 1952 5531; x_wconf 87' lang='lat' dir='ltr'><strong>pertinaciam</strong></span> 
     </span>
     <span class='ocr_line' id='line_1_112' title="bbox 433 5529 1952 5595; baseline -0.001 0"><span class='ocrx_word' id='word_1_804' title='bbox 433 5544 491 5595; x_wconf 83' lang='lat' dir='ltr'><strong>et</strong></span> <span class='ocrx_word' id='word_1_805' title='bbox 538 5533 805 5595; x_wconf 87' lang='lat' dir='ltr'><strong>malum:</strong></span> <span class='ocrx_word' id='word_1_806' title='bbox 857 5530 962 5594; x_wconf 87' lang='lat' dir='ltr'><strong>sed</strong></span> <span class='ocrx_word' id='word_1_807' title='bbox 1012 5529 1256 5593; x_wconf 89' lang='lat' dir='ltr'><strong>vulnera</strong></span> <span class='ocrx_word' id='word_1_808' title='bbox 1303 5549 1337 5592; x_wconf 90' lang='lat' dir='ltr'><strong>a</strong></span> <span class='ocrx_word' id='word_1_809' title='bbox 1382 5531 1651 5594; x_wconf 63' lang='lat' dir='ltr'><strong>damone</strong></span> <span class='ocrx_word' id='word_1_810' title='bbox 1677 5531 1833 5594; x_wconf 87' lang='lat' dir='ltr'><strong>fuste</strong></span> <span class='ocrx_word' id='word_1_811' title='bbox 1861 5532 1952 5593; x_wconf 91' lang='lat' dir='ltr'><strong>vel</strong></span> 
     </span>
    </p>
   </div>
   <div class='ocr_carea' id='block_1_112' title="bbox 316 5530 1959 5706">
    <p class='ocr_par' dir='ltr' id='par_1_112' title="bbox 316 5530 1959 5706">
     <span class='ocr_line' id='line_1_113' title="bbox 316 5530 1953 5596; baseline -0.001 -1"><span class='ocrx_word' id='word_1_812' title='bbox 316 5530 503 5596; x_wconf 76' lang='lat' dir='ltr'><strong>habet</strong></span> <span class='ocrx_word' id='word_1_813' title='bbox 538 5533 805 5595; x_wconf 87' lang='lat' dir='ltr'><strong>malum:</strong></span> <span class='ocrx_word' id='word_1_814' title='bbox 857 5530 962 5594; x_wconf 87' lang='lat' dir='ltr'><strong>sed</strong></span> <span class='ocrx_word' id='word_1_815' title='bbox 1012 5530 1256 5593; x_wconf 82' lang='lat' dir='ltr'><strong>vulnera</strong></span> <span class='ocrx_word' id='word_1_816' title='bbox 1303 5549 1337 5592; x_wconf 90' lang='lat' dir='ltr'><strong>a</strong></span> <span class='ocrx_word' id='word_1_817' title='bbox 1382 5530 1651 5594; x_wconf 67' lang='lat' dir='ltr'><strong>daamdne</strong></span> <span class='ocrx_word' id='word_1_818' title='bbox 1677 5531 1833 5594; x_wconf 87' lang='lat' dir='ltr'><strong>fuste</strong></span> <span class='ocrx_word' id='word_1_819' title='bbox 1861 5532 1953 5593; x_wconf 91' lang='lat' dir='ltr'><strong>vel</strong></span> 
     </span>
     <span class='ocr_line' id='line_1_114' title="bbox 322 5610 1959 5706; baseline -0.002 -30"><span class='ocrx_word' id='word_1_820' title='bbox 322 5613 500 5676; x_wconf 75' lang='lat' dir='ltr'><strong>simili</strong></span> <span class='ocrx_word' id='word_1_821' title='bbox 516 5614 918 5706; x_wconf 70' lang='lat' dir='ltr'><strong>instrumento</strong></span> <span class='ocrx_word' id='word_1_822' title='bbox 947 5611 1213 5706; x_wconf 71' lang='lat' dir='ltr'><strong>naturati</strong></span> <span class='ocrx_word' id='word_1_823' title='bbox 1223 5610 1468 5703; x_wconf 75' lang='lat' dir='ltr'><strong>inﬂicta,</strong></span> <span class='ocrx_word' id='word_1_824' title='bbox 1485 5629 1685 5706; x_wconf 44' lang='lat' dir='ltr'><strong>quare.</strong></span> <span class='ocrx_word' id='word_1_825' title='bbox 1697 5612 1778 5706; x_wconf 85' lang='lat' dir='ltr'><strong>hu</strong></span> <span class='ocrx_word' id='word_1_826' title='bbox 1768 5629 1959 5706; x_wconf 48' lang='lat' dir='ltr'><strong>inane</strong></span> 
     </span>
    </p>
   </div>
   <div class='ocr_carea' id='block_1_113' title="bbox 323 5691 1957 5778">
    <p class='ocr_par' dir='ltr' id='par_1_113' title="bbox 323 5691 1957 5778">
     <span class='ocr_line' id='line_1_115' title="bbox 323 5691 1957 5778; baseline -0.001 -22"><span class='ocrx_word' id='word_1_827' title='bbox 323 5711 437 5778; x_wconf 81' lang='lat' dir='ltr'><strong>ope</strong></span> <span class='ocrx_word' id='word_1_828' title='bbox 462 5693 664 5759; x_wconf 77' lang='lat' dir='ltr'><strong>sanari</strong></span> <span class='ocrx_word' id='word_1_829' title='bbox 690 5711 813 5757; x_wconf 92' lang='lat' dir='ltr'><strong>non</strong></span> <span class='ocrx_word' id='word_1_830' title='bbox 844 5691 1099 5777; x_wconf 81' lang='lat' dir='ltr'><strong>possint,</strong></span> <span class='ocrx_word' id='word_1_831' title='bbox 1130 5691 1279 5756; x_wconf 88' lang='lat' dir='ltr'><strong>ratio</strong></span> <span class='ocrx_word' id='word_1_832' title='bbox 1307 5709 1427 5755; x_wconf 92' lang='lat' dir='ltr'><strong>non</strong></span> <span class='ocrx_word' id='word_1_833' title='bbox 1456 5691 1736 5774; x_wconf 81' lang='lat' dir='ltr'><strong>suppetit.</strong></span> <span class='ocrx_word' id='word_1_834' title='bbox 1763 5691 1957 5757; x_wconf 86' lang='lat' dir='ltr'><strong>Credo</strong></span> 
     </span>
    </p>
   </div>
  </div>
