3966 6148
303 266 380 334 55
1801 260 1945 324 ANG

2027 257 2156 326 YMI
3591 255 3670 324 56

309 408 372 463 et
390 403 738 463 recurrente
760 402 1098 459 sanctorum
1112 391 1526 474 Apostolorum
1547 389 1943 465 solemnitate,

2032 393 2274 470 οὖδαμῶς
2349 391 2655 460 κατεδέξατο
2727 403 2902 467 τοῦτο,
2977 394 3250 472 γινώσκων
3319 390 3665 469 ἀθεράπευτον

314 504 653 553 convenere
675 485 737 546 in
748 482 1081 547 ccenobium
1096 481 1421 542 imitatores
1439 499 1645 541 eorum
1664 479 1945 541 Fantinus

2030 484 2170 543 εἶναι
2225 484 2327 540 ὑπὸ
2394 484 2577 563 χειρὸς
2644 482 2913 562 ἀνθρώπου
2975 489 3071 551 τὴν
3128 480 3433 548 διαϐολικὴν
3487 477 3668 554 ἀλγη-

312 583 373 639 et
397 575 592 650 Nilus,
643 580 709 634 ut
734 572 911 633 simul
958 571 1116 633 diem
1148 569 1360 631 festum
1394 567 1769 630 celebrarent
1800 576 1858 630 et
1885 587 1945 631 se

2029 571 2175 634 δόνα,
2247 580 2350 630 Τοῦ
2416 571 2584 628 τοίνυν
2655 573 2850 652 χρόνου
2919 570 3369 651 παραδραμόντος,
3429 569 3517 626 καὶ
3567 570 3669 632 τῆς

313 664 567 726 invicem
591 662 1059 733 consolarentur,
1092 659 1193 739 qui
1217 676 1497 738 germana
1517 663 1686 718 erant
1713 664 1945 737 aposto-

2033 662 2273 736 μνήμης,
2333 665 2438 716 τῶν
2494 661 2656 738 ἁγίων
2713 658 3051 718 Ἀποστόλων
3100 659 3483 740 ἐπιφθασάσης,
3537 676 3668 710 συν-

317 754 511 816 lorum
541 750 758 832 proles.
790 752 933 814 Cum
956 747 1134 826 igitur
1159 746 1529 828 pervigilium
1554 764 1688 807 cum
1719 744 1945 826 hymnis

2031 747 2191 817 ἦλθον
2224 748 2279 805 ἓν
2312 755 2389 823 τῷ
2416 745 2660 823 κοινοϐἰῳ
2709 752 2755 806 οἱ
2800 754 2970 809 αὐτῶν
3017 752 3245 827 μιμηταὶ
3291 756 3552 807 Φαντϊνος
3580 742 3671 798 καὶ

315 840 977 923 agerentetexultarent
1004 836 1238 916 fratres,
1270 835 1579 897 audientes
1609 845 1945 897 sanctorum

2033 837 2225 901 Νεῖλος
2298 837 2632 915 συνεορτάσαι
2686 839 2773 894 καὶ
2827 838 3333 919 συμπαρακληθῆναι
3386 832 3668 923 ἀλλήλοις,

312 920 647 995 doctrinam
676 938 734 989 et
764 926 1200 1007 Scripturarum
1225 924 1711 1004 explicationem,
1745 923 1945 985 horta-

2032 929 2105 993 ὡς
2138 928 2325 1005 γνήσια
2371 925 2526 983 τέκνα
2553 931 2657 983 τῶν
2700 926 3032 986 ἀποστόλων.
3084 929 3384 1006 Παννύχιον
3431 923 3520 981 οὖν
3566 920 3670 986 τὴν

319 1030 414 1082 tus
442 1026 500 1079 et
525 1020 769 1097 Magnus
811 1016 1095 1079 Fantinus
1141 1015 1209 1076 B.
1259 1012 1455 1074 Nilum
1503 1023 1569 1073 ut
1597 1016 1867 1090 surgeret
1894 1019 1945 1073 et

2032 1013 2289 1091 ὑμνῳδίαν
2341 1013 2741 1088 ἐπιτελούντων,
2796 1018 2884 1073 καὶ
2952 1022 3058 1072 τῶν
3078 1014 3343 1094 ,ἀδελφῶν
3389 1010 3668 1092 ἀγαλλιω-

314 1109 541 1188 legeret
563 1104 899 1167 encomium
931 1104 991 1166 in
1020 1102 1334 1184 Apostolos
1362 1100 1549 1164 sancti
1578 1098 1824 1163 Joannis
1840 1101 1945 1164 Da-

2033 1104 2203 1180 μένων
2260 1103 2344 1161 ἐπὶ
2398 1110 2467 1181 τῇ
2523 1109 2629 1162 τῶν
2685 1106 2847 1183 ἁγίων
2902 1104 3225 1180 διδασκαλίᾳ,
3295 1104 3384 1160 καὶ
3447 1106 3515 1178 τῇ
3560 1104 3671 1156 τῶν

318 1195 608 1270 masceni,
643 1192 857 1256 iambis
887 1200 945 1254 et
974 1191 1183 1254 metris
1212 1190 1353 1252 satis
1405 1196 1700 1253 ornatum.
1734 1189 1945 1252 Beatus

2032 1197 2250 1273 Γραφῶν
2320 1191 2618 1273 ἀναπτύξει,
2690 1192 2993 1273 παρακαλεῖ
3074 1197 3102 1251 ὁ
3174 1192 3339 1271 μέγας
3403 1197 3669 1247 Φανττνος

314 1286 508 1357 Nilus,
538 1283 642 1365 qui
697 1300 999 1361 nunquam
1042 1299 1161 1341 non
1209 1278 1454 1343 obedire
1500 1284 1764 1351 noverat,
1815 1277 1945 1339 licet

2030 1284 2118 1341 τὸν
2150 1281 2293 1338 ὅσιον
2350 1280 2542 1339 Νεῖλον
2590 1282 2878 1351 ἀναστῆναι
2927 1285 3015 1341 καὶ
3064 1283 3357 1361 ἀναγνῶναι
3403 1278 3670 1357 ἐγκώμιον

310 1379 436 1458 jam
468 1363 632 1436 ess—et
662 1390 815 1452 pene
862 1370 1086 1450 aridus,
1136 1387 1272 1430 cum
1320 1368 1532 1458 gaudio
1563 1375 1625 1458 et
1650 1366 1945 1428 alacritate

2032 1375 2105 1435 εἷς
2174 1371 2294 1436 τοὺς
2381 1369 2761 1446 Ἀποστόλους,
2844 1373 3137 1453 συγγραφὲν
3219 1371 3361 1451 παρὰ
3439 1374 3532 1425 τοῦ
3613 1363 3671 1420 ἐν

316 1452 616 1537 surrexit;
646 1468 825 1541 utque
864 1458 1118 1539 primum
1152 1475 1463 1537 aggressus
1492 1456 1805 1518 lectionem
1836 1461 1945 1531 est,

2032 1461 2199 1539 ἁγίοις
2272 1467 2626 1536 Δαμασκηνοῦ
2698 1458 2959 1543 Ἰωάννου,
3031 1458 3302 1543 ἱαμόικοτς
3349 1458 3438 1514 καὶ
3492 1452 3669 1530 ἐμμέ-

315 1551 536 1616 acerba
562 1550 665 1611 illa
686 1547 983 1627 aegrotatio
1008 1546 1287 1627 paulatim
1314 1564 1345 1607 e
1362 1562 1609 1625 corpore
1628 1542 1945 1607 deﬂuebat.

2030 1572 2172 1629 τροις
2243 1549 2450 1629 στίχοις
2519 1541 3086 1628 καταπεποικιλμένον.
3164 1541 3221 1607 ιΟ
3289 1546 3343 1604 δὲ
3412 1545 3669 1622 μακάριος

313 1642 386 1705 Et
416 1658 549 1703 cum
581 1646 795 1720 praeter
825 1654 992 1717 spem
1023 1635 1136 1697 sibi
1164 1635 1444 1697 auxilium
1467 1633 1775 1708 sensisset,
1804 1631 1945 1694 nulli

2034 1637 2226 1703 Νεῖλος
2275 1635 2544 1714 μηδέποτε
2590 1648 2916 1718 παρακοῦσαι
2956 1640 3250 1718 γινώσκων,
3309 1636 3479 1693 καίτοι
3526 1652 3669 1711 σχε-

314 1728 557 1794 omnino
587 1725 908 1808 quidquam
958 1724 1033 1785 de
1077 1742 1147 1786 eo
1194 1723 1364 1798 dixit,
1414 1723 1605 1785 donec
1653 1720 1945 1783 matutina

2032 1724 2118 1783 δὸν
2187 1728 2260 1790 ὡς
2330 1723 2587 1806 ἦμίξηρος
2657 1729 2960 1808 τυγχάνων,
3032 1728 3226 1795 ἀνέστη
3296 1725 3430 1801 μετά
3491 1720 3671 1785 πάσης

314 1835 524 1900 preces
578 1814 864 1876 absolutae
916 1818 1076 1888 sunt,
1132 1820 1374 1900 tumque
1447 1818 1649 1900 sancto
1700 1809 1945 1900 Fantino

2033 1821 2205 1894 χαρᾶς
2277 1815 2365 1871 καὶ
2434 1815 2744 1894 προθυμίας,
2818 1818 2972 1880 αὐτὸς
3028 1838 3085 1873 τε
3166 1820 3265 1882 τῆς
3321 1811 3670 1900 ἀναγνώσεως

315 1897 714 1988 procumbens
783 1902 997 1981 gratias
1063 1899 1292 1980 agebat,
1366 1898 1540 1988 quod
1610 1916 1719 1979 per
1783 1897 1945 1988 illum

2032 1904 2131 1971 τὴν
2198 1903 2375 1983 ἀρχὴν
2444 1904 2704 1985 ἐποιεῖτο,
2768 1907 2857 1962 καὶ
2923 1908 2958 1974 ἡ
3031 1905 3237 1985 πονηρά
3288 1902 3461 1968 ἐκείνη
3518 1899 3674 1961 νόσος

311 1985 436 2057 tam
506 1991 668 2072 gravi
720 2008 874 2053 noxa
927 1988 1080 2050 liber
1129 1999 1306 2051 esset.
1365 1987 1470 2049 Ille
1524 1994 1753 2059 contra,
1813 1985 1945 2049 ohe

2033 1993 2169 2049 κατὰ
2225 1994 2411 2072 μικρὸν
2465 2003 2557 2052 τοῦ
2612 1994 2855 2070 σώματος
2909 1993 3145 2072 ὑπεξῄει.
3198 1993 3402 2059 Ταύτης
3457 1988 3515 2044 δὲ
3567 1992 3671 2053 τῆς

313 2081 557 2145 dientiaa
624 2081 753 2161 ejus
821 2086 881 2139 et
931 2077 1125 2139 favori
1205 2075 1601 2157 apostolorum
1661 2074 1945 2164 tribuebat

2035 2079 2371 2156 ἀντιλήψεως
2428 2083 2689 2150 αἰσθηθεὶς
2746 2083 2885 2162 παρὰ
2941 2082 3250 2164 προσδοκίαν
3320 2082 3347 2135 ὗ
3412 2077 3671 2157 μακάριος

313 2169 665 2233 miraculum
692 2185 706 2230 :
734 2166 1215 2229 itabumilitatem
1234 2173 1484 2246 uterque
1507 2162 1945 2254 praeset‘erebiat,

2036 2169 2253 2245 Νεῖλος,
2295 2168 2458 2229 οὐδενὶ
2513 2169 2656 2231 οὐδὲν
2705 2173 2831 2229 εἶπε
2872 2162 3032 2254 μέχρι
3079 2178 3177 2240 τῆς
3224 2169 3528 2231 ἀπολυσεως
3576 2172 3674 2223 τοῦ

313 2259 379 2321 in
402 2262 590 2323 Deum
640 2255 1062 2319 miraculorum
1116 2262 1421 2318 auctorem
1464 2253 1791 2315 referentes
1819 2253 1945 2332 glo-

2033 2254 2235 2336 ὅρθρου.
2283 2260 2383 2317 Καὶ
2430 2259 2548 2316 τότε
2604 2259 2784 2337 βαλὼν
2836 2264 3116 2337 μετὰνοιαν
3163 2267 3241 2329 τῷ
3288 2257 3471 2332 δικαίῳ
3518 2263 3672 2312 Φανο

308 2348 489 2411 riam.
2032 2345 2180 2426 τίνῷ,
2238 2349 2545 2428 εὐχαριστεῖ
2600 2349 2760 2424 αὐτῷ,
2825 2353 2898 2414 ὡς
2946 2348 3013 2406 δι’
3054 2351 3211 2406 αὑτοῦ
3266 2354 3364 2415 τῆς
3418 2346 3668 2410 τοιαύτης

318 2435 645 2513 ἀπαλλαγεὶς
715 2433 986 2514 ἐπηρείας,
1059 2433 1225 2497 Αὐτὸς
1289 2429 1344 2488 δὲ
1413 2430 1571 2488 πάλιν
1626 2438 1697 2509 τῇ
1759 2430 1955 2492 ἐκείνου
2014 2434 2222 2513 ὑπακοῇ
2244 2478 2264 2509 ,
2316 2438 2404 2494 καὶ
2473 2443 2541 2514 τῇ
2600 2436 2893 2495 ἐπισκιάσει
2963 2446 3066 2496 τῶν
3137 2435 3446 2495 ἀποστόλων
3500 2454 3666 2512 προσ-

318 2526 535 2583 ανετίθει
565 2524 627 2580 τὸ
656 2525 827 2598 θαῦμα
861 2538 875 2552 ⁹
928 2524 1016 2578 καὶ
1043 2519 1279 2596 διέμενον
1309 2520 1363 2577 ἐν
1410 2521 1855 2600 ταπεινοφροσύνη
1906 2523 1997 2577 τὸν
2036 2525 2333 2605 θαυμασίων
2366 2527 2496 2582 Θεὸν
2525 2523 2941 2605 δοξολογοῦντες,

394 2613 499 2676 ‘24.
517 2610 890 2675 Multiformis
908 2627 1084 2690 porro
1099 2606 1636 2685 etinexcogitabilis
1657 2608 1718 2670 in
1739 2626 1945 2671 omnes

2111 2602 2196 2667 κδ’
2254 2605 2317 2670 ιΗ
2372 2611 2427 2670 δὲ
2483 2602 2809 2693 πολύτροπος
2865 2616 2952 2671 καὶ
2994 2613 3338 2693 ἀπερινόητος
3388 2618 3482 2685 τοῦ
3538 2616 3672 2667 Θεοῦ

314 2702 426 2765 Dei
478 2699 846 2782 providentia
889 2698 1200 2778 (quorsum
1240 2714 1381 2758 vero
1410 2695 1471 2756 id
1501 2695 1564 2757 in
1594 2714 1701 2757 suo
1730 2695 1945 2759 famulo

2030 2702 2147 2779 περὶ
2212 2702 2414 2768 πάντας
2487 2705 2776 2780 οἰκονομία,
2847 2704 2898 2760 τί
2964 2702 3324 2782 προνοουμένη
3392 2702 3509 2780 περὶ
3577 2701 3669 2755 τὸν

316 2790 522 2871 egerit,
556 2788 797 2868 ignovo)
821 2804 1001 2864 parva
1019 2784 1287 2865 quaedam
1308 2784 1547 2864 vestigia
1580 2783 1770 2845 morbi
1790 2784 1945 2846 illius

2032 2790 2223 2858 ἐαυτης
2295 2791 2501 2860 οἰκέτην
2571 2794 2665 2849 οὐκ
2731 2791 3063 2868 οἶδα,ε’ίασεν
3137 2793 3291 2849 αὐτὸν
3351 2790 3511 2870 μέχρι
3580 2789 3671 2845 καὶ

312 2880 376 2942 in
408 2897 479 2940 eo
508 2877 752 2959 reliquit
777 2874 849 2938 ad
879 2875 1069 2955 ipsam
1114 2880 1694 2962 usquesenectutem
1738 2873 1945 2953 quibus

2032 2878 2190 2936 αὐτοῦ
2244 2887 2336 2937 τοῦ
2394 2883 2574 2960 γήρως
2632 2882 2926 2962 περιφέρειν
2980 2881 3095 2938 τινὰ
3149 2881 3314 2961 μικρά
3363 2880 3501 2960 ἴχνη
3567 2884 3666 2946 τῆς

312 2967 738 3030 admoneretur
764 2963 967 3028 auxilii
995 2969 1054 3025 et
1075 2961 1459 3052 protectionis
1481 2980 1617 3041 erga
1637 2980 1701 3024 se
1713 2962 1945 3028 divinae.

2032 2966 2319 3047 ἀῤῥωστίας
2414 2970 2617 3038 ἐκείνης
2647 3019 2663 3052 ,
2757 2961 3228 3047 ὕπομιμνήσκοντα
3315 2968 3470 3026 αύτὺν
3565 2973 3666 3035 τῆς

310 3057 379 3120 In
406 3055 501 3117 his
549 3053 828 3117 omnibus
872 3070 1007 3114 cum
1038 3069 1103 3113 se
1133 3050 1446 3132 plusquam
1474 3049 1758 3112 victorem
1792 3070 1947 3133 prm-

310 3143 555 3208 stitisset
609 3160 717 3223 per
788 3141 899 3204 Dei
958 3139 1257 3220 virtutem,
1320 3138 1416 3200 cui
1485 3139 1738 3201 dilectus
1795 3151 1944 3225 erat,

310 3235 576 3296 omnium
606 3231 708 3293 ille
737 3229 1047 3293 aemulator
1076 3235 1417 3290 sanctorum
1448 3235 1505 3290 et
1521 3236 1948 3310 praeceptorum

309 3321 528 3386 Christi
556 3320 924 3391 observator,
952 3317 1026 3379 ad
1053 3316 1228 3380 aliam
1262 3334 1328 3378 se
1356 3316 1701 3394 accingebat
1730 3317 1946 3381 luctam

306 3419 734 3490 certamenque
787 3405 1034 3469 diaboli.
1086 3404 1411 3486 Oportebat
1468 3404 1627 3466 enim
1676 3405 1832 3468 hunc
1885 3407 1949 3470 in

307 3499 584 3562 omnibus
606 3495 866 3570 devinci,
899 3502 963 3556 ut
990 3493 1180 3557 victor
1205 3493 1372 3556 Nilus
1402 3493 1530 3556 sine
1549 3496 1951 3559 controversia

306 3587 540 3669 praemii
567 3602 848 3648 coronam
878 3590 1368 3664 consequeretur.
1397 3581 1510 3644 Per
1545 3582 1690 3643 illud
1717 3591 1949 3664 tempus

305 3674 496 3740 beatae
523 3674 830 3737 memoriae
858 3670 1288 3752 Fantinus(22)
1317 3669 1573 3733 exslasin
1608 3682 1697 3732 est
1716 3690 1942 3752 passus,

305 3772 366 3829 et
392 3773 458 3829 ut
488 3781 626 3827 vere
660 3761 880 3836 dicam,
913 3760 1159 3822 mutatio
1191 3760 1447 3822 dexterae
1464 3759 1949 3824 Excelsiobvenit

300 3853 410 3917 illi.
444 3852 591 3916 Nam
624 3851 779 3914 sicut
806 3848 1141 3912 audivimus
1189 3848 1265 3911 de
1306 3849 1569 3911 Jeremia
1615 3848 1696 3925 εὖ,
1729 3849 1945 3930 capillo

302 3949 363 4004 et
388 3941 573 4005 barba
601 3940 829 4003 abrasis
857 3938 1210 4001 circumisse
1257 3937 1748 4019 Hierosolymam,
1783 3938 1947 4003 luctu

301 4030 503 4093 omnia
552 4028 952 4110 complentem
1009 4035 1069 4089 et
1133 4026 1487 4089 insanientis
1541 4025 1943 4108 suspicionem

299 4118 544 4183 dedisse
572 4116 1100 4199 insipientibus,ad
1116 4115 1391 4178 eumdem
1429 4116 1670 4178 modum
1703 4117 1947 4197 contigit

299 4213 359 4269 et
388 4206 559 4268 beato
590 4206 730 4269 huic
760 4206 905 4278 viro,
932 4205 1031 4285 qui
1055 4204 1263 4267 itidem
1288 4213 1412 4266 erat
1432 4204 1758 4285 prophetia;
1778 4205 1941 4268 dono

297 4294 867 4358 excellentissimus.
895 4292 1033 4355 Sive
1083 4293 1241 4355 enim
1290 4295 1632 4374 praesagiret
1661 4294 1938 4359 vastatio-

2034 3057 2191 3117 αὐτοῦ
2245 3060 2363 3139 περὶ
2419 3059 2573 3116 αὐτὸν
2625 3058 2958 3136 ἀντιλήψεως
3011 3060 3098 3116 ταὶ
3151 3055 3486 3134 κηδεμονίας.
3549 3054 3669 3114 Ἐπὶ

2032 3152 2161 3203 πᾶσι
2218 3145 2272 3203 δὲ
2345 3147 2550 3212 τούτοις
2605 3150 2956 3228 ὑπερνικήσας
3016 3146 3099 3204 διὰ
3151 3154 3244 3204 τοῦ
3292 3146 3668 3225 ἀγαπήσαντος

2029 3236 2184 3292 αὐτὸν
2239 3243 2369 3295 Θεοῦ
2424 3239 2451 3293 ὁ
2470 3243 2576 3294 τῶν
2631 3237 2791 3316 ἁγίων
2842 3238 3053 3294 πάντων
3098 3234 3364 3316 ζηλωτὴς,
3422 3236 3511 3291 καί
3562 3241 3668 3292 τῶν

2029 3323 2257 3415 ἐντολῶν
2354 3335 2447 3415 τοῦ
2542 3333 2766 3406 Χριστοῦ
2860 3324 3200 3415 πληρωτὴς,Δ
3232 3326 3428 3415 ’πρὸςν
3468 3322 3666 3415 Δἑτέραν

2031 3412 2288 3485 ὡπλίζετο
2342 3413 2520 3482 πάλην
2566 3417 2654 3472 καὶ
2702 3416 2883 3495 ἀγῶνα
2929 3420 3020 3471 τοῦ
3084 3410 3349 3473 διαϐόλου.
3405 3410 3537 3470 ’Ἐδει
3567 3414 3668 3492 γὰρ

2030 3500 2114 3558 διὰ
2182 3503 2392 3559 πάντων
2478 3504 2923 3584 ἀποκρουσθῆναι,
2995 3504 3081 3560 καὶ
3167 3501 3334 3566 οὕτως
3403 3499 3666 3579 ἀριδήλως

2026 3593 2120 3647 τὸν
2167 3593 2388 3661 νικητὴν
2435 3595 2748 3676 στεφανίτην
2800 3590 3198 3673 ἀναδειχθῆναι,
3255 3588 3345 3649 Ἐν
3398 3598 3475 3666 τῷ
3499 3598 3668 3670 καιρῷ

2027 3678 2208 3754 ἐκείνῳ
2276 3678 2518 3745 ἔκστασις
2590 3682 2858 3740 ἐπιπίπτει
2926 3687 3003 3755 τῷ
3070 3679 3333 3759 μακαρίτῃ
3403 3679 3660 3751 Φαντίνῳ,

2026 3766 2236 3836 ἀληθῶς
2266 3766 2314 3825 δ’
2362 3771 2532 3828 εἰπεῖν
2562 3769 2841 3834 ἀλλοίωσις
2891 3775 2990 3837 τῆς
3037 3767 3203 3833 δεξιᾶς
3252 3774 3344 3825 τοῦ
3395 3759 3663 3843 Ὑψίστου.

2029 3859 2134 3915 Καὶ
2157 3862 2274 3915 οῖον
2320 3856 2385 3926 δὴ
2431 3861 2501 3928 τὴ
2547 3862 2636 3917 τον
2688 3851 2939 3939 Ἰερεμίαν
2981 3858 3238 3939 ἀκούομεν
3284 3858 3381 3924 τὴν
3428 3855 3666 3936 κεφαλὴν

2026 3946 2115 4001 καὶ
2182 3947 2274 4002 τὸν
2339 3947 2572 4026 πώγωνα
2640 3937 2953 4028 ξυρήσαντα,
3023 3947 3120 4014 τὴν
3192 3937 3537 4024 Ἰερουσαλὴμ
3604 3945 3660 4001 ἐν

2025 4035 2234 4113 θρήνοις
2292 4042 2677 4113 κατακομῶντα
2737 4035 3018 4115 περιιέναι,
3079 4035 3166 4091 καὶ
3220 4032 3488 4107 ὑπόληψιν
3543 4030 3662 4097 ἐξε-

2024 4123 2286 4190 στηκότος
2314 4121 2508 4182 διδόναι
2555 4138 2671 4189 τοῖς
2715 4124 2982 4198 ἀνοήτοις,
3028 4124 3119 4180 τὸν
3168 4121 3322 4179 αὖτὸν
3366 4121 3559 4201 τρόπον
3595 4120 3660 4188 ἧν

2023 4208 2258 4267 κατιδεῖν
2313 4213 2399 4269 καὶ
2453 4214 2570 4291 περὶ
2624 4214 2713 4270 τὸν
2755 4211 3224 4292 προφητικώτατον
3272 4211 3359 4266 καὶ
3405 4209 3661 4287 μακάριον

2022 4298 2290 4381 ἄνθρωπον
2361 4308 2564 4362 τοῦτον.
2640 4301 2766 4359 Εἴτε
2819 4303 2919 4381 γὰρ
2972 4302 3069 4368 τὴν
3143 4299 3398 4366 αἰσθητὴν
3464 4299 3660 4365 ταύτης

296 4401 464 4473 nem,
497 4400 672 4473 quam
726 4380 915 4442 oculis
963 4381 1287 4457 cernimus,
1342 4380 1603 4461 regionis
1656 4383 1834 4462 hujus
1877 4390 1936 4444 et

2027 4380 2123 4456 τῆς
2192 4390 2375 4470 χώρας
2446 4391 2788 4473 προφητεύων
2838 4380 3163 4463 κατάλυσιν,
3236 4389 3323 4444 καὶ
3394 4388 3491 4454 τὴν
3556 4393 3662 4443 τῶν

299 4470 694 4534 miserrimam
730 4470 1140 4531 excursionem
1168 4469 1584 4548 Agarenorum
1616 4471 1765 4552 (23),
1811 4472 1938 4537 siue

2027 4469 2326 4560 Ἀγορηνῶν
2417 4469 2680 4549 οἰκτίστην
2763 4478 3032 4537 ὲπέλευσιν
3066 4498 3081 4514 '
3175 4477 3288 4534 εἴτε
3371 4478 3474 4545 τὴν
3563 4481 3662 4543 τῆς

296 4561 637 4648 generalem
665 4557 1224 4648 virtutisdefectum
1254 4565 1316 4648 et
1346 4558 1787 4639 prolapsionem
1814 4580 1941 4625 mo-

2027 4557 2212 4648 ἀρετ-ἦς
2282 4568 2517 4638 παντελῆ
2605 4569 2863 4645 ἔλλειψιν,
2952 4569 3039 4625 καὶ
3120 4572 3225 4623 τῶν
3299 4567 3665 4645 μοναστηρίων

293 4647 692 4738 nasteriorum
721 4646 795 4738 ad
824 4645 960 4708 vitia
986 4653 1045 4709 et
1075 4645 1341 4727 plebeios
1362 4665 1584 4723 mores,
1611 4648 1768 4729 quod
1798 4668 1937 4714 vero

2027 4645 2152 4735 πρὸς
2197 4659 2383 4715 κακίαν
2430 4659 2708 4716 ἀπόκλισιν
2755 4661 2843 4716 καὶ
2883 4656 3196 4738 χυδαίωσιν,
3250 4656 3278 4711 ὃ
3319 4656 3407 4712 καὶ
3462 4653 3665 4729 μᾶλλον

292 4737 534 4830 propius
559 4744 673 4809 est,
699 4733 1047 4830 circumibat
1069 4744 1128 4799 et
1146 4733 1592 4830 ipsesimiiiter,
1618 4736 1940 4830 deplorans

2027 4733 2132 4804 ἐστὶ
2176 4749 2486 4830 κυριώτερον
2522 4766 2536 4781 ⁸
2597 4750 2794 4826 ὁμοίως
2849 4733 2939 4805 καὶ
2997 4748 3149 4810 αὐτὸς
3180 4733 3405 4826 ’περιῄει
3451 4746 3662 4825 θρήνοις

298 4824 638 4902 ecclesiam,
699 4824 1060 4887 monasteria
1114 4831 1174 4888 et
1226 4822 1433 4902 libros,
1484 4821 1615 4887 illas
1661 4824 1942 4907 inquiens

2027 4821 2410 4895 κατακωκύων’
2450 4839 2546 4903 τάς
2616 4821 2673 4894 τε
2730 4837 3013 4905 ἐκκλησίας
3067 4837 3156 4893 καὶ
3208 4821 3278 4893 τά
3330 4821 3659 4912 μοναστήρια

369 4943 431 4995 95
454 4944 675 5008 Jerem.
704 4958 810 5022 vu,
843 4940 945 5005 29.

1680 5121 1923 5187 Joannis
1947 5121 2071 5187 Clei
2099 5131 2276 5190 nota).

375 5236 495 5320 (σε)
518 5236 686 5320 [dein
703 5233 959 5320 isestS.
981 5232 1290 5320 Eantinus,
1314 5232 1416 5315 qui
1453 5231 1551 5295 die
1577 5230 1658 5320 ευ
1681 5227 1929 5320 Augusti
2008 5308 2025 5320 .
2084 5228 2217 5320 $23)
2256 5229 2486 5320 Saecula
2530 5247 2593 5293 x1
2622 5239 2682 5294 et
2706 5231 2815 5320 sub
2847 5229 3239 5320 praidecentis
3269 5228 3449 5320 ﬁnem
3483 5225 3659 5320 Cala-

293 5308 530 5383 colitur.
561 5316 647 5399 Ex
671 5314 964 5399 ‘Calabria
1007 5314 1072 5378 in
1121 5308 1425 5399 Orientem
1466 5308 1925 5399 profectuiest,
2008 5308 2201 5399 briam
2226 5310 2577 5399 vicinasque
2605 5308 2881 5399 regiones
2911 5313 3159 5399 horrore
3178 5308 3658 5399 compleverunt,

287 5394 1336 5479 variasqueibiregionesperagravit,
1353 5389 1714 5479 tandemque
1732 5391 1925 5479 Thes-
2006 5397 2074 5453 ut
2100 5390 2315 5471 sepius
2342 5389 2504 5479 ante;
2526 5389 3080 5479 _Saraceni,_qmn_ia
3107 5390 3266 5479 ferro
3298 5389 3660 5479 ﬂammaque

289 5466 571 5543 saloniéae
597 5466 878 5553 substitit,
912 5466 1041 5552 ubi,
1076 5466 1476 5556 ex'actis'octo
1522 5466 1721 5556 annis,
1756 5470 1926 5556 obiit.
2009 5466 2322 5556 vastantes,
2375 5477 2436 5532 ut
2483 5469 2796 5556 biographi
3006 5469 3238 5556 Fantini
3281 5475 3341 5556 et
3394 5466 3655 5556 Bartlio~

285 5560 449 5640 Fuga
484 5557 612 5640 ejus
637 5548 881 5640 contigit
905 5548 1036 5638 post
1064 5555 1327 5640 medium
1362 5553 1644 5640 sagulum
1668 5570 1705 5640 ξ
1727 5573 1764 5640 :_
1786 5551 1931 5640 hinc
2010 5550 2549 5640 lomaai,_Di_tmarus
2567 5548 2786 5640 aliique
2807 5552 3067 5640 tradunt,
3096 5552 3171 5614 de
3198 5548 3420 5632 quibus
3451 5548 3652 5609 omni-

287 5629 487 5704 obiius
514 5629 646 5719 ejus
674 5634 784 5700 sub
800 5629 1011 5700 'Iin'ern
1068 5635 1336 5718 ejusdem
1386 5633 1616 5698 videtur
1668 5631 1769 5713 tigi
1817 5632 1931 5696 de-
2010 5629 2120 5695 bus
2150 5629 2283 5695 vide
2306 5629 2717 5698 Baroniumin
2743 5630 3090 5701 Annalibus.

289 5721 459 5786 bere.
