3966 6148
265 244 343 310 59

1768 251 2098 317 ΑΝΟΝΥΜ
2105 255 2131 317 Ι

3553 257 3634 324 60

337 375 438 441 26.
463 378 579 441 Sed
597 379 722 459 jam
745 388 984 460 tempus
1026 389 1140 457 est,
1180 389 1242 443 ut
1262 382 1492 446 favente
1520 383 1667 462 Deo,
1699 391 1898 448 retro-

2063 375 2169 448 κς’.
2225 387 2415 464 Καιρὸς
2461 384 2516 442 δὲ
2565 386 2752 444 λοιπὸν
2798 388 3114 464 ἀνακάμψαι
3166 391 3310 465 ἡμᾶς
3353 387 3629 448 εὖδοκοῦν-

259 466 540 529 cedamus
569 467 644 530 ad
675 470 1082 532 narrationem
1117 470 1193 533 de
1221 470 1393 536 beato
1425 471 1726 553 Stephano
1747 471 1904 553 (25),

256 574 372 636 quo
421 559 668 636 Magnus
701 556 874 620 Pater
905 578 1044 621 usus
1089 566 1179 621 est
1223 560 1336 622 zeli
1367 562 1734 636 aemulatore,
1770 580 1904 625 cer-

258 643 546 706 taminum
583 648 743 708 socio
777 655 831 708 et
864 647 1293 724 commilitone,
1328 655 1394 711 ut
1420 650 1598 712 arbor
1631 671 1746 713 non
1783 660 1910 713 tan-

261 739 384 794 tum
416 752 450 794 e
479 743 682 797 sancta
734 735 938 798 radice
983 745 1393 816 cognoscatur,
1449 739 1553 801 sed
1607 740 1783 801 etiam
1836 757 1906 800 ex

258 822 478 884 sanctis
501 822 790 886 fructibus
812 826 1112 906 ramisque
1135 825 1517 888 admirationi
1535 827 1633 890 sit.
1658 828 1905 890 Conﬁdo

258 919 479 985 autem,
515 931 622 993 per
643 912 900 974 divinam
934 932 1107 994 opem
1143 915 1266 976 fore
1308 916 1462 978 hanc
1495 916 1668 978 nobis
1700 935 1904 979 narra-

258 998 480 1061 tionem
516 1019 631 1060 non
664 1001 934 1064 inutilem
977 1024 989 1066 :
1023 1021 1158 1064 nam
1191 1004 1423 1066 tametsi
1454 1005 1719 1066 aemulari
1751 1024 1905 1086 prae-

259 1087 622 1150 stantissima
667 1090 797 1170 ejus
849 1097 1014 1169 gesta
1060 1109 1179 1152 non
1229 1092 1578 1174 poterimus,
1635 1103 1693 1155 at
1740 1106 1908 1156 certe

262 1195 398 1237 cum
449 1176 567 1238 ﬁde
615 1187 671 1239 et
718 1179 1003 1241 charitate
1045 1197 1221 1258 agere
1277 1181 1622 1244 memoriam
1674 1201 1904 1259 eorum,

264 1265 552 1346 consequi
585 1267 697 1328 erit
721 1267 951 1328 veniam
1005 1268 1328 1331 multorum
1379 1269 1756 1350 delictorum,
1789 1278 1912 1332 uta

260 1353 561 1432 magistris
591 1357 952 1436 accepimus.
987 1355 1096 1418 Hic
1144 1356 1322 1434 igitur
1365 1365 1603 1419 sanctus
1653 1356 1908 1438 Stepha-

261 1459 391 1512 nus,
433 1460 568 1506 cum
627 1444 821 1506 adhuc
872 1453 1031 1507 esset
1059 1445 1409 1507 adolescens
1455 1465 1750 1508 annorum
1784 1447 1910 1510 fere

1987 496 2077 538 τος
2135 482 2266 532 Θεοῦ
2310 476 2399 531 καὶ
2455 474 2538 532 ἐπὶ
2605 475 2706 544 τὴν
2777 478 2994 552 μνήμην
3063 483 3154 533 τοῦ
3225 477 3490 553 ὁμοζήλου
3542 478 3633 534 καὶ

1989 560 2238 619 συνάθλου
2305 563 2393 619 καὶ
2461 572 2870 642 συναγωνιστοῦ,
2958 572 3050 622 τοῦ
3123 564 3355 644 μεγάλου
3424 567 3630 644 Πατρὸς

1991 652 2256 731 Στεφάνου
2312 658 2403 708 τοῦ
2461 652 2695 732 μάκαρος
2731 671 2745 686 ⁸
2805 652 2897 709 ἵνα
2961 654 3038 729 μὴ
3096 653 3256 729 μόνον
3309 656 3371 710 τὸ
3427 651 3631 732 δένδρον

1989 740 2095 796 ἀπὸ
2152 746 2250 807 τῆς
2307 741 2458 819 ἁγίας
2515 743 2662 821 ῥίζης
2717 743 3056 821 γνωρίζηται,
3113 741 3250 799 ἀλλὰ
3297 741 3360 810 δὴ
3389 744 3477 800 καὶ
3525 743 3632 798 ἀπὸ

1986 833 2093 883 τῶν
2161 836 2376 906 καρπῶν
2433 831 2521 886 καὶ
2591 829 2796 887 κλάδων
2869 831 3222 905 θαυμάζηται.
3283 831 3520 887 Πιστεύω
3577 829 3633 885 δὲ

1985 924 2063 991 τῷ
2121 925 2258 992 Θεῷ,
2313 917 2392 974 ὅτι
2454 917 2548 974 οὒκ
2594 920 2665 982 εἰς
2710 921 2861 975 κενὸν
2911 920 3048 994 ἡμῖν
3096 920 3130 986 ἡ
3174 920 3392 985 τοιαύτη
3444 919 3632 993 μνήμη

1989 1007 2290 1084 γενήσεται.
2344 1003 2490 1063 Ἀλλ’
2539 1009 2582 1062 εἰ
2635 1007 2711 1082 μὴ
2759 1008 2847 1064 καὶ
2899 1005 3131 1077 ζηλωταὶ
3181 1005 3428 1086 μεγάλων
3477 1005 3636 1063 αὒτοῦ

1989 1095 2408 1173 κατορθωμάτων
2480 1094 2717 1173 γενέσθαι
2777 1097 3090 1174 ἰσχυσομεν,
3163 1097 3225 1150 τὸ
3291 1102 3414 1173 γοῦν
3487 1117 3633 1170 μνη-

1993 1182 2239 1257 μόνεῦσαι
2291 1184 2460 1239 αὐτῶν
2519 1183 2652 1257 μετὰ
2700 1183 2928 1246 πίστεως
2978 1184 3064 1238 καὶ
3105 1183 3341 1260 ἀγάπης,
3399 1182 3634 1262 ἀφέσεως

1989 1271 2125 1344 ἡμῖν
2175 1269 2661 1346 πλημμελημάτων
2733 1269 2945 1328 πολλῶν
3015 1268 3260 1350 πρόξενον
3319 1272 3631 1352 φενήσεται,

1990 1359 2163 1420 καθὼς
2195 1356 2563 1434 διδασκόμεθα,
2596 1361 2756 1422 Οὗτος
2807 1359 2974 1414 τοίνυν
3028 1361 3056 1414 6
3103 1359 3154 1415 ἐν
3200 1361 3368 1438 ἁγίοις
3420 1358 3633 1438 Στέφα-

1996 1467 2082 1510 νος
2115 1445 2230 1510 νέος
2263 1445 2338 1503 ἔτι
2390 1447 2462 1504 ὢν
2510 1449 2583 1510 ὡς
2633 1445 2762 1503 ἐτῶν
2813 1446 3038 1522 εἴκοσιν,
3084 1447 3335 1527 ἀγροῖκος
3384 1445 3438 1502 δὲ
3467 1446 3554 1502 καὶ
3582 1442 3636 1510 ἐξ

265 1531 493 1613 viginti,
568 1535 826 1596 rusticus
901 1543 1098 1596 tamen
1171 1543 1227 1596 et
1285 1535 1504 1597 infimis
1571 1537 1903 1617 parentibus

1998 1534 2218 1594 εὐτελῶν
2283 1535 2479 1613 γονέων
2546 1536 2824 1615 ὑπάρχων,
2895 1536 3116 1616 ὀρφανὸν
3173 1535 3327 1591 αὐτὸν
3385 1531 3634 1590 καταλεί-

266 1629 440 1682 natus
472 1629 531 1684 et
561 1623 822 1703 pupillus
872 1641 916 1722 a_
954 1631 1123 1722 patre
1165 1622 1410 1686 relictus
1434 1644 1592 1722 _cum
1642 1633 1827 1722 matre
1859 1633 1903 1722 et

1998 1631 2194 1702 ψαντος
2223 1631 2315 1681 τοῦ
2362 1625 2559 1703 πατρὸς
2613 1626 2745 1700 μετὰ
2787 1628 2883 1690 τῆς
2941 1625 3142 1702 μητρὸς
3185 1625 3274 1679 καὶ
3321 1629 3443 1698 μιᾶς
3477 1619 3635 1676 ἀδελ-

269 1728 473 1773 sorore
505 1729 647 1786 una,
681 1719 840 1772 tanta
869 1711 1248 1791 simplicitate
1301 1712 1678 1794 candoreque
1730 1713 1903 1775 animi

1998 1720 2125 1795 φῆς,
2183 1713 2411 1789 τοσαύτῃ
2466 1712 2657 1784 ἀκακία
2710 1713 2798 1768 καὶ
2855 1712 3113 1790 ἀπονηρίᾳ
3160 1710 3511 1789 ἐκεκόσμητο,
3561 1710 3633 1772 ὡς

264 1799 545 1878 praeditus
609 1809 754 1874 erat,
817 1808 880 1860 ut
930 1800 978 1861 si
1035 1801 1169 1881 quis
1216 1801 1410 1880 ipsum
1465 1803 1714 1864 a‘terum
1760 1802 1903 1864 dicat

1998 1804 2132 1869 εἴτις
2187 1804 2342 1861 αὐτὸν
2413 1799 2606 1859 Ἰακὼϐ
2669 1802 2814 1857 εἴποι
2883 1803 2972 1857 τὸν
3030 1801 3387 1881 πατριάρχην,
3452 1799 3488 1866 ἢ
3544 1799 3636 1854 τὸν

270 1886 663 1966 patriarcham
691 1887 896 1964 Jacob,
930 1895 1030 1950 aut
1058 1889 1564 1969 simplicissimum
1597 1891 1761 1952 illum
1795 1891 1903 1951 ab-

267 1975 420 2037 batis
450 1977 699 2039 Antonii
730 1977 998 2058 Paulum,
1032 1997 1150 2038 non
1199 1979 1372 2057 longe
1416 1979 1600 2059 petita
1629 1979 1904 2042 similitu-

270 2064 410 2125 dine
441 2073 660 2128 utatur.
694 2065 801 2127 Hic
829 2084 1030 2127 amore
1054 2066 1309 2126 inStituti
1333 2067 1644 2129 monastici
1677 2075 1904 2146 captus,

263 2161 319 2215 et
348 2154 674 2216 secundum
708 2153 1085 2232 Evangelium
1116 2155 1169 2197 99
1198 2154 1392 2229 matri,
1425 2156 1640 2228 sorori,
1678 2156 1907 2237 sibique

264 2241 585 2321 praeferens
616 2242 938 2318 Christum,
1000 2244 1120 2305 Deo
1177 2243 1328 2306 duce
1375 2263 1444 2304 eo
1478 2244 1768 2325 pervenit,
1805 2239 1908 2306 ubi

260 2328 470 2392 beatus
535 2333 706 2393 Pater
762 2331 930 2394 Nilus
1013 2331 1349 2394 morabatur
1427 2332 1497 2394 Et
1554 2352 1688 2395 cum
1742 2335 1910 2414 juxta

262 2418 429 2479 illum
485 2419 736 2481 sedisset
792 2419 940 2481 nihil
992 2422 1224 2497 effatus,
1281 2423 1389 2484 sub
1444 2440 1716 2484 occasum
1769 2423 1907 2484 solis

263 2509 439 2569 Pater
469 2507 539 2567 ad
575 2526 732 2568 eum.
781 2507 956 2581 Quid,
1008 2508 1223 2589 inquit,
1277 2509 1492 2591 quwris
1551 2510 1790 2573 frater?
1835 2512 1908 2572 At

1986 1892 2347 1950 ἁπλούστατον
2399 1889 2602 1947 Παῦλον
2649 1896 2741 1945 τοῦ
2789 1886 2923 1944 ἀϐϐἆ
2975 1887 3278 1961 Ἀντωνίου,
3327 1892 3421 1946 οὐκ
3475 1887 3635 1941 ἀπει-

1987 1984 2156 2045 κότως
2214 1980 2555 2060 στοχάσοιτο,
2617 1979 2780 2042 Οὗτος
2836 1978 2922 2034 οὗν
2970 1978 3200 2057 ἐρασθεὶς
3248 1983 3341 2034 τοῦ
3394 1982 3635 2054 μοναχοῦ

1988 2068 2414 2149 ἐπαγγέλματος,
2476 2070 2562 2125 καὶ
2608 2068 2746 2124 κατὰ
2793 2069 2854 2122 τὸ
2905 2065 3210 2146 εὗαγγέλιον
3269 2066 3359 2121 τὸν
3416 2065 3637 2143 Χριστὸν

1991 2160 2119 2239 ὑπὲρ
2190 2158 2286 2225 τὴν
2358 2155 2586 2236 ἀδελφὴν
2656 2157 2744 2211 καὶ
2813 2155 3039 2234 μητέρα,
3112 2157 3200 2211 καὶ
3252 2154 3382 2231 ὑπὲρ
3454 2153 3636 2239 ἑαυτὸν

1992 2238 2301 2327 ἀγαπήσας,
2375 2243 2630 2322 ὼδηγήθη
2693 2244 2835 2322 παρὰ
2886 2250 2976 2299 τοῦ
3033 2252 3164 2301 Οεοῦ
3221 2240 3468 2298 ἀπελθεῖν
3518 2238 3638 2296 ἔνθα

1987 2337 2056 2404 ἧν
2126 2339 2153 2392 6
2226 2335 2481 2414 μακάριος
2555 2334 2738 2410 Πατὴρ
2803 2330 2994 2394 Νεῖλος
3028 2347 3042 2361 ⁸
3120 2331 3209 2387 καὶ
3278 2329 3637 2407 παρακαθίσας

1988 2430 2130 2499 αὐτῷ
2182 2422 2349 2500 μηδὲν
2401 2423 2650 2502 εἰρηκὼς,
2701 2424 2818 2499 περὶ
2865 2418 3062 2502 δυσμὰς
3108 2418 3258 2487 ἡλίου
3306 2417 3449 2495 λέγει
3497 2416 3639 2490 αὗτῷ

1989 2516 2016 2570 ὁ
2045 2514 2220 2592 πατήρ
2257 2529 2271 2543 ⁸
2307 2513 2364 2569 Τὶ
2396 2499 2600 2582 ζητεῖς,
2636 2499 2824 2587 ἀδελφέ
2857 2529 2873 2589 ;
2924 2499 2981 2565 Ὅ
3014 2506 3068 2564 δέ
3099 2529 3282 2588 φησιν,
3324 2504 3638 2583 Καλόγηρος

261 2595 412 2657 ille:
473 2596 797 2658 Monachus
825 2595 954 2657 fieri
985 2596 1136 2659 volo.
1192 2597 1262 2658 Et
1312 2617 1557 2677 magnus
1608 2600 1783 2660 Pater
1832 2598 1903 2660 ad

1998 2601 2122 2658 ὶέλω
2151 2601 2412 2680 γενέσθαι.
2473 2599 2628 2678 Λέγει
2673 2601 2818 2673 αύτῷ
2872 2600 2899 2654 6
2953 2596 3120 2676 μέγας
3155 2613 3169 2626 ⁸
3223 2597 3321 2654 Καὶ
3372 2598 3416 2650 εἱ
3465 2592 3637 2649 καλό-

257 2683 460 2747 illum:
493 2683 567 2746 Et
596 2684 645 2744 si
680 2684 1004 2745 monachus
1033 2683 1164 2746 fieri
1187 2684 1374 2766 cupis,
1401 2705 1506 2763 ego
1531 2685 1634 2747 tibi
1657 2687 1903 2747 ostendo

1998 2713 2149 2769 γηρος
2177 2687 2342 2752 θέλεις
2377 2687 2636 2766 γενέσθαι,
2701 2685 2807 2764 ἐγώ
2854 2708 2935 2742 σοι
2987 2685 3204 2742 δεικνύω
3247 2684 3314 2741 τὰ
3361 2683 3636 2758 μοναστή-

261 2774 640 2853 monasteria,
695 2781 752 2833 et
792 2773 939 2834 vade
984 2773 1057 2834 ad
1109 2772 1230 2846 illa,
1283 2774 1380 2835 hic
1431 2774 1589 2835 enim
1639 2774 1903 2836 habitare

1998 2768 2097 2841 κα,
2150 2779 2238 2834 καὶ
2286 2777 2478 2833 ἄπελθε
2537 2776 2653 2832 ἐκεῖ
2687 2792 2700 2804 ⁸
2751 2773 2852 2831 ὦδε
2899 2776 2998 2854 γὰρ
3045 2777 3360 2838 κατοικῆσαι
3408 2774 3468 2829 οὗ
3513 2768 3639 2868 δύνῃ

263 2879 382 2922 non
415 2861 659 2940 poteris,
683 2879 818 2923 cum
857 2860 1005 2922 nihil
1036 2862 1130 2935 sit,
1166 2862 1321 2942 quod
1354 2863 1634 2925 comedas
1665 2871 1723 2924 et
1751 2863 1903 2924 fame

1998 2867 2064 2933 αὴ
2095 2865 2210 2946 ἔχω
2259 2867 2307 2921 τί
2353 2878 2568 2944 φαγεῖν,
2618 2865 2706 2920 καὶ
2756 2865 3102 2934 ἀποθνήσκεις
3153 2860 3257 2917 ἀπὸ
3307 2858 3463 2935 λιμοῦ
3493 2873 3506 2886 ⁸
3567 2858 3628 2916 “Ο

261 2948 553 3010 morieris.
582 2949 912 3030 Respondit
935 2949 1035 3011 ille
1068 2970 1082 3012 :
1114 2949 1250 3012 Scio
1279 2969 1409 3012 esse
1430 2951 1816 3032 monasteria,
1848 2960 1903 3013 et

1998 2952 2042 3009 δὲ
2074 2953 2375 3033 ἀπεκρίθη,
2404 2952 2484 3009 ὅτι
2537 2953 2611 3010 Τά
2662 2953 3010 3030 μοναστήρια,
3065 2951 3213 3030 φησὶ,
3275 2947 3520 3026 γινώσκω
3548 2946 3638 3002 καὶ

259 3038 396 3098 novi
429 3038 570 3115 illa;
605 3039 708 3100 sed
741 3039 888 3100 mihi
921 3058 1039 3100 non
1075 3039 1345 3120 placent:
1382 3040 1480 3100 hic
1503 3041 1666 3102 locus
1689 3039 1900 3120 placet.

1998 3041 2138 3116 οἶδα,
2197 3041 2315 3098 ἀλλ’
2375 3045 2468 3099 οὐκ
2516 3041 2788 3120 ἀρέσκουσί
2851 3063 2962 3115 μοι.
3019 3038 3182 3096 Πάλιν
3230 3037 3532 3116 ἐρωθητεὶς,
3591 3035 3637 3090 εἰ

259 3129 661 3208 Interrogatus
684 3147 822 3189 num
851 3147 1207 3209 quemquam
1222 3128 1638 3210 haberet(26),
1660 3147 1903 3209 respon-

1998 3131 2108 3212 ἔχει
2176 3133 2314 3204 τινὰ,
2391 3133 2478 3187 καὶ
2543 3132 2838 3211 ἀποκριθεὶς
2897 3129 3024 3209 ὅπερ
3078 3129 3168 3207 ἧν,
3228 3124 3462 3195 ἐϐιάζετο
3532 3124 3640 3212 Ϊᾲρ

258 3214 346 3276 dit
375 3215 459 3289 id,
489 3217 641 3298 quod
673 3235 771 3279 res
801 3208 951 3278 erat.
1014 3208 1344 3297 C’ogebatur
1393 3208 1533 3297 ergo
1589 3208 1779 3292 abire,
1841 3225 1903 3280 ut

1998 3208 2244 3276 ἀπελθεῖν
2301 3220 2389 3274 καὶ
2439 3218 2625 3298 θρέψαι
2674 3208 2772 3284 τὴν
2825 3239 2881 3273 τε
2937 3208 3149 3295 μητήρα
3199 3215 3286 3270 καὶ
3334 3212 3433 3279 τὴν
3492 3208 3643 3266 ἁδελ-

261 3312 508 3366 matrem
529 3322 919 3385 sororemque
941 3306 1213 3368 nutriret.
1246 3305 1345 3367 [lle
1365 3313 1566 3368 tamen
1594 3324 1606 3368 :
1643 3303 1903 3376 Nullum,

1998 3311 2096 3390 φήν
2133 3325 2146 3338 ⁸
2223 3313 2251 3366 6
2323 3307 2377 3364 δὲ
2449 3331 2629 3388 φησιν,
2693 3307 2771 3364 ὅτι
2826 3309 2932 3365 Οὔκ
3003 3298 3633 3390 ἀπέρχομαιηοῦδαμουέ

255 3393 358 3470 ait,
410 3393 472 3454 in
523 3394 717 3454 locum
751 3413 846 3454 me
877 3395 1178 3455 conferam
1213 3415 1228 3470 ;
1271 3393 1403 3456 illas
1433 3394 1592 3456 enim
1624 3413 1742 3456 non
1771 3413 1902 3475 ego.

1998 3389 2190 3461 ὲκείνας
2246 3398 2345 3477 γὰρ
2402 3396 2495 3452 οὒκ
2550 3397 2680 3475 ἐγὼ,
2740 3393 2858 3451 ἀλλ’
2917 3398 2945 3451 6
3005 3396 3133 3456 Θεὸς
3185 3391 3271 3448 καὶ
3324 3389 3504 3468 ἔθρεψε
3550 3389 3640 3444 καὶ

258 3483 359 3543 sed
393 3481 551 3543 Deus
583 3482 827 3543 nutrivit
859 3489 916 3542 et
945 3482 1155 3545 nutrit.

1998 3485 2182 3566 τρέφει.

334 3569 434 3633 27.
460 3574 604 3634 Cum
629 3589 770 3648 ergo
796 3570 1090 3650 repellere
1121 3590 1238 3632 non
1273 3569 1583 3651 potuisset,
1617 3569 1782 3631 dedit
1817 3570 1903 3632 illi

259 3659 414 3740 quod
447 3659 719 3727 habebat,
788 3659 955 3738 panis
1006 3659 1320 3720 dimidium
1372 3678 1487 3739 quo
1533 3666 1896 3734 vesceretur,

255 3749 385 3829 ipse
421 3765 562 3808 vero
582 3749 759 3809 Pater
779 3747 1114 3827 insequenti
1133 3748 1230 3809 die
1246 3748 1491 3828 jejunus
1507 3747 1740 3808 mansit.
1758 3746 1904 3808 Nam

258 3855 392 3899 cum
419 3844 580 3897 sexta
602 3843 758 3898 esset
785 3834 959 3908 feria,
985 3835 1151 3898 cibus
1172 3836 1244 3897 ad
1290 3853 1628 3896 mensuram
1661 3834 1897 3914 reposi-

2065 3564 2170 3645 κζ’.
2205 3576 2403 3630 Λοιπὸν
2434 3575 2510 3642 πὴ
2555 3574 2785 3654 ἐσχύσας
2807 3568 3092 3636 ἀποδιῶξαι
3144 3568 3298 3625 αὐτὸν
3353 3569 3381 3623 ὁ
3428 3565 3635 3643 Πατὴρ,

1986 3660 2205 3718 δέδωκεν
2237 3663 2378 3737 αὖτῷ
2433 3663 2560 3742 ὅπερ
2608 3665 2765 3742 εἶχεν
2812 3664 2977 3737 ἥμισυ
3022 3657 3176 3737 ἄρτου
3226 3668 3443 3735 φαγεῖν,
3475 3654 3632 3716 αὐτὸς

1986 3749 2040 3807 δὲ
2069 3748 2323 3826 διέμεινεν
2354 3750 2605 3829 ἄγευστος
2660 3751 2820 3830 μέχρι
2875 3755 2972 3815 τῆς
3025 3745 3198 3824 αῧριον
3229 3760 3242 3774 ·
3301 3745 3639 3830 παρασκευῆς

1986 3841 2085 3918 γὰρ
2157 3838 2315 3906 οὔσης
2389 3839 2540 3904 τέλος
2600 3829 2871 3920 εἶχεηκαὶ
2919 3840 2954 3906 ἡ
3011 3832 3388 3914 μεμετρημένη
3443 3829 3637 3890 δίαιτα.

261 3933 353 3986 tus
375 3925 722 4004 absumptus
731 3924 855 4004 jam
878 3931 1023 3986 erat.
1065 3923 1188 3985 Hoc
1233 3942 1406 4002 porro
1439 3923 1684 4003 contigit
1713 3923 1898 3984 altero

1998 3934 2147 3984 Γοῦτο
2213 3925 2266 3982 δὲ
2335 3928 2402 3995 ἦν
2463 3928 2514 3985 ἐν
2572 3936 2648 4002 τῷ
2705 3926 2926 4007 δευτέρῳ
2984 3923 3086 3981 ἔτει
3140 3928 3237 3990 τῆς
3298 3927 3389 3976 τοῦ
3439 3940 3636 3996 πατρος

261 4013 414 4075 beati
429 4015 617 4076 Patris
631 4011 746 4074 Nili
766 4016 822 4074 in
837 4014 1180 4093 speluncam
1198 4012 1552 4075 secessionis
1573 4031 1727 4073 anno
1745 4013 1899 4092 (27).

1998 4017 2257 4093 παροικίας
2311 4016 2508 4078 ἐκεῖσε,
2573 4009 2738 4097 Ὀρῶν
2797 4017 2884 4072 οὖν
2941 4015 3097 4070 αὐτὸν
3156 4014 3183 4068 ὁ
3243 4008 3426 4087 Πατὴρ
3486 4007 3639 4086 φύσει

255 4102 480 4163 Videns
529 4102 727 4182 itaque
777 4104 948 4164 Pater
996 4102 1162 4162 illum
1209 4110 1416 4164 natura
1465 4101 1801 4181 simplicem
1847 4116 1903 4169 et

1998 4102 2112 4160 5’ντα
2143 4103 2342 4160 ἁπλοῦν
2376 4105 2464 4160 καὶ
2513 4094 2700 4183 ἀργδν,
2752 4103 2881 4182 ὅπερ
2926 4103 2994 4169 ἧν
3045 4100 3274 4156 ἐναντίον
3321 4102 3389 4173 τῇ
3442 4094 3639 4150 ἐκείνου

260 4189 516 4270 pigrum,
551 4197 756 4251 contra
783 4208 960 4269 quam
992 4189 1143 4269 ipse,
1189 4189 1291 4270 qui
1322 4189 1444 4251 acri
1477 4197 1605 4251 erat
1634 4189 1902 4268 ingenio,

1998 4191 2314 4264 ἀστειότητι,
2376 4191 2574 4272 ἤχθετο
2631 4193 2730 4268 μὲν
2785 4192 2870 4247 ἐπὶ
2915 4197 2983 4267 τῇ
3031 4187 3303 4266 ἀγριότητι
3353 4187 3509 4272 αὐτοῦ
3549 4183 3638 4272 καὶ

260 4277 487 4367 ferebat
516 4295 668 4354 agre
698 4276 934 4356 quidem
977 4275 1332 4367 dolebatque
1381 4277 1510 4355 ejus
1561 4277 1901 4355 segnitiem,

1998 4276 2246 4359 ἒθλίϐετο,
2277 4279 2336 4334 οὔ
2394 4269 2490 4355 μέν
2540 4279 2713 4338 ἐλάλει
2764 4281 2904 4353 αὒτῴ
2955 4300 3004 4333 τι
3053 4273 3305 4353 σκληρὸν,
3354 4269 3497 4350 ἔχων
3543 4269 3633 4323 τὸν

260 4363 408 4426 nihil
460 4370 655 4425 tamen
701 4381 980 4443 asperum
1027 4363 1116 4424 illi
1159 4362 1415 4438 dicebat,
1467 4383 1697 4426 memor
1742 4382 1896 4444 prae-

1998 4374 2110 4424 νοῦν
2140 4370 2296 4426 αὗτοῦ
2325 4368 2378 4424 ἐν
2437 4383 2557 4432 ταῖς
2609 4367 2978 4447 εύαγγελικαῖς
3027 4363 3269 4425 ἐντολαῖς
3319 4377 3332 4391 ⁸
3386 4362 3633 4447 νουθετῶν

257 4458 560 4530 ceptorum
594 4449 899 4526 Evangelii
932 4468 945 4512 :
978 4449 1256 4511 monebat
1283 4459 1510 4513 tantum
1532 4443 1898 4514 instruebat-

1998 4453 2038 4510 Ξὲ
2103 4455 2258 4510 αὖτὸν
2315 4455 2430 4532 μετ’
2502 4457 2784 4521 ἐπιεικείας
2855 4456 2944 4512 καὶ
3000 4452 3325 4530 πραότητος,
3384 4443 3629 4502 ’ἔσπευδεν

257 4555 372 4619 que
404 4537 567 4598 illum
601 4537 837 4618 placide
868 4545 926 4600 et
980 4546 1305 4616 mansuete,
1359 4539 1606 4620 cupiens
1649 4541 1900 4602 reddere

1998 4543 2199 4600 ἱστε⁴ον
2257 4547 2343 4603 καὶ
2391 4549 2584 4626 φοργὸν
2637 4544 2908 4612 ἀποδεῖξαι
2963 4543 3142 4616 αὐτὸν,
3199 4542 3272 4603 ὼς
3333 4538 3424 4592 καὶ
3481 4535 3635 4595 αδτδς

330 4706 390 4756 ει
415 4707 628 4770 Matth.
659 4722 784 4783 XIX,
817 4705 918 4765 29.

1631 4823 1881 4889 Joannis
1910 4826 2032 4892 Clei
2063 4839 2242 4896 nota.

340 4964 455 5048 (25)
484 4961 857 5048 Stephanum
887 4961 1050 5048 quia
1080 4960 1408 5048 biographo
1458 4972 1658 5048 nostro
1689 4962 1905 5048 passim
1989 4964 2240 5048 videtur.
2291 4966 2502 5048 Melius
2547 4966 2954 5048 Caryophilus,
2995 4969 3073 5048 ut
3122 4978 3193 5048 ex
3242 4950 3634 5048 sequentibus

252 5030 419 5127 Beati
440 5030 512 5106 'et
542 5030 741 5106 Sancti
775 5030 942 5127 titulo
973 5030 1310 5127 decoratur;
1356 5030 1772 5127 lr‘astisgsacris
1817 5041 1910 5127 in-
1989 5044 2226 5127 abunde
2314 5047 2522 5127 liquet.
2593 5030 2846 5111 Videtur
2913 5030 3072 5108 enim
3139 5041 3217 5103 de
3283 5030 3634 5127 ρέιῐιξζιῑὶὺυε

256 5124 550 5204 scriptum
583 5141 701 5184 non
733 5121 993 5210 reperio.
1056 5114 1370 5210 Cajetanus
1398 5123 1586 5210 Indici
1617 5121 1902 5210 secundo,
1989 5114 2614 5210 vel___consanguineis
2686 5127 3085 5210 interrogatus
3149 5114 3629 5210 respondissent

251 5223 358 5266 seu
389 5196 636 5288 eorum,
670 5202 772 5283 qui
805 5196 1020 5288 pietate
1068 5196 1502 5288 sancti'ateque
1547 5205 1902 5288 ﬂoruerunt,
1997 5223 2032 5288 ς
2085 5203 2191 5267 Hic
2251 5196 2413 5270 locus
2467 5208 2676 5288 placet,
2743 5231 2770 5263 ι
2830 5196 2982 5269 forte
3038 5196 3290 5264 excidit'
3328 5213 3399 5260 ex
3471 5196 3635 5254 textu

251 5303 364 5367 nec
387 5283 616 5367 cultum
641 5281 838 5367 tamen
857 5281 1634 5367 ab_Ecclés_ia_approbatum
1661 5281 1901 5363 habent,
1990 5285 2267 5367 Graaco._
2341 5365 2392 5367 Α
2467 5281 2485 5288 ’
2919 5364 2929 5367 Α
3029 5364 3043 5367 _
3223 5355 3237 5367 _
3322 5354 3335 5366 ο
3380 5353 3394 5367 ,
3578 5353 3592 5366 _

252 5363 524 5447 inseruit,
549 5362 780 5447 dieque
812 5364 887 5426 2'7
939 5355 1304 5447 Decembris
1325 5355 1464 5447 'ejus
1515 5362 1642 5447 ﬁgit
1673 5355 1906 5423 memo;
1986 5444 1996 5447 μ
2077 5365 2199 5443 (273
2223 5365 2305 5428 Ex
2337 5365 2502 5427 hisce
2529 5366 2782 5447 aliisque
2812 5364 2966 5447 notis
2995 5355 3465 5447 chronologicis,
3495 5355 3632 5446 qui-

256 5445 434 5524 riam,
490 5443 562 5503 ad
622 5437 798 5522 quem
853 5448 928 5502 de
977 5441 1140 5504 cultu
1192 5437 1406 5522 inquiri
1456 5437 1706 5506 ulterius
1757 5461 1898 5524 pos-
1985 5437 2574 5538 busStephanigesta
2597 5437 3628 5538 circumscribuntur,chronota‘xirq

257 5531 369 5586 δεῖ·
417 5518 430 5606 ξ
497 5602 550 5606 __
591 5601 605 5606 _
640 5518 655 5522 ‘
838 5601 850 5606 _
1048 5601 1060 5606 _
1271 5518 1289 5606 ί
1757 5518 1774 5524 ’
1985 5518 2321 5606 quempiam
2356 5518 2575 5588 deduxi
2637 5526 2964 5589 Comment.
3026 5537 3204 5605 praev.
3262 5533 3426 5578 num.
3486 5518 3526 5577 6
3576 5520 3638 5576 et

338 5605 460 5684 (26)
492 5601 748 5687 Sit-lctus
803 5601 891 5664 sic
915 5601 1136 5687 vertit;
1185 5627 1218 5687 ει
1273 5604 1503 5687 ltursus
1531 5608 1792 5687 rogatus,
1821 5619 1898 5687 an
1985 5601 2154 5687 seqq.

258 5679 453 5768 aliqua
502 5681 737 5766 habeat,
778 5702 808 5744 ›
861 5681 1018 5763 quod
1066 5682 1139 5744 ad
1185 5683 1342 5746 bona
1394 5682 1643 5745 fortuna;
1687 5679 1897 5744 referri
