3966 6148
289 215 368 281 63

1787 224 2143 293 ΑΝΟΙἨἮΙ

3571 245 3652 308 64

288 366 440 452 cam.
450 367 522 452 eo
551 348 611 411 in
642 348 796 449 loco,
817 350 918 452 qui
932 349 1284 432 Araharium
1305 349 1525 452 dicitur
1541 349 1700 432 (98),
1717 351 1924 452 paucis

2010 356 2030 410 δ
2078 356 2221 426 ὅσιος
2270 363 2460 430 Νεῖλος
2508 369 2776 446 φοντίσαι
2829 373 2915 426 καὶ
2973 373 3090 451 περὶ
3150 375 3211 430 τὸ
3254 373 3503 433 ἀδύνατον
3548 377 3652 452 μέ-

288 437 624 521 praefeetam
651 435 998 518 virginibus,
1033 456 1210 500 anum
1242 445 1531 509 sanctam,
1586 439 1932 520 prudentis-

285 526 494 590 simam
526 533 585 589 et
612 526 1142 609 sapientissimam,
1191 547 1324 610 quae
1371 547 1407 591 a
1440 536 1642 592 tenera
1670 536 1842 594 aetate
1869 530 1930 597 in

287 615 630 679 monasticae
658 616 790 678 vitae
808 617 1128 696 asperitate
1170 635 1235 678 se
1272 625 1615 680 exercuerat
1647 638 1662 678 :
1703 618 1928 698 (nescio

285 723 455 778 vero,
487 723 560 766 an
589 705 831 766 alteram
863 705 949 766 illi
977 704 1234 766 similem
1272 705 1842 782 tuleritRossanum)
1869 716 1928 770 et

286 803 554 859 sanctum
588 796 817 856 Patrem
846 813 879 855 a
909 793 1098 874 prima
1116 801 1289 856 aetate
1314 803 1579 858 materno
1609 796 1926 875 amplecte-

286 885 462 947 batur
490 901 713 946 amore.
740 882 876 944 Haec
902 883 1080 961 igitur
1109 891 1167 945 et
1194 890 1443 947 matrem
1471 885 1538 947 B.
1567 883 1926 964 Stephaniet

287 993 551 1039 sororem
573 973 636 1034 in
661 991 832 1034 suum
865 972 1090 1052 recepit
1113 972 1534 1034 monasterium
1563 991 1576 1035 :
1603 973 1662 1036 in
1679 993 1794 1055 quo
1810 973 1927 1036 illae

289 1064 588 1126 sincerum
649 1063 776 1125 Deo
832 1080 968 1124 cum
1018 1060 1426 1124 exhibuissent
1471 1061 1819 1128 famulatum
1867 1071 1928 1126 et

289 1155 517 1233 magnis
543 1149 858 1212 virtutibus
889 1149 1248 1223 ﬂoruissent,
1279 1149 1340 1211 in
1378 1167 1522 1230 pace
1549 1151 1923 1231 quieverunt.

287 1245 578 1306 Caaterum
627 1239 819 1318 quoad
866 1239 1160 1313 vixerunt,
1212 1238 1462 1316 singulis
1505 1239 1679 1300 annis
1727 1241 1925 1304 aestivo

286 1343 560 1412 tempore
587 1331 654 1392 Β.
690 1327 1024 1409 Stephanus
1051 1326 1254 1389 adibat
1282 1326 1428 1388 illud
1474 1329 1920 1403 monasterium,

288 1429 347 1485 et
375 1427 612 1500 peracta
647 1435 862 1492 messe,
894 1433 1100 1479 rursus
1130 1415 1204 1477 ad
1234 1417 1588 1479 monasteria
1615 1417 1846 1482 redibat
1866 1428 1926 1482 et

283 1509 565 1573 fratribus
635 1506 710 1570 ad
780 1524 957 1568 omne
1013 1523 1163 1583 opus
1219 1504 1642 1580 collaborabat,
1701 1507 1923 1588 duplici

287 1599 613 1664 certamine
645 1596 896 1668 luctans,
929 1593 1332 1669 continentiae,
1365 1593 1704 1676 laborisque
1735 1598 1922 1677 quoti-

285 1691 472 1753 diani.

2016 469 2104 539 ρφς
2172 461 2263 512 τοῦ
2327 457 2585 535 μακαρίου
2649 459 2916 539 Στεφάνου
2947 479 2962 496 ο
3021 463 3110 518 καὶ
3177 461 3492 522 ἀποστέλλει
3547 470 3649 524 αὖ·

2011 538 2104 632 τον
2174 543 2310 615 μετὰ
2377 545 2704 623 γραμμάτων
2769 538 2904 626 πρὸς
2975 553 3072 616 τὴν
3143 549 3307 616 ὅντως
3379 551 3653 632 Θεοδώραν

2011 626 2108 692 τὴν
2167 633 2576 709 μακαριωτάτην
2647 635 2920 714 παρθένον,
2994 637 3328 714 ἀσκουμένην
3397 649 3476 716 τῷ
3527 626 3651 699 τότε

2009 721 2211 808 καιρῷ--
2233 717 2286 808 ἐν
2342 727 2420 794 τῷ
2487 720 2759 800 λεγομένῳ
2812 722 3108 805 Ἀριναρίῳ,
3163 729 3251 784 καὶ
3307 730 3649 808 καθηγουμέ-

2007 825 2102 869 νην
2167 804 2358 884 ὀλίγων
2412 811 2702 892 παρθένων,
2766 824 2924 893 γραῦν
2980 804 3130 892 ἇγίαν
3186 819 3274 872 καὶ
3348 804 3471 874 λίαν
3532 804 3652 878 συν-

2007 893 2274 984 ετωτᾴτην
2343 899 2429 954 καὶ
2498 901 2838 982 σοφωτάτην,
2909 902 2969 960 ἐκ
3029 910 3215 984 νεαρᾶς
3280 905 3490 974 ἡλικίας
3547 909 3648 976 τὴν

2008 979 2297 1058 μοναδικὴν
2356 979 2686 1064 ἀσκουμένην
2708 1070 2713 1071 7
2738 979 3145 1071 σκληραγωγίαν
3180 1010 3194 1025 ⁶
3258 998 3351 1054 οὐκ
3401 995 3547 1066 οἶδα,
3603 999 3650 1054 εἰ

2007 1073 2256 1162 τοιαύτην
2327 1073 2497 1142 ἄλλην
2568 1078 2628 1132 τὸ
2703 1070 2965 1137 Ῥυσιάνον
3019 1070 3295 1162 ἐξήνεγκεν
3330 1100 3346 1114 ⁶
3405 1083 3519 1150 ὅτις
3574 1086 3650 1148 ὡς

2006 1161 2114 1218 υἱὸν
2144 1162 2362 1250 γνήσιον
2410 1163 2669 1242 ἀγαπῶσα
2715 1165 2779 1234 ἦν
2827 1169 2916 1224 τὸν
2973 1169 3126 1246 ἅγιον
3169 1161 3374 1250 Πατέρα
3413 1173 3473 1229 ἐκ
3519 1193 3647 1230 νεα-

2007 1254 2099 1337 ρᾶς
2155 1249 2362 1318 ἡλικίας
2410 1257 2564 1312 τῦτοῦ
2597 1273 2610 1287 ⁸
2661 1257 2924 1314 πείθεσθαι
2973 1255 3209 1323 δέξασθαι
3260 1249 3357 1329 τήν
3413 1282 3469 1317 τε
3527 1285 3643 1337 μη·-

2005 1336 2129 1415 τέρα
2184 1340 2274 1395 καὶ
2319 1338 2548 1421 ἀδελφὴν
2593 1350 2684 1400 τοῦ
2738 1347 2882 1404 ὁσίου
2925 1347 3191 1426 Στεφάνου
3247 1347 3300 1403 ἐν
3354 1353 3432 1423 τῷ
3475 1336 3649 1424 μονα·-

2004 1447 2225 1518 στηριῳ,
2419 1433 2464 1504 ᾧ
2517 1432 2605 1486 καὶ
2661 1434 2890 1508 γνησίως
2933 1425 3268 1492 δουλεύσασαι
3319 1441 3397 1512 τῷ
3449 1443 3643 1518 Κυρίῳ,

2003 1517 2092 1571 καὶ
2157 1515 2402 1596 μεγάλως
2471 1522 2908 1599 εὖαρεστήσασαι,
2985 1521 3368 1592 ἐτελειώθησαν
3431 1527 3484 1582 ἐν
3526 1515 3640 1583 ἐἶ-

2005 1604 2160 1682 ρήνῃ.
2221 1607 2445 1670 Ταύταις
2499 1607 2592 1683 μέν
2653 1631 2735 1666 τοι
2794 1611 2936 1689 μαρὰ
2985 1612 3049 1667 τὰ
3103 1618 3202 1679 τῆς
3257 1620 3400 1684 ζωῆς
3475 1620 3645 1674 αὐτῶν

1935 1689 2092 1759 Βὲτη
2123 1692 2352 1771 ἅπαντα,
2409 1696 2546 1752 κατὰ
2590 1699 2793 1779 καιρὸν,
2844 1705 2910 1776 τῇ
2961 1700 3073 1780 ὥρᾳ
3111 1710 3204 1760 τοῦ
3246 1702 3423 1783 θέρους¹
3471 1703 3641 1784 ἀπήρ-

285 1802 417 1862 χετο
537 1778 791 1873 μακάριος
849 1773 1111 1873 Στέφανος
1163 1773 1216 1830 ἐν
1265 1780 1340 1848 τῷ
1363 1863 1373 1873 ι
1396 1776 1732 1873 μοναστηρίιρ
1786 1775 1988 1873 ἐκείνῳ,
2047 1782 2134 1838 καὶ
2160 1781 2402 1873 ,τελέσας
2455 1786 2545 1873 τὸν
2602 1773 2789 1842 ἐκεῖσε
2833 1773 3062 1869 ἄμητον,
3122 1788 3279 1846 πάλιν
3305 1773 3650 1873 ’ὑπέστρεφεν

285 1873 358 1936 εἷς
420 1871 488 1926 τὰ
555 1867 924 1956 μοναστήρια,
976 1866 1063 1920 καὶ
1130 1863 1430 1956 συνεκοπία,
1463 1863 1518 1919 ἐν
1573 1867 1728 1922 παντὶ
1786 1865 1923 1946 ἔργῳ
1976 1883 2093 1934 τοῖς
2148 1870 2421 1953 ἀδελφοῖς,
2476 1872 2686 1932 διπλοῦν
2744 1875 2924 1955 ἀγῶνα
2979 1863 3387 1956 ἀγωνιζόμενος.
3446 1863 3537 1938 τόν
3569 1863 3648 1939 ¹τε

285 1964 384 2027 τῆς
413 1959 735 2038 ἐγκρατείας,
770 1957 858 2011 καὶ
883 1954 975 2010 τὸν
1002 1952 1330 2026 πανημέριον
1361 1951 1543 2012 πόνον.

369 2048 469 2110 90.
515 2046 661 2108 Cum
691 2060 829 2103 vero
864 2042 989 2102 suis
1017 2038 1468 2102 excursionibus
1515 2047 1695 2104 totam
1745 2062 1922 2124 pera—

290 2143 556 2214 grassent
582 2131 908 2200 Calabriam
937 2129 1106 2210 impii
1129 2127 1388 2208 Agareni
1418 2147 1524 2209 per
1548 2148 1793 2206 annum,
1813 2133 1922 2195 de-

291 2234 743 2305 vastassentque
797 2219 999 2282 omnia
1049 2227 1107 2282 et
1163 2219 1425 2280 futurum
1461 2219 1586 2298 jam
1635 2230 1815 2298 esset,
1865 2229 1929 2284 ut

290 2323 492 2394 partes
522 2313 699 2376 etiam
730 2311 1085 2391 impeterent
1115 2307 1509 2369 Mercuriacas
1529 2309 1748 2390 (neque
1766 2310 1924 2372 enim

290 2421 538 2486 parcere
569 2397 941 2462 monasteriis
971 2396 1322 2473 cogitabant,
1358 2405 1456 2457 aut
1511 2395 1572 2457 in
1605 2401 1928 2462 monachos

289 2485 545 2574 aliquam
578 2488 927 2571 impendere
958 2486 1255 2566 pietatem)
1307 2485 1616 2574 praecurrit
1659 2487 1833 2562 fama,
1869 2497 1930 2549 et

290 2573 499 2644 omnes
528 2579 598 2640 ad
632 2577 802 2639 obvia
825 2575 1067 2638 castella
1087 2574 1507 2654 confugiebant
1553 2573 1721 2636 Tunc
1747 2576 1924 2638 etiam

289 2673 356 2733 B.
393 2668 732 2749 Stephanus
761 2684 894 2727 cum
925 2671 1084 2725 esset
1127 2662 1188 2724 in
1241 2661 1513 2724 ccenobio
1547 2664 1739 2742 magni
1768 2664 1925 2726 Fan-

291 2759 422 2834 tini,
482 2755 751 2818 ascendit
778 2773 912 2816 cum
965 2751 1242 2814 fratribus
1285 2751 1347 2812 iu
1397 2750 1657 2812 vicinum
1702 2754 1927 2814 caste]...

290 2849 455 2919 lum;
494 2845 980 2908 increbrescente
1029 2841 1248 2922 quippe
1289 2859 1554 2909 rumore,
1593 2860 1711 2902 non
1743 2842 1931 2921 potuit

289 2941 349 3000 in
380 2936 722 3018 speluncam
752 2933 990 2996 reverti.
1027 2930 1278 2994 Sanetus
1321 2948 1459 2992 vero
1489 2933 1665 3018 Pater
1694 2949 1829 2992 eum
1859 2950 1928 2993 ex

288 3024 523 3088 editiori
556 3025 683 3086 loco
736 3023 1036 3102 speluncae
1083 3020 1398 3082 excitatum
1453 3017 1756 3100 pulverem
1786 3039 1928 3082 con-

287 3114 578 3195 spexisset
606 3119 665 3173 et
693 3111 1038 3190 ingruentes
1096 3107 1526 3171 Saracenorum
1575 3108 1793 3188 copias.
1831 3127 1927 3170 co-

293 3202 512 3281 gitavit,
548 3201 886 3262 subducere
912 3217 1045 3260 sese
1079 3198 1314 3258 illorum
1348 3197 1633 3278 perfidiae,
1671 3215 1747 3258 ne
1776 3197 1926 3259 forte

289 3291 470 3354 etiam
495 3289 794 3350 videretur
815 3295 1044 3349 tentare
1073 3285 1180 3347 Dei
1221 3285 1565 3367 potentiam.
1615 3284 1926 3366 Asportato

286 3380 470 3459 igitur
498 3377 700 3456 ﬁglino
728 3395 896 3456 aquae
923 3394 1079 3449 vase,
1109 3393 1448 3436 successum
1490 3373 1692 3452 subiit,
1718 3374 1777 3434 in
1809 3391 1928 3454 quo

287 3466 421 3532 sine
491 3467 706 3527 timore
779 3463 1146 3526 versabatur.
1220 3463 1403 3524 Nocte
1481 3480 1618 3522 vero
1669 3461 1768 3522 illa
1825 3480 1932 3541 per

290 3563 551 3618 montem
588 3555 754 3615 illum
811 3553 1122 3614 ambulans
1169 3559 1229 3614 et
1279 3570 1384 3611 suo
1435 3568 1600 3611 more
1643 3549 1924 3611 Davidem

288 3646 349 3706 in
380 3663 484 3706 ore
515 3643 763 3715 habens,
799 3645 916 3703 imo
965 3660 1102 3703 vero
1153 3639 1392 3701 Davidis
1421 3641 1666 3715 Regem,
1703 3637 1930 3700 audivit

293 3733 602 3814 strepitum
639 3740 916 3812 tanquam
947 3731 1081 3810 equi
1113 3727 1538 3791 circumeuntis
1567 3734 1622 3787 et
1671 3732 1924 3788 circum-

289 3823 482 3884 d-antis
511 3821 731 3902 ipsum,
766 3840 878 3882 nec
922 3819 1170 3881 valentis
1216 3817 1507 3878 accedere
1555 3814 1822 3895 propius.
1856 3816 1930 3876 Et

292 3913 482 3991 primo
506 3910 747 3991 quidem
776 3928 912 3970 esse
933 3910 1236 3971 hominem
1261 3916 1444 3980 ratus,
1489 3904 1635 3966 nihil
1664 3903 1832 3984 dixit,
1865 3913 1927 3966 ut

291 4001 584 4082 psalmum
624 3999 976 4061 absolveret.
1011 3997 1086 4060 Ut
1117 4015 1256 4058 vero
1300 3995 1441 4056 vidit
1473 4012 1665 4082 neque
1694 3992 1929 4053 abeun-

293 4080 434 4163 tem,
476 4107 670 4168 neque
704 4088 1225 4169 propinquantem,
1257 4083 1402 4145 dicit
1428 4082 1481 4144 ei
1511 4101 1524 4144 :
1561 4080 1672 4154 Qui
1723 4089 1780 4142 tu
1811 4099 1876 4142 es
1903 4087 1931 4142 ‘2

295 4176 592 4256 simulque
621 4175 784 4236 audit
830 4193 927 4236 vas
961 4194 1130 4255 aqua;
1151 4172 1351 4235 abillo
1384 4172 1735 4252 perfractum
1765 4186 1778 4231 :
1815 4188 1930 4249 quo

291 4263 467 4335 facto,
501 4265 756 4326 evanuit.
808 4266 1155 4341 Agnoscens
1185 4261 1362 4337 igitur
1390 4261 1594 4322 beatus
1624 4261 1794 4321 Pater
1822 4275 1932 4318 au-

294 4361 521 4414 ctorem
554 4370 624 4414 ex
656 4351 959 4433 operibus,
983 4351 1160 4429 ccepit
1191 4367 1398 4412 rursus
1430 4349 1703 4429 psallere,
1737 4365 1805 4406 ac
1834 4345 1930 4433 die

2085 2040 2192 2108 κθ’.
2261 2056 2374 2108 Τῶν
2444 2051 2613 2109 τοίνυν
2671 2051 2835 2109 ἀθέων
2909 2051 3220 2133 Ἀγαρηνῶν
3277 2053 3645 2135 παραδραμόν-

2006 2161 2112 2194 των
2159 2145 2331 2196 πᾶσκν
2379 2140 2477 2207 τὴν
2527 2138 2872 2220 Καλαϐρίτιδα
2929 2143 3114 2222 χώραν
3157 2142 3248 2198 ἕνα
3297 2144 3514 2225 χρόνον,
3557 2149 3649 2202 καὶ

2008 2228 2178 2285 πάντα
2229 2226 2601 2308 ληϊσαμένων,
2664 2227 2964 2304 μελλόντων
3020 2228 3074 2285 δὲ
3133 2228 3416 2287 ἐπιϐαίνειν
3459 2236 3546 2290 καὶ
3593 2233 3647 2290 ἐν

2007 2329 2122 2379 τοῖς
2183 2323 2592 2395 Μερκουριανοϊς
2650 2316 2852 2396 μέρεσι,
2929 2320 3066 2392 μήτε
3133 2321 3483 2399 μοναστήριον
3541 2344 3647 2378 κα-

2006 2415 2249 2461 ταλιπεῖν
2338 2404 2628 2484 ἀχείρωτον
2713 2404 3076 2486 λογισάμενοι,
3177 2409 3313 2481 μήτε
3409 2413 3648 2490 μοναχὸν

2007 2491 2186 2556 ἐλέους
2233 2495 2320 2549 καὶ
2378 2491 2581 2574 φειδοῦς
2639 2493 2879 2574 ἀξιῶσαι,
2932 2493 3220 2574 προέλαϐεν
3265 2497 3299 2563 ἡ
3346 2499 3501 2575 φήμη
3549 2503 3651 2557 αὖ·

2005 2587 2134 2657 τῶν,
2212 2583 2298 2638 καὶ
2367 2582 2560 2646 πάντες
2617 2582 2941 2661 κατέφευγον
2995 2583 3080 2639 ἐπὶ
3135 2585 3202 2640 τὰ
3257 2586 3487 2664 τυχόντα
3543 2609 3650 2643 κα-

2011 2668 2243 2732 στέλλια,
2305 2670 2434 2727 Τότε
2479 2668 2543 2738 δὴ
2588 2672 2676 2727 καὶ
2719 2673 2748 2727 ὁ
2794 2671 3051 2749 μακάριος
3105 2671 3372 2752 Στέφανος
3420 2675 3640 2753 εὑρεθεὶς

2011 2757 2065 2813 ἐν
2121 2759 2196 2832 τῷ
2251 2755 2494 2833 κοινοϐίῳ
2548 2769 2640 2817 τοῦ
2688 2758 2920 2836 μεγάλου
2977 2761 3255 2840 Φαντίνου,
3304 2760 3498 2828 ἀνῆλθε
3555 2765 3647 2818 σὺν

2010 2851 2192 2910 αὐτοῖς
2251 2846 2305 2902 ἐν
2373 2848 2449 2921 τῷ
2506 2848 2847 2926 γειτνιάζοντι
2906 2847 3221 2921 καστελλίῳ,
3287 2849 3363 2924 μὴ
3417 2847 3648 2917 δυνηθεὶς

2009 2934 2330 3016 ὑποστρέψαι
2386 2935 2440 2991 ἐν
2497 2938 2573 3011 τῷ
2628 2935 2876 3010 σπηλαίῳ
2931 2935 3014 2992 διὰ
3065 2939 3123 2993 τὸ
3187 2951 3506 3016 κατεπεῖγον
3551 2945 3650 3006 τῆς

2011 3025 2218 3102 φήμης.
2297 3015 2352 3081 Ὀ
2424 3023 2477 3080 δὲ
2535 3025 2716 3102 Πατὴρ
2787 3024 2984 3081 ἄνωθεν
3057 3026 3162 3081 ἀπὸ
3231 3036 3323 3085 τοῦ
3393 3015 3654 3094 σπηλαίου

2008 3113 2330 3186 θεασάμενος
2379 3113 2466 3168 τὸν
2519 3114 2810 3191 κονιορτὸν,
2856 3115 2944 3169 καὶ
2989 3115 3050 3169 τὸ
3094 3113 3296 3180 πλῆθος
3346 3114 3652 3196 ἐπερχόμε-

2009 3222 2094 3256 νον
2163 3207 2268 3256 τῶν
2340 3201 2716 3279 Σαρρακηνῶν,
2792 3200 3068 3279 ἐλογίσατο
3129 3201 3487 3282 ἆποκρυϐἧναι
3545 3205 3654 3261 ἀπὸ

2007 3296 2105 3356 τῆς
2155 3288 2461 3356 δολιότητος
2534 3294 2727 3364 αὐτῶν,
2803 3292 2878 3364 μή
2935 3310 3064 3346 ποτε
3119 3292 3207 3346 καὶ
3260 3294 3335 3354 ὡς
3391 3293 3652 3372 πειράζων

2009 3379 2106 3446 τὴν
2136 3376 2351 3452 δύναμιν
2392 3387 2485 3436 τοῦ
2516 3387 2646 3437 Θεοῦ
2684 3382 2885 3457 εὑρεθῇ.
2935 3376 3124 3435 Λαϐὼν
3168 3379 3255 3436 οὖν
3303 3377 3417 3456 μεθ’
3466 3382 3654 3441 ἑαυτοῦ

2011 3469 2070 3523 τὸ
2139 3467 2389 3544 κεράμιον
2456 3477 2549 3526 τοῦ
2616 3465 2827 3545 ὕδατος,
2907 3467 3158 3539 ἐπορεύθη
3247 3467 3299 3524 ἐν
3371 3469 3656 3549 ἀποκρύφῳ

2008 3557 2109 3612 τινὶ
2154 3555 2321 3628 τόπγ),
2374 3554 2493 3612 ἔνθα
2540 3552 2750 3634 ἀφόϐως
2807 3553 3012 3633 διῆγεν.
3067 3561 3144 3632 Τῇ
3185 3553 3240 3611 δὲ
3288 3559 3430 3614 νυκτὶ
3480 3558 3654 3634 ἐκείνη

2008 3650 2313 3723 περιπατῶν
2341 3645 2458 3722 περὶ
2506 3646 2566 3700 τὸ
2615 3642 2734 3723 ὄρος
2783 3643 2982 3719 ἐκεῖνο,
3032 3645 3119 3700 καὶ
3172 3647 3264 3700 τὸν
3319 3642 3476 3701 Δαϐὶδ
3520 3649 3659 3704 κατὰ

2009 3735 2106 3799 τὴν
2164 3734 2439 3802 συνήθειαν
2499 3735 2656 3791 αύτοῦ
2711 3732 3026 3812 περιφέρων,
3084 3730 3284 3806 μᾶλλον
3329 3731 3384 3788 δὲ
3431 3736 3522 3790 τὸν
3567 3745 3660 3794 τοῦ

2015 3818 2173 3877 Δαϐὶδ
2226 3819 2475 3896 Βασιλέα,
2551 3820 2743 3888 ἤκουσε
2812 3822 3008 3878 κτύπον
3080 3823 3204 3877 ὡσεὶ
3260 3819 3435 3879 ποδῶν
3485 3821 3660 3879 ἵππου

2010 3909 2420 3988 περιερχόμενον
2451 3912 2538 3966 καὶ
2563 3909 2884 3968 κυκλεύοντα
2934 3912 3113 3988 αὐτὸν,
3161 3910 3248 3965 καὶ
3299 3911 3374 3984 μὴ
3423 3907 3656 3985 δυνάμε-

2012 4021 2097 4056 νον
2147 3998 2488 4077 προσεγγίσαι
2540 3999 2701 4072 αὒτῷ,
2756 4000 2854 4056 Καὶ
2903 3999 2968 4054 τὰ
3010 3997 3108 4072 μὲν
3164 4003 3348 4075 πρῶτα
3379 3996 3650 4076 ἄνθρωπον

2012 4086 2152 4142 εἶναι
2209 4087 2424 4160 νομίσας
2480 4087 2619 4165 τινὰ,
2679 4083 2824 4144 οὒδέν
2881 4085 3131 4164 ἐλάλησε,
3193 4083 3474 4164 πληρῶσαι
3531 4088 3653 4162 βουο

2013 4173 2237 4249 λόμενος
2266 4177 2358 4230 τὸν
2387 4175 2621 4251 ψαλμόν.
2656 4165 2746 4238 ζΩς
2778 4173 2821 4230 δ’
2855 4172 2996 4231 εἶδεν
3028 4176 3182 4232 αὐτὸν
3214 4175 3349 4248 μήτε
3363 4174 3658 4250 ὑπάγοντα,

2016 4265 2152 4339 μήτε
2202 4267 2638 4344 προσεγγίζοντα,
2685 4263 2827 4341 λέγει
2881 4264 3011 4342 πρὸς
3065 4263 3220 4318 αὐτὸν
3256 4280 3271 4296 ·
3323 4263 3410 4325 Τίς
3452 4263 3506 4318 εἴ
3553 4264 3660 4342 σύς

2013 4353 2100 4408 καὶ
2131 4353 2240 4425 ἅμα
2288 4354 2363 4426 τῷ
2407 4351 2551 4431 λόγῳ
2591 4353 2793 4426 ἀκούει,
2845 4351 2925 4409 ὅτι
2977 4350 3252 4430 συνέτριψε
3299 4352 3362 4406 τὸ
3407 4352 3664 4430 κεράμιον

297 4459 440 4504 cere
465 4460 480 4502 :
514 4462 544 4501 ε
569 4432 1019 4504 Οἰνουωόδηιθε
1041 4438 1560 4501 circumdederunt
1583 4453 1679 4497 me
1706 4432 1928 4495 inimici

2013 4450 2106 4498 τοῦ
2135 4437 2344 4519 ὕδατος,
2396 4444 2484 4497 καὶ
2525 4441 2751 4521 ἄφαντος
2800 4441 3038 4519 γέγονεν.
3091 4441 3222 4498 Τότε
3269 4439 3423 4516 γνοὺς
3471 4443 3498 4495 ὁ
3548 4462 3661 4515 μα-

298 4530 417 4592 mei
442 4538 499 4591 et
523 4529 580 4590 in
606 4529 846 4590 nomine
867 4528 1103 4592 Domini
1126 4528 1281 4589 ultus
1297 4546 1426 4587 sum
1444 4527 1504 4587 in
1522 4544 1624 4587 eos
1637 4525 1714 4586 εὖ.
1736 4544 1763 4583 ›
1789 4522 1928 4585 Bur-

2015 4529 2194 4607 κάριος
2250 4531 2338 4586 τὸν
2394 4530 2620 4609 ἐργάτην
2667 4531 2728 4587 ἐκ
2781 4538 2886 4587 τῶν
2932 4531 3134 4588 οἰκείων
3186 4528 3380 4608 ἔργων,
3439 4527 3655 4609 ἤρξατο,

296 4638 428 4680 sum
459 4637 595 4680 vero
627 4619 890 4697 seipsum
941 4617 1234 4698 culpabat,
1283 4614 1634 4695 dicebatque
1677 4629 1920 4675 secum:

295 4705 371 4770 Ut
392 4707 502 4768 iste
520 4707 593 4769 ad
623 4725 730 4768 nos
769 4706 1020 4786 veniret,
1061 4716 1278 4769 nostra;
1303 4705 1519 4766 mentis
1545 4703 1686 4765 fecit
1717 4719 1930 4780 evaga-

298 4795 379 4858 tio
405 4818 419 4855 :
441 4796 738 4877 siquidem
757 4795 816 4856 in
840 4813 944 4857 ore
962 4795 1147 4857 Deum
1173 4793 1479 4860 habemus.
1501 4794 1560 4854 in
1583 4791 1781 4854 animo
1815 4808 1931 4851 non

293 4883 604 4946 habemus.
626 4883 939 4946 Familiare
971 4902 1146 4964 porro
1179 4885 1311 4964 ejus
1344 4882 1566 4944 dictum
1596 4888 1744 4953 erat,
1777 4877 1934 4938 Nihil

301 4973 382 5035 ita
401 4973 660 5036 excitare
675 4973 976 5035 daemones
989 4972 1271 5036 adversus
1293 4971 1670 5044 monachum,
1686 4977 1750 5030 ut
1768 4985 1863 5028 me
1873 4985 1935 5026 o-

371 5088 431 5141 εδ
457 5089 614 5153 Psal.
643 5106 824 5165 cxvu,
852 5089 952 5151 tl.

2014 4616 2171 4674 πάλιν
2217 4628 2309 4677 τοὺ
2356 4618 2577 4694 ψέλλειν
2619 4621 2706 4677 καί
2750 4618 2922 4697 λέγειν
2953 4636 2968 4652 ⁸
3025 4641 3053 4674 α
3105 4617 3478 4680 Κυκλώσαντες
3534 4617 3666 4675 ἐκύ-

2014 4705 2224 4762 κλωσαν
2281 4729 2348 4782 με
2403 4711 2450 4766 οἱ
2505 4708 2684 4789 ἐχθροί
2739 4731 2862 4789 μου,
2915 4710 3003 4765 καὶ
3059 4708 3135 4781 τῷ
3199 4707 3419 4783 ὀνόματι
3477 4709 3668 4786 Κυρίου

2013 4795 2296 4871 ἠμυνάμην
2329 4799 2538 4861 αύτούς,
2578 4821 2646 4884 »η
2669 4795 2970 4877 Ἐμέμφετο
3015 4795 3068 4852 δὲ
3116 4795 3274 4854 πάλιν
3321 4795 3527 4875 ἑαυτὸν,
3578 4797 3672 4853 καὶ

2015 4883 2163 4962 ἔλεγε
2193 4886 2268 4960 τῷ
2297 4884 2539 4963 λογισμῷ
2568 4903 2584 4919 ⁸
2624 4883 2766 4964 ⁷7Αρτι
2821 4893 2914 4944 τοῦ
2961 4884 3134 4942 ἐλθεῖν
3185 4892 3369 4942 τοῦτον
3420 4883 3666 4964 ἐνταῦθα,

2015 4977 2044 5030 ὁ
2093 4974 2346 5054 ἡμέτερος
2404 4974 2705 5053 ῥεμϐασμὸς
2773 4975 2986 5054 γέγονεν
3045 4972 3219 5037 αἴτιος
3276 4971 3418 5046 αύτῷ
3453 4990 3468 5006 ο
3529 4970 3663 5036 διότι

1677 5259 1923 5325 Joannis
1951 5261 2076 5326 Clei
2107 5271 2281 5328 notae.

549 5368 630 5429 De
658 5365 1158 5462 hoe_monasterio
1207 5372 1453 5462 Agresta
1507 5366 1579 5430 ad
1616 5365 1818 5462 yitain

311 5443 512 5537 Basilii
548 5465 678 5537 pag.
726 5445 1033 5537 inter
1058 5443 1354 5537 egenobia,
1387 5467 1517 5537 qua:
1544 5448 1634 5537 vel
1665 5447 1938 5537 Bessani,

2026 5371 2363 5450 monasterii
2378 5372 2596 5437 rudera
2615 5371 2792 5436 etiam
2819 5388 2976 5450 nunc
2998 5375 3346 5450 supersunt.
3371 5363 3460 5429 De
3479 5363 3672 5428 Theo-

2024 5448 2170 5512 dora
2198 5451 2348 5515 nihil
2374 5452 2530 5515 inter
2577 5460 2812 5516 sanctos
2857 5447 3090 5513 Siculos
3132 5447 3538 5528 Galabrosque
3567 5451 3672 5508 aut

312 5526 401 5616 vel
433 5525 495 5586 in
532 5525 662 5616 ejus
690 5526 909 5616 vicinia
933 5529 1044 5616 sita
1068 5525 1587 5616 “fuerunttifet‘ert,
1621 5529 1944 5616 monachos
2023 5528 2163 5616 alibi
2201 5531 2350 5616 lego.
2381 5536 2608 5598 Sensus
2638 5549 2814 5616 porro
2853 5530 2954 5593 hic
2977 5530 3117 5591 satis
3147 5525 3337 5590 libere
3369 5525 3577 5589 versus
3610 5531 3670 5588 et

319 5612 376 5666 et
408 5607 695 5667 mcniales
717 5608 944 5671 ordinis
981 5610 1038 5673 S.
1068 5607 1271 5672 Basilii
1300 5607 1523 5671 ibidem
1559 5607 1853 5671 habitasse
1882 5609 1943 5671 in
2027 5607 2346 5676 intercisus
2373 5621 2483 5677 est.

313 5693 512 5752 monte
538 5703 713 5769 quem
737 5688 801 5751 S.
833 5687 1004 5770 Opoli
1053 5689 1374 5771 appellant,
1424 5687 1526 5752 ubi
1567 5687 1945 5752 celeberrimi
