3966 6148
269 342 272 343 ν
329 297 401 360 57
1837 286 1944 350 AN
1947 284 2189 354 ONYMI
3619 292 3699 359 68

319 427 522 489 cordia
555 433 858 508 permotus
889 431 998 503 est,
1034 421 1348 512 coepitque
1371 419 1685 512 objurgare
1810 417 1885 512 _Stl

2127 421 2240 476 ιθὼν
2271 420 2357 478 οὖν
2390 423 2417 478 6
2461 421 2627 502 γέρων
2677 424 2810 503 πρὸς
2858 427 2968 512 τὸν,
2998 423 3142 481 ὅσιον
3193 424 3402 506 ἤρξατοι
3429 424 3693 485 θλίϐεσθαι

317 497 602 598 phanum,
635 533 702 576 ac
725 514 927 575 dicere
951 533 964 572 :
984 497 1175 574 'Plane
1195 497 1461 570 insulsus
1480 515 1538 568 tu
1558 497 1620 568 et
1648 505 1883 598 insipiel

2130 510 2161 565 ›ὶ
2215 516 2308 567 τοῦ
2358 497 2662 591 Ψαλτηρίου
2712 497 2889 593 αὒτοῦ,
2943 497 3000 572 ’δ
3053 512 3106 570 δὲ
3137 497 3320 594 Πατὴρ
3363 497 3484 572 ἰδὼν
3538 519 3696 576 αὐτὸν

315 595 436 669 Cur
467 603 814 666 Psalterium
847 620 965 662 non
998 598 1304 680 requisisti
1336 604 1364 660 ?
1415 597 1504 658 Tu
1556 614 1621 656 es
1671 595 1881 684 iniculr

2131 596 2240 676 ἕδρα
2311 596 2638 675 λυπούμενον
2711 600 3110 682 ἐσπλαγχνίσθη
3200 601 3283 659 ἐπ’
3372 606 3534 684 αὐτῷ,
3606 606 3697 660 καὶ

316 713 547 775 aequum
582 711 721 771 ergo
745 699 854 765 est,
882 697 944 750 ut
981 707 1162 750 senex
1197 695 1360 747 tuum
1395 685 1508 746 sibi
1531 684 1700 775 tollat
1732 683 1882 775 Psalt

2123 685 2237 750 Ξατο
2268 685 2512 763 ἐπιτιμᾷν
2565 696 2643 764 τῷ
2701 691 2941 770 μακαρίῳ
2991 692 3265 772 Στεφάνῳ²
3325 695 3410 749 καὶ
3463 683 3638 771 λέγειν
3676 709 3689 723 ⁸

313 761 470 844 rium
497 801 510 845 :
534 761 864 860 tollensque
900 777 1048 839 illud
1074 775 1204 838 seni
1235 775 1421 856 dedit,
1447 780 1505 836 et
1527 773 1628 834 ille
1661 771 1879 834 exsulta

2133 797 2264 838 ντως
2293 777 2355 831 σὺ
2413 777 2689 845 ἀναίσθητε
2738 781 2825 834 καὶ
2868 779 3060 846 ἀνόητε
3094 796 3107 809 ·
3167 779 3302 836 διατί
3351 782 3441 838 οὒκ
3493 782 3692 852 ἆνεζῆ-

311 869 476 932 abiit,
581 879 588 886 '
2041 885 2209 930 τησας
2267 866 2328 920 τὸ
2387 864 2703 946 ψαλτήριον,
2754 869 2843 924 σὺν
2895 869 2956 923 τὸ
2999 883 3244 945 πταῖσμα
3294 869 3426 929 ἐστί.
3483 873 3694 926 Δίκαιον

312 960 401 1017 οὗν
461 960 597 1016 ἐστιν
651 959 743 1015 ’ἵνα
801 961 828 1014 6
887 955 1055 1036 γέρων
1113 953 1281 1034 ἐπάρῃ
1337 953 1396 1008 τὸ
1449 954 1538 1008 σὸν
1599 950 1890 1029 ψαλτήριον
1926 969 1940 984 ·
1999 953 2088 1008 καὶ
2141 952 2336 1032 ἐπάρας
2393 953 2611 1014 δέδωκεν
2668 961 2745 1031 τῷ
2803 955 3028 1036 γέροντι,
3084 958 3171 1014 καὶ
3229 957 3461 1026 ἀπῆλθεν
3518 957 3695 1037 ἀγαλ-

312 1047 596 1124 λιώμενος.

1820 1214 2063 1280 CAPUT
2095 1217 2165 1281 V.

315 1331 640 1411 Georgium
668 1331 874 1392 virum
904 1328 1162 1390 nobilem
1195 1324 1635 1412 Rossanensem
1662 1328 1797 1412 post
1825 1323 2043 1412 varias
2060 1323 2455 1403 probationes
2479 1329 2546 1390 in
2573 1329 2959 1411 disciplinam
2986 1333 3197 1412 recipit
3225 1331 3292 1396 S.
3324 1333 3545 1409 Nilus;
3576 1335 3696 1397 mi-

775 1417 976 1479 randa
1004 1415 1172 1476 illius
1200 1409 1514 1474 humilitas
1539 1411 1921 1490 propriorque
1949 1410 2276 1478 voluntatis
2304 1417 2626 1494 abdicatio,
2659 1409 2988 1482 iet—sanctus
3022 1409 3240 1484 obitus.

396 1524 492 1588 3Q.
519 1524 648 1586 Alio
672 1531 937 1602 tempore
968 1520 1274 1610 misiteum
1303 1520 1478 1580 Pater
1518 1515 1849 1610 Rossanum
1880 1516 1954 1610 ad

2124 1514 2225 1599 λβ’,
2263 1504 2478 1581 ’λλλοτε
2507 1526 2663 1584 πάλιν
2694 1527 3002 1585 ἀπέστειλεν
3046 1531 3201 1586 αὐτὸν
3251 1533 3278 1588 ὁ
3312 1534 3494 1610 Πατὴρ
3525 1533 3597 1594 εἷς
3625 1535 3690 1588 τὸ

316 1600 1006 1676 emendasmembranas.
1045 1608 1501 1684 Profectusergo
1524 1603 1724 1676 rediit,
1762 1622 1882 1664 com

2115 1613 2304 1668 ισιάνον
2372 1613 2627 1693 ἀγοράσαι
2700 1615 3002 1692 μεμϐράνας
3036 1635 3050 1647 '
3124 1620 3212 1674 καὶ
3282 1617 3346 1685 δὴ
3415 1600 3681 1698 πορευθεὶς

314 1714 432 1765 tem
447 1699 999 1780 habensquemdam
1014 1697 1195 1759 alium
1215 1714 1417 1757 senem
1439 1714 1507 1754 ex
1523 1692 1817 1787 primariis
1831 1712 1880 1754 οε

2121 1699 2357 1780 ἔστρεψεν
2427 1705 2561 1778 μετὰ
2652 1707 2740 1761 καὶ
2831 1705 2992 1762 ἄλλου
3062 1708 3203 1770 τινὸς
3268 1707 3511 1787 γέροντος
3579 1715 3687 1764 τῶν

313 1791 618 1872 tri,virum
643 1789 904 1850 nobilem
937 1786 1256 1876 Georgium
1282 1785 1396 1876 ι29)
1417 1780 1873 1876 ηοῐηίιιεί-Ουιί

2116 1789 2285 1866 γάλων
2315 1797 2406 1847 τοῦ
2453 1793 2682 1872 κάστρου
2727 1797 2816 1850 καὶ
2867 1794 3089 1872 εὖγενῶν
3145 1796 3451 1876 ἀνθρώπων³
3501 1803 3682 1876 Γεωρ-

315 1870 644 1956 terrogatus
661 1897 694 1939 a
720 1880 915 1957 Patre,
941 1876 1081 1956 quid
1105 1874 1194 1936 rei
1216 1874 1410 1964 vellet,
1434 1871 1780 1964 respondit:
1803 1870 1881 1964 Qu

2115 1901 2149 1932 »υ
2199 1880 2440 1955 ὀνόματι.
2507 1870 2895 1960 Οςνέρωτηθεὶς
2941 1870 3086 1963 παρὰ
3136 1870 3250 1941 τοῦ.
3275 1885 3423 1962 ἁγίου
3438 1870 3681 1964 Πατρός,

311 1968 446 2030 dam
480 1967 578 2028 die
610 1984 742 2028 cum
773 1964 1045 2026 sederem
1078 1963 1236 2024 domi
1269 1979 1439 2033 mete,
1474 1961 1667 2039 deque
1697 1959 1877 2020 vanita

2127 1967 2176 2022 τί
2230 1966 2292 2026 ἂν
2337 1967 2490 2048 θέλῃ⁷
2545 1959 2798 2048 ἀπεκρίθη
2832 1991 2845 2005 ·
2902 1959 3210 2052 ὅτιίφησὶ,
3259 1959 3683 2048 καθημένῳ-μοι

312 2056 516 2118 mundi
549 2065 607 2116 et
632 2054 890 2136 peccatis
920 2053 1070 2115 meis
1117 2051 1473 2138 cogitarem_,_
1507 2047 1688 2138 subiit
1719 2048 1864 2108 mihi

2119 2061 2265 2125 i1§w
2315 2047 2526 2135 ἡμερῶν
2575 2057 2627 2115 ἐν
2793 2058 2930 2116 οἵκώ
2979 2047 3104 2136 μου,
3160 2047 3246 2117 καὶ
3273 2047 3685 2138 διαλογιζομένῳ

312 2145 518 2206 mortis
549 2145 726 2204 timor
753 2150 812 2203 et
833 2142 1048 2227 judicii
1107 2140 1372 2221 quastio.
1426 2136 1562 2227 Haec
1594 2136 1878 2227 igiturcol

2111 2166 2132 2198 ν
2194 2150 2285 2198 τοῦ
2354 2144 2466 2219 βίου
2538 2146 2892 2226 ματαιότητα,
2953 2148 3041 2203 καὶ
3091 2149 3188 2211 τὰς
3243 2149 3497 2227 ἁμαρτίας
3553 2171 3677 2222 μου,

313 2241 530 2295 tantem
565 2230 760 2293 brevis
801 2221 977 2311 sopor
1007 2221 1302 2310 oppressit
1334 2235 1392 2289 et
1434 2226 1590 2286 visus
1645 2224 1792 2286 mihi
1821 2244 1879 2286 su

2113 2229 2230 2298 ἦλθέ
2268 2253 2356 2306 μοι
2405 2233 2491 2288 καὶ
2544 2236 2572 2289 6
2621 2232 2779 2314 φόϐος
2827 2221 2920 2291 τοῦ
2960 2237 3205 2308 Θανάτου,
3259 2221 3421 2304 atati}
3471 2221 3679 2292 ἀπολῶ

313 2322 536 2383 intrare
554 2339 658 2401 per
680 2320 966 2399 majorem
993 2339 1047 2379 ιιι
1069 2318 1158 2379 bis
1182 2325 1435 2396 portam,
1463 2316 1533 2376 ad
1567 2332 1744 2394 quam
1775 2315 1879 2374 situ

2113 2341 2122 2375 t
2178 2324 2275 2386 τῆς
2350 2321 2592 2399 κρίσεως.
2669 2330 2842 2379 Ταῦτα
2895 2331 3020 2400 γοῦν
3079 2322 3529 2402 δίαλογιζόμενος,
3591 2347 3679 2397 μι-

312 2418 400 2471 est
423 2409 704 2487 templum
728 2415 1068 2470 sanctorum
1092 2404 1538 2485 Apostolorum.
1565 2402 1632 2463 Et
1657 2421 1792 2464 cum
1816 2403 1871 2463 in

2111 2412 2158 2461 ὃν
2225 2407 2552 2474 ἆπενύσταξα
2584 2427 2597 2441 °
2675 2411 2761 2466 καὶ
2829 2413 2934 2488 ὁρῶ
3006 2409 3229 2486 ἐμαυτὸν
3305 2411 3677 2490 εἰσερχόμενον

310 2501 596 2578 perlatum
625 2497 698 2557 ad
749 2514 846 2556 me
893 2504 1051 2556 esset
1102 2493 1318 2555 divinae
1367 2491 1662 2566 melodiae,
1717 2491 1876 2570 quale

2111 2515 2118 2548 ι
2147 2498 2244 2559 τῆς
2275 2495 2514 2572 μεγάλης
2544 2495 2716 2563 πύλης
2745 2502 2843 2564 τῆς
2898 2497 3130 2572 πόλεως,
3156 2499 3238 2578 ..ἐν
3363 2489 3483 2556 τῶν
3514 2499 3677 2575 ἁγίων

309 2567 514 2647 audivi
534 2601 864 2664 nunquam,
892 2593 1067 2645 tenue
1087 2581 1421 2658 vestigium,
1471 2579 1696 2641 accessi
1725 2567 1875 2640 stati]

2109 2567 2373 2638 ποστόλων
2419 2582 2713 2664 καθιδρυται
2770 2567 3126 2665 οἰκητήριον..
3156 2567 3309 2644 ἸΕνθα
3365 2587 3454 2643 καὶ
3510 2567 3675 2642 ἀπού-

309 2683 371 2735 ut
400 2673 685 2747 viderem,
712 2671 951 2752 quidam
981 2677 1206 2742 essent,
1273 2669 1374 2748 qui
1425 2679 1727 2728 canerent.
1766 2667 1874 2727 Vid

2108 2692 2130 2732 ς
2201 2669 2370 2726 ἐνθέου
2440 2673 2578 2736 τινὸς
2650 2671 2839 2747 μέλους
2908 2673 3206 2754 ἆπήχημα,
3266 2674 3381 2730 οῗου
3429 2671 3674 2731 οὐδέποτε

305 2761 505 2842 itaque
554 2767 739 2822 totum
790 2758 1112 2821 sacrarium
1162 2755 1435 2817 formosis
1481 2754 1772 2842 eunuchis
1820 2755 1871 2833 pl

2100 2780 2256 2832 ουσα,
2327 2759 2552 2839 ὥρμησα
2599 2761 2713 2817 ἐκεῖ
2753 2772 2845 2820 τοῦ
2897 2760 3027 2819 ἰδεῖν
3080 2763 3215 2826 τίνες
3264 2766 3310 2818 οἱ
3355 2762 3666 2837 ψάλλοντες.

312 2841 482 2926 num,
505 2867 573 2910 ac
598 2848 777 2909 veluti
800 2846 1031 2908 oblatus
1055 2844 1280 2924 angelis
1307 2852 1365 2906 et
1385 2862 1517 2905 cum
1544 2843 1660 2903 illis
1681 2851 1734 2903 te
1756 2841 1878 2922 ipsu

2107 2847 2132 2901 εὶ
2201 2846 2386 2905 λοιπὸν
2442 2853 2621 2928 θεωρῶ
2687 2849 2824 2906 ἅπαν
2894 2853 2955 2906 τὸ
3013 2853 3162 2928 βῆμα
3216 2853 3407 2926 μεστὸν
3465 2848 3673 2909 εὔειδῶν

307 2957 482 3019 quem
507 2955 666 2998 nunc
690 2936 882 3013 video,
905 2944 1160 2996 stantem
1187 2954 1201 2994 :
1231 2933 1292 2994 in
1322 2931 1461 2993 sede
1479 2945 1676 2992 autem
1713 2933 1873 3010 episc

2105 2935 2298 3014 μούχων
2367 2939 2455 2993 καὶ
2523 2937 2885 3018 λευχειμόνων
2955 2943 3048 2996 οἷα
3117 2938 3382 3019 ἀγγέλων⁷
3438 2940 3524 2996 καὶ
3582 2939 3671 2994 σὺν

309 3025 428 3107 pali
453 3025 733 3105 juvenem
767 3024 1233 3106 pulcherrimum
1269 3032 1330 3084 et
1356 3019 1875 3103 splendidisstmui

2108 3037 2214 3087 τοῖς
2245 3026 2521 3100 ἱστάμενον
2551 3027 2610 3082 σὲ
2641 3029 2730 3083 τὸν
2763 3033 2848 3083 νῦν
2880 3049 2968 3102 μοι
3027 3027 3292 3107 ὁρώμενον
3327 3044 3340 3058 ·
3395 3027 3446 3083 ἐν
3496 3026 3549 3083 δὲ
3597 3027 3674 3100 τῷ

308 3115 474 3194 cujus
503 3113 780 3175 decorem
807 3114 1139 3192 exprimere
1177 3129 1354 3172 nemo
1392 3118 1583 3190 queat.
1621 3110 1767 3172 Cum
1805 3126 1869 3169 er

2103 3118 2120 3167 3
2191 3111 2479 3170 ἐπισκόπου
2548 3115 2714 3193 θρόνῳ
2803 3117 3101 3190 καθήμενον
3183 3116 3318 3172 πάνυ
3391 3114 3669 3195 εὔμορφον,

304 3202 608 3282 ingressus
637 3220 831 3264 essem
861 3201 922 3262 in
973 3200 1260 3281 templum
1311 3205 1368 3260 et
1413 3196 1789 3259 admirandas
1820 3197 1870 3257 ill

2104 3200 2281 3299 ὁτερόν
2312 3223 2370 3299 τε
2417 3204 2505 3259 καὶ
2547 3202 2938 3299 ὑπέρλαμπρον,
2989 3205 3048 3259 οὗ
3095 3205 3156 3259 τὸ
3204 3203 3397 3267 κάλλος
3442 3205 3670 3282 ἀμήχα-

304 3289 538 3371 species
594 3289 1031 3370 contemplarer
1102 3297 1161 3350 et
1215 3286 1627 3350 suavissimam
1679 3285 1870 3347 audiri

2106 3313 2118 3345 ι
2171 3286 2541 3366 διηγήσασθαι.
2603 3288 2692 3347 Ἐν
2751 3299 2826 3366 τῷ
2879 3299 3000 3370 γοῦν
3061 3291 3312 3349 εἰσελθεῖν
3369 3314 3434 3369 με
3487 3291 3540 3347 ἐν
3594 3299 3672 3366 τῷ

305 3377 791 3444 modulationem,
821 3378 992 3440 video
1024 3378 1173 3440 duos
1200 3377 1273 3439 ad
1306 3395 1402 3438 me
1454 3375 1660 3437 venire
1692 3393 1723 3436 e
1749 3393 1871 3436 cane

2103 3383 2161 3450 ᾧ,
2223 3379 2310 3433 καὶ
2378 3380 2596 3458 θεωρεῖν
2665 3381 2729 3434 τὰ
2797 3381 3179 3455 πανθαύμαστα
3237 3379 3408 3447 κάλλη
3468 3380 3669 3454 ἐκεῖνα,

313 3467 491 3544 datis,
525 3467 810 3530 innuente
835 3467 959 3540 illo,
993 3466 1092 3547 qui
1122 3464 1367 3527 sedebat
1396 3464 1456 3525 in
1487 3467 1726 3536 throno,
1760 3481 1828 3524 ac
1861 3482 1879 3524 ι

2109 3464 2351 3522 ιᾶκούειν
2400 3466 2499 3533 τὴν
2549 3466 2745 3546 εὔηχον
2795 3465 3076 3547 μελῳδίαν,
3131 3470 3236 3546 ὁρῶ
3285 3465 3372 3524 δύο
3423 3472 3528 3522 τῶν
3557 3464 3675 3521 λευ-

312 3574 487 3619 cere:
518 3554 689 3632 Veni,
711 3556 996 3618 Dominus
1039 3564 1096 3618 te
1134 3563 1324 3617 vocat.
1357 3554 1477 3634 Ego
1506 3561 1703 3614 autem
1738 3572 1878 3632 magi

2104 3555 2269 3633 φόρων
2326 3553 2569 3619 ἐλθόντας
2615 3555 2744 3635 πρός
2795 3578 2885 3632 με,
2946 3557 3224 3620 νεύσαντος
3273 3563 3364 3612 τοῦ
3411 3556 3495 3611 ἐπὶ
3544 3554 3670 3634 θρό-

310 3663 445 3706 cum
477 3644 686 3706 timore
717 3645 1040 3726 profectus,
1073 3662 1271 3706 coram
1327 3643 1428 3704 illo
1460 3642 1596 3703 steti
1627 3650 1685 3704 et
1715 3641 1824 3702 tibi
1853 3644 1876 3704 ὀ

2103 3669 2143 3722 ›,
2174 3644 2260 3699 καὶ
2289 3641 2541 3721 λέγοντάς
2575 3667 2663 3719 μοι
2699 3665 2712 3677 ⁸
2767 3652 2950 3726 Δεῦρο,
2982 3643 3142 3701 καλεῖ
3189 3667 3247 3700 σε
3295 3649 3322 3701 ὁ
3372 3644 3669 3710 Δεσπότης.

303 3742 536 3796 centem
571 3734 808 3796 audivi:
871 3733 1035 3796 Vade
1086 3741 1146 3796 et
1184 3732 1428 3795 attonde
1477 3732 1634 3792 hunc
1691 3729 1780 3792 Tu
1807 3748 1869 3792 ve

2107 3733 2176 3811 γὼ
2243 3731 2296 3788 δὲ
2366 3734 2456 3790 σὺν
2527 3731 2674 3813 φόϐώ
2737 3733 2921 3808 πολλῷ
2988 3735 3250 3813 πορευθεὶς
3316 3737 3404 3790 καὶ
3473 3734 3673 3795 σταθεὶς

299 3825 596 3886 accedens
628 3821 934 3885 totondisti
965 3831 1023 3885 et
1055 3822 1408 3883 monachum
1434 3839 1530 3882 me
1560 3818 1774 3881 fecisti.
1809 3817 1865 3880 SI

2104 3825 2320 3900 προσθεν
2415 3823 2594 3897 αὐτοῦ,
2683 3819 2884 3888 ἤκουσα
2969 3821 3124 3877 αὐτὸν
3208 3820 3427 3899 λέγοντά
3509 3843 3592 3877 σοι
3656 3840 3670 3855 ·

301 3911 405 3972 tim
430 3911 612 3992 igitur
632 3921 1022 3993 experrectus
1044 3910 1399 3973 addubitare
1441 3909 1594 3989 coepi
1625 3916 1682 3969 et
1714 3926 1867 3970 meci

2109 3906 2298 3965 πελθὼν
2353 3910 2630 3988 κούρευσον
2684 3911 2862 3970 αὐτὸν.
2916 3910 2988 3964 Σὺ
3047 3907 3104 3965 δὲ
3159 3909 3456 3989 προσελθὼν
3516 3907 3675 3965 ἐκού-

303 4001 616 4079 cogitando
645 4001 886 4063 dicere:
926 4003 1083 4063 Sane
1112 4000 1299 4060 visum
1331 4000 1442 4060 hoc
1463 3999 1639 4060 inane
1670 3997 1799 4072 fuit,
1828 4015 1867 4057 n

2109 4019 2240 4078 ωας,
2331 3999 2417 4053 καὶ
2504 3997 2756 4064 ἐποίησάς
2841 4019 2909 4074 με
2998 4000 3226 4078 μονχόν.
3314 3998 3516 4062 Εὐθέως
3586 3997 3675 4055 οὖν

309 4106 345 4149 a
373 4087 496 4150 Deo
530 4089 801 4153 missum.
835 4089 978 4151 Mihi
1007 4090 1166 4151 enim
1192 4107 1495 4170 nunquam
1519 4086 1680 4150 venit
1698 4086 1760 4148 in
1784 4104 1875 4148 me

2111 4087 2342 4150 ιπνισθεὶς
2375 4150 2401 4174 ν
2427 4085 2668 4165 ἠρξάμην
2756 4084 3010 4158 διστάζειν
3101 4089 3178 4162 τῷ
3263 4086 3506 4166 λογισμῷ
3585 4088 3677 4142 καὶ

309 4184 456 4253 tem,
488 4187 554 4240 ut
584 4179 910 4241 monachus
937 4180 1168 4241 ﬁerem.
1853 4209 1858 4216 ~

2111 4197 2228 4254 (ειν,
2265 4173 2344 4230 ὅτι
2380 4173 2571 4238 Οντως
2627 4175 2911 4252 πάντασμά
2967 4176 3075 4231 ἐστι
3118 4177 3178 4231 τὸ
3235 4177 3393 4255 φανέν
3425 4199 3538 4255 μοι,
3587 4176 3677 4231 καὶ

2029 4266 2089 4321 ού
2141 4265 2470 4340 θεόπεμπτον
2504 4281 2518 4297 ·
2580 4265 2688 4342 ἐγὼ
2741 4264 2841 4344 γὰρ
2908 4262 3154 4321 οὒδέποτε
3202 4265 3523 4341 ἐνεθυμήθην
3580 4270 3675 4320 τοῦ

2028 4353 2277 4434 γενέσθαι
2297 4354 2557 4434 μοναχύς.

389 4441 488 4508 33.
519 4441 815 4506 Constitui
845 4449 1040 4504 tamen
1090 4443 1202 4504 hoc
1232 4441 1363 4523 ipse
1392 4460 1648 4516 mecum,
1679 4449 1743 4503 ut
1770 4441 1820 4502 si
1849 4440 1946 4502 die

2110 4431 2198 4519 λγ’
2253 4427 2428 4517 Ὅμως
2495 4442 2786 4522 ἐστοίχησα
2854 4442 2907 4498 ἐν
2973 4441 3184 4517 ἐμαυτῷ
3253 4449 3426 4516 τοῦτο,
3489 4440 3579 4497 ἵνα
3629 4439 3676 4496 εἰ

304 4530 408 4594 illo
439 4532 620 4594 frater
650 4531 864 4612 aliquis
889 4530 1120 4593 veniret
1150 4549 1182 4593 e
1207 4515 1584 4592 monasteriis
1611 4515 1673 4591 in
1703 4531 1870 4592 domu

2108 4533 2162 4586 τὰ
2216 4532 2314 4598 τὴν
2370 4531 2570 4609 ἡμέραν
2627 4531 2832 4597 ἐκείνην
2883 4529 3020 4588 ἔλθοι
3066 4529 3288 4610 ἁδελφὸς
3341 4536 3444 4586 τῶν
3502 4552 3674 4605 μονα-

307 4621 630 4694 meam,'vel
655 4637 1104 4696 cognoscerem,
1128 4618 1342 4681 divina:
1363 4619 1681 4681 voluntatis
1705 4637 1862 4693 esse,

2111 4621 2259 4699 πρίων
2328 4619 2381 4674 ἐν
2451 4619 2527 4693 τῷ
2586 4617 2722 4692 οἴκῳ
2787 4642 2910 4695 μου,
2970 4618 3181 4686 ἀληθῶς
3240 4617 3484 4695 βούλημα
3545 4624 3677 4674 Θεοῦ

303 4710 629 4772 monachus
661 4709 836 4770 liam:
892 4709 1046 4788 quod
1099 4707 1150 4769 si
1199 4709 1311 4770 hoc
1343 4727 1460 4769 non
1491 4707 1757 4771 eveniret
1784 4725 1869 4768 sou

2111 4730 2173 4763 ναι
2203 4709 2264 4764 τὸ
2295 4708 2518 4782 μονάσαι
2548 4729 2616 4782 με
2651 4729 2663 4740 ·
2716 4708 2760 4763 εἷ
2806 4705 2860 4762 δὲ
2909 4709 2984 4784 μὴ
3031 4719 3185 4766 τουτο
3232 4707 3472 4786 γένηται,
3504 4707 3576 4769 ὡς
3614 4711 3677 4765 οὐ

303 4797 492 4873 nium,
523 4806 733 4858 utnon
773 4796 1058 4858 divinitus
1093 4796 1348 4878 oblatus,
1389 4796 1635 4856 missum
1665 4795 1869 4857 facere:

2111 4794 2196 4870 νχῷ
2251 4796 2360 4853 ὄντι
2416 4794 2493 4868 τῷ
2547 4795 2754 4876 φανέντι
2804 4797 2986 4875 ὀνείρῳ
3039 4795 3391 4875 ἀπροσεξῆσαί
3437 4816 3525 4869 με.
3578 4791 3677 4850 Ἕκ

301 4885 390 4947 Ad
415 4885 747 4947 evitandam
772 4903 912 4965 ergo
935 4884 1321 4960 otiositatem,
1367 4902 1642 4963 egressus
1675 4886 1733 4945 in
1766 4902 1862 4945 ves

2105 4881 2235 4949 λλῆς
2290 4883 2378 4939 οὖν
2448 4881 2763 4964 ἀδολεσχίας
2835 4883 3050 4949 ἐξελθὼν
3122 4886 3194 4946 εἷς
3263 4885 3328 4940 τὰ
3391 4880 3671 4962 προαιύλιιιι³

303 4974 508 5035 bulum
539 4973 658 5035 vidi
688 4973 930 5039 fratrem
988 4975 1358 5055 Stephanum
1409 4981 1630 5035 etcum
1662 4975 1869 5034 advent

2108 4978 2206 5050 υρῶ
2261 4971 2541 5046 ἱστάμενον
2582 4974 2674 5028 τὸν
2723 4970 2943 5053 ἀδελφὸν
2999 4972 3263 5052 Στέφανον
3301 4991 3313 5005 ⁸
3358 4973 3447 5029 καὶ
3495 4971 3674 5047 μαθὼν

300 5062 392 5123 sui
443 5080 679 5124 causam
723 5061 795 5122 ab
847 5061 979 5142 ipso
1030 5061 1400 5137 didicissem,
1453 5060 1804 5123 festinanter
1848 5079 1866 5120 ι

2108 5059 2151 5139 ρ’
2223 5060 2382 5118 αὐτοῦ
2449 5060 2548 5127 τήν
2619 5062 2785 5117 αἰτίαν
2853 5067 2951 5128 τῆς
3023 5060 3298 5142 ἐλεύσεως,
3379 5057 3674 5122 σπουδαίως

301 5166 466 5214 meas
495 5149 826 5232 composui,
860 5159 1034 5232 atque
1063 5150 1137 5212 ad
1167 5157 1326 5212 tuam
1386 5149 1754 5212 sanctitatem
1782 5167 1867 5210 vel

2107 5169 2198 5204 ντα
2263 5146 2598 5224 διευθήτησα,
2671 5152 2758 5206 καὶ
2827 5151 2958 5228 πρὸς
3030 5150 3128 5217 τὴν
3201 5151 3300 5216 σὴν
3375 5147 3673 5227 ἁγιωσύνην

297 5237 468 5301 Nunc
528 5239 732 5318 igitur,
792 5240 952 5320 quod
1008 5237 1130 5302 Deo
1208 5239 1402 5320 placet
1453 5237 1680 5320 tibique
1738 5256 1863 5300 sani

2109 5235 2274 5308 ςλυθα,
2346 5247 2447 5296 Νῦν
2511 5237 2622 5319 οὖν,
2681 5241 2754 5302 ὡς
2811 5237 2959 5296 δοκεῖ
3014 5238 3091 5314 τῷ
3150 5245 3266 5312 Θεῷ
3315 5239 3404 5294 καὶ
3458 5259 3539 5293 σοι
3596 5234 3675 5310 τῷ

295 5325 474 5401 Patri,
508 5326 569 5388 in
599 5345 694 5389 me
723 5327 919 5389 facito.
956 5327 1062 5390 His
1091 5327 1214 5390 Deo
1249 5327 1460 5408 plenus
1487 5325 1667 5389 Pater
1701 5325 1861 5391 audit

2109 5326 2162 5399 ἴῳ
2218 5327 2404 5406 Πατρὶ,
2459 5325 2542 5382 ἐπ’
2613 5327 2708 5402 ἐμὲ
2763 5328 3010 5394 ποίησον.
3072 5329 3280 5386 Τούτων
3339 5326 3509 5384 τοίνυν
3563 5329 3675 5381 τῶν

296 5414 640 5496 respondit:
688 5413 810 5477 Nos
855 5415 1172 5498 plurimum
1208 5413 1555 5478 honorande
1585 5413 1791 5493 frater,
1826 5435 1862 5478 n

2102 5435 2203 5493 γων
2257 5413 2484 5479 ἀκούσας
2521 5417 2550 5472 6
2594 5415 2842 5498 θεοφόρος
2893 5417 3075 5496 Πατὴρ
3135 5415 3277 5496 λέγει
3305 5417 3435 5497 πρὸς
3466 5413 3620 5472 αὐτόν
3655 5429 3668 5443 ⁸

1675 5619 1923 5684 Joannis
1953 5620 2078 5687 Clei
2107 5629 2283 5688 notae.

1675 5620 1923 5684 Joannis
2063 5622 2074 5636 '
2263 5669 2283 5688 .

379 5718 499 5802 (99)
529 5719 617 5786 De
642 5719 918 5807 Georgio,
951 5725 1054 5808 qui
1081 5727 1262 5793 tantis
1291 5725 1389 5792 hic
1421 5725 1719 5806 laudibus,
1746 5620 2383 5815 ornatuffediﬁltfpud
2410 5730 2749 5814 Cajetanum
2780 5731 2871 5797 vel
2901 5730 3050 5795 alios
3077 5731 3230 5812 lego.
