3966 6148
247 263 321 331 6%

1480 265 1664 332 VITA
1707 267 1767 329 S.
1814 261 1980 329 NILI
2018 259 2389 329 JUNIORIS.

3574 265 3656 329 70

271 396 480 479 Ἡμεῖς,
510 403 557 459 ὦ
584 403 886 478 τιμιώτατε
936 403 1159 485 ἀδελφὴ
1205 404 1264 460 οὗ
1306 403 1387 458 διὰ
1435 403 1525 458 τὸν
1582 402 1710 457 Θεὸν
1736 400 1772 468 ἢ
1801 399 1904 455 Evs-

2022 403 2248 485 Jropter
2275 393 2493 485 Deum,
2538 403 2640 458 aut
2686 395 2917 485 virtutis
2965 414 3104 476 ergo
3135 396 3415 459 sedemus
3442 396 3504 459 in
3537 397 3648 460 hac

274 516 366 550 κεν
409 493 594 573 αρετῆς
645 494 930 567 καθήμεθα
975 493 1029 548 ὲν
1086 499 1155 568 τῇ
1201 493 1393 572 ἐρημίᾳ
1437 491 1624 566 ταύτῃ,
1680 487 1816 544 ἀλλὰ
1845 487 1927 543 διὰ

279 587 340 641 τὸ
399 586 475 659 μῆ
537 582 777 639 δύνασθαι
835 585 1154 660 ὑπενεγκεῖν
1190 602 1200 614 '
1255 588 1347 639 τοῦ
1393 577 1727 638 κοινοϐιακοῦ
1771 577 1928 634 κανό-

275 698 363 739 νος
392 677 482 738 τὸς
516 675 699 754 ἄχθος,
752 673 1132 753 κεχωρίκαμεν
1184 673 1398 735 ἑαυτοὺς
1451 671 1556 726 ἀπὸ
1585 677 1690 725 τῶν
1720 669 1925 747 ἀνθρώ-

281 785 423 834 πων,
455 763 636 842 ὥσπερ
675 763 814 824 τινὲς
859 761 1042 840 λεπροὶ
1087 763 1172 817 καὶ
1217 761 1518 839 ἀκάθαρτοι.
1575 759 1648 813 Σὺ
1691 758 1777 814 οὗν
1827 780 1928 812 κα-

279 851 390 914 λῶς
418 865 596 914 ποιεῖς
626 851 910 931 φροντίζων
967 854 1065 916 τῆς
1117 850 1378 926 σωτηρίας
1425 853 1520 914 τῆς
1569 851 1668 912 σῆς
1719 850 1927 924 ψυχῆς.

283 939 514 1016 Πορεύου
541 938 710 994 τοίνυν
742 940 814 1001 εἷς
867 938 931 992 τὰ
979 935 1240 1009 κοινόϐια,
1302 936 1421 992 ἔνθα
1468 935 1748 1008 ἀναπαύσῃ
1778 938 1932 1012 ψυχῇ

280 1049 338 1083 τε
399 1029 491 1083 καὶ
561 1028 792 1102 σώματι,
869 1017 927 1083 Ὀ
983 1024 1060 1100 δὲ,
1122 1025 1298 1104 ὥσπερ
1355 1024 1559 1098 ἀδάμας
1619 1023 1929 1100 ἀπείραστος

279 1117 428 1191 μένει
603 1123 695 1172 τοῦ
736 1114 948 1194 σιδήρου
997 1112 1286 1190 προσϐολῇ,
1343 1113 1482 1170 οὕτω
1533 1111 1755 1168 διέκειτο
1801 1113 1931 1186 πρὸς

279 1207 405 1268 τοὺς
439 1204 494 1259 ἐν
554 1206 797 1282 πειρασίᾳ
843 1203 1031 1281 λόγους
1089 1209 1180 1258 τοῦ
1226 1202 1450 1280 Πατρός.
1503 1206 1611 1267 Τῆς
1665 1199 1717 1255 δὲ
1750 1222 1933 1278 κυρια-

278 1298 383 1359 κῆς
431 1293 638 1371 ἡμέρας
695 1289 1115 1365 καταλαϐούσης,
1161 1289 1213 1347 ἐν
1351 1291 1416 1346 τὰ
1458 1287 1696 1346 κοινόϐια
1744 1293 1932 1365 μικρᾶς

280 1402 423 1443 τινος
526 1378 909 1457 παρακλήσεως
1008 1383 1316 1454 σωματικῆς
1410 1374 1926 1454 μεταλαγχάνουσιν,

279 1465 544 1540 λαμςάνει
615 1469 770 1525 αὺτὸν
840 1470 867 1523 6
941 1468 1118 1545 Πατὴρ
1175 1468 1247 1530 εἷς
1305 1467 1365 1522 τὸ
1419 1475 1511 1523 τοῦ
1564 1461 1932 1521 Κασεελλάνου

283 1555 548 1632 λεγόμεον
621 1557 996 1634 μοναστήριον,
1069 1553 1189 1611 ’ἔνθα
1241 1559 1462 1633 τροφῆς,
1522 1551 1771 1626 δαψιλοῦς
1829 1550 1930 1624 ἒμ-

283 1644 630 1722 φορηθέντες,
665 1644 752 1698 καὶ
782 1642 1132 1718 μεταλήψεως
1181 1643 1329 1698 οἴνου
1381 1640 1603 1720 μετρίως
1651 1639 1929 1718 τυχόντες,

2009 484 2370 560 solitudine;
2394 483 2498 544 sed
2521 485 2660 566 quia
2683 484 2840 548 ferre
2880 505 2997 548 non
3022 505 3337 567 possumus
3361 485 3649 548 observa—

2011 572 2188 634 tionis
2217 571 2592 636 cmnobiticaa
2650 574 2901 654 pondus,
2956 577 3395 652 segregavimus
3443 593 3552 637 nos
3579 575 3652 636 ab

2011 660 2370 736 hominibus,
2404 663 2570 742 quasi
2601 662 2825 739 leprosi
2853 663 3092 743 quidam
3125 672 3179 724 et
3206 663 3519 725 immundi.
3563 661 3657 724 Tu

2014 769 2150 811 vero
2199 751 2352 812 bene
2400 749 2564 824 facis,
2613 752 2827 812 animae
2871 751 3118 813 salutem
3174 770 3416 814 curans.
3467 751 3656 830 Perge

2013 839 2190 918 igitur
2242 838 2311 899 ad
2371 839 2663 917 cmnobia,
2724 838 2941 920 quibus
2998 841 3211 902 anima:
3269 848 3327 901 et
3384 840 3657 920 corporis

2011 927 2210 1007 qniete
2232 925 2463 988 frueris.
2491 926 2595 988 Ille
2617 927 3172 1002 adamantisinstar,
3224 929 3334 1009 qui
3355 928 3497 990 ferri
3538 929 3660 990 ictu

2016 1035 2133 1076 non
2165 1015 2472 1095 frangitur,
2507 1015 2576 1076 ad
2619 1017 2805 1078 Patris
2831 1019 3008 1079 verba
3041 1016 3343 1098 probantis
3368 1034 3502 1078 eum
3535 1016 3655 1077 im-

2017 1111 2210 1164 motus
2239 1103 2450 1165 stabat.
2489 1105 2592 1165 Die
2624 1123 2759 1166 vero
2790 1103 3119 1180 Dominico,
3155 1123 3273 1186 quo
3323 1106 3518 1167 solent
3544 1123 3661 1167 cae-

2017 1190 2193 1252 nobia
2224 1191 2458 1252 modica
2487 1192 2754 1272 corporis
2784 1193 3144 1255 relaxatione
3173 1193 3282 1268 uti,
3331 1193 3496 1255 duxit
3523 1211 3658 1254 eum

2016 1281 2189 1342 Pater
2206 1299 2406 1342 secum
2434 1281 2493 1342 in
2514 1285 2959 1352 monasterium.
2997 1282 3151 1365 quod
3183 1282 3500 1346 Castellani
3532 1281 3654 1362 (30)

2013 1379 2274 1445 vocatur,
2309 1369 2368 1430 in
2398 1389 2515 1451 quo
2563 1370 2808 1452 opipare
2858 1373 3087 1453 excepti
3136 1380 3192 1434 et
3243 1372 3378 1433 vino
3427 1371 3660 1434 modice

2015 1460 2290 1531 recreati,
2325 1467 2628 1539 postquam
2662 1459 2736 1520 de
2787 1479 2991 1522 mensa
3041 1460 3456 1540 surrexissent,
3490 1459 3663 1521 Pater

2013 1545 2093 1605 ita
2121 1564 2324 1607 senem
2359 1547 2567 1608 aﬂ‘atus
2594 1555 2684 1608 est
2711 1567 2724 1608 :
2762 1548 3015 1611 Domine
3046 1547 3283 1627 Georgi,
3322 1555 3659 1628 exspectato

2015 1633 2111 1694 hic
2142 1651 2480 1714 parumper,
2514 1634 2706 1696 donec
2739 1636 3036 1715 profectus
3081 1637 3151 1697 ad
3202 1635 3475 1699 visendos
3504 1636 3652 1696 alios

285 1719 423 1807 μετὰ
495 1735 558 1788 τὸ
627 1733 910 1799 ἀναστῆναι
981 1737 1080 1798 τῆς
1148 1731 1410 1812 τραπέζης
1467 1729 1610 1808 λέγει
1667 1731 1694 1784 6
1754 1729 1934 1803 Πατὴρ

2022 1722 2232 1784 fratres
2261 1732 2544 1784 revertar.
2583 1726 2704 1784 Hoc
2733 1742 2867 1784 vero
2899 1724 3258 1786 dixitanimo
3282 1723 3662 1804 relinquendi

284 1824 417 1900 πρὸς
489 1823 583 1876 τὸν
671 1821 890 1900 γέροντα
923 1837 937 1850 ·
1035 1810 1189 1900 Κόριε
1256 1820 1506 1898 Γεώργιε,
1581 1830 1766 1892 μεῖνον
1835 1813 1935 1870 ὧδε

2022 1811 2181 1872 illum
2215 1810 2498 1900 deinceps
2526 1811 2583 1872 in
2617 1813 3002 1900 monasterio.
3037 1812 3203 1885 Quod
3229 1831 3412 1874 senex
3447 1812 3663 1874 intelli-

283 1899 494 1988 μικρὸν,
532 1910 633 1972 ἕως
662 1917 755 1965 τοῦ
809 1909 1050 1966 ἀπελθὼν
1097 1899 1168 1974 είς
1228 1909 1500 1982 ἐπίσκεψιν
1552 1905 1744 1985 ἑτέρων
1775 1901 1933 1958 ἀδελ-

2022 1917 2182 1988 gens,
2216 1899 2409 1960 statim
2443 1899 2800 1980 respondit:
2851 1899 2975 1962 Non
3020 1920 3258 1981 aequum
3311 1909 3420 1975 est,
3476 1919 3660 1962 vene-

449 2000 793 2079 ὓποστρέψω.
869 2010 1032 2059 Τοῦτο
1089 1999 1182 2079 δὲῄ
1207 2000 1332 2055 εἶπε
1387 1997 1550 2054 θέλων
1608 1997 1763 2051 αὐτὸν
1821 1993 1936 2049 ἐκεῖ

2022 1986 2206 2047 rande
2232 1989 2426 2062 Pater,
2460 1989 2562 2049 sed
2623 2007 2978 2069 quocunque
3025 1990 3197 2052 iverit
3243 1989 3540 2068 dominus,
3589 2007 3658 2050 eo

279 2097 374 2144 τοῦ
442 2087 636 2146 λοιποῦ
701 2087 1052 2163 καταλεϊψαι.
1157 2072 1310 2165 ’δπερ
1378 2087 1575 2155 νοήσας
1644 2085 1673 2138 ὑ
1742 2082 1930 2160 γέρων,

2022 2083 2302 2154 sequetur
2331 2084 2389 2136 et
2439 2063 3022 2139 canis-Admiratus
3071 2079 3247 2140 Pater
3293 2063 3655 2165 allegoriam,

285 2176 475 2240 εὖθέως
508 2177 764 2254 ἀπεκρίθη
799 2196 812 2208 ·
865 2162 952 2234 Ούν
990 2175 1186 2232 δίκαιόν
1236 2162 1366 2254 ἐστι,
1421 2175 1560 2249 τίμιε
1592 2173 1784 2250 Πάτερ,
1817 2166 1935 2224 ἀλλ’

2022 2182 2154 2224 eum
2197 2162 2310 2224 sibi
2340 2165 2660 2245 assumpsit
2697 2166 2923 2228 socium
2957 2173 3013 2227 et
3047 2164 3409 2228 unanimiter
3437 2163 3660 2227 reversi

285 2263 418 2318 ὅπου
476 2267 506 2319 6
563 2262 825 2330 δεσπότης
877 2263 1110 2340 ἀπέλθῃ,
1169 2262 1282 2318 ἐκεῖ
1330 2264 1417 2318 καὶ
1467 2263 1496 2316 ὑ
1556 2261 1695 2316 κύων
1735 2259 1937 2314 ἐπακο-
2019 2259 2177 2314 sunt.

286 2351 560 2420 λουθήσει.
645 2349 917 2428 Ἀγασθεὶς
987 2339 1073 2407 οὖν
1143 2353 1170 2407 6
1235 2351 1415 2430 ’πατὴρ
1483 2349 1568 2405 ἐπὶ
1636 2355 1712 2422 τῴ
1780 2341 2162 2425 παραδείγματι
2234 2344 2412 2421 αὖτοῦ,
2495 2339 2784 2421 παρέλαϐεν
2876 2343 3029 2400 αὐτὸν
3101 2341 3214 2418 μεθ’
3296 2344 3502 2420 ἑαυτου,
3575 2343 3661 2398 καὶ

286 2439 621 2518 ὑπέστρεψαν
648 2437 1002 2515 ὁμοθυμαδόν,

370 2517 476 2588 λδῘ,
512 2527 667 2605 Λέγει
727 2527 815 2582 οὖν
865 2525 1006 2600 αὖτῷ
1053 2529 1081 2583 6
1130 2528 1389 2606 Γεώργιος
1437 2526 1573 2583 κατὰ
1613 2525 1711 2591 τὴν
1763 2521 1878 2579 ὁδόν
1916 2540 1930 2554 ⁸

293 2617 410 2674 Οἴει
442 2636 532 2690 με,
570 2618 719 2690 μίμιε
751 2617 945 2694 Πάτερ,
977 2615 1197 2694 ἀπορεῖν
1247 2616 1301 2671 ἐν
1339 2613 1414 2689 τῷ
1442 2615 1578 2686 οἴκει)
1610 2634 1710 2688 μου
1735 2615 1934 2689 τρυφῆς

296 2707 383 2760 καὶ
437 2705 694 2768 παντοίας
750 2702 967 2784 χλιδῆς,
1041 2707 1128 2760 καὶ
1197 2701 1534 2768 δελεασθῆναί
1588 2722 1655 2776 με
1709 2699 1936 2774 νομίζεις

294 2795 366 2854 ὣς
435 2792 631 2872 βρέφος
697 2794 798 2848 ὑπὸ
869 2789 1138 2866 δαψιλείας
1207 2796 1302 2857 τῆς
1386 2794 1632 2868 τροφῆς,
1724 2785 1938 2872 Πένεισο

293 2879 372 2934 ὅτι
403 2881 461 2934 03
490 2870 669 2958 θροεῖς
702 2901 768 2954 με
795 2878 909 2934 οὔτε
963 2881 1064 2934 ὑπὸ
1108 2879 1430 2957 ἐγκρατείας,
1485 2875 1599 2932 οὔτε
1639 2875 1738 2930 ὑπὸ
1771 2870 1940 2938 ἄλλης

296 2969 416 3031 οἶας
487 2967 691 3036 δήποτε
742 2968 1056 3047 κακουχίας.
1110 2965 1252 3045 Ἐγὼ
1307 2967 1405 3045 γὰρ
1457 2963 1629 3021 πολλὰ
1684 2960 1938 3039 πλεύσας,

298 3058 379 3110 καὶ
447 3053 657 3119 πολλὰς
726 3057 909 3135 χώρας
979 3056 1255 3133 γυρεύσας,
1326 3052 1539 3110 πολλῶν
1608 3049 1785 3107 καλῶν
1854 3051 1941 3104 καὶ

2100 2518 2200 2579 34.
2227 2517 2377 2580 Dum
2404 2525 2560 2579 esset
2592 2517 2653 2578 in
2680 2517 2918 2598 itinere,
2951 2518 3032 2580 ait
3061 2536 3240 2580 senex
3269 2519 3340 2582 ad
3377 2523 3605 2583 Patrem
3641 2543 3658 2582 ι

2022 2608 2219 2680 Putas,
2252 2607 2590 2669 venerande
2622 2610 2814 2684 Pater,
2849 2608 3012 2669 domi
3055 2626 3200 2669 mea;
3251 2608 3464 2671 deesse
3518 2608 3663 2670 mihi

2021 2694 2248 2775 copiam
2279 2693 2625 2756 deliciarum
2682 2705 2738 2757 et
2768 2697 3156 2778 voluptatum,
3207 2715 3275 2759 ac
3306 2697 3482 2759 veluti
3513 2716 3660 2780 pue-

2021 2802 2177 2860 rum,
2210 2783 2567 2846 abundantia
2599 2784 2863 2848 ciborum
2899 2805 2990 2847 me
3021 2795 3252 2866 captum
3308 2786 3607 2848 existimas
3640 2787 3666 2846 Υ

2023 2874 2194 2934 Certo
2226 2872 2401 2946 scias,
2437 2891 2531 2934 me
2563 2893 2679 2934 non
2731 2874 3175 2948 abstinentiam,
3229 2893 3349 2935 non
3401 2876 3664 2955 quamvis

2023 2960 2194 3022 aliam
2228 2960 2624 3023 austeritatem
2651 2962 3124 3024 formidaturum.
3159 2962 3275 3042 Ego
3301 2963 3458 3024 enim
3485 2964 3665 3026 multa

2023 3048 2574 3128 navigationeusus,
2603 3051 2919 3132 multisque
2947 3051 3290 3130 regionibus
3314 3052 3658 3132 peragratis,

294 3149 465 3198 κακῶν
497 3143 802 3220 ἐπειράθην.
841 3144 939 3201 Καὶ
996 3141 1205 3199 δύναται
1258 3145 1286 3198 6
1337 3142 1464 3205 Θεὸς
1510 3139 1593 3196 διὰ
1641 3145 1747 3195 τῶν
1779 3139 1938 3216 ἁγίων

2027 3140 2208 3199 multa
2239 3137 2389 3200 bona
2423 3145 2481 3199 et
2509 3138 2662 3199 mala
2693 3147 2970 3219 expertus
3000 3157 3155 3214 sum,
3190 3147 3248 3200 et
3279 3148 3472 3220 potest
3504 3143 3662 3203 Deus

297 3253 385 3287 σω
451 3232 634 3310 εὐχῶν
707 3231 1062 3306 ἐνδυναμῶσαί
1131 3253 1196 3308 με
1263 3238 1354 3287 τοῦ
1417 3232 1707 3296 ὑποστῆναι
1765 3227 1938 3305 ὥσπερ

2025 3243 2131 3305 per
2160 3233 2392 3286 sanctas
2449 3232 2580 3286 luas
2625 3210 2833 3306 preces
2882 3227 2960 3288 ita
3011 3245 3108 3288 me
3141 3210 3567 3303 'corroborare,
3601 3236 3666 3288 ut

298 3319 471 3375 btet-a1
527 3318 615 3374 διὰ
685 3321 782 3386 τὴν
831 3317 982 3384 δόξαν
1037 3330 1129 3378 τοῦ
1181 3320 1405 3396 κόσμου,
1466 3316 1582 3376 οὔτε
1639 3318 1725 3373 καὶ
1779 3326 1940 3374 ταῦτα

299 3407 376 3463 δια
403 3410 500 3475 τὴν
535 3408 698 3464 αὗτοῦ
743 3408 977 3486 ἀγάπην,
1032 3410 1122 3475 Μὴ
1170 3410 1257 3465 οὖν
1310 3408 1440 3465 ἄλλο
1487 3430 1536 3464 τι
1565 3405 1695 3464 ποτὲ
1734 3404 1938 3461 ὑπολά-

297 3493 392 3571 ϐῃς
425 3513 440 3526 ’
517 3499 548 3552 6
592 3498 694 3576 γὰρ
743 3499 872 3560 Θεὸς
915 3497 1046 3576 πρός
1098 3496 1157 3553 σέ
1202 3518 1268 3572 με
1310 3494 1638 3574 ἀπέστειλεν,
1689 3495 1774 3549 καὶ
1824 3492 1940 3548 ἀδύ-

299 3586 447 3640 νατόν
507 3585 620 3640 ἐστι
678 3586 1006 3665 χωρισθῆναί
1059 3607 1124 3660 με
1181 3585 1286 3642 ἀπὸ
1329 3592 1445 3645 σοῦ.
1498 3592 1671 3642 Ταῦτα
1716 3582 1940 3646 ἀκούσας

299 3673 326 3728 6
351 3673 520 3751 μέγας
571 3673 830 3751 ἐκύρωσεν
877 3676 949 3736 εἷς
998 3674 1152 3731 αὐτὸν
1200 3674 1436 3752 ἀγάπην,
1486 3673 1574 3728 καὶ
1619 3678 1709 3728 τοῦ
1756 3669 1944 3727 λοιποῦ

297 3759 454 3840 ἔσχεν
513 3763 673 3818 αὑτὸν
726 3765 801 3826 ὡς
858 3762 1061 3841 πατέρα
1100 3783 1113 3796 ·
1174 3763 1326 3825 αὐτὸς
1381 3760 1436 3817 δὲ
1495 3759 1652 3818 πάλιν
1697 3780 1938 3837 κατοχυ-

295 3850 466 3927 ,πύστις
525 3851 714 3909 ἑαυτὸν
763 3857 832 3928 τῆ
884 3853 1013 3930 πρὸς
1069 3853 1160 3908 τὸν
1210 3851 1353 3908 ὅσιον
1401 3850 1596 3929 πίστει,
1663 3849 1752 3904 καὶ
1798 3846 1942 3903 ἐλπί-

296 3961 386 4003 σας
415 3937 484 3995 δι’
517 3941 676 3996 αὖτοῦ
724 3954 915 4019 τυχεῖν
960 3945 1058 4006 τῆς
1107 3940 1337 4019 οὐρανῶν
1383 3936 1672 4016 βασιλείας,
1718 3935 1942 4013 ἦγάπη-

295 4049 382 4082 τεν
432 4028 593 4084 αὐτὸν
639 4031 714 4092 ὡς
766 4031 920 4086 αὐτὸν
961 4030 1054 4084 τὸν
1103 4029 1257 4089 Θεόν.
1307 4028 1438 4090 Τοὺς
1488 4023 1543 4082 δὲ
1592 4025 1804 4104 λόγους,
1853 4025 1940 4088 οὒς

295 4115 483 4182 ἤκουεν
553 4115 614 4172 ἐκ
683 4123 774 4173 τοῦ
843 4117 1104 4192 στόματος
1176 4116 1332 4174 αύτοῦ
1423 4117 1781 4177 νουθετοῦντος
1851 4111 1940 4192 ἀφ’

294 4206 506 4280 ἑαυτοῦ,
585 4206 622 4273 ἢ
691 4206 778 4262 καὶ
846 4206 1224 4286 έρμηνεύοντος
1297 4205 1389 4267 τὰς
1470 4203 1697 4282 Γραφὰς,
1773 4201 1939 4265 οὕτως

295 4292 612 4373 ἔητεὸέχετο,
670 4296 759 4350 καὶ
815 4291 1028 4362 ἡδύνετο
1077 4291 1160 4350 ἐπ’
1211 4293 1416 4366 αὐτοῖς,
1480 4293 1553 4355 ὡς
1610 4291 1662 4346 ὲν
1718 4288 1938 4346 διαθέσει

2022 3314 2174 3375 sicut
2203 3314 2304 3376 illa
2330 3312 2406 3375 ob
2440 3315 2645 3377 mundi
2675 3315 2948 3394 gloriam,
2997 3315 3078 3377 ita
3107 3315 3230 3377 haec
3262 3315 3556 3395 perferam
3585 3315 3661 3377 ob

2022 3403 2131 3466 Dei
2161 3421 2446 3464 amorem.
2497 3401 2657 3464 Niliil
2709 3423 2852 3484 ergo
2900 3403 3058 3465 aliud
3106 3403 3318 3483 cogita,
3375 3422 3469 3466 me
3500 3404 3661 3466 enim

2023 3493 2182 3554 Deus
2210 3491 2283 3554 ad
2316 3499 2372 3552 te
2404 3491 2586 3573 misit,
2619 3501 2676 3554 et
2702 3493 2833 3554 ﬁeri
2863 3511 2979 3554 non
3021 3499 3230 3574 potest,
3263 3504 3332 3555 ut
3355 3511 3391 3554 a
3420 3501 3477 3554 te
3501 3511 3664 3574 sepa-

2023 3597 2145 3642 rer.
2177 3578 2312 3640 Haec
2364 3598 2610 3658 magnus
2659 3583 2830 3642 Pater
2875 3599 3008 3642 cum
3053 3579 3338 3658 audisset,
3385 3598 3664 3660 germana

2026 3686 2161 3729 eum
2195 3667 2481 3729 charitate
2513 3668 2820 3748 amplexus
2879 3677 2968 3730 est
3019 3677 3078 3730 et
3133 3668 3416 3749 deinceps
3462 3669 3666 3732 habuit

2024 3757 2154 3817 loco
2186 3755 2408 3835 patris:
2448 3763 2508 3817 et
2535 3756 2663 3836 ipse
2690 3755 2950 3819 vicissim
2980 3755 3389 3818 communiens
3418 3775 3482 3818 se
3511 3776 3660 3819 con-

2025 3852 2194 3925 cepta
2223 3843 2283 3904 in
2315 3843 2550 3905 Patrem
2583 3845 2822 3920 ﬁducia,
2880 3863 3269 3925 speransque,
3303 3862 3366 3906 se
3397 3863 3502 3924 per
3528 3864 3663 3908 eum

2026 3931 2281 3995 caelestis
2311 3935 2478 4012 regni
2509 3943 2846 4014 compotem
2879 3935 3029 4008 fore,
3083 3931 3303 3994 amavit
3332 3949 3466 3994 eum
3497 3935 3666 4014 quasi

2021 4021 2216 4102 ipsum
2255 4019 2459 4082 Deum.
2501 4020 2691 4084 Verba
2723 4039 2923 4103 porro,
2974 4039 3105 4102 qua;
3155 4020 3437 4082 audiebat
3465 4039 3533 4084 ex
3564 4041 3667 4085 ore

2023 4111 2174 4189 ejus,
2235 4108 2358 4170 sive
2417 4127 2557 4172 suas
2609 4108 2709 4171 ille
2761 4109 3162 4171 institutiones
3210 4109 3491 4190 traderet,
3543 4110 3667 4174 sive

2023 4198 2359 4277 Scripturas
2392 4199 2761 4280 explanaret,
2801 4200 2883 4260 ita
2911 4197 3276 4279 suscipiebat
3304 4206 3361 4260 et
3379 4199 3666 4279 jucunda-

2021 4285 2192 4348 batur
2217 4286 2278 4347 in
2303 4286 2444 4363 illis,
2466 4288 2796 4350 utsentiret
2816 4288 3090 4348 aﬂ‘ectum
3115 4286 3393 4350 dicentis:
3421 4313 3448 4344 κ
3477 4287 3665 4361 Quam

293 4385 528 4456 γίνεσθαι
587 4390 681 4438 τοῦ
736 4382 973 4446 εἰπόντος
1007 4401 1021 4414 ⁸
1079 4373 1170 4444 Ὠς
1212 4379 1408 4458 γλυκέα
1452 4387 1529 4454 τῷ
1574 4378 1792 4458 λόρυγγί
1840 4401 1938 4454 μου

2022 4373 2222 4436 dulcia
2247 4375 2512 4438 faucibus
2560 4377 2708 4439 meis
2760 4376 2997 4457 eloquia
3051 4384 3171 4452 tua,
3224 4395 3402 4458 super
3433 4379 3548 4440 mel
3576 4380 3667 4440 ori

384 4468 548 4547 λόγιά
581 4492 671 4526 σου
705 4469 718 4528 ί
773 4472 900 4549 ὑπὲρ
959 4469 1078 4545 μέλι
1136 4447 1480 4544 τῷ’στόματί
1503 4447 1654 4543 μου..
1712 4447 1804 4522 Ᾱίὸ
1841 4447 1938 4523 ⁷καὶ

2026 4482 2159 4526 meo
2176 4463 2257 4527 26.
2281 4489 2306 4520 κ
2332 4463 2560 4526 Idcirco
2576 4484 2847 4546 asperam
2874 4447 3039 4527 illam
3058 4447 3234 4546 supra
3257 4447 3491 4528 modum
3525 4487 3666 4548 per-

292 4557 518 4636 ὒπέιρερε
601 4559 699 4625 τὴν
756 4557 951 4638 ἄφατον
1020 4557 1243 4624 ἄσκησιν
1313 4556 1537 4629 ἐκείνην,
1599 4554 1938 4632 μεταϐληθεὶς

2023 4551 2250 4614 ferebat
2276 4554 2411 4616 vitae
2440 4554 2756 4631 rationem,
2793 4562 3048 4616 mutatus
3079 4561 3324 4633 repente
3355 4572 3424 4615 ex
3454 4574 3664 4618 assue-

292 4645 480 4724 ἆθιγὲον
539 4647 648 4702 ἀπὸ
698 4652 794 4713 τῆς
852 4645 948 4713 ἔξω
1004 4647 1274 4713 συνηθείας
1331 4643 1412 4709 εἷς’
1458 4645 1651 4710 ταύτην
1688 4660 1702 4674 ⁶
1758 4646 1828 4708 εἷς
1876 4645 1938 4710 ἣν

2024 4639 2234 4702 tudine
2254 4641 2580 4704 domestica
2601 4643 2662 4703 in
2687 4643 2859 4714 hanc,
2879 4661 3053 4723 quam
3079 4642 3307 4723 experti
3328 4644 3667 4724 complures

292 4732 482 4789 πολλοὶ
557 4731 934 4809 δοκιμάσαντες
999 4733 1227 4791 είσελθεν
1297 4735 1384 4790 καὶ
1438 4737 1779 4813 καρτερῆσαι,
1840 4754 1938 4788 τα-

2024 4745 2156 4790 cum
2189 4727 2384 4789 animo
2418 4729 2780 4810 persistendi
2808 4730 2871 4791 in
2903 4730 3226 4811 proposito,
3280 4729 3394 4792 cito
3442 4733 3670 4796 resilie-

338 4820 362 4852 λ
478 4821 493 4840 ν
666 4819 689 4838 ἢ
950 4824 964 4842 ς
1000 4822 1013 4842 9
1079 4818 1122 4840 ’Ν

292 4824 848 4902 χαυςᾼαπεπήοησαν,
881 4844 968 4878 και
992 4839 1310 4900 απεορασαν.

2024 4823 2164 4879 runt
2192 4824 2248 4878 et
2277 4816 2658 4897 aufugerunt.

377 4899 481 4971 λε’,
559 4910 632 4966 T6
702 4907 756 4964 δὲ
811 4899 1133 4985 θαυμαστὸν,
1189 4907 1270 4964 ὅτι
1328 4905 1593 4983 μηδέποτε
1655 4909 1938 5006 γράμματα

2225 4904 2295 4965 Et
2317 4907 2472 5006 quod
2499 4907 2714 5006 mirum
2743 4913 2889 5006 erat,
2924 4925 3058 4968 cum
3080 4923 3381 5006 nunquam
3413 4907 3664 5006 didicis-

299 5000 482 5068 μαθὼν
540 4996 709 5062 οὕτως
762 4997 958 5074 ἔψαλλε
1009 5000 1107 5064 τὴν
1163 4995 1420 5074 ὑμνῳδίαν
1476 4994 1528 5054 ἕν
1583 5018 1641 5053 τε
1697 4991 1938 5072 ψαλμοῖς

2022 5001 2113 5056 set
2143 4991 2390 5072 litteras,
2444 4993 2524 5057 ita
2567 4995 2858 5076 psallebat
2905 5002 2964 5057 et
3013 4994 3288 5057 cantabat
3318 4996 3581 5076 psalmos
3612 5006 3671 5061 et

373 5183 441 5238 κ
461 5183 621 5250 Psal.
651 5201 850 5267 CXVIII,
889 5185 1023 5253 103.

1687 5315 1931 5382 Joannis
1961 5317 2084 5383 Clei
2110 5325 2288 5386 notae.

377 5426 501 5510 (30)
533 5427 851 5492 Castellum
885 5429 1169 5489 hactenus
1216 5443 1321 5507 pro
1367 5423 1610 5486 nomine
1638 5425 1941 5510 communi
2022 5426 2348 5510 derivatum
2406 5438 2518 5510 est,
2587 5447 2723 5510 cum
2795 5426 3027 5508 reliqua
3087 5427 3473 5510 monasteria,
3510 5427 3670 5495 sole-

301 5503 1037 5589 habui'etinabservatum
1087 5503 1410 5589 propterea
1457 5503 1795 5589 praeterivi;
1844 5506 1942 5568 hic
2023 5507 2282 5589 rentuab
2341 5507 2589 5589 urbibus
2635 5503 3294 5589 sejuncta_esse,__nisi
3353 5507 3550 5589 potius
3598 5510 3673 5574 de

302 5589 602 5669 proprium
673 5599 788 5655 est.
868 5588 1011 5669 Erat
1077 5584 1248 5669 forte
1293 5584 1471 5648 situm
1526 5585 1684 5669 intra
1739 5604 1944 5648 muros
2022 5585 2351 5651 Basilicatae
2400 5584 2713 5649 ulterioris
2751 5587 2899 5649 urbe
2946 5584 3445 5651 Castellanetehsi
3475 5601 3672 5650 sermo

303 5663 541 5734 civitatis
616 5673 711 5738 vel
789 5667 975 5734 castri
1040 5664 1374 5747 cujusdam,
1462 5663 1623 5729 unde
1703 5683 1942 5728 nomem
2026 5673 2141 5729 est.
