3966 6148
318 203 387 265 71
1795 199 1805 247 ἵ
1822 194 2176 268 ΑΝΟΝΥΜΙ

317 321 589 402 hymnos,
620 325 684 380 ut
710 317 1072 379 mirarentur
1101 322 1157 376 et
1186 315 1678 402 obstupescerent
1707 330 1936 388 omnes,

2033 317 2111 371 καὶ
2200 338 2434 390 κανοσιν,

3616 189 3695 254 72

2529 316 2664 373 ὥστε
2750 317 3028 393 θαυμάζειν
3115 318 3203 373 καὶ
3290 314 3675 386 ἐκκλήττεσθαι

319 401 418 490 qui
448 405 787 480 audiebant,
839 413 897 465 et
931 403 1064 485 ipse
1093 410 1332 465 sanctus
1364 405 1538 465 Pater
1564 401 1948 463 obiectaretur

2039 406 2235 468 πάντας
2287 407 2408 470 τοὺς
2465 406 2749 471 ἀκούοντας
2807 405 2984 480 αὐτοῦ,
3042 407 3128 462 καὶ
3176 406 3330 463 αὒτὸν
3384 407 3472 462 τὸν
3525 404 3669 462 ὅσιον

318 497 480 560 suavi
511 496 639 575 ejus
669 493 947 567 melodia,
980 492 1222 572 spiritus
1251 491 1764 571 compunctionem
1783 490 1955 569 inge-

317 594 585 647 nerante.
616 581 686 643 Et
716 581 905 662 primo
949 580 1189 661 quidem
1215 586 1487 659 tempore
1519 580 1568 638 si
1599 578 1836 658 quando
1867 577 1955 639 illi

319 689 524 756 parum
580 677 862 749 vacasset,
925 668 1201 730 narrabat
1247 675 1310 728 ut
1355 667 1450 756 sui
1493 667 1676 756 moris
1726 667 1950 748 antiqui

319 755 465 834 erat,
495 760 707 833 cuivis,
737 776 868 839 qua
919 757 1163 819 vidisset
1206 764 1264 816 et
1319 755 1579 817 audisset
1625 755 1687 816 in
1737 756 1950 816 saeculo

318 849 796 927 Iute-rrumpeute
859 853 1055 906 autem
1105 843 1274 904 Patre
1323 859 1692 916 sermonem,
1735 860 1807 904 ac
1854 841 1952 903 di-

318 946 510 1011 cente,
543 934 671 998 Vah
705 936 718 994 !
753 932 941 1014 qualis
964 942 1044 1006 tu,
1070 932 1314 1008 domne,
1339 931 1613 1012 scriptor,
1640 935 1851 1006 Lucas,
1878 949 1951 992 an

317 1026 624 1090 Mattbzeus
641 1022 872 1084 evasisti
895 1027 921 1080 ?
963 1019 1153 1082 statim
1179 1020 1278 1082 ille
1317 1039 1381 1081 os
1411 1038 1581 1081 suum
1616 1019 1955 1100 percutiens

319 1115 614 1196 surgebat,
645 1112 1056 1192 secedensque
1097 1119 1214 1172 tam
1265 1111 1366 1172 diu
1417 1110 1530 1172 sibi
1560 1129 1741 1188 genas
1768 1110 1956 1172 caede-

317 1205 437 1281 bat,
481 1222 616 1266 sese
665 1202 983 1283 obiurgans
1029 1199 1377 1280 probrisque
1421 1216 1698 1269 onerans.
1761 1198 1955 1280 quoad

319 1293 461 1356 satis
516 1293 905 1372 lacrymarum
953 1296 1244 1351 exuteret.
1294 1287 1552 1365 Conligit
1606 1293 1780 1348 etiam
1838 1288 1955 1350 tale

316 1381 619 1463 quidpiam
651 1380 712 1440 in
743 1377 984 1458 oppido,
1019 1377 1174 1458 quod
1207 1376 1588 1438 Basinianum
1612 1376 1955 1457 (3l)appel-

317 1471 488 1532 latur.
525 1467 764 1531 .l-uvenis
791 1464 1030 1546 quidam
1061 1464 1229 1527 valde
1275 1483 1488 1544 procax
1538 1463 1771 1525 obvium
1806 1465 1955 1526 forte

317 1555 881 1620 babuitHebmuma
897 1553 1293 1631 negotiatione
1312 1553 1683 1626 redeuntem,
1721 1560 1780 1614 et
1807 1571 1952 1631 cap-

317 1657 410 1708 tus
439 1645 715 1705 aviditate
747 1643 1058 1716 mercium,
1090 1640 1281 1719 gladio
1313 1640 1613 1702 concisum
1639 1640 1948 1720 jugulavit,

2039 493 2243 572 Πατέρα
2311 495 2660 552 ἀναπαύεσθαι
2729 495 2814 552 ἐπὶ
2882 501 2949 571 τῇ
3021 494 3257 574 εὒρύθμῳ
3311 495 3398 550 καὶ
3453 493 3676 549 εὒκατα-

2036 583 2206 656 νύκτῳ
2235 581 2514 659 ψαλμῳδίᾳ
2543 583 2719 646 αὐτοῦ.
2752 585 2900 664 Παρὰ
2951 586 3044 647 τὰς
3092 585 3264 663 ἀρχὰς
3315 583 3408 658 μὲν
3461 581 3550 638 οὗν
3598 585 3676 646 ὡς

2036 671 2140 726 ἀπὸ
2169 672 2462 746 συνηθείας,
2499 673 2666 748 ἡμίκα
2715 675 2898 751 μικρὸν
2945 673 3207 751 ηὐκαίρει,
3257 670 3500 749 ἐξηγεῖτο
3542 672 3675 749 πρὸς

2035 761 2124 816 τὸν
2155 761 2406 839 τυχόντα,
2440 762 2473 816 ἃ
2520 760 2632 817 εἶδε
2678 761 2766 816 καὶ
2816 759 3036 826 ἤκουσεν
3075 760 3128 816 ἐν
3171 766 3247 834 τῷ
3292 759 3500 834 κόσμῳ.
3535 759 3676 815 Εἶτα

2036 850 2109 912 ὡς
2176 849 2317 926 παρὰ
2382 856 2474 905 τοῦ
2544 850 2746 928 Πατρὸς
2808 848 3138 928 ἐνεκόπτετο,
3223 846 3471 925 λέγοντος
3540 847 3676 926 πρὸς

2037 937 2190 993 αὒτόν
2225 952 2238 965 '
2273 938 2379 994 Οὒὰ
2422 945 2558 1015 κῦρι,
2608 951 2767 1002 ποῖος
2817 938 3164 1017 συγγραφεὺς,
3218 939 3246 992 6
3295 941 3494 998 Λουκᾶς
3547 933 3674 1012 ἐγέ-

2037 1046 2146 1104 νου,
2206 1024 2240 1092 ἢ
2297 1027 2325 1080 6
2379 1029 2685 1106 Ματθαῖες;
2745 1026 2932 1089 εὒθέως
2990 1026 3188 1104 κρούων
3251 1022 3320 1089 εἶξ
3389 1026 3450 1079 τὸ
3499 1024 3674 1098 στόμα

2036 1115 2192 1169 αὐτοῦ
2271 1114 2533 1186 ἀνίστατο,
2627 1117 2715 1171 καὶ
2797 1115 3165 1194 ἀπερχόμενος
3254 1113 3388 1170 κατὰ
3480 1111 3670 1186 μόνας,

2035 1207 2278 1256 τοσοῦτον
2368 1202 2548 1259 έουτοῦ
2635 1205 2727 1267 τὰς
2798 1204 3017 1281 παρειὰς
3089 1203 3384 1278 ἐμάστιζεν,
3456 1197 3675 1278 ὑϐρίζων

2033 1291 2122 1344 καὶ
2177 1289 2434 1365 ἐπιτιμῶν
2508 1291 2718 1371 ἑαυτὸν,
2788 1289 2888 1354 ἕως
2946 1293 3004 1346 οὗ
3071 1291 3368 1370 ἀρκούντως
3434 1285 3672 1365 ἐδάκρυε.

2035 1382 2225 1462 Γέγονε
2275 1381 2329 1438 δὲ
2385 1385 2472 1439 καὶ
2521 1385 2756 1444 τοιοῦτόν
2802 1405 2853 1440 τι
2901 1384 2956 1439 ἐν
3001 1390 3079 1458 τῷ
3127 1384 3336 1461 κάστρῳ
3361 1388 3438 1455 τῷ
3484 1377 3676 1435 καλου-

2036 1471 2178 1546 μένῳ
2235 1472 2539 1547 Βυσινιάνῳ.
2601 1473 2867 1552 Νεώτερός
2919 1495 2998 1535 τις
3047 1478 3150 1528 τῶν
3203 1468 3398 1551 σφόδρα
3461 1468 3670 1524 ἀκατα-

2033 1560 2237 1620 στάτων
2291 1561 2592 1630 ὑπήντησεν
2646 1553 2870 1641 Ἑϐραίῳ
2925 1559 3298 1640 ὁποστρέφοντι
3347 1559 3451 1614 ἀπὸ
3495 1578 3672 1635 πραγ-

2036 1648 2274 1722 ματείας,
2330 1650 2417 1704 καὶ
2471 1647 2758 1713 δελεασθεὶς
2818 1649 2902 1705 ἐπὶ
2956 1661 3073 1712 τοῖς
3131 1645 3218 1704 ὑπ’
3263 1649 3416 1703 αὐτοῦ
3464 1645 3672 1720 ἀποφε-

317 1735 648 1813 tollensque
662 1731 885 1792 asinam
906 1748 1041 1792 cum
1061 1729 1492 1805 sarcina-fugam
1512 1727 1784 1809 arripuit.
1805 1726 1922 1808 Cap
1940 1767 1946 1771 -

2033 1736 2290 1816 ρομένοις,
2365 1738 2603 1818 μαχαίρᾳ
2668 1748 2850 1796 τοῦτον
2908 1740 3316 1814 συγκατακόψας
3373 1732 3671 1810 ἀπέκτεινε,

321 1831 675 1902 tusergoet
707 1837 880 1881 socer
895 1819 1026 1899 ejus
1047 1837 1080 1879 a
1111 1819 1222 1880 loci
1259 1817 1730 1879 moderatoribus
1763 1825 1822 1879 et
1850 1819 1949 1877 Ju-

317 1911 460 1972 daeis
479 1909 728 1971 traditus
758 1907 827 1968 ad
862 1905 1323 1983 cruci-ﬁgendum
1357 1905 1432 1966 ob
1460 1905 1792 1985 jugulatum
1824 1904 1948 1966 He-

316 1998 562 2060 braeum.
582 1996 693 2060 Ubi
711 1997 766 2057 id
800 1996 1033 2058 resciVit
1060 1994 1528 2075 sapientissimus
1559 1992 1726 2054 Nilus
1747 2012 1781 2054 a
1806 2011 1949 2073 pro-

315 2088 553 2169 pinquis
582 2085 1172 2160 damnati,scribitad
1205 2082 1682 2164 iniquosjudices
1702 2082 1762 2143 in
1793 2083 1950 2144 hunc

321 2178 561 2239 modum
586 2194 600 2238 :
627 2175 948 2256 Oportebat
960 2173 1196 2254 quidem
1212 2190 1312 2232 vos
1326 2171 1474 2248 legis
1488 2170 1763 2232 conscios
1785 2171 1953 2250 juxta

316 2269 503 2343 legem
546 2281 780 2344 quoque
811 2263 966 2323 ferre
997 2259 1350 2340 sententias,
1399 2278 1529 2340 quae
1574 2260 1948 2338 plectendum

308 2353 477 2432 jubet
507 2351 901 2415 Christianum
933 2367 1114 2410 unum
1147 2366 1251 2428 pro
1282 2357 1508 2428 septem
1559 2347 1798 2410 Judaais.
1834 2349 1951 2409 Aut

315 2459 454 2520 ergo
486 2459 584 2502 sex
617 2439 761 2498 alios
795 2437 1026 2498 tradant
1067 2434 1303 2497 Hebraei
1333 2437 1407 2497 de
1436 2437 1558 2497 suis
1590 2437 1949 2500 occidendos

315 2547 422 2609 pro
451 2547 547 2608 eo,
585 2526 686 2607 qui
729 2525 1169 2604 cruciﬁ‘gendus
1221 2533 1332 2597 est,
1389 2533 1489 2585 aut
1537 2524 1586 2585 si
1616 2525 1783 2587 vobis
1810 2545 1944 2586 om-

315 2616 456 2678 nino
508 2613 885 2677 constitutum
942 2621 1032 2675 est
1079 2622 1416 2694 pervertere
1463 2612 1714 2692 opt-imas
1761 2614 1945 2694 leges,

311 2705 486 2770 detur
513 2703 731 2766 Iudaeis
758 2702 830 2763 ad
859 2703 1321 2781 crucifigendum
1380 2701 1503 2781 ille,
1528 2719 1711 2780 quem
1743 2703 1813 2762 ad
1847 2720 1948 2764 vos

313 2792 478 2854 mitto
500 2809 632 2852 cum
658 2789 893 2870 litteris,
919 2793 1007 2850 vir
1025 2789 1240 2851 nobilis
1261 2807 1329 2850 ex
1351 2789 1556 2868 prima:
1577 2789 1650 2850 iis
1676 2788 1942 2863 Rassani,

313 2889 371 2942 et
400 2880 687 2942 liberetur
715 2878 903 2940 miser
929 2877 1055 2954 ille,
1087 2886 1148 2940 ut
1179 2877 1357 2938 simul
1407 2876 1519 2957 ipsi
1582 2886 1640 2938 et
1689 2879 1855 2939 uxori
1887 2889 1946 2940 et

2029 1825 2117 1880 καὶ
2148 1821 2274 1902 ἄρας
2319 1826 2415 1891 τὴν
2465 1826 2580 1882 ὄνον
2631 1830 2791 1884 αὐτοῦ
2838 1825 2928 1880 σὺν
2968 1831 3044 1899 τῷ
3091 1823 3264 1902 γόμῳ,
3317 1827 3456 1903 φυχῇ
3506 1821 3673 1900 ἐχρή-

2032 1933 2182 1970 σατο.
2219 1914 2501 1990 Κρατηθεὶς
2535 1913 2621 1970 οὗν
2652 1916 2680 1969 6
2709 1915 2892 1970 τούτου
2940 1911 3222 1986 κηδεστὴς,
3273 1912 3372 1966 ὑπὸ
3415 1915 3520 1964 τῶν
3550 1908 3672 1964 τότε

2031 2000 2364 2078 πραττόντων
2422 1999 2756 2080 παραδίδοται
2825 2015 2942 2065 τοῖς
3015 1999 3278 2062 Ἰουδαίοις
3342 2005 3434 2054 τοῦ
3503 2018 3672 2055 σταυ-

2032 2091 2261 2165 ρωθῆναι
2330 2089 2442 2146 ἀντὶ
2510 2100 2602 2148 τοῦ
2667 2090 2956 2169 σφαγέντος
3032 2080 3291 2168 Ἑϐραίου.
3365 2087 3463 2143 Καὶ
3519 2091 3675 2140 τοῦτο

2034 2177 2212 2251 μαθὼν
2282 2178 2310 2232 6
2377 2178 2684 2257 σοφώτατος
2755 2177 2946 2242 Νεῖλος
3019 2179 3160 2256 παρὰ
3227 2181 3330 2231 τῶν
3383 2171 3522 2230 ἰδίων
3579 2179 3674 2247 τοῦ

2029 2265 2498 2342 κατακεκριμένου,
2569 2267 2755 2346 γράφει
2825 2268 2957 2345 πρὸς
3029 2267 3147 2328 τοὺς
3218 2261 3422 2326 ἀδίκους
3491 2262 3673 2340 κριτὰς

2029 2360 2215 2415 ταῦτα,
2301 2351 2414 2408 Εδει
2449 2353 2542 2428 μὲν
2594 2356 2730 2430 ὑμᾶς
2775 2355 2864 2409 τὸν
2912 2353 3071 2430 νόμον
3113 2351 3490 2426 ἐπισταμένως
3536 2349 3673 2405 κατὰ

2029 2443 2091 2496 τὸ
2115 2442 2276 2516 νόμον
2305 2441 2678 2522 ἀποφαίνεσθαι
2727 2444 2814 2497 καὶ
2862 2444 2955 2506 τὰς
3012 2442 3203 2521 κρίσεις
3249 2443 3340 2496 τὸν
3388 2437 3672 2529 κελεύοντα

2031 2528 2351 2586 ἀπόλλυσθαι
2399 2520 2490 2586 ἕνα
2546 2532 2874 2611 Χριστιανὸν
2912 2520 3055 2610 ὑπὲρ
3094 2531 3227 2586 ἑπτὰ
3278 2520 3550 2607 Ἐϐραίων.
3611 2520 3672 2582 “ﬂ

2028 2617 2196 2676 τοίνυν
2225 2615 2458 2674 δότωσαν
2495 2617 2545 2684 ἓξ
2574 2610 2745 2675 αὐτῶν
2789 2623 2835 2674 οἱ
2865 2610 3102 2698 ιΕϐροιϊοι
3151 2618 3357 2697 ἑτέρους
3386 2622 3479 2672 τοῦ
3502 2616 3674 2672 ἀποκ-

2028 2708 2275 2772 τανθῆναι
2304 2707 2433 2785 ὑπὲρ
2463 2713 2550 2763 νοῦ
2599 2705 2882 2782 μέλλοντος
2926 2710 3284 2786 σταυρωθῆναι
3332 2704 3368 2772 ἢ
3411 2702 3670 2780 εἷγεὸλως

2029 2790 2195 2858 ἔδοξεν
2252 2795 2387 2869 ἡμῖν
2446 2798 2778 2876 παρακρίνειν
2834 2797 2900 2850 τὰ
2955 2795 3130 2859 καλῶς
3187 2791 3666 2870 νενομοθετημένα,

2028 2880 2185 2960 ὅνπερ
2271 2883 2445 2938 αὒτόθι
2540 2885 2674 2959 μετὰ.
2763 2891 2868 2942 τῶν
2938 2884 3262 2963 γραμμάτων
3332 2879 3667 2953 ἀποστέλλω,

311 2968 516 3030 liberis
538 2965 944 3028 misericordia
967 2965 1366 3044 impendatur.
1388 2964 1784 3053 Vocavitergo
1812 2967 1946 3028 bea-

2033 2970 2248 3048 εὒγενὴς
2295 2969 2349 3027 δέ
2401 2971 2508 3028 ἐστι
2560 2979 2665 3031 τῶν
2713 2975 2936 3053 πρώτων
2981 2983 3074 3032 τοῦ
3123 2965 3409 3044 (Ρυσίάνου,
3465 2967 3670 3038 δοθήτω

312 3065 404 3118 tus
433 3055 606 3118 Pater
637 3053 911 3116 aliliatam
943 3053 1262 3132 Georgium
1295 3062 1352 3115 et
1381 3052 1530 3114 nihil
1555 3054 1830 3133 aperiens
1850 3074 1948 3117 eo-

306 3163 462 3217 rum,
490 3162 621 3226 quae
648 3142 994 3224 scripserat,
1024 3141 1336 3224 epistolam
1363 3142 1464 3204 dat
1488 3151 1546 3203 et
1575 3141 1946 3206 Bisinianum

309 3233 508 3297 mittit.

2027 3071 2146 3122 τοῖς
2217 3057 2481 3124 Ἰουδαίοις
2547 3068 2640 3117 τοῦ
2709 3065 3094 3142 σταυρωθῆναι,
3165 3063 3252 3116 καὶ
3337 3063 3366 3115 6
3444 3059 3669 3136 πτωχὸς

2028 3146 2444 3227 ἐλευθερωθήτω,
2515 3149 2608 3206 ’ίνα
2679 3152 2768 3208 σὺν
2849 3150 2989 3225 αὐτῷ
3043 3151 3130 3205 καὶ
3185 3148 3316 3228 γυνὴ
3371 3148 3458 3202 καὶ
3513 3145 3673 3202 τέκνα

2028 3234 2336 3303 ἐλεηθῶσιν.
2434 3236 2672 3302 Καλέσας
2776 3238 2864 3296 οὖν
2960 3239 3049 3295 τὸν
3149 3234 3312 3293 ἀϐϐἇν
3411 3235 3671 3312 Γεώργιον

306 3323 471 3402 ὅσιος,
525 3323 612 3379 καὶ
681 3319 844 3399 μηδὲν
912 3324 1054 3397 αὖτῷ
1120 3321 1342 3400 εἰρηκὼς
1405 3323 1584 3401 ὦνπερ
1636 3321 1854 3402 ἔγραψε,
1913 3323 2117 3381 δίδωσιν
2172 3324 2313 3401 αὖτῷ
2380 3325 2478 3393 τὴν
2544 3325 2851 3408 ἐπιστολὴν,
2928 3329 3015 3384 καὶ
3086 3323 3396 3382 ἀποστέλλει
3468 3325 3538 3386 εἷς
3606 3323 3670 3377 τὸ

306 3412 628 3468 Βυσινιάνον.

389 3515 486 3579 36.
507 3514 1079 3597 Acceptislectisque
1100 3515 1334 3592 litteris,
1353 3515 1424 3578 ad
1444 3533 1649 3578 senem
1663 3515 1900 3596 judices
1923 3536 1940 3582 ε

311 3603 358 3667 Ο
389 3606 702 3678 monacho,
736 3603 1036 3685 inquiunt,
1069 3603 1307 3684 scripsit
1330 3608 1523 3670 Pater.
1557 3604 1858 3667 utJudaeis
1888 3613 1945 3667 to

307 3691 685 3754 tradamusad
706 3692 1199 3773 cruciﬁgendum.
1228 3691 1518 3755 Placetne
1544 3693 1650 3754 tibi
1676 3692 1700 3756 ?
1720 3693 1792 3754 Et
1808 3693 1938 3756 ille:

305 3783 553 3845 Paratus
585 3799 715 3843 sum
743 3780 814 3841 ad
838 3780 1228 3860 implendum,
1257 3781 1540 3862 quidquid
1568 3779 1804 3861 scripsit
1832 3781 1944 3844 d0-

307 3870 509 3932 minus
532 3887 720 3944 meus,
748 3868 876 3932 et-si
905 3870 1060 3933 forte
1092 3888 1212 3932 non
1243 3877 1356 3946 est,
1391 3869 1492 3950 qui
1523 3888 1762 3935 crucem
1794 3889 1944 3932 con-

305 3958 485 4035 ﬁciat,
518 3977 655 4038 ergo
687 3958 829 4021 satis
859 3959 1082 4040 peritus
1111 3978 1240 4020 sum
1275 3960 1406 4040 ejus
1448 3958 1822 4021 fabricandae.
1855 3957 1947 4020 Illi

305 4056 644 4128 promptum
676 4046 838 4110 senis
868 4047 1129 4110 animum
1157 4048 1395 4110 reveriti
1416 4065 1484 4110 ac
1522 4047 1809 4109 mittentis
1838 4065 1945 4126 ge-

2103 3509 2206 3583 λς’,
2273 3520 2552 3598 Δεξάμενοι
2626 3521 2679 3579 δὲ
2749 3526 2796 3579 οἱ
2846 3523 3039 3603 κριταὶ,
3098 3523 3185 3577 καὶ
3242 3519 3552 3598 ἀναγνόντες
3605 3517 3672 3574 τὰ

2025 3596 2641 3690 γεγραμμένῃ-λέγουσι
2669 3614 2799 3691 πρὸς
2856 3596 2945 3669 τὸν
2996 3596 3214 3690 γέροντα
3247 3627 3262 3641 ⁶
3317 3596 3436 3663 τΩδε
3509 3604 3670 3662 καλό-

2024 3720 2179 3779 γηρε,
2209 3701 2236 3755 6
2267 3700 2445 3767 [ἰατὴν
2495 3699 2734 3780 ἔθραψεν,
2785 3699 2876 3757 ’ίνα
2927 3701 2984 3757 σὲ
3035 3698 3207 3776 δῶμεν
3256 3711 3375 3761 τοῖς
3404 3693 3671 3758 Ἰουδαίοις

2025 3796 2118 3846 τοῦ
2172 3791 2530 3870 σταυρωθῆναι
2565 3807 2578 3820 ⁸
2643 3790 2849 3870 ἀρέσκει
2905 3808 3040 3870 σοι;
3090 3788 3244 3867 Λέγει
3289 3787 3468 3850 αὐτοῖς
3521 3784 3670 3839 ἐκεῖ-

2026 3899 2112 3941 νος
2148 3895 2163 3910 ⁸
2204 3859 2441 3953 σΕτοιμός
2473 3879 2579 3954 εἶμι
2636 3859 2707 3942 εἷς
2759 3886 2862 3935 πᾶν
2907 3880 2934 3934 ὃ
2982 3859 3210 3956 ἔγραψεν
3256 3879 3284 3932 ὁ
3334 3875 3508 3954 κύριός
3567 3894 3669 3947 μου

2025 3963 2326 4044 πληρῶσαι,
2403 3968 2459 4023 Εἰ
2531 3966 2586 4023 δὲ
2641 3968 2727 4024 καὶ
2773 3969 2862 4025 τὸν
2919 3968 3136 4045 σταυρὸν
3195 3967 3287 4021 οὐκ
3343 3962 3452 4019 ἔστι
3505 3982 3585 4024 τις
3642 3964 3671 4018 ὁ

2026 4053 2450 4135 κατασκεόαζων,
2523 4055 2630 4135 ἐγὼ
2697 4053 2821 4116 οῖδα
2875 4054 3050 4118 καλῶς
3123 4055 3276 4111 αὐτὸν
3347 4051 3475 4108 πελε
3511 4055 3664 4117 ἧσαι,

304 4137 713 4217 nerositatem,
775 4143 832 4198 et
876 4136 1160 4199 miserum
1221 4136 1389 4198 illum
1439 4135 1837 4213 absolverunt,
1891 4142 1948 4197 et

2033 4143 2090 4198 Οἱ
2136 4139 2190 4196 δὲ
2235 4139 2551 4208 αἰδεσθέντες
2606 4143 2706 4211 τὴν
2762 4153 2855 4202 τοῦ
2911 4142 3154 4222 γέροντος
3210 4141 3518 4220 προθυμίαν,
3579 4139 3670 4193 καὶ

305 4241 508 4286 senem
524 4242 754 4286 summo
773 4243 903 4286 cum
920 4226 1144 4286 honore
1161 4225 1534 4288 dimiserunt.
1555 4223 1761 4306 Impiis
1774 4242 1948 4304 porro

2033 4235 2121 4284 τοῦ
2150 4227 2558 4297 ἀποστείλαντος
2605 4231 2702 4298 τὴν
2751 4229 3136 4310 μεγαλοφυίαν,
3181 4230 3267 4284 καὶ
3313 4230 3402 4284 τὸν
3446 4226 3669 4304 πτωχὸν

304 4312 650 4374 Sarraceuis
682 4314 809 4374 loca
864 4312 964 4372 illa
1013 4313 1424 4375 invadentibus
1475 4312 1642 4376 statis
1690 4312 1940 4388 vicibus,

2033 4315 2409 4399 ἠλευθέρωσαν,
2469 4323 2555 4376 καὶ
2611 4323 2698 4376 τὸν
2751 4319 2971 4398 γέροντα
3021 4319 3154 4394 μετὰ
3196 4321 3356 4392 τιμῆς
3412 4315 3666 4394 μεγίστης

304 4399 491 4460 sancti
517 4399 720 4460 Patres
748 4399 808 4461 in
841 4403 1123 4480 spelunca
1154 4403 1465 4464 considere
1497 4419 1614 4464 non
1650 4385 1942 4482 poterant,

2033 4403 2313 4464 ἀπέλυσαν.
2361 4385 2478 4463 Ἔτι
2523 4407 2576 4464 δὲ
2623 4410 2711 4465 καὶ
2758 4407 2833 4464 ἔτι
2885 4409 3018 4464 κατὰ
3061 4407 3240 4486 καιρὸν
3292 4401 3669 4484 ἐπερχομένων

311 4487 448 4549 illac
478 4488 635 4549 enim
671 4489 783 4549 iter
812 4488 1049 4569 patebat
1095 4490 1408 4552 exercitui.
1443 4488 1647 4553 Visum
1682 4506 1823 4567 ergo
1857 4495 1948 4550 est

2033 4497 2131 4547 τῶν
2163 4491 2326 4547 ἀθέων
2375 4495 2725 4574 Σαῤῥακηνῶν
2774 4509 2890 4561 τοῖς
2939 4495 3120 4558 τόποις
3172 4493 3411 4564 ἐκείνοις,
3473 4491 3671 4566 καὶμὴ

304 4595 516 4656 magno
549 4579 706 4640 Patri
753 4577 943 4639 locum
979 4578 1281 4641 deserere.
1323 4578 1516 4651 Quare
1561 4579 1859 4659 profectus
1885 4577 1948 4637 in

2033 4575 2326 4654 δυναμένων
2374 4586 2577 4640 καθίσαι
2627 4585 2678 4640 ἐν
2729 4593 2806 4659 τῷ
2854 4583 3098 4658 σπηλαὶῳ
3145 4588 3247 4639 τῶν
3284 4582 3441 4637 ὁσίων
3493 4579 3673 4635 Πατέ-

311 4665 650 4745 adjacentes
681 4665 885 4746 patriae
918 4666 1116 4743 sedes,
1155 4668 1370 4729 mansit
1405 4668 1462 4729 in
1495 4667 1587 4729 sui
1610 4665 1765 4747 juris
1791 4665 1944 4741 loco,

2033 4688 2155 4745 ρων,
2192 4668 2389 4728 ἐκεῖθεν
2422 4673 2520 4751 γὰρ
2566 4673 2632 4740 ἧν
2680 4675 2716 4741 ἡ
2761 4671 2924 4736 δίοδος
2973 4679 3063 4729 τοῦ
3115 4671 3378 4752 φωσάτου,
3429 4667 3567 4733 ἔδοξε
3596 4674 3674 4742 τῷ

311 4753 374 4815 in
403 4771 521 4835 quo
551 4755 741 4836 posita
770 4763 894 4818 erat
913 4757 1103 4818 sancti
1129 4755 1378 4819 Adriani
1409 4756 1525 4835 (3'2)
1552 4753 1819 4832 aedicula,
1851 4770 1948 4815 ra-

2033 4756 2250 4833 μεγάλῳ
2302 4759 2614 4818 καταλιπεῖν
2687 4763 2750 4817 τὰ
2818 4761 2992 4818 ἐκεῖσε
3027 4781 3039 4795 ·
3102 4763 3187 4816 καὶ
3241 4754 3550 4815 καταλαϐὼν
3609 4757 3676 4813 τὰ

1687 4933 1933 5000 Joannis
1959 4932 2086 4995 Clei
2112 4943 2291 5004 notae.

302 5071 338 5139 ξ’
389 5070 506 5145 (31)
526 5069 922 5154 Bisinianum,
947 5074 1118 5154 quod
1151 5074 1254 5136 alii
1283 5074 1586 5147 Besidias,
1617 5069 1747 5132 Itali
1779 5067 1945 5154 Βίεξ-
2032 5084 2339 5154 vocantur,
2369 5070 2666 5136 abbatiam
2691 5093 2826 5138 esse
2847 5095 2880 5138 a
2903 5079 2967 5140 S.
2994 5070 3668 5154 Adrianonominatam,

309 5146 1110 5236 gnano_appcl|ant._i:ivitas
1140 5154 1424 5218 Calabriae
1455 5146 1633 5236 parva
1657 5157 1746 5212 est
1768 5146 1946 5236 ;_ep_i_-
2027 5149 2780 5236 reliquiisque,privilegiis
2804 5165 2862 5217 et
2884 5153 3216 5236 redditibus
3235 5146 3674 5236 d_ivite.rn.lt_ﬁap;

310 5229 562 5316 scopalis
581 5229 782 5316 tamen
801 5231 910 5316 s_u_b
933 5236 1250 5316 metropoli
1274 5229 1662 5316 Bossaﬁensi,
1687 5229 1844 5291 unde
1872 5229 1945 5290 l5
2030 5247 2118 5310 pa;
2145 5229 2555 5316 geographica)
2584 5229 2789 5316 quinto
2822 5235 3062 5298 milliari
3093 5231 3483 5316 Bisiniauoin
3515 5229 3669 5309 Sep-

310 5309 552 5396 circiter
579 5309 1568 5396 _millia_r_iltalicotantumquefere
1599 5313 1672 5373 ab
1693 5329 1798 5374 ora
1821 5326 1950 5373 ma-
2034 5309 2423 5396 tentrionem,
2501 5309 2735 5378 decimo
2809 5334 2948 5378 vero
3017 5331 3222 5396 versus
3293 5311 3668 5396 occidentem

310 5387 720 5477 rislyrrheni
753 5391 953 5457 distat.
981 5473 995 5477 _
1102 5471 1116 5477 _
1278 5473 1291 5477 _
1330 5387 1420 5477 '___
1502 5469 1536 5477 _
1586 5471 1625 5477 _
2035 5391 2303 5477 Bassano
2352 5391 2931 5477 _dis_tantem_pagum
2979 5393 3263 5477 exhibent
3289 5389 3348 5453 S.
3377 5391 3671 5477 Demetrii

393 5466 784 5558 l3ﬁ)i§.g_resta
805 5471 1337 5558 smpelaudatusin
1354 5469 1947 5558 VitaS.§a§iliipag_,
2033 5469 2201 5558 titulo
2230 5470 2620 5558 insignitum,
2669 5466 2754 5537 de
2794 5466 2913 5558 quo
2960 5470 3361 5538 verisimiliter
3408 5468 3672 5550 loquitur

305 5544 414 5613 361'
452 5544 682 5630 scribit,
709 5544 908 5635 prepé
937 5561 1236 5637 praerupta
1265 5552 1412 5628 loca,
1434 5567 1564 5633 quae
1579 5544 1952 5616 S..Demetrii
2031 5551 2304 5633 Agresta.
