3966 6148
160 258 229 327 73
1461 283 1648 348 VITA
1691 284 1752 347 s.
1798 281 1958 347 NILl
1998 283 2371 349 JUNIORIS.
3386 288 3407 303 κ
3531 287 3613 351 74

662 409 1236 501 πατρίδος,ῌὲμιεινεν
1283 413 1336 469 ἐν
1376 416 1525 491 τόπῳ
1571 421 1766 494 οἱκείῳ,
1822 419 1860 475 ἐε

1956 424 2071 494 tus,
2098 436 2166 479 eo
2188 426 2491 498 nunquam
2513 434 2865 498 pervasuros
2884 415 3160 481 inﬁdeles
3182 426 3428 501 propter
3446 421 3609 484 diui-

199 495 239 567 ᾧ
295 495 483 574 pupis»
556 496 866 578 εἶικτήριον
959 496 1144 579 ἵδρυτο
1229 512 1320 561 τοῦ
1386 504 1535 582 ἁγίου
1604 504 1860 586 Ἀδριανοί

1959 507 2235 569 cultatem
2280 495 2348 570 ac
2405 495 2743 569 distantiam
2799 506 2936 569 loci.
2989 506 3158 580 Quod
3182 495 3315 571 ἰιδῖ
3354 510 3604 592 factum,

213 584 411 658 νομίσας
478 585 770 660 μηδέποτε
849 588 972 645 ἐκεῖ
1044 588 1419 649 εἰσελεύσεσθαι
1474 592 1618 659 ’éﬂvo;
1675 584 1760 653 διὰ
1814 599 1860 653 τε

1960 603 2269 676 coeperunt
2296 596 2537 677 quidem
2571 595 2785 677 spiritu
2829 614 3121 677 pauperes
3151 615 3221 661 ex
3252 617 3460 661 eorum
3491 584 3604 663 nu;

226 669 452 730 ἔξιτε-κτον
504 676 598 731 καὶ
674 674 938 756 παρόδων
996 679 1141 734 εἶναι
1192 681 1281 735 τὸν
1334 681 1520 743 τόπον.
1574 685 1766 742 Τούτου
1820 683 1860 741 δὲ

1962 669 2149 758 mero,
2184 669 2332 765 quos
2360 669 2647 747 Dominus
2676 685 2749 747 ad
2808 669 3037 747 cenam
3078 686 3345 763 vocabat,
3380 707 3603 753 conve-

235 762 519 843 γενομένου,
565 761 800 841 ἤρξαντό
830 786 974 829 τινες
1022 772 1131 822 τῶν
1178 774 1412 849 πτωχῶν
1464 775 1542 847 τῷ
1591 774 1860 854 πνεύι.ι.ατι1

1957 772 2087 835 nire
2108 774 2180 835 ad
2202 761 2442 836 Patrem
2469 782 2530 838 et
2558 791 2791 854 rogare,
2821 781 2885 836 ut
2916 761 3335 856 reciperentur
3362 777 3424 839 in
3454 795 3604 841 cou-

230 852 308 912 οὓς
358 852 446 906 καὶ
518 853 594 914 εἷς
664 853 728 908 16
799 855 1002 911 οἰκεῖον
1070 852 1284 912 δεῖπνον
1341 857 1516 916 ἐκάλει
1573 864 1602 917 6
1663 852 1860 940 Κύριος,

1960 859 2321 923 tabernium.
2356 862 2462 924 Ille
2492 852 2651 924 vero
2669 852 3081 924 misericordia
3097 872 3402 945 permotus
3422 865 3608 928 susci-

229 939 607 1033 προσέρχεσθαι
654 942 734 1014 τῲ
782 943 973 1021 Πατρὶ,
1020 944 1110 998 καὶ
1167 944 1264 1010 τὴν
1312 948 1610 1014 συνοίκησιν
1650 939 1860 1011 δέξετθαι⁴

1962 947 2157 1028 piebat
2176 951 2420 1012 etsaluti
2433 969 2748 1031 corporum
2765 939 3217 1033 animarumque
3229 953 3605 1019 consulebat.

231 1017 284 1084 Ὀ
327 1017 395 1082 3‘:
422 1017 933 1109 σπλαγχνιζόμενος
976 1028 1061 1086 ἐπ’
1111 1032 1318 1107 αὐτοῖς,
1368 1032 1586 1115 ἐδέχετο
1634 1038 1860 1113 τούτουςε

1959 1017 2035 1098 Et
2065 1036 2283 1098 factum
2317 1051 2407 1100 est
2439 1017 2696 1100 decursu
2748 1038 3054 1119 temporis,
3110 1017 3177 1102 ut
3224 1041 3436 1103 fratres
3476 1017 3604 1122 jam

222 1117 310 1173 καὶ
380 1121 576 1197 ψυχῶν
665 1120 753 1174 καὶ
836 1118 1100 1194 σωμάτων
1188 1120 1357 1177 αὐτῶν
1443 1125 1542 1191 τὴν
1614 1129 1860 1206 σωτηρία*

1959 1141 2131 1185 essen
2158 1124 2232 1185 ad
2286 1126 2626 1202 duodecim,
2680 1127 2778 1188 vel
2824 1117 3000 1189 etiam
3047 1127 3272 1208 plures,
3323 1137 3383 1191 et
3406 1117 3600 1205 locus,

224 1202 680 1283 ἐπραγματεύετο.
732 1207 883 1294 Κατά
924 1208 1110 1286 μικρὸν
1158 1205 1213 1264 δὲ
1262 1211 1543 1289 προϊόντος
1591 1220 1684 1269 τοῦ
1733 1202 1860 1294 χρό.

1955 1211 2080 1274 Deo
2104 1214 2371 1292 juvante,
2408 1214 2662 1277 evaserit
2681 1202 3134 1280 monasterium.
3164 1202 3335 1279 Enim
3355 1236 3492 1281 vero
3514 1202 3612 1280 fu;-

221 1315 309 1348 νου
339 1294 694 1373 συνήχθησαν
724 1293 886 1374 μέχρι
932 1300 1038 1353 τῶν
1087 1294 1307 1378 δώδεκα,
1360 1301 1448 1356 καὶ
1495 1299 1732 1376 πλείους,
1764 1293 1860 1359 ίκαῖ

1956 1300 2196 1380 giebaut
2237 1302 2478 1383 plurimi
2529 1321 2842 1385 operosam
2889 1304 3154 1384 regulam
3203 1314 3262 1367 et
3302 1306 3604 1388 spinosam

219 1384 607 1464 μονασ-τήριον,
667 1390 798 1442 Θεοῦ
850 1392 1244 1467 συνεργοῦντος,
1304 1390 1332 1443 6
1387 1389 1549 1453 τόπος
1606 1390 1816 1468 ἐγένετο
1849 1409 1860 1423 ·

1953 1388 2084 1451 vitae
2111 1391 2428 1469 rationem,
2467 1384 2751 1473 quotquot
2782 1392 3103 1473 spatiosam
3132 1393 3285 1455 viam
3316 1384 3602 1476 praefere-

217 1470 481 1527 πλείστων
551 1471 649 1546 μέν
719 1470 1203 1550 ἀποδιδρασκόντων
1292 1477 1353 1532 τὸ
1434 1475 1707 1556 δραστικὸν
1776 1491 1860 1540 τοῐ

1951 1477 2095 1540 bant
2123 1487 2404 1558 augustae,
2425 1470 2962 1543 tolerantibus'eam
2980 1480 3089 1543 Dei
3112 1470 3446 1545 amantibus
3460 1483 3602 1546 viris

216 1558 465 1629 κανόνος,
497 1559 680 1615 καὶτὸ
708 1557 938 1637 σκληρὸν
984 1565 1082 1627 τῆς
1131 1558 1357 1642 διαίτης,
1410 1563 1525 1620 ὅσοι
1572 1565 1670 1632 τὴν
1721 1564 1860 1623 πλα-

1954 1574 2013 1628 et
2043 1557 2484 1648 perferentibus
2513 1570 2712 1633 omnia
2740 1578 2982 1651 propter
3010 1590 3260 1651 regnum
3285 1573 3602 1635 caelorum.

214 1659 371 1701 τεῖαν
398 1644 524 1701 ὁδὸν
554 1651 654 1712 τῆς
708 1652 895 1713 στενῆς
946 1648 1246 1726 προετίμων
1278 1669 1295 1685 ο
1340 1655 1443 1705 τῶν
1498 1648 1554 1706 δέ
1604 1674 1665 1730 γε
1708 1652 1860 1734 φιλο-

214 1734 283 1761 nl-
300 1756 346 1761 --μ
420 1732 840 1761 2---___-_-_’_-___-
866 1758 871 1761 .
969 1736 1053 1761 --μὶ
1129 1736 1293 1761 ...ιλ-ε-
1368 1738 1385 1761 (ν
1582 1739 1594 1758 1
1790 1738 1813 1761 ᾗ
1844 1742 1857 1758 \

1954 1644 2136 1716 Erant
2165 1673 2341 1734 porro
2372 1657 2491 1719 duo
2520 1644 2759 1738 quidam
2790 1644 3058 1738 germani
3080 1644 3297 1723 fratres
3326 1661 3590 1724 vicinum

211 1734 347 1789 θέων
418 1732 896 1812 ἐγκαρτερούντων,
969 1736 1056 1790 καὶ
1124 1736 1295 1791 πάντα
1364 1732 1732 1819 ὑποφερόντων
1784 1738 1860 1797 διὸ

1951 1732 2282 1807 incolentes
2298 1744 2522 1821 locum,
2538 1732 2648 1828 qui
2668 1732 3054 1828 tum'spiritus
3078 1750 3321 1830 maligni
3345 1751 3601 1813 stimulis

210 1825 311 1889 τὴν
369 1830 479 1879 τῶν
540 1825 771 1902 οὐρανῶν
819 1823 1108 1899 βασιλείαν,
1171 1814 1335 1881 Ἦσαν
1383 1814 1492 1883 οὖν⁷
1656 1828 1860 1911 ἀδελφοῖ

1950 1834 2166 1910 agitati,
2228 1843 2350 1897 tum
2404 1814 2642 1898 invidiae
2695 1814 2944 1920 facibus,
2995 1814 3303 1921 cceperuvut
3356 1840 3603 1922 obloqui

208 1911 509 1985 ὁμαίμονες
566 1909 792 1975 πλησίον
844 1909 959 1966 ἐκεῖ
1013 1912 1323 1987 καθήμενοι,
1378 1912 1572 1978 οἵτινες
1627 1917 1728 1973 ὑπὸ
1776 1909 1860 1974 τοῦ

1951 1909 2153 1985 sancto
2183 1924 2309 1986 viro
2366 1933 2427 1987 et
2476 1926 2687 2007 quavis
2736 1909 3054 1990 occasione
3088 1909 3448 2006 ldetrahere,
3497 1909 3601 1991 se-

523 1998 918 2107 ﬁEtPIC‘O'lLEVOl,
990 2001 1077 2107 καὶ
1144 2002 1220 2074 τῲ
1287 2005 1458 2080 φθονῳ
1525 2001 1860 2081 βαλλόμενοι,

1950 2010 2257 2107 ductorem
2326 1998 2610 2076 vocantes
2669 2022 2727 2076 et
2784 2033 3064 2107 maguum
3120 1998 3490 2099 hypocritam
3543 2023 3603 2078 et

206 2084 437 2166 ἤρξαντο
487 2085 816 2143 καταλαλεϊν
862 2094 957 2142 τοῦ
1007 2083 1225 2161 δικαίου,
1280 2091 1367 2145 καὶ
1414 2089 1469 2145 ἐν
1516 2093 1670 2148 παντὶ
1717 2096 1870 2150 αὐτὸν

206 2172 495 2254 διασύρειν,
568 2173 766 2232 πλάνον
836 2175 980 2231 εἷναί
1046 2196 1104 2231 τε
1188 2175 1430 2256 λέγοντες
1513 2181 1601 2235 καὶ
1672 2181 1865 2260 μάγον,

204 2264 500 2342 ἰητοκριτήν
530 2284 591 2320 τε
634 2264 725 2319 καὶ
769 2264 1027 2341 ψεύστην,
1082 2265 1170 2321 καὶ
1214 2265 1268 2323 εἴ
1312 2290 1363 2325 τι
1410 2266 1542 2326 ἀλλο
1584 2266 1784 2327 ἔτικτεν
1830 2273 1866 2340 ἡ

206 2352 390 2413 κακία,

286 2515 396 2598 ξ’.
452 2534 634 2586 Ταῦτα
703 2525 759 2584 δὲ
827 2530 856 2585 6
927 2528 1184 2608 μακάριος
1254 2529 1502 2613 ἀκούσας,
1575 2532 1860 2612 ἠγωνίζετο

209 2618 654 2695 παντοιοτρόπως
726 2618 817 2673 τὸν
888 2618 1074 2696 φθόνον
1141 2618 1312 2676 αὐτῶν
1380 2619 1722 2705 κατασϐέσαι,
1782 2625 1871 2681 καὶ

215 2706 644 2784 ἀποθεραπεῦσαι
703 2705 872 2762 αὐτῶν
928 2706 1023 2768 τὰς
1070 2705 1303 2786 καρδίας,
1371 2709 1399 2764 ὃ
1467 2711 1554 2765 καὶ
1610 2711 1869 2779 πεποίηκε

216 2792 331 2875 μετ’
384 2792 593 2871 ὀλίγον,
647 2791 895 2851 Ἐκείνων
953 2789 1057 2873 γὰρ
1105 2793 1490 2853 διαϐαλλόντων
1541 2799 1628 2855 καὶ
1675 2798 1870 2879 σφόδρα

218 2881 678 2960 καολογούντων,
736 2884 885 2947 οὗτος
942 2884 1005 2938 τὸ
1072 2883 1299 2941 ἐναντίον
1353 2889 1444 2945 οὐκ
1498 2886 1719 2944 ἐπαύετο
1775 2888 1867 2943 εύ-

218 2979 428 3049 ςημῶν,
477 2973 573 3028 καὶ
624 2971 867 3036 ἐπαίνους
922 2970 1152 3036 πολλοὺς
1210 2976 1328 3054 περὶ
1376 2978 1545 3033 αὒτῶν
1596 2976 1862 3054 ἀναγγέλ-

218 3057 314 3115 λων
385 3063 460 3125 εἰς
531 3061 737 3123 πάντας
806 3062 878 3123 ὡς
949 3060 1034 3117 ἐπὶ
1096 3062 1281 3140 ἁγίων.
1359 3053 1539 3120 εΗνίκα
1595 3062 1649 3120 δὲ
1704 3053 1863 3122 πάλιν

222 3148 409 3206 ἐκεῖνοι
481 3155 682 3228 μικρᾶς
750 3170 889 3213 τινος
979 3149 1222 3228 ἀφορμῆς
1307 3150 1755 3227 ἐπελαμϐάνοντο,
1824 3154 1861 3222 ἢ

218 3240 433 3306 κτήνους
492 3234 774 3300 διαϐάντος
828 3239 888 3293 τὸ
942 3235 1198 3314 κλεῖσμα,
1260 3239 1296 3307 ἢ
1353 3241 1610 3320 φρυγάνου
1653 3239 1862 3320 παραβ-

220 3326 417 3400 ῥιέντος
472 3326 582 3381 ὕπὸ
634 3325 850 3401 ἀνέμου,
912 3324 1248 3406 ἐξερχόμενοι
1320 3325 1556 3407 ἄντικρυς
1617 3338 1711 3388 τοῦ
1776 3327 1862 3385 δι-

219 3416 356 3470 καίου
406 3415 599 3492 μυρίας
654 3411 913 3492 λοιδορίας
964 3412 1206 3498 ἐλαλουν,
1261 3415 1623 3496 ἀναισχύντως
1676 3419 1861 3498 μαχό-

218 3524 359 3577 μενοι
426 3503 520 3558 καὶ
594 3500 909 3581 ὑϐρίζοντες,
984 3494 1042 3559 Ὀ
1112 3494 1195 3558 δὲ
1233 3494 1862 3585 Πατὴρηπαρραγγείλας

215 3606 326 3654 τοῖς
376 3590 662 3671 ἀδελφοῖς,
695 3588 894 3665 μηδένα
944 3588 1112 3666 μηδὲν
1159 3595 1343 3657 αὐτοῖς
1392 3593 1858 3673 ἀνταποκριθῆναι,

214 3681 375 3759 αἴραν
446 3680 501 3735 ἐν
575 3681 654 3753 τῲ
724 3681 946 3753 στόματι
1003 3684 1160 3739 αὐτοῦ
1215 3683 1306 3737 τὸν
1360 3679 1518 3738 Δαϐὶδ
1568 3684 1858 3763 ὑπεχώρει.

216 3770 460 3825 Κᾶειεῖνοι
535 3769 696 3825 αὐτὸν
764 3771 1100 3848 Θεωροῦντες,
1166 3768 1542 3849 κραύγάξοντες
1613 3770 1796 3851 ἔλεγον
1842 3793 1857 3808 ·

214 3856 429 3920 Βλέπεις
484 3859 583 3912 τὸν
634 3858 972 3938 ὗποκριτήνς
1035 3848 1248 3917 (Εαῦτὸν
1304 3873 1453 3917 ποιεῖ
1521 3860 1697 3939 ἅγιον,
1775 3863 1861 3918 καὶ

400 3944 686 4020 δαίμονας.
741 3949 814 4005 Οὺ
855 3944 1034 4009 καλῶς
1081 3945 1354 4025 ἐλέγομεν,
1408 3946 1488 4004 ὅτι
1543 3951 1571 4005 6
1621 3946 1863 4014 διάϐολός

216 4055 267 4089 σε
294 4035 516 4092 ἐνταῦθα
575 4033 801 4113 ἤγαγεν,
855 4038 946 4091 ’ἱνα
988 4036 1106 4092 καθ’
1155 4036 1355 4115 ἡμέραν
1406 4038 1747 4119 μαχώμεθα,
1805 4031 1862 4097 ιΟ

218 4120 269 4178 δέ
332 4124 550 4180 ἀκούων
623 4126 719 4181 οὐκ
804 4123 1110 4202 ἀπεκρίνετο
1142 4140 1156 4154 ⁸
1244 4123 1380 4180 ἀλλά
1469 4130 1567 4191 τῆς
1638 4126 1861 4205 ἑσπέρας

212 4208 639 4281 καταλαϐούσης,
694 4208 807 4266 εἴτε
978 4212 1219 4292 ἐπαύριον
1265 4212 1458 4293 ἡμέρᾳ,
1507 4214 1663 4281 ἡνίκα
1710 4214 1864 4271 ἐθεώ-

210 4319 283 4377 ρει
340 4299 429 4354 ὃτι
480 4296 726 4364 εἰσῆλθον
788 4305 879 4355 τοῦ
934 4302 1233 4379 γεύσασθαι,
1305 4300 1673 4381 ἀπερχόμενος
1728 4306 1859 4381 πρὸς

208 4388 397 4451 αᾶτώς
488 4385 660 4443 ἐποίει
752 4390 933 4450 αὐτοῖς
1025 4388 1305 4462 μετάνοιαν
1393 4391 1696 4466 αἰτούμενος
1760 4392 1859 4458 τὴν

202 4474 582 4554 συγχώρησιν,
655 4473 796 4531 Εἶτα
860 4474 1256 4550 συνεσθιόμενος
1327 4479 1509 4539 αὐτοῖς
1576 4478 1664 4533 καὶ
1731 4500 1858 4534 συν-

200 4561 601 4639 αγαλλόμενος,
660 4567 728 4639 τῇ
778 4560 923 4639 καλῇ
974 4561 1173 4619 συνέσει
1230 4562 1389 4620 αὒτοῦ
1440 4563 1715 4643 ἐθεράπευε
1764 4566 1856 4629 τὰς

198 4649 418 4730 καρδίας
489 4652 691 4730 αὐτῶν,
759 4651 848 4707 καὶ
915 4649 1202 4732 ὑπέστρεφε
1255 4654 1388 4726 μετὰ
1443 4659 1614 4733 χαρᾶς
1668 4655 1741 4717 εἰς
1796 4655 1859 4710 1‘0

194 4740 408 4797 κελλίον
466 4744 653 4802 αὒτοῦ.
717 4741 862 4797 Μετὰ
917 4737 973 4797 δὲ
1031 4742 1225 4821 χρόνον
1288 4743 1464 4799 ἱκανὸν
1522 4741 1779 4799 τελευτῶν
1830 4744 1859 4799 6

196 4832 505 4910 μειζότερος
559 4828 807 4910 ἀδελφὸς,
848 4831 903 4887 ἐν
945 4844 1069 4894 ταῖς
1121 4831 1275 4911 χερσὶ
1320 4838 1412 4887 τοῦ
1459 4832 1608 4909 ἁγίου
1654 4834 1857 4913 Πατρὸς

196 4920 485 4977 κατ-ἃιπεν
568 4920 677 4976 εἴτι
725 4919 787 4975 ἂν
840 4919 1094 4988 ἐκέκτητο
1141 4922 1227 4976 καὶ
1276 4921 1366 4976 τὸν
1413 4918 1635 5000 ἀδελφὸν
1681 4923 1854 4992 αὐτοῦ,

198 5016 286 5069 καὶ
340 5015 506 5077 ὠτὸς
582 5012 715 5071 αὖτὲ
783 5012 1100 5088 ᾠκονόμησε
1160 5012 1296 5067 κατά
1358 5013 1420 5067 τὸ
1478 5011 1719 5087 βυύλημα
1772 5019 1863 5068 τοῦ

201 5110 356 5167 Θεοῦ,
390 5110 503 5175 illi
532 5100 594 5158 δὲ
641 5108 746 5159 τῶν
793 5105 1009 5182 ἡμερῶν
1062 5099 1312 5171 ἐλήλυθεν
1363 5103 1392 5158 6
1439 5104 1547 5165 υἱὸς
1590 5109 1682 5159 τοῦ
1729 5100 1863 5157 ἀϐϐἆ

202 5194 470 5272 Fuﬁ-:00
540 5190 599 5247 ἐν
809 5191 1148 5270 μοναστηρίῳ
1238 5189 1410 5271 φέρων
1495 5187 1607 5264 μεθ’
1677 5191 1863 5246 ἑαυτοῦ

200 5280 324 5347 Βόα-ς
380 5295 536 5362 τρεῖς
595 5278 812 5343 εὖειδεῖς
865 5280 1004 5341 πάνυ
1051 5277 1196 5355 μάλα
1241 5280 1331 5335 καὶ
1379 5275 1635 5357 μεγάλας.
1684 5277 1861 5337 Καλέο

196 5389 294 5435 τις
348 5368 411 5425 δὲ
459 5373 491 5426 6
750 5370 842 5426 τὸν
885 5366 1111 5448 γέροντα
1154 5364 1299 5444 λέγει
1347 5366 1488 5441 αὐτῷ
1518 5382 1534 5399 ⁸
1587 5368 1647 5424 Τί
1690 5365 1856 5448 ἤνεγ-

194 5480 290 5523 ιίις
320 5458 430 5516 ὦδε
456 5460 584 5521 τοὺς
612 5446 742 5535 βόας
769 5446 983 5521 τούτους
1013 5476 1030 5536 ;
1089 5446 1148 5514 Ὀ
1200 5452 1254 5511 δὲ
1306 5452 1470 5525 δήσας
1520 5455 1614 5519 τὰς
1662 5446 1854 5537 χεῖρας

191 5549 265 5613 ὣς
292 5550 415 5627 ,ἐπὶ
468 5548 771 5630 ἀρχόντων,
830 5547 1150 5627 ἀπεκρίνατο
1199 5546 1335 5621 μετὰ
1380 5541 1542 5625 φόϐου
1575 5561 1594 5582 ⁸
1658 5546 1855 5621 Τιμιώ-

650 5721 885 5787 Parnm.
916 5717 1032 5788 Gn.
1063 5715 1237 5786 CXX.

1948 2101 2297 2250 inpndacem
2328 2110 2389 2165 et
2416 2104 2706 2185 quidquid
2749 2104 2909 2168 aliud
2959 2106 3310 2186 suggerebat
3367 2106 3597 2187 impro-

1989 2208 2009 2249 ι
2036 2207 2122 2250 as.

1989 2207 2122 2254 uas.

2024 2518 2125 2582 37.
2148 2517 2287 2581 Haec
2308 2518 2516 2583 beatus
2529 2520 2622 2584 vir
2635 2537 2770 2585 cum
2786 2519 3068 2598 audisset,
3084 2520 3409 2585 conabatur
3422 2521 3591 2585 omni

1952 2607 2149 2669 studio
2180 2609 2423 2672 livorem
2446 2610 2833 2692 exstinguere
2855 2619 2913 2672 et
2935 2611 3217 2674 cordibus
3239 2631 3446 2675 eorum
3468 2630 3594 2676 me-

1954 2694 2083 2757 deri
2117 2714 2130 2759 :
2188 2696 2345 2777 quod
2380 2698 2555 2760 etiam
2586 2716 2705 2761 non
2737 2699 2919 2762 multo
2972 2708 3102 2781 post
3132 2708 3440 2764 assecutus
3472 2710 3585 2765 est.

1954 2783 2096 2848 Cum
2128 2787 2289 2849 enim
2320 2787 2407 2850 illi
2439 2787 2750 2850 calumniis
2784 2789 3146 2870 impeterent
3169 2800 3229 2852 et
3259 2789 3593 2852 maledictis

1949 2875 2339 2938 vehementer
2363 2876 2716 2954 lacerarent,
2747 2881 2872 2959 ipse
2927 2887 3131 2941 contra
3177 2879 3453 2941 laudibus
3482 2898 3592 2941 cu-

1950 2964 2175 3027 mulare
2205 2973 2263 3027 et
2291 2967 2713 3029 commendare
2759 2968 3013 3031 multum
3062 2969 3220 3050 apud
3264 2986 3498 3043 omnes,
3529 2974 3597 3029 ut

1947 3062 2183 3115 sanctos
2211 3054 2389 3116 viros.
2432 3058 2576 3119 Cum
2608 3075 2747 3117 vero
2779 3056 2867 3118 illi
2895 3075 3103 3118 rursus
3145 3066 3382 3139 arrepta
3412 3073 3592 3119 occa-

1946 3141 2113 3203 sione
2142 3143 2397 3219 modica,
2440 3144 2519 3206 vel
2543 3146 2816 3224 jumento
2849 3145 3218 3208 trausilieute
3249 3146 3398 3207 ﬁnes
3428 3144 3590 3207 clau-

1947 3232 2073 3308 stri,
2105 3232 2196 3293 vel
2229 3231 2505 3313 stipulam
2531 3243 2705 3295 vento
2727 3234 3045 3312 iuferente,
3070 3242 3277 3297 contra
3300 3231 3586 3297 Sanctum

1948 3321 2377 3398 egrederentur
2431 3330 2709 3385 sexcenta
2770 3323 3139 3386 eﬂ'uadeutes
3211 3322 3478 3385 convicia
3531 3328 3592 3384 et

1948 3407 2328 3488 impudenter
2381 3411 2754 3473 contumeliis
2811 3418 3164 3492 pugnarent,
3224 3418 3366 3475 tunc
3422 3410 3597 3472 Pater

1947 3495 2324 3577 praecipiebat
2352 3497 2654 3581 fratribus,
2689 3518 2764 3561 ne
2796 3500 3108 3582 quisquam
3136 3500 3256 3561 illis
3286 3498 3591 3580 quidpiam

1949 3586 2338 3665 reSponderet
2370 3605 2386 3663 ;
2420 3596 2478 3649 et
2501 3587 2781 3650 Davidem
2832 3591 2895 3651 in
2936 3609 3043 3652 ore
3090 3588 3316 3652 habens
3362 3588 3589 3651 abibat.

1945 3677 2017 3735 At
2039 3674 2124 3735 illi
2147 3674 2412 3737 videntes
2434 3695 2645 3757 magno
2666 3678 2927 3740 clamore
2965 3678 3203 3742 dicere:
3265 3677 3447 3741 Vides
3476 3679 3586 3759 hy-

1944 3762 2254 3845 pocritam.
2291 3762 2561 3845 Seipsum
2595 3778 2865 3830 sanctum
2915 3776 2974 3829 et
3016 3786 3125 3829 nos
3170 3766 3418 3829 aistimat
3466 3766 3592 3827 daa-

1948 3871 2176 3916 mones.
2210 3852 2420 3915 Nonne
2449 3854 2603 3916 bene
2633 3856 2998 3933 dicebamus,
3051 3876 3086 3917 a
3113 3854 3346 3916 diabolo
3379 3864 3436 3915 te
3467 3854 3591 3916 huc

1946 3942 2290 4018 adductum,
2334 3951 2398 4004 ut
2426 3963 2680 4025 pugnam
2732 3945 2999 4026 quotidie
3049 3944 3448 4006 conferamus.
3481 3942 3590 4004 Ille

1943 4049 2081 4092 vero
2113 4032 2364 4093 audiens
2413 4032 2497 4093 nil
2547 4032 2969 4114 respondebat,
3022 4033 3127 4095 sed
3177 4031 3433 4112 vesperi,
3486 4037 3589 4093 aut

1944 4120 2119 4181 etiam
2146 4120 2455 4200 postridie,
2480 4130 2791 4202 postquam
2825 4141 2928 4184 eos
2946 4122 3018 4184 ad
3050 4121 3370 4203 prandium
3397 4119 3587 4181 vidis-

1944 4216 2034 4271 set
2062 4208 2388 4288 iugressos,
2421 4210 2763 4288 accedebat,
2801 4210 3316 4293 procumbensque
3348 4208 3588 4291 petebat

1944 4299 2196 4359 veniam.
2223 4298 2371 4359 Tum
2395 4316 2534 4363 vero
2558 4319 2941 4377 convescens,
2989 4299 3409 4380 communique
3437 4298 3586 4360 laeti-

1942 4385 2022 4447 tia
2050 4387 2387 4467 perfruens,
2416 4388 2655 4468 egregia
2683 4408 2791 4451 sua
2824 4389 3137 4468 prudentia
3165 4389 3345 4451 corda
3375 4405 3582 4449 eorum

1942 4474 2263 4536 deliniebat
2283 4485 2340 4537 et
2371 4495 2504 4537 cum
2535 4478 2752 4556 gaudio
2775 4496 2939 4539 suam
2983 4477 3045 4539 iu
3074 4476 3286 4539 cellam
3316 4483 3582 4538 reverte-

1941 4561 2133 4627 batur.
2169 4567 2309 4626 Post
2337 4564 2695 4645 aliquantum
2733 4566 3018 4647 temporis
3067 4573 3205 4627 natu
3253 4564 3443 4645 major
3470 4563 3584 4625 fra-

1940 4658 2032 4713 ter
2059 4651 2345 4733 morieus,
2380 4653 2581 4716 omnia
2634 4672 2770 4736 quae
2799 4653 3159 4735 possidebat,
3193 4662 3396 4715 sancto
3424 4649 3584 4714 Patri

1940 4738 2151 4819 legavit
2181 4748 2237 4801 et
2266 4742 2504 4802 fratrem
2554 4742 3037 4804 commendatum
3056 4740 3319 4822 reliquit,
3369 4746 3429 4802 et
3455 4738 3586 4820 ipse

1941 4828 2266 4890 secundum
2288 4829 2396 4891 Dei
2411 4829 2767 4892 voluntatem
2785 4831 3079 4910 disposuit
3092 4828 3581 4900 omnia.Quadam

1945 4935 2120 4998 porro
2137 4920 2232 4981 die
2245 4920 2400 4981 venit
2412 4919 2473 4978 in
2487 4919 2911 4981 monasterium
2928 4919 3113 4980 ﬁlium
3126 4916 3356 4979 abbatis
3390 4914 3582 4978 Geor-

1945 5006 2025 5084 gii
2059 5016 2180 5069 tres
2208 5026 2411 5069 secum
2471 5007 2727 5069 aﬂ‘erens
2774 5025 2982 5070 vaccas
3025 5007 3194 5069 valde
3224 5005 3501 5088 pulchras
3528 5011 3589 5066 et

1945 5114 2206 5175 magnas.
2261 5096 2588 5159 Accersivit
2618 5116 2759 5177 ergo
2808 5116 3058 5176 magnus
3088 5096 3263 5158 Pater
3290 5111 3496 5157 senem
3528 5103 3588 5155 et

1944 5184 2061 5246 ait:
2125 5184 2239 5248 Cur
2285 5184 2469 5248 hasce
2528 5203 2733 5248 vaccas
2780 5186 2896 5248 huc
2940 5181 3236 5247 attulisti?
3285 5182 3391 5244 Ille
3446 5200 3585 5244 vero

1943 5273 2227 5351 colligans
2274 5274 2389 5337 sibi
2419 5292 2652 5353 manus,
2684 5282 2753 5337 ut
2804 5291 3004 5338 coram
3055 5270 3426 5355 principibus
3455 5269 3589 5332 ﬁeri

1944 5362 2115 5445 solet,
2136 5383 2269 5426 cum
2286 5363 2498 5425 timore
2521 5361 2833 5444 respondit
2855 5382 2871 5423 :
2900 5362 3228 5426 Plurimum
3246 5358 3585 5422 venerande

1937 5454 2132 5531 Pater,
2161 5453 2438 5534 quoniam
2470 5452 2684 5515 fratres
2711 5451 2981 5513 laborant
3009 5451 3083 5513 ad
3114 5447 3582 5530 comparandum

1934 5561 2150 5624 panem
2182 5542 2618 5626 quotidianum,
2665 5539 3048 5607 commodum
3095 5538 3230 5620 erit,
3283 5538 3338 5601 si
3386 5554 3497 5621 per
3526 5541 3586 5598 te

3308 5711 3349 5775 3
