3966 6148
326 300 407 373 75
1831 299 2192 366 ANONYMI
3623 302 3708 367 76

324 431 555 516 licebit,
587 448 690 497 eas
716 431 946 497 habere
992 431 1068 496 ad
1115 430 1352 498 labores
1378 432 1615 497 modice
1642 431 1965 497 sublevan-

2056 457 2178 495 τατε
2224 436 2418 517 Πάτερ,
2470 435 2651 504 ἐπειδὴ
2699 442 2954 495 κοπιῶσιν
3006 439 3054 495 οἱ
3100 435 3332 519 ἀδελφοὶ,
3386 436 3481 495 ἵνα
3528 435 3696 516 ἐργά-

328 522 458 587 dos.
2053 547 2247 584 σωνται
2274 527 2365 583 τὸν
2392 524 2654 584 ἐπιούσιον
2697 524 2850 606 ἄρτον
2857 572 2876 606 ,
2926 524 3087 584 καλόν
3131 525 3295 602 ἐστιν,
3345 527 3390 583 εἱ
3434 525 3693 607 κελεύεις,

2052 613 2147 673 ἵνα
2175 613 2345 694 ἔχωσι
2372 621 2535 671 ταῦτα
2567 615 2740 696 βραχύ
2765 637 2817 671 τι
2844 615 3192 695 παραμύθιον,

408 700 510 764 38.
543 699 616 763 Et
643 716 892 780 magnus
919 697 1132 763 Pater:
1165 699 1296 763 Non
1326 699 1442 777 bis,
1476 700 1965 784 inquit,indigent

2137 697 2255 773 λη’.
2312 704 2468 783 Λέγει
2519 705 2608 761 οὗν
2656 705 2788 784 πρὸς
2828 706 2983 762 αὐτὸν
3032 707 3061 762 6
3102 706 3286 785 Πατήρ
3317 721 3333 738 ⁸
3387 707 3460 764 Οὔ
3506 705 3695 786 χρείαν

328 789 566 872 fratres,
588 789 710 851 imo
733 790 1015 853 conducit
1042 789 1151 868 eis,
1177 798 1245 854 ut
1270 789 1564 854 laborent.
1588 791 1753 855 Vade
1770 793 1965 874 igitur,

2058 793 2244 877 ἔχουσι
2291 795 2489 853 τούτων
2533 798 2580 852 οἱ
2628 792 2838 874 ἀδελφοί
2887 813 2903 827 ⁸
2955 793 3154 872 μᾶλλον
3201 792 3258 851 δὲ
3305 795 3552 878 συμφέρει
3602 797 3699 852 αὔ-

328 886 522 941 macta
540 887 600 941 et
621 878 902 956 dilargire
931 879 1311 961 pauperibus.
1344 879 1551 944 Statim
1575 889 1640 943 ut
1669 900 1851 945 senex
1879 903 1965 945 au-

2057 899 2199 960 τοῖς,
2271 881 2366 941 ἵνα
2432 890 2682 946 κοπιῶσι,
2776 881 2925 940 Ἀλλ’
3010 881 3252 941 ἀπελθὼν
3322 884 3532 964 σφάξον,
3607 884 3699 939 καὶ

327 969 499 1044 divit,
531 970 694 1032 nulla
723 969 1070 1051 interposita
1090 989 1279 1043 mora,
1296 970 1542 1034 sublatis
1557 972 1808 1036 manicis
1836 973 1965 1036 bra-

2061 973 2234 1039 διάδος
2302 975 2488 1040 αὐτοὺς
2557 987 2676 1038 τοῖς
2732 987 3005 1055 πτωχοῖς,
3077 973 3279 1039 Εὐθέως
3332 971 3388 1031 δὲ
3443 977 3471 1031 6
3527 972 3700 1053 γέρων

328 1059 464 1123 chia
495 1058 764 1141 nudavit,
794 1066 852 1121 et
878 1067 1118 1141 arrepto
1150 1060 1371 1140 gladio,
1403 1061 1477 1123 ad
1527 1061 1837 1124 caedendas
1860 1062 1965 1125 ibat

2060 1064 2310 1140 ἀκούσας,
2364 1064 2452 1121 καὶ
2504 1061 2639 1139 μηδὲ
2695 1065 2826 1144 πρὸς
2892 1063 3033 1143 ὥραν
3097 1062 3392 1139 μελλήσας,
3462 1063 3702 1138 ἀνεκομ-

325 1166 558 1224 vaccas,
581 1148 962 1229 etimplesset
971 1157 1355 1231 praeceptum,
1376 1148 1492 1210 nisi
1514 1151 1690 1212 Pater
1714 1151 1965 1213 velocius

2059 1150 2271 1211 ϐώσατο
2324 1151 2424 1220 τὴς
2472 1165 2689 1233 χεῖρας,
2750 1153 2838 1209 καὶ
2889 1156 2989 1219 τῆς
3051 1151 3320 1233 μαχαίρας
3382 1149 3702 1229 δραξάμενος

327 1237 712 1302 acclamando
725 1257 969 1300 manum
985 1237 1366 1300 detinuisset.
1401 1237 1644 1318 Cognita
1658 1258 1796 1320 ergo
1810 1242 1965 1304 Patet

2059 1240 2277 1321 ὥρμησε
2334 1247 2427 1298 τοῦ
2473 1238 2682 1297 τελέσαι
2722 1241 2785 1298 τὸ
2832 1238 3198 1316 κελευόμενον.
3250 1242 3349 1299 Καὶ
3392 1238 3702 1319 ἐπλήρωσεν

327 1326 394 1388 in
442 1327 576 1406 ejus
633 1325 832 1388 animo
859 1325 1252 1388 Abrahamica
1279 1326 1527 1389 virtute:
1578 1325 1664 1390 Ne
1716 1327 1965 1407 occidas,

2060 1328 2123 1387 ἂν
2151 1329 2362 1408 εὐθέως,
2394 1330 2545 1405 εἰμὴ
2582 1328 2797 1409 ταχέως
2844 1331 3077 1410 φονήσας
3127 1332 3156 1386 6
3203 1327 3348 1410 ὅσιος
3392 1329 3490 1396 τὴν
3535 1342 3706 1409 χεῖρα

324 1414 547 1497 inquit,
574 1415 714 1497 quia
731 1433 937 1495 parum
958 1414 1233 1478 utilitatis
1248 1415 1363 1478 erit
1388 1436 1404 1477 :
1438 1415 1544 1478 sed
1565 1416 1712 1479 duas
1732 1418 1965 1499 quidem

2060 1416 2342 1478 ἐκώλυσεν.
2402 1418 2532 1476 Τότε
2583 1408 2739 1497 γνοὺς
2794 1420 2823 1474 6
2860 1408 3051 1498 Πατὴρ
3099 1418 3162 1474 τὸ
3213 1408 3558 1496 Ἃϐραμιατον
3598 1420 3705 1483 τῆς

329 1503 540 1567 demus
554 1503 958 1584 egentioribus
971 1512 1029 1567 et
1040 1504 1554 1567 numerosioribus
1575 1505 1965 1587 monasteriis,

2057 1512 2240 1586 ψυχῆς
2308 1505 2466 1564 αὐτοῦ
2498 1522 2513 1538 ⁸
2580 1508 2671 1575 Μὴ
2741 1507 2997 1588 φονεύσῃς
3078 1506 3230 1581 αὔτα,
3306 1504 3431 1587 ἔφη,
3517 1502 3703 1573 ἐπειδὴ

330 1592 566 1656 tertiam
611 1610 751 1655 vero
797 1610 933 1655 cum
957 1592 1170 1655 vicinis
1193 1594 1515 1674 jungentes
1563 1595 1965 1658 necessitatem

2057 1597 2232 1677 ὀλίγον
2290 1595 2479 1678 ὄφελος
2533 1597 2731 1676 γίνεται
2766 1613 2781 1628 ⁸
2842 1596 2979 1654 ἀλλὰ
3031 1598 3098 1653 τὰ
3172 1596 3267 1673 μὲν
3321 1594 3409 1652 δύο
3464 1592 3703 1670 δώσομεν

327 1689 590 1743 nostram
611 1680 989 1744 sublevemus
1015 1701 1031 1759 ;
1052 1700 1189 1744 nam
1201 1683 1373 1791 quod
1390 1700 1570 1764 supra
1587 1682 1965 1762 indigentiam

2056 1686 2141 1744 ἐπὶ
2186 1688 2253 1742 τὰ
2308 1684 2457 1753 ἐνδεῆ
2508 1688 2834 1766 μοναστήρια
2873 1687 2962 1743 καὶ
3006 1684 3492 1791 πληθυντικώτερα,
3541 1685 3603 1739 τὸ
3638 1681 3703 1791 δὲ

329 1779 443 1845 est,
468 1769 543 1832 ad
564 1769 864 1832 avaritiam
884 1770 1168 1851 pertinet.
1200 1768 1347 1832 Cum
1379 1788 1518 1850 ergo
1540 1769 1759 1833 factum
1791 1778 1965 1850 esset,

2056 1773 2230 1855 ἕτερον
2319 1773 2558 1851 μίξαντες
2651 1775 2785 1851 μετὰ
2852 1780 2961 1831 τῶν
3028 1772 3280 1853 γειτόνων
3356 1774 3535 1849 ἡμῶν,
3599 1771 3703 1839 τὴν

326 1864 396 1920 ιιι
423 1860 599 1921 Pater
618 1860 905 1938 jusserat,
940 1876 1210 1938 magnam
1240 1859 1526 1921 frumenti
1554 1859 1783 1939 copiam
1814 1878 1965 1921 anno

2056 1864 2237 1945 χρείαν
2305 1864 2459 1939 ἡμῶν
2527 1863 2868 1943 ἐργασώμεθα
2900 1879 2915 1894 ⁶
2962 1862 3076 1921 ὅθεν
3145 1869 3250 1920 πᾶν
3304 1863 3366 1919 τὸ
3419 1862 3547 1941 ὑπὲρ
3596 1861 3702 1928 τὴν

327 1945 431 2008 illo
452 1946 844 2026 collegerunt,
868 1954 1146 2009 etomnes
1160 1950 1286 2012 Deo
1297 1947 1545 2026 gloriam
1565 1946 1965 2011 dabant.Cum

2056 1952 2240 2033 χρείαν
2287 1949 2561 2017 πλεονεξία
2611 1951 2743 2015 ἐστί,
2793 1953 3123 2023 Παιήσαντες
3170 1950 3258 2008 οὖν
3307 1952 3381 2014 ὡς
3438 1952 3466 2006 6
3518 1949 3705 2029 Πατὴρ

327 2034 647 2114 aliquando
673 2043 796 2100 tres
824 2036 1036 2099 fratres
1062 2035 1127 2098 in
1179 2035 1591 2098 molendinum
1622 2035 1810 2098 issent
1838 2055 1965 2098 cum

2056 2038 2345 2117 διετάξατο,
2402 2039 2658 2107 ἐποίησαν
2706 2043 2797 2097 τὸν
2854 2040 3085 2098 ἐνιαυτὸν
3143 2039 3347 2097 ἐκεῖνον
3399 2051 3546 2097 σῖτον
3592 2060 3705 2095 πο-

327 2121 520 2187 tribus
572 2124 861 2203 jumentis
917 2124 1168 2202 onustis,
1225 2123 1611 2204 redirentque
1655 2131 1891 2206 postero
1941 2142 1965 2186 ε

2056 2127 2172 2209 λὺν,
2232 2129 2321 2185 καὶ
2369 2129 2560 2192 πάντες
2606 2127 2844 2202 ἐδόξαζον
2891 2132 2980 2188 τὸν
3036 2131 3188 2192 Θεόν.
3258 2129 3396 2187 Ποτὲ
3444 2126 3498 2184 δὲ
3543 2132 3707 2207 τριῶν

327 2214 506 2285 mola,
536 2213 782 2294 jamque
813 2230 999 2294 prope
1026 2211 1455 2300 monasterium
1484 2220 1707 2289 essent,
1731 2212 1854 2275 viso
1879 2231 1965 2274 ac-

2056 2216 2292 2299 ἀδελφῶν
2339 2216 2399 2275 ἐκ
2443 2223 2537 2275 τοῦ
2584 2219 2931 2300 μοναστηρίου
2974 2219 3028 2276 ἐν
3073 2220 3151 2294 τῴ
3195 2215 3398 2294 μύλωνι
3440 2214 3706 2273 ἀπελθόν-

328 2318 513 2363 censo
542 2303 605 2362 in
635 2301 728 2364 via
753 2319 924 2383 rogo,
962 2300 1238 2363 dixerunt
1267 2318 1283 2363 :
1334 2299 1402 2362 In
1432 2303 1790 2365 monasterio
1820 2320 1965 2364 nunc

2056 2328 2163 2365 των
2255 2306 2389 2383 μετὰ
2460 2312 2618 2387 τριῶν
2686 2299 2835 2378 ζώων
2904 2306 3362 2389 πεφωρτωμένων,
3437 2306 3571 2381 μετὰ
3639 2307 3707 2361 τὸ

324 2390 658 2470 jejunatur,
678 2389 1082 2452 ‘Conficiamus
1108 2390 1209 2452 hic
1238 2408 1452 2471 panem
1483 2397 1542 2450 et
1570 2389 1965 2466 comedamus,

2058 2396 2242 2455 ἀλέσαι
2273 2402 2343 2473 τῇ
2369 2397 2616 2476 ἐπαύριον
2658 2398 3112 2477 ὑποστρεψάντων,
3162 2396 3249 2452 καὶ
3294 2393 3398 2462 ἤδη
3447 2399 3515 2470 τῇ
3562 2399 3705 2470 μονῇ

326 2496 405 2541 ne
435 2478 485 2540 si
507 2478 704 2559 jejuni
732 2478 875 2541 illuc
906 2478 1382 2560 pervenerimus,
1445 2484 1505 2540 et
1549 2497 1659 2540 nos
1688 2490 1830 2542 cum"
1854 2478 1965 2543 illis

2056 2484 2640 2576 eyytﬁdvrmv,”6p€bctv
2685 2484 2738 2542 ἐν
2903 2483 3007 2560 ὀδῴ
3053 2484 3217 2576 πυρὰν
3266 2481 3555 2576 καιομένην
3611 2484 3704 2538 καὶ

318 2567 687 2648 jejunemus.
700 2566 970 2629 Fecerun
981 2574 1117 2647 tque
1130 2566 1215 2629 uti
1231 2566 1727 2629 deliberaverant.
1747 2570 1965 2647 Cogno-

2056 2571 2293 2652 λέγουσιν
2327 2590 2344 2605 ⁸
2411 2566 2554 2653 Ἀρτι
2625 2572 2678 2629 ἐν
2761 2575 2838 2647 τῲ
2916 2571 3253 2650 μοναστηρίῳ
3337 2570 3699 2646 νηστεύουσιν,

323 2655 405 2717 vit
434 2656 548 2717 hoc
575 2655 785 2737 spiritu
814 2654 986 2717 Pater
1015 2662 1074 2716 et
1124 2654 1407 2736 praecepit
1433 2654 1616 2743 cellae
1668 2656 1965 2738 praefecto,

2056 2665 2360 2740 ποιήσωμεν
2406 2661 2508 2739 ᾦδε
2566 2659 2721 2743 ἄρτον
2767 2663 2856 2719 καὶ
2903 2663 3179 2742 φάγωμεν,
3227 2660 3434 2738 μήποτε
3483 2660 3696 2729 νήστεις

324 2751 391 2807 ut
419 2762 686 2806 mensam
715 2756 1063 2825 apponeret,
1115 2762 1231 2824 quo
1282 2741 1582 2818 fratribus,
1618 2742 1830 2825 inquit,
1863 2761 1965 2806 ve-

2056 2751 2354 2817 ἀνελθόντες
2432 2753 2521 2809 καὶ
2599 2741 2763 2828 ἡμεῖς
2851 2749 2970 2827 μετ’
3053 2750 3223 2808 αὒτῶν
3293 2748 3694 2825 νηστεύσωμεν.

325 2831 654 2910 nientibus,
717 2850 874 2914 pane
918 2849 1250 2895 vescamur.
1298 2833 1346 2895 E
1388 2830 1631 2911 vestigio
1685 2839 1965 2898 venerunt

2057 2843 2158 2900 Καὶ
2212 2841 2377 2906 οὕτως
2434 2841 2712 2916 ἐποίησαν,
2770 2842 2942 2905 καθὼς
2991 2837 3383 2899 ἐϐουλεύσαντο.
3436 2838 3593 2901 Γνοὺς
3641 2834 3701 2892 δὲ

323 2921 437 3003 illi,
457 2921 794 3003 iterumque
810 2940 944 2984 cum
972 2923 1143 2984 Patre
1164 2928 1223 2983 et
1246 2919 1525 2982 fratribus
1567 2923 1763 2985 cibum
1803 2943 1965 2985 sum-

2058 2933 2086 2987 6
2158 2930 2340 3010 Πατὴρ
2408 2932 2484 3005 τῷ
2553 2930 2816 3005 Πνεύματι
2884 2929 2951 2985 τὰ
3004 2929 3120 3009 περὶ
3177 2930 3371 3010 αὐτῶν,
3428 2924 3699 2983 ἐκέλευσεν

327 3019 595 3092 pserunt.
628 3010 778 3099 Ergo
805 3029 838 3073 e
868 3029 1075 3073 mensa
1134 3019 1444 3099 surgentes
1488 3018 1658 3073 vocat
1704 3031 1965 3075 seorsum

2056 3018 2332 3095 ἑτοιμάσαι
2400 3020 2479 3094 τῲ
2542 3017 2851 3099 κελλαρίτῃ,
2924 3013 3042 3091 ἵνα,
3094 3017 3245 3097 φησὶ,
3298 3021 3404 3072 τῶν
3460 3013 3702 3095 ἀδελφῶν

324 3101 502 3188 Pater
524 3099 703 3161 etait:
728 3097 921 3172 Quare
953 3098 1519 3181 praebuistis’aurem
1553 3101 1789 3164 diabolo
1820 3121 1965 3165 con-

2056 3108 2358 3188 φθασάντων
2425 3108 2530 3165 ἀπὸ
2585 3114 2679 3166 τοῦ
2712 3097 2720 3099 ⁷
2749 3097 2911 3184 μύλου
2981 3106 3293 3185 γευσώμεθα
3351 3102 3530 3185 ἄρτου.
3586 3105 3699 3161 E6-

324 3187 522 3249 silium
588 3188 772 3264 danti,
831 3197 898 3252 ut
943 3207 1051 3269 per
1103 3188 1199 3250 via
1246 3191 1603 3255 conﬁceritis
1650 3210 1863 3273 panem
1914 3198 1965 3253 et

2056 3187 2181 3263 θέως
2213 3195 2299 3254 οὖν
2348 3195 2559 3256 ἐκείνων
2609 3196 2886 3272 ἐλθόντων,
2937 3196 3026 3252 καὶ
3071 3192 3232 3251 πάλιν
3277 3193 3410 3272 μετὰ
3446 3199 3538 3249 τοῦ
3576 3198 3697 3248 Πα-

321 3276 702 3339 vescerimini
727 3274 753 3340 ?
780 3275 1078 3359 Numquid
1107 3296 1143 3340 a
1172 3281 1531 3344 monasterio
1561 3281 1736 3360 longe
1767 3280 1967 3358 eratis,

321 3374 422 3428 aut
454 3365 610 3428 servi
631 3365 750 3428 mei
782 3364 949 3441 estis,
982 3373 1069 3443 ut,
1102 3366 1242 3447 quia
1270 3386 1364 3431 me
1394 3370 1638 3446 timetis,
1674 3368 1827 3430 clam
1861 3387 1967 3431 co-

323 3454 578 3517 medatis
604 3453 636 3514 ε)
665 3456 785 3516 Vos
814 3454 1025 3516 fratres
1048 3453 1169 3515 mei
1191 3456 1333 3518 estis
1363 3466 1421 3519 et
1459 3456 1627 3539 panis
1657 3448 1857 3520 vester
1884 3464 1975 3519 est

321 3543 514 3626 labor,
547 3562 659 3608 nec
689 3551 796 3617 est,
833 3544 937 3625 qui
967 3551 1182 3626 praeter
1225 3546 1594 3611 voluntatem
1621 3565 1726 3609 vos
1753 3546 1966 3627 adigat.

322 3633 450 3697 Hoc
474 3632 654 3714 igitur
674 3632 952 3710 scientes,
982 3632 1132 3694 nihil
1151 3653 1408 3715 unquam
1430 3634 1835 3716 committatis,
1865 3654 1972 3717 per

323 3723 486 3805 quod
527 3723 757 3803 Regula
785 3722 1110 3803 frangatur.
1163 3721 1333 3795 Quod
1366 3724 1455 3787 illi
1483 3723 1795 3788 audientes
1826 3743 1968 3806 pro-

322 3819 661 3875 straverunt
691 3830 777 3887 se,
803 3811 1351 3895 promiseruntque,
1378 3813 1439 3876 in
1456 3823 1765 3896 posterum
1787 3813 1965 3876 vitam

323 3919 390 3964 se
423 3901 869 3964 emendaturos.

2049 3287 2171 3366 τρὸς
2227 3286 2317 3343 καὶ
2385 3288 2488 3345 τῶν
2559 3283 2795 3367 ἀδελφῶν
2865 3282 3224 3367 γευσαμένων,
3297 3283 3432 3360 μετὰ
3482 3282 3544 3338 τὸ
3594 3286 3697 3348 τῆς

2048 3373 2312 3454 τραπξης
2379 3366 2743 3451 ἐξαναστῆναι,
2815 3371 2972 3430 καλεῖ
3025 3366 3215 3436 αὖτοὺς
3270 3373 3299 3428 6
3347 3369 3530 3450 Πατὴρ
3585 3391 3698 3426 κα-

2051 3464 2120 3520 τὰ
2168 3463 2357 3540 μόνας,
2380 3465 2496 3539 ,καὶ
2539 3462 2682 3543 λέγει
2739 3462 2921 3526 αύτοτς
2966 3477 2984 3495 ⁶
3045 3461 3195 3518 Διατί
3240 3459 3570 3527 ὑπηκούσατε
3618 3459 3699 3533 τῲ

2053 3548 2281 3626 διαϐόλῳ
2370 3550 2814 3628 συμϐουλεύσαντι
2901 3551 3029 3627 ὑμῖν
3113 3556 3334 3622 ποιῆσαι
3415 3547 3505 3604 καὶ
3596 3548 3697 3614 τὴν

2051 3637 2169 3697 ὅδὸν
2240 3638 2428 3720 ἄρτους
2497 3642 2585 3698 καὶ
2652 3652 2895 3721 φαγεῖν,
2962 3638 3052 3705 Μὴ
3106 3638 3314 3718 μακρὰν
3369 3640 3468 3704 τῆς
3526 3640 3698 3711 μονῆς

2049 3727 2418 3810 ἐτυγχάνετες
2486 3728 2523 3797 ἢ
2591 3726 2766 3788 δοῦλοι
2824 3720 2924 3803 μου
2973 3726 3263 3810 ὑπάρχετε,
3321 3721 3414 3780 ἵνα
3470 3720 3555 3783 διὰ
3603 3725 3696 3781 τὸν

2048 3804 2217 3893 ἐμὸν-⁷
2242 3804 2413 3898 φόϐον
2471 3815 2636 3896 λάθρα
2701 3816 2905 3884 ἐσθίητε
2958 3833 2975 3897 ς
3051 3804 3255 3891 ’Ὑμεῖς
3309 3810 3523 3892 ἀδελφοί
3593 3833 3697 3887 μου

2049 3904 2190 3986 ἐστὲ,
2246 3910 2336 3962 καὶ
2384 3907 2413 3962 6
2470 3902 2626 3986 ἄρτος
2681 3903 2932 3984 ὑμέτερος
2977 3903 3144 3966 κόπος
3186 3902 3345 3977 ἐστὶν,
3399 3902 3487 3957 καὶ
3532 3898 3697 3964 οὐδείς

320 3990 461 4048 ἐστιν
520 3995 548 4049 6
603 3991 796 4069 βιάζων
864 3992 999 4069 ὑμᾶς
1055 3992 1153 4060 τὴν
1209 3994 1504 4073 προαίρεσιν
1559 3993 1730 4069 ὑμῶν,
1792 3998 1956 4051 Τοῦτο
2010 3994 2180 4050 τοίνυν
2244 3992 2590 4072 γινώσκοντες
2660 3990 2924 4070 μηδέποτέ
2978 4013 3030 4047 τι
3093 3991 3236 4070 παρὰ
3291 3988 3485 4047 κανόνα
3537 3990 3696 4061 ποιή-

319 4102 473 4148 σητε.
508 4084 567 4139 Οἱ
594 4079 648 4136 δὲ
676 4080 990 4145 ἀκούσαντες
1021 4079 1208 4139 ἔϐαλον
1240 4083 1544 4162 μετάνοιαν,
1578 4083 1665 4138 καὶ
1693 4081 2077 4160 ἐπηγγείλαντο
2104 4084 2197 4138 τοῦ
2223 4080 2408 4163 λοιποῦ
2438 4079 2834 4163 διορθώσασθαι.

403 4170 503 4234 39.
532 4170 663 4232 Alio
688 4177 955 4251 tempore
985 4189 1120 4232 cum
1142 4175 1315 4233 Pater
1341 4174 1602 4248 abesset,
1621 4172 1783 4251 virgo
1814 4190 1968 4252 quae-

2128 4171 2189 4229 λθ
2204 4163 2233 4234 ’.
2272 4152 2531 4229 λ’λλλοτέ
2587 4170 2745 4229 πάλιν
2815 4178 2907 4229 τοῦ
2965 4169 3197 4251 μεγάλου
3258 4170 3460 4248 Πατρὸς
3514 4167 3569 4224 ἐν
3622 4191 3692 4246 τῃ

325 4258 460 4320 dam
481 4257 646 4320 venit
674 4258 736 4319 in
765 4259 1212 4333 monasterium,
1265 4269 1330 4320 ut
1358 4278 1493 4321 eum
1521 4259 1962 4342 alloqueretur:

325 4346 666 4374 -A---:-Ln|
709 4347 1069 4374 ,αν-,ιιιιέηηηΔ
1102 4349 1316 4374 ___:,):-
1343 4349 1758 4374 --.._...-__:__...
1801 4368 1965 4374 .___-_..

2056 4267 2188 4338 μονῇ
2218 4263 2293 4336 μὴ
2338 4263 2694 4343 ὑπάρχοντος,
2747 4259 2967 4332 ἐλήλυθέ
3015 4281 3097 4323 τις
3123 4256 3374 4338 παρθένος
3407 4270 3690 4338 συντυχεῖν

2060 4348 2190 4374 --ν-ν
2248 4348 2394 4374 ουκ-
2457 4350 2472 4374 _!
2650 4351 2665 4374 κ
2747 4348 2906 4374 ,μὶναη
2966 4348 3037 4374 (σω
3104 4359 3423 4374 __-..._-»-_.
3488 4345 3689 4374 “:13--.

321 4365 433 4408 nec
446 4346 690 4419 sciebat,
709 4347 888 4408 malle
904 4347 1072 4408 illum
1099 4349 1317 4429 aspidis
1339 4349 1965 4431 commercium,quam

2056 4348 2194 4423 αὖτῷ
2247 4348 2566 4427 βουλομένη,
2602 4351 2679 4426 μὴ
2742 4348 2910 4407 εἰδυῖα
2963 4348 3044 4405 ὅτι
3099 4359 3430 4428 προαιρεῖται
3486 4345 3690 4423 μᾶλλον

322 4433 594 4497 mulieris
623 4435 1007 4517 colloquium.
1040 4436 1263 4499 Etcum
1290 4436 1501 4499 fratres
1532 4456 1743 4500 omnes
1773 4438 1965 4519 quiete

2056 4436 2252 4519 ἀσπίδι,
2282 4438 2325 4519 ἢ
2371 4440 2574 4517 γυναικὶ
2610 4437 2885 4515 ὁμιλῆσαι.
2941 4438 3058 4496 Τῶν
3104 4434 3160 4492 δὲ
3205 4433 3442 4516 ἀδελφῶν
3498 4436 3571 4499 εἷς
3626 4435 3693 4491 τὰ

320 4524 384 4586 in
413 4525 582 4587 cellis
616 4532 994 4586 morarentur
1023 4536 1084 4587 et
1134 4525 1433 4587 neminem
1483 4525 1586 4587 illa
1635 4525 1876 4590 Vidisse!
1907 4525 1965 4588 in

2056 4524 2231 4582 κελλία
2309 4528 2707 4607 ἡσυχαζόντων,
2795 4526 2970 4587 ἰδοῦσα
3039 4525 3173 4594 αὐτὴ
3236 4525 3335 4593 τὴν
3404 4523 3690 4592 ἐκκλησίαν

322 4613 600 4690 ecclesia,
636 4612 907 4694 ingressa
955 4620 1046 4676 est
1093 4621 1151 4675 et
1196 4614 1401 4675 oravit.
1447 4613 1522 4677 Ut
1573 4634 1718 4695 ergo
1751 4614 1964 4677 fratres

323 4720 622 4781 egressam
638 4702 935 4780 viderunt,
945 4702 1254 4784 conquesti
1266 4702 1340 4764 de
1353 4702 1622 4785 illasunt,
1637 4702 1791 4784 quod
1807 4720 1962 4782 prae-

321 4798 413 4852 ter
444 4791 934 4854 consuetudinem
985 4791 1246 4855 fecisset.
1299 4794 1371 4853 Et
1416 4791 1537 4868 illa,
1589 4791 1692 4853 ubi
1727 4792 1965 4854 rescivit

319 4880 558 4943 Patrem
592 4880 825 4959 abesse,
858 4882 1173 4944 confestim
1206 4880 1372 4944 abiit.
1406 4884 1705 4946 Reversus
1722 4898 1966 4959 magnus

318 4966 496 5030 Pater
516 4981 649 5049 post
668 4969 799 5032 dies
819 4978 1095 5052 quatuor,
1120 4970 1301 5052 coepit
1319 4970 1552 5045 fratres,
1576 4970 1677 5052 qui
1698 4969 1769 5031 ad
1817 4987 1965 5030 con-

323 5057 699 5120 salutandum
719 5067 1141 5136 convenerant,
1167 5059 1481 5141 increpare
1498 5078 1567 5121 ac
1587 5059 1816 5120 dicere:
1841 5056 1965 5120 Ta-

322 5145 412 5208 les
426 5164 529 5208 vos
550 5146 693 5209 estis
710 5147 1048 5226 mo‘onachi,
1073 5168 1222 5231 quos
1260 5166 1378 5211 una
1401 5149 1617 5210 mulier
1644 5146 1967 5209 adveniens

324 5234 570 5297 eluserit
604 5244 661 5297 et
694 5245 951 5300 vestram
993 5238 1309 5300 ecclesiam
1347 5237 1562 5300 foetore
1591 5234 1919 5318 oppleverit
1948 5259 1964 5312 ;

318 5324 589 5404 profecto
621 5324 784 5406 digni
815 5326 981 5401 estis,
1014 5326 1119 5407 qui
1165 5329 1332 5404 grani
1385 5345 1558 5408 paena
1607 5323 1963 5387 multemini.

318 5410 411 5474 Illi
440 5432 581 5476 vero
627 5421 934 5495 stupentes
984 5415 1363 5490 miraculum,
1415 5414 1867 5495 procubuerunt
1910 5419 1969 5475 et

317 5500 549 5563 veniam
570 5501 892 5585 petierunt.
932 5502 1001 5568 At
1019 5520 1159 5566 vero
1184 5502 1392 5565 beatus
1414 5520 1620 5566 revera
1655 5502 1964 5584 Georgius,

320 5589 762 5671 egregiisjuxta
774 5590 883 5658 Dei
901 5591 1096 5672 legem
1120 5591 1298 5658 editis
1318 5591 1623 5674 operibus,
1649 5599 1709 5657 et
1745 5590 1967 5674 proba-

2049 4614 2458 4692 μεμονωμένην,
2521 4616 2725 4684 εἰσῆλθε
2780 4619 2870 4675 καὶ
2924 4614 3144 4686 ηύξατο.
3204 4611 3425 4678 Ἰδόντες
3479 4611 3533 4670 δὲ
3589 4614 3692 4670 αύ-

2044 4705 2143 4772 τὴν
2196 4708 2243 4761 οἱ
2300 4703 2511 4786 ἀδελφοὶ
2566 4704 2955 4783 ἐξεληλυθυῖαν,
3016 4705 3306 4786 ἐγόγγυσαν
3352 4700 3471 4760 κατ’
3526 4702 3694 4769 αὐτῆς

2044 4795 2118 4858 ὡς
2170 4794 2311 4873 παρὰ
2366 4785 2640 4866 συνήθειαν
2708 4796 3035 4863 ποιησάσης.
3090 4785 3152 4851 (Η
3210 4790 3265 4848 δὲ
3320 4795 3554 4868 μαθοῦσα
3610 4790 3691 4848 ὅτι

2048 4883 2075 4938 6
2129 4883 2311 4962 Πατὴρ
2367 4885 2460 4941 οὐκ
2512 4883 2653 4941 ἔστιν
2710 4884 2906 4960 ἐκεῖσε,
2968 4881 3202 4951 ἀπῆλθεν
3250 4880 3458 4944 ευθέως.
3506 4889 3690 4938 Κατα-

2046 4968 2220 5027 λαϐὼν
2291 4971 2379 5027 οὖν
2449 4974 2477 5029 6
2548 4973 2713 5052 μέγας
2779 4975 2912 5050 μετὰ
2980 4973 3234 5052 τετάρτην
3301 4968 3529 5050 ἡμέραν,
3604 4970 3693 5026 καὶ

2046 5065 2153 5116 τῶν
2221 5058 2458 5142 ἀδελφῶν
2528 5063 2601 5125 είς
2669 5063 3022 5142 προσκύνησιν
3091 5060 3247 5116 αἶ)τοῦ
3316 5058 3689 5131 συνελθόντων,

2048 5146 2239 5228 ἤρξατο
2308 5151 2491 5214 αὐτοῖς
2561 5150 2969 5231 ἐπιμέμφεσθαι,
3019 5149 3109 5205 καὶ
3163 5146 3337 5226 λέγειν
3372 5166 3388 5183 ο
3449 5153 3689 5204 Τοιοῦτοι

2049 5239 2279 5319 μοναχοί
2330 5238 2447 5294 ἐστε
2487 5239 2668 5317 ὑμεῖς,
2720 5238 2800 5295 ὅτι
2850 5239 2943 5315 μία
2989 5237 3122 5318 γύνὴ
3171 5234 3389 5295 ἐλθοῦσα
3438 5234 3688 5301 κατηπᾶ-

2045 5346 2206 5392 τησεν
2271 5327 2430 5403 ὑμᾶς,
2500 5329 2590 5384 καὶ
2657 5328 2926 5400 συνώζησε
2994 5327 3093 5394 τὴν
3162 5324 3447 5393 ἐκκλησίαν
3514 5325 3685 5400 ὑμῶν.

2066 5422 2242 5478 Οντως
2304 5414 2537 5493 μεγάλου
2589 5415 2853 5493 ἐπιτιμίου
2910 5414 3028 5473 ἐστέ
3082 5412 3242 5481 ἄξιοι,
3301 5416 3362 5473 Οἱ
3408 5411 3464 5469 δὲ
3512 5434 3684 5470 κατα-

2047 5499 2337 5582 πλαγέντες
2406 5501 2492 5560 ἐπὶ
2559 5502 2637 5578 τῷ
2689 5504 2938 5583 θαύματι,
2999 5499 3185 5560 ἔϐαλον
3244 5499 3544 5580 μετάνοιαν,
3602 5499 3691 5555 καὶ

2047 5590 2390 5669 συγχώρησιν
2441 5589 2788 5669 ἐξῃτήσαντο.
2842 5583 2900 5652 ’0
2947 5591 3113 5652 τοίνυν
3163 5590 3421 5669 μακάριος
3469 5586 3688 5655 ἀληθῶς
