  <div class='ocr_page' id='page_1' title='image "/cluster/home/n/w/nwhite01/storage/ocr_20150623/120/mdp.39015008866736/045.png"; bbox 0 0 3966 6148; ppageno 0'>
   <div class='ocr_carea' id='block_1_1' title="bbox 309 320 390 386">
    <p class='ocr_par' dir='ltr' id='par_1_1' title="bbox 309 320 390 386">
     <span class='ocr_line' id='line_1_1' title="bbox 309 320 390 386; baseline 0.025 -2"><span class='ocrx_word' id='word_1_1' title='bbox 309 320 390 386; x_wconf 81' lang='grc'>79</span> 
     </span>
    </p>
   </div>
   <div class='ocr_carea' id='block_1_2' title="bbox 1817 314 2181 382">
    <p class='ocr_par' dir='ltr' id='par_1_2' title="bbox 1817 314 2181 382">
     <span class='ocr_line' id='line_1_2' title="bbox 1817 314 2181 382; baseline 0.005 -3"><span class='ocrx_word' id='word_1_2' title='bbox 1817 314 2181 382; x_wconf 86' lang='lat' dir='ltr'>ANONYMI</span> 
     </span>
    </p>
   </div>
   <div class='ocr_carea' id='block_1_3' title="bbox 3619 321 3704 386">
    <p class='ocr_par' dir='ltr' id='par_1_3' title="bbox 3619 321 3704 386">
     <span class='ocr_line' id='line_1_3' title="bbox 3619 321 3704 386; baseline 0.012 -1"><span class='ocrx_word' id='word_1_3' title='bbox 3619 321 3704 386; x_wconf 88' lang='lat'>80</span> 
     </span>
    </p>
   </div>
   <div class='ocr_carea' id='block_1_4' title="bbox 310 446 1980 532">
    <p class='ocr_par' dir='ltr' id='par_1_4' title="bbox 310 446 1980 531">
     <span class='ocr_line' id='line_1_4' title="bbox 310 446 1980 531; baseline -0.002 -17"><span class='ocrx_word' id='word_1_4' title='bbox 310 451 420 515; x_wconf 87' lang='lat' dir='ltr'>bus</span> <span class='ocrx_word' id='word_1_5' title='bbox 445 459 502 514; x_wconf 87' lang='lat' dir='ltr'>et</span> <span class='ocrx_word' id='word_1_6' title='bbox 522 450 781 531; x_wconf 85' lang='lat' dir='ltr'>templis,</span> <span class='ocrx_word' id='word_1_7' title='bbox 808 449 1065 530; x_wconf 76' lang='lat' dir='ltr'>collapsa</span> <span class='ocrx_word' id='word_1_8' title='bbox 1087 447 1147 510; x_wconf 93' lang='lat' dir='ltr'>in</span> <span class='ocrx_word' id='word_1_9' title='bbox 1170 447 1638 520; x_wconf 87' lang='lat' dir='ltr'>inferiorem,ita</span> <span class='ocrx_word' id='word_1_10' title='bbox 1656 453 1724 509; x_wconf 92' lang='lat' dir='ltr'>ut</span> <span class='ocrx_word' id='word_1_11' title='bbox 1745 446 1980 511; x_wconf 71' lang='lat' dir='ltr'>domos.</span> 
     </span>
    </p>
   </div>
   <div class='ocr_carea' id='block_1_5' title="bbox 2072 446 3700 532">
    <p class='ocr_par' dir='ltr' id='par_1_5' title="bbox 2075 450 3700 532">
     <span class='ocr_line' id='line_1_5' title="bbox 2075 450 3700 532; baseline 0 -26"><span class='ocrx_word' id='word_1_12' title='bbox 2075 472 2131 516; x_wconf 88' lang='grc' dir='ltr'>ος</span> <span class='ocrx_word' id='word_1_13' title='bbox 2187 452 2278 508; x_wconf 80' lang='grc' dir='ltr'>σὺν</span> <span class='ocrx_word' id='word_1_14' title='bbox 2337 450 2510 515; x_wconf 76' lang='grc' dir='ltr'>οἴκοις</span> <span class='ocrx_word' id='word_1_15' title='bbox 2565 453 2654 509; x_wconf 85' lang='grc' dir='ltr'>καὶ</span> <span class='ocrx_word' id='word_1_16' title='bbox 2709 453 3025 532; x_wconf 76' lang='grc' dir='ltr'>εὒκτηρίοις,</span> <span class='ocrx_word' id='word_1_17' title='bbox 3085 454 3174 510; x_wconf 83' lang='grc' dir='ltr'>καὶ</span> <span class='ocrx_word' id='word_1_18' title='bbox 3230 453 3548 518; x_wconf 77' lang='grc' dir='ltr'>ἐπελθόντος</span> <span class='ocrx_word' id='word_1_19' title='bbox 3602 475 3700 508; x_wconf 86' lang='grc' dir='ltr'>του</span> 
     </span>
    </p>
   </div>
   <div class='ocr_carea' id='block_1_6' title="bbox 315 535 1980 620">
    <p class='ocr_par' dir='ltr' id='par_1_6' title="bbox 315 535 1960 619">
     <span class='ocr_line' id='line_1_6' title="bbox 315 535 1960 619; baseline -0.004 -15"><span class='ocrx_word' id='word_1_20' title='bbox 315 539 974 613; x_wconf 89' lang='lat' dir='ltr'>etecclesiasobruerit,</span> <span class='ocrx_word' id='word_1_21' title='bbox 1001 535 1582 619; x_wconf 85' lang='lat' dir='ltr'>exceptaepiscopali</span> <span class='ocrx_word' id='word_1_22' title='bbox 1609 536 1857 597; x_wconf 76' lang='lat' dir='ltr'>ecclesia</span> <span class='ocrx_word' id='word_1_23' title='bbox 1887 535 1960 597; x_wconf 94' lang='lat' dir='ltr'>ob</span> 
     </span>
    </p>
   </div>
   <div class='ocr_carea' id='block_1_7' title="bbox 2072 535 3694 620">
    <p class='ocr_par' dir='ltr' id='par_1_7' title="bbox 2072 539 3694 620">
     <span class='ocr_line' id='line_1_7' title="bbox 2072 539 3694 620; baseline 0.001 -24"><span class='ocrx_word' id='word_1_24' title='bbox 2072 539 2362 620; x_wconf 73' lang='grc' dir='ltr'>ιατωτέρου,</span> <span class='ocrx_word' id='word_1_25' title='bbox 2433 539 2766 616; x_wconf 80' lang='grc' dir='ltr'>καλύψαντός</span> <span class='ocrx_word' id='word_1_26' title='bbox 2834 563 2892 597; x_wconf 88' lang='grc' dir='ltr'>τε</span> <span class='ocrx_word' id='word_1_27' title='bbox 2963 541 3145 605; x_wconf 74' lang='grc' dir='ltr'>οἴκους</span> <span class='ocrx_word' id='word_1_28' title='bbox 3215 544 3304 599; x_wconf 81' lang='grc' dir='ltr'>καὶ</span> <span class='ocrx_word' id='word_1_29' title='bbox 3377 542 3694 615; x_wconf 75' lang='grc' dir='ltr'>ἐκκλησίας,</span> 
     </span>
    </p>
   </div>
   <div class='ocr_carea' id='block_1_8' title="bbox 313 624 1980 706">
    <p class='ocr_par' dir='ltr' id='par_1_8' title="bbox 313 624 1962 706">
     <span class='ocr_line' id='line_1_8' title="bbox 313 624 1962 706; baseline -0.004 -14"><span class='ocrx_word' id='word_1_30' title='bbox 313 630 709 692; x_wconf 83' lang='lat' dir='ltr'>reverentiam</span> <span class='ocrx_word' id='word_1_31' title='bbox 741 636 958 691; x_wconf 60' lang='lat' dir='ltr'>sancta</span> <span class='ocrx_word' id='word_1_32' title='bbox 978 626 1183 690; x_wconf 88' lang='lat' dir='ltr'>Irenes</span> <span class='ocrx_word' id='word_1_33' title='bbox 1213 627 1360 706; x_wconf 77' lang='lat'>(34),</span> <span class='ocrx_word' id='word_1_34' title='bbox 1388 624 1802 687; x_wconf 86' lang='lat' dir='ltr'>admirandum</span> <span class='ocrx_word' id='word_1_35' title='bbox 1837 634 1962 686; x_wconf 89' lang='lat' dir='ltr'>erat</span> 
     </span>
    </p>
   </div>
   <div class='ocr_carea' id='block_1_9' title="bbox 2072 624 3700 706">
    <p class='ocr_par' dir='ltr' id='par_1_9' title="bbox 2072 626 3700 706">
     <span class='ocr_line' id='line_1_9' title="bbox 2072 626 3700 706; baseline -0.001 -21"><span class='ocrx_word' id='word_1_36' title='bbox 2072 631 2130 685; x_wconf 83' lang='grc' dir='ltr'>,αὶ</span> <span class='ocrx_word' id='word_1_37' title='bbox 2203 629 2279 705; x_wconf 78' lang='grc' dir='ltr'>μὴ</span> <span class='ocrx_word' id='word_1_38' title='bbox 2350 626 2668 692; x_wconf 83' lang='grc' dir='ltr'>αἰδεσθέντος</span> <span class='ocrx_word' id='word_1_39' title='bbox 2738 632 2780 686; x_wconf 89' lang='grc' dir='ltr'>εἰ</span> <span class='ocrx_word' id='word_1_40' title='bbox 2849 631 2926 706; x_wconf 78' lang='grc' dir='ltr'>μὴ</span> <span class='ocrx_word' id='word_1_41' title='bbox 2999 631 3167 706; x_wconf 88' lang='grc' dir='ltr'>μόνην</span> <span class='ocrx_word' id='word_1_42' title='bbox 3238 632 3338 698; x_wconf 76' lang='grc' dir='ltr'>τὴν</span> <span class='ocrx_word' id='word_1_43' title='bbox 3410 630 3700 695; x_wconf 75' lang='grc' dir='ltr'>καθολικὴν</span> 
     </span>
    </p>
   </div>
   <div class='ocr_carea' id='block_1_10' title="bbox 319 715 1961 797">
    <p class='ocr_par' dir='ltr' id='par_1_10' title="bbox 319 715 1961 797">
     <span class='ocr_line' id='line_1_10' title="bbox 319 715 1961 797; baseline -0.004 -16"><span class='ocrx_word' id='word_1_44' title='bbox 319 726 379 781; x_wconf 89' lang='lat' dir='ltr'>et</span> <span class='ocrx_word' id='word_1_45' title='bbox 408 718 695 780; x_wconf 85' lang='lat' dir='ltr'>horribile</span> <span class='ocrx_word' id='word_1_46' title='bbox 721 717 1060 780; x_wconf 83' lang='lat' dir='ltr'>videntibus</span> <span class='ocrx_word' id='word_1_47' title='bbox 1090 715 1520 797; x_wconf 90' lang='lat' dir='ltr'>spectaculum,</span> <span class='ocrx_word' id='word_1_48' title='bbox 1554 733 1686 776; x_wconf 91' lang='lat' dir='ltr'>cum</span> <span class='ocrx_word' id='word_1_49' title='bbox 1740 723 1961 776; x_wconf 89' lang='lat' dir='ltr'>mutata</span> 
     </span>
    </p>
   </div>
   <div class='ocr_carea' id='block_1_11' title="bbox 321 803 1961 887">
    <p class='ocr_par' dir='ltr' id='par_1_11' title="bbox 321 803 1961 887">
     <span class='ocr_line' id='line_1_11' title="bbox 321 803 1961 887; baseline -0.002 -19"><span class='ocrx_word' id='word_1_50' title='bbox 321 817 484 868; x_wconf 91' lang='lat' dir='ltr'>esset</span> <span class='ocrx_word' id='word_1_51' title='bbox 510 806 732 887; x_wconf 91' lang='lat' dir='ltr'>ubique</span> <span class='ocrx_word' id='word_1_52' title='bbox 751 824 948 867; x_wconf 89' lang='lat' dir='ltr'>rerum</span> <span class='ocrx_word' id='word_1_53' title='bbox 975 805 1156 867; x_wconf 84' lang='lat' dir='ltr'>facies</span> <span class='ocrx_word' id='word_1_54' title='bbox 1174 813 1232 866; x_wconf 91' lang='lat' dir='ltr'>et</span> <span class='ocrx_word' id='word_1_55' title='bbox 1251 805 1364 866; x_wconf 88' lang='lat' dir='ltr'>alia</span> <span class='ocrx_word' id='word_1_56' title='bbox 1384 821 1449 865; x_wconf 90' lang='lat' dir='ltr'>se</span> <span class='ocrx_word' id='word_1_57' title='bbox 1473 803 1662 865; x_wconf 91' lang='lat' dir='ltr'>oculis</span> <span class='ocrx_word' id='word_1_58' title='bbox 1691 823 1800 884; x_wconf 89' lang='lat' dir='ltr'>pro</span> <span class='ocrx_word' id='word_1_59' title='bbox 1830 803 1961 864; x_wconf 90' lang='lat' dir='ltr'>aliis</span> 
     </span>
    </p>
   </div>
   <div class='ocr_carea' id='block_1_12' title="bbox 2043 716 3696 799">
    <p class='ocr_par' dir='ltr' id='par_1_12' title="bbox 2043 716 3696 799">
     <span class='ocr_line' id='line_1_12' title="bbox 2043 716 3696 799; baseline -0.001 -23"><span class='ocrx_word' id='word_1_60' title='bbox 2043 717 2388 798; x_wconf 89' lang='grc' dir='ltr'>Ἐκκλησίαν,</span> <span class='ocrx_word' id='word_1_61' title='bbox 2446 719 2533 774; x_wconf 78' lang='grc' dir='ltr'>καὶ</span> <span class='ocrx_word' id='word_1_62' title='bbox 2578 720 2640 774; x_wconf 83' lang='grc' dir='ltr'>τὸ</span> <span class='ocrx_word' id='word_1_63' title='bbox 2686 716 2852 794; x_wconf 74' lang='grc' dir='ltr'>ὄνομα</span> <span class='ocrx_word' id='word_1_64' title='bbox 2903 723 3001 785; x_wconf 79' lang='grc' dir='ltr'>τῆς</span> <span class='ocrx_word' id='word_1_65' title='bbox 3055 719 3207 798; x_wconf 81' lang='grc' dir='ltr'>ἁγίας</span> <span class='ocrx_word' id='word_1_66' title='bbox 3258 721 3509 799; x_wconf 73' lang='grc' dir='ltr'>Εἰρήνης,</span> <span class='ocrx_word' id='word_1_67' title='bbox 3561 722 3696 780; x_wconf 87' lang='grc' dir='ltr'>θαυ-</span> 
     </span>
    </p>
   </div>
   <div class='ocr_carea' id='block_1_13' title="bbox 2049 805 3698 890">
    <p class='ocr_par' dir='ltr' id='par_1_13' title="bbox 2049 805 3698 890">
     <span class='ocr_line' id='line_1_13' title="bbox 2049 805 3698 890; baseline 0.003 -26"><span class='ocrx_word' id='word_1_68' title='bbox 2049 810 2245 885; x_wconf 84' lang='grc' dir='ltr'>μαστὸν</span> <span class='ocrx_word' id='word_1_69' title='bbox 2274 808 2338 876; x_wconf 79' lang='grc' dir='ltr'>ἦν</span> <span class='ocrx_word' id='word_1_70' title='bbox 2381 810 2469 864; x_wconf 88' lang='grc' dir='ltr'>καὶ</span> <span class='ocrx_word' id='word_1_71' title='bbox 2518 805 2736 888; x_wconf 78' lang='grc' dir='ltr'>φοϐερὸν</span> <span class='ocrx_word' id='word_1_72' title='bbox 2781 823 2899 872; x_wconf 69' lang='grc' dir='ltr'>τοῖς</span> <span class='ocrx_word' id='word_1_73' title='bbox 2946 813 3103 888; x_wconf 82' lang='grc' dir='ltr'>ὁρῶσι</span> <span class='ocrx_word' id='word_1_74' title='bbox 3154 813 3216 866; x_wconf 81' lang='grc' dir='ltr'>τὸ</span> <span class='ocrx_word' id='word_1_75' title='bbox 3261 813 3501 890; x_wconf 80' lang='grc' dir='ltr'>γεγονὸς,</span> <span class='ocrx_word' id='word_1_76' title='bbox 3558 810 3698 869; x_wconf 74' lang='grc' dir='ltr'>ἄλλα</span> 
     </span>
    </p>
   </div>
   <div class='ocr_carea' id='block_1_14' title="bbox 320 891 1980 981">
    <p class='ocr_par' dir='ltr' id='par_1_14' title="bbox 320 891 1969 976">
     <span class='ocr_line' id='line_1_14' title="bbox 320 891 1969 976; baseline -0.002 -20"><span class='ocrx_word' id='word_1_77' title='bbox 320 896 626 960; x_wconf 72' lang='lat' dir='ltr'>offerrent.</span> <span class='ocrx_word' id='word_1_78' title='bbox 646 894 717 956; x_wconf 89' lang='lat' dir='ltr'>Et</span> <span class='ocrx_word' id='word_1_79' title='bbox 739 894 900 976; x_wconf 92' lang='lat' dir='ltr'>quod</span> <span class='ocrx_word' id='word_1_80' title='bbox 927 902 1231 974; x_wconf 83' lang='lat' dir='ltr'>stuporem</span> <span class='ocrx_word' id='word_1_81' title='bbox 1266 891 1557 967; x_wconf 76' lang='lat' dir='ltr'>movebat,</span> <span class='ocrx_word' id='word_1_82' title='bbox 1593 893 1654 952; x_wconf 91' lang='lat' dir='ltr'>in</span> <span class='ocrx_word' id='word_1_83' title='bbox 1684 900 1800 953; x_wconf 87' lang='lat' dir='ltr'>tam</span> <span class='ocrx_word' id='word_1_84' title='bbox 1831 893 1969 953; x_wconf 87' lang='lat' dir='ltr'>hor-</span> 
     </span>
    </p>
   </div>
   <div class='ocr_carea' id='block_1_15' title="bbox 2072 891 3706 981">
    <p class='ocr_par' dir='ltr' id='par_1_15' title="bbox 2076 897 3706 981">
     <span class='ocr_line' id='line_1_15' title="bbox 2076 897 3706 981; baseline 0.002 -26"><span class='ocrx_word' id='word_1_85' title='bbox 2076 897 2100 964; x_wconf 80' lang='grc' dir='ltr'>ξ</span> <span class='ocrx_word' id='word_1_86' title='bbox 2155 898 2330 955; x_wconf 73' lang='grc' dir='ltr'>ἄλλων</span> <span class='ocrx_word' id='word_1_87' title='bbox 2379 900 2668 978; x_wconf 76' lang='grc' dir='ltr'>φαινόμενα</span> <span class='ocrx_word' id='word_1_88' title='bbox 2723 900 2790 955; x_wconf 76' lang='grc' dir='ltr'>τὰ</span> <span class='ocrx_word' id='word_1_89' title='bbox 2836 902 3033 974; x_wconf 85' lang='grc' dir='ltr'>πάντα,</span> <span class='ocrx_word' id='word_1_90' title='bbox 3093 902 3180 956; x_wconf 86' lang='grc' dir='ltr'>καὶ</span> <span class='ocrx_word' id='word_1_91' title='bbox 3227 900 3378 981; x_wconf 76' lang='grc' dir='ltr'>ἕτερα</span> <span class='ocrx_word' id='word_1_92' title='bbox 3431 900 3541 958; x_wconf 81' lang='grc' dir='ltr'>ἀνθ’</span> <span class='ocrx_word' id='word_1_93' title='bbox 3589 902 3706 957; x_wconf 79' lang='grc' dir='ltr'>ἐτέ-</span> 
     </span>
    </p>
   </div>
   <div class='ocr_carea' id='block_1_16' title="bbox 320 981 1966 1061">
    <p class='ocr_par' dir='ltr' id='par_1_16' title="bbox 320 981 1966 1061">
     <span class='ocr_line' id='line_1_16' title="bbox 320 981 1966 1061; baseline -0.002 -15"><span class='ocrx_word' id='word_1_94' title='bbox 320 983 509 1046; x_wconf 88' lang='lat' dir='ltr'>rendo</span> <span class='ocrx_word' id='word_1_95' title='bbox 544 983 764 1046; x_wconf 89' lang='lat' dir='ltr'>diluvio</span> <span class='ocrx_word' id='word_1_96' title='bbox 786 983 986 1045; x_wconf 92' lang='lat' dir='ltr'>nullus</span> <span class='ocrx_word' id='word_1_97' title='bbox 1016 984 1217 1058; x_wconf 91' lang='lat' dir='ltr'>homo,</span> <span class='ocrx_word' id='word_1_98' title='bbox 1243 981 1467 1042; x_wconf 91' lang='lat' dir='ltr'>nullum</span> <span class='ocrx_word' id='word_1_99' title='bbox 1487 982 1823 1060; x_wconf 89' lang='lat' dir='ltr'>jumentum</span> <span class='ocrx_word' id='word_1_100' title='bbox 1858 999 1966 1061; x_wconf 89' lang='lat' dir='ltr'>pe-</span> 
     </span>
    </p>
   </div>
   <div class='ocr_carea' id='block_1_17' title="bbox 326 1069 1972 1135">
    <p class='ocr_par' dir='ltr' id='par_1_17' title="bbox 326 1069 1972 1135">
     <span class='ocr_line' id='line_1_17' title="bbox 326 1069 1972 1135; baseline -0.003 -1"><span class='ocrx_word' id='word_1_101' title='bbox 326 1072 514 1134; x_wconf 90' lang='lat' dir='ltr'>rierat</span> <span class='ocrx_word' id='word_1_102' title='bbox 569 1073 714 1135; x_wconf 90' lang='lat' dir='ltr'>Cum</span> <span class='ocrx_word' id='word_1_103' title='bbox 746 1073 874 1133; x_wconf 83' lang='lat' dir='ltr'>haec</span> <span class='ocrx_word' id='word_1_104' title='bbox 923 1072 1138 1132; x_wconf 89' lang='lat' dir='ltr'>multos</span> <span class='ocrx_word' id='word_1_105' title='bbox 1193 1077 1505 1133; x_wconf 75' lang='lat' dir='ltr'>narrantes</span> <span class='ocrx_word' id='word_1_106' title='bbox 1557 1069 1766 1130; x_wconf 90' lang='lat' dir='ltr'>beatus</span> <span class='ocrx_word' id='word_1_107' title='bbox 1801 1071 1972 1130; x_wconf 86' lang='lat' dir='ltr'>Pater</span> 
     </span>
    </p>
   </div>
   <div class='ocr_carea' id='block_1_18' title="bbox 326 1157 1969 1240">
    <p class='ocr_par' dir='ltr' id='par_1_18' title="bbox 326 1157 1969 1240">
     <span class='ocr_line' id='line_1_18' title="bbox 326 1157 1969 1240; baseline -0.002 -18"><span class='ocrx_word' id='word_1_108' title='bbox 326 1161 560 1222; x_wconf 90' lang='lat' dir='ltr'>audiret</span> <span class='ocrx_word' id='word_1_109' title='bbox 589 1168 649 1222; x_wconf 86' lang='lat' dir='ltr'>et</span> <span class='ocrx_word' id='word_1_110' title='bbox 677 1159 1149 1240; x_wconf 89' lang='lat' dir='ltr'>obstupesceret,</span> <span class='ocrx_word' id='word_1_111' title='bbox 1172 1159 1364 1220; x_wconf 91' lang='lat' dir='ltr'>visum</span> <span class='ocrx_word' id='word_1_112' title='bbox 1380 1157 1468 1219; x_wconf 89' lang='lat' dir='ltr'>illi</span> <span class='ocrx_word' id='word_1_113' title='bbox 1491 1165 1580 1219; x_wconf 92' lang='lat' dir='ltr'>est</span> <span class='ocrx_word' id='word_1_114' title='bbox 1599 1158 1969 1237; x_wconf 80' lang='lat' dir='ltr'>postmodum</span> 
     </span>
    </p>
   </div>
   <div class='ocr_carea' id='block_1_19' title="bbox 324 1245 1974 1329">
    <p class='ocr_par' dir='ltr' id='par_1_19' title="bbox 324 1245 1974 1329">
     <span class='ocr_line' id='line_1_19' title="bbox 324 1245 1974 1329; baseline -0.002 -18"><span class='ocrx_word' id='word_1_115' title='bbox 324 1248 561 1328; x_wconf 80' lang='lat' dir='ltr'>ingredi</span> <span class='ocrx_word' id='word_1_116' title='bbox 594 1256 652 1311; x_wconf 90' lang='lat' dir='ltr'>et</span> <span class='ocrx_word' id='word_1_117' title='bbox 682 1249 950 1311; x_wconf 88' lang='lat' dir='ltr'>contueri</span> <span class='ocrx_word' id='word_1_118' title='bbox 980 1248 1138 1329; x_wconf 92' lang='lat' dir='ltr'>quod</span> <span class='ocrx_word' id='word_1_119' title='bbox 1173 1247 1518 1326; x_wconf 84' lang='lat' dir='ltr'>contigerat.</span> <span class='ocrx_word' id='word_1_120' title='bbox 1542 1245 1852 1325; x_wconf 86' lang='lat' dir='ltr'>Ingressus</span> <span class='ocrx_word' id='word_1_121' title='bbox 1865 1266 1974 1308; x_wconf 89' lang='lat' dir='ltr'>au-</span> 
     </span>
    </p>
   </div>
   <div class='ocr_carea' id='block_1_20' title="bbox 327 1335 1972 1416">
    <p class='ocr_par' dir='ltr' id='par_1_20' title="bbox 327 1335 1972 1416">
     <span class='ocr_line' id='line_1_20' title="bbox 327 1335 1972 1416; baseline -0.002 -17"><span class='ocrx_word' id='word_1_122' title='bbox 327 1345 449 1400; x_wconf 87' lang='lat' dir='ltr'>tem</span> <span class='ocrx_word' id='word_1_123' title='bbox 481 1343 572 1400; x_wconf 86' lang='lat' dir='ltr'>est</span> <span class='ocrx_word' id='word_1_124' title='bbox 599 1337 674 1399; x_wconf 90' lang='lat' dir='ltr'>ad</span> <span class='ocrx_word' id='word_1_125' title='bbox 703 1338 863 1400; x_wconf 92' lang='lat' dir='ltr'>hunc</span> <span class='ocrx_word' id='word_1_126' title='bbox 895 1338 1158 1399; x_wconf 91' lang='lat' dir='ltr'>modum.</span> <span class='ocrx_word' id='word_1_127' title='bbox 1185 1336 1516 1416; x_wconf 86' lang='lat' dir='ltr'>Projectam</span> <span class='ocrx_word' id='word_1_128' title='bbox 1547 1335 1609 1395; x_wconf 88' lang='lat' dir='ltr'>in</span> <span class='ocrx_word' id='word_1_129' title='bbox 1638 1335 1730 1396; x_wconf 85' lang='lat' dir='ltr'>via</span> <span class='ocrx_word' id='word_1_130' title='bbox 1760 1335 1972 1415; x_wconf 91' lang='lat' dir='ltr'>pellem</span> 
     </span>
    </p>
   </div>
   <div class='ocr_carea' id='block_1_21' title="bbox 326 1423 1976 1507">
    <p class='ocr_par' dir='ltr' id='par_1_21' title="bbox 326 1423 1976 1507">
     <span class='ocr_line' id='line_1_21' title="bbox 326 1423 1976 1507; baseline -0.002 -18"><span class='ocrx_word' id='word_1_131' title='bbox 326 1426 633 1507; x_wconf 83' lang='lat' dir='ltr'>vulpinam</span> <span class='ocrx_word' id='word_1_132' title='bbox 663 1427 912 1507; x_wconf 85' lang='lat' dir='ltr'>invenit,</span> <span class='ocrx_word' id='word_1_133' title='bbox 945 1425 1243 1507; x_wconf 82' lang='lat' dir='ltr'>capitique</span> <span class='ocrx_word' id='word_1_134' title='bbox 1265 1423 1713 1504; x_wconf 88' lang='lat' dir='ltr'>circumligavit,</span> <span class='ocrx_word' id='word_1_135' title='bbox 1736 1424 1976 1505; x_wconf 90' lang='lat' dir='ltr'>pallium</span> 
     </span>
    </p>
   </div>
   <div class='ocr_carea' id='block_1_22' title="bbox 327 1513 1976 1594">
    <p class='ocr_par' dir='ltr' id='par_1_22' title="bbox 327 1513 1976 1594">
     <span class='ocr_line' id='line_1_22' title="bbox 327 1513 1976 1594; baseline -0.001 -19"><span class='ocrx_word' id='word_1_136' title='bbox 327 1533 470 1578; x_wconf 90' lang='lat' dir='ltr'>vero</span> <span class='ocrx_word' id='word_1_137' title='bbox 501 1514 714 1576; x_wconf 88' lang='lat' dir='ltr'>baculo</span> <span class='ocrx_word' id='word_1_138' title='bbox 745 1515 1039 1594; x_wconf 89' lang='lat' dir='ltr'>injectum</span> <span class='ocrx_word' id='word_1_139' title='bbox 1091 1514 1335 1593; x_wconf 83' lang='lat' dir='ltr'>gerebat</span> <span class='ocrx_word' id='word_1_140' title='bbox 1372 1513 1646 1576; x_wconf 88' lang='lat' dir='ltr'>humero.</span> <span class='ocrx_word' id='word_1_141' title='bbox 1679 1514 1764 1575; x_wconf 89' lang='lat' dir='ltr'>Ita</span> <span class='ocrx_word' id='word_1_142' title='bbox 1794 1521 1976 1574; x_wconf 91' lang='lat' dir='ltr'>totum</span> 
     </span>
    </p>
   </div>
   <div class='ocr_carea' id='block_1_23' title="bbox 328 1600 1980 1686">
    <p class='ocr_par' dir='ltr' id='par_1_23' title="bbox 328 1600 1980 1686">
     <span class='ocr_line' id='line_1_23' title="bbox 328 1600 1980 1686; baseline -0.003 -20"><span class='ocrx_word' id='word_1_143' title='bbox 328 1603 672 1686; x_wconf 87' lang='lat' dir='ltr'>pertransiit</span> <span class='ocrx_word' id='word_1_144' title='bbox 700 1604 987 1685; x_wconf 90' lang='lat' dir='ltr'>oppidum</span> <span class='ocrx_word' id='word_1_145' title='bbox 1012 1603 1287 1665; x_wconf 90' lang='lat' dir='ltr'>omnibus</span> <span class='ocrx_word' id='word_1_146' title='bbox 1315 1602 1670 1680; x_wconf 80' lang='lat' dir='ltr'>incognitus.</span> <span class='ocrx_word' id='word_1_147' title='bbox 1697 1600 1980 1663; x_wconf 90' lang='lat' dir='ltr'>Videntes</span> 
     </span>
    </p>
   </div>
   <div class='ocr_carea' id='block_1_24' title="bbox 329 1688 1976 1773">
    <p class='ocr_par' dir='ltr' id='par_1_24' title="bbox 329 1688 1976 1773">
     <span class='ocr_line' id='line_1_24' title="bbox 329 1688 1976 1773; baseline -0.003 -18"><span class='ocrx_word' id='word_1_148' title='bbox 329 1700 533 1755; x_wconf 87' lang='lat' dir='ltr'>autem</span> <span class='ocrx_word' id='word_1_149' title='bbox 567 1691 738 1773; x_wconf 89' lang='lat' dir='ltr'>pueri</span> <span class='ocrx_word' id='word_1_150' title='bbox 766 1694 880 1755; x_wconf 90' lang='lat' dir='ltr'>hoc</span> <span class='ocrx_word' id='word_1_151' title='bbox 909 1691 1116 1754; x_wconf 88' lang='lat' dir='ltr'>habitu</span> <span class='ocrx_word' id='word_1_152' title='bbox 1148 1699 1410 1766; x_wconf 89' lang='lat' dir='ltr'>euntem,</span> <span class='ocrx_word' id='word_1_153' title='bbox 1463 1688 1862 1769; x_wconf 89' lang='lat' dir='ltr'>sequebantur</span> <span class='ocrx_word' id='word_1_154' title='bbox 1895 1691 1976 1750; x_wconf 90' lang='lat' dir='ltr'>Ia-</span> 
     </span>
    </p>
   </div>
   <div class='ocr_carea' id='block_1_25' title="bbox 332 1777 1975 1861">
    <p class='ocr_par' dir='ltr' id='par_1_25' title="bbox 332 1777 1975 1861">
     <span class='ocr_line' id='line_1_25' title="bbox 332 1777 1975 1861; baseline -0.002 -19"><span class='ocrx_word' id='word_1_155' title='bbox 332 1781 496 1861; x_wconf 89' lang='lat' dir='ltr'>pillis</span> <span class='ocrx_word' id='word_1_156' title='bbox 529 1788 824 1861; x_wconf 85' lang='lat' dir='ltr'>petentes,</span> <span class='ocrx_word' id='word_1_157' title='bbox 859 1781 1248 1861; x_wconf 89' lang='lat' dir='ltr'>dicentesque</span> <span class='ocrx_word' id='word_1_158' title='bbox 1278 1798 1292 1842; x_wconf 91' lang='lat'>:</span> <span class='ocrx_word' id='word_1_159' title='bbox 1326 1777 1487 1840; x_wconf 91' lang='lat' dir='ltr'>Heus</span> <span class='ocrx_word' id='word_1_160' title='bbox 1517 1777 1773 1856; x_wconf 86' lang='lat' dir='ltr'>Bulgare</span> <span class='ocrx_word' id='word_1_161' title='bbox 1801 1777 1975 1839; x_wconf 88' lang='lat' dir='ltr'>Calo-</span> 
     </span>
    </p>
   </div>
   <div class='ocr_carea' id='block_1_26' title="bbox 332 1866 1978 1950">
    <p class='ocr_par' dir='ltr' id='par_1_26' title="bbox 332 1866 1978 1950">
     <span class='ocr_line' id='line_1_26' title="bbox 332 1866 1978 1950; baseline -0.003 -18"><span class='ocrx_word' id='word_1_162' title='bbox 332 1889 474 1949; x_wconf 83' lang='lat' dir='ltr'>gere</span> <span class='ocrx_word' id='word_1_163' title='bbox 505 1870 985 1950; x_wconf 88' lang='lat' dir='ltr'>;aliiFrancum,</span> <span class='ocrx_word' id='word_1_164' title='bbox 1010 1870 1114 1932; x_wconf 88' lang='lat' dir='ltr'>alii</span> <span class='ocrx_word' id='word_1_165' title='bbox 1143 1867 1432 1930; x_wconf 89' lang='lat' dir='ltr'>vocabant</span> <span class='ocrx_word' id='word_1_166' title='bbox 1457 1866 1836 1929; x_wconf 86' lang='lat' dir='ltr'>Armenium.</span> <span class='ocrx_word' id='word_1_167' title='bbox 1872 1867 1978 1930; x_wconf 92' lang='lat' dir='ltr'>Ille</span> 
     </span>
    </p>
   </div>
   <div class='ocr_carea' id='block_1_27' title="bbox 330 1955 1978 2039">
    <p class='ocr_par' dir='ltr' id='par_1_27' title="bbox 330 1955 1978 2039">
     <span class='ocr_line' id='line_1_27' title="bbox 330 1955 1978 2039; baseline -0.002 -19"><span class='ocrx_word' id='word_1_168' title='bbox 330 1977 470 2020; x_wconf 90' lang='lat' dir='ltr'>vero</span> <span class='ocrx_word' id='word_1_169' title='bbox 503 1959 713 2022; x_wconf 90' lang='lat' dir='ltr'>tacitus</span> <span class='ocrx_word' id='word_1_170' title='bbox 733 1978 868 2021; x_wconf 94' lang='lat' dir='ltr'>cum</span> <span class='ocrx_word' id='word_1_171' title='bbox 893 1959 1094 2020; x_wconf 88' lang='lat' dir='ltr'>omnia</span> <span class='ocrx_word' id='word_1_172' title='bbox 1115 1956 1537 2039; x_wconf 81' lang='lat' dir='ltr'>perspexisset,</span> <span class='ocrx_word' id='word_1_173' title='bbox 1568 1955 1640 2017; x_wconf 87' lang='lat' dir='ltr'>ad</span> <span class='ocrx_word' id='word_1_174' title='bbox 1671 1974 1978 2036; x_wconf 69' lang='lat' dir='ltr'>vesperam</span> 
     </span>
    </p>
   </div>
   <div class='ocr_carea' id='block_1_28' title="bbox 333 2044 1976 2128">
    <p class='ocr_par' dir='ltr' id='par_1_28' title="bbox 333 2044 1976 2128">
     <span class='ocr_line' id='line_1_28' title="bbox 333 2044 1976 2128; baseline -0.002 -19"><span class='ocrx_word' id='word_1_175' title='bbox 333 2047 586 2109; x_wconf 87' lang='lat' dir='ltr'>contulit</span> <span class='ocrx_word' id='word_1_176' title='bbox 613 2066 678 2110; x_wconf 93' lang='lat' dir='ltr'>se</span> <span class='ocrx_word' id='word_1_177' title='bbox 707 2047 769 2108; x_wconf 88' lang='lat' dir='ltr'>in</span> <span class='ocrx_word' id='word_1_178' title='bbox 803 2048 1088 2128; x_wconf 89' lang='lat' dir='ltr'>majorem</span> <span class='ocrx_word' id='word_1_179' title='bbox 1121 2045 1461 2117; x_wconf 88' lang='lat' dir='ltr'>ecclesiam,</span> <span class='ocrx_word' id='word_1_180' title='bbox 1492 2044 1790 2124; x_wconf 88' lang='lat' dir='ltr'>etabjecta</span> <span class='ocrx_word' id='word_1_181' title='bbox 1823 2044 1976 2124; x_wconf 90' lang='lat' dir='ltr'>pelle</span> 
     </span>
    </p>
   </div>
   <div class='ocr_carea' id='block_1_29' title="bbox 334 2132 1979 2217">
    <p class='ocr_par' dir='ltr' id='par_1_29' title="bbox 334 2132 1979 2217">
     <span class='ocr_line' id='line_1_29' title="bbox 334 2132 1979 2217; baseline -0.004 -18"><span class='ocrx_word' id='word_1_182' title='bbox 334 2135 412 2199; x_wconf 90' lang='lat' dir='ltr'>de</span> <span class='ocrx_word' id='word_1_183' title='bbox 440 2135 656 2217; x_wconf 88' lang='lat' dir='ltr'>capite,</span> <span class='ocrx_word' id='word_1_184' title='bbox 689 2137 911 2217; x_wconf 86' lang='lat' dir='ltr'>vilique</span> <span class='ocrx_word' id='word_1_185' title='bbox 942 2136 1119 2216; x_wconf 87' lang='lat' dir='ltr'>pallio</span> <span class='ocrx_word' id='word_1_186' title='bbox 1168 2133 1436 2197; x_wconf 90' lang='lat' dir='ltr'>humeris</span> <span class='ocrx_word' id='word_1_187' title='bbox 1481 2133 1783 2213; x_wconf 91' lang='lat' dir='ltr'>imposito,</span> <span class='ocrx_word' id='word_1_188' title='bbox 1819 2132 1979 2194; x_wconf 88' lang='lat' dir='ltr'>subit</span> 
     </span>
    </p>
   </div>
   <div class='ocr_carea' id='block_1_30' title="bbox 335 2220 1974 2304">
    <p class='ocr_par' dir='ltr' id='par_1_30' title="bbox 335 2220 1974 2304">
     <span class='ocr_line' id='line_1_30' title="bbox 335 2220 1974 2304; baseline -0.003 -17"><span class='ocrx_word' id='word_1_189' title='bbox 335 2241 550 2304; x_wconf 86' lang='lat' dir='ltr'>magno</span> <span class='ocrx_word' id='word_1_190' title='bbox 581 2243 716 2287; x_wconf 91' lang='lat' dir='ltr'>cum</span> <span class='ocrx_word' id='word_1_191' title='bbox 747 2225 1082 2288; x_wconf 89' lang='lat' dir='ltr'>devotionis</span> <span class='ocrx_word' id='word_1_192' title='bbox 1125 2233 1185 2288; x_wconf 84' lang='lat' dir='ltr'>et</span> <span class='ocrx_word' id='word_1_193' title='bbox 1233 2220 1712 2303; x_wconf 91' lang='lat' dir='ltr'>cumpunctionis</span> <span class='ocrx_word' id='word_1_194' title='bbox 1741 2222 1974 2298; x_wconf 64' lang='lat' dir='ltr'>aﬂ‘ectu,</span> 
     </span>
    </p>
   </div>
   <div class='ocr_carea' id='block_1_31' title="bbox 335 2308 1974 2393">
    <p class='ocr_par' dir='ltr' id='par_1_31' title="bbox 335 2308 1974 2393">
     <span class='ocr_line' id='line_1_31' title="bbox 335 2308 1974 2393; baseline -0.002 -19"><span class='ocrx_word' id='word_1_195' title='bbox 335 2320 405 2374; x_wconf 87' lang='lat' dir='ltr'>ut</span> <span class='ocrx_word' id='word_1_196' title='bbox 431 2313 710 2376; x_wconf 87' lang='lat' dir='ltr'>adoraret</span> <span class='ocrx_word' id='word_1_197' title='bbox 736 2314 1040 2393; x_wconf 84' lang='lat' dir='ltr'>Virginem</span> <span class='ocrx_word' id='word_1_198' title='bbox 1069 2311 1230 2374; x_wconf 91' lang='lat' dir='ltr'>omni</span> <span class='ocrx_word' id='word_1_199' title='bbox 1261 2311 1514 2392; x_wconf 86' lang='lat' dir='ltr'>puritate</span> <span class='ocrx_word' id='word_1_200' title='bbox 1543 2308 1974 2391; x_wconf 86' lang='lat' dir='ltr'>sublimiorem,</span> 
     </span>
    </p>
   </div>
   <div class='ocr_carea' id='block_1_32' title="bbox 334 2397 1978 2482">
    <p class='ocr_par' dir='ltr' id='par_1_32' title="bbox 334 2397 1978 2482">
     <span class='ocr_line' id='line_1_32' title="bbox 334 2397 1978 2482; baseline -0.002 -19"><span class='ocrx_word' id='word_1_201' title='bbox 334 2403 506 2482; x_wconf 89' lang='lat' dir='ltr'>cujus</span> <span class='ocrx_word' id='word_1_202' title='bbox 529 2402 632 2464; x_wconf 92' lang='lat' dir='ltr'>ille</span> <span class='ocrx_word' id='word_1_203' title='bbox 660 2403 841 2464; x_wconf 89' lang='lat' dir='ltr'>ductu</span> <span class='ocrx_word' id='word_1_204' title='bbox 892 2410 952 2464; x_wconf 87' lang='lat' dir='ltr'>et</span> <span class='ocrx_word' id='word_1_205' title='bbox 1004 2401 1330 2482; x_wconf 91' lang='lat' dir='ltr'>patrocinio</span> <span class='ocrx_word' id='word_1_206' title='bbox 1380 2401 1629 2461; x_wconf 89' lang='lat' dir='ltr'>vivebat.</span> <span class='ocrx_word' id='word_1_207' title='bbox 1664 2397 1809 2462; x_wconf 86' lang='lat' dir='ltr'>Cum</span> <span class='ocrx_word' id='word_1_208' title='bbox 1839 2417 1978 2461; x_wconf 89' lang='lat' dir='ltr'>vero</span> 
     </span>
    </p>
   </div>
   <div class='ocr_carea' id='block_1_33' title="bbox 334 2487 1981 2571">
    <p class='ocr_par' dir='ltr' id='par_1_33' title="bbox 334 2487 1981 2571">
     <span class='ocr_line' id='line_1_33' title="bbox 334 2487 1981 2571; baseline -0.002 -20"><span class='ocrx_word' id='word_1_209' title='bbox 334 2491 652 2571; x_wconf 73' lang='lat' dir='ltr'>praefectus</span> <span class='ocrx_word' id='word_1_210' title='bbox 679 2489 966 2553; x_wconf 67' lang='lat' dir='ltr'>custodia;</span> <span class='ocrx_word' id='word_1_211' title='bbox 995 2490 1200 2571; x_wconf 89' lang='lat' dir='ltr'>templi</span> <span class='ocrx_word' id='word_1_212' title='bbox 1231 2488 1478 2550; x_wconf 87' lang='lat' dir='ltr'>vidisset</span> <span class='ocrx_word' id='word_1_213' title='bbox 1507 2507 1668 2569; x_wconf 90' lang='lat' dir='ltr'>eum,</span> <span class='ocrx_word' id='word_1_214' title='bbox 1700 2487 1981 2551; x_wconf 89' lang='lat' dir='ltr'>Caniscas</span> 
     </span>
    </p>
   </div>
   <div class='ocr_carea' id='block_1_34' title="bbox 337 2577 1984 2660">
    <p class='ocr_par' dir='ltr' id='par_1_34' title="bbox 337 2577 1984 2660">
     <span class='ocr_line' id='line_1_34' title="bbox 337 2577 1984 2660; baseline -0.001 -21"><span class='ocrx_word' id='word_1_215' title='bbox 337 2578 604 2656; x_wconf 90' lang='lat' dir='ltr'>nomine,</span> <span class='ocrx_word' id='word_1_216' title='bbox 641 2597 757 2660; x_wconf 93' lang='lat' dir='ltr'>quo</span> <span class='ocrx_word' id='word_1_217' title='bbox 789 2578 840 2640; x_wconf 91' lang='lat' dir='ltr'>is</span> <span class='ocrx_word' id='word_1_218' title='bbox 873 2577 1016 2640; x_wconf 92' lang='lat' dir='ltr'>olim</span> <span class='ocrx_word' id='word_1_219' title='bbox 1072 2585 1441 2658; x_wconf 84' lang='lat' dir='ltr'>praeceptore</span> <span class='ocrx_word' id='word_1_220' title='bbox 1489 2595 1630 2637; x_wconf 91' lang='lat' dir='ltr'>usus</span> <span class='ocrx_word' id='word_1_221' title='bbox 1679 2577 1892 2652; x_wconf 82' lang='lat' dir='ltr'>fuerat,</span> <span class='ocrx_word' id='word_1_222' title='bbox 1927 2585 1984 2638; x_wconf 91' lang='lat' dir='ltr'>et</span> 
     </span>
    </p>
   </div>
   <div class='ocr_carea' id='block_1_35' title="bbox 336 2666 1981 2748">
    <p class='ocr_par' dir='ltr' id='par_1_35' title="bbox 336 2666 1981 2748">
     <span class='ocr_line' id='line_1_35' title="bbox 336 2666 1981 2748; baseline -0.001 -20"><span class='ocrx_word' id='word_1_223' title='bbox 336 2667 576 2747; x_wconf 91' lang='lat' dir='ltr'>quidam</span> <span class='ocrx_word' id='word_1_224' title='bbox 663 2666 764 2728; x_wconf 91' lang='lat' dir='ltr'>alii</span> <span class='ocrx_word' id='word_1_225' title='bbox 829 2666 1192 2748; x_wconf 87' lang='lat' dir='ltr'>sacerdotes,</span> <span class='ocrx_word' id='word_1_226' title='bbox 1267 2673 1324 2728; x_wconf 91' lang='lat' dir='ltr'>et</span> <span class='ocrx_word' id='word_1_227' title='bbox 1397 2683 1674 2742; x_wconf 84' lang='lat' dir='ltr'>magnum</span> <span class='ocrx_word' id='word_1_228' title='bbox 1749 2667 1981 2727; x_wconf 86' lang='lat' dir='ltr'>Patrem</span> 
     </span>
    </p>
   </div>
   <div class='ocr_carea' id='block_1_36' title="bbox 335 2753 1982 2835">
    <p class='ocr_par' dir='ltr' id='par_1_36' title="bbox 335 2753 1982 2835">
     <span class='ocr_line' id='line_1_36' title="bbox 335 2753 1982 2835; baseline -0.001 -18"><span class='ocrx_word' id='word_1_229' title='bbox 335 2756 738 2835; x_wconf 86' lang='lat' dir='ltr'>agnovissent,</span> <span class='ocrx_word' id='word_1_230' title='bbox 775 2765 1160 2818; x_wconf 90' lang='lat' dir='ltr'>accesserunt</span> <span class='ocrx_word' id='word_1_231' title='bbox 1205 2762 1263 2817; x_wconf 89' lang='lat' dir='ltr'>et</span> <span class='ocrx_word' id='word_1_232' title='bbox 1303 2753 1376 2816; x_wconf 90' lang='lat' dir='ltr'>ad</span> <span class='ocrx_word' id='word_1_233' title='bbox 1427 2754 1608 2834; x_wconf 90' lang='lat' dir='ltr'>pedes</span> <span class='ocrx_word' id='word_1_234' title='bbox 1658 2753 1788 2834; x_wconf 89' lang='lat' dir='ltr'>ejus</span> <span class='ocrx_word' id='word_1_235' title='bbox 1836 2771 1982 2835; x_wconf 87' lang='lat' dir='ltr'>pro-</span> 
     </span>
    </p>
   </div>
   <div class='ocr_carea' id='block_1_37' title="bbox 334 2842 1983 2922">
    <p class='ocr_par' dir='ltr' id='par_1_37' title="bbox 334 2842 1983 2922">
     <span class='ocr_line' id='line_1_37' title="bbox 334 2842 1983 2922; baseline 0.001 -18"><span class='ocrx_word' id='word_1_236' title='bbox 334 2845 521 2907; x_wconf 87' lang='lat' dir='ltr'>voluti</span> <span class='ocrx_word' id='word_1_237' title='bbox 576 2855 736 2921; x_wconf 88' lang='lat' dir='ltr'>sunt,</span> <span class='ocrx_word' id='word_1_238' title='bbox 795 2844 1157 2908; x_wconf 84' lang='lat' dir='ltr'>admirantes</span> <span class='ocrx_word' id='word_1_239' title='bbox 1212 2844 1288 2906; x_wconf 90' lang='lat' dir='ltr'>de</span> <span class='ocrx_word' id='word_1_240' title='bbox 1369 2842 1606 2904; x_wconf 89' lang='lat' dir='ltr'>insolito</span> <span class='ocrx_word' id='word_1_241' title='bbox 1683 2842 1814 2922; x_wconf 91' lang='lat' dir='ltr'>ejus</span> <span class='ocrx_word' id='word_1_242' title='bbox 1872 2842 1983 2905; x_wconf 84' lang='lat' dir='ltr'>ad-</span> 
     </span>
    </p>
   </div>
   <div class='ocr_carea' id='block_1_38' title="bbox 335 2939 1628 2996">
    <p class='ocr_par' dir='ltr' id='par_1_38' title="bbox 335 2939 1628 2996">
     <span class='ocr_line' id='line_1_38' title="bbox 335 2939 1628 2996; baseline 0.001 -2"><span class='ocrx_word' id='word_1_243' title='bbox 335 2940 537 2996; x_wconf 89' lang='lat' dir='ltr'>ventu.</span> <span class='ocrx_word' id='word_1_244' title='bbox 1623 2939 1628 2943; x_wconf 81' lang='grc'><em>’</em></span> 
     </span>
    </p>
   </div>
   <div class='ocr_carea' id='block_1_39' title="bbox 422 3217 1982 3292">
    <p class='ocr_par' dir='ltr' id='par_1_39' title="bbox 422 3217 1982 3292">
     <span class='ocr_line' id='line_1_39' title="bbox 422 3217 1982 3292; baseline -0.003 -10"><span class='ocrx_word' id='word_1_245' title='bbox 422 3220 526 3283; x_wconf 76' lang='grc'>42.</span> <span class='ocrx_word' id='word_1_246' title='bbox 579 3218 687 3282; x_wconf 89' lang='lat' dir='ltr'>Ille</span> <span class='ocrx_word' id='word_1_247' title='bbox 724 3236 864 3285; x_wconf 89' lang='lat' dir='ltr'>vero</span> <span class='ocrx_word' id='word_1_248' title='bbox 913 3217 1194 3280; x_wconf 92' lang='lat' dir='ltr'>salutaria</span> <span class='ocrx_word' id='word_1_249' title='bbox 1243 3217 1475 3280; x_wconf 90' lang='lat' dir='ltr'>cunctis</span> <span class='ocrx_word' id='word_1_250' title='bbox 1524 3219 1752 3281; x_wconf 89' lang='lat' dir='ltr'>monita</span> <span class='ocrx_word' id='word_1_251' title='bbox 1796 3217 1982 3292; x_wconf 91' lang='lat' dir='ltr'>dedit,</span> 
     </span>
    </p>
   </div>
   <div class='ocr_carea' id='block_1_40' title="bbox 344 3307 1988 3389">
    <p class='ocr_par' dir='ltr' id='par_1_40' title="bbox 344 3307 1988 3389">
     <span class='ocr_line' id='line_1_40' title="bbox 344 3307 1988 3389; baseline -0.002 -18"><span class='ocrx_word' id='word_1_252' title='bbox 344 3328 674 3389; x_wconf 85' lang='lat' dir='ltr'>magnaque</span> <span class='ocrx_word' id='word_1_253' title='bbox 693 3308 948 3371; x_wconf 88' lang='lat' dir='ltr'>utilitate</span> <span class='ocrx_word' id='word_1_254' title='bbox 966 3307 1266 3388; x_wconf 88' lang='lat' dir='ltr'>impertita</span> <span class='ocrx_word' id='word_1_255' title='bbox 1287 3307 1535 3382; x_wconf 89' lang='lat' dir='ltr'>dimisit,</span> <span class='ocrx_word' id='word_1_256' title='bbox 1571 3307 1906 3387; x_wconf 78' lang='lat' dir='ltr'>mansitque</span> <span class='ocrx_word' id='word_1_257' title='bbox 1925 3307 1988 3367; x_wconf 92' lang='lat' dir='ltr'>in</span> 
     </span>
    </p>
   </div>
   <div class='ocr_carea' id='block_1_41' title="bbox 345 3396 1984 3478">
    <p class='ocr_par' dir='ltr' id='par_1_41' title="bbox 345 3396 1984 3478">
     <span class='ocr_line' id='line_1_41' title="bbox 345 3396 1984 3478; baseline -0.001 -19"><span class='ocrx_word' id='word_1_258' title='bbox 345 3398 598 3460; x_wconf 89' lang='lat' dir='ltr'>ecclesia</span> <span class='ocrx_word' id='word_1_259' title='bbox 627 3417 760 3459; x_wconf 91' lang='lat' dir='ltr'>cum</span> <span class='ocrx_word' id='word_1_260' title='bbox 791 3417 900 3458; x_wconf 93' lang='lat' dir='ltr'>suo</span> <span class='ocrx_word' id='word_1_261' title='bbox 932 3403 1318 3478; x_wconf 73' lang='lat' dir='ltr'>praeceptore,</span> <span class='ocrx_word' id='word_1_262' title='bbox 1356 3405 1416 3458; x_wconf 86' lang='lat' dir='ltr'>et</span> <span class='ocrx_word' id='word_1_263' title='bbox 1445 3397 1758 3459; x_wconf 90' lang='lat' dir='ltr'>consilium</span> <span class='ocrx_word' id='word_1_264' title='bbox 1789 3396 1984 3472; x_wconf 83' lang='lat' dir='ltr'>dabat,</span> 
     </span>
    </p>
   </div>
   <div class='ocr_carea' id='block_1_42' title="bbox 343 3485 1985 3566">
    <p class='ocr_par' dir='ltr' id='par_1_42' title="bbox 343 3485 1985 3566">
     <span class='ocr_line' id='line_1_42' title="bbox 343 3485 1985 3566; baseline -0.002 -18"><span class='ocrx_word' id='word_1_265' title='bbox 343 3495 411 3548; x_wconf 90' lang='lat' dir='ltr'>ut</span> <span class='ocrx_word' id='word_1_266' title='bbox 434 3485 790 3548; x_wconf 91' lang='lat' dir='ltr'>valediceret</span> <span class='ocrx_word' id='word_1_267' title='bbox 819 3485 1036 3547; x_wconf 90' lang='lat' dir='ltr'>saeculo</span> <span class='ocrx_word' id='word_1_268' title='bbox 1069 3493 1125 3545; x_wconf 89' lang='lat' dir='ltr'>et</span> <span class='ocrx_word' id='word_1_269' title='bbox 1153 3485 1400 3546; x_wconf 91' lang='lat' dir='ltr'>salutem</span> <span class='ocrx_word' id='word_1_270' title='bbox 1431 3485 1643 3546; x_wconf 89' lang='lat' dir='ltr'>animae</span> <span class='ocrx_word' id='word_1_271' title='bbox 1673 3493 1985 3566; x_wconf 81' lang='lat' dir='ltr'>quaereret.</span> 
     </span>
    </p>
   </div>
   <div class='ocr_carea' id='block_1_43' title="bbox 345 3573 1986 3654">
    <p class='ocr_par' dir='ltr' id='par_1_43' title="bbox 345 3573 1986 3654">
     <span class='ocr_line' id='line_1_43' title="bbox 345 3573 1986 3654; baseline -0.002 -16"><span class='ocrx_word' id='word_1_272' title='bbox 345 3577 586 3638; x_wconf 81' lang='lat' dir='ltr'>Vixerat</span> <span class='ocrx_word' id='word_1_273' title='bbox 614 3574 772 3636; x_wconf 92' lang='lat' dir='ltr'>enim</span> <span class='ocrx_word' id='word_1_274' title='bbox 809 3575 859 3635; x_wconf 91' lang='lat' dir='ltr'>is</span> <span class='ocrx_word' id='word_1_275' title='bbox 889 3575 948 3635; x_wconf 90' lang='lat' dir='ltr'>in</span> <span class='ocrx_word' id='word_1_276' title='bbox 983 3581 1264 3654; x_wconf 90' lang='lat' dir='ltr'>perpetuo</span> <span class='ocrx_word' id='word_1_277' title='bbox 1315 3573 1609 3648; x_wconf 89' lang='lat' dir='ltr'>caelibatu,</span> <span class='ocrx_word' id='word_1_278' title='bbox 1665 3593 1781 3635; x_wconf 91' lang='lat' dir='ltr'>non</span> <span class='ocrx_word' id='word_1_279' title='bbox 1813 3574 1986 3653; x_wconf 63' lang='lat' dir='ltr'>gulae,</span> 
     </span>
    </p>
   </div>
   <div class='ocr_carea' id='block_1_44' title="bbox 346 3661 1988 3738">
    <p class='ocr_par' dir='ltr' id='par_1_44' title="bbox 346 3661 1988 3738">
     <span class='ocr_line' id='line_1_44' title="bbox 346 3661 1988 3738; baseline -0.002 -12"><span class='ocrx_word' id='word_1_280' title='bbox 346 3662 672 3738; x_wconf 84' lang='lat' dir='ltr'>autlventri,</span> <span class='ocrx_word' id='word_1_281' title='bbox 698 3670 796 3724; x_wconf 91' lang='lat' dir='ltr'>aut</span> <span class='ocrx_word' id='word_1_282' title='bbox 819 3662 1081 3723; x_wconf 83' lang='lat' dir='ltr'>mollitiae</span> <span class='ocrx_word' id='word_1_283' title='bbox 1105 3661 1363 3738; x_wconf 89' lang='lat' dir='ltr'>deditus,</span> <span class='ocrx_word' id='word_1_284' title='bbox 1383 3661 1486 3722; x_wconf 92' lang='lat' dir='ltr'>sed</span> <span class='ocrx_word' id='word_1_285' title='bbox 1511 3662 1766 3724; x_wconf 66' lang='lat' dir='ltr'>avaritiae</span> <span class='ocrx_word' id='word_1_286' title='bbox 1782 3663 1988 3723; x_wconf 89' lang='lat' dir='ltr'>morbo</span> 
     </span>
    </p>
   </div>
   <div class='ocr_carea' id='block_1_45' title="bbox 348 3750 1989 3832">
    <p class='ocr_par' dir='ltr' id='par_1_45' title="bbox 348 3750 1989 3832">
     <span class='ocr_line' id='line_1_45' title="bbox 348 3750 1989 3832; baseline -0.001 -18"><span class='ocrx_word' id='word_1_287' title='bbox 348 3751 496 3814; x_wconf 90' lang='lat' dir='ltr'>adeo</span> <span class='ocrx_word' id='word_1_288' title='bbox 529 3751 887 3832; x_wconf 90' lang='lat' dir='ltr'>implicatus,</span> <span class='ocrx_word' id='word_1_289' title='bbox 922 3760 988 3812; x_wconf 93' lang='lat' dir='ltr'>ut</span> <span class='ocrx_word' id='word_1_290' title='bbox 1017 3751 1319 3812; x_wconf 84' lang='lat' dir='ltr'>videretur</span> <span class='ocrx_word' id='word_1_291' title='bbox 1366 3768 1584 3812; x_wconf 78' lang='lat' dir='ltr'>muscae</span> <span class='ocrx_word' id='word_1_292' title='bbox 1613 3750 1826 3812; x_wconf 88' lang='lat' dir='ltr'>similis</span> <span class='ocrx_word' id='word_1_293' title='bbox 1853 3769 1989 3812; x_wconf 90' lang='lat' dir='ltr'>ara—</span> 
     </span>
    </p>
   </div>
   <div class='ocr_carea' id='block_1_46' title="bbox 349 3837 1995 3902">
    <p class='ocr_par' dir='ltr' id='par_1_46' title="bbox 349 3837 1995 3902">
     <span class='ocr_line' id='line_1_46' title="bbox 349 3837 1995 3902; baseline 0 -2"><span class='ocrx_word' id='word_1_294' title='bbox 349 3858 598 3902; x_wconf 89' lang='lat' dir='ltr'>nearum</span> <span class='ocrx_word' id='word_1_295' title='bbox 630 3840 763 3901; x_wconf 90' lang='lat' dir='ltr'>telis</span> <span class='ocrx_word' id='word_1_296' title='bbox 792 3840 1058 3902; x_wconf 87' lang='lat' dir='ltr'>irretitae.</span> <span class='ocrx_word' id='word_1_297' title='bbox 1094 3837 1265 3901; x_wconf 90' lang='lat' dir='ltr'>Unde</span> <span class='ocrx_word' id='word_1_298' title='bbox 1293 3839 1470 3900; x_wconf 89' lang='lat' dir='ltr'>etiam</span> <span class='ocrx_word' id='word_1_299' title='bbox 1485 3841 1657 3901; x_wconf 86' lang='lat' dir='ltr'>Pater</span> <span class='ocrx_word' id='word_1_300' title='bbox 1685 3840 1795 3901; x_wconf 91' lang='lat' dir='ltr'>hac</span> <span class='ocrx_word' id='word_1_301' title='bbox 1819 3839 1995 3901; x_wconf 90' lang='lat' dir='ltr'>estin</span> 
     </span>
    </p>
   </div>
   <div class='ocr_carea' id='block_1_47' title="bbox 349 3927 1992 4010">
    <p class='ocr_par' dir='ltr' id='par_1_47' title="bbox 349 3927 1992 4010">
     <span class='ocr_line' id='line_1_47' title="bbox 349 3927 1992 4010; baseline 0.001 -21"><span class='ocrx_word' id='word_1_302' title='bbox 349 3947 484 3990; x_wconf 90' lang='lat' dir='ltr'>eum</span> <span class='ocrx_word' id='word_1_303' title='bbox 517 3947 660 3990; x_wconf 90' lang='lat' dir='ltr'>usus</span> <span class='ocrx_word' id='word_1_304' title='bbox 692 3928 987 4010; x_wconf 89' lang='lat' dir='ltr'>parabola.</span> <span class='ocrx_word' id='word_1_305' title='bbox 1023 3927 1136 4000; x_wconf 90' lang='lat' dir='ltr'>Qui</span> <span class='ocrx_word' id='word_1_306' title='bbox 1168 3927 1413 4002; x_wconf 90' lang='lat' dir='ltr'>ventris,</span> <span class='ocrx_word' id='word_1_307' title='bbox 1466 3927 1680 4008; x_wconf 83' lang='lat' dir='ltr'>inquit,</span> <span class='ocrx_word' id='word_1_308' title='bbox 1719 3929 1992 3990; x_wconf 88' lang='lat' dir='ltr'>necessi-</span> 
     </span>
    </p>
   </div>
   <div class='ocr_carea' id='block_1_48' title="bbox 351 4016 1994 4098">
    <p class='ocr_par' dir='ltr' id='par_1_48' title="bbox 351 4016 1994 4098">
     <span class='ocr_line' id='line_1_48' title="bbox 351 4016 1994 4098; baseline -0.001 -19"><span class='ocrx_word' id='word_1_309' title='bbox 351 4025 470 4080; x_wconf 90' lang='lat' dir='ltr'>tate</span> <span class='ocrx_word' id='word_1_310' title='bbox 501 4027 880 4098; x_wconf 88' lang='lat' dir='ltr'>premuntur;</span> <span class='ocrx_word' id='word_1_311' title='bbox 911 4025 1002 4080; x_wconf 89' lang='lat' dir='ltr'>est</span> <span class='ocrx_word' id='word_1_312' title='bbox 1027 4036 1132 4079; x_wconf 90' lang='lat' dir='ltr'>cur</span> <span class='ocrx_word' id='word_1_313' title='bbox 1151 4035 1215 4078; x_wconf 92' lang='lat' dir='ltr'>se</span> <span class='ocrx_word' id='word_1_314' title='bbox 1238 4016 1589 4078; x_wconf 90' lang='lat' dir='ltr'>ministeriis</span> <span class='ocrx_word' id='word_1_315' title='bbox 1605 4025 1663 4078; x_wconf 91' lang='lat' dir='ltr'>et</span> <span class='ocrx_word' id='word_1_316' title='bbox 1689 4016 1994 4078; x_wconf 87' lang='lat' dir='ltr'>laboribus</span> 
     </span>
    </p>
   </div>
   <div class='ocr_carea' id='block_1_49' title="bbox 353 4105 1992 4181">
    <p class='ocr_par' dir='ltr' id='par_1_49' title="bbox 353 4105 1992 4181">
     <span class='ocr_line' id='line_1_49' title="bbox 353 4105 1992 4181; baseline -0.001 -13"><span class='ocrx_word' id='word_1_317' title='bbox 353 4115 708 4170; x_wconf 87' lang='lat' dir='ltr'>exerceant:</span> <span class='ocrx_word' id='word_1_318' title='bbox 749 4117 807 4170; x_wconf 91' lang='lat' dir='ltr'>tu</span> <span class='ocrx_word' id='word_1_319' title='bbox 836 4125 975 4168; x_wconf 90' lang='lat' dir='ltr'>vero</span> <span class='ocrx_word' id='word_1_320' title='bbox 1003 4123 1135 4169; x_wconf 91' lang='lat' dir='ltr'>cum</span> <span class='ocrx_word' id='word_1_321' title='bbox 1181 4106 1290 4167; x_wconf 91' lang='lat' dir='ltr'>hac</span> <span class='ocrx_word' id='word_1_322' title='bbox 1320 4105 1679 4167; x_wconf 82' lang='lat' dir='ltr'>necessitate</span> <span class='ocrx_word' id='word_1_323' title='bbox 1711 4105 1862 4167; x_wconf 88' lang='lat' dir='ltr'>liber</span> <span class='ocrx_word' id='word_1_324' title='bbox 1890 4106 1992 4181; x_wconf 92' lang='lat' dir='ltr'>sis,</span> 
     </span>
    </p>
   </div>
   <div class='ocr_carea' id='block_1_50' title="bbox 355 4193 1998 4275">
    <p class='ocr_par' dir='ltr' id='par_1_50' title="bbox 355 4193 1998 4275">
     <span class='ocr_line' id='line_1_50' title="bbox 355 4193 1998 4275; baseline 0 -21"><span class='ocrx_word' id='word_1_325' title='bbox 355 4194 498 4275; x_wconf 93' lang='lat' dir='ltr'>quid</span> <span class='ocrx_word' id='word_1_326' title='bbox 530 4194 749 4256; x_wconf 84' lang='lat' dir='ltr'>frustra</span> <span class='ocrx_word' id='word_1_327' title='bbox 780 4196 977 4268; x_wconf 91' lang='lat' dir='ltr'>sedes,</span> <span class='ocrx_word' id='word_1_328' title='bbox 1011 4203 1073 4256; x_wconf 88' lang='lat' dir='ltr'>et</span> <span class='ocrx_word' id='word_1_329' title='bbox 1098 4194 1326 4272; x_wconf 84' lang='lat' dir='ltr'>colligis</span> <span class='ocrx_word' id='word_1_330' title='bbox 1355 4193 1483 4268; x_wconf 87' lang='lat' dir='ltr'>tibi,</span> <span class='ocrx_word' id='word_1_331' title='bbox 1521 4212 1652 4272; x_wconf 64' lang='lat' dir='ltr'>quae</span> <span class='ocrx_word' id='word_1_332' title='bbox 1683 4196 1743 4254; x_wconf 92' lang='lat' dir='ltr'>in</span> <span class='ocrx_word' id='word_1_333' title='bbox 1768 4204 1998 4256; x_wconf 87' lang='lat' dir='ltr'>stercus</span> 
     </span>
    </p>
   </div>
   <div class='ocr_carea' id='block_1_51' title="bbox 353 4283 2001 4363">
    <p class='ocr_par' dir='ltr' id='par_1_51' title="bbox 353 4283 2001 4363">
     <span class='ocr_line' id='line_1_51' title="bbox 353 4283 2001 4363; baseline 0 -19"><span class='ocrx_word' id='word_1_334' title='bbox 353 4290 578 4344; x_wconf 79' lang='lat' dir='ltr'>abeunt</span> <span class='ocrx_word' id='word_1_335' title='bbox 605 4292 662 4346; x_wconf 94' lang='lat' dir='ltr'>et</span> <span class='ocrx_word' id='word_1_336' title='bbox 696 4303 899 4344; x_wconf 89' lang='lat' dir='ltr'>eorum</span> <span class='ocrx_word' id='word_1_337' title='bbox 932 4283 1184 4363; x_wconf 89' lang='lat' dir='ltr'>repleris</span> <span class='ocrx_word' id='word_1_338' title='bbox 1213 4283 2001 4362; x_wconf 85' lang='lat' dir='ltr'>graveolentia?Respondit</span> 
     </span>
    </p>
   </div>
   <div class='ocr_carea' id='block_1_52' title="bbox 2050 985 3703 1068">
    <p class='ocr_par' dir='ltr' id='par_1_52' title="bbox 2050 985 3703 1068">
     <span class='ocr_line' id='line_1_52' title="bbox 2050 985 3703 1068; baseline 0.002 -25"><span class='ocrx_word' id='word_1_339' title='bbox 2050 1009 2176 1068; x_wconf 89' lang='grc' dir='ltr'>ρων.</span> <span class='ocrx_word' id='word_1_340' title='bbox 2238 989 2309 1045; x_wconf 83' lang='grc' dir='ltr'>Τὸ</span> <span class='ocrx_word' id='word_1_341' title='bbox 2363 985 2416 1042; x_wconf 76' lang='grc' dir='ltr'>δὲ</span> <span class='ocrx_word' id='word_1_342' title='bbox 2472 986 2785 1068; x_wconf 81' lang='grc' dir='ltr'>παράδοξον,</span> <span class='ocrx_word' id='word_1_343' title='bbox 2841 988 2920 1044; x_wconf 80' lang='grc' dir='ltr'>ὅτι</span> <span class='ocrx_word' id='word_1_344' title='bbox 2973 987 3025 1045; x_wconf 86' lang='grc' dir='ltr'>ἐν</span> <span class='ocrx_word' id='word_1_345' title='bbox 3077 1011 3298 1064; x_wconf 85' lang='grc' dir='ltr'>τοιουτῳ</span> <span class='ocrx_word' id='word_1_346' title='bbox 3344 988 3703 1067; x_wconf 85' lang='grc' dir='ltr'>κατακλυσμῷ</span> 
     </span>
    </p>
   </div>
   <div class='ocr_carea' id='block_1_53' title="bbox 2051 1073 3691 1155">
    <p class='ocr_par' dir='ltr' id='par_1_53' title="bbox 2051 1073 3691 1155">
     <span class='ocr_line' id='line_1_53' title="bbox 2051 1073 3691 1155; baseline 0.002 -24"><span class='ocrx_word' id='word_1_347' title='bbox 2051 1073 2255 1155; x_wconf 68' lang='grc' dir='ltr'>φοϐερῷ</span> <span class='ocrx_word' id='word_1_348' title='bbox 2283 1073 2494 1150; x_wconf 70' lang='grc' dir='ltr'>οὔδεμία</span> <span class='ocrx_word' id='word_1_349' title='bbox 2543 1077 2694 1155; x_wconf 80' lang='grc' dir='ltr'>ψυχὴ</span> <span class='ocrx_word' id='word_1_350' title='bbox 2742 1077 3012 1155; x_wconf 77' lang='grc' dir='ltr'>ἀνθρώπου</span> <span class='ocrx_word' id='word_1_351' title='bbox 3061 1076 3097 1144; x_wconf 73' lang='grc' dir='ltr'><strong>ἢ</strong></span> <span class='ocrx_word' id='word_1_352' title='bbox 3147 1081 3370 1148; x_wconf 80' lang='grc' dir='ltr'>κτήνους</span> <span class='ocrx_word' id='word_1_353' title='bbox 3418 1077 3691 1141; x_wconf 81' lang='grc' dir='ltr'>ἀπώλετο,</span> 
     </span>
    </p>
   </div>
   <div class='ocr_carea' id='block_1_54' title="bbox 2054 1163 3696 1247">
    <p class='ocr_par' dir='ltr' id='par_1_54' title="bbox 2054 1163 3696 1247">
     <span class='ocr_line' id='line_1_54' title="bbox 2054 1163 3696 1247; baseline 0.001 -26"><span class='ocrx_word' id='word_1_354' title='bbox 2054 1172 2226 1222; x_wconf 80' lang='grc' dir='ltr'>Ταῦτα</span> <span class='ocrx_word' id='word_1_355' title='bbox 2294 1165 2465 1220; x_wconf 81' lang='grc' dir='ltr'>τοίνυν</span> <span class='ocrx_word' id='word_1_356' title='bbox 2532 1163 2744 1221; x_wconf 79' lang='grc' dir='ltr'>πολλῶν</span> <span class='ocrx_word' id='word_1_357' title='bbox 2813 1163 3176 1243; x_wconf 77' lang='grc' dir='ltr'>ἐξηγουμένων</span> <span class='ocrx_word' id='word_1_358' title='bbox 3245 1166 3322 1242; x_wconf 77' lang='grc' dir='ltr'><strong>τῷ</strong></span> <span class='ocrx_word' id='word_1_359' title='bbox 3406 1169 3696 1247; x_wconf 73' lang='grc' dir='ltr'>μακαρίτῃ,</span> 
     </span>
    </p>
   </div>
   <div class='ocr_carea' id='block_1_55' title="bbox 2053 1252 3704 1332">
    <p class='ocr_par' dir='ltr' id='par_1_55' title="bbox 2053 1252 3704 1332">
     <span class='ocr_line' id='line_1_55' title="bbox 2053 1252 3704 1332; baseline 0.002 -23"><span class='ocrx_word' id='word_1_360' title='bbox 2053 1256 2142 1309; x_wconf 89' lang='grc' dir='ltr'>καὶ</span> <span class='ocrx_word' id='word_1_361' title='bbox 2205 1252 2290 1309; x_wconf 86' lang='grc' dir='ltr'>ἐπὶ</span> <span class='ocrx_word' id='word_1_362' title='bbox 2356 1253 2560 1316; x_wconf 83' lang='grc' dir='ltr'>τούτοις</span> <span class='ocrx_word' id='word_1_363' title='bbox 2631 1252 3059 1331; x_wconf 77' lang='grc' dir='ltr'>ἐκπληττομένου</span> <span class='ocrx_word' id='word_1_364' title='bbox 3127 1253 3294 1321; x_wconf 75' lang='grc' dir='ltr'>ἔδοξεν</span> <span class='ocrx_word' id='word_1_365' title='bbox 3366 1257 3507 1330; x_wconf 75' lang='grc' dir='ltr'>αύτῴ</span> <span class='ocrx_word' id='word_1_366' title='bbox 3566 1257 3704 1332; x_wconf 78' lang='grc' dir='ltr'>μετὰ</span> 
     </span>
    </p>
   </div>
   <div class='ocr_carea' id='block_1_56' title="bbox 2055 1335 3706 1424">
    <p class='ocr_par' dir='ltr' id='par_1_56' title="bbox 2055 1335 3706 1424">
     <span class='ocr_line' id='line_1_56' title="bbox 2055 1335 3706 1424; baseline 0.002 -28"><span class='ocrx_word' id='word_1_367' title='bbox 2055 1347 2218 1397; x_wconf 79' lang='grc' dir='ltr'>ταῦτα</span> <span class='ocrx_word' id='word_1_368' title='bbox 2275 1339 2526 1397; x_wconf 75' lang='grc' dir='ltr'>εἰσελθεῖν</span> <span class='ocrx_word' id='word_1_369' title='bbox 2591 1344 2679 1398; x_wconf 84' lang='grc' dir='ltr'>καὶ</span> <span class='ocrx_word' id='word_1_370' title='bbox 2744 1346 3015 1422; x_wconf 78' lang='grc' dir='ltr'>ἱστορῆσαι</span> <span class='ocrx_word' id='word_1_371' title='bbox 3066 1347 3132 1402; x_wconf 80' lang='grc' dir='ltr'>τὰ</span> <span class='ocrx_word' id='word_1_372' title='bbox 3186 1346 3469 1424; x_wconf 82' lang='grc' dir='ltr'>γεγονότα.</span> <span class='ocrx_word' id='word_1_373' title='bbox 3532 1335 3589 1403; x_wconf 44' lang='grc' dir='ltr'>(Ο</span> <span class='ocrx_word' id='word_1_374' title='bbox 3648 1344 3706 1400; x_wconf 73' lang='grc' dir='ltr'>δὲ</span> 
     </span>
    </p>
   </div>
   <div class='ocr_carea' id='block_1_57' title="bbox 2059 1428 3704 1514">
    <p class='ocr_par' dir='ltr' id='par_1_57' title="bbox 2059 1428 3704 1514">
     <span class='ocr_line' id='line_1_57' title="bbox 2059 1428 3704 1514; baseline -0.002 -21"><span class='ocrx_word' id='word_1_375' title='bbox 2059 1431 2251 1510; x_wconf 84' lang='grc' dir='ltr'>τρόπος</span> <span class='ocrx_word' id='word_1_376' title='bbox 2281 1434 2379 1497; x_wconf 74' lang='grc' dir='ltr'>τῆς</span> <span class='ocrx_word' id='word_1_377' title='bbox 2438 1428 2691 1494; x_wconf 75' lang='grc' dir='ltr'>ἐλεύσεως</span> <span class='ocrx_word' id='word_1_378' title='bbox 2739 1436 2896 1491; x_wconf 67' lang='grc' dir='ltr'>αὺτοῦ</span> <span class='ocrx_word' id='word_1_379' title='bbox 2942 1434 3008 1501; x_wconf 80' lang='grc' dir='ltr'>ἧν</span> <span class='ocrx_word' id='word_1_380' title='bbox 3059 1433 3260 1490; x_wconf 87' lang='grc' dir='ltr'>τοιόσδε</span> <span class='ocrx_word' id='word_1_381' title='bbox 3304 1455 3318 1470; x_wconf 81' lang='grc' dir='ltr'><strong>ο</strong></span> <span class='ocrx_word' id='word_1_382' title='bbox 3376 1437 3552 1514; x_wconf 75' lang='grc' dir='ltr'>Εὒρὼν</span> <span class='ocrx_word' id='word_1_383' title='bbox 3601 1435 3704 1513; x_wconf 77' lang='grc' dir='ltr'>γὰρ</span> 
     </span>
    </p>
   </div>
   <div class='ocr_carea' id='block_1_58' title="bbox 2058 1518 3705 1604">
    <p class='ocr_par' dir='ltr' id='par_1_58' title="bbox 2058 1518 3705 1604">
     <span class='ocr_line' id='line_1_58' title="bbox 2058 1518 3705 1604; baseline 0.003 -29"><span class='ocrx_word' id='word_1_384' title='bbox 2058 1521 2194 1578; x_wconf 79' lang='grc' dir='ltr'>κατὰ</span> <span class='ocrx_word' id='word_1_385' title='bbox 2221 1519 2318 1586; x_wconf 74' lang='grc' dir='ltr'>τὴν</span> <span class='ocrx_word' id='word_1_386' title='bbox 2349 1518 2466 1575; x_wconf 79' lang='grc' dir='ltr'>ὁδὸν</span> <span class='ocrx_word' id='word_1_387' title='bbox 2522 1518 2684 1599; x_wconf 87' lang='grc' dir='ltr'>δέρμα</span> <span class='ocrx_word' id='word_1_388' title='bbox 2732 1521 3012 1587; x_wconf 85' lang='grc' dir='ltr'>ἀλώπεκος</span> <span class='ocrx_word' id='word_1_389' title='bbox 3078 1523 3366 1604; x_wconf 78' lang='grc' dir='ltr'>ἐῤῥιμένον,</span> <span class='ocrx_word' id='word_1_390' title='bbox 3415 1525 3501 1579; x_wconf 84' lang='grc' dir='ltr'>καὶ</span> <span class='ocrx_word' id='word_1_391' title='bbox 3546 1533 3705 1582; x_wconf 82' lang='grc' dir='ltr'>τοῦτο</span> 
     </span>
    </p>
   </div>
   <div class='ocr_carea' id='block_1_59' title="bbox 2059 1608 3706 1692">
    <p class='ocr_par' dir='ltr' id='par_1_59' title="bbox 2059 1608 3706 1692">
     <span class='ocr_line' id='line_1_59' title="bbox 2059 1608 3706 1692; baseline 0.001 -27"><span class='ocrx_word' id='word_1_392' title='bbox 2059 1615 2126 1686; x_wconf 77' lang='grc' dir='ltr'>τῇ</span> <span class='ocrx_word' id='word_1_393' title='bbox 2181 1608 2387 1689; x_wconf 82' lang='grc' dir='ltr'>κεφαλῇ</span> <span class='ocrx_word' id='word_1_394' title='bbox 2447 1609 2603 1666; x_wconf 75' lang='grc' dir='ltr'>αὐτοῦ</span> <span class='ocrx_word' id='word_1_395' title='bbox 2671 1609 2976 1690; x_wconf 77' lang='grc' dir='ltr'>περιδήσας,</span> <span class='ocrx_word' id='word_1_396' title='bbox 3038 1615 3098 1669; x_wconf 87' lang='grc' dir='ltr'>τὸ</span> <span class='ocrx_word' id='word_1_397' title='bbox 3157 1611 3211 1668; x_wconf 82' lang='grc' dir='ltr'>δέ</span> <span class='ocrx_word' id='word_1_398' title='bbox 3266 1610 3599 1692; x_wconf 83' lang='grc' dir='ltr'>περιϐόλαιον</span> <span class='ocrx_word' id='word_1_399' title='bbox 3648 1612 3706 1668; x_wconf 87' lang='grc' dir='ltr'>ἐν</span> 
     </span>
    </p>
   </div>
   <div class='ocr_carea' id='block_1_60' title="bbox 1999 1696 3707 1781">
    <p class='ocr_par' dir='ltr' id='par_1_60' title="bbox 1999 1696 3707 1781">
     <span class='ocr_line' id='line_1_60' title="bbox 1999 1696 3707 1781; baseline 0 -27"><span class='ocrx_word' id='word_1_400' title='bbox 1999 1704 2126 1776; x_wconf 79' lang='grc' dir='ltr'>Βτῇ</span> <span class='ocrx_word' id='word_1_401' title='bbox 2181 1696 2352 1775; x_wconf 79' lang='grc' dir='ltr'>ῥάϐδῳ</span> <span class='ocrx_word' id='word_1_402' title='bbox 2408 1699 2550 1777; x_wconf 82' lang='grc' dir='ltr'>παρὰ</span> <span class='ocrx_word' id='word_1_403' title='bbox 2604 1701 2694 1755; x_wconf 81' lang='grc' dir='ltr'>τὸν</span> <span class='ocrx_word' id='word_1_404' title='bbox 2750 1700 2896 1774; x_wconf 83' lang='grc' dir='ltr'>ὦμον</span> <span class='ocrx_word' id='word_1_405' title='bbox 2952 1702 3242 1781; x_wconf 79' lang='grc' dir='ltr'>κρεμάσας,</span> <span class='ocrx_word' id='word_1_406' title='bbox 3307 1700 3445 1757; x_wconf 77' lang='grc' dir='ltr'>οὸτω</span> <span class='ocrx_word' id='word_1_407' title='bbox 3493 1699 3707 1768; x_wconf 79' lang='grc' dir='ltr'>διῆλθεν</span> 
     </span>
    </p>
   </div>
   <div class='ocr_carea' id='block_1_61' title="bbox 2060 1785 3707 1869">
    <p class='ocr_par' dir='ltr' id='par_1_61' title="bbox 2060 1785 3707 1869">
     <span class='ocr_line' id='line_1_61' title="bbox 2060 1785 3707 1869; baseline 0.001 -27"><span class='ocrx_word' id='word_1_408' title='bbox 2060 1787 2198 1843; x_wconf 76' lang='grc' dir='ltr'>ἅπαν</span> <span class='ocrx_word' id='word_1_409' title='bbox 2264 1788 2324 1842; x_wconf 81' lang='grc' dir='ltr'>τὸ</span> <span class='ocrx_word' id='word_1_410' title='bbox 2373 1787 2598 1867; x_wconf 84' lang='grc' dir='ltr'>κάστρον</span> <span class='ocrx_word' id='word_1_411' title='bbox 2653 1785 2741 1843; x_wconf 85' lang='grc' dir='ltr'>ὑπ’</span> <span class='ocrx_word' id='word_1_412' title='bbox 2799 1787 3006 1852; x_wconf 67' lang='grc' dir='ltr'>οὐδενὸς</span> <span class='ocrx_word' id='word_1_413' title='bbox 3065 1791 3470 1869; x_wconf 84' lang='grc' dir='ltr'>γνωριζόμενος,</span> <span class='ocrx_word' id='word_1_414' title='bbox 3532 1793 3592 1846; x_wconf 84' lang='grc' dir='ltr'><strong>Οἱ</strong></span> <span class='ocrx_word' id='word_1_415' title='bbox 3650 1787 3707 1844; x_wconf 79' lang='grc' dir='ltr'>δὲ</span> 
     </span>
    </p>
   </div>
   <div class='ocr_carea' id='block_1_62' title="bbox 2058 1872 3706 1957">
    <p class='ocr_par' dir='ltr' id='par_1_62' title="bbox 2058 1872 3706 1957">
     <span class='ocr_line' id='line_1_62' title="bbox 2058 1872 3706 1957; baseline 0.001 -26"><span class='ocrx_word' id='word_1_416' title='bbox 2058 1872 2247 1939; x_wconf 79' lang='grc' dir='ltr'>παῖδες</span> <span class='ocrx_word' id='word_1_417' title='bbox 2299 1872 2493 1939; x_wconf 81' lang='grc' dir='ltr'>ἰδόντες</span> <span class='ocrx_word' id='word_1_418' title='bbox 2547 1877 2700 1932; x_wconf 75' lang='grc' dir='ltr'>αὐτὸν</span> <span class='ocrx_word' id='word_1_419' title='bbox 2756 1875 2807 1932; x_wconf 83' lang='grc' dir='ltr'>ἐν</span> <span class='ocrx_word' id='word_1_420' title='bbox 2853 1878 3075 1952; x_wconf 77' lang='grc' dir='ltr'>τοιούτῳ</span> <span class='ocrx_word' id='word_1_421' title='bbox 3123 1879 3366 1956; x_wconf 76' lang='grc' dir='ltr'>σχήματι</span> <span class='ocrx_word' id='word_1_422' title='bbox 3416 1876 3706 1957; x_wconf 78' lang='grc' dir='ltr'>διερχόμε-</span> 
     </span>
    </p>
   </div>
   <div class='ocr_carea' id='block_1_63' title="bbox 2059 1961 3706 2044">
    <p class='ocr_par' dir='ltr' id='par_1_63' title="bbox 2059 1961 3706 2044">
     <span class='ocr_line' id='line_1_63' title="bbox 2059 1961 3706 2044; baseline 0.001 -25"><span class='ocrx_word' id='word_1_423' title='bbox 2059 1985 2171 2044; x_wconf 65' lang='grc' dir='ltr'>νον,</span> <span class='ocrx_word' id='word_1_424' title='bbox 2201 1961 2518 2030; x_wconf 74' lang='grc' dir='ltr'>ἠκολούθουν</span> <span class='ocrx_word' id='word_1_425' title='bbox 2549 1963 2690 2038; x_wconf 77' lang='grc' dir='ltr'>αὖτῷ</span> <span class='ocrx_word' id='word_1_426' title='bbox 2732 1963 3026 2035; x_wconf 83' lang='grc' dir='ltr'>λιθάζοντες</span> <span class='ocrx_word' id='word_1_427' title='bbox 3077 1967 3227 2023; x_wconf 66' lang='grc' dir='ltr'>αὺτὸν</span> <span class='ocrx_word' id='word_1_428' title='bbox 3275 1968 3362 2022; x_wconf 87' lang='grc' dir='ltr'>καὶ</span> <span class='ocrx_word' id='word_1_429' title='bbox 3409 1965 3652 2044; x_wconf 83' lang='grc' dir='ltr'>λέγοντες</span> <span class='ocrx_word' id='word_1_430' title='bbox 3688 1984 3706 2004; x_wconf 89' lang='grc'><strong>·</strong></span> 
     </span>
    </p>
   </div>
   <div class='ocr_carea' id='block_1_64' title="bbox 2061 2041 3709 2134">
    <p class='ocr_par' dir='ltr' id='par_1_64' title="bbox 2061 2041 3709 2134">
     <span class='ocr_line' id='line_1_64' title="bbox 2061 2041 3709 2134; baseline 0.002 -27"><span class='ocrx_word' id='word_1_431' title='bbox 2061 2041 2125 2106; x_wconf 54' lang='grc' dir='ltr'>Ὠ</span> <span class='ocrx_word' id='word_1_432' title='bbox 2157 2041 2166 2044; x_wconf 46' lang='grc'><em>’</em></span> <span class='ocrx_word' id='word_1_433' title='bbox 2194 2053 2256 2107; x_wconf 75' lang='grc' dir='ltr'>σὺ</span> <span class='ocrx_word' id='word_1_434' title='bbox 2339 2051 2606 2132; x_wconf 88' lang='grc' dir='ltr'>Βαύλγαρε</span> <span class='ocrx_word' id='word_1_435' title='bbox 2675 2051 2942 2132; x_wconf 86' lang='grc' dir='ltr'>καλόγηρε</span> <span class='ocrx_word' id='word_1_436' title='bbox 2976 2071 2991 2084; x_wconf 85' lang='grc'>⁶</span> <span class='ocrx_word' id='word_1_437' title='bbox 3061 2057 3149 2112; x_wconf 85' lang='grc' dir='ltr'>καὶ</span> <span class='ocrx_word' id='word_1_438' title='bbox 3217 2054 3384 2134; x_wconf 82' lang='grc' dir='ltr'>ἕτεροι</span> <span class='ocrx_word' id='word_1_439' title='bbox 3463 2041 3709 2134; x_wconf 60' lang='grc' dir='ltr'>ᾧράγκον</span> 
     </span>
    </p>
   </div>
   <div class='ocr_carea' id='block_1_65' title="bbox 2059 2139 3709 2222">
    <p class='ocr_par' dir='ltr' id='par_1_65' title="bbox 2059 2139 3709 2222">
     <span class='ocr_line' id='line_1_65' title="bbox 2059 2139 3709 2222; baseline 0.001 -26"><span class='ocrx_word' id='word_1_440' title='bbox 2059 2140 2215 2196; x_wconf 77' lang='grc' dir='ltr'>αὐτὸν</span> <span class='ocrx_word' id='word_1_441' title='bbox 2281 2139 2577 2197; x_wconf 79' lang='grc' dir='ltr'>ἀπεκάλουν</span> <span class='ocrx_word' id='word_1_442' title='bbox 2664 2143 2752 2197; x_wconf 83' lang='grc' dir='ltr'>καὶ</span> <span class='ocrx_word' id='word_1_443' title='bbox 2822 2139 2973 2198; x_wconf 72' lang='grc' dir='ltr'>ἄλλοι</span> <span class='ocrx_word' id='word_1_444' title='bbox 3043 2140 3340 2222; x_wconf 79' lang='grc' dir='ltr'>Ἀρμένιον.</span> <span class='ocrx_word' id='word_1_445' title='bbox 3415 2142 3580 2205; x_wconf 75' lang='grc' dir='ltr'>Αὖτὸς</span> <span class='ocrx_word' id='word_1_446' title='bbox 3650 2139 3709 2197; x_wconf 78' lang='grc' dir='ltr'>δὲ</span> 
     </span>
    </p>
   </div>
   <div class='ocr_carea' id='block_1_66' title="bbox 2060 2226 3706 2307">
    <p class='ocr_par' dir='ltr' id='par_1_66' title="bbox 2060 2226 3706 2307">
     <span class='ocr_line' id='line_1_66' title="bbox 2060 2226 3706 2307; baseline 0.001 -23"><span class='ocrx_word' id='word_1_447' title='bbox 2060 2233 2301 2304; x_wconf 83' lang='grc' dir='ltr'>σιωπῶν,</span> <span class='ocrx_word' id='word_1_448' title='bbox 2369 2226 2822 2307; x_wconf 78' lang='grc' dir='ltr'>περιϐλεψάμενος</span> <span class='ocrx_word' id='word_1_449' title='bbox 2887 2231 3086 2306; x_wconf 65' lang='grc' dir='ltr'>πάντα,</span> <span class='ocrx_word' id='word_1_450' title='bbox 3158 2233 3313 2306; x_wconf 79' lang='grc' dir='ltr'>ὀψίας</span> <span class='ocrx_word' id='word_1_451' title='bbox 3381 2228 3483 2298; x_wconf 70' lang='grc' dir='ltr'>ἤδη</span> <span class='ocrx_word' id='word_1_452' title='bbox 3541 2228 3706 2296; x_wconf 74' lang='grc' dir='ltr'>οὔσης</span> 
     </span>
    </p>
   </div>
   <div class='ocr_carea' id='block_1_67' title="bbox 2061 2317 3707 2402">
    <p class='ocr_par' dir='ltr' id='par_1_67' title="bbox 2061 2317 3707 2402">
     <span class='ocr_line' id='line_1_67' title="bbox 2061 2317 3707 2402; baseline 0.001 -30"><span class='ocrx_word' id='word_1_453' title='bbox 2061 2317 2355 2397; x_wconf 81' lang='grc' dir='ltr'>ἀπέρχεται</span> <span class='ocrx_word' id='word_1_454' title='bbox 2403 2317 2457 2373; x_wconf 88' lang='grc' dir='ltr'>ἐν</span> <span class='ocrx_word' id='word_1_455' title='bbox 2503 2325 2572 2395; x_wconf 82' lang='grc' dir='ltr'>τῇ</span> <span class='ocrx_word' id='word_1_456' title='bbox 2628 2317 2848 2396; x_wconf 75' lang='grc' dir='ltr'>Μεγάλῃ</span> <span class='ocrx_word' id='word_1_457' title='bbox 2897 2318 3210 2402; x_wconf 77' lang='grc' dir='ltr'>Ἐκκλησία,</span> <span class='ocrx_word' id='word_1_458' title='bbox 3261 2321 3350 2376; x_wconf 85' lang='grc' dir='ltr'>καὶ</span> <span class='ocrx_word' id='word_1_459' title='bbox 3399 2319 3554 2397; x_wconf 79' lang='grc' dir='ltr'>ῥίψας</span> <span class='ocrx_word' id='word_1_460' title='bbox 3597 2319 3707 2375; x_wconf 77' lang='grc' dir='ltr'>ἀπὸ</span> 
     </span>
    </p>
   </div>
   <div class='ocr_carea' id='block_1_68' title="bbox 2059 2403 3705 2487">
    <p class='ocr_par' dir='ltr' id='par_1_68' title="bbox 2059 2403 3705 2487">
     <span class='ocr_line' id='line_1_68' title="bbox 2059 2403 3705 2487; baseline 0.001 -26"><span class='ocrx_word' id='word_1_461' title='bbox 2059 2411 2158 2472; x_wconf 77' lang='grc' dir='ltr'>τῆς</span> <span class='ocrx_word' id='word_1_462' title='bbox 2215 2404 2452 2486; x_wconf 78' lang='grc' dir='ltr'>κεφαλῆς</span> <span class='ocrx_word' id='word_1_463' title='bbox 2502 2408 2563 2464; x_wconf 86' lang='grc' dir='ltr'>τὸ</span> <span class='ocrx_word' id='word_1_464' title='bbox 2619 2403 2804 2487; x_wconf 85' lang='grc' dir='ltr'>δέρμα,</span> <span class='ocrx_word' id='word_1_465' title='bbox 2865 2408 2968 2471; x_wconf 88' lang='grc' dir='ltr'>θείς</span> <span class='ocrx_word' id='word_1_466' title='bbox 3013 2429 3070 2463; x_wconf 90' lang='grc' dir='ltr'>τε</span> <span class='ocrx_word' id='word_1_467' title='bbox 3118 2409 3177 2464; x_wconf 82' lang='grc' dir='ltr'>τὸ</span> <span class='ocrx_word' id='word_1_468' title='bbox 3227 2405 3434 2470; x_wconf 74' lang='grc' dir='ltr'>εὐτελὲς</span> <span class='ocrx_word' id='word_1_469' title='bbox 3481 2404 3705 2486; x_wconf 81' lang='grc' dir='ltr'>περιϐό-</span> 
     </span>
    </p>
   </div>
   <div class='ocr_carea' id='block_1_69' title="bbox 2062 2492 3705 2575">
    <p class='ocr_par' dir='ltr' id='par_1_69' title="bbox 2062 2492 3705 2575">
     <span class='ocr_line' id='line_1_69' title="bbox 2062 2492 3705 2575; baseline 0.001 -26"><span class='ocrx_word' id='word_1_470' title='bbox 2062 2492 2211 2551; x_wconf 92' lang='grc' dir='ltr'>λαιον</span> <span class='ocrx_word' id='word_1_471' title='bbox 2268 2493 2353 2551; x_wconf 89' lang='grc' dir='ltr'>ἐπὶ</span> <span class='ocrx_word' id='word_1_472' title='bbox 2420 2499 2526 2550; x_wconf 80' lang='grc' dir='ltr'>τῶν</span> <span class='ocrx_word' id='word_1_473' title='bbox 2595 2494 2780 2570; x_wconf 78' lang='grc' dir='ltr'>ὤμων,</span> <span class='ocrx_word' id='word_1_474' title='bbox 2857 2495 3154 2575; x_wconf 82' lang='grc' dir='ltr'>εἰσέρχεται</span> <span class='ocrx_word' id='word_1_475' title='bbox 3209 2497 3345 2572; x_wconf 81' lang='grc' dir='ltr'>μετᾶ</span> <span class='ocrx_word' id='word_1_476' title='bbox 3398 2495 3559 2554; x_wconf 85' lang='grc' dir='ltr'>πόθου</span> <span class='ocrx_word' id='word_1_477' title='bbox 3614 2497 3705 2551; x_wconf 86' lang='grc' dir='ltr'>καὶ</span> 
     </span>
    </p>
   </div>
   <div class='ocr_carea' id='block_1_70' title="bbox 2064 2582 3704 2664">
    <p class='ocr_par' dir='ltr' id='par_1_70' title="bbox 2064 2582 3704 2664">
     <span class='ocr_line' id='line_1_70' title="bbox 2064 2582 3704 2664; baseline -0.001 -24"><span class='ocrx_word' id='word_1_478' title='bbox 2064 2582 2389 2649; x_wconf 81' lang='grc' dir='ltr'>κατανύξεως</span> <span class='ocrx_word' id='word_1_479' title='bbox 2464 2589 2824 2663; x_wconf 79' lang='grc' dir='ltr'>προσκυνῆσαι</span> <span class='ocrx_word' id='word_1_480' title='bbox 2893 2585 2991 2651; x_wconf 74' lang='grc' dir='ltr'>τὴν</span> <span class='ocrx_word' id='word_1_481' title='bbox 3063 2585 3353 2664; x_wconf 78' lang='grc' dir='ltr'>ὑπέραγνον</span> <span class='ocrx_word' id='word_1_482' title='bbox 3424 2583 3704 2658; x_wconf 84' lang='grc' dir='ltr'>Θεοτόκον,</span> 
     </span>
    </p>
   </div>
   <div class='ocr_carea' id='block_1_71' title="bbox 2065 2670 3711 2752">
    <p class='ocr_par' dir='ltr' id='par_1_71' title="bbox 2065 2670 3711 2752">
     <span class='ocr_line' id='line_1_71' title="bbox 2065 2670 3711 2752; baseline -0.001 -24"><span class='ocrx_word' id='word_1_483' title='bbox 2065 2673 2162 2739; x_wconf 77' lang='grc' dir='ltr'>τὴν</span> <span class='ocrx_word' id='word_1_484' title='bbox 2194 2675 2350 2731; x_wconf 71' lang='grc' dir='ltr'>αὐτοῦ</span> <span class='ocrx_word' id='word_1_485' title='bbox 2380 2671 2717 2751; x_wconf 81' lang='grc' dir='ltr'>παιδαγωγὸν</span> <span class='ocrx_word' id='word_1_486' title='bbox 2746 2673 2834 2728; x_wconf 87' lang='grc' dir='ltr'>καὶ</span> <span class='ocrx_word' id='word_1_487' title='bbox 2888 2674 3194 2752; x_wconf 79' lang='grc' dir='ltr'>προστὰτιν.</span> <span class='ocrx_word' id='word_1_488' title='bbox 3249 2671 3394 2731; x_wconf 78' lang='grc' dir='ltr'>Ἰδὼν</span> <span class='ocrx_word' id='word_1_489' title='bbox 3447 2670 3501 2728; x_wconf 80' lang='grc' dir='ltr'>δὲ</span> <span class='ocrx_word' id='word_1_490' title='bbox 3552 2673 3711 2728; x_wconf 77' lang='grc' dir='ltr'>αὒτὸν</span> 
     </span>
    </p>
   </div>
   <div class='ocr_carea' id='block_1_72' title="bbox 2066 2758 3710 2841">
    <p class='ocr_par' dir='ltr' id='par_1_72' title="bbox 2066 2758 3710 2841">
     <span class='ocr_line' id='line_1_72' title="bbox 2066 2758 3710 2841; baseline 0.001 -24"><span class='ocrx_word' id='word_1_491' title='bbox 2066 2763 2094 2817; x_wconf 83' lang='grc' dir='ltr'>ὁ</span> <span class='ocrx_word' id='word_1_492' title='bbox 2161 2761 2566 2841; x_wconf 84' lang='grc' dir='ltr'>προσμονάριος,</span> <span class='ocrx_word' id='word_1_493' title='bbox 2641 2762 2698 2824; x_wconf 87' lang='grc' dir='ltr'>ὃς</span> <span class='ocrx_word' id='word_1_494' title='bbox 2769 2759 2980 2838; x_wconf 79' lang='grc' dir='ltr'>ἐλέγετο</span> <span class='ocrx_word' id='word_1_495' title='bbox 3051 2768 3337 2836; x_wconf 84' lang='grc' dir='ltr'>Κανισκᾶς,</span> <span class='ocrx_word' id='word_1_496' title='bbox 3396 2758 3710 2825; x_wconf 86' lang='grc' dir='ltr'>διδάσκαλος</span> 
     </span>
    </p>
   </div>
   <div class='ocr_carea' id='block_1_73' title="bbox 2066 2847 3712 2930">
    <p class='ocr_par' dir='ltr' id='par_1_73' title="bbox 2066 2847 3712 2930">
     <span class='ocr_line' id='line_1_73' title="bbox 2066 2847 3712 2930; baseline -0.001 -24"><span class='ocrx_word' id='word_1_497' title='bbox 2066 2853 2221 2908; x_wconf 80' lang='grc' dir='ltr'>αὐτοῦ</span> <span class='ocrx_word' id='word_1_498' title='bbox 2250 2851 2588 2930; x_wconf 81' lang='grc' dir='ltr'>χρηματίσας</span> <span class='ocrx_word' id='word_1_499' title='bbox 2617 2858 2770 2926; x_wconf 79' lang='grc' dir='ltr'>ποτε,</span> <span class='ocrx_word' id='word_1_500' title='bbox 2825 2851 2914 2906; x_wconf 82' lang='grc' dir='ltr'>καὶ</span> <span class='ocrx_word' id='word_1_501' title='bbox 2961 2847 3111 2908; x_wconf 74' lang='grc' dir='ltr'>ἄλλοι</span> <span class='ocrx_word' id='word_1_502' title='bbox 3160 2857 3262 2908; x_wconf 85' lang='grc' dir='ltr'>τῶν</span> <span class='ocrx_word' id='word_1_503' title='bbox 3314 2849 3492 2930; x_wconf 80' lang='grc' dir='ltr'>ἱερέων</span> <span class='ocrx_word' id='word_1_504' title='bbox 3542 2850 3712 2924; x_wconf 74' lang='grc' dir='ltr'>τινὲς,</span> 
     </span>
    </p>
   </div>
   <div class='ocr_carea' id='block_1_74' title="bbox 2065 2937 3716 3020">
    <p class='ocr_par' dir='ltr' id='par_1_74' title="bbox 2065 2937 3716 3020">
     <span class='ocr_line' id='line_1_74' title="bbox 2065 2937 3716 3020; baseline 0 -25"><span class='ocrx_word' id='word_1_505' title='bbox 2065 2940 2153 2996; x_wconf 89' lang='grc' dir='ltr'>καὶ</span> <span class='ocrx_word' id='word_1_506' title='bbox 2199 2938 2498 3018; x_wconf 80' lang='grc' dir='ltr'>ἐπιγνόντες</span> <span class='ocrx_word' id='word_1_507' title='bbox 2547 2937 2628 2994; x_wconf 79' lang='grc' dir='ltr'>ὅτι</span> <span class='ocrx_word' id='word_1_508' title='bbox 2674 2941 2702 2994; x_wconf 87' lang='grc' dir='ltr'><strong>ὁ</strong></span> <span class='ocrx_word' id='word_1_509' title='bbox 2755 2937 2922 3016; x_wconf 85' lang='grc' dir='ltr'>μέγας</span> <span class='ocrx_word' id='word_1_510' title='bbox 2969 2941 3151 3018; x_wconf 77' lang='grc' dir='ltr'>Πατήρ</span> <span class='ocrx_word' id='word_1_511' title='bbox 3198 2939 3360 3020; x_wconf 85' lang='grc' dir='ltr'>ἐστιν,</span> <span class='ocrx_word' id='word_1_512' title='bbox 3411 2937 3573 3006; x_wconf 78' lang='grc' dir='ltr'>ἦλθον</span> <span class='ocrx_word' id='word_1_513' title='bbox 3621 2940 3716 2995; x_wconf 78' lang='grc' dir='ltr'>καὶ</span> 
     </span>
    </p>
   </div>
   <div class='ocr_carea' id='block_1_75' title="bbox 2067 3026 3716 3109">
    <p class='ocr_par' dir='ltr' id='par_1_75' title="bbox 2067 3026 3716 3109">
     <span class='ocr_line' id='line_1_75' title="bbox 2067 3026 3716 3109; baseline 0 -25"><span class='ocrx_word' id='word_1_514' title='bbox 2067 3027 2390 3108; x_wconf 85' lang='grc' dir='ltr'>προσέπεσον</span> <span class='ocrx_word' id='word_1_515' title='bbox 2455 3040 2573 3092; x_wconf 78' lang='grc' dir='ltr'>τοῖς</span> <span class='ocrx_word' id='word_1_516' title='bbox 2641 3029 2793 3084; x_wconf 80' lang='grc' dir='ltr'>ποσὶν</span> <span class='ocrx_word' id='word_1_517' title='bbox 2863 3031 3039 3109; x_wconf 78' lang='grc' dir='ltr'>αὐτοῦ,</span> <span class='ocrx_word' id='word_1_518' title='bbox 3106 3026 3423 3106; x_wconf 80' lang='grc' dir='ltr'>ξενιζόμενοι</span> <span class='ocrx_word' id='word_1_519' title='bbox 3504 3027 3588 3084; x_wconf 84' lang='grc' dir='ltr'>ἐπὶ</span> <span class='ocrx_word' id='word_1_520' title='bbox 3641 3033 3716 3104; x_wconf 81' lang='grc' dir='ltr'>τῇ</span> 
     </span>
    </p>
   </div>
   <div class='ocr_carea' id='block_1_76' title="bbox 2007 3114 2833 3197">
    <p class='ocr_par' dir='ltr' id='par_1_76' title="bbox 2007 3114 2833 3197">
     <span class='ocr_line' id='line_1_76' title="bbox 2007 3114 2833 3197; baseline 0.005 -25"><span class='ocrx_word' id='word_1_521' title='bbox 2007 3115 2050 3178; x_wconf 84' lang='lat' dir='ltr'><strong><em>C</em></strong></span> <span class='ocrx_word' id='word_1_522' title='bbox 2070 3114 2345 3197; x_wconf 83' lang='grc' dir='ltr'>παραδόξῳ</span> <span class='ocrx_word' id='word_1_523' title='bbox 2372 3118 2626 3196; x_wconf 81' lang='grc' dir='ltr'>παρουσίᾳ</span> <span class='ocrx_word' id='word_1_524' title='bbox 2654 3120 2833 3176; x_wconf 70' lang='grc' dir='ltr'>αὐτοῦ.</span> 
     </span>
    </p>
   </div>
   <div class='ocr_carea' id='block_1_77' title="bbox 2149 3208 3710 3300">
    <p class='ocr_par' dir='ltr' id='par_1_77' title="bbox 2149 3208 3710 3300">
     <span class='ocr_line' id='line_1_77' title="bbox 2149 3208 3710 3300; baseline -0.002 -25"><span class='ocrx_word' id='word_1_525' title='bbox 2149 3208 2263 3296; x_wconf 78' lang='grc' dir='ltr'>μβ’,</span> <span class='ocrx_word' id='word_1_526' title='bbox 2323 3218 2489 3282; x_wconf 73' lang='grc' dir='ltr'>Αὐτὸς</span> <span class='ocrx_word' id='word_1_527' title='bbox 2545 3216 2621 3298; x_wconf 77' lang='grc' dir='ltr'>δὲ,</span> <span class='ocrx_word' id='word_1_528' title='bbox 2695 3225 2823 3275; x_wconf 83' lang='grc' dir='ltr'>πᾶσι</span> <span class='ocrx_word' id='word_1_529' title='bbox 2879 3221 2945 3276; x_wconf 80' lang='grc' dir='ltr'>τὰ</span> <span class='ocrx_word' id='word_1_530' title='bbox 3000 3218 3326 3300; x_wconf 79' lang='grc' dir='ltr'>συμφέροντα</span> <span class='ocrx_word' id='word_1_531' title='bbox 3383 3217 3710 3298; x_wconf 84' lang='grc' dir='ltr'>προσειπὼν,</span> 
     </span>
    </p>
   </div>
   <div class='ocr_carea' id='block_1_78' title="bbox 2069 3305 3710 3387">
    <p class='ocr_par' dir='ltr' id='par_1_78' title="bbox 2069 3305 3710 3387">
     <span class='ocr_line' id='line_1_78' title="bbox 2069 3305 3710 3387; baseline -0.001 -24"><span class='ocrx_word' id='word_1_532' title='bbox 2069 3308 2158 3364; x_wconf 84' lang='grc' dir='ltr'>καὶ</span> <span class='ocrx_word' id='word_1_533' title='bbox 2221 3306 2467 3386; x_wconf 77' lang='grc' dir='ltr'>μεγάλως</span> <span class='ocrx_word' id='word_1_534' title='bbox 2523 3305 2788 3387; x_wconf 79' lang='grc' dir='ltr'>ὀφελήσας</span> <span class='ocrx_word' id='word_1_535' title='bbox 2843 3309 2930 3364; x_wconf 89' lang='grc' dir='ltr'>καὶ</span> <span class='ocrx_word' id='word_1_536' title='bbox 2987 3306 3256 3372; x_wconf 82' lang='grc' dir='ltr'>ἀπολύσας</span> <span class='ocrx_word' id='word_1_537' title='bbox 3308 3307 3514 3378; x_wconf 76' lang='grc' dir='ltr'>αὖτοὺς,</span> <span class='ocrx_word' id='word_1_538' title='bbox 3568 3329 3710 3384; x_wconf 85' lang='grc' dir='ltr'>παρ-</span> 
     </span>
    </p>
   </div>
   <div class='ocr_carea' id='block_1_79' title="bbox 2072 3393 3710 3472">
    <p class='ocr_par' dir='ltr' id='par_1_79' title="bbox 2072 3393 3710 3472">
     <span class='ocr_line' id='line_1_79' title="bbox 2072 3393 3710 3472; baseline -0.001 -21"><span class='ocrx_word' id='word_1_539' title='bbox 2072 3395 2273 3472; x_wconf 87' lang='grc' dir='ltr'>έμεινεν</span> <span class='ocrx_word' id='word_1_540' title='bbox 2330 3397 2384 3452; x_wconf 87' lang='grc' dir='ltr'>ἐν</span> <span class='ocrx_word' id='word_1_541' title='bbox 2430 3402 2500 3472; x_wconf 79' lang='grc' dir='ltr'>τῇ</span> <span class='ocrx_word' id='word_1_542' title='bbox 2551 3395 2805 3469; x_wconf 78' lang='grc' dir='ltr'>ἐκκλησίᾳ</span> <span class='ocrx_word' id='word_1_543' title='bbox 2847 3397 2980 3471; x_wconf 76' lang='grc' dir='ltr'>μετὰ</span> <span class='ocrx_word' id='word_1_544' title='bbox 3025 3403 3118 3454; x_wconf 79' lang='grc' dir='ltr'>τοῦ</span> <span class='ocrx_word' id='word_1_545' title='bbox 3165 3397 3322 3453; x_wconf 75' lang='grc' dir='ltr'>αὐτοῦ</span> <span class='ocrx_word' id='word_1_546' title='bbox 3373 3393 3710 3468; x_wconf 82' lang='grc' dir='ltr'>διδασκάλου,</span> 
     </span>
    </p>
   </div>
   <div class='ocr_carea' id='block_1_80' title="bbox 2070 3481 3716 3563">
    <p class='ocr_par' dir='ltr' id='par_1_80' title="bbox 2070 3481 3716 3563">
     <span class='ocr_line' id='line_1_80' title="bbox 2070 3481 3716 3563; baseline -0.002 -21"><span class='ocrx_word' id='word_1_547' title='bbox 2070 3481 2433 3560; x_wconf 79' lang='grc' dir='ltr'>συμϐουλεύων</span> <span class='ocrx_word' id='word_1_548' title='bbox 2501 3482 2642 3557; x_wconf 80' lang='grc' dir='ltr'>αὒτῷ</span> <span class='ocrx_word' id='word_1_549' title='bbox 2711 3481 2926 3541; x_wconf 72' lang='grc' dir='ltr'>ἐκϐῆναι</span> <span class='ocrx_word' id='word_1_550' title='bbox 2994 3485 3101 3542; x_wconf 83' lang='grc' dir='ltr'>ἀπὸ</span> <span class='ocrx_word' id='word_1_551' title='bbox 3119 3562 3140 3563; x_wconf 34' lang='grc' dir='ltr'><em>η</em></span> <span class='ocrx_word' id='word_1_552' title='bbox 3169 3495 3260 3544; x_wconf 82' lang='grc' dir='ltr'>τοῦ</span> <span class='ocrx_word' id='word_1_553' title='bbox 3327 3485 3551 3563; x_wconf 87' lang='grc' dir='ltr'>κόσμου,</span> <span class='ocrx_word' id='word_1_554' title='bbox 3625 3484 3716 3539; x_wconf 86' lang='grc' dir='ltr'>καὶ</span> 
     </span>
    </p>
   </div>
   <div class='ocr_carea' id='block_1_81' title="bbox 2073 3562 3717 3653">
    <p class='ocr_par' dir='ltr' id='par_1_81' title="bbox 2073 3562 3717 3653">
     <span class='ocr_line' id='line_1_81' title="bbox 2073 3562 3717 3653; baseline -0.001 -25"><span class='ocrx_word' id='word_1_555' title='bbox 2073 3571 2322 3629; x_wconf 84' lang='grc' dir='ltr'>διασῶσαι</span> <span class='ocrx_word' id='word_1_556' title='bbox 2398 3573 2496 3640; x_wconf 80' lang='grc' dir='ltr'>τὴν</span> <span class='ocrx_word' id='word_1_557' title='bbox 2581 3573 2763 3653; x_wconf 72' lang='grc' dir='ltr'>ψυχὴν</span> <span class='ocrx_word' id='word_1_558' title='bbox 2847 3575 3026 3634; x_wconf 76' lang='grc' dir='ltr'>αὐτοῦ.</span> <span class='ocrx_word' id='word_1_559' title='bbox 3113 3562 3208 3631; x_wconf 53' lang='grc' dir='ltr'>Ἠν</span> <span class='ocrx_word' id='word_1_560' title='bbox 3278 3574 3377 3653; x_wconf 81' lang='grc' dir='ltr'>γὰρ</span> <span class='ocrx_word' id='word_1_561' title='bbox 3448 3570 3717 3649; x_wconf 87' lang='grc' dir='ltr'>μηδέποτε</span> 
     </span>
    </p>
   </div>
   <div class='ocr_carea' id='block_1_82' title="bbox 2072 3659 3721 3742">
    <p class='ocr_par' dir='ltr' id='par_1_82' title="bbox 2072 3659 3721 3742">
     <span class='ocr_line' id='line_1_82' title="bbox 2072 3659 3721 3742; baseline -0.003 -22"><span class='ocrx_word' id='word_1_562' title='bbox 2072 3663 2279 3740; x_wconf 87' lang='grc' dir='ltr'>γυναικὶ</span> <span class='ocrx_word' id='word_1_563' title='bbox 2356 3659 2633 3736; x_wconf 86' lang='grc' dir='ltr'>συνδεθεὶς,</span> <span class='ocrx_word' id='word_1_564' title='bbox 2719 3660 2854 3738; x_wconf 80' lang='grc' dir='ltr'>μηδὲ</span> <span class='ocrx_word' id='word_1_565' title='bbox 2923 3663 3309 3742; x_wconf 81' lang='grc' dir='ltr'>γαστριμαργίᾳ</span> <span class='ocrx_word' id='word_1_566' title='bbox 3396 3661 3431 3730; x_wconf 74' lang='grc' dir='ltr'>ἢ</span> <span class='ocrx_word' id='word_1_567' title='bbox 3497 3659 3721 3738; x_wconf 79' lang='grc' dir='ltr'>βλακείᾳ</span> 
     </span>
    </p>
   </div>
   <div class='ocr_carea' id='block_1_83' title="bbox 2071 3749 3721 3832">
    <p class='ocr_par' dir='ltr' id='par_1_83' title="bbox 2071 3749 3721 3832">
     <span class='ocr_line' id='line_1_83' title="bbox 2071 3749 3721 3832; baseline -0.002 -25"><span class='ocrx_word' id='word_1_568' title='bbox 2071 3749 2618 3827; x_wconf 84' lang='grc' dir='ltr'>καταδεδουλωμενος,</span> <span class='ocrx_word' id='word_1_569' title='bbox 2686 3757 2754 3827; x_wconf 80' lang='grc' dir='ltr'>τῇ</span> <span class='ocrx_word' id='word_1_570' title='bbox 2818 3749 2872 3806; x_wconf 77' lang='grc' dir='ltr'>δὲ</span> <span class='ocrx_word' id='word_1_571' title='bbox 2935 3750 3244 3832; x_wconf 80' lang='grc' dir='ltr'>φιλαργυρίᾳ</span> <span class='ocrx_word' id='word_1_572' title='bbox 3309 3759 3556 3809; x_wconf 80' lang='grc' dir='ltr'>τοσοῦτον</span> <span class='ocrx_word' id='word_1_573' title='bbox 3607 3750 3721 3804; x_wconf 79' lang='grc' dir='ltr'>ὑπ-</span> 
     </span>
    </p>
   </div>
   <div class='ocr_carea' id='block_1_84' title="bbox 2075 3837 3720 3920">
    <p class='ocr_par' dir='ltr' id='par_1_84' title="bbox 2075 3837 3720 3920">
     <span class='ocr_line' id='line_1_84' title="bbox 2075 3837 3720 3920; baseline -0.029 2"><span class='ocrx_word' id='word_1_574' title='bbox 2075 3844 2218 3920; x_wconf 71' lang='grc' dir='ltr'>ἦρχε</span> <span class='ocrx_word' id='word_1_575' title='bbox 2274 3838 2764 3918; x_wconf 79' lang='grc' dir='ltr'>συμπεπλεγμένος.</span> <span class='ocrx_word' id='word_1_576' title='bbox 2841 3837 2963 3896; x_wconf 81' lang='grc' dir='ltr'>ὅσον</span> <span class='ocrx_word' id='word_1_577' title='bbox 3037 3841 3124 3895; x_wconf 82' lang='grc' dir='ltr'>καὶ</span> <span class='ocrx_word' id='word_1_578' title='bbox 3193 3852 3326 3916; x_wconf 68' lang='grc' dir='ltr'>μυτᾳ</span> <span class='ocrx_word' id='word_1_579' title='bbox 3380 3845 3450 3916; x_wconf 69' lang='grc' dir='ltr'>τῇ</span> <span class='ocrx_word' id='word_1_580' title='bbox 3508 3837 3720 3917; x_wconf 64' lang='grc' dir='ltr'>ἀράχνῃ</span> 
     </span>
    </p>
   </div>
   <div class='ocr_carea' id='block_1_85' title="bbox 2075 3925 3725 4008">
    <p class='ocr_par' dir='ltr' id='par_1_85' title="bbox 2075 3925 3725 4008">
     <span class='ocr_line' id='line_1_85' title="bbox 2075 3925 3725 4008; baseline -0.002 -24"><span class='ocrx_word' id='word_1_581' title='bbox 2075 3941 2451 4008; x_wconf 76' lang='grc' dir='ltr'>περιπαρεϊσα.</span> <span class='ocrx_word' id='word_1_582' title='bbox 2493 3929 2591 3985; x_wconf 82' lang='grc' dir='ltr'>Διὰ</span> <span class='ocrx_word' id='word_1_583' title='bbox 2635 3931 2722 3986; x_wconf 87' lang='grc' dir='ltr'>καὶ</span> <span class='ocrx_word' id='word_1_584' title='bbox 2773 3931 2800 3984; x_wconf 92' lang='grc' dir='ltr'>ὁ</span> <span class='ocrx_word' id='word_1_585' title='bbox 2848 3928 3030 4008; x_wconf 75' lang='grc' dir='ltr'>Πατὴρ</span> <span class='ocrx_word' id='word_1_586' title='bbox 3081 3929 3179 3995; x_wconf 82' lang='grc' dir='ltr'>τὴν</span> <span class='ocrx_word' id='word_1_587' title='bbox 3227 3925 3538 4008; x_wconf 77' lang='grc' dir='ltr'>παραϐολὴν</span> <span class='ocrx_word' id='word_1_588' title='bbox 3588 3926 3725 3981; x_wconf 80' lang='grc' dir='ltr'>ταύ-</span> 
     </span>
    </p>
   </div>
   <div class='ocr_carea' id='block_1_86' title="bbox 2077 4001 3724 4097">
    <p class='ocr_par' dir='ltr' id='par_1_86' title="bbox 2077 4001 3724 4097">
     <span class='ocr_line' id='line_1_86' title="bbox 2077 4001 3724 4097; baseline -0.001 -25"><span class='ocrx_word' id='word_1_589' title='bbox 2077 4039 2174 4083; x_wconf 86' lang='grc' dir='ltr'>την</span> <span class='ocrx_word' id='word_1_590' title='bbox 2203 4020 2332 4097; x_wconf 80' lang='grc' dir='ltr'>πρὸς</span> <span class='ocrx_word' id='word_1_591' title='bbox 2363 4019 2520 4076; x_wconf 72' lang='grc' dir='ltr'>αὐτὸν</span> <span class='ocrx_word' id='word_1_592' title='bbox 2564 4017 2777 4097; x_wconf 74' lang='grc' dir='ltr'>εἴρηκεν</span> <span class='ocrx_word' id='word_1_593' title='bbox 2812 4021 2827 4050; x_wconf 90' lang='lat'><strong>‘</strong></span> <span class='ocrx_word' id='word_1_594' title='bbox 2879 4001 2987 4074; x_wconf 62' lang='grc' dir='ltr'>Ὅτι</span> <span class='ocrx_word' id='word_1_595' title='bbox 3037 4020 3085 4073; x_wconf 73' lang='grc' dir='ltr'>οἱ</span> <span class='ocrx_word' id='word_1_596' title='bbox 3134 4017 3230 4092; x_wconf 80' lang='grc' dir='ltr'>μὲν</span> <span class='ocrx_word' id='word_1_597' title='bbox 3274 4023 3342 4094; x_wconf 81' lang='grc' dir='ltr'>τῇ</span> <span class='ocrx_word' id='word_1_598' title='bbox 3371 4021 3467 4082; x_wconf 78' lang='grc' dir='ltr'>τῆς</span> <span class='ocrx_word' id='word_1_599' title='bbox 3493 4016 3724 4094; x_wconf 80' lang='grc' dir='ltr'>γαστρὸς</span> 
     </span>
    </p>
   </div>
   <div class='ocr_carea' id='block_1_87' title="bbox 2080 4103 3723 4186">
    <p class='ocr_par' dir='ltr' id='par_1_87' title="bbox 2080 4103 3723 4186">
     <span class='ocr_line' id='line_1_87' title="bbox 2080 4103 3723 4186; baseline -0.002 -26"><span class='ocrx_word' id='word_1_600' title='bbox 2080 4105 2494 4182; x_wconf 80' lang='grc' dir='ltr'>ἀναγκαζόμενοι</span> <span class='ocrx_word' id='word_1_601' title='bbox 2573 4106 2748 4186; x_wconf 82' lang='grc' dir='ltr'>χρείᾳ,</span> <span class='ocrx_word' id='word_1_602' title='bbox 2834 4103 3063 4184; x_wconf 73' lang='grc' dir='ltr'>εὐλόγως</span> <span class='ocrx_word' id='word_1_603' title='bbox 3177 4117 3300 4168; x_wconf 76' lang='grc' dir='ltr'>ταῖς</span> <span class='ocrx_word' id='word_1_604' title='bbox 3411 4104 3723 4182; x_wconf 76' lang='grc' dir='ltr'>ὑπηρεσίαις</span> 
     </span>
    </p>
   </div>
   <div class='ocr_carea' id='block_1_88' title="bbox 2079 4190 3726 4273">
    <p class='ocr_par' dir='ltr' id='par_1_88' title="bbox 2079 4190 3726 4273">
     <span class='ocr_line' id='line_1_88' title="bbox 2079 4190 3726 4273; baseline -0.002 -23"><span class='ocrx_word' id='word_1_605' title='bbox 2079 4205 2518 4273; x_wconf 75' lang='grc' dir='ltr'>προσκαρτεροῦσι</span> <span class='ocrx_word' id='word_1_606' title='bbox 2562 4211 2576 4226; x_wconf 89' lang='grc'>⁶</span> <span class='ocrx_word' id='word_1_607' title='bbox 2638 4195 2698 4249; x_wconf 83' lang='grc' dir='ltr'>σὺ</span> <span class='ocrx_word' id='word_1_608' title='bbox 2751 4190 2806 4248; x_wconf 74' lang='grc' dir='ltr'>δὲ</span> <span class='ocrx_word' id='word_1_609' title='bbox 2861 4194 3056 4260; x_wconf 87' lang='grc' dir='ltr'>ταύτης</span> <span class='ocrx_word' id='word_1_610' title='bbox 3112 4192 3262 4256; x_wconf 81' lang='grc' dir='ltr'>ἐκτὸς</span> <span class='ocrx_word' id='word_1_611' title='bbox 3318 4193 3624 4273; x_wconf 70' lang='grc' dir='ltr'>τυγχάνων,</span> <span class='ocrx_word' id='word_1_612' title='bbox 3672 4192 3726 4246; x_wconf 85' lang='grc' dir='ltr'>τί</span> 
     </span>
    </p>
   </div>
   <div class='ocr_carea' id='block_1_89' title="bbox 2080 4281 3726 4362">
    <p class='ocr_par' dir='ltr' id='par_1_89' title="bbox 2080 4281 3726 4362">
     <span class='ocr_line' id='line_1_89' title="bbox 2080 4281 3726 4362; baseline -0.002 -23"><span class='ocrx_word' id='word_1_613' title='bbox 2080 4285 2168 4339; x_wconf 86' lang='grc' dir='ltr'>καὶ</span> <span class='ocrx_word' id='word_1_614' title='bbox 2227 4283 2400 4359; x_wconf 85' lang='grc' dir='ltr'>μάτην</span> <span class='ocrx_word' id='word_1_615' title='bbox 2471 4283 2838 4362; x_wconf 79' lang='grc' dir='ltr'>παρακάθησαι</span> <span class='ocrx_word' id='word_1_616' title='bbox 2911 4295 3028 4346; x_wconf 75' lang='grc' dir='ltr'>τοῖς</span> <span class='ocrx_word' id='word_1_617' title='bbox 3099 4283 3563 4362; x_wconf 79' lang='grc' dir='ltr'>ἐκκοπρουμένοις,</span> <span class='ocrx_word' id='word_1_618' title='bbox 3634 4281 3726 4336; x_wconf 85' lang='grc' dir='ltr'>καὶ</span> 
     </span>
    </p>
   </div>
   <div class='ocr_carea' id='block_1_90' title="bbox 354 4360 1980 4452">
    <p class='ocr_par' dir='ltr' id='par_1_90' title="bbox 354 4360 1980 4452">
     <span class='ocr_line' id='line_1_90' title="bbox 354 4360 1980 4452; baseline 0.002 -22"><span class='ocrx_word' id='word_1_619' title='bbox 354 4370 457 4431; x_wconf 87' lang='lat' dir='ltr'>ille</span> <span class='ocrx_word' id='word_1_620' title='bbox 484 4392 498 4429; x_wconf 87' lang='lat'><strong>:</strong></span> <span class='ocrx_word' id='word_1_621' title='bbox 534 4371 699 4432; x_wconf 87' lang='lat' dir='ltr'>Multi</span> <span class='ocrx_word' id='word_1_622' title='bbox 727 4391 868 4433; x_wconf 90' lang='lat' dir='ltr'>sane</span> <span class='ocrx_word' id='word_1_623' title='bbox 899 4360 1122 4446; x_wconf 81' lang='lat' dir='ltr'>sumus,</span> <span class='ocrx_word' id='word_1_624' title='bbox 1153 4360 1484 4434; x_wconf 81' lang='lat' dir='ltr'>reverende</span> <span class='ocrx_word' id='word_1_625' title='bbox 1529 4371 1718 4447; x_wconf 80' lang='lat' dir='ltr'>Pater,</span> <span class='ocrx_word' id='word_1_626' title='bbox 1747 4360 1849 4452; x_wconf 84' lang='lat' dir='ltr'>qui</span> <span class='ocrx_word' id='word_1_627' title='bbox 1869 4372 1980 4433; x_wconf 85' lang='lat' dir='ltr'>vita</span> 
     </span>
    </p>
   </div>
   <div class='ocr_carea' id='block_1_91' title="bbox 2072 4360 3725 4452">
    <p class='ocr_par' dir='ltr' id='par_1_91' title="bbox 2082 4369 3725 4451">
     <span class='ocr_line' id='line_1_91' title="bbox 2082 4369 3725 4451; baseline -0.003 -23"><span class='ocrx_word' id='word_1_628' title='bbox 2082 4377 2180 4437; x_wconf 76' lang='grc' dir='ltr'>τῆς</span> <span class='ocrx_word' id='word_1_629' title='bbox 2240 4372 2452 4428; x_wconf 85' lang='grc' dir='ltr'>ἐκείνων</span> <span class='ocrx_word' id='word_1_630' title='bbox 2508 4370 2756 4434; x_wconf 88' lang='grc' dir='ltr'>δυσωδίας</span> <span class='ocrx_word' id='word_1_631' title='bbox 2815 4369 3284 4451; x_wconf 66' lang='grc' dir='ltr'>μεταλαμϐάνειςς</span> <span class='ocrx_word' id='word_1_632' title='bbox 3344 4369 3464 4427; x_wconf 85' lang='grc' dir='ltr'>Ἐπὶ</span> <span class='ocrx_word' id='word_1_633' title='bbox 3517 4369 3725 4431; x_wconf 84' lang='grc' dir='ltr'>τούτοις</span> 
     </span>
    </p>
   </div>
   <div class='ocr_carea' id='block_1_92' title="bbox 358 4452 1980 4542">
    <p class='ocr_par' dir='ltr' id='par_1_92' title="bbox 358 4458 1980 4542">
     <span class='ocr_line' id='line_1_92' title="bbox 358 4458 1980 4542; baseline 0.002 -23"><span class='ocrx_word' id='word_1_634' title='bbox 358 4466 473 4520; x_wconf 68' lang='lat' dir='ltr'>tuae</span> <span class='ocrx_word' id='word_1_635' title='bbox 503 4458 835 4523; x_wconf 89' lang='lat' dir='ltr'>institutum</span> <span class='ocrx_word' id='word_1_636' title='bbox 866 4461 1102 4523; x_wconf 89' lang='lat' dir='ltr'>beatum</span> <span class='ocrx_word' id='word_1_637' title='bbox 1133 4461 1550 4540; x_wconf 72' lang='lat' dir='ltr'>praedicamus,</span> <span class='ocrx_word' id='word_1_638' title='bbox 1583 4470 1642 4524; x_wconf 91' lang='lat' dir='ltr'>et</span> <span class='ocrx_word' id='word_1_639' title='bbox 1673 4480 1828 4542; x_wconf 54' lang='lat' dir='ltr'>saepe</span> <span class='ocrx_word' id='word_1_640' title='bbox 1849 4481 1980 4523; x_wconf 91' lang='lat' dir='ltr'>con-</span> 
     </span>
    </p>
   </div>
   <div class='ocr_carea' id='block_1_93' title="bbox 2072 4452 3729 4542">
    <p class='ocr_par' dir='ltr' id='par_1_93' title="bbox 2080 4452 3729 4540">
     <span class='ocr_line' id='line_1_93' title="bbox 2080 4452 3729 4540; baseline -0.002 -24"><span class='ocrx_word' id='word_1_641' title='bbox 2080 4452 2338 4538; x_wconf 64' lang='grc' dir='ltr'>ἆπογῗρίθη</span> <span class='ocrx_word' id='word_1_642' title='bbox 2409 4461 2612 4525; x_wconf 78' lang='grc' dir='ltr'>ἐκεῖνος</span> <span class='ocrx_word' id='word_1_643' title='bbox 2648 4477 2662 4491; x_wconf 82' lang='grc'><strong><em>⁸</em></strong></span> <span class='ocrx_word' id='word_1_644' title='bbox 2770 4469 2970 4533; x_wconf 88' lang='grc' dir='ltr'>Οντως,</span> <span class='ocrx_word' id='word_1_645' title='bbox 3061 4461 3200 4536; x_wconf 83' lang='grc' dir='ltr'>τίμιε</span> <span class='ocrx_word' id='word_1_646' title='bbox 3272 4460 3464 4540; x_wconf 83' lang='grc' dir='ltr'>Πάτερ,</span> <span class='ocrx_word' id='word_1_647' title='bbox 3535 4456 3729 4514; x_wconf 85' lang='grc' dir='ltr'>πολλοί</span> 
     </span>
    </p>
   </div>
   <div class='ocr_carea' id='block_1_94' title="bbox 358 4545 1980 4631">
    <p class='ocr_par' dir='ltr' id='par_1_94' title="bbox 358 4547 1980 4631">
     <span class='ocr_line' id='line_1_94' title="bbox 358 4547 1980 4631; baseline 0.002 -23"><span class='ocrx_word' id='word_1_648' title='bbox 358 4547 556 4609; x_wconf 92' lang='lat' dir='ltr'>silium</span> <span class='ocrx_word' id='word_1_649' title='bbox 581 4548 822 4611; x_wconf 83' lang='lat' dir='ltr'>iniimus</span> <span class='ocrx_word' id='word_1_650' title='bbox 845 4550 1100 4631; x_wconf 68' lang='lat' dir='ltr'>exeundi</span> <span class='ocrx_word' id='word_1_651' title='bbox 1124 4550 1196 4610; x_wconf 93' lang='lat' dir='ltr'>ad</span> <span class='ocrx_word' id='word_1_652' title='bbox 1222 4549 1496 4629; x_wconf 88' lang='lat' dir='ltr'>pietatem</span> <span class='ocrx_word' id='word_1_653' title='bbox 1528 4551 1829 4630; x_wconf 88' lang='lat' dir='ltr'>tuam,sed</span> <span class='ocrx_word' id='word_1_654' title='bbox 1863 4551 1980 4630; x_wconf 75' lang='lat' dir='ltr'>qui:</span> 
     </span>
    </p>
   </div>
   <div class='ocr_carea' id='block_1_95' title="bbox 2072 4545 3726 4631">
    <p class='ocr_par' dir='ltr' id='par_1_95' title="bbox 2081 4545 3726 4630">
     <span class='ocr_line' id='line_1_95' title="bbox 2081 4545 3726 4630; baseline -0.002 -26"><span class='ocrx_word' id='word_1_655' title='bbox 2081 4548 2238 4626; x_wconf 89' lang='grc' dir='ltr'>ἐσμεν</span> <span class='ocrx_word' id='word_1_656' title='bbox 2292 4553 2338 4608; x_wconf 72' lang='grc' dir='ltr'>οἱ</span> <span class='ocrx_word' id='word_1_657' title='bbox 2391 4548 2763 4630; x_wconf 84' lang='grc' dir='ltr'>μακαρίζοντές</span> <span class='ocrx_word' id='word_1_658' title='bbox 2813 4571 2906 4605; x_wconf 92' lang='grc' dir='ltr'>σου</span> <span class='ocrx_word' id='word_1_659' title='bbox 2947 4549 3045 4617; x_wconf 73' lang='grc' dir='ltr'>τὴν</span> <span class='ocrx_word' id='word_1_660' title='bbox 3087 4548 3354 4606; x_wconf 84' lang='grc' dir='ltr'>πολιτείαν</span> <span class='ocrx_word' id='word_1_661' title='bbox 3389 4566 3402 4580; x_wconf 83' lang='lat'><strong><em>°</em></strong></span> <span class='ocrx_word' id='word_1_662' title='bbox 3452 4548 3543 4603; x_wconf 87' lang='grc' dir='ltr'>καὶ</span> <span class='ocrx_word' id='word_1_663' title='bbox 3583 4545 3726 4602; x_wconf 89' lang='grc' dir='ltr'>πολ-</span> 
     </span>
    </p>
   </div>
   <div class='ocr_carea' id='block_1_96' title="bbox 358 4635 1980 4716">
    <p class='ocr_par' dir='ltr' id='par_1_96' title="bbox 358 4637 1980 4715">
     <span class='ocr_line' id='line_1_96' title="bbox 358 4637 1980 4715; baseline 0.001 -17"><span class='ocrx_word' id='word_1_664' title='bbox 358 4655 480 4699; x_wconf 91' lang='lat' dir='ltr'>non</span> <span class='ocrx_word' id='word_1_665' title='bbox 505 4637 620 4700; x_wconf 87' lang='lat' dir='ltr'>fert</span> <span class='ocrx_word' id='word_1_666' title='bbox 649 4639 822 4702; x_wconf 91' lang='lat' dir='ltr'>nobis</span> <span class='ocrx_word' id='word_1_667' title='bbox 843 4640 1078 4702; x_wconf 89' lang='lat' dir='ltr'>animus</span> <span class='ocrx_word' id='word_1_668' title='bbox 1107 4638 1408 4701; x_wconf 91' lang='lat' dir='ltr'>abstinere</span> <span class='ocrx_word' id='word_1_669' title='bbox 1438 4638 1596 4715; x_wconf 92' lang='lat' dir='ltr'>vino,</span> <span class='ocrx_word' id='word_1_670' title='bbox 1629 4639 1896 4701; x_wconf 89' lang='lat' dir='ltr'>deterriti</span> <span class='ocrx_word' id='word_1_671' title='bbox 1925 4639 1980 4701; x_wconf 88' lang='lat' dir='ltr'>al</span> 
     </span>
    </p>
   </div>
   <div class='ocr_carea' id='block_1_97' title="bbox 2072 4635 3728 4716">
    <p class='ocr_par' dir='ltr' id='par_1_97' title="bbox 2080 4635 3728 4716">
     <span class='ocr_line' id='line_1_97' title="bbox 2080 4635 3728 4716; baseline -0.001 -22"><span class='ocrx_word' id='word_1_672' title='bbox 2080 4637 2232 4702; x_wconf 83' lang='grc' dir='ltr'>λάκις</span> <span class='ocrx_word' id='word_1_673' title='bbox 2303 4635 2720 4715; x_wconf 82' lang='grc' dir='ltr'>ἐϐουλευσάμεθα</span> <span class='ocrx_word' id='word_1_674' title='bbox 2787 4648 2881 4698; x_wconf 80' lang='grc' dir='ltr'>τοῦ</span> <span class='ocrx_word' id='word_1_675' title='bbox 2949 4636 3176 4704; x_wconf 78' lang='grc' dir='ltr'>ἐξελθεῖν</span> <span class='ocrx_word' id='word_1_676' title='bbox 3257 4638 3389 4716; x_wconf 81' lang='grc' dir='ltr'>πρὸς</span> <span class='ocrx_word' id='word_1_677' title='bbox 3458 4635 3557 4703; x_wconf 80' lang='grc' dir='ltr'>τὴν</span> <span class='ocrx_word' id='word_1_678' title='bbox 3625 4635 3728 4701; x_wconf 80' lang='grc' dir='ltr'>σὴν</span> 
     </span>
    </p>
   </div>
   <div class='ocr_carea' id='block_1_98' title="bbox 1739 4805 2342 4870">
    <p class='ocr_par' dir='ltr' id='par_1_98' title="bbox 1739 4805 2342 4870">
     <span class='ocr_line' id='line_1_98' title="bbox 1739 4805 2342 4870; baseline -0.002 0"><span class='ocrx_word' id='word_1_679' title='bbox 1739 4805 1985 4870; x_wconf 87' lang='lat' dir='ltr'>Joannis</span> <span class='ocrx_word' id='word_1_680' title='bbox 2011 4806 2135 4870; x_wconf 90' lang='lat' dir='ltr'>Clei</span> <span class='ocrx_word' id='word_1_681' title='bbox 2165 4813 2342 4869; x_wconf 70' lang='lat' dir='ltr'>notae.</span> 
     </span>
    </p>
   </div>
   <div class='ocr_carea' id='block_1_99' title="bbox 443 4940 3723 5034">
    <p class='ocr_par' dir='ltr' id='par_1_99' title="bbox 443 4940 3723 5034">
     <span class='ocr_line' id='line_1_99' title="bbox 443 4940 3723 5034; baseline -0 -31"><span class='ocrx_word' id='word_1_682' title='bbox 443 4941 1159 5034; x_wconf 73' lang='lat' dir='ltr'>(34)S_icvertit§irletus:</span> <span class='ocrx_word' id='word_1_683' title='bbox 1192 4941 1319 5004; x_wconf 69' lang='lat' dir='ltr'>«Eo</span> <span class='ocrx_word' id='word_1_684' title='bbox 1371 4947 1636 5034; x_wconf 75' lang='lat' dir='ltr'>tempore</span> <span class='ocrx_word' id='word_1_685' title='bbox 1669 4959 1802 5034; x_wconf 82' lang='lat' dir='ltr'>cum</span> <span class='ocrx_word' id='word_1_686' title='bbox 1833 4949 2007 5034; x_wconf 66' lang='lat' dir='ltr'>terrae</span> <span class='ocrx_word' id='word_1_687' title='bbox 2089 4942 2395 5034; x_wconf 69' lang='lat' dir='ltr'>templum,</span> <span class='ocrx_word' id='word_1_688' title='bbox 2432 4965 2488 5034; x_wconf 43' lang='lat' dir='ltr'>ut!</span> <span class='ocrx_word' id='word_1_689' title='bbox 2549 4941 2970 5034; x_wconf 41' lang='lat' dir='ltr'>pariter-degit</span> <span class='ocrx_word' id='word_1_690' title='bbox 3045 4940 3286 5034; x_wconf 60' lang='lat' dir='ltr'>Barrins</span> <span class='ocrx_word' id='word_1_691' title='bbox 3367 4942 3457 5034; x_wconf 54' lang='lat' dir='ltr'>De</span> <span class='ocrx_word' id='word_1_692' title='bbox 3506 4940 3723 5034; x_wconf 75' lang='lat' dir='ltr'>Antig.</span> 
     </span>
    </p>
   </div>
   <div class='ocr_carea' id='block_1_100' title="bbox 365 5020 3727 5104">
    <p class='ocr_par' dir='ltr' id='par_1_100' title="bbox 365 5020 3727 5104">
     <span class='ocr_line' id='line_1_100' title="bbox 365 5020 3727 5104; baseline -0.001 -19"><span class='ocrx_word' id='word_1_693' title='bbox 365 5020 560 5085; x_wconf 87' lang='lat' dir='ltr'>motus</span> <span class='ocrx_word' id='word_1_694' title='bbox 614 5025 823 5104; x_wconf 86' lang='lat' dir='ltr'>ingens</span> <span class='ocrx_word' id='word_1_695' title='bbox 870 5023 1203 5086; x_wconf 85' lang='lat' dir='ltr'>Rossanum</span> <span class='ocrx_word' id='word_1_696' title='bbox 1255 5020 1772 5104; x_wconf 80' lang='lat' dir='ltr'>apprehendisset,</span> <span class='ocrx_word' id='word_1_697' title='bbox 1806 5021 2006 5082; x_wconf 90' lang='lat' dir='ltr'>multis</span> <span class='ocrx_word' id='word_1_698' title='bbox 2087 5020 2381 5104; x_wconf 61' lang='lat' dir='ltr'>Calabriae</span> <span class='ocrx_word' id='word_1_699' title='bbox 2429 5020 2651 5104; x_wconf 17' lang='lat' dir='ltr'>libriiv</span> <span class='ocrx_word' id='word_1_700' title='bbox 2703 5020 2910 5099; x_wconf 35' lang='lat' dir='ltr'>initio,“</span> <span class='ocrx_word' id='word_1_701' title='bbox 2949 5023 3104 5104; x_wconf 91' lang='lat' dir='ltr'>quod</span> <span class='ocrx_word' id='word_1_702' title='bbox 3153 5021 3533 5104; x_wconf 77' lang='lat' dir='ltr'>Caryophilus</span> <span class='ocrx_word' id='word_1_703' title='bbox 3577 5023 3727 5104; x_wconf 89' lang='lat' dir='ltr'>red-</span> 
     </span>
    </p>
   </div>
   <div class='ocr_carea' id='block_1_101' title="bbox 365 5100 3730 5183">
    <p class='ocr_par' dir='ltr' id='par_1_101' title="bbox 365 5100 3730 5183">
     <span class='ocr_line' id='line_1_101' title="bbox 365 5100 3730 5183; baseline -0.003 -17"><span class='ocrx_word' id='word_1_704' title='bbox 365 5122 499 5166; x_wconf 90' lang='lat' dir='ltr'>cum</span> <span class='ocrx_word' id='word_1_705' title='bbox 531 5100 822 5166; x_wconf 84' lang='lat' dir='ltr'>imbribus</span> <span class='ocrx_word' id='word_1_706' title='bbox 853 5113 1025 5167; x_wconf 91' lang='lat' dir='ltr'>nocte</span> <span class='ocrx_word' id='word_1_707' title='bbox 1055 5117 1231 5183; x_wconf 86' lang='lat' dir='ltr'>atque</span> <span class='ocrx_word' id='word_1_708' title='bbox 1257 5100 1355 5163; x_wconf 89' lang='lat' dir='ltr'>die</span> <span class='ocrx_word' id='word_1_709' title='bbox 1385 5100 1820 5183; x_wconf 82' lang='lat' dir='ltr'>ingruentibus,</span> <span class='ocrx_word' id='word_1_710' title='bbox 1847 5120 2008 5183; x_wconf 58' lang='lat' dir='ltr'>cum;</span> <span class='ocrx_word' id='word_1_711' title='bbox 2088 5102 2238 5163; x_wconf 87' lang='lat' dir='ltr'>didit</span> <span class='ocrx_word' id='word_1_712' title='bbox 2292 5112 2518 5165; x_wconf 74' lang='lat' dir='ltr'>sanclw</span> <span class='ocrx_word' id='word_1_713' title='bbox 2564 5103 2795 5166; x_wconf 83' lang='lat' dir='ltr'>Irenes.</span> <span class='ocrx_word' id='word_1_714' title='bbox 2853 5100 3141 5183; x_wconf 86' lang='lat' dir='ltr'>Ambigua</span> <span class='ocrx_word' id='word_1_715' title='bbox 3184 5100 3292 5163; x_wconf 52' lang='lat' dir='ltr'>vos</span> <span class='ocrx_word' id='word_1_716' title='bbox 3342 5100 3544 5183; x_wconf 63' lang='lat' dir='ltr'>Graeca</span> <span class='ocrx_word' id='word_1_717' title='bbox 3588 5103 3730 5182; x_wconf 75' lang='grc' dir='ltr'>εἰρή-</span> 
     </span>
    </p>
   </div>
   <div class='ocr_carea' id='block_1_102' title="bbox 363 5180 3726 5265">
    <p class='ocr_par' dir='ltr' id='par_1_102' title="bbox 363 5180 3726 5265">
     <span class='ocr_line' id='line_1_102' title="bbox 363 5180 3726 5265; baseline -0.001 -19"><span class='ocrx_word' id='word_1_718' title='bbox 363 5203 476 5265; x_wconf 90' lang='lat' dir='ltr'>que</span> <span class='ocrx_word' id='word_1_719' title='bbox 527 5185 630 5265; x_wconf 87' lang='lat' dir='ltr'>hi,</span> <span class='ocrx_word' id='word_1_720' title='bbox 665 5185 766 5265; x_wconf 92' lang='lat' dir='ltr'>qui</span> <span class='ocrx_word' id='word_1_721' title='bbox 810 5180 1183 5264; x_wconf 82' lang='lat' dir='ltr'>superiorem</span> <span class='ocrx_word' id='word_1_722' title='bbox 1249 5189 1474 5262; x_wconf 88' lang='lat' dir='ltr'>partem</span> <span class='ocrx_word' id='word_1_723' title='bbox 1523 5180 1888 5265; x_wconf 82' lang='lat' dir='ltr'>habitabant,</span> <span class='ocrx_word' id='word_1_724' title='bbox 1931 5180 2004 5241; x_wconf 88' lang='lat' dir='ltr'>ad</span> <span class='ocrx_word' id='word_1_725' title='bbox 2087 5206 2183 5249; x_wconf 81' lang='grc' dir='ltr'>νης</span> <span class='ocrx_word' id='word_1_726' title='bbox 2241 5202 2368 5244; x_wconf 88' lang='lat' dir='ltr'>rem</span> <span class='ocrx_word' id='word_1_727' title='bbox 2428 5184 2514 5245; x_wconf 88' lang='lat' dir='ltr'>sic</span> <span class='ocrx_word' id='word_1_728' title='bbox 2555 5183 2810 5265; x_wconf 80' lang='lat' dir='ltr'>dubiam</span> <span class='ocrx_word' id='word_1_729' title='bbox 2873 5180 3175 5264; x_wconf 84' lang='lat' dir='ltr'>relinquit,</span> <span class='ocrx_word' id='word_1_730' title='bbox 3209 5195 3305 5265; x_wconf 64' lang='grc' dir='ltr'>⁸ιιι,</span> <span class='ocrx_word' id='word_1_731' title='bbox 3376 5182 3576 5265; x_wconf 88' lang='lat' dir='ltr'>malim</span> <span class='ocrx_word' id='word_1_732' title='bbox 3631 5180 3726 5265; x_wconf 82' lang='lat' dir='ltr'>ta-</span> 
     </span>
    </p>
   </div>
   <div class='ocr_carea' id='block_1_103' title="bbox 361 5261 3728 5353">
    <p class='ocr_par' dir='ltr' id='par_1_103' title="bbox 361 5261 3728 5353">
     <span class='ocr_line' id='line_1_103' title="bbox 361 5261 3728 5353; baseline -0 -29"><span class='ocrx_word' id='word_1_733' title='bbox 361 5261 648 5353; x_wconf 76' lang='lat' dir='ltr'>int&#39;eriora</span> <span class='ocrx_word' id='word_1_734' title='bbox 683 5261 1263 5353; x_wconf 27' lang='lat' dir='ltr'>&#39;transmigrassent,’</span> <span class='ocrx_word' id='word_1_735' title='bbox 1287 5280 1541 5353; x_wconf 68' lang='lat' dir='ltr'>cumque</span> <span class='ocrx_word' id='word_1_736' title='bbox 1579 5261 1787 5322; x_wconf 92' lang='lat' dir='ltr'>domos</span> <span class='ocrx_word' id='word_1_737' title='bbox 1831 5268 2010 5353; x_wconf 71' lang='lat' dir='ltr'>atque</span> <span class='ocrx_word' id='word_1_738' title='bbox 2093 5280 2226 5353; x_wconf 67' lang='lat' dir='ltr'>men</span> <span class='ocrx_word' id='word_1_739' title='bbox 2264 5264 2674 5353; x_wconf 70' lang='lat' dir='ltr'>aCaryophilo</span> <span class='ocrx_word' id='word_1_740' title='bbox 2705 5261 3130 5353; x_wconf 73' lang='lat' dir='ltr'>stare_propter</span> <span class='ocrx_word' id='word_1_741' title='bbox 3155 5262 3509 5353; x_wconf 41' lang='lat' dir='ltr'>adjunctum.</span> <span class='ocrx_word' id='word_1_742' title='bbox 3549 5264 3728 5353; x_wconf 71' lang='grc' dir='ltr'>ἁγίας.</span> 
     </span>
    </p>
   </div>
   <div class='ocr_carea' id='block_1_104' title="bbox 364 5341 3735 5423">
    <p class='ocr_par' dir='ltr' id='par_1_104' title="bbox 364 5341 3735 5423">
     <span class='ocr_line' id='line_1_104' title="bbox 364 5341 3735 5423; baseline -0 -18"><span class='ocrx_word' id='word_1_743' title='bbox 364 5345 650 5407; x_wconf 88' lang='lat' dir='ltr'>ecclesias</span> <span class='ocrx_word' id='word_1_744' title='bbox 680 5341 979 5408; x_wconf 80' lang='lat' dir='ltr'>obruisset</span> <span class='ocrx_word' id='word_1_745' title='bbox 1023 5353 1196 5405; x_wconf 75' lang='lat' dir='ltr'>terrae</span> <span class='ocrx_word' id='word_1_746' title='bbox 1240 5341 1602 5423; x_wconf 31' lang='lat' dir='ltr'>motus’ille,</span> <span class='ocrx_word' id='word_1_747' title='bbox 1656 5359 1852 5421; x_wconf 90' lang='lat' dir='ltr'>neque</span> <span class='ocrx_word' id='word_1_748' title='bbox 1897 5341 2012 5401; x_wconf 89' lang='lat' dir='ltr'>alia</span> <span class='ocrx_word' id='word_1_749' title='bbox 2094 5341 2329 5423; x_wconf 65' lang='lat' dir='ltr'>Sancta;</span> <span class='ocrx_word' id='word_1_750' title='bbox 2379 5341 2554 5422; x_wconf 80' lang='lat' dir='ltr'>porro</span> <span class='ocrx_word' id='word_1_751' title='bbox 2585 5343 2790 5406; x_wconf 88' lang='lat' dir='ltr'>Irenes</span> <span class='ocrx_word' id='word_1_752' title='bbox 2821 5341 3097 5423; x_wconf 64' lang='lat' dir='ltr'>plurimae</span> <span class='ocrx_word' id='word_1_753' title='bbox 3125 5341 3302 5418; x_wconf 78' lang='lat' dir='ltr'>sunt;</span> <span class='ocrx_word' id='word_1_754' title='bbox 3333 5342 3407 5405; x_wconf 89' lang='lat' dir='ltr'>de</span> <span class='ocrx_word' id='word_1_755' title='bbox 3436 5341 3735 5423; x_wconf 89' lang='lat' dir='ltr'>aliquibus</span> 
     </span>
    </p>
   </div>
   <div class='ocr_carea' id='block_1_105' title="bbox 365 5420 3739 5504">
    <p class='ocr_par' dir='ltr' id='par_1_105' title="bbox 365 5420 3739 5504">
     <span class='ocr_line' id='line_1_105' title="bbox 365 5420 3739 5504; baseline 0 -20"><span class='ocrx_word' id='word_1_756' title='bbox 365 5423 497 5504; x_wconf 89' lang='lat' dir='ltr'>loca</span> <span class='ocrx_word' id='word_1_757' title='bbox 515 5425 804 5486; x_wconf 88' lang='lat' dir='ltr'>reveritus</span> <span class='ocrx_word' id='word_1_758' title='bbox 827 5433 1005 5500; x_wconf 89' lang='lat' dir='ltr'>esset,</span> <span class='ocrx_word' id='word_1_759' title='bbox 1034 5424 1150 5484; x_wconf 90' lang='lat' dir='ltr'>nisi</span> <span class='ocrx_word' id='word_1_760' title='bbox 1165 5423 1350 5504; x_wconf 89' lang='lat' dir='ltr'>solam</span> <span class='ocrx_word' id='word_1_761' title='bbox 1374 5420 1713 5504; x_wconf 77' lang='lat' dir='ltr'>ecclesiam,</span> <span class='ocrx_word' id='word_1_762' title='bbox 1739 5420 1869 5504; x_wconf 81' lang='lat' dir='ltr'>quac</span> <span class='ocrx_word' id='word_1_763' title='bbox 1898 5423 2009 5480; x_wconf 90' lang='lat' dir='ltr'>Pa-</span> <span class='ocrx_word' id='word_1_764' title='bbox 2085 5422 2209 5504; x_wconf 81' lang='lat' dir='ltr'>jam</span> <span class='ocrx_word' id='word_1_765' title='bbox 2241 5420 2437 5484; x_wconf 81' lang='lat' dir='ltr'>actuin</span> <span class='ocrx_word' id='word_1_766' title='bbox 2469 5432 2558 5486; x_wconf 91' lang='lat' dir='ltr'>est</span> <span class='ocrx_word' id='word_1_767' title='bbox 2578 5425 2637 5485; x_wconf 93' lang='lat' dir='ltr'>in</span> <span class='ocrx_word' id='word_1_768' title='bbox 2659 5420 2852 5504; x_wconf 73' lang='lat' dir='ltr'>Opere</span> <span class='ocrx_word' id='word_1_769' title='bbox 2875 5432 3095 5486; x_wconf 86' lang='lat' dir='ltr'>nostro.</span> <span class='ocrx_word' id='word_1_770' title='bbox 3122 5420 3606 5504; x_wconf 82' lang='lat' dir='ltr'>Celebratissima</span> <span class='ocrx_word' id='word_1_771' title='bbox 3646 5430 3739 5485; x_wconf 90' lang='lat' dir='ltr'>est</span> 
     </span>
    </p>
   </div>
   <div class='ocr_carea' id='block_1_106' title="bbox 367 5501 3739 5585">
    <p class='ocr_par' dir='ltr' id='par_1_106' title="bbox 367 5501 3739 5585">
     <span class='ocr_line' id='line_1_106' title="bbox 367 5501 3739 5585; baseline -0 -21"><span class='ocrx_word' id='word_1_772' title='bbox 367 5503 459 5585; x_wconf 75' lang='lat' dir='ltr'>eis</span> <span class='ocrx_word' id='word_1_773' title='bbox 483 5504 725 5585; x_wconf 78' lang='lat' dir='ltr'>nomine</span> <span class='ocrx_word' id='word_1_774' title='bbox 756 5501 1520 5585; x_wconf 27' lang='lat' dir='ltr'>appellaturtadmirabile</span> <span class='ocrx_word' id='word_1_775' title='bbox 1540 5510 1722 5585; x_wconf 80' lang='lat' dir='ltr'>atque</span> <span class='ocrx_word' id='word_1_776' title='bbox 1753 5503 2008 5585; x_wconf 73' lang='lat' dir='ltr'>horren-</span> <span class='ocrx_word' id='word_1_777' title='bbox 2093 5503 2197 5564; x_wconf 89' lang='lat' dir='ltr'>illo</span> <span class='ocrx_word' id='word_1_778' title='bbox 2220 5504 2461 5565; x_wconf 90' lang='lat' dir='ltr'>nomine</span> <span class='ocrx_word' id='word_1_779' title='bbox 2492 5501 2727 5585; x_wconf 71' lang='lat' dir='ltr'>martyr</span> <span class='ocrx_word' id='word_1_780' title='bbox 2741 5503 3250 5585; x_wconf 87' lang='lat' dir='ltr'>Constantinopoli</span> <span class='ocrx_word' id='word_1_781' title='bbox 3279 5503 3456 5585; x_wconf 80' lang='lat' dir='ltr'>culta,</span> <span class='ocrx_word' id='word_1_782' title='bbox 3489 5506 3566 5585; x_wconf 84' lang='lat' dir='ltr'>de</span> <span class='ocrx_word' id='word_1_783' title='bbox 3619 5521 3739 5585; x_wconf 86' lang='lat' dir='ltr'>qua</span> 
     </span>
    </p>
   </div>
   <div class='ocr_carea' id='block_1_107' title="bbox 370 5580 3739 5666">
    <p class='ocr_par' dir='ltr' id='par_1_107' title="bbox 370 5580 3739 5666">
     <span class='ocr_line' id='line_1_107' title="bbox 370 5580 3739 5666; baseline 0.001 -22"><span class='ocrx_word' id='word_1_784' title='bbox 370 5583 511 5666; x_wconf 83' lang='lat' dir='ltr'>dum</span> <span class='ocrx_word' id='word_1_785' title='bbox 545 5580 2013 5666; x_wconf 56' lang='lat' dir='ltr'>omnibus&#39;spectantibusmiraculum,omnibus</span> <span class='ocrx_word' id='word_1_786' title='bbox 2097 5593 2290 5644; x_wconf 90' lang='lat' dir='ltr'>actum</span> <span class='ocrx_word' id='word_1_787' title='bbox 2340 5586 2374 5647; x_wconf 89' lang='lat'><strong>5</strong></span> <span class='ocrx_word' id='word_1_788' title='bbox 2425 5584 2594 5666; x_wconf 50' lang='lat' dir='ltr'>Mali,</span> <span class='ocrx_word' id='word_1_789' title='bbox 2639 5580 2753 5666; x_wconf 86' lang='lat' dir='ltr'>quo</span> <span class='ocrx_word' id='word_1_790' title='bbox 2799 5580 3183 5666; x_wconf 25' lang='lat' dir='ltr'>die_co|itnr.‘</span> <span class='ocrx_word' id='word_1_791' title='bbox 3224 5585 3318 5646; x_wconf 85' lang='lat' dir='ltr'>An</span> <span class='ocrx_word' id='word_1_792' title='bbox 3367 5583 3439 5666; x_wconf 81' lang='lat' dir='ltr'>ab</span> <span class='ocrx_word' id='word_1_793' title='bbox 3488 5584 3598 5666; x_wconf 72' lang='lat' dir='ltr'>hac</span> <span class='ocrx_word' id='word_1_794' title='bbox 3637 5580 3739 5666; x_wconf 61' lang='lat' dir='ltr'>vel</span> 
     </span>
    </p>
   </div>
   <div class='ocr_carea' id='block_1_108' title="bbox 369 5660 3737 5746">
    <p class='ocr_par' dir='ltr' id='par_1_108' title="bbox 369 5660 3737 5746">
     <span class='ocr_line' id='line_1_108' title="bbox 369 5660 3737 5746; baseline -0 -20"><span class='ocrx_word' id='word_1_795' title='bbox 369 5662 696 5746; x_wconf 81' lang='lat' dir='ltr'>immutatis</span> <span class='ocrx_word' id='word_1_796' title='bbox 743 5660 921 5746; x_wconf 80' lang='lat' dir='ltr'>atque</span> <span class='ocrx_word' id='word_1_797' title='bbox 949 5683 1020 5726; x_wconf 83' lang='lat' dir='ltr'>ex</span> <span class='ocrx_word' id='word_1_798' title='bbox 1048 5663 1180 5746; x_wconf 81' lang='lat' dir='ltr'>aliis</span> <span class='ocrx_word' id='word_1_799' title='bbox 1207 5662 1339 5746; x_wconf 82' lang='lat' dir='ltr'>aliis</span> <span class='ocrx_word' id='word_1_800' title='bbox 1366 5662 1612 5746; x_wconf 66' lang='lat' dir='ltr'>effectis.</span> <span class='ocrx_word' id='word_1_801' title='bbox 1639 5685 1662 5721; x_wconf 76' lang='grc' dir='ltr'><strong><em>ο</em></strong></span> <span class='ocrx_word' id='word_1_802' title='bbox 1699 5660 1886 5746; x_wconf 88' lang='lat' dir='ltr'>Mitto_</span> <span class='ocrx_word' id='word_1_803' title='bbox 1884 5680 2017 5746; x_wconf 83' lang='lat' dir='ltr'>quae</span> <span class='ocrx_word' id='word_1_804' title='bbox 2099 5680 2420 5746; x_wconf 79' lang='lat' dir='ltr'>synonyma</span> <span class='ocrx_word' id='word_1_805' title='bbox 2443 5660 2954 5729; x_wconf 76' lang='lat' dir='ltr'>aliaRossanensis</span> <span class='ocrx_word' id='word_1_806' title='bbox 2973 5662 3737 5746; x_wconf 77' lang='lat' dir='ltr'>ecclesiaappeltatafuerit,</span> 
     </span>
    </p>
   </div>
   <div class='ocr_carea' id='block_1_109' title="bbox 364 5740 2325 5825">
    <p class='ocr_par' dir='ltr' id='par_1_109' title="bbox 364 5740 2325 5825">
     <span class='ocr_line' id='line_1_109' title="bbox 364 5740 2325 5825; baseline 0.001 -19"><span class='ocrx_word' id='word_1_807' title='bbox 364 5743 465 5806; x_wconf 89' lang='lat' dir='ltr'>hic</span> <span class='ocrx_word' id='word_1_808' title='bbox 494 5740 843 5810; x_wconf 65' lang='lat' dir='ltr'>haesitantia&#39;</span> <span class='ocrx_word' id='word_1_809' title='bbox 863 5751 1003 5810; x_wconf 89' lang='lat' dir='ltr'>sunt</span> <span class='ocrx_word' id='word_1_810' title='bbox 1033 5751 1092 5808; x_wconf 89' lang='lat' dir='ltr'>et</span> <span class='ocrx_word' id='word_1_811' title='bbox 1119 5743 1424 5825; x_wconf 88' lang='lat' dir='ltr'>impedita.</span> <span class='ocrx_word' id='word_1_812' title='bbox 1465 5763 1491 5802; x_wconf 70' lang='grc' dir='ltr'><strong>α</strong></span> <span class='ocrx_word' id='word_1_813' title='bbox 1524 5740 1805 5807; x_wconf 87' lang='lat' dir='ltr'>Sanctum</span> <span class='ocrx_word' id='word_1_814' title='bbox 1847 5740 2017 5806; x_wconf 77' lang='lat' dir='ltr'>Pacis</span> <span class='ocrx_word' id='word_1_815' title='bbox 2095 5740 2325 5821; x_wconf 74' lang='lat' dir='ltr'>ignoro.</span> 
     </span>
    </p>
   </div>
  </div>
