3966 6148
248 241 318 310 81

1518 252 1707 319 VITA
1747 251 1809 315 S-
1854 247 2021 312 NILI
2060 247 2429 314 IUNIORIS.

3584 252 3666 318 82

269 378 588 458 ἁγιωσύνην,
616 377 762 436 ἀλλά
793 377 886 437 διὰ
914 382 980 438 τὸ
1011 381 1091 458 μὴ
1145 380 1385 442 δύνασθαι
1430 386 1573 462 ἡμᾶς
1618 382 1739 441 ἄνευ
1783 380 1932 440 οἵνου

2030 379 2131 441 hoc
2155 398 2381 442 sumus.
2414 377 2488 442 Et
2515 396 2761 461 magnus
2789 379 3005 444 Pater:
3035 380 3275 459 Venite,
3307 382 3530 466 inquit,
3562 384 3663 449 fa-

273 470 483 546 βιῶσαι,
550 468 940 548 ὶλιγγιάσαμεν
1006 480 1166 532 τοῦτο
1226 472 1438 552 πρᾶξαι,
1497 473 1654 554 Λέγει
1711 474 1853 548 αῦτῷ
1908 474 1937 529 6

281 557 448 637 μέγας
479 578 494 592 ·
574 568 734 618 Δεῦτε
803 562 897 616 καὶ
966 561 1230 631 ποιήσατε
1298 564 1424 640 ὑμῖν
1489 565 1671 627 αὐτοῖς
1725 563 1936 625 καινοὺς

280 647 507 712 λείποιο-κ
576 646 1112 730 συγκεκλεισμένους,
1208 652 1299 708 καὶ
1367 655 1679 731 γεμίσαντες
1750 651 1935 716 αὐτοὺς

285 735 435 794 οἴνου
502 735 805 808 ἀντλήσατε
873 738 1080 802 ἀενᾶως
1143 740 1230 795 καὶ
1283 741 1451 799 πίετε.
1512 749 1613 799 Τοῦ
1669 737 1724 795 δὲ
1778 738 1936 795 πάλιν

284 826 745 907 προφασιζομένου
821 828 1114 908 προφάσεις
1183 828 1238 884 ἐν
1307 831 1608 909 ἁμαρτίαις,
1679 829 1767 885 καὶ
1837 832 1937 895 τῆς

286 916 651 995 παραινέσεως
708 916 786 992 μὴ
845 915 1197 997 ἀνεχομένου,
1255 915 1473 999 ἔννυχον
1537 916 1653 974 λίαν
1711 916 1937 980 ἀναστὰς

289 1006 319 1059 6
376 1003 550 1083 μέγας
598 1002 805 1081 ἐξῆλθε,
857 1006 948 1060 καὶ
995 1005 1312 1085 ὑπεχώρησε
1360 1013 1466 1063 τῶν
1530 1005 1728 1086 ἐκεῖσε,
1778 1002 1936 1062 εἰπὼν

287 1077 421 1171 πρδς
462 1077 576 1149 ,τὸν
632 1077 946 1173 φιλάργυρον
1005 1077 1211 1151 ἐκεῖνον
1266 1097 1319 1153 ἓν
1370 1095 1536 1172 ῥῆμα.
1607 1077 1726 1153 εί)τι’
1759 1092 1932 1169 οἴμοι,

288 1180 598 1262 διδάσκαλε,
666 1183 789 1239 τότε
860 1184 1227 1258 μετανοήσεις,
1301 1183 1426 1240 ὅταν
1494 1188 1589 1243 οῦκ
1655 1181 1934 1262 ὠφελήσῃ.

292 1260 509 1350 Ὀλίγου
584 1260 771 1330 τοίνυν
840 1281 1026 1351 καιροῦ
1095 1269 1407 1354 διελθόντος,
1480 1273 1567 1330 καὶ
1636 1260 1729 1331 τοῦ
1797 1272 1938 1329 ὁσίου

291 1361 503 1438 Ππρὸς
576 1359 634 1416 ἐν
701 1361 779 1434 τῴ
850 1357 1184 1439 μοναστηρίῳ
1236 1362 1360 1425 τοὺς
1415 1361 1675 1442 ὄρθρινοὺς
1745 1359 1936 1436 ὕμνους

290 1447 684 1521 ἐπιτελοῦντος,
744 1450 906 1512 πόνος
961 1449 1220 1530 κατέσχεν
1278 1451 1430 1508 αὐτὸν
1500 1447 1743 1530 ἐξαίφνης
1802 1449 1941 1528 ἀφό-

291 1556 475 1613 ρητος,
537 1535 677 1592 ὥστε
734 1537 811 1611 μ“ι
866 1533 1148 1602 δυνηθέντα
1218 1536 1375 1593 αὒτὸν
1447 1536 1547 1604 τὴν
1614 1535 1937 1615 λειτουργίαν

2021 469 2136 532 cite
2158 469 2327 531 vobis
2348 488 2529 531 novas
2550 469 2742 532 fossas
2761 469 2917 534 bene
2943 470 3298 548 obstructas,
3326 480 3384 535 et
3418 474 3665 555 implete

2021 577 2123 620 eas
2149 557 2307 635 vino,
2341 558 2574 621 haurite
2597 558 2821 639 jugiter
2849 572 2910 621 et
2939 559 3149 624 bibite.
3182 559 3412 625 Rursus
3441 563 3543 625 illo
3562 582 3660 626 ex-

2019 657 2261 710 cusante
2290 667 2354 710 se
2383 649 2860 712 excusationibus
2888 650 2949 711 in
2981 650 3242 732 peccatis
3295 660 3355 714 et
3380 652 3663 716 adhorta-

2018 736 2165 798 tioni
2223 756 2340 798 non
2390 738 2780 820 auscultante,
2833 757 3083 819 surgens
3129 740 3313 803 multa
3361 741 3437 804 de
3488 750 3665 806 nocte

2019 843 2266 903 magnus
2294 827 2471 889 Pater
2501 844 2776 906 egressus
2807 836 2900 889 est
2946 837 3005 890 et
3054 829 3304 891 recessit
3340 830 3507 909 inde,
3545 832 3661 896 hoc

2020 920 2245 977 tantum
2274 933 2446 977 avaro
2474 914 2720 978 dicens:
2773 914 2886 978 Hei
2920 915 3088 993 mihi,
3122 928 3475 1000 praeceptor,
3514 928 3660 985 tunc

2017 1002 2333 1083 paenitebit
2361 1012 2440 1078 te,
2469 1022 2606 1066 cum
2636 1002 2787 1065 nihil
2817 1004 3102 1085 proderit.
3140 1007 3272 1069 Non
3305 1007 3494 1069 multo
3525 1016 3661 1090 post

2018 1091 2335 1153 matutinos
2363 1092 2613 1173 hymnos
2642 1101 2955 1154 canentem
3000 1092 3063 1155 in
3118 1095 3478 1157 monasterio
3511 1114 3657 1158 san-

2020 1186 2174 1241 ctum
2200 1182 2433 1243 Patrem
2455 1181 2872 1243 intolerandus
2895 1189 3142 1263 repente
3159 1182 3402 1245 morbus
3426 1182 3662 1261 invasit,

2020 1280 2104 1343 ut,
2133 1288 2267 1331 cum
2298 1268 2608 1331 absolvere
2638 1268 2903 1332 divinum
2955 1270 3221 1333 ofﬁcium
3277 1290 3395 1334 non
3440 1281 3664 1353 posset,

2019 1376 2291 1439 egressus
2321 1359 2382 1419 in
2413 1366 2662 1420 stratum
2694 1366 3027 1441 corrueret,
3062 1378 3181 1440 quo
3230 1360 3391 1423 ferre
3422 1361 3664 1424 dolores

2020 1452 2238 1527 posset.
2272 1446 2515 1509 Iuterim
2568 1465 2709 1509 ecce
2763 1445 2960 1509 fratris
3018 1448 3283 1511 Caniscae
3309 1449 3473 1512 illius
3503 1450 3663 1513 tilius

2019 1552 2271 1615 propere
2291 1535 2597 1613 ingressus
2617 1534 2925 1616 epistolam
2948 1536 3079 1616 ejus
3102 1536 3175 1598 ad
3209 1539 3445 1600 Patrem
3470 1539 3670 1601 attulit

294 1622 639 1704 ἀποτελέσαι,
691 1623 937 1696 ἐξεξθεῖν,
999 1626 1086 1681 καὶ
1133 1624 1277 1702 ῥίψαι
1322 1626 1508 1685 ἑαυτὸν
1555 1626 1611 1682 ἐν
1657 1626 1734 1699 τῲ
1772 1647 1937 1701 σκιμ-

2030 1623 2363 1703 hujusmodi
2392 1644 2411 1684 :
2442 1623 2617 1701 Veni,
2643 1623 2815 1686 Pater
2833 1633 3061 1706 sancte,
3094 1642 3264 1687 sume
3293 1626 3404 1688 tibi
3421 1628 3667 1689 multam

292 1678 481 1785 me,
506 1678 515 1680 ἡ
534 1678 643 1769 ’,ζάί
712 1678 881 1776 ἐιέἐιᾷξ
897 1678 906 1682 ⁷
922 1678 1275 1792 eam?
1291 1678 1412 1778 τὲιῖ
1427 1678 1760 1792 mea;
1779 1678 1941 1770 “4g...

2030 1678 2289 1793 pecuniae
2303 1712 2445 1793 vim,
2461 1678 2637 1792 quam
2660 1713 2860 1794 inepte
2886 1678 3095 1793 collegi
3114 1714 3175 1775 in
3198 1713 3527 1793 perniciem
3541 1716 3674 1778 ani-

291 1801 503 1863 τούτοις
554 1798 664 1857 ἰδοὺ
716 1804 746 1858 6
794 1802 1010 1877 ἀνεψιὸς
1075 1800 1271 1859 ἐκείνου
1318 1809 1412 1860 τοῦ
1462 1808 1696 1860 Κανισκᾶ
1736 1799 1942 1869 εἰσῆλθε

2030 1818 2135 1861 mae
2162 1819 2328 1869 meae,
2364 1819 2440 1862 ne
2469 1800 2623 1862 forte
2647 1801 2811 1863 illam
2840 1800 3116 1864 diabolus
3141 1802 3333 1883 rapiat
3356 1811 3417 1865 et
3440 1804 3669 1867 lucrum

293 1886 579 1969 δρομαῖος,
604 1889 773 1970 φέρων
834 1888 1119 1958 ἐπιστολὴν
1175 1888 1226 1956 ἐξ
1282 1895 1441 1950 αὖτοῦ
1493 1892 1623 1970 πρὸς
1674 1891 1765 1947 τὸν
1823 1896 1941 1946 Πα-

2030 1906 2095 1950 ex
2129 1907 2198 1950 ea
2227 1889 2374 1950 mihi
2403 1890 2642 1971 eripiat.
2667 1891 2827 1953 Ecce
2848 1890 3004 1952 enim
3021 1891 3145 1972 jam
3171 1891 3397 1955 morior
3416 1900 3475 1956 et
3503 1901 3674 1957 vocat

292 1977 421 2057 τέρα
479 1980 733 2047 τοιαύτην
768 1998 785 2015 ⁶
859 1986 1044 2060 Δεῦρο,
1104 1979 1275 2059 Πάτερ
1328 1979 1470 2061 ἅγιε,
1525 1977 1796 2059 παράλαϐε
1851 1978 1944 2034 τὸν

2030 1996 2121 2040 me
2150 1978 2393 2041 alterius
2425 1979 2555 2042 vitae
2584 1978 2872 2041 tribunal.

290 2065 461 2123 ’.τολὺν
507 2065 760 2148 πλοῦτον,
813 2071 874 2125 ὃν
917 2068 1145 2148 ἀκαίρως
1192 2067 1386 2135 ωνῆξα
1436 2069 1566 2147 πρὸς
1623 2065 1890 2124 ἀπώλειαν
1945 2071 2045 2135 τῆς
2102 2073 2286 2148 ψυχῆς
2342 2092 2466 2150 μου,
2524 2072 2601 2145 μή
2659 2091 2775 2133 πως
2822 2071 2851 2125 6
2898 2065 3139 2133 διάϐολος
3189 2071 3344 2129 αὐτὸν
3396 2071 3675 2151 καθαρπά-

290 2154 382 2221 ξας
428 2157 653 2236 ἄμοιρόν
705 2180 772 2235 με
814 2160 1020 2236 ποιήσῃ
1067 2156 1276 2239 κέρδους
1332 2164 1425 2215 τοῦ
1482 2157 1534 2224 ἐξ
1582 2159 1763 2219 αὐτοῦ.
1817 2155 1949 2214 Ἰδοὺ
1996 2156 2095 2237 γὰρ
2137 2157 2323 2215 λοιπὸν
2372 2158 2713 2235 ἀποθνήσκω,
2767 2160 2857 2215 καί
2902 2179 2969 2234 με
3015 2159 3077 2214 τὸ
3126 2157 3326 2216 ἐκεῖθεν
3380 2158 3674 2241 εἰσδέχεται

291 2244 654 2342 δικαστήριον.

371 2331 493 2413 μγ’.
528 2344 705 2393 Ταῦτα
752 2334 1009 2413 ἀναγνοὺς
1060 2337 1087 2392 6
1130 2334 1335 2415 Πατὴρ,
1383 2332 1638 2403 ἠϐούλεθο
1691 2331 1945 2391 ἀπελθεῖν

296 2424 426 2500 πρὸς
454 2425 638 2503 αὒτὸν,
670 2436 788 2487 τοῖς
837 2423 1046 2488 οἰκείοις
1094 2423 1425 2503 σπλάγχνοις
1463 2426 1778 2502 νικώμενος,
1827 2435 1946 2487 τοῖς

298 2508 352 2565 δὲ
419 2511 608 2575 πόνοις
709 2508 891 2576 δεινῶς
980 2511 1333 2592 συνεχόμενος
1414 2520 1507 2570 τοῦ
1591 2510 1946 2588 βουλεύματος

300 2598 658 2663 ὖπεκόπτετο,
704 2599 859 2679 Λέγει
908 2599 966 2656 δὲ
1018 2601 1098 2673 τῲ
1140 2600 1476 2676 ἀποκομιστῇ
1538 2606 1643 2655 τῶν
1689 2599 1945 2678 γραμμά-

299 2710 404 2744 των
435 2686 455 2720 ί
509 2691 571 2745 οὗ
615 2688 802 2769 χρείαν
850 2687 967 2770 ἔχει
1016 2692 1046 2746 6
1094 2690 1316 2767 Χριστὸς
1365 2694 1473 2744 τῶν
1531 2694 1623 2744 τοῦ
1669 2697 1764 2746 σοῦ
1808 2687 1946 2743 θείου

300 2778 604 2857 χρημάτων
637 2794 653 2808 ⁸
686 2780 841 2841 αὐτὸς
870 2780 971 2859 γὰρ
998 2777 1216 2859 εἴρηκεν
1248 2793 1264 2809 ⁶
1317 2799 1345 2831 ιι
1401 2774 1657 2833 Ἀπόδοτε
1708 2777 1774 2832 τὰ
1809 2775 1946 2834 Καί-

302 2890 461 2947 σαρος
515 2867 764 2947 Καίσαρι,
822 2870 909 2924 καὶ
960 2868 1028 2924 τὰ
1075 2875 1168 2926 τοῦ
1223 2872 1354 2924 Θεοῦ
1399 2865 1477 2939 τῲ
1523 2866 1660 2940 Θεῴ.
1696 2888 1725 2922 ι
1777 2865 1843 2921 Ζὺ
1892 2862 1947 2920 δὲ

301 2957 417 3037 ᾄγε,
480 2957 733 3037 πορεύου,
786 2956 918 3021 ἴσως
978 2957 1077 3035 γὰρ
1130 2960 1299 3027 ζῶντα
1342 2956 1499 3013 αὐτὸν
1536 2953 1710 3014 οὐκέτι
1754 2953 1944 3030 θεάσῃ.

306 3036 360 3103 Ὀ
402 3036 473 3101 δὲ
534 3044 869 3124 ὑποστρέψας
926 3043 1180 3125 δρομαῖος
1238 3045 1380 3122 εζιρεν
1436 3045 1592 3102 αὐτὸν
1635 3042 1946 3118 τεθνηκόνα,

2105 2334 2206 2399 43.
2242 2334 2394 2399 Gum
2423 2334 2550 2397 haec
2580 2332 2847 2415 legisset,
2878 2330 3115 2394 volebat
3142 2332 3386 2414 quidem
3406 2333 3581 2398 Pater
3598 2335 3673 2399 ad

2028 2444 2165 2488 eum
2194 2426 2303 2499 ire,
2334 2425 2608 2486 vincente
2638 2440 2881 2486 suorum
2903 2421 3197 2484 viscerum
3229 2423 3539 2506 charitate,
3568 2443 3675 2487 ve-

2026 2532 2160 2575 rum
2173 2512 2479 2575 dotoribus
2494 2510 2752 2591 graviter
2771 2529 3111 2592 oppressus,
3134 2530 3167 2572 a
3181 2513 3480 2593 proposito
3493 2521 3680 2577 retra-

2028 2602 2296 2665 hebatur.
2324 2601 2421 2664 Ait
2450 2619 2588 2679 ergo
2621 2599 2810 2662 labori
2832 2600 3124 2680 epistolae:
3160 2598 3289 2661 Non
3310 2620 3459 2681 opus
3491 2601 3676 2664 habet

2029 2689 2293 2755 Christus
2321 2689 2516 2770 patrui
2546 2687 2629 2750 tui
2662 2687 3251 2768 pecunia.Ipseenim
3274 2689 3444 2765 dixit,
3473 2691 3678 2755 «Red-

2027 2780 2148 2842 dite
2176 2797 2308 2859 quae
2334 2785 2473 2839 sunt
2501 2775 2770 2857 Caesaris,
2821 2775 3044 2854 Gesari,
3098 2785 3156 2839 et
3203 2795 3335 2858 quae
3364 2786 3502 2840 sunt
3530 2778 3665 2855 Dei,

2028 2871 2152 2933 Deo
2180 2868 2264 2929 28.
2329 2890 2353 2925 ι
2400 2865 2489 2928 Τιι
2541 2883 2677 2927 vero
2727 2864 2850 2945 abi,
2897 2882 3171 2945 propera,
3222 2865 3416 2927 vivum
3449 2866 3674 2948 quippe

2028 2958 2221 3039 ipsum
2234 2973 2376 3018 vero
2396 2953 2650 3035 amplius
2668 2972 2786 3014 non
2803 2952 3056 3016 videbis.
3073 2951 3179 3015 Ille
3208 2954 3432 3015 cursim
3461 2973 3671 3018 rever-

2030 3065 2154 3121 sus,
2195 3051 2490 3106 mortuum
2523 3041 2747 3123 reperit
2768 3049 2825 3102 et
2852 3040 3164 3104 facultates
3191 3042 3321 3121 ejus
3340 3060 3376 3104 a
3404 3042 3547 3106 ﬁsco
3568 3062 3673 3105 ra-

302 3136 386 3190 καὶ
441 3134 622 3191 πάντα
692 3134 850 3190 αὐτοῦ
917 3135 1019 3191 ὑπὸ
1086 3143 1181 3193 τοῦ
1250 3130 1503 3208 δημοσίου
1571 3130 1944 3212 διαρπαγέντα,

2031 3142 2178 3216 ptas.
2201 3132 2429 3196 Atvero
2463 3130 2671 3192 beatus
2703 3128 2898 3204 Pater,
2940 3129 3044 3191 ubi
3068 3129 3409 3193 tabellarius
3439 3130 3672 3194 disces-

308 3217 361 3283 Ὀ
409 3222 468 3280 δὲ
526 3223 676 3288 ὅσιος
726 3224 913 3289 εὐθέως
951 3231 1020 3302 τῇ
1065 3234 1158 3284 τοῦ
1210 3224 1588 3303 ἀποκρισαρίου
1649 3224 1946 3303 ἀναχωρή-

2030 3223 2107 3286 sit
2127 3230 2185 3284 et
2202 3221 2438 3283 dolores
2460 3218 2686 3299 abiere,
2713 3217 3111 3279 admiratione
3127 3225 3182 3279 et
3210 3226 3452 3299 stupore
3476 3238 3682 3283 corre-

306 3333 401 3384 σει,
464 3313 927 3392 ὗποχωρήσαντος
982 3313 1072 3369 καὶ
1126 3318 1218 3368 τοῦ
1270 3310 1594 3391 κατέχοντος
1663 3310 1846 3384 πόνου,
1893 3310 1946 3367 ἐν

2030 3318 2163 3392 ptus
2193 3318 2304 3385 est,
2336 3306 2699 3370 ineffabilem
2749 3305 2856 3368 Dei
2895 3306 3330 3387 providentiam
3375 3307 3668 3390 obstupe-

308 3398 558 3470 ἐκπλήξει
616 3402 706 3456 καὶ
765 3402 986 3477 θαύματι
1043 3400 1296 3475 κατέστη,
1356 3399 1691 3476 ἐξιστάμενος
1751 3397 1837 3455 ἐπὶ
1882 3403 1952 3475 τῇ

306 3499 396 3548 τοῦ
466 3496 606 3547 Θεοῦ
674 3488 861 3569 ἆφάτῳ
928 3491 1168 3568 προνοίᾳ,
1254 3486 1333 3545 ὅτι
1405 3486 1726 3566 βουληθέντα
1797 3488 1953 3546 αὺτὸν

308 3577 498 3655 πρᾶξαί
552 3600 606 3634 τι
663 3579 805 3656 παρά
857 3579 918 3633 τὸ
977 3582 1135 3636 αὐτοῦ
1188 3575 1420 3656 θέλημα,
1476 3577 1565 3632 καὶ
1620 3575 1814 3632 ἀκοντα
1869 3572 1950 3630 δι-

310 3664 567 3726 εκώλυσε.
632 3672 750 3723 Τῶν
799 3664 854 3721 δὲ
901 3663 1138 3745 ἀδελφῶν
1194 3664 1248 3720 ἐν
1284 3665 1362 3738 τῴ
1411 3662 1517 3744 ὄρει
1570 3662 1952 3742 ἐργαξομένων,

308 3756 393 3810 καὶ
438 3753 737 3814 κυλιόντων
780 3755 845 3810 τὰ
886 3753 1183 3830 κεκαυμένα
1227 3751 1410 3830 δένδρα
1457 3754 1587 3832 πρὸς
1638 3754 1701 3808 τὸ
1749 3749 1955 3817 ἀνοῖξαι

307 3844 392 3899 καὶ
438 3847 670 3909 ποιῆσαι
717 3842 899 3922 χώραν
954 3841 1227 3922 σιτοφόρον
1289 3841 1403 3896 ἀντὶ
1459 3838 1797 3929 ξυλοφόρου,ν
1818 3840 1954 3929 hctus

308 3932 369 3986 τὸ
424 3937 646 4004 Πνεῦμα
700 3931 762 3985 τὸ
818 3929 971 4007 ἅγιον
1023 3930 1101 4002 τῲ
1154 3930 1329 4002 οἰκείῳ
1375 3927 1652 4006 θεράποντι
1680 3946 1694 3961 ο
1773 3925 1957 3993 Εξελθε

315 4017 364 4074 ἓν
390 4018 472 4093 τῷ
495 4016 607 4097 ὄρει
654 4018 782 4096 πρὸς
828 4019 951 4080 τοὺς
1000 4023 1322 4097 κοπιῶντας,
1375 4013 1559 4083 ἐπειδὴ
1611 4037 1640 4070 ι
1692 4017 1721 4072 6
1767 4013 1955 4095 ἐχθρὸς

312 4107 457 4180 ὑμῶν
518 4103 762 4169 διάϐολος
815 4106 1149 4186 περιέρχεται
1191 4111 1388 4185 ζητῶν,
1442 4105 1557 4161 τίνα
1608 4105 1866 4180 καταπίῃ.
1918 4121 1949 4162 ι

314 4200 662 4276 Παραχρῆμα
726 4192 782 4250 δὲ
848 4196 1073 4257 ἀναστὰς
1142 4193 1416 4273 ἐπορεύθη,
1489 4193 1576 4249 καὶ
1629 4198 1802 4249 πᾶσαν
1855 4191 1955 4259 τὴν

2032 3415 2230 3473 scens,
2245 3396 2403 3476 quod
2416 3396 2707 3458 volentem
2725 3412 2790 3457 se
2805 3413 2979 3475 agere
2993 3394 3298 3475 quidpiam
3313 3404 3525 3475 prater
3540 3398 3593 3477 ej
3604 3415 3674 3460 us

2032 3487 2395 3548 voluntatem
2409 3494 2464 3547 et
2483 3484 2784 3547 nolentem
2808 3483 3129 3564 prohibuit.
3157 3483 3469 3546 Fratribus
3493 3504 3669 3567 porro

2035 3576 2297 3640 laborem
2329 3575 2391 3636 in
2441 3586 2645 3636 monte
2692 3572 3123 3635 sustinentibus
3174 3572 3238 3634 in
3289 3572 3675 3637 devolvendis

2037 3662 2326 3726 ambustis
2353 3662 2685 3734 arboribus,
2719 3670 2781 3723 ut
2810 3657 3013 3742 agrum
3044 3669 3313 3743 apertum
3343 3662 3671 3725 redderent

2039 3760 2099 3815 et
2122 3752 2304 3815 cultui
2332 3761 2555 3832 aptum,
2578 3750 2679 3812 ubi
2714 3750 2916 3813 caedua
2946 3749 3091 3815 silva
3120 3760 3266 3827 erat,
3301 3750 3448 3812 dixit
3482 3750 3681 3832 Spiri-

2038 3850 2131 3902 tus
2161 3848 2401 3903 sanctus
2442 3837 2661 3900 famqu
2708 3855 2857 3900 suo:
2910 3837 3211 3917 Egredere
3257 3839 3328 3899 ad
3363 3845 3680 3918 operantes

2036 3927 2099 3990 in
2131 3937 2368 3992 monte:
2394 3946 2530 3989 nam
2572 3934 2599 3983 ὰ
2623 3925 2997 3988 adversarius
3023 3934 3214 3988 vester
3245 3925 3522 3987 diabolus
3550 3926 3672 3989 cir-

2038 4018 2182 4093 cuit,
2215 4034 2489 4098 quaerens
2531 4034 2710 4096 quem
2757 4015 3001 4076 devoret
3044 4014 3129 4077 29.
3169 4039 3196 4070 ιι
3234 4012 3339 4076 Ille
3366 4014 3680 4076 confestim

2037 4124 2283 4186 surgens
2304 4104 2528 4168 abiitet
2549 4121 2654 4185 per
2694 4110 2878 4164 totum
2921 4102 3088 4164 illum
3128 4101 3287 4164 diem
3321 4101 3683 4165 circumiens

2038 4213 2158 4257 non
2180 4194 2402 4256 destitit
2423 4212 2457 4255 a
2474 4191 2925 4255 commonendis
2947 4200 3006 4256 et
3026 4190 3353 4253 excitandis
3370 4191 3676 4267 fratribus,

311 4285 519 4364 ἡμέραν
582 4283 789 4350 ἐκείνην
857 4283 952 4340 οὒκ
1021 4282 1285 4338 ἐπαύσατο
1352 4280 1765 4361 περιερχόμενος
1833 4282 1946 4345 τοὺς

2036 4290 2100 4345 ut
2123 4283 2343 4363 jugiter
2370 4289 2609 4344 orarent
2638 4288 2697 4343 et
2722 4283 2861 4342 Jesu
2892 4280 3111 4344 Christi
3143 4281 3384 4341 nomine
3413 4279 3683 4360 depelle-

314 4371 572 4453 ἀδελφοὺς
630 4372 854 4451 πάντας,
910 4370 1331 4450 ἐπιφωνούμενός
1386 4390 1444 4426 τε
1485 4371 1572 4426 καὶ
1618 4369 1699 4425 ἀεὶ
1744 4391 1946 4448 παραγ-

2036 4380 2171 4434 rent
2193 4370 2617 4433 adversarium.
2650 4368 2876 4431 Videns
2903 4368 3082 4449 igitur
3111 4367 3382 4431 diabolus
3413 4368 3688 4449 praesulis

312 4430 485 4538 γέλων
538 4430 949 4541 προσεύχεσθαι,
998 4430 1085 4516 καὶ
1125 4430 1203 4534 τιξ)
1244 4430 1464 4534 ὀνόματι
1514 4455 1691 4525 Ἰησοῦ
1733 4430 1946 4538 Σρίστθί

2042 4460 2400 4539 vigilantiam
2415 4430 3186 4533 etsubditosbenevallatos,
3217 4430 3681 4519 circiterboram

313 4548 638 4607 ἀποδιώκειν
700 4549 791 4603 τὸν
845 4547 1226 4624 ἀντικείμενον.
1284 4544 1429 4603 Ἰδὼν
1485 4545 1573 4604 οὖν
1629 4549 1658 4603 6
1712 4543 1946 4609 διάϐολος

2034 4550 2327 4611 decimam
2359 4547 2672 4628 prostravit
2701 4546 2977 4609 arborem
3025 4547 3340 4609 maximam
3373 4552 3430 4607 et
3460 4563 3673 4607 canem

311 4640 412 4707 τὴν
460 4646 560 4695 τοῦ
613 4636 860 4716 ἀρχηγοῦ
903 4635 1211 4718 ἀσφάλειαν,
1264 4637 1352 4693 καὶ
1401 4635 1499 4702 τὴν
1548 4640 1655 4692 τῶν
1704 4635 1946 4701 ὑπηκόων

2036 4656 2218 4699 unum
2236 4636 2474 4711 occidit,
2494 4647 2670 4716 atque
2689 4635 2773 4697 ita
2800 4635 3078 4698 confusus
3105 4635 3270 4696 abiit.
3308 4632 3675 4706 Quibusdam

312 4725 644 4808 2296??1Etv,
702 4727 819 4802 περὶ
873 4724 1011 4804 ὤραν
1065 4722 1287 4791 δεκάτην
1334 4725 1487 4803 ῥίψας
1536 4722 1785 4802 μέγιστον
1834 4721 1946 4779 δέν-

2035 4744 2173 4787 vero
2216 4724 2495 4788 fratribus
2544 4732 2791 4786 mortem
2839 4724 3001 4785 canis
3050 4722 3465 4803 mcerentibus,
3527 4719 3682 4782 dixit

310 4815 453 4896 ὅρον,
502 4816 595 4871 καὶ
652 4813 744 4869 ἕνα
797 4813 925 4870 κύνα
971 4815 1223 4894 φονεύσας
1277 4811 1480 4880 ἀπῆλθε
1522 4810 1946 4893 κατησχυμένος.

2041 4832 2288 4893 magnus
2322 4815 2530 4885 Pater:
2581 4815 2742 4890 lure,
2791 4831 2826 4873 o
2878 4812 3113 4886 fratres,
3146 4810 3345 4872 divina
3376 4808 3689 4890 Scriptura

312 4912 481 4964 Τινῶν
535 4902 591 4959 δὲ
648 4899 886 4982 ἀδελφῶν
937 4903 1055 4981 περὶ
1108 4908 1201 4958 τοῦ
1266 4902 1419 4964 κυνὸς
1463 4897 1810 4978 θλιϐομένων,
1859 4899 1946 4979 ἕφτ

2042 4902 2308 4985 praecipit
2331 4902 2416 4976 30,
2442 4908 2504 4963 ut
2522 4918 2762 4982 semper
2791 4907 3015 4980 oretur,
3045 4917 3123 4961 ne
3151 4899 3444 4960 intremus
3464 4897 3528 4958 in
3554 4904 3678 4958 ten-

315 4996 343 5049 ὁ
372 4993 571 5072 μέγας,
609 4988 826 5064 Καλῶς,
856 4990 902 5046 ὦ
927 4989 1162 5070 ἀδελφοὶ,
1191 4986 1504 5070 προσέταξεν
1549 4991 1583 5056 ἡ
1614 4986 1725 5045 θεία
1754 4989 1946 5068 ΓραιιςοὴἸ

2045 4991 2348 5053 tationem.
2381 4989 2631 5054 Volebat
2653 5007 2794 5051 sane
2818 4988 3089 5051 diabolus
3110 4987 3171 5049 in
3194 4988 3436 5049 fratrem
3453 4985 3689 5072 vibrare

318 5082 395 5138 ἀεὶ
456 5070 849 5161 προσεύχεσθαι
919 5081 1088 5155 ἡμᾶς,
1177 5079 1254 5154 μὴ
1324 5076 1574 5134 εἰσελθεῖν
1646 5077 1718 5139 εἰς
1775 5098 1946 5157 πειρα-

2048 5081 2586 5161 suamiram,quam
2600 5077 2861 5140 ostendit
2883 5077 2945 5138 in
2966 5094 3200 5151 canem,
3233 5074 3339 5137 sed
3372 5073 3444 5135 ab
3476 5070 3686 5161 angelo

316 5159 517 5247 σμούςξ
572 5159 852 5235 Βουληθεὶς
905 5169 1006 5247 γὰρ
1054 5169 1083 5224 6
1134 5163 1371 5230 διάϐολος
1414 5164 1621 5246 ἀδελφῴ
1674 5164 1946 5245 ἐπαγαγεῖ·

2051 5168 2160 5230 Dei
2184 5159 2459 5232 detentus
2478 5175 2591 5240 est,
2631 5165 2786 5228 sicut
2812 5165 2874 5226 in
2903 5163 3415 5226 Psalmo_habetur
3447 5178 3463 5225 :
3509 5182 3532 5217 ι
3569 5159 3690 5220 im-

317 5264 409 5319 τὸν
434 5261 606 5336 θυμὸν
637 5262 818 5333 αὐτοῦ,
848 5259 906 5314 ὃν
953 5258 1027 5320 εἷς
1084 5258 1177 5312 τὸν
1222 5257 1350 5313 κύνα
1396 5253 1682 5328 ἀπέδειξεν,
1735 5253 1946 5313 ἐκωλύθη

2053 5256 2245 5318 mittet
2272 5255 2519 5336 angelus
2549 5253 2786 5316 Domini
2817 5253 2878 5314 in
2908 5252 3161 5314 circuitu
3187 5250 3528 5313 timentium
3560 5262 3696 5308 eum

316 5353 417 5407 ὑπὸ
445 5356 580 5407 Θεοῦ
607 5346 855 5426 ἀγγέλου,
890 5346 1066 5408 καθὼς
1096 5343 1240 5424 λέγει
1281 5348 1309 5402 6
1355 5343 1569 5420 ψαλμός
1604 5361 1617 5375 ⁸
1673 5363 1697 5399 ι
1750 5350 1946 5424 Παρεμ·

2055 5351 2114 5406 et
2143 5344 2356 5426 eripiet
2384 5360 2488 5404 eos
2514 5342 2596 5403 ⁸51.
2629 5366 2657 5399 ι

316 5436 471 5497 ϐαλεῖ
502 5434 727 5516 ἄγγελος
757 5434 948 5515 Κυρίου
979 5432 1162 5508 κύκλῳ
1187 5440 1292 5492 τῶν
1320 5431 1657 5514 φοϐουμένων
1686 5430 1865 5509 αὒτὸν,
1896 5434 1986 5492 καὶ
2016 5434 2222 5514 ρύσεται
2254 5435 2466 5498 αύτούς.
2504 5454 2527 5490 I

397 5606 463 5657 Β
486 5603 685 5669 Matth.
715 5621 861 5687 xm,
893 5605 1006 5669 21.
1092 5598 1387 5665 291Petr.
1423 5618 1476 5678 ν,
1509 5604 1568 5664 8.
1650 5599 1714 5651 30
1742 5601 1946 5668 Matth.

2030 5618 2122 5679 ru,
2156 5600 2224 5662 4t
2264 5558 2335 5679 ;Ῑ
2363 5599 2576 5664 Thess.
2609 5616 2666 5676 v,
2702 5597 2801 5661 17.
2883 5596 2940 5648 31
2975 5594 3129 5659 Psal.
3161 5610 3367 5670 xxxm,
3396 5594 3460 5657 8.
