3966 6148
320 204 399 272 83
1830 208 1937 273 AN
1941 207 2191 275 ONYMI
3620 211 3710 279 84

400 340 506 405 44.
533 339 888 421 Hujusmodi
909 338 1288 403 sermonibus
1316 355 1386 400 ac
1415 336 1656 400 monitis
1703 336 1956 403 docebat

2115 332 2226 419 μδ’.
2282 353 2495 409 Τούτοις
2564 359 2686 410 τοϊς
2758 346 2939 426 λόγοις
2994 350 3083 405 καὶ
3139 347 3356 428 τρόποις
3410 346 3687 405 ἐδίδασκεν

322 448 429 493 eos
449 448 617 492 orare
637 429 844 510 quovis
868 429 998 491 loco
1023 436 1082 490 et
1120 435 1414 508 tempore,
1440 433 1614 507 atque
1644 428 1724 489 ita
1752 428 1968 491 daemo-

2057 431 2203 496 πιῦτὸς
2260 432 2313 490 ἐν
2368 434 2525 491 παντὶ
2577 442 2745 510 καιρῷ
2814 437 2903 493 καί
2956 436 3104 511 τόπῳ
3162 438 3542 518 προσεύχεσθαι
3574 438 3698 518 Δκαὶ

321 537 467 583 num
486 509 733 581 insidias
754 518 1077 581 declinare.
1105 524 1163 579 et
1183 535 1322 578 vero
1350 515 1526 578 etiam
1547 533 1752 577 rerum
1784 525 1965 579 terre-

2057 519 2184 578 οὕτω
2211 523 2305 587 τὰς
2355 520 2637 588 ἐπιϐουλὰς
2687 530 2793 581 τῶν
2841 522 3102 601 δαιμόνων
3150 509 3509 606 ἐκτρέπεσθαι,
3574 509 3702 583 Ἵνα

323 627 536 671 narum
566 609 781 670 affectu
837 626 939 670 eos
987 613 1286 687 purgaret,
1340 605 1759 695 discerentque
1788 605 1860 667 ab
1894 624 1963 669 oo

2057 609 2098 667 Ξὲ
2149 614 2237 670 καὶ
2289 619 2389 681 τῆς
2444 621 2550 670 τῶν
2606 618 2815 692 γηίνων
2871 617 3221 695 προσπαθείας
3247 605 3252 606 ⁷
3278 618 3463 681 αὐτοὺς
3510 615 3701 673 ἀπαλ-

322 698 537 778 velipsi
556 696 689 758 vitae
708 695 1105 758 obedientiam
1126 711 1490 784 praeponere,
1507 693 1664 754 aliud
1681 693 1960 772 quiddam

2057 698 2197 781 litin,
2269 704 2357 759 καὶ
2419 700 2674 780 παιδεύσῃ
2734 704 2920 769 αὖτοὺς
2977 712 3239 784 προτιμᾷν
3297 705 3394 772 τὴν
3453 705 3703 772 ὑπακοὴν

326 786 447 864 egit
478 785 765 847 memoria
792 784 1062 863 dignum.
1103 782 1286 847 Moris
1316 789 1445 872 erat
1467 781 1636 872 beato
1668 784 1809 843 Viro
1840 801 1958 872 non

2057 791 2130 845 ιαὶ
2184 791 2347 858 αὐτῆς
2399 796 2498 872 τῆς
2553 797 2718 872 ζωῆς,
2767 791 2898 849 ἄλλο
2939 781 3199 861 πεποίηκε
3240 796 3328 850 καὶ
3376 794 3501 852 αὐτὸ
3548 795 3703 869 μνή-

324 882 586 937 anatura
606 873 871 952 profecti,
897 872 1003 934 sed
1023 872 1240 933 virtute
1278 869 1571 951 acquisiti,
1607 888 1740 932 sese
1769 870 1961 950 quali-

324 961 426 1025 bet
454 962 517 1024 in
543 980 609 1024 re
636 960 1120 1042 reprehendere:
1148 978 1330 1042 quare
1360 978 1561 1020 secum
1597 958 1726 1040 ipse
1754 959 1960 1021 solita-

323 1052 431 1114 riae
450 1052 582 1121 vitae
598 1051 944 1113 suavitatem
962 1069 1119 1131 saepe
1141 1049 1424 1129 cogitans,
1443 1056 1685 1129 etquam
1706 1049 1786 1111 sit
1803 1050 1965 1111 omni

324 1141 729 1204 sollicitudine
750 1158 996 1205 vacuum
1021 1138 1170 1201 nihil
1211 1137 1546 1217 possidere,
1574 1157 1810 1218 quoque
1837 1139 1965 1218 spi-

321 1229 581 1291 ritalium
612 1230 1004 1291 certaminum
1057 1227 1239 1308 pugil,
1297 1226 1348 1288 si
1397 1244 1530 1288 cum
1564 1227 1846 1288 fratribus
1874 1245 1969 1288 se-

325 1317 482 1392 deat,
515 1318 709 1380 nullos
736 1318 911 1380 faciat
938 1317 998 1379 in
1032 1317 1251 1378 virtute
1282 1334 1676 1395 progressus;
1724 1315 1844 1377 imo
1876 1315 1967 1377 vix

323 1405 671 1485 contingere
700 1407 906 1488 possit,
939 1407 1082 1488 quin
1112 1404 1319 1468 evadat
1347 1403 1609 1466 deterior
1636 1425 1650 1465 :
1688 1404 1833 1485 haec,
1867 1405 1965 1466 in-

323 1514 523 1576 quam,
557 1496 757 1557 omnia
779 1514 978 1557 secum
1011 1493 1299 1571 cogitans,
1334 1492 1514 1553 nimis
1541 1511 1695 1572 aegre
1718 1492 1962 1570 ferebat,

326 1602 459 1646 esse
491 1583 608 1645 sibi
659 1583 875 1645 multos
904 1581 1284 1645 habitationis
1326 1581 1540 1651 socios,
1594 1589 1653 1642 et
1699 1582 1793 1642 vel
1838 1581 1968 1661 ipsa

2045 901 2152 954 μης
2197 877 2357 945 ἄξιον,
2407 861 2576 944 ’ίΕθοςῗ
2613 881 2667 937 ἐν
2705 861 2799 957 ’τῷ
2854 883 3093 961 μακαρίῳ
3147 881 3198 948 ἐξ
3255 883 3445 963 ἀρετῆς
3498 861 3698 949 κτηθξν

2046 967 2139 1024 οὔκ
2192 967 2253 1024 ἐκ
2303 969 2529 1049 φύσεως,
2585 970 2646 1025 τὸ
2700 970 2754 1026 ἐν
2810 972 2966 1028 παντὶ
3011 971 3282 1050 πράγματι
3330 973 3513 1031 ἑαυτὸν
3565 969 3699 1026 ἐπι-

2049 1055 2364 1134 μέμφεσθαι.
2459 1059 2585 1115 Οθεν
2656 1056 2915 1122 πολλάκις
2985 1057 3039 1114 ἐν
3108 1060 3279 1135 ἐαυτῷ
3354 1057 3702 1138 λογιζόμενος

2047 1144 2144 1211 τὴν
2193 1149 2291 1211 τῆς
2338 1146 2567 1225 ἡσυχίας
2620 1145 2945 1224 γλυκύτητα,
2996 1148 3086 1204 καὶ
3137 1149 3198 1203 τὸ
3249 1153 3348 1214 τῆς
3398 1147 3708 1221 ἆκτημοσύ-

2048 1255 2143 1299 νης
2204 1231 2514 1312 ἀμέριμνον,
2568 1236 2657 1291 καὶ
2712 1234 2792 1290 ὅτι
2851 1237 2879 1290 ὁ
2932 1237 3230 1310 καθήμενος
3279 1237 3413 1311 μετᾶ
3458 1234 3703 1315 ἀδελφῶν

2048 1322 2346 1400 ἀγωνιστὴς
2420 1324 2494 1387 εἷς
2564 1323 2755 1403 ἀρετὴν
2825 1329 2885 1383 οὐ
2952 1325 3269 1404 προκόπτει,
3342 1326 3429 1402 βία
3483 1323 3704 1402 μέτοιγὲ

2047 1433 2129 1468 τοι
2217 1412 2305 1467 καὶ
2390 1412 2651 1492 ὑστερήσῃ
2687 1432 2703 1448 ο
2798 1420 2963 1471 ταῦτα
3054 1414 3225 1470 πάντα
3320 1414 3699 1489 ἐνθυμούμενος

2048 1497 2380 1579 ἐδυσχέραινε
2435 1500 2630 1582 σφόδρα
2681 1507 2751 1578 τῇ
2805 1508 2909 1559 τῶν
2963 1502 3173 1560 πολλῶν
3232 1505 3552 1582 συνοικήσει,
3609 1502 3704 1558 καὶ

2047 1586 2245 1667 ἤχθετο
2277 1588 2438 1669 μέχρι
2490 1591 2577 1645 καὶ
2620 1595 2720 1657 τῆς
2779 1590 2950 1646 αὐτῶν
3009 1592 3316 1673 συντυχίας,
3367 1594 3440 1656 ὡς
3470 1587 3701 1667 ἐμποδι-

328 1689 463 1733 cum
496 1671 584 1734 eis
635 1670 949 1733 collocutio
995 1670 1254 1759 molesta
1299 1676 1443 1759 erat,
1499 1669 1652 1759 quod
1703 1655 1963 1759 impedi-

2089 1655 2127 1667 ιιι
2277 1655 2287 1664 ν
2350 1655 2400 1669 l‘ol
2680 1655 2686 1657 ⁷
3168 1655 3207 1672 "0
3301 1655 3316 1673 Ι
3429 1655 3433 1656 ν
3500 1655 3510 1667 ³

2057 1677 2238 1747 ςούσης
2290 1678 2445 1735 αὐτὸν
2500 1683 2599 1744 τῆς
2656 1679 2792 1734 κατὰ
2850 1685 2969 1735 νοῦν
3026 1681 3267 1759 θεωρίας,
3300 1681 3389 1736 καὶ
3416 1684 3513 1747 τῆς
3544 1675 3700 1734 ἔνδο-

323 1767 523 1821 mento
556 1767 714 1821 esset
740 1757 1113 1848 meditationi
1160 1757 1514 1848 mentis,_et
1543 1756 1701 1848 intus
1717 1757 1966 1848 latentis

2057 1767 2132 1819 ὗεν
2160 1769 2398 1843 κρυπτῆς
2446 1765 2690 1844 ἐργασίας
2722 1782 2736 1796 ⁸
2785 1768 2853 1832 ἧς
2904 1767 3053 1842 μόνοι
3105 1756 3441 1848 πεπείρανται
3501 1763 3702 1845 οἱπερὶ

323 1848 596 1924 actionis,
630 1868 805 1930 quam
836 1847 1062 1928 experti
1086 1846 1199 1934 soli
1232 1855 1370 1907 sunt
1416 1845 1539 1934 Deo
1572 1844 1733 1934 pleni
1765 1845 1967 1908 Patres

2057 1850 2353 1929 Ἀντώνιον,
2408 1855 2496 1910 καὶ
2552 1852 2842 1934 Ἀρσένιον,
2897 1857 2985 1912 καὶ
3035 1844 3287 1924 Ἰωάννην
3331 1857 3421 1913 τὸν
3472 1844 3701 1914 Καλυϐί-

323 1937 639 2010 Antonius,
674 1938 965 2000 Arsenius
995 1943 1052 1997 et
1077 1933 1338 1998 Joannes
1361 1934 1460 1998 Cal
1471 1933 1654 2013 ybita.
1675 1933 1721 1995 E
1742 1942 1969 1996 contra-

2057 1962 2172 2020 την,
2203 1942 2323 2005 τοὺς
2352 1933 2630 2022 θεοφόρους
2686 1942 2942 2022 Πατέρας.
2989 1944 3202 2009 Τούτοις
3244 1957 3362 2009 τοῖς
3409 1943 3699 2022 λογισμοῖς

322 2026 415 2088 rio
443 2044 509 2089 se
538 2026 824 2089 offerebat
855 2026 1078 2087 dictum
1128 2023 1274 2085 illud
1325 2023 1589 2103 Apostoli
1623 2040 1637 2086 :
1692 2047 1720 2080 α
1753 2022 1965 2100 Nemo,

2057 2029 2393 2107 ἆντεισ-άγετο
2420 2031 2481 2085 τὸ
2537 2037 2628 2087 τοῦ
2679 2030 3005 2091 Ἀποστόλου
3039 2051 3053 2066 ⁸
3121 2054 3147 2089 (ι
3199 2031 3393 2100 Μηδεὶς
3424 2034 3485 2089 τὸ
3513 2033 3704 2107 ἑαυτοῦ

326 2115 484 2196 quod
515 2133 686 2177 suum
717 2123 827 2190 est,
881 2121 1125 2196 quaerat,
1179 2112 1287 2174 sed
1339 2102 1494 2192 quod
1528 2111 1872 2186 multorum,
1906 2120 1969 2173 ut

2057 2102 2295 2194 ζητείτω,
2327 2116 2463 2175 ἀλλᾶ
2490 2120 2551 2175 τὸ
2578 2124 2684 2177 τῶν
2712 2118 2951 2194 πολλῶν,
2981 2119 3075 2177 ἵνα
3125 2124 3385 2185 σωθῶσιν,
3438 2143 3466 2176 υ
3519 2102 3700 2186 Ἔδοξε

327 2203 471 2265 salvi
486 2204 719 2266 ﬁant39.
753 2228 781 2262 ιι
798 2203 1002 2265 Visum
1016 2220 1155 2281 ergo
1175 2200 1386 2282 estipsi
1403 2199 1730 2280 periculum
1763 2219 1965 2263 eorum

2057 2206 2222 2264 τοίνυν
2284 2208 2424 2282 αὖτῷ
2508 2208 2750 2287 πειράσαι
2846 2209 3028 2273 αὖτοὺς
3098 2206 3152 2265 ’ἐν
3220 2232 3321 2266 τινι
3390 2207 3700 2288 παραλόγου

322 2291 625 2374 facere,;si
652 2292 797 2374 quid
826 2292 913 2354 eis
941 2289 1186 2352 absurdi
1216 2288 1601 2370 praeciperet:
1636 2296 1698 2350 ut
1725 2288 1776 2349 si
1805 2289 1965 2350 nullo

2058 2293 2318 2373 ἐπιταγῆς
2385 2294 2704 2374 πράγματι·
2791 2299 2879 2354 καὶ
2952 2298 2995 2353 εἰ
3065 2296 3160 2373 μὲν
3233 2296 3541 2377 ἆδιακρίτως
3606 2299 3703 2354 καὶ

326 2381 595 2446 adhibito
614 2381 907 2455 examine,
934 2380 1097 2442 nulla
1117 2378 1458 2441 curiositate
1487 2377 1828 2439 mandatum
1859 2396 1964 2440 ac-

2057 2381 2542 2463 ἆπολυπραγμόνως
2629 2387 3139 2464 συγκαταθήσονται,
3230 2385 3510 2463 ἆρήσεσθαι
3598 2385 3701 2454 τήν

328 2468 618 2550 ciperent,
651 2477 808 2532 esset
833 2468 947 2530 sibi
979 2486 1114 2530 cum
1145 2466 1219 2528 iis
1268 2486 1384 2528 una
1435 2465 1776 2540 vivendum,
1808 2465 1965 2546 quod

2057 2473 2376 2545 ωνοίκησιν,
2429 2474 2503 2536 ὡς
2554 2474 2640 2530 καὶ
2691 2476 2860 2533 αὐτῶν
2912 2473 3049 2531 οὕτω
3091 2472 3389 2549 δυναμένων
3436 2476 3696 2553 σωθῆναι,

329 2574 401 2619 ea
420 2557 648 2620 ratione
665 2568 907 2637 possent
930 2564 989 2617 et
1008 2555 1096 2616 illi
1121 2553 1408 2643 consequi
1433 2555 1708 2635 salutem,
1750 2562 1809 2615 et
1838 2555 1968 2635 ipse

2057 2559 2300 2616 κάκεῖνον
2329 2561 2426 2628 τὴν
2454 2558 2581 2619 ἰδίαν
2643 2560 2785 2628 τάξιν
2840 2560 3057 2643 φυλάξαι
3092 2578 3106 2592 ’
3167 2564 3211 2618 εἰ
3257 2560 3320 2618 δά
3368 2585 3419 2619 τι
3475 2560 3699 2640 γένηται

329 2664 364 2707 a
391 2664 498 2708 suo
525 2645 789 2707 instituto
818 2664 937 2707 non
966 2644 1298 2732 recedere:
1356 2641 1405 2732 si
1438 2659 1575 2732 vero
1607 2649 1810 2703 contra
1840 2661 1969 2704 eve-

2057 2650 2376 2725 τούναντιον,
2409 2651 2508 2717 τὴν
2553 2650 2894 2732 ἀναχώρησιν
2942 2656 3294 2731 προτιμῆσαι.
3344 2651 3442 2706 Διὰ
3496 2650 3697 2717 ταύτην

331 2733 506 2809 niret,
540 2732 909 2814 praeferenda
959 2738 1118 2794 esset
1163 2728 1442 2791 solitudo.
1494 2727 1660 2792 Hanc
1686 2730 1865 2807 igitur
1893 2730 1968 2793 ob

2057 2737 2145 2793 οὖν
2201 2738 2300 2805 τὴν
2352 2740 2518 2795 αἰτίαν
2736 2727 2953 2809 ἑωθινῆς
2987 2727 3266 2816 ⁷ὑμνῳδίας
3315 2738 3369 2795 ἐν
3413 2745 3507 2815 μιᾷ
3547 2737 3700 2794 τελε-

333 2839 570 2885 causam
595 2820 693 2884 die
724 2820 975 2902 quadam
1032 2825 1268 2901 peracto
1326 2818 1612 2880 matutino
1669 2819 1864 2880 ofﬁcio
1919 2826 1969 2881 et

2057 2825 2288 2906 σθείσης,
2346 2829 2433 2883 καὶ
2502 2828 2713 2885 πάντων
2765 2828 3241 2909 συνηθροισμένων,
3311 2825 3453 2906 λέγει
3508 2830 3699 2891 αὐτοῖς

332 2912 724 2996 praesentibus
754 2911 1053 2989 omnibus,
1087 2911 1252 2973 hunc
1298 2928 1544 2990 magnus
1574 2911 1746 2971 Pater
1773 2910 1969 2973 habuit

2057 2915 2110 3003 ὁΔ
2135 2913 2303 2992 μέγας
2337 2930 2352 2945 °
2413 2914 2651 2980 Πολλοὺς
2707 2916 3026 2994 ἀμπελῶνας
3067 2916 3483 3003 πεφυτεύκαμεν,
3517 2915 3729 3003 ὧῗΠγαέ

333 3020 713 3065 sermonem:
747 3000 984 3078 Vincta,
1043 3003 1269 3079 Patres,
1322 2999 1508 3062 multa
1557 2998 1969 3080 plantavimus,

2057 3000 2223 3081 τέρες,
2258 3004 2345 3060 καὶ
2390 3014 2543 3064 τοῦτο
2602 3004 2862 3085 λογίζεται
2920 3008 3054 3081 ἡμῖν
3111 3006 3185 3068 ὡς
3240 3002 3529 3075 πλεονεξία,
3564 3002 3701 3059 διότι

332 3091 515 3173 idque
544 3089 716 3152 nobis
743 3090 1002 3153 avaritiae
1033 3088 1332 3163 tribuitur,
1385 3106 1457 3150 eo
1488 3087 1646 3169 quod
1676 3088 1795 3150 sint
1823 3089 1969 3151 ultra

2057 3089 2216 3147 πλέον
2283 3097 2382 3160 τῆς
2452 3096 2634 3173 χρείας
2700 3097 2855 3172 ἡμῶν
2924 3094 3288 3170 ἐκτησάμεθα,
3366 3099 3521 3148 Δεῦτε
3589 3090 3695 3147 κό-

335 3179 578 3243 modum
607 3187 826 3242 nostrae
866 3177 1236 3256 indigentiae.
1286 3176 1627 3257 Agitedum,
1681 3177 1969 3240 caadamus

2057 3184 2241 3254 ψωμεν
2284 3179 2336 3248 ἐξ
2379 3181 2570 3260 αὒτῶν,
2626 3185 2714 3241 καὶ
2760 3185 2837 3262 μὴ
2895 3184 3132 3260 ἐάσωμεν
3190 3183 3235 3238 εί
3283 3181 3360 3259 μὴ
3417 3181 3574 3258 μόνον
3630 3181 3698 3239 τὸ

335 3276 566 3350 partem
590 3286 818 3351 eorum,
875 3285 989 3330 nec
1037 3264 1470 3348 relinquamus,
1515 3264 1633 3328 nisi
1661 3265 1818 3348 quod
1849 3267 1972 3328 suf-
2055 3266 2330 3350 αὔταρκες,

335 3357 483 3421 ﬁcit.

413 3446 517 3510 45.
548 3445 656 3510 His
684 3445 881 3522 dictis,
916 3464 1051 3508 cum
1102 3442 1349 3507 vidisset
1374 3443 1508 3506 illos
1537 3461 1654 3506 non
1685 3443 1969 3522 abnuere,

2135 3435 2244 3523 με’.
2303 3453 2477 3506 Ταῦτα
2529 3450 2712 3525 εἰπὼν,
2770 3452 2858 3507 καὶ
2912 3447 3031 3507 ἰδὼν
3088 3449 3170 3507 ὅτι
3210 3448 3695 3529 συγκατατίθενται,

333 3534 593 3598 securim
624 3535 893 3597 humeris
926 3534 1147 3597 tollens
1177 3534 1437 3613 perrexit
1462 3532 1537 3595 ad
1570 3533 1973 3614 pulchriorem

334 3632 394 3689 et
468 3623 809 3686 uberiorem
837 3624 1026 3685 vineae
1071 3631 1319 3703 partem,
1380 3621 1610 3683 cunctis
1665 3629 1796 3702 post
1837 3640 1972 3683 eum

329 3713 804 3795 insequentibus,
836 3729 914 3777 ne
943 3709 1123 3775 verbo
1153 3710 1393 3792 quidem
1424 3730 1544 3773 uno
1570 3710 1821 3791 prolato.
1853 3711 1975 3774 Nec

334 3802 494 3866 enim
524 3801 834 3865 dixerunt:
890 3799 1115 3863 Insanit
1158 3799 1336 3861 homo
1380 3798 1514 3875 iste,
1567 3800 1777 3880 nescit,
1829 3800 1971 3881 quid

332 3899 485 3973 agat.
517 3892 631 3954 hoc
650 3909 952 3973 nunquam
980 3890 1193 3966 visum,
1225 3907 1527 3970 nunquam
1551 3888 1813 3951 auditum
1832 3898 1923 3953 est
1951 3910 1965 3953 :

333 3978 438 4042 sed
469 3978 623 4042 facta
652 3978 816 4060 prius
864 3978 1131 4040 oratione
1178 3984 1492 4057 coeperunt
1540 3995 1713 4039 mane
1744 3976 1974 4039 caedere

334 4085 523 4149 usque
543 4067 616 4130 ad
644 4067 851 4129 horam
877 4066 1137 4130 tertiam.
1156 4064 1322 4128 Tunc
1350 4064 1547 4143 Pater,
1588 4065 1786 4145 agnita
1815 4065 1972 4128 ﬁlio-

337 4175 471 4219 rum
498 4154 857 4237 obedientia,
879 4173 1010 4237 quae
1032 4154 1304 4236 antiquas
1318 4154 1595 4216 historias
1618 4163 1969 4235 exaequaret,

2054 3531 2183 3616 ἄρας
2237 3537 2329 3593 τὸν
2381 3536 2604 3595 πέλεκυν
2657 3539 2743 3595 ἐπὶ
2813 3543 2918 3594 τῶν
2995 3538 3156 3616 ὤμων
3213 3542 3390 3613 αὺτοῦ,
3449 3536 3698 3617 ὥρμησεν

2055 3624 2140 3681 ἐπὶ
2187 3626 2250 3682 τὸ
2297 3624 2512 3685 κάλλιον
2564 3628 2651 3684 καὶ
2700 3627 3050 3708 εὐφορώτερον
3103 3627 3261 3708 μέρος
3306 3633 3399 3684 τοῦ
3448 3624 3702 3700 ἀμπελῶ-

2051 3735 2141 3778 νος
2173 3730 2188 3744 ⁶
2257 3715 2453 3790 ὁμοίως
2525 3714 2590 3784 δὴ
2661 3718 2749 3772 καὶ
2822 3717 2967 3773 αὒτοὶ
3040 3716 3267 3779 ἅπαντες
3320 3713 3685 3784 ἠλολούθησαν

2052 3802 2220 3860 ὀπίσω
2246 3805 2424 3884 αὺτοῦ,
2466 3806 2519 3862 ἓν
2573 3805 2718 3883 ῥῆμα
2770 3806 2859 3861 καὶ
2915 3805 3075 3881 μόνον
3125 3806 3202 3882 μὴ
3257 3802 3504 3882 ῥήξαντες
3537 3822 3551 3836 ·
3611 3803 3703 3859 καὶ

2051 3896 2149 3951 οὒκ
2175 3892 2355 3962 εἶπον,
2388 3891 2468 3948 ὅτι
2502 3884 2559 3952 Ὀ
2591 3892 2859 3972 ἅνθρωπος
2889 3893 3083 3969 ἐμάνη,
3123 3897 3217 3952 οὐκ
3263 3890 3379 3949 οἶδε
3423 3893 3473 3948 τί
3500 3904 3649 3949 ποιεῖ
3682 3911 3700 3928 ο

2054 3987 2206 4037 τοῦτο
2260 3981 2390 4037 ποτὲ
2436 3980 2554 4038 οὔτε
2610 3981 2775 4061 ἐφάνη
2834 3981 2950 4038 οὔτε
3003 3982 3234 4051 ἠκούσθη
3271 3997 3286 4012 ⁸
3342 3978 3477 4036 ἀλλὰ
3530 3981 3701 4060 εὐχῆς

2054 4068 2346 4148 γενομένης
2401 4068 2623 4150 ἤρξαντο
2676 4069 2889 4126 κόπτειν
2961 4071 3066 4127 ἀπὸ
3135 4072 3278 4149 πρωϊ
3350 4067 3449 4131 ἕως
3521 4068 3703 4147 τρίτης

2058 4158 2222 4237 ὥρας.
2281 4157 2409 4216 Τότε
2463 4159 2617 4236 γνοὺς
2672 4161 2700 4214 ὁ
2769 4160 2952 4239 Πατὴρ
3021 4160 3118 4227 τὴν
3187 4165 3292 4217 τῶν
3344 4155 3541 4213 τέκνων
3592 4157 3701 4211 ὑπ·-

331 4245 629 4329 pollicitus
660 4254 749 4307 est
774 4220 994 4306 Deo‘se
1034 4220 1223 4325 usqu-e
1273 4244 1346 4305 ad
1396 4244 1673 4306 ultimum
1700 4220 1969 4325 spiritum

2060 4220 2225 4313 ακοὴν
2300 4220 2685 4321 ἁμιλληθεϊσαν
2753 4260 2871 4311 τοῖς
2925 4220 3089 4304 ἱιτσίλοιὶ
3141 4244 3548 4325 ἱστορουμένοις,
3606 4242 3700 4299 δὲ-

333 4333 484 4397 nibil
532 4335 653 4397 illis
683 4333 1157 4416 praepositurum.
1191 4332 1337 4396 Cum
1388 4332 1568 4412 igitur
1615 4333 1975 4412 divulgatum

332 4424 448 4487 hoc
498 4433 678 4500 esset,
733 4431 792 4484 et
830 4440 1020 4502 usque
1061 4420 1137 4483 ad
1186 4427 1451 4482 montem
1493 4420 1689 4483 Athon
1742 4421 1866 4503 (35)
1921 4429 1981 4483 et

336 4510 598 4575 Siciliam
628 4510 780 4573 fama
812 4510 1175 4574 celebratum
1209 4517 1386 4577 esset.
1423 4528 1598 4573 nemo
1622 4510 1713 4573 rei
1741 4529 1978 4572 causam

333 4603 571 4684 assequi
619 4601 851 4683 potuit:
905 4601 1011 4663 sed
1062 4599 1302 4682 quidam
1362 4599 1599 4662 aiebant
1656 4600 1980 4662 monachos

336 4689 537 4753 ebrios
566 4690 787 4754 tuisse:
846 4690 948 4751 alii
977 4689 1170 4752 Patris
1217 4688 1367 4750 iram
1399 4695 1794 4751 causabantur
1828 4710 1842 4752 :
1877 4688 1980 4750 alii

329 4797 498 4859 vero,
558 4778 717 4862 quod
772 4778 988 4843 multas
1030 4777 1322 4843 haberent
1375 4778 1804 4860 possessiones,
1865 4795 1978 4840 nec

409 4948 468 5001 δε
495 4946 523 5013 Ι
549 4949 688 5014 Cor.
718 4966 781 5029 Χ,
811 4947 911 5015 24.

2059 4332 2195 4391 δωκε
2249 4340 2324 4409 τῷ
2378 4342 2494 4410 Θεῷ
2542 4333 2709 4401 δεξιὰς
2766 4335 2930 4413 μηδὲν
2988 4339 3157 4394 αὐτῶν
3213 4338 3539 4415 προτιμῆσαι
3595 4331 3702 4408 μὲ-

2058 4444 2181 4502 χρις
2212 4421 2449 4503 ἐσχάτης
2498 4424 2791 4491 ἀναπνοῆς.
2851 4425 3048 4483 Τούτου
3107 4422 3196 4481 οὖν
3251 4429 3342 4479 τοῦ
3368 4421 3521 4501 ἔργου
3548 4442 3704 4500 περι-

2059 4513 2239 4591 φήμου
2281 4512 2559 4591 γεγονότος
2608 4515 2696 4569 καὶ
2746 4513 2847 4576 ἕως
2902 4512 3060 4569 aio-:05
3113 4519 3205 4568 τοῦ
3235 4513 3383 4591 ἁγίου
3412 4506 3583 4590 ὅρους,
3616 4511 3706 4566 καὶ

2060 4599 2161 4663 ἕως
2220 4608 2317 4672 τῆς
2365 4600 2633 4681 Σικελίας,
2686 4599 2846 4664 οὖδεὶς
2901 4598 3121 4671 ἐδυνήθη
3175 4595 3559 4657 καταλαϐέσθαι
3613 4607 3707 4656 τοῦ

2058 4688 2370 4767 πράγματος
2426 4690 2525 4757 τὴν
2580 4689 2824 4746 ὑπόθεσιν
2854 4703 2868 4718 ⁸
2950 4687 3069 4745 ἀλλ’
3140 4686 3290 4745 ἄλλοι
3345 4687 3440 4761 μὲν
3495 4684 3702 4765 ἔλεγον,

2058 4775 2139 4833 ὅτι
2169 4779 2217 4834 οἱ
2255 4778 2486 4858 μοναχοὶ
2530 4775 2884 4853 ἐμεθύσθησαν
2916 4796 2932 4813 ·
2980 4775 3131 4835 ἄλλοι
3179 4774 3259 4852 δὲ,
3313 4774 3395 4832 ὅτι
3443 4776 3472 4830 ὁ
3522 4775 3705 4855 Πατὴρ

1720 5050 1965 5116 Joannis
1996 5051 2122 5117 Clei
2148 5057 2326 5115 nota).

415 5198 534 5278 (35)
555 5196 743 5262 Athos
771 5215 945 5262 mons
964 5205 1056 5261 est
1072 5197 1457 5275 Macedoniae,
1487 5197 1547 5278 in
1559 5214 1723 5278 mare
1733 5196 1979 5278 Egeum

2064 5194 2429 5274 logerorum,
2483 5213 2587 5259 seu
2638 5195 3067 5261 monachorum
3126 5193 3463 5259 Graecorum
3519 5193 3702 5256 solius

327 5275 523 5342 instar
546 5278 877 5359 peninsulae
904 5297 1228 5341 excurrens
1260 5280 1421 5340 inter
1451 5277 1620 5359 sinus
1650 5275 1981 5359 Strymoni-
2065 5275 2312 5339 Ordinis
2337 5275 2398 5339 S.
2430 5277 2658 5359 Basilii,
2693 5277 2961 5359 msnacbi
3005 5294 3144 5338 vero
3191 5275 3265 5337 ad
3299 5276 3458 5359 6000
3487 5292 3701 5359 nume-

329 5379 462 5423 cum
517 5354 575 5421 et
622 5357 1445 5439 Singiticumsl’lurimaide
1476 5354 1809 5439 altitudine
1850 5358 1982 5437 ejus
2061 5364 2289 5439 rantur,
2327 5374 2398 5439 ex
2429 5356 2642 5439 quibus
2688 5356 2952 5439 episcopi
2992 5373 3200 5439 omnes
3229 5354 3337 5416 sub
3369 5354 3703 5439 patriarcha

328 5439 597 5526 scribunt
620 5434 845 5526 Plinius
876 5446 934 5526 et
968 5438 1069 5501 alii
1092 5438 1219 5526 εει)
1249 5438 1414 5526 Italis
1531 5445 1735 5526 monte
1780 5434 1975 5526 sunto,
2064 5434 2844 5526 Constantino:poli_tano'_ad
2894 5434 3184 5526 ecclesias
3240 5434 3532 5526 regetidas
3576 5434 3700 5526 de-

325 5519 633 5599 ἅγιον-ὅρος-
656 5535 690 5579 a
718 5519 943 5583 Graecis
970 5527 1030 5581 et
1079 5520 1373 5599 Monastir
1402 5537 1438 5580 a
1468 5516 1680 5599 Turcis
1708 5518 1977 5599 appella-
2060 5527 2406 5599 sumuntur.
2440 5515 2528 5599 De
2575 5519 2697 5599 hoc,
2732 5517 2910 5599 igitur
2956 5524 3177 5589 monte,
3230 5515 3333 5576 ubi
3364 5516 3704 5599 monasticae

329 5593 444 5661 tur.
464 5593 783 5660 Nominum
806 5599 1045 5661 illorum
1066 5593 1981 5678 origoestamultitudinemona-
2056 5596 2193 5659 vitae
2243 5603 2327 5659 tot
2369 5596 2630 5661 cultores
2684 5593 3050 5678 habitabant,
3108 5612 3309 5659 sermo
3365 5593 3691 5676 biographo

329 5678 645 5742 steriorum
676 5696 808 5761 quas
854 5686 1118 5743 montem
1165 5676 1493 5762 occupant,
1518 5676 1747 5761 ubique
1767 5676 1850 5742 24
1871 5695 1977 5741 ca-
2059 5685 2173 5741 est.
