  <div class='ocr_page' id='page_1' title='image "/cluster/home/n/w/nwhite01/storage/ocr_20150623/120/mdp.39015008866736/048.png"; bbox 0 0 3966 6148; ppageno 0'>
   <div class='ocr_carea' id='block_1_1' title="bbox 231 199 310 267">
    <p class='ocr_par' dir='ltr' id='par_1_1' title="bbox 231 199 310 267">
     <span class='ocr_line' id='line_1_1' title="bbox 231 199 310 267; baseline 0 0"><span class='ocrx_word' id='word_1_1' title='bbox 231 199 310 267; x_wconf 79' lang='lat'><strong>85</strong></span> 
     </span>
    </p>
   </div>
   <div class='ocr_carea' id='block_1_2' title="bbox 1492 211 2408 280">
    <p class='ocr_par' dir='ltr' id='par_1_2' title="bbox 1492 211 2408 280">
     <span class='ocr_line' id='line_1_2' title="bbox 1492 211 2408 280; baseline -0.002 -1"><span class='ocrx_word' id='word_1_2' title='bbox 1492 213 1682 279; x_wconf 85' lang='lat' dir='ltr'><strong>VITA</strong></span> <span class='ocrx_word' id='word_1_3' title='bbox 1722 213 1783 277; x_wconf 90' lang='lat' dir='ltr'><strong>S.</strong></span> <span class='ocrx_word' id='word_1_4' title='bbox 1827 211 1996 280; x_wconf 91' lang='lat' dir='ltr'><strong>NILI</strong></span> <span class='ocrx_word' id='word_1_5' title='bbox 2034 211 2408 278; x_wconf 83' lang='lat' dir='ltr'><strong>JUNIORIS.</strong></span> 
     </span>
    </p>
   </div>
   <div class='ocr_carea' id='block_1_3' title="bbox 3598 214 3677 283">
    <p class='ocr_par' dir='ltr' id='par_1_3' title="bbox 3598 214 3677 283">
     <span class='ocr_line' id='line_1_3' title="bbox 3598 214 3677 283; baseline -0.051 0"><span class='ocrx_word' id='word_1_6' title='bbox 3598 214 3677 283; x_wconf 86' lang='lat'><strong>86</strong></span> 
     </span>
    </p>
   </div>
   <div class='ocr_carea' id='block_1_4' title="bbox 248 336 1940 429">
    <p class='ocr_par' dir='ltr' id='par_1_4' title="bbox 248 336 1940 429">
     <span class='ocr_line' id='line_1_4' title="bbox 248 336 1940 429; baseline 0.005 -34"><span class='ocrx_word' id='word_1_7' title='bbox 248 336 534 429; x_wconf 58' lang='grc' dir='ltr'>ξθυμῶθη,</span> <span class='ocrx_word' id='word_1_8' title='bbox 584 341 686 399; x_wconf 68' lang='grc' dir='ltr'><strong>καὶ</strong></span> <span class='ocrx_word' id='word_1_9' title='bbox 743 342 841 401; x_wconf 78' lang='grc' dir='ltr'>διὰ</span> <span class='ocrx_word' id='word_1_10' title='bbox 894 353 1059 406; x_wconf 81' lang='grc' dir='ltr'>τοῦτο</span> <span class='ocrx_word' id='word_1_11' title='bbox 1115 344 1332 414; x_wconf 70' lang='grc' dir='ltr'>ἐποίησε</span> <span class='ocrx_word' id='word_1_12' title='bbox 1378 352 1530 405; x_wconf 78' lang='grc' dir='ltr'>τοῦτο</span> <span class='ocrx_word' id='word_1_13' title='bbox 1564 364 1580 381; x_wconf 85' lang='grc'>⁶</span> <span class='ocrx_word' id='word_1_14' title='bbox 1638 346 1726 404; x_wconf 81' lang='grc' dir='ltr'><strong>καὶ</strong></span> <span class='ocrx_word' id='word_1_15' title='bbox 1771 344 1940 421; x_wconf 80' lang='grc' dir='ltr'>ἆλλοὶ,</span> 
     </span>
    </p>
   </div>
   <div class='ocr_carea' id='block_1_5' title="bbox 2030 336 3672 429">
    <p class='ocr_par' dir='ltr' id='par_1_5' title="bbox 2040 340 3672 429">
     <span class='ocr_line' id='line_1_5' title="bbox 2040 340 3672 429; baseline 0.002 -23"><span class='ocrx_word' id='word_1_16' title='bbox 2040 343 2382 429; x_wconf 71' lang='lat' dir='ltr'><strong>sufﬁcerent</strong></span> <span class='ocrx_word' id='word_1_17' title='bbox 2407 340 2481 403; x_wconf 88' lang='lat' dir='ltr'><strong>ad</strong></span> <span class='ocrx_word' id='word_1_18' title='bbox 2512 341 2793 405; x_wconf 86' lang='lat' dir='ltr'><strong>colendas</strong></span> <span class='ocrx_word' id='word_1_19' title='bbox 2809 361 3039 408; x_wconf 89' lang='lat' dir='ltr'><strong>omnes.</strong></span> <span class='ocrx_word' id='word_1_20' title='bbox 3065 342 3188 407; x_wconf 88' lang='lat' dir='ltr'><strong>Nec</strong></span> <span class='ocrx_word' id='word_1_21' title='bbox 3197 344 3416 407; x_wconf 89' lang='lat' dir='ltr'><strong>mirum</strong></span> <span class='ocrx_word' id='word_1_22' title='bbox 3427 344 3543 408; x_wconf 89' lang='lat' dir='ltr'><strong>hoc</strong></span> <span class='ocrx_word' id='word_1_23' title='bbox 3559 352 3672 429; x_wconf 86' lang='lat' dir='ltr'><strong>est,</strong></span> 
     </span>
    </p>
   </div>
   <div class='ocr_carea' id='block_1_6' title="bbox 261 427 1950 516">
    <p class='ocr_par' dir='ltr' id='par_1_6' title="bbox 261 427 1950 516">
     <span class='ocr_line' id='line_1_6' title="bbox 261 427 1950 516; baseline 0.005 -32"><span class='ocrx_word' id='word_1_24' title='bbox 261 427 343 484; x_wconf 65' lang='grc' dir='ltr'>ὅτι</span> <span class='ocrx_word' id='word_1_25' title='bbox 387 428 569 487; x_wconf 77' lang='grc' dir='ltr'>πολλᾶ</span> <span class='ocrx_word' id='word_1_26' title='bbox 616 430 754 489; x_wconf 76' lang='grc' dir='ltr'>ὄντα</span> <span class='ocrx_word' id='word_1_27' title='bbox 813 449 1019 511; x_wconf 74' lang='grc' dir='ltr'>καμεῖν</span> <span class='ocrx_word' id='word_1_28' title='bbox 1078 436 1175 493; x_wconf 65' lang='grc' dir='ltr'><strong>οὒκ</strong></span> <span class='ocrx_word' id='word_1_29' title='bbox 1215 434 1432 516; x_wconf 80' lang='grc' dir='ltr'>ἴσχυον,</span> <span class='ocrx_word' id='word_1_30' title='bbox 1515 436 1615 494; x_wconf 80' lang='grc' dir='ltr'><strong>Καὶ</strong></span> <span class='ocrx_word' id='word_1_31' title='bbox 1681 442 1836 492; x_wconf 77' lang='grc' dir='ltr'>τοῦτο</span> <span class='ocrx_word' id='word_1_32' title='bbox 1890 436 1950 492; x_wconf 79' lang='grc' dir='ltr'>οὒ</span> 
     </span>
    </p>
   </div>
   <div class='ocr_carea' id='block_1_7' title="bbox 276 520 1950 603">
    <p class='ocr_par' dir='ltr' id='par_1_7' title="bbox 276 520 1950 603">
     <span class='ocr_line' id='line_1_7' title="bbox 276 520 1950 603; baseline 0.003 -28"><span class='ocrx_word' id='word_1_33' title='bbox 276 521 599 595; x_wconf 65' lang='grc' dir='ltr'>θαυμαστὸν,</span> <span class='ocrx_word' id='word_1_34' title='bbox 649 520 862 603; x_wconf 74' lang='grc' dir='ltr'>ὅπουγε</span> <span class='ocrx_word' id='word_1_35' title='bbox 918 521 1038 582; x_wconf 73' lang='grc' dir='ltr'><strong>οὒδὲ</strong></span> <span class='ocrx_word' id='word_1_36' title='bbox 1095 525 1238 581; x_wconf 62' lang='grc' dir='ltr'>αυτοὶ</span> <span class='ocrx_word' id='word_1_37' title='bbox 1294 526 1340 581; x_wconf 72' lang='grc' dir='ltr'>οἱ</span> <span class='ocrx_word' id='word_1_38' title='bbox 1390 526 1750 602; x_wconf 72' lang='grc' dir='ltr'><strong>συγκόψαντες</strong></span> <span class='ocrx_word' id='word_1_39' title='bbox 1797 523 1950 592; x_wconf 71' lang='grc' dir='ltr'>ἤδει-</span> 
     </span>
    </p>
   </div>
   <div class='ocr_carea' id='block_1_8' title="bbox 286 606 1950 693">
    <p class='ocr_par' dir='ltr' id='par_1_8' title="bbox 286 606 1950 693">
     <span class='ocr_line' id='line_1_8' title="bbox 286 606 1950 693; baseline 0.004 -29"><span class='ocrx_word' id='word_1_40' title='bbox 286 631 379 665; x_wconf 82' lang='grc' dir='ltr'><strong>σαν</strong></span> <span class='ocrx_word' id='word_1_41' title='bbox 438 606 575 667; x_wconf 77' lang='grc' dir='ltr'>δια-τὶ</span> <span class='ocrx_word' id='word_1_42' title='bbox 622 609 862 693; x_wconf 68' lang='grc' dir='ltr'>ἔκοψαν,</span> <span class='ocrx_word' id='word_1_43' title='bbox 922 615 968 670; x_wconf 84' lang='grc' dir='ltr'><strong>εἰ</strong></span> <span class='ocrx_word' id='word_1_44' title='bbox 1043 614 1122 689; x_wconf 74' lang='grc' dir='ltr'><strong>μὴ</strong></span> <span class='ocrx_word' id='word_1_45' title='bbox 1199 618 1284 677; x_wconf 80' lang='grc' dir='ltr'>οἷς</span> <span class='ocrx_word' id='word_1_46' title='bbox 1355 610 1623 682; x_wconf 75' lang='grc' dir='ltr'>ἧϐούληθη</span> <span class='ocrx_word' id='word_1_47' title='bbox 1696 616 1725 669; x_wconf 87' lang='grc' dir='ltr'>ὁ</span> <span class='ocrx_word' id='word_1_48' title='bbox 1783 612 1950 692; x_wconf 90' lang='grc' dir='ltr'>μέγας</span> 
     </span>
    </p>
   </div>
   <div class='ocr_carea' id='block_1_9' title="bbox 295 699 1951 780">
    <p class='ocr_par' dir='ltr' id='par_1_9' title="bbox 295 699 1951 780">
     <span class='ocr_line' id='line_1_9' title="bbox 295 699 1951 780; baseline 0.003 -27"><span class='ocrx_word' id='word_1_49' title='bbox 295 699 481 779; x_wconf 63' lang='grc' dir='ltr'>Πατήρ</span> <span class='ocrx_word' id='word_1_50' title='bbox 546 699 919 778; x_wconf 74' lang='grc' dir='ltr'>ἀποκαλύψαι,</span> <span class='ocrx_word' id='word_1_51' title='bbox 989 702 1129 759; x_wconf 75' lang='grc' dir='ltr'>Ποτὲ</span> <span class='ocrx_word' id='word_1_52' title='bbox 1193 708 1293 771; x_wconf 78' lang='grc' dir='ltr'>τῆς</span> <span class='ocrx_word' id='word_1_53' title='bbox 1350 703 1502 780; x_wconf 82' lang='grc' dir='ltr'>ἁγίας</span> <span class='ocrx_word' id='word_1_54' title='bbox 1560 700 1811 776; x_wconf 81' lang='grc' dir='ltr'><strong>πέμπτης</strong></span> <span class='ocrx_word' id='word_1_55' title='bbox 1859 707 1951 758; x_wconf 74' lang='grc' dir='ltr'>τοῦ</span> 
     </span>
    </p>
   </div>
   <div class='ocr_carea' id='block_1_10' title="bbox 293 786 1946 871">
    <p class='ocr_par' dir='ltr' id='par_1_10' title="bbox 293 786 1946 871">
     <span class='ocr_line' id='line_1_10' title="bbox 293 786 1946 871; baseline 0.009 -29"><span class='ocrx_word' id='word_1_56' title='bbox 293 786 490 868; x_wconf 67' lang='grc' dir='ltr'>Πάσχα</span> <span class='ocrx_word' id='word_1_57' title='bbox 532 788 968 866; x_wconf 66' lang='grc' dir='ltr'>καταλαϐούσης,</span> <span class='ocrx_word' id='word_1_58' title='bbox 1016 788 1210 871; x_wconf 78' lang='grc' dir='ltr'>ἤνεγκέ</span> <span class='ocrx_word' id='word_1_59' title='bbox 1260 814 1339 855; x_wconf 90' lang='grc' dir='ltr'><strong>τις</strong></span> <span class='ocrx_word' id='word_1_60' title='bbox 1391 791 1579 870; x_wconf 78' lang='grc' dir='ltr'>ἰχθύας</span> <span class='ocrx_word' id='word_1_61' title='bbox 1629 789 1683 845; x_wconf 73' lang='grc' dir='ltr'>ἒν</span> <span class='ocrx_word' id='word_1_62' title='bbox 1712 795 1779 867; x_wconf 77' lang='grc' dir='ltr'>τῇ</span> <span class='ocrx_word' id='word_1_63' title='bbox 1809 796 1946 866; x_wconf 77' lang='grc' dir='ltr'>μονῇ</span> 
     </span>
    </p>
   </div>
   <div class='ocr_carea' id='block_1_11' title="bbox 292 873 1943 960">
    <p class='ocr_par' dir='ltr' id='par_1_11' title="bbox 292 873 1943 960">
     <span class='ocr_line' id='line_1_11' title="bbox 292 873 1943 960; baseline 0.001 -28"><span class='ocrx_word' id='word_1_64' title='bbox 292 873 490 941; x_wconf 68' lang='grc' dir='ltr'>καλοὺς</span> <span class='ocrx_word' id='word_1_65' title='bbox 543 879 635 935; x_wconf 81' lang='grc' dir='ltr'><strong>καὶ</strong></span> <span class='ocrx_word' id='word_1_66' title='bbox 690 878 980 960; x_wconf 81' lang='grc' dir='ltr'>μεγάλους,</span> <span class='ocrx_word' id='word_1_67' title='bbox 1040 881 1096 938; x_wconf 86' lang='grc' dir='ltr'>ἓν</span> <span class='ocrx_word' id='word_1_68' title='bbox 1148 882 1379 960; x_wconf 69' lang='grc' dir='ltr'>κοφίνων</span> <span class='ocrx_word' id='word_1_69' title='bbox 1434 878 1655 960; x_wconf 75' lang='grc' dir='ltr'>πλῆρες,</span> <span class='ocrx_word' id='word_1_70' title='bbox 1706 878 1800 935; x_wconf 73' lang='grc' dir='ltr'>’ἕνα</span> <span class='ocrx_word' id='word_1_71' title='bbox 1846 901 1943 954; x_wconf 91' lang='grc' dir='ltr'>μι-</span> 
     </span>
    </p>
   </div>
   <div class='ocr_carea' id='block_1_12' title="bbox 293 964 1943 1049">
    <p class='ocr_par' dir='ltr' id='par_1_12' title="bbox 293 964 1943 1049">
     <span class='ocr_line' id='line_1_12' title="bbox 293 964 1943 1049; baseline 0.002 -28"><span class='ocrx_word' id='word_1_72' title='bbox 293 965 423 1042; x_wconf 75' lang='grc' dir='ltr'>κρὰν</span> <span class='ocrx_word' id='word_1_73' title='bbox 455 966 794 1041; x_wconf 74' lang='grc' dir='ltr'>παράκλησιν</span> <span class='ocrx_word' id='word_1_74' title='bbox 821 966 1051 1026; x_wconf 77' lang='grc' dir='ltr'>λάϐωσιν</span> <span class='ocrx_word' id='word_1_75' title='bbox 1107 971 1154 1026; x_wconf 80' lang='grc' dir='ltr'>οἱ</span> <span class='ocrx_word' id='word_1_76' title='bbox 1208 966 1417 1049; x_wconf 81' lang='grc' dir='ltr'>ἀδελφοὶ</span> <span class='ocrx_word' id='word_1_77' title='bbox 1472 967 1533 1024; x_wconf 79' lang='grc' dir='ltr'>ἐκ</span> <span class='ocrx_word' id='word_1_78' title='bbox 1585 971 1683 1034; x_wconf 74' lang='grc' dir='ltr'><strong>τῆς</strong></span> <span class='ocrx_word' id='word_1_79' title='bbox 1736 964 1943 1033; x_wconf 80' lang='grc' dir='ltr'>πολλῆς</span> 
     </span>
    </p>
   </div>
   <div class='ocr_carea' id='block_1_13' title="bbox 288 1054 1944 1135">
    <p class='ocr_par' dir='ltr' id='par_1_13' title="bbox 288 1054 1944 1135">
     <span class='ocr_line' id='line_1_13' title="bbox 288 1054 1944 1135; baseline 0.002 -28"><span class='ocrx_word' id='word_1_80' title='bbox 288 1054 382 1107; x_wconf 85' lang='grc' dir='ltr'><strong>καὶ</strong></span> <span class='ocrx_word' id='word_1_81' title='bbox 411 1060 622 1133; x_wconf 73' lang='grc' dir='ltr'>μακρᾶς</span> <span class='ocrx_word' id='word_1_82' title='bbox 656 1058 905 1122; x_wconf 83' lang='grc' dir='ltr'>νηστείας</span> <span class='ocrx_word' id='word_1_83' title='bbox 934 1073 949 1088; x_wconf 83' lang='grc'><strong><em>⁸</em></strong></span> <span class='ocrx_word' id='word_1_84' title='bbox 1009 1058 1098 1114; x_wconf 84' lang='grc' dir='ltr'><strong>καὶ</strong></span> <span class='ocrx_word' id='word_1_85' title='bbox 1156 1056 1275 1115; x_wconf 76' lang='grc' dir='ltr'>ἰδὼν</span> <span class='ocrx_word' id='word_1_86' title='bbox 1332 1056 1517 1120; x_wconf 74' lang='grc' dir='ltr'>αὐτοὺς</span> <span class='ocrx_word' id='word_1_87' title='bbox 1568 1058 1597 1113; x_wconf 86' lang='grc' dir='ltr'>ὁ</span> <span class='ocrx_word' id='word_1_88' title='bbox 1626 1056 1831 1135; x_wconf 77' lang='grc' dir='ltr'>Πατὴρ,</span> <span class='ocrx_word' id='word_1_89' title='bbox 1863 1054 1944 1111; x_wconf 80' lang='grc' dir='ltr'><strong>ὅτι</strong></span> 
     </span>
    </p>
   </div>
   <div class='ocr_carea' id='block_1_14' title="bbox 291 1142 1944 1225">
    <p class='ocr_par' dir='ltr' id='par_1_14' title="bbox 291 1142 1944 1225">
     <span class='ocr_line' id='line_1_14' title="bbox 291 1142 1944 1225; baseline 0.001 -28"><span class='ocrx_word' id='word_1_90' title='bbox 291 1142 487 1219; x_wconf 82' lang='grc' dir='ltr'>μικρὸν</span> <span class='ocrx_word' id='word_1_91' title='bbox 550 1143 982 1222; x_wconf 72' lang='grc' dir='ltr'>ἧγαλλιάσθησαν</span> <span class='ocrx_word' id='word_1_92' title='bbox 1053 1144 1246 1209; x_wconf 73' lang='grc' dir='ltr'>ἰδόντες</span> <span class='ocrx_word' id='word_1_93' title='bbox 1338 1144 1457 1208; x_wconf 78' lang='grc' dir='ltr'>τοὺς</span> <span class='ocrx_word' id='word_1_94' title='bbox 1525 1143 1737 1225; x_wconf 75' lang='grc' dir='ltr'>ἰχθύας,</span> <span class='ocrx_word' id='word_1_95' title='bbox 1795 1143 1944 1200; x_wconf 69' lang='grc' dir='ltr'>εἴασε</span> 
     </span>
    </p>
   </div>
   <div class='ocr_carea' id='block_1_15' title="bbox 289 1228 1942 1315">
    <p class='ocr_par' dir='ltr' id='par_1_15' title="bbox 289 1228 1942 1315">
     <span class='ocr_line' id='line_1_15' title="bbox 289 1228 1942 1315; baseline 0.003 -33"><span class='ocrx_word' id='word_1_96' title='bbox 289 1228 393 1302; x_wconf 73' lang='grc' dir='ltr'>μὲν</span> <span class='ocrx_word' id='word_1_97' title='bbox 451 1233 643 1295; x_wconf 74' lang='grc' dir='ltr'>αὖτοὺς</span> <span class='ocrx_word' id='word_1_98' title='bbox 694 1232 865 1309; x_wconf 81' lang='grc' dir='ltr'>ξύσαι,</span> <span class='ocrx_word' id='word_1_99' title='bbox 924 1235 1013 1291; x_wconf 88' lang='grc' dir='ltr'><strong>καὶ</strong></span> <span class='ocrx_word' id='word_1_100' title='bbox 1067 1232 1277 1315; x_wconf 82' lang='grc' dir='ltr'>πλῦναι,</span> <span class='ocrx_word' id='word_1_101' title='bbox 1354 1235 1442 1289; x_wconf 85' lang='grc' dir='ltr'><strong>καὶ</strong></span> <span class='ocrx_word' id='word_1_102' title='bbox 1501 1232 1776 1308; x_wconf 80' lang='grc' dir='ltr'><strong>ἑτοιμάσαι</strong></span> <span class='ocrx_word' id='word_1_103' title='bbox 1811 1234 1942 1311; x_wconf 81' lang='grc' dir='ltr'>πρὸς</span> 
     </span>
    </p>
   </div>
   <div class='ocr_carea' id='block_1_16' title="bbox 287 1318 1945 1401">
    <p class='ocr_par' dir='ltr' id='par_1_16' title="bbox 287 1318 1945 1401">
     <span class='ocr_line' id='line_1_16' title="bbox 287 1318 1945 1401; baseline 0.003 -30"><span class='ocrx_word' id='word_1_104' title='bbox 287 1318 355 1372; x_wconf 68' lang='grc' dir='ltr'>τὸ</span> <span class='ocrx_word' id='word_1_105' title='bbox 405 1318 614 1393; x_wconf 72' lang='grc' dir='ltr'>ἑψῆσαι</span> <span class='ocrx_word' id='word_1_106' title='bbox 646 1336 660 1351; x_wconf 91' lang='lat'>&#39;</span> <span class='ocrx_word' id='word_1_107' title='bbox 714 1324 855 1386; x_wconf 81' lang='grc' dir='ltr'>τινὸς</span> <span class='ocrx_word' id='word_1_108' title='bbox 898 1320 953 1378; x_wconf 76' lang='grc' dir='ltr'><strong>δὲ</strong></span> <span class='ocrx_word' id='word_1_109' title='bbox 1000 1323 1282 1401; x_wconf 78' lang='grc' dir='ltr'>προσαίτου</span> <span class='ocrx_word' id='word_1_110' title='bbox 1326 1319 1737 1396; x_wconf 73' lang='grc' dir='ltr'>καταλαϐόντος,</span> <span class='ocrx_word' id='word_1_111' title='bbox 1789 1318 1945 1377; x_wconf 81' lang='grc' dir='ltr'>δέδω-</span> 
     </span>
    </p>
   </div>
   <div class='ocr_carea' id='block_1_17' title="bbox 288 1407 1943 1487">
    <p class='ocr_par' dir='ltr' id='par_1_17' title="bbox 288 1407 1943 1487">
     <span class='ocr_line' id='line_1_17' title="bbox 288 1407 1943 1487; baseline 0.002 -24"><span class='ocrx_word' id='word_1_112' title='bbox 288 1427 384 1461; x_wconf 79' lang='grc' dir='ltr'><strong>κεν</strong></span> <span class='ocrx_word' id='word_1_113' title='bbox 413 1413 562 1484; x_wconf 77' lang='grc' dir='ltr'>αὗτῷ</span> <span class='ocrx_word' id='word_1_114' title='bbox 591 1409 850 1482; x_wconf 75' lang='grc' dir='ltr'>ἅπαντας,</span> <span class='ocrx_word' id='word_1_115' title='bbox 884 1413 961 1487; x_wconf 79' lang='grc' dir='ltr'><strong>μὴ</strong></span> <span class='ocrx_word' id='word_1_116' title='bbox 990 1412 1149 1474; x_wconf 79' lang='grc' dir='ltr'>ἐάσας</span> <span class='ocrx_word' id='word_1_117' title='bbox 1200 1409 1251 1477; x_wconf 78' lang='grc' dir='ltr'><strong>ἐξ</strong></span> <span class='ocrx_word' id='word_1_118' title='bbox 1300 1413 1465 1468; x_wconf 74' lang='grc' dir='ltr'>αὐτῶν</span> <span class='ocrx_word' id='word_1_119' title='bbox 1512 1407 1714 1471; x_wconf 67' lang='grc' dir='ltr'>οὐδένα.</span> <span class='ocrx_word' id='word_1_120' title='bbox 1764 1407 1943 1473; x_wconf 74' lang='grc' dir='ltr'>Οὕτως</span> 
     </span>
    </p>
   </div>
   <div class='ocr_carea' id='block_1_18' title="bbox 294 1492 1944 1577">
    <p class='ocr_par' dir='ltr' id='par_1_18' title="bbox 294 1492 1944 1577">
     <span class='ocr_line' id='line_1_18' title="bbox 294 1492 1944 1577; baseline 0.002 -28"><span class='ocrx_word' id='word_1_121' title='bbox 294 1492 603 1555; x_wconf 71' lang='grc' dir='ltr'><strong>ἐπαίδευσεν</strong></span> <span class='ocrx_word' id='word_1_122' title='bbox 632 1499 818 1562; x_wconf 71' lang='grc' dir='ltr'>αὖτοὺς</span> <span class='ocrx_word' id='word_1_123' title='bbox 858 1498 919 1555; x_wconf 78' lang='grc' dir='ltr'>ἐκ</span> <span class='ocrx_word' id='word_1_124' title='bbox 945 1498 1222 1563; x_wconf 77' lang='grc' dir='ltr'><strong>διαθέσεως</strong></span> <span class='ocrx_word' id='word_1_125' title='bbox 1273 1497 1494 1574; x_wconf 72' lang='grc' dir='ltr'>ψάλλειν</span> <span class='ocrx_word' id='word_1_126' title='bbox 1520 1499 1581 1554; x_wconf 82' lang='grc' dir='ltr'>τὸ</span> <span class='ocrx_word' id='word_1_127' title='bbox 1616 1518 1629 1530; x_wconf 75' lang='grc'><strong>’</strong></span> <span class='ocrx_word' id='word_1_128' title='bbox 1688 1517 1713 1553; x_wconf 74' lang='grc' dir='ltr'>ι</span> <span class='ocrx_word' id='word_1_129' title='bbox 1766 1497 1944 1577; x_wconf 79' lang='grc' dir='ltr'>Κύριε,</span> 
     </span>
    </p>
   </div>
   <div class='ocr_carea' id='block_1_19' title="bbox 292 1579 1945 1664">
    <p class='ocr_par' dir='ltr' id='par_1_19' title="bbox 292 1579 1945 1664">
     <span class='ocr_line' id='line_1_19' title="bbox 292 1579 1945 1664; baseline 0.007 -26"><span class='ocrx_word' id='word_1_130' title='bbox 292 1579 533 1641; x_wconf 70' lang='grc' dir='ltr'>ἔναντῖον</span> <span class='ocrx_word' id='word_1_131' title='bbox 561 1608 659 1644; x_wconf 87' lang='grc' dir='ltr'><strong>σου</strong></span> <span class='ocrx_word' id='word_1_132' title='bbox 685 1594 831 1644; x_wconf 75' lang='grc' dir='ltr'>πᾶσα</span> <span class='ocrx_word' id='word_1_133' title='bbox 859 1590 894 1656; x_wconf 77' lang='grc' dir='ltr'><strong>ἡ</strong></span> <span class='ocrx_word' id='word_1_134' title='bbox 924 1586 1169 1664; x_wconf 76' lang='grc' dir='ltr'>ἐπιθυμία</span> <span class='ocrx_word' id='word_1_135' title='bbox 1199 1609 1300 1664; x_wconf 84' lang='grc' dir='ltr'><strong>μου</strong></span> <span class='ocrx_word' id='word_1_136' title='bbox 1333 1606 1347 1622; x_wconf 83' lang='lat'><strong><em>°</em></strong></span> <span class='ocrx_word' id='word_1_137' title='bbox 1403 1609 1431 1643; x_wconf 61' lang='grc' dir='ltr'><strong><em>ω</em></strong></span> <span class='ocrx_word' id='word_1_138' title='bbox 1464 1587 1552 1643; x_wconf 86' lang='grc' dir='ltr'><strong>καὶ</strong></span> <span class='ocrx_word' id='word_1_139' title='bbox 1579 1586 1640 1642; x_wconf 88' lang='grc' dir='ltr'><strong>τό</strong></span> <span class='ocrx_word' id='word_1_140' title='bbox 1667 1602 1682 1618; x_wconf 86' lang='grc'><strong><em>⁸</em></strong></span> <span class='ocrx_word' id='word_1_141' title='bbox 1720 1603 1751 1645; x_wconf 84' lang='grc'><strong>(</strong></span> <span class='ocrx_word' id='word_1_142' title='bbox 1786 1587 1945 1664; x_wconf 80' lang='grc' dir='ltr'>Μερίς</span> 
     </span>
    </p>
   </div>
   <div class='ocr_carea' id='block_1_20' title="bbox 2031 428 3674 514">
    <p class='ocr_par' dir='ltr' id='par_1_20' title="bbox 2031 428 3674 514">
     <span class='ocr_line' id='line_1_20' title="bbox 2031 428 3674 514; baseline 0.002 -21"><span class='ocrx_word' id='word_1_143' title='bbox 2031 430 2265 514; x_wconf 88' lang='lat' dir='ltr'><strong>quando</strong></span> <span class='ocrx_word' id='word_1_144' title='bbox 2278 428 2517 511; x_wconf 90' lang='lat' dir='ltr'><strong>quidem</strong></span> <span class='ocrx_word' id='word_1_145' title='bbox 2532 431 2744 493; x_wconf 91' lang='lat' dir='ltr'><strong>necilli</strong></span> <span class='ocrx_word' id='word_1_146' title='bbox 2767 432 2904 514; x_wconf 90' lang='lat' dir='ltr'><strong>ipsi,</strong></span> <span class='ocrx_word' id='word_1_147' title='bbox 2931 431 3409 514; x_wconf 88' lang='lat' dir='ltr'><strong>quiceciderant,</strong></span> <span class='ocrx_word' id='word_1_148' title='bbox 3434 428 3674 497; x_wconf 84' lang='lat' dir='ltr'><strong>causam</strong></span> 
     </span>
    </p>
   </div>
   <div class='ocr_carea' id='block_1_21' title="bbox 2031 519 3677 603">
    <p class='ocr_par' dir='ltr' id='par_1_21' title="bbox 2031 519 3677 603">
     <span class='ocr_line' id='line_1_21' title="bbox 2031 519 3677 603; baseline 0.002 -22"><span class='ocrx_word' id='word_1_149' title='bbox 2031 527 2262 592; x_wconf 88' lang='lat' dir='ltr'><strong>norant,</strong></span> <span class='ocrx_word' id='word_1_150' title='bbox 2312 538 2418 582; x_wconf 87' lang='lat' dir='ltr'><strong>cur</strong></span> <span class='ocrx_word' id='word_1_151' title='bbox 2456 519 2841 595; x_wconf 80' lang='lat' dir='ltr'><strong>cecidissent,</strong></span> <span class='ocrx_word' id='word_1_152' title='bbox 2874 522 2989 583; x_wconf 88' lang='lat' dir='ltr'><strong>nisi</strong></span> <span class='ocrx_word' id='word_1_153' title='bbox 3023 520 3239 603; x_wconf 86' lang='lat' dir='ltr'><strong>quibus</strong></span> <span class='ocrx_word' id='word_1_154' title='bbox 3269 521 3399 602; x_wconf 89' lang='lat' dir='ltr'><strong>ipse</strong></span> <span class='ocrx_word' id='word_1_155' title='bbox 3427 541 3677 600; x_wconf 81' lang='lat' dir='ltr'><strong>magnus</strong></span> 
     </span>
    </p>
   </div>
   <div class='ocr_carea' id='block_1_22' title="bbox 2030 608 3677 691">
    <p class='ocr_par' dir='ltr' id='par_1_22' title="bbox 2030 608 3677 691">
     <span class='ocr_line' id='line_1_22' title="bbox 2030 608 3677 691; baseline 0.001 -20"><span class='ocrx_word' id='word_1_156' title='bbox 2030 611 2203 671; x_wconf 89' lang='lat' dir='ltr'><strong>Pater</strong></span> <span class='ocrx_word' id='word_1_157' title='bbox 2222 608 2441 670; x_wconf 83' lang='lat' dir='ltr'><strong>detexit</strong></span> <span class='ocrx_word' id='word_1_158' title='bbox 2468 627 2773 674; x_wconf 91' lang='lat' dir='ltr'><strong>arcanum.</strong></span> <span class='ocrx_word' id='word_1_159' title='bbox 2808 609 3169 675; x_wconf 90' lang='lat' dir='ltr'><strong>Obtulerunt</strong></span> <span class='ocrx_word' id='word_1_160' title='bbox 3198 609 3437 691; x_wconf 89' lang='lat' dir='ltr'><strong>quidam</strong></span> <span class='ocrx_word' id='word_1_161' title='bbox 3470 619 3677 673; x_wconf 89' lang='lat' dir='ltr'><strong>sancta</strong></span> 
     </span>
    </p>
   </div>
   <div class='ocr_carea' id='block_1_23' title="bbox 2030 697 3674 779">
    <p class='ocr_par' dir='ltr' id='par_1_23' title="bbox 2030 697 3674 779">
     <span class='ocr_line' id='line_1_23' title="bbox 2030 697 3674 779; baseline 0.001 -20"><span class='ocrx_word' id='word_1_162' title='bbox 2030 697 2178 759; x_wconf 82' lang='lat' dir='ltr'><strong>feria</strong></span> <span class='ocrx_word' id='word_1_163' title='bbox 2207 698 2411 778; x_wconf 91' lang='lat' dir='ltr'><strong>quinta</strong></span> <span class='ocrx_word' id='word_1_164' title='bbox 2444 697 2679 761; x_wconf 83' lang='lat' dir='ltr'><strong>Paschae</strong></span> <span class='ocrx_word' id='word_1_165' title='bbox 2728 701 3088 762; x_wconf 90' lang='lat' dir='ltr'><strong>monasterio</strong></span> <span class='ocrx_word' id='word_1_166' title='bbox 3120 699 3359 761; x_wconf 83' lang='lat' dir='ltr'><strong>corbem</strong></span> <span class='ocrx_word' id='word_1_167' title='bbox 3393 699 3674 779; x_wconf 84' lang='lat' dir='ltr'><strong>egregio-</strong></span> 
     </span>
    </p>
   </div>
   <div class='ocr_carea' id='block_1_24' title="bbox 2029 779 3673 860">
    <p class='ocr_par' dir='ltr' id='par_1_24' title="bbox 2029 779 3673 860">
     <span class='ocr_line' id='line_1_24' title="bbox 2029 779 3673 860; baseline 0.001 -20"><span class='ocrx_word' id='word_1_168' title='bbox 2029 796 2163 840; x_wconf 85' lang='lat' dir='ltr'><strong>rum</strong></span> <span class='ocrx_word' id='word_1_169' title='bbox 2209 785 2268 839; x_wconf 92' lang='lat' dir='ltr'><strong>et</strong></span> <span class='ocrx_word' id='word_1_170' title='bbox 2317 795 2663 855; x_wconf 78' lang='lat' dir='ltr'><strong>magnorum</strong></span> <span class='ocrx_word' id='word_1_171' title='bbox 2714 779 2967 859; x_wconf 89' lang='lat' dir='ltr'><strong>piscium</strong></span> <span class='ocrx_word' id='word_1_172' title='bbox 3020 780 3279 860; x_wconf 87' lang='lat' dir='ltr'><strong>plenam,</strong></span> <span class='ocrx_word' id='word_1_173' title='bbox 3330 786 3397 839; x_wconf 87' lang='lat' dir='ltr'><strong>ut</strong></span> <span class='ocrx_word' id='word_1_174' title='bbox 3437 780 3673 842; x_wconf 91' lang='lat' dir='ltr'><strong>modico</strong></span> 
     </span>
    </p>
   </div>
   <div class='ocr_carea' id='block_1_25' title="bbox 2024 865 3675 948">
    <p class='ocr_par' dir='ltr' id='par_1_25' title="bbox 2024 865 3675 948">
     <span class='ocr_line' id='line_1_25' title="bbox 2024 865 3675 948; baseline 0.002 -22"><span class='ocrx_word' id='word_1_175' title='bbox 2024 865 2401 928; x_wconf 75' lang='lat' dir='ltr'><strong>afﬁcerentur</strong></span> <span class='ocrx_word' id='word_1_176' title='bbox 2415 865 2720 946; x_wconf 85' lang='lat' dir='ltr'><strong>refrigerio</strong></span> <span class='ocrx_word' id='word_1_177' title='bbox 2733 866 2964 941; x_wconf 79' lang='lat' dir='ltr'><strong>fratres,</strong></span> <span class='ocrx_word' id='word_1_178' title='bbox 2988 866 3264 929; x_wconf 92' lang='lat' dir='ltr'><strong>diuturno</strong></span> <span class='ocrx_word' id='word_1_179' title='bbox 3276 885 3344 929; x_wconf 90' lang='lat' dir='ltr'><strong>ac</strong></span> <span class='ocrx_word' id='word_1_180' title='bbox 3374 865 3558 929; x_wconf 90' lang='lat' dir='ltr'><strong>nimio</strong></span> <span class='ocrx_word' id='word_1_181' title='bbox 3580 867 3675 948; x_wconf 88' lang='lat' dir='ltr'><strong>je-</strong></span> 
     </span>
    </p>
   </div>
   <div class='ocr_carea' id='block_1_26' title="bbox 2019 953 3673 1037">
    <p class='ocr_par' dir='ltr' id='par_1_26' title="bbox 2019 953 3673 1037">
     <span class='ocr_line' id='line_1_26' title="bbox 2019 953 3673 1037; baseline 0.003 -23"><span class='ocrx_word' id='word_1_182' title='bbox 2019 953 2192 1033; x_wconf 90' lang='lat' dir='ltr'><strong>junio</strong></span> <span class='ocrx_word' id='word_1_183' title='bbox 2220 954 2470 1017; x_wconf 84' lang='lat' dir='ltr'><strong>confecti</strong></span> <span class='ocrx_word' id='word_1_184' title='bbox 2496 974 2511 1016; x_wconf 91' lang='lat'><strong>:</strong></span> <span class='ocrx_word' id='word_1_185' title='bbox 2545 961 2602 1016; x_wconf 90' lang='lat' dir='ltr'><strong>et</strong></span> <span class='ocrx_word' id='word_1_186' title='bbox 2623 973 2761 1017; x_wconf 90' lang='lat' dir='ltr'><strong>eum</strong></span> <span class='ocrx_word' id='word_1_187' title='bbox 2780 955 3023 1018; x_wconf 84' lang='lat' dir='ltr'><strong>vidisset</strong></span> <span class='ocrx_word' id='word_1_188' title='bbox 3048 956 3182 1018; x_wconf 92' lang='lat' dir='ltr'><strong>illos</strong></span> <span class='ocrx_word' id='word_1_189' title='bbox 3201 953 3397 1031; x_wconf 86' lang='lat' dir='ltr'><strong>Pater,</strong></span> <span class='ocrx_word' id='word_1_190' title='bbox 3422 974 3673 1037; x_wconf 88' lang='lat' dir='ltr'><strong>conspe-</strong></span> 
     </span>
    </p>
   </div>
   <div class='ocr_carea' id='block_1_27' title="bbox 2028 1041 3673 1125">
    <p class='ocr_par' dir='ltr' id='par_1_27' title="bbox 2028 1041 3673 1125">
     <span class='ocr_line' id='line_1_27' title="bbox 2028 1041 3673 1125; baseline 0.003 -23"><span class='ocrx_word' id='word_1_191' title='bbox 2028 1041 2139 1103; x_wconf 90' lang='lat' dir='ltr'><strong>ctis</strong></span> <span class='ocrx_word' id='word_1_192' title='bbox 2168 1042 2431 1122; x_wconf 86' lang='lat' dir='ltr'><strong>piscibus</strong></span> <span class='ocrx_word' id='word_1_193' title='bbox 2461 1042 2674 1105; x_wconf 85' lang='lat' dir='ltr'><strong>leviter</strong></span> <span class='ocrx_word' id='word_1_194' title='bbox 2720 1043 3076 1106; x_wconf 86' lang='lat' dir='ltr'><strong>exhilaratos</strong></span> <span class='ocrx_word' id='word_1_195' title='bbox 3130 1043 3401 1125; x_wconf 82' lang='lat' dir='ltr'><strong>permisit</strong></span> <span class='ocrx_word' id='word_1_196' title='bbox 3428 1043 3673 1125; x_wconf 85' lang='lat' dir='ltr'><strong>quidem</strong></span> 
     </span>
    </p>
   </div>
   <div class='ocr_carea' id='block_1_28' title="bbox 2027 1129 3670 1212">
    <p class='ocr_par' dir='ltr' id='par_1_28' title="bbox 2027 1129 3670 1212">
     <span class='ocr_line' id='line_1_28' title="bbox 2027 1129 3670 1212; baseline 0.002 -22"><span class='ocrx_word' id='word_1_197' title='bbox 2027 1129 2400 1211; x_wconf 89' lang='lat' dir='ltr'><strong>desquamari</strong></span> <span class='ocrx_word' id='word_1_198' title='bbox 2430 1130 2645 1211; x_wconf 87' lang='lat' dir='ltr'><strong>pisces,</strong></span> <span class='ocrx_word' id='word_1_199' title='bbox 2668 1131 2849 1194; x_wconf 84' lang='lat' dir='ltr'><strong>lavari</strong></span> <span class='ocrx_word' id='word_1_200' title='bbox 2870 1140 2928 1194; x_wconf 92' lang='lat' dir='ltr'><strong>et</strong></span> <span class='ocrx_word' id='word_1_201' title='bbox 2952 1132 3025 1194; x_wconf 89' lang='lat' dir='ltr'><strong>ad</strong></span> <span class='ocrx_word' id='word_1_202' title='bbox 3049 1133 3430 1212; x_wconf 86' lang='lat' dir='ltr'><strong>coquendum</strong></span> <span class='ocrx_word' id='word_1_203' title='bbox 3450 1132 3670 1212; x_wconf 88' lang='lat' dir='ltr'><strong>parari,</strong></span> 
     </span>
    </p>
   </div>
   <div class='ocr_carea' id='block_1_29' title="bbox 2026 1214 3674 1284">
    <p class='ocr_par' dir='ltr' id='par_1_29' title="bbox 2026 1214 3674 1284">
     <span class='ocr_line' id='line_1_29' title="bbox 2026 1214 3674 1284; baseline 0.002 -5"><span class='ocrx_word' id='word_1_204' title='bbox 2026 1218 2130 1281; x_wconf 90' lang='lat' dir='ltr'><strong>sed</strong></span> <span class='ocrx_word' id='word_1_205' title='bbox 2157 1237 2365 1280; x_wconf 91' lang='lat' dir='ltr'><strong>omnes</strong></span> <span class='ocrx_word' id='word_1_206' title='bbox 2388 1214 2663 1282; x_wconf 88' lang='lat' dir='ltr'><strong>mendico</strong></span> <span class='ocrx_word' id='word_1_207' title='bbox 2688 1220 2923 1284; x_wconf 88' lang='lat' dir='ltr'><strong>cuidam</strong></span> <span class='ocrx_word' id='word_1_208' title='bbox 2942 1228 3081 1283; x_wconf 92' lang='lat' dir='ltr'><strong>tunc</strong></span> <span class='ocrx_word' id='word_1_209' title='bbox 3108 1239 3239 1282; x_wconf 91' lang='lat' dir='ltr'><strong>sese</strong></span> <span class='ocrx_word' id='word_1_210' title='bbox 3259 1220 3536 1282; x_wconf 78' lang='lat' dir='ltr'><strong>oﬁ‘erenti</strong></span> <span class='ocrx_word' id='word_1_211' title='bbox 3571 1220 3674 1282; x_wconf 90' lang='lat' dir='ltr'><strong>do-</strong></span> 
     </span>
    </p>
   </div>
   <div class='ocr_carea' id='block_1_30' title="bbox 2026 1306 3674 1388">
    <p class='ocr_par' dir='ltr' id='par_1_30' title="bbox 2026 1306 3674 1388">
     <span class='ocr_line' id='line_1_30' title="bbox 2026 1306 3674 1388; baseline 0.002 -21"><span class='ocrx_word' id='word_1_212' title='bbox 2026 1306 2205 1388; x_wconf 86' lang='lat' dir='ltr'><strong>navit,</strong></span> <span class='ocrx_word' id='word_1_213' title='bbox 2241 1325 2316 1369; x_wconf 90' lang='lat' dir='ltr'><strong>ne</strong></span> <span class='ocrx_word' id='word_1_214' title='bbox 2344 1326 2463 1368; x_wconf 91' lang='lat' dir='ltr'><strong>uno</strong></span> <span class='ocrx_word' id='word_1_215' title='bbox 2495 1308 2733 1388; x_wconf 74' lang='lat' dir='ltr'><strong>quidem</strong></span> <span class='ocrx_word' id='word_1_216' title='bbox 2782 1308 3015 1371; x_wconf 89' lang='lat' dir='ltr'><strong>relicto.</strong></span> <span class='ocrx_word' id='word_1_217' title='bbox 3069 1310 3154 1372; x_wconf 85' lang='lat' dir='ltr'><strong>Ita</strong></span> <span class='ocrx_word' id='word_1_218' title='bbox 3209 1309 3344 1370; x_wconf 86' lang='lat' dir='ltr'><strong>illos</strong></span> <span class='ocrx_word' id='word_1_219' title='bbox 3374 1308 3575 1370; x_wconf 89' lang='lat' dir='ltr'><strong>docuit</strong></span> <span class='ocrx_word' id='word_1_220' title='bbox 3602 1326 3674 1371; x_wconf 80' lang='lat' dir='ltr'><strong>ex</strong></span> 
     </span>
    </p>
   </div>
   <div class='ocr_carea' id='block_1_31' title="bbox 2025 1393 3673 1472">
    <p class='ocr_par' dir='ltr' id='par_1_31' title="bbox 2025 1393 3673 1472">
     <span class='ocr_line' id='line_1_31' title="bbox 2025 1393 3673 1472; baseline 0 -15"><span class='ocrx_word' id='word_1_221' title='bbox 2025 1395 2223 1457; x_wconf 90' lang='lat' dir='ltr'><strong>animo</strong></span> <span class='ocrx_word' id='word_1_222' title='bbox 2245 1414 2487 1459; x_wconf 88' lang='lat' dir='ltr'><strong>canere:</strong></span> <span class='ocrx_word' id='word_1_223' title='bbox 2516 1421 2543 1453; x_wconf 73' lang='grc' dir='ltr'><strong>α</strong></span> <span class='ocrx_word' id='word_1_224' title='bbox 2568 1397 2840 1472; x_wconf 89' lang='lat' dir='ltr'><strong>Domine,</strong></span> <span class='ocrx_word' id='word_1_225' title='bbox 2864 1406 2999 1460; x_wconf 88' lang='lat' dir='ltr'><strong>ante</strong></span> <span class='ocrx_word' id='word_1_226' title='bbox 3022 1404 3082 1459; x_wconf 89' lang='lat' dir='ltr'><strong>te</strong></span> <span class='ocrx_word' id='word_1_227' title='bbox 3103 1415 3279 1459; x_wconf 88' lang='lat' dir='ltr'><strong>omne</strong></span> <span class='ocrx_word' id='word_1_228' title='bbox 3303 1393 3673 1458; x_wconf 87' lang='lat' dir='ltr'><strong>desiderium</strong></span> 
     </span>
    </p>
   </div>
   <div class='ocr_carea' id='block_1_32' title="bbox 2030 1484 3671 1566">
    <p class='ocr_par' dir='ltr' id='par_1_32' title="bbox 2030 1484 3671 1566">
     <span class='ocr_line' id='line_1_32' title="bbox 2030 1484 3671 1566; baseline 0.001 -20"><span class='ocrx_word' id='word_1_229' title='bbox 2030 1502 2232 1546; x_wconf 90' lang='lat' dir='ltr'><strong>meum</strong></span> <span class='ocrx_word' id='word_1_230' title='bbox 2257 1486 2359 1566; x_wconf 73' lang='lat'><strong>33;</strong></span> <span class='ocrx_word' id='word_1_231' title='bbox 2408 1510 2436 1543; x_wconf 66' lang='grc' dir='ltr'><strong><em>ω</em></strong></span> <span class='ocrx_word' id='word_1_232' title='bbox 2477 1494 2572 1550; x_wconf 88' lang='lat' dir='ltr'><strong>et:</strong></span> <span class='ocrx_word' id='word_1_233' title='bbox 2608 1511 2635 1542; x_wconf 76' lang='grc' dir='ltr'><strong>α</strong></span> <span class='ocrx_word' id='word_1_234' title='bbox 2668 1486 2864 1549; x_wconf 91' lang='lat' dir='ltr'><strong>Portio</strong></span> <span class='ocrx_word' id='word_1_235' title='bbox 2896 1505 3053 1561; x_wconf 91' lang='lat' dir='ltr'><strong>mea,</strong></span> <span class='ocrx_word' id='word_1_236' title='bbox 3085 1486 3357 1560; x_wconf 84' lang='lat' dir='ltr'><strong>Domine,</strong></span> <span class='ocrx_word' id='word_1_237' title='bbox 3391 1492 3449 1546; x_wconf 91' lang='lat' dir='ltr'><strong>et</strong></span> <span class='ocrx_word' id='word_1_238' title='bbox 3478 1484 3671 1565; x_wconf 90' lang='lat' dir='ltr'><strong>portio</strong></span> 
     </span>
    </p>
   </div>
   <div class='ocr_carea' id='block_1_33' title="bbox 2033 1572 3673 1638">
    <p class='ocr_par' dir='ltr' id='par_1_33' title="bbox 2033 1572 3673 1638">
     <span class='ocr_line' id='line_1_33' title="bbox 2033 1572 3673 1638; baseline -0.001 -3"><span class='ocrx_word' id='word_1_239' title='bbox 2033 1573 2541 1638; x_wconf 55' lang='lat' dir='ltr'><strong>desiderabilis“.</strong></span> <span class='ocrx_word' id='word_1_240' title='bbox 2560 1601 2588 1632; x_wconf 72' lang='grc' dir='ltr'><strong>ι)</strong></span> <span class='ocrx_word' id='word_1_241' title='bbox 2615 1575 2716 1638; x_wconf 91' lang='lat' dir='ltr'><strong>Est</strong></span> <span class='ocrx_word' id='word_1_242' title='bbox 2740 1575 3066 1638; x_wconf 88' lang='lat' dir='ltr'><strong>oratorium</strong></span> <span class='ocrx_word' id='word_1_243' title='bbox 3084 1574 3146 1636; x_wconf 92' lang='lat' dir='ltr'><strong>in</strong></span> <span class='ocrx_word' id='word_1_244' title='bbox 3168 1592 3399 1636; x_wconf 88' lang='lat' dir='ltr'><strong>summa</strong></span> <span class='ocrx_word' id='word_1_245' title='bbox 3420 1572 3673 1635; x_wconf 83' lang='lat' dir='ltr'><strong>Rossani</strong></span> 
     </span>
    </p>
   </div>
   <div class='ocr_carea' id='block_1_34' title="bbox 293 1661 1940 1755">
    <p class='ocr_par' dir='ltr' id='par_1_34' title="bbox 293 1661 1939 1755">
     <span class='ocr_line' id='line_1_34' title="bbox 293 1661 1939 1755; baseline 0.002 -27"><span class='ocrx_word' id='word_1_246' title='bbox 293 1694 396 1744; x_wconf 77' lang='grc' dir='ltr'><strong>μου</strong></span> <span class='ocrx_word' id='word_1_247' title='bbox 444 1674 525 1748; x_wconf 77' lang='grc' dir='ltr'><strong>εἶ,</strong></span> <span class='ocrx_word' id='word_1_248' title='bbox 578 1676 759 1755; x_wconf 72' lang='grc' dir='ltr'>Κύριε,</span> <span class='ocrx_word' id='word_1_249' title='bbox 813 1677 927 1755; x_wconf 14' lang='grc' dir='ltr'>καὶ,</span> <span class='ocrx_word' id='word_1_250' title='bbox 959 1661 1155 1755; x_wconf 69' lang='grc' dir='ltr'>κλῆρος</span> <span class='ocrx_word' id='word_1_251' title='bbox 1202 1661 1553 1742; x_wconf 62' lang='grc' dir='ltr'><strong>⁷ἐπιπόθητος.</strong></span> <span class='ocrx_word' id='word_1_252' title='bbox 1588 1698 1617 1730; x_wconf 76' lang='grc' dir='ltr'>ιυ</span> <span class='ocrx_word' id='word_1_253' title='bbox 1653 1661 1939 1753; x_wconf 75' lang='grc' dir='ltr'>Εὖκτήριόν</span> 
     </span>
    </p>
   </div>
   <div class='ocr_carea' id='block_1_35' title="bbox 2030 1661 3669 1755">
    <p class='ocr_par' dir='ltr' id='par_1_35' title="bbox 2030 1661 3669 1755">
     <span class='ocr_line' id='line_1_35' title="bbox 2030 1661 3669 1755; baseline -0.001 -32"><span class='ocrx_word' id='word_1_254' title='bbox 2030 1669 2194 1743; x_wconf 90' lang='lat' dir='ltr'><strong>parte</strong></span> <span class='ocrx_word' id='word_1_255' title='bbox 2210 1664 2741 1755; x_wconf 65' lang='lat' dir='ltr'><strong>speciosissimum,</strong></span> <span class='ocrx_word' id='word_1_256' title='bbox 2761 1672 2981 1755; x_wconf 67' lang='lat' dir='ltr'><strong>sancta:</strong></span> <span class='ocrx_word' id='word_1_257' title='bbox 3006 1661 3669 1755; x_wconf 69' lang='lat' dir='ltr'><strong>Anastas_iat_(_36)_dica-</strong></span> 
     </span>
    </p>
   </div>
   <div class='ocr_carea' id='block_1_36' title="bbox 287 1754 1944 1844">
    <p class='ocr_par' dir='ltr' id='par_1_36' title="bbox 287 1754 1944 1844">
     <span class='ocr_line' id='line_1_36' title="bbox 287 1754 1944 1844; baseline 0.003 -32"><span class='ocrx_word' id='word_1_258' title='bbox 287 1755 435 1814; x_wconf 80' lang='grc' dir='ltr'>ἐστιν</span> <span class='ocrx_word' id='word_1_259' title='bbox 465 1760 522 1816; x_wconf 78' lang='grc' dir='ltr'>ἐν</span> <span class='ocrx_word' id='word_1_260' title='bbox 579 1754 665 1836; x_wconf 77' lang='grc' dir='ltr'><strong>τῷ</strong></span> <span class='ocrx_word' id='word_1_261' title='bbox 713 1754 860 1842; x_wconf 70' lang='grc' dir='ltr'>ἄκρῳ</span> <span class='ocrx_word' id='word_1_262' title='bbox 915 1754 1181 1823; x_wconf 63' lang='grc' dir='ltr'><strong>εΡυσιάνοο</strong></span> <span class='ocrx_word' id='word_1_263' title='bbox 1231 1763 1580 1844; x_wconf 73' lang='grc' dir='ltr'>τερπνότατον</span> <span class='ocrx_word' id='word_1_264' title='bbox 1609 1760 1695 1818; x_wconf 78' lang='grc' dir='ltr'><strong>ἐπ’</strong></span> <span class='ocrx_word' id='word_1_265' title='bbox 1725 1762 1944 1837; x_wconf 86' lang='grc' dir='ltr'>ὀνόματι</span> 
     </span>
    </p>
   </div>
   <div class='ocr_carea' id='block_1_37' title="bbox 282 1846 1945 1931">
    <p class='ocr_par' dir='ltr' id='par_1_37' title="bbox 282 1846 1945 1931">
     <span class='ocr_line' id='line_1_37' title="bbox 282 1846 1945 1931; baseline -0.002 -23"><span class='ocrx_word' id='word_1_266' title='bbox 282 1850 387 1912; x_wconf 74' lang='grc' dir='ltr'>τῆς</span> <span class='ocrx_word' id='word_1_267' title='bbox 446 1848 611 1926; x_wconf 72' lang='grc' dir='ltr'>ἆγῖας</span> <span class='ocrx_word' id='word_1_268' title='bbox 667 1846 1043 1931; x_wconf 83' lang='grc' dir='ltr'>Ἀναστασίας,</span> <span class='ocrx_word' id='word_1_269' title='bbox 1094 1852 1298 1908; x_wconf 77' lang='grc' dir='ltr'>κτισθὲν</span> <span class='ocrx_word' id='word_1_270' title='bbox 1345 1851 1446 1926; x_wconf 76' lang='grc' dir='ltr'>μὲν</span> <span class='ocrx_word' id='word_1_271' title='bbox 1500 1851 1603 1906; x_wconf 82' lang='grc' dir='ltr'><strong>ὑπὸ</strong></span> <span class='ocrx_word' id='word_1_272' title='bbox 1659 1846 1945 1928; x_wconf 76' lang='grc' dir='ltr'>Εὒπραξίου</span> 
     </span>
    </p>
   </div>
   <div class='ocr_carea' id='block_1_38' title="bbox 286 1935 1946 2019">
    <p class='ocr_par' dir='ltr' id='par_1_38' title="bbox 286 1935 1946 2019">
     <span class='ocr_line' id='line_1_38' title="bbox 286 1935 1946 2019; baseline 0.002 -30"><span class='ocrx_word' id='word_1_273' title='bbox 286 1941 385 1990; x_wconf 68' lang='grc' dir='ltr'>τώ</span> <span class='ocrx_word' id='word_1_274' title='bbox 439 1935 745 2013; x_wconf 79' lang='grc' dir='ltr'>βασιλικοῦ,</span> <span class='ocrx_word' id='word_1_275' title='bbox 801 1949 980 2018; x_wconf 76' lang='grc' dir='ltr'>κριτοῦ</span> <span class='ocrx_word' id='word_1_276' title='bbox 1022 1940 1302 2019; x_wconf 81' lang='grc' dir='ltr'>γεγονότος</span> <span class='ocrx_word' id='word_1_277' title='bbox 1348 1936 1571 2003; x_wconf 80' lang='grc' dir='ltr'>Ἰταλίας</span> <span class='ocrx_word' id='word_1_278' title='bbox 1625 1939 1713 1995; x_wconf 86' lang='grc' dir='ltr'><strong>καὶ</strong></span> <span class='ocrx_word' id='word_1_279' title='bbox 1760 1936 1946 1996; x_wconf 82' lang='grc' dir='ltr'>Καλα-</span> 
     </span>
    </p>
   </div>
   <div class='ocr_carea' id='block_1_39' title="bbox 289 2019 1940 2108">
    <p class='ocr_par' dir='ltr' id='par_1_39' title="bbox 289 2019 1940 2108">
     <span class='ocr_line' id='line_1_39' title="bbox 289 2019 1940 2108; baseline 0 -21"><span class='ocrx_word' id='word_1_280' title='bbox 289 2019 441 2100; x_wconf 63' lang='grc' dir='ltr'>ἕρεις</span> <span class='ocrx_word' id='word_1_281' title='bbox 464 2069 481 2097; x_wconf 85' lang='grc'><em>,</em></span> <span class='ocrx_word' id='word_1_282' title='bbox 584 2028 981 2107; x_wconf 70' lang='grc' dir='ltr'>φροντιστήριον</span> <span class='ocrx_word' id='word_1_283' title='bbox 1079 2026 1135 2084; x_wconf 78' lang='grc' dir='ltr'><strong>δὲ</strong></span> <span class='ocrx_word' id='word_1_284' title='bbox 1219 2032 1557 2108; x_wconf 82' lang='grc' dir='ltr'>χρηματίσαν</span> <span class='ocrx_word' id='word_1_285' title='bbox 1648 2024 1940 2106; x_wconf 85' lang='grc' dir='ltr'>παρθένων.</span> 
     </span>
    </p>
   </div>
   <div class='ocr_carea' id='block_1_40' title="bbox 290 2114 1945 2195">
    <p class='ocr_par' dir='ltr' id='par_1_40' title="bbox 290 2114 1945 2195">
     <span class='ocr_line' id='line_1_40' title="bbox 290 2114 1945 2195; baseline 0.001 -27"><span class='ocrx_word' id='word_1_286' title='bbox 290 2114 495 2172; x_wconf 56' lang='lat' dir='ltr'><strong>Talem</strong></span> <span class='ocrx_word' id='word_1_287' title='bbox 545 2115 650 2182; x_wconf 74' lang='grc' dir='ltr'>τὴν</span> <span class='ocrx_word' id='word_1_288' title='bbox 712 2116 1031 2195; x_wconf 74' lang='grc' dir='ltr'>προστασίαν</span> <span class='ocrx_word' id='word_1_289' title='bbox 1082 2116 1357 2183; x_wconf 79' lang='grc' dir='ltr'>ἐπιστεύθη</span> <span class='ocrx_word' id='word_1_290' title='bbox 1405 2115 1548 2195; x_wconf 75' lang='grc' dir='ltr'>παρὰ</span> <span class='ocrx_word' id='word_1_291' title='bbox 1592 2122 1686 2173; x_wconf 79' lang='grc' dir='ltr'><strong>τοῦ</strong></span> <span class='ocrx_word' id='word_1_292' title='bbox 1728 2115 1945 2194; x_wconf 75' lang='grc' dir='ltr'>Εὗπρα-</span> 
     </span>
    </p>
   </div>
   <div class='ocr_carea' id='block_1_41' title="bbox 288 2196 1943 2280">
    <p class='ocr_par' dir='ltr' id='par_1_41' title="bbox 288 2196 1943 2280">
     <span class='ocr_line' id='line_1_41' title="bbox 288 2196 1943 2280; baseline -0.004 -16"><span class='ocrx_word' id='word_1_293' title='bbox 288 2196 398 2264; x_wconf 74' lang='grc' dir='ltr'>ξίου</span> <span class='ocrx_word' id='word_1_294' title='bbox 498 2200 651 2268; x_wconf 76' lang='grc' dir='ltr'>ὄντος</span> <span class='ocrx_word' id='word_1_295' title='bbox 745 2204 800 2260; x_wconf 83' lang='grc' dir='ltr'>ἐν</span> <span class='ocrx_word' id='word_1_296' title='bbox 892 2202 1438 2264; x_wconf 80' lang='grc' dir='ltr'>Κωνσταντινουπόλει</span> <span class='ocrx_word' id='word_1_297' title='bbox 1535 2204 1774 2280; x_wconf 85' lang='grc' dir='ltr'>μοναψός</span> <span class='ocrx_word' id='word_1_298' title='bbox 1860 2225 1943 2267; x_wconf 86' lang='grc' dir='ltr'><strong>τις</strong></span> 
     </span>
    </p>
   </div>
   <div class='ocr_carea' id='block_1_42' title="bbox 291 2285 1945 2374">
    <p class='ocr_par' dir='ltr' id='par_1_42' title="bbox 291 2285 1945 2374">
     <span class='ocr_line' id='line_1_42' title="bbox 291 2285 1945 2374; baseline 0.002 -29"><span class='ocrx_word' id='word_1_299' title='bbox 291 2285 583 2355; x_wconf 77' lang='grc' dir='ltr'>Ἀντώνιος</span> <span class='ocrx_word' id='word_1_300' title='bbox 634 2298 711 2368; x_wconf 80' lang='grc' dir='ltr'>τῷ</span> <span class='ocrx_word' id='word_1_301' title='bbox 766 2293 987 2368; x_wconf 83' lang='grc' dir='ltr'>ὀνόματι</span> <span class='ocrx_word' id='word_1_302' title='bbox 1020 2314 1039 2334; x_wconf 80' lang='grc' dir='ltr'><strong>ο</strong></span> <span class='ocrx_word' id='word_1_303' title='bbox 1100 2295 1157 2357; x_wconf 84' lang='grc' dir='ltr'>ὃς</span> <span class='ocrx_word' id='word_1_304' title='bbox 1214 2294 1509 2374; x_wconf 82' lang='grc' dir='ltr'>χρημάτων</span> <span class='ocrx_word' id='word_1_305' title='bbox 1559 2290 1771 2372; x_wconf 81' lang='grc' dir='ltr'>ὑπάρξει</span> <span class='ocrx_word' id='word_1_306' title='bbox 1799 2313 1945 2371; x_wconf 86' lang='grc' dir='ltr'>περι-</span> 
     </span>
    </p>
   </div>
   <div class='ocr_carea' id='block_1_43' title="bbox 293 2379 1940 2460">
    <p class='ocr_par' dir='ltr' id='par_1_43' title="bbox 293 2379 1940 2460">
     <span class='ocr_line' id='line_1_43' title="bbox 293 2379 1940 2460; baseline 0.004 -27"><span class='ocrx_word' id='word_1_307' title='bbox 293 2379 618 2458; x_wconf 72' lang='grc' dir='ltr'>ερχόμενος,</span> <span class='ocrx_word' id='word_1_308' title='bbox 690 2382 779 2438; x_wconf 82' lang='grc' dir='ltr'><strong>καὶ</strong></span> <span class='ocrx_word' id='word_1_309' title='bbox 845 2383 948 2439; x_wconf 76' lang='grc' dir='ltr'><strong>ὑπὸ</strong></span> <span class='ocrx_word' id='word_1_310' title='bbox 1016 2389 1111 2440; x_wconf 78' lang='grc' dir='ltr'><strong>τοῦ</strong></span> <span class='ocrx_word' id='word_1_311' title='bbox 1179 2383 1399 2440; x_wconf 81' lang='grc' dir='ltr'>θανάτου</span> <span class='ocrx_word' id='word_1_312' title='bbox 1473 2380 1940 2460; x_wconf 76' lang='grc' dir='ltr'>κατεπειγόμενος,</span> 
     </span>
    </p>
   </div>
   <div class='ocr_carea' id='block_1_44' title="bbox 290 2468 1943 2553">
    <p class='ocr_par' dir='ltr' id='par_1_44' title="bbox 290 2468 1943 2553">
     <span class='ocr_line' id='line_1_44' title="bbox 290 2468 1943 2553; baseline 0.001 -28"><span class='ocrx_word' id='word_1_313' title='bbox 290 2468 637 2546; x_wconf 70' lang='grc' dir='ltr'>ὑφορώμενος</span> <span class='ocrx_word' id='word_1_314' title='bbox 729 2473 791 2528; x_wconf 82' lang='grc' dir='ltr'>τὸ</span> <span class='ocrx_word' id='word_1_315' title='bbox 886 2479 993 2530; x_wconf 81' lang='grc' dir='ltr'><strong>τῶν</strong></span> <span class='ocrx_word' id='word_1_316' title='bbox 1090 2472 1347 2553; x_wconf 85' lang='grc' dir='ltr'>ἆρχόντον</span> <span class='ocrx_word' id='word_1_317' title='bbox 1447 2471 1769 2553; x_wconf 69' lang='grc' dir='ltr'>εὒᾴρπακτον</span> <span class='ocrx_word' id='word_1_318' title='bbox 1854 2471 1943 2527; x_wconf 83' lang='grc' dir='ltr'>καὶ</span> 
     </span>
    </p>
   </div>
   <div class='ocr_carea' id='block_1_45' title="bbox 292 2557 1940 2640">
    <p class='ocr_par' dir='ltr' id='par_1_45' title="bbox 292 2557 1940 2640">
     <span class='ocr_line' id='line_1_45' title="bbox 292 2557 1940 2640; baseline 0.002 -28"><span class='ocrx_word' id='word_1_319' title='bbox 292 2557 599 2637; x_wconf 66' lang='grc' dir='ltr'>ὠρόφιστον</span> <span class='ocrx_word' id='word_1_320' title='bbox 628 2606 646 2634; x_wconf 93' lang='grc'><strong>,</strong></span> <span class='ocrx_word' id='word_1_321' title='bbox 730 2560 815 2617; x_wconf 76' lang='grc' dir='ltr'>ἐπὶ</span> <span class='ocrx_word' id='word_1_322' title='bbox 901 2563 991 2619; x_wconf 81' lang='grc' dir='ltr'>τὸν</span> <span class='ocrx_word' id='word_1_323' title='bbox 1084 2560 1271 2619; x_wconf 74' lang='grc' dir='ltr'>ἄσυλον</span> <span class='ocrx_word' id='word_1_324' title='bbox 1361 2561 1556 2640; x_wconf 76' lang='grc' dir='ltr'>μύργον</span> <span class='ocrx_word' id='word_1_325' title='bbox 1624 2560 1940 2640; x_wconf 79' lang='grc' dir='ltr'>καταφεύγει</span> 
     </span>
    </p>
   </div>
   <div class='ocr_carea' id='block_1_46' title="bbox 294 2645 1943 2724">
    <p class='ocr_par' dir='ltr' id='par_1_46' title="bbox 294 2645 1943 2724">
     <span class='ocr_line' id='line_1_46' title="bbox 294 2645 1943 2724; baseline 0.004 -25"><span class='ocrx_word' id='word_1_326' title='bbox 294 2645 505 2724; x_wconf 81' lang='grc' dir='ltr'>Πατέρα</span> <span class='ocrx_word' id='word_1_327' title='bbox 557 2649 653 2705; x_wconf 79' lang='grc' dir='ltr'>τὸν</span> <span class='ocrx_word' id='word_1_328' title='bbox 714 2648 858 2707; x_wconf 79' lang='grc' dir='ltr'>ὅσιον</span> <span class='ocrx_word' id='word_1_329' title='bbox 891 2664 906 2679; x_wconf 83' lang='grc'><strong>⁸</strong></span> <span class='ocrx_word' id='word_1_330' title='bbox 966 2651 1056 2707; x_wconf 83' lang='grc' dir='ltr'><strong>καὶ</strong></span> <span class='ocrx_word' id='word_1_331' title='bbox 1123 2660 1307 2711; x_wconf 78' lang='grc' dir='ltr'>τοῦτον</span> <span class='ocrx_word' id='word_1_332' title='bbox 1356 2650 1568 2707; x_wconf 81' lang='grc' dir='ltr'>πάντων</span> <span class='ocrx_word' id='word_1_333' title='bbox 1622 2654 1728 2705; x_wconf 81' lang='grc' dir='ltr'>τῶν</span> <span class='ocrx_word' id='word_1_334' title='bbox 1786 2652 1943 2708; x_wconf 67' lang='grc' dir='ltr'><strong>αἶ)τοῦ</strong></span> 
     </span>
    </p>
   </div>
   <div class='ocr_carea' id='block_1_47' title="bbox 290 2735 1941 2819">
    <p class='ocr_par' dir='ltr' id='par_1_47' title="bbox 290 2735 1941 2819">
     <span class='ocr_line' id='line_1_47' title="bbox 290 2735 1941 2819; baseline 0.004 -31"><span class='ocrx_word' id='word_1_335' title='bbox 290 2735 636 2806; x_wconf 75' lang='grc' dir='ltr'>καταστήσας</span> <span class='ocrx_word' id='word_1_336' title='bbox 733 2737 1034 2819; x_wconf 75' lang='grc' dir='ltr'>ἐπίτροπον,</span> <span class='ocrx_word' id='word_1_337' title='bbox 1124 2738 1263 2797; x_wconf 59' lang='grc' dir='ltr'>οὕτω</span> <span class='ocrx_word' id='word_1_338' title='bbox 1348 2737 1533 2796; x_wconf 82' lang='grc' dir='ltr'>λοιπὸν</span> <span class='ocrx_word' id='word_1_339' title='bbox 1619 2737 1941 2818; x_wconf 68' lang='grc' dir='ltr'>ἀφρονεστως</span> 
     </span>
    </p>
   </div>
   <div class='ocr_carea' id='block_1_48' title="bbox 291 2821 690 2919">
    <p class='ocr_par' dir='ltr' id='par_1_48' title="bbox 291 2821 690 2919">
     <span class='ocr_line' id='line_1_48' title="bbox 291 2821 690 2919; baseline 0.018 -40"><span class='ocrx_word' id='word_1_340' title='bbox 291 2821 690 2919; x_wconf 65' lang='grc' dir='ltr'>τετέλευτηκεν.</span> 
     </span>
    </p>
   </div>
   <div class='ocr_carea' id='block_1_49' title="bbox 2032 1749 3673 1835">
    <p class='ocr_par' dir='ltr' id='par_1_49' title="bbox 2032 1749 3673 1835">
     <span class='ocr_line' id='line_1_49' title="bbox 2032 1749 3673 1835; baseline 0.001 -24"><span class='ocrx_word' id='word_1_341' title='bbox 2032 1759 2178 1826; x_wconf 90' lang='lat' dir='ltr'><strong>tum,</strong></span> <span class='ocrx_word' id='word_1_342' title='bbox 2201 1750 2273 1813; x_wconf 91' lang='lat' dir='ltr'><strong>ab</strong></span> <span class='ocrx_word' id='word_1_343' title='bbox 2296 1751 2590 1833; x_wconf 82' lang='lat' dir='ltr'><strong>Eupraxio</strong></span> <span class='ocrx_word' id='word_1_344' title='bbox 2613 1753 2906 1834; x_wconf 89' lang='lat' dir='ltr'><strong>imperiali</strong></span> <span class='ocrx_word' id='word_1_345' title='bbox 2929 1751 3227 1835; x_wconf 84' lang='lat' dir='ltr'><strong>quondam</strong></span> <span class='ocrx_word' id='word_1_346' title='bbox 3244 1751 3452 1831; x_wconf 86' lang='lat' dir='ltr'><strong>judice</strong></span> <span class='ocrx_word' id='word_1_347' title='bbox 3489 1749 3673 1814; x_wconf 70' lang='lat' dir='ltr'><strong>ltaliaa</strong></span> 
     </span>
    </p>
   </div>
   <div class='ocr_carea' id='block_1_50' title="bbox 2029 1839 3668 1924">
    <p class='ocr_par' dir='ltr' id='par_1_50' title="bbox 2029 1839 3668 1924">
     <span class='ocr_line' id='line_1_50' title="bbox 2029 1839 3668 1924; baseline -0.001 -23"><span class='ocrx_word' id='word_1_348' title='bbox 2029 1847 2088 1901; x_wconf 91' lang='lat' dir='ltr'><strong>et</strong></span> <span class='ocrx_word' id='word_1_349' title='bbox 2134 1839 2423 1903; x_wconf 79' lang='lat' dir='ltr'><strong>Calabriae</strong></span> <span class='ocrx_word' id='word_1_350' title='bbox 2479 1842 2930 1924; x_wconf 70' lang='lat' dir='ltr'><strong>exaediﬁcatum,</strong></span> <span class='ocrx_word' id='word_1_351' title='bbox 2982 1841 3138 1923; x_wconf 90' lang='lat' dir='ltr'><strong>quod</strong></span> <span class='ocrx_word' id='word_1_352' title='bbox 3183 1848 3389 1922; x_wconf 88' lang='lat' dir='ltr'><strong>postea</strong></span> <span class='ocrx_word' id='word_1_353' title='bbox 3432 1856 3668 1901; x_wconf 88' lang='lat' dir='ltr'><strong>sacrum</strong></span> 
     </span>
    </p>
   </div>
   <div class='ocr_carea' id='block_1_51' title="bbox 2026 1926 3672 2010">
    <p class='ocr_par' dir='ltr' id='par_1_51' title="bbox 2026 1926 3672 2010">
     <span class='ocr_line' id='line_1_51' title="bbox 2026 1926 3672 2010; baseline -0.002 -20"><span class='ocrx_word' id='word_1_354' title='bbox 2026 1929 2245 1993; x_wconf 81' lang='lat' dir='ltr'><strong>exstitit</strong></span> <span class='ocrx_word' id='word_1_355' title='bbox 2279 1931 2454 1992; x_wconf 91' lang='lat' dir='ltr'><strong>etiam</strong></span> <span class='ocrx_word' id='word_1_356' title='bbox 2488 1930 2854 1994; x_wconf 91' lang='lat' dir='ltr'><strong>domicilium</strong></span> <span class='ocrx_word' id='word_1_357' title='bbox 2898 1930 3222 2010; x_wconf 76' lang='lat' dir='ltr'><strong>virginum.</strong></span> <span class='ocrx_word' id='word_1_358' title='bbox 3275 1928 3471 2008; x_wconf 83' lang='lat' dir='ltr'><strong>Hujus</strong></span> <span class='ocrx_word' id='word_1_359' title='bbox 3517 1926 3672 1988; x_wconf 87' lang='lat' dir='ltr'><strong>sacri</strong></span> 
     </span>
    </p>
   </div>
   <div class='ocr_carea' id='block_1_52' title="bbox 2025 2014 3671 2097">
    <p class='ocr_par' dir='ltr' id='par_1_52' title="bbox 2025 2014 3671 2097">
     <span class='ocr_line' id='line_1_52' title="bbox 2025 2014 3671 2097; baseline -0.001 -21"><span class='ocrx_word' id='word_1_360' title='bbox 2025 2016 2140 2078; x_wconf 91' lang='lat' dir='ltr'><strong>loci</strong></span> <span class='ocrx_word' id='word_1_361' title='bbox 2171 2037 2372 2081; x_wconf 86' lang='lat' dir='ltr'><strong>curam</strong></span> <span class='ocrx_word' id='word_1_362' title='bbox 2425 2019 2885 2081; x_wconf 88' lang='lat' dir='ltr'><strong>demandaverat</strong></span> <span class='ocrx_word' id='word_1_363' title='bbox 2930 2018 3092 2081; x_wconf 90' lang='lat' dir='ltr'><strong>idem</strong></span> <span class='ocrx_word' id='word_1_364' title='bbox 3138 2016 3493 2097; x_wconf 83' lang='lat' dir='ltr'><strong>Eupraxius,</strong></span> <span class='ocrx_word' id='word_1_365' title='bbox 3527 2014 3671 2076; x_wconf 91' lang='lat' dir='ltr'><strong>dum</strong></span> 
     </span>
    </p>
   </div>
   <div class='ocr_carea' id='block_1_53' title="bbox 2025 2103 3668 2191">
    <p class='ocr_par' dir='ltr' id='par_1_53' title="bbox 2025 2103 3668 2191">
     <span class='ocr_line' id='line_1_53' title="bbox 2025 2103 3668 2191; baseline -0.002 -23"><span class='ocrx_word' id='word_1_366' title='bbox 2025 2114 2181 2170; x_wconf 90' lang='lat' dir='ltr'><strong>esset</strong></span> <span class='ocrx_word' id='word_1_367' title='bbox 2210 2108 2740 2191; x_wconf 88' lang='lat' dir='ltr'><strong>Constantinopoli,</strong></span> <span class='ocrx_word' id='word_1_368' title='bbox 2770 2108 3007 2171; x_wconf 89' lang='lat' dir='ltr'><strong>cuidam</strong></span> <span class='ocrx_word' id='word_1_369' title='bbox 3040 2107 3360 2187; x_wconf 89' lang='lat' dir='ltr'><strong>monacho,</strong></span> <span class='ocrx_word' id='word_1_370' title='bbox 3406 2103 3668 2168; x_wconf 87' lang='lat' dir='ltr'><strong>Antonio</strong></span> 
     </span>
    </p>
   </div>
   <div class='ocr_carea' id='block_1_54' title="bbox 2025 2192 3668 2283">
    <p class='ocr_par' dir='ltr' id='par_1_54' title="bbox 2025 2192 3668 2283">
     <span class='ocr_line' id='line_1_54' title="bbox 2025 2192 3668 2283; baseline -0.002 -25"><span class='ocrx_word' id='word_1_371' title='bbox 2025 2199 2266 2260; x_wconf 90' lang='lat' dir='ltr'><strong>nomine</strong></span> <span class='ocrx_word' id='word_1_372' title='bbox 2293 2219 2308 2259; x_wconf 92' lang='lat'>:</span> <span class='ocrx_word' id='word_1_373' title='bbox 2357 2199 2460 2281; x_wconf 90' lang='lat' dir='ltr'><strong>qui</strong></span> <span class='ocrx_word' id='word_1_374' title='bbox 2490 2219 2625 2262; x_wconf 89' lang='lat' dir='ltr'><strong>cum</strong></span> <span class='ocrx_word' id='word_1_375' title='bbox 2656 2208 2815 2262; x_wconf 88' lang='lat' dir='ltr'><strong>esset</strong></span> <span class='ocrx_word' id='word_1_376' title='bbox 2842 2199 3200 2283; x_wconf 89' lang='lat' dir='ltr'><strong>pecuniosus</strong></span> <span class='ocrx_word' id='word_1_377' title='bbox 3231 2206 3289 2262; x_wconf 89' lang='lat' dir='ltr'><strong>et</strong></span> <span class='ocrx_word' id='word_1_378' title='bbox 3316 2197 3488 2258; x_wconf 89' lang='lat' dir='ltr'><strong>morti</strong></span> <span class='ocrx_word' id='word_1_379' title='bbox 3522 2192 3668 2255; x_wconf 93' lang='lat' dir='ltr'><strong>vici-</strong></span> 
     </span>
    </p>
   </div>
   <div class='ocr_carea' id='block_1_55' title="bbox 2026 2283 3667 2370">
    <p class='ocr_par' dir='ltr' id='par_1_55' title="bbox 2026 2283 3667 2370">
     <span class='ocr_line' id='line_1_55' title="bbox 2026 2283 3667 2370; baseline -0.002 -23"><span class='ocrx_word' id='word_1_380' title='bbox 2026 2304 2160 2362; x_wconf 89' lang='lat' dir='ltr'><strong>nus,</strong></span> <span class='ocrx_word' id='word_1_381' title='bbox 2195 2287 2411 2350; x_wconf 90' lang='lat' dir='ltr'><strong>timens</strong></span> <span class='ocrx_word' id='word_1_382' title='bbox 2439 2288 2828 2370; x_wconf 84' lang='lat' dir='ltr'><strong>rapacitatem</strong></span> <span class='ocrx_word' id='word_1_383' title='bbox 2858 2288 3190 2370; x_wconf 90' lang='lat' dir='ltr'><strong>principum</strong></span> <span class='ocrx_word' id='word_1_384' title='bbox 3221 2293 3434 2348; x_wconf 90' lang='lat' dir='ltr'><strong>cuncta</strong></span> <span class='ocrx_word' id='word_1_385' title='bbox 3461 2283 3667 2345; x_wconf 87' lang='lat' dir='ltr'><strong>absor-</strong></span> 
     </span>
    </p>
   </div>
   <div class='ocr_carea' id='block_1_56' title="bbox 2025 2373 3667 2453">
    <p class='ocr_par' dir='ltr' id='par_1_56' title="bbox 2025 2373 3667 2453">
     <span class='ocr_line' id='line_1_56' title="bbox 2025 2373 3667 2453; baseline -0.002 -17"><span class='ocrx_word' id='word_1_386' title='bbox 2025 2373 2315 2453; x_wconf 88' lang='lat' dir='ltr'><strong>bentinm,</strong></span> <span class='ocrx_word' id='word_1_387' title='bbox 2347 2376 2424 2439; x_wconf 87' lang='lat' dir='ltr'><strong>ad</strong></span> <span class='ocrx_word' id='word_1_388' title='bbox 2455 2377 2806 2440; x_wconf 89' lang='lat' dir='ltr'><strong>tutissimam</strong></span> <span class='ocrx_word' id='word_1_389' title='bbox 2859 2377 3094 2453; x_wconf 89' lang='lat' dir='ltr'><strong>turrim,</strong></span> <span class='ocrx_word' id='word_1_390' title='bbox 3146 2375 3384 2439; x_wconf 89' lang='lat' dir='ltr'><strong>beatum</strong></span> <span class='ocrx_word' id='word_1_391' title='bbox 3430 2375 3667 2437; x_wconf 87' lang='lat' dir='ltr'><strong>Patrem</strong></span> 
     </span>
    </p>
   </div>
   <div class='ocr_carea' id='block_1_57' title="bbox 2026 2464 3667 2547">
    <p class='ocr_par' dir='ltr' id='par_1_57' title="bbox 2026 2464 3667 2547">
     <span class='ocr_line' id='line_1_57' title="bbox 2026 2464 3667 2547; baseline -0.002 -22"><span class='ocrx_word' id='word_1_392' title='bbox 2026 2464 2312 2544; x_wconf 83' lang='lat' dir='ltr'><strong>confugit,</strong></span> <span class='ocrx_word' id='word_1_393' title='bbox 2341 2484 2516 2547; x_wconf 91' lang='lat' dir='ltr'><strong>quem</strong></span> <span class='ocrx_word' id='word_1_394' title='bbox 2550 2484 2789 2530; x_wconf 88' lang='lat' dir='ltr'><strong>suarum</strong></span> <span class='ocrx_word' id='word_1_395' title='bbox 2819 2466 3082 2529; x_wconf 89' lang='lat' dir='ltr'><strong>omnium</strong></span> <span class='ocrx_word' id='word_1_396' title='bbox 3112 2483 3314 2528; x_wconf 89' lang='lat' dir='ltr'><strong>rerum</strong></span> <span class='ocrx_word' id='word_1_397' title='bbox 3330 2468 3667 2524; x_wconf 86' lang='lat' dir='ltr'><strong>curatorem</strong></span> 
     </span>
    </p>
   </div>
   <div class='ocr_carea' id='block_1_58' title="bbox 2022 2549 3657 2637">
    <p class='ocr_par' dir='ltr' id='par_1_58' title="bbox 2022 2549 3657 2637">
     <span class='ocr_line' id='line_1_58' title="bbox 2022 2549 3657 2637; baseline -0.001 -24"><span class='ocrx_word' id='word_1_398' title='bbox 2022 2551 2366 2637; x_wconf 85' lang='lat' dir='ltr'><strong>instituens,</strong></span> <span class='ocrx_word' id='word_1_399' title='bbox 2400 2554 2556 2618; x_wconf 89' lang='lat' dir='ltr'><strong>liber</strong></span> <span class='ocrx_word' id='word_1_400' title='bbox 2582 2563 2706 2619; x_wconf 90' lang='lat' dir='ltr'><strong>tum</strong></span> <span class='ocrx_word' id='word_1_401' title='bbox 2750 2555 2990 2620; x_wconf 90' lang='lat' dir='ltr'><strong>demum</strong></span> <span class='ocrx_word' id='word_1_402' title='bbox 3042 2554 3204 2618; x_wconf 89' lang='lat' dir='ltr'><strong>omni</strong></span> <span class='ocrx_word' id='word_1_403' title='bbox 3253 2549 3657 2617; x_wconf 89' lang='lat' dir='ltr'><strong>sollicitudine</strong></span> 
     </span>
    </p>
   </div>
   <div class='ocr_carea' id='block_1_59' title="bbox 2024 2641 2483 2709">
    <p class='ocr_par' dir='ltr' id='par_1_59' title="bbox 2024 2641 2483 2709">
     <span class='ocr_line' id='line_1_59' title="bbox 2024 2641 2483 2709; baseline 0.007 -4"><span class='ocrx_word' id='word_1_404' title='bbox 2024 2641 2340 2706; x_wconf 83' lang='lat' dir='ltr'><strong>defunctus</strong></span> <span class='ocrx_word' id='word_1_405' title='bbox 2370 2652 2483 2709; x_wconf 89' lang='lat' dir='ltr'><strong>est.</strong></span> 
     </span>
    </p>
   </div>
   <div class='ocr_carea' id='block_1_60' title="bbox 370 2915 1940 3009">
    <p class='ocr_par' dir='ltr' id='par_1_60' title="bbox 370 2915 1938 3009">
     <span class='ocr_line' id='line_1_60' title="bbox 370 2915 1938 3009; baseline -0.002 -34"><span class='ocrx_word' id='word_1_406' title='bbox 370 2915 486 3009; x_wconf 53' lang='grc' dir='ltr'><strong>ρξ’.</strong></span> <span class='ocrx_word' id='word_1_407' title='bbox 571 2922 717 2994; x_wconf 84' lang='grc' dir='ltr'>Οπερ</span> <span class='ocrx_word' id='word_1_408' title='bbox 782 2915 1009 2982; x_wconf 74' lang='grc' dir='ltr'>ἀκούσας</span> <span class='ocrx_word' id='word_1_409' title='bbox 1078 2919 1108 2974; x_wconf 82' lang='grc' dir='ltr'>ὁ</span> <span class='ocrx_word' id='word_1_410' title='bbox 1161 2924 1253 2975; x_wconf 73' lang='grc' dir='ltr'><strong>τοῦ</strong></span> <span class='ocrx_word' id='word_1_411' title='bbox 1308 2922 1439 2974; x_wconf 75' lang='grc' dir='ltr'>Θεοῦ</span> <span class='ocrx_word' id='word_1_412' title='bbox 1493 2915 1790 2991; x_wconf 78' lang='grc' dir='ltr'>οἰκονόμος,</span> <span class='ocrx_word' id='word_1_413' title='bbox 1834 2915 1938 3009; x_wconf 33' lang='grc' dir='ltr'>,καὶ</span> 
     </span>
    </p>
   </div>
   <div class='ocr_carea' id='block_1_61' title="bbox 2030 2915 3665 3009">
    <p class='ocr_par' dir='ltr' id='par_1_61' title="bbox 2096 2921 3665 3009">
     <span class='ocr_line' id='line_1_61' title="bbox 2096 2921 3665 3009; baseline 0.003 -24"><span class='ocrx_word' id='word_1_414' title='bbox 2096 2923 2199 2987; x_wconf 75' lang='grc'><strong>46.</strong></span> <span class='ocrx_word' id='word_1_415' title='bbox 2232 2923 2398 2997; x_wconf 87' lang='lat' dir='ltr'><strong>Quod</strong></span> <span class='ocrx_word' id='word_1_416' title='bbox 2429 2923 2529 2987; x_wconf 91' lang='lat' dir='ltr'><strong>ubi</strong></span> <span class='ocrx_word' id='word_1_417' title='bbox 2560 2924 2829 3005; x_wconf 83' lang='lat' dir='ltr'><strong>cognovit</strong></span> <span class='ocrx_word' id='word_1_418' title='bbox 2850 2921 2960 2989; x_wconf 89' lang='lat' dir='ltr'><strong>Dei</strong></span> <span class='ocrx_word' id='word_1_419' title='bbox 2989 2927 3665 3009; x_wconf 79' lang='lat' dir='ltr'><strong>ceconomus,misertus</strong></span> 
     </span>
    </p>
   </div>
   <div class='ocr_carea' id='block_1_62' title="bbox 292 2999 1940 3097">
    <p class='ocr_par' dir='ltr' id='par_1_62' title="bbox 292 2999 1928 3097">
     <span class='ocr_line' id='line_1_62' title="bbox 292 2999 1928 3097; baseline 0.002 -41"><span class='ocrx_word' id='word_1_420' title='bbox 292 2999 711 3097; x_wconf 67' lang='grc' dir='ltr'>σπλαγχνισθεὶς</span> <span class='ocrx_word' id='word_1_421' title='bbox 760 3009 820 3064; x_wconf 74' lang='grc' dir='ltr'>οὗ</span> <span class='ocrx_word' id='word_1_422' title='bbox 875 3013 1122 3064; x_wconf 78' lang='grc' dir='ltr'>τοσοῦτον</span> <span class='ocrx_word' id='word_1_423' title='bbox 1177 3005 1262 3063; x_wconf 78' lang='grc' dir='ltr'><strong>ἐπὶ</strong></span> <span class='ocrx_word' id='word_1_424' title='bbox 1316 3012 1394 3081; x_wconf 82' lang='grc' dir='ltr'>τῷ</span> <span class='ocrx_word' id='word_1_425' title='bbox 1447 3003 1749 3078; x_wconf 81' lang='grc' dir='ltr'>ἀπελθόντι,</span> <span class='ocrx_word' id='word_1_426' title='bbox 1809 3001 1928 3097; x_wconf 69' lang='grc' dir='ltr'>ὅσον</span> 
     </span>
    </p>
   </div>
   <div class='ocr_carea' id='block_1_63' title="bbox 2030 2999 3657 3097">
    <p class='ocr_par' dir='ltr' id='par_1_63' title="bbox 2030 2999 3657 3097">
     <span class='ocr_line' id='line_1_63' title="bbox 2030 2999 3657 3097; baseline 0.002 -24"><span class='ocrx_word' id='word_1_427' title='bbox 2030 3030 2130 3074; x_wconf 80' lang='grc' dir='ltr'>ιοῐι</span> <span class='ocrx_word' id='word_1_428' title='bbox 2151 3020 2266 3073; x_wconf 89' lang='lat' dir='ltr'><strong>tam</strong></span> <span class='ocrx_word' id='word_1_429' title='bbox 2294 2999 2760 3096; x_wconf 80' lang='lat' dir='ltr'><strong>defuncti,quam</strong></span> <span class='ocrx_word' id='word_1_430' title='bbox 2773 3021 2958 3076; x_wconf 89' lang='lat' dir='ltr'><strong>status</strong></span> <span class='ocrx_word' id='word_1_431' title='bbox 2980 2999 3471 3097; x_wconf 71' lang='lat' dir='ltr'><strong>monasteriiGam</strong></span> <span class='ocrx_word' id='word_1_432' title='bbox 3491 3014 3657 3077; x_wconf 87' lang='lat' dir='ltr'><strong>enim</strong></span> 
     </span>
    </p>
   </div>
   <div class='ocr_carea' id='block_1_64' title="bbox 293 3087 1940 3186">
    <p class='ocr_par' dir='ltr' id='par_1_64' title="bbox 293 3087 1932 3186">
     <span class='ocr_line' id='line_1_64' title="bbox 293 3087 1932 3186; baseline 0.009 -43"><span class='ocrx_word' id='word_1_433' title='bbox 293 3087 375 3186; x_wconf 49' lang='grc' dir='ltr'><strong>ἐπὶ</strong></span> <span class='ocrx_word' id='word_1_434' title='bbox 557 3097 659 3159; x_wconf 73' lang='grc' dir='ltr'>τῆς</span> <span class='ocrx_word' id='word_1_435' title='bbox 716 3098 886 3168; x_wconf 81' lang='grc' dir='ltr'>μονῆς</span> <span class='ocrx_word' id='word_1_436' title='bbox 939 3095 1255 3152; x_wconf 80' lang='grc' dir='ltr'>καταστάσει</span> <span class='ocrx_word' id='word_1_437' title='bbox 1289 3111 1308 3133; x_wconf 80' lang='grc'><strong><em>⁸</em></strong></span> <span class='ocrx_word' id='word_1_438' title='bbox 1362 3094 1426 3163; x_wconf 82' lang='grc' dir='ltr'><strong>ἧν</strong></span> <span class='ocrx_word' id='word_1_439' title='bbox 1483 3095 1582 3175; x_wconf 77' lang='grc' dir='ltr'>γὰρ</span> <span class='ocrx_word' id='word_1_440' title='bbox 1636 3092 1822 3150; x_wconf 72' lang='grc' dir='ltr'>λοιπὸν</span> <span class='ocrx_word' id='word_1_441' title='bbox 1880 3090 1932 3158; x_wconf 68' lang='grc' dir='ltr'><strong>ἐξ</strong></span> 
     </span>
    </p>
   </div>
   <div class='ocr_carea' id='block_1_65' title="bbox 2030 3087 3667 3186">
    <p class='ocr_par' dir='ltr' id='par_1_65' title="bbox 2030 3087 3667 3186">
     <span class='ocr_line' id='line_1_65' title="bbox 2030 3087 3667 3186; baseline 0 -23"><span class='ocrx_word' id='word_1_442' title='bbox 2030 3087 2796 3185; x_wconf 73' lang='lat' dir='ltr'><strong>iefecerat,dispersumque</strong></span> <span class='ocrx_word' id='word_1_443' title='bbox 2814 3110 3016 3166; x_wconf 85' lang='lat' dir='ltr'><strong>eratex</strong></span> <span class='ocrx_word' id='word_1_444' title='bbox 3028 3122 3099 3167; x_wconf 92' lang='lat' dir='ltr'><strong>eo</strong></span> <span class='ocrx_word' id='word_1_445' title='bbox 3117 3087 3667 3186; x_wconf 62' lang='lat' dir='ltr'><strong>tempore),ingres-</strong></span> 
     </span>
    </p>
   </div>
   <div class='ocr_carea' id='block_1_66' title="bbox 295 3176 1931 3264">
    <p class='ocr_par' dir='ltr' id='par_1_66' title="bbox 295 3176 1931 3264">
     <span class='ocr_line' id='line_1_66' title="bbox 295 3176 1931 3264; baseline 0.003 -32"><span class='ocrx_word' id='word_1_446' title='bbox 295 3176 491 3235; x_wconf 73' lang='grc' dir='ltr'>ἐκείνου</span> <span class='ocrx_word' id='word_1_447' title='bbox 542 3180 891 3261; x_wconf 69' lang='grc' dir='ltr'>ἀφανισθεῖσα</span> <span class='ocrx_word' id='word_1_448' title='bbox 940 3185 1030 3241; x_wconf 82' lang='grc' dir='ltr'><strong>καὶ</strong></span> <span class='ocrx_word' id='word_1_449' title='bbox 1073 3183 1529 3264; x_wconf 75' lang='grc' dir='ltr'>διασκορπισθεῖςα</span> <span class='ocrx_word' id='word_1_450' title='bbox 1562 3202 1577 3217; x_wconf 86' lang='grc'><strong>·</strong></span> <span class='ocrx_word' id='word_1_451' title='bbox 1638 3181 1931 3262; x_wconf 81' lang='grc' dir='ltr'>εἰσέρχεται</span> 
     </span>
    </p>
   </div>
   <div class='ocr_carea' id='block_1_67' title="bbox 296 3265 1942 3353">
    <p class='ocr_par' dir='ltr' id='par_1_67' title="bbox 296 3265 1942 3353">
     <span class='ocr_line' id='line_1_67' title="bbox 296 3265 1942 3353; baseline 0.004 -33"><span class='ocrx_word' id='word_1_452' title='bbox 296 3265 346 3320; x_wconf 77' lang='grc' dir='ltr'>ἓν</span> <span class='ocrx_word' id='word_1_453' title='bbox 390 3274 470 3342; x_wconf 76' lang='grc' dir='ltr'>τῷ</span> <span class='ocrx_word' id='word_1_454' title='bbox 524 3268 702 3349; x_wconf 74' lang='grc' dir='ltr'>ἄστει,</span> <span class='ocrx_word' id='word_1_455' title='bbox 753 3273 839 3328; x_wconf 87' lang='grc' dir='ltr'>καὶ</span> <span class='ocrx_word' id='word_1_456' title='bbox 886 3273 952 3331; x_wconf 71' lang='grc' dir='ltr'>τὰ</span> <span class='ocrx_word' id='word_1_457' title='bbox 1000 3273 1096 3348; x_wconf 76' lang='grc' dir='ltr'>μὲν</span> <span class='ocrx_word' id='word_1_458' title='bbox 1147 3271 1611 3353; x_wconf 78' lang='grc' dir='ltr'>ἐγκαταλείμματα</span> <span class='ocrx_word' id='word_1_459' title='bbox 1660 3277 1751 3327; x_wconf 77' lang='grc' dir='ltr'>τοῦ</span> <span class='ocrx_word' id='word_1_460' title='bbox 1779 3270 1942 3327; x_wconf 79' lang='grc' dir='ltr'>ἀποι-</span> 
     </span>
    </p>
   </div>
   <div class='ocr_carea' id='block_1_68' title="bbox 297 3354 1943 3442">
    <p class='ocr_par' dir='ltr' id='par_1_68' title="bbox 297 3354 1943 3442">
     <span class='ocr_line' id='line_1_68' title="bbox 297 3354 1943 3442; baseline 0.004 -32"><span class='ocrx_word' id='word_1_461' title='bbox 297 3355 530 3433; x_wconf 75' lang='grc' dir='ltr'>χομένου</span> <span class='ocrx_word' id='word_1_462' title='bbox 551 3354 813 3437; x_wconf 73' lang='grc' dir='ltr'>διεμέρισε</span> <span class='ocrx_word' id='word_1_463' title='bbox 870 3373 990 3425; x_wconf 77' lang='grc' dir='ltr'>τοῖς</span> <span class='ocrx_word' id='word_1_464' title='bbox 1046 3373 1321 3442; x_wconf 79' lang='grc' dir='ltr'>πτωχοῖς,</span> <span class='ocrx_word' id='word_1_465' title='bbox 1382 3361 1467 3416; x_wconf 85' lang='grc' dir='ltr'><strong>καὶ</strong></span> <span class='ocrx_word' id='word_1_466' title='bbox 1495 3357 1826 3439; x_wconf 80' lang='grc' dir='ltr'>ἐκκλησίαις,</span> <span class='ocrx_word' id='word_1_467' title='bbox 1853 3361 1943 3417; x_wconf 85' lang='grc' dir='ltr'><strong>καὶ</strong></span> 
     </span>
    </p>
   </div>
   <div class='ocr_carea' id='block_1_69' title="bbox 298 3445 1945 3524">
    <p class='ocr_par' dir='ltr' id='par_1_69' title="bbox 298 3445 1945 3524">
     <span class='ocr_line' id='line_1_69' title="bbox 298 3445 1945 3524; baseline 0.005 -27"><span class='ocrx_word' id='word_1_468' title='bbox 298 3448 369 3515; x_wconf 71' lang='grc' dir='ltr'><strong>τῷ</strong></span> <span class='ocrx_word' id='word_1_469' title='bbox 417 3445 765 3524; x_wconf 75' lang='grc' dir='ltr'>μοναστηρίῳ</span> <span class='ocrx_word' id='word_1_470' title='bbox 795 3464 813 3481; x_wconf 84' lang='grc'><strong>⁸</strong></span> <span class='ocrx_word' id='word_1_471' title='bbox 871 3454 1043 3505; x_wconf 75' lang='grc' dir='ltr'>πᾶσαν</span> <span class='ocrx_word' id='word_1_472' title='bbox 1101 3447 1158 3505; x_wconf 78' lang='grc' dir='ltr'>δὲ</span> <span class='ocrx_word' id='word_1_473' title='bbox 1211 3447 1440 3516; x_wconf 81' lang='grc' dir='ltr'>σπουδὴν</span> <span class='ocrx_word' id='word_1_474' title='bbox 1487 3445 1806 3511; x_wconf 77' lang='grc' dir='ltr'>κατεϐάλετο</span> <span class='ocrx_word' id='word_1_475' title='bbox 1853 3455 1945 3506; x_wconf 77' lang='grc' dir='ltr'><strong>τοῦ</strong></span> 
     </span>
    </p>
   </div>
   <div class='ocr_carea' id='block_1_70' title="bbox 301 3531 1940 3616">
    <p class='ocr_par' dir='ltr' id='par_1_70' title="bbox 301 3531 1940 3616">
     <span class='ocr_line' id='line_1_70' title="bbox 301 3531 1940 3616; baseline 0.004 -32"><span class='ocrx_word' id='word_1_476' title='bbox 301 3532 395 3597; x_wconf 75' lang='grc' dir='ltr'>τήν</span> <span class='ocrx_word' id='word_1_477' title='bbox 454 3531 629 3605; x_wconf 77' lang='grc' dir='ltr'>μονὴν</span> <span class='ocrx_word' id='word_1_478' title='bbox 688 3537 1137 3612; x_wconf 75' lang='grc' dir='ltr'>καταστήσασθαι,</span> <span class='ocrx_word' id='word_1_479' title='bbox 1209 3538 1297 3593; x_wconf 82' lang='grc' dir='ltr'>καὶ</span> <span class='ocrx_word' id='word_1_480' title='bbox 1350 3536 1636 3616; x_wconf 74' lang='grc' dir='ltr'>παρθένους</span> <span class='ocrx_word' id='word_1_481' title='bbox 1696 3535 1751 3591; x_wconf 79' lang='grc' dir='ltr'>ἐν</span> <span class='ocrx_word' id='word_1_482' title='bbox 1807 3538 1940 3612; x_wconf 72' lang='grc' dir='ltr'>αὐτῇ</span> 
     </span>
    </p>
   </div>
   <div class='ocr_carea' id='block_1_71' title="bbox 298 3608 1941 3704">
    <p class='ocr_par' dir='ltr' id='par_1_71' title="bbox 298 3608 1941 3704">
     <span class='ocr_line' id='line_1_71' title="bbox 298 3608 1941 3704; baseline 0 -25"><span class='ocrx_word' id='word_1_483' title='bbox 298 3617 613 3698; x_wconf 60' lang='grc' dir='ltr'>ἓμᾳηεύται</span> <span class='ocrx_word' id='word_1_484' title='bbox 663 3621 807 3688; x_wconf 78' lang='grc' dir='ltr'>ἀξίας</span> <span class='ocrx_word' id='word_1_485' title='bbox 853 3634 947 3683; x_wconf 77' lang='grc' dir='ltr'><strong>τοῦ</strong></span> <span class='ocrx_word' id='word_1_486' title='bbox 994 3608 1441 3704; x_wconf 41' lang='grc' dir='ltr'>ἐπαγγέλματος..</span> <span class='ocrx_word' id='word_1_487' title='bbox 1474 3608 1628 3703; x_wconf 61' lang='grc' dir='ltr'><strong>ςὅπερ</strong></span> <span class='ocrx_word' id='word_1_488' title='bbox 1672 3624 1760 3681; x_wconf 86' lang='grc' dir='ltr'><strong>καὶ</strong></span> <span class='ocrx_word' id='word_1_489' title='bbox 1810 3608 1941 3681; x_wconf 64' lang='grc' dir='ltr'>Θεοδ</span> 
     </span>
    </p>
   </div>
   <div class='ocr_carea' id='block_1_72' title="bbox 300 3710 1939 3792">
    <p class='ocr_par' dir='ltr' id='par_1_72' title="bbox 300 3710 1939 3792">
     <span class='ocr_line' id='line_1_72' title="bbox 300 3710 1939 3792; baseline 0.004 -31"><span class='ocrx_word' id='word_1_490' title='bbox 300 3719 671 3787; x_wconf 76' lang='grc' dir='ltr'>συνεργοῦντος</span> <span class='ocrx_word' id='word_1_491' title='bbox 726 3710 1020 3789; x_wconf 86' lang='grc' dir='ltr'>τετέλεκεν,</span> <span class='ocrx_word' id='word_1_492' title='bbox 1087 3714 1261 3778; x_wconf 82' lang='grc' dir='ltr'>πάσας</span> <span class='ocrx_word' id='word_1_493' title='bbox 1328 3716 1422 3778; x_wconf 78' lang='grc' dir='ltr'><strong>τὰς</strong></span> <span class='ocrx_word' id='word_1_494' title='bbox 1474 3711 1939 3792; x_wconf 82' lang='grc' dir='ltr'>διεσκορπισμένας</span> 
     </span>
    </p>
   </div>
   <div class='ocr_carea' id='block_1_73' title="bbox 300 3796 1940 3879">
    <p class='ocr_par' dir='ltr' id='par_1_73' title="bbox 300 3796 1940 3879">
     <span class='ocr_line' id='line_1_73' title="bbox 300 3796 1940 3879; baseline -0.004 -17"><span class='ocrx_word' id='word_1_495' title='bbox 300 3796 542 3872; x_wconf 69' lang='grc' dir='ltr'><strong>σονάξας,</strong></span> <span class='ocrx_word' id='word_1_496' title='bbox 602 3801 693 3855; x_wconf 73' lang='grc' dir='ltr'><strong>καὶ</strong></span> <span class='ocrx_word' id='word_1_497' title='bbox 746 3801 1044 3879; x_wconf 76' lang='grc' dir='ltr'>ἡγούμενην</span> <span class='ocrx_word' id='word_1_498' title='bbox 1100 3800 1183 3859; x_wconf 77' lang='grc' dir='ltr'><strong>ἐπ’</strong></span> <span class='ocrx_word' id='word_1_499' title='bbox 1241 3806 1427 3865; x_wconf 73' lang='grc' dir='ltr'>αὗταϊς</span> <span class='ocrx_word' id='word_1_500' title='bbox 1476 3802 1790 3876; x_wconf 77' lang='grc' dir='ltr'>ἐπιστήσας,</span> <span class='ocrx_word' id='word_1_501' title='bbox 1819 3800 1940 3857; x_wconf 63' lang='grc' dir='ltr'>οἵαν</span> 
     </span>
    </p>
   </div>
   <div class='ocr_carea' id='block_1_74' title="bbox 301 3886 1942 3970">
    <p class='ocr_par' dir='ltr' id='par_1_74' title="bbox 301 3886 1942 3970">
     <span class='ocr_line' id='line_1_74' title="bbox 301 3886 1942 3970; baseline 0.003 -30"><span class='ocrx_word' id='word_1_502' title='bbox 301 3886 491 3962; x_wconf 71' lang='grc' dir='ltr'>ἂπῄτει</span> <span class='ocrx_word' id='word_1_503' title='bbox 548 3890 579 3944; x_wconf 78' lang='grc' dir='ltr'>ὁ</span> <span class='ocrx_word' id='word_1_504' title='bbox 633 3887 789 3966; x_wconf 83' lang='grc' dir='ltr'>λόγος</span> <span class='ocrx_word' id='word_1_505' title='bbox 823 3906 839 3921; x_wconf 81' lang='grc'>⁸</span> <span class='ocrx_word' id='word_1_506' title='bbox 892 3890 1264 3969; x_wconf 77' lang='grc' dir='ltr'>παρακαλέσας</span> <span class='ocrx_word' id='word_1_507' title='bbox 1317 3893 1438 3955; x_wconf 82' lang='grc' dir='ltr'>τοὺς</span> <span class='ocrx_word' id='word_1_508' title='bbox 1495 3892 1771 3970; x_wconf 78' lang='grc' dir='ltr'>οἰκήτορας</span> <span class='ocrx_word' id='word_1_509' title='bbox 1799 3890 1942 3947; x_wconf 76' lang='grc' dir='ltr'>πάν-</span> 
     </span>
    </p>
   </div>
   <div class='ocr_carea' id='block_1_75' title="bbox 299 3976 1940 4060">
    <p class='ocr_par' dir='ltr' id='par_1_75' title="bbox 299 3976 1940 4060">
     <span class='ocr_line' id='line_1_75' title="bbox 299 3976 1940 4060; baseline 0.002 -31"><span class='ocrx_word' id='word_1_510' title='bbox 299 3996 387 4037; x_wconf 76' lang='grc' dir='ltr'><strong>τας</strong></span> <span class='ocrx_word' id='word_1_511' title='bbox 437 3982 534 4032; x_wconf 78' lang='grc' dir='ltr'>τοῦ</span> <span class='ocrx_word' id='word_1_512' title='bbox 589 3977 815 4056; x_wconf 75' lang='grc' dir='ltr'>κάστροο</span> <span class='ocrx_word' id='word_1_513' title='bbox 868 3979 1151 4059; x_wconf 75' lang='grc' dir='ltr'>φροντίζειν</span> <span class='ocrx_word' id='word_1_514' title='bbox 1196 3983 1386 4060; x_wconf 66' lang='grc' dir='ltr'>αότῶν,</span> <span class='ocrx_word' id='word_1_515' title='bbox 1446 3982 1520 4044; x_wconf 86' lang='grc' dir='ltr'><strong>ὡς</strong></span> <span class='ocrx_word' id='word_1_516' title='bbox 1577 3976 1940 4058; x_wconf 80' lang='grc' dir='ltr'>ἀσθενεστέρου</span> 
     </span>
    </p>
   </div>
   <div class='ocr_carea' id='block_1_76' title="bbox 301 4064 1934 4163">
    <p class='ocr_par' dir='ltr' id='par_1_76' title="bbox 301 4064 1934 4163">
     <span class='ocr_line' id='line_1_76' title="bbox 301 4064 1934 4163; baseline 0.004 -44"><span class='ocrx_word' id='word_1_517' title='bbox 301 4064 487 4163; x_wconf 64' lang='grc' dir='ltr'>μέρους</span> <span class='ocrx_word' id='word_1_518' title='bbox 518 4066 609 4121; x_wconf 75' lang='grc' dir='ltr'>καὶ</span> <span class='ocrx_word' id='word_1_519' title='bbox 636 4066 711 4129; x_wconf 80' lang='grc' dir='ltr'>ὡς</span> <span class='ocrx_word' id='word_1_520' title='bbox 741 4065 877 4143; x_wconf 82' lang='grc' dir='ltr'>μέγα</span> <span class='ocrx_word' id='word_1_521' title='bbox 932 4065 1119 4147; x_wconf 79' lang='grc' dir='ltr'>ὄφελος</span> <span class='ocrx_word' id='word_1_522' title='bbox 1144 4065 1242 4163; x_wconf 52' lang='grc' dir='ltr'><strong>σδΰ</strong></span> <span class='ocrx_word' id='word_1_523' title='bbox 1299 4071 1469 4126; x_wconf 72' lang='grc' dir='ltr'>αὐτῶν</span> <span class='ocrx_word' id='word_1_524' title='bbox 1497 4066 1890 4163; x_wconf 71' lang='grc' dir='ltr'>καρπουμένους</span> <span class='ocrx_word' id='word_1_525' title='bbox 1919 4081 1934 4095; x_wconf 90' lang='grc'><em>’</em></span> 
     </span>
    </p>
   </div>
   <div class='ocr_carea' id='block_1_77' title="bbox 300 4150 1942 4232">
    <p class='ocr_par' dir='ltr' id='par_1_77' title="bbox 300 4150 1942 4232">
     <span class='ocr_line' id='line_1_77' title="bbox 300 4150 1942 4232; baseline 0.003 -26"><span class='ocrx_word' id='word_1_526' title='bbox 300 4150 469 4231; x_wconf 75' lang='grc' dir='ltr'><strong>λέγῶν</strong></span> <span class='ocrx_word' id='word_1_527' title='bbox 499 4156 687 4216; x_wconf 63' lang='grc' dir='ltr'>αὺτοῖς</span> <span class='ocrx_word' id='word_1_528' title='bbox 742 4156 828 4210; x_wconf 79' lang='grc' dir='ltr'><strong>καὶ</strong></span> <span class='ocrx_word' id='word_1_529' title='bbox 878 4162 1034 4211; x_wconf 73' lang='grc' dir='ltr'>τοῦτο</span> <span class='ocrx_word' id='word_1_530' title='bbox 1068 4174 1082 4189; x_wconf 90' lang='grc'><strong>·</strong></span> <span class='ocrx_word' id='word_1_531' title='bbox 1144 4150 1250 4213; x_wconf 67' lang='grc' dir='ltr'>’Ὁτι</span> <span class='ocrx_word' id='word_1_532' title='bbox 1306 4154 1393 4212; x_wconf 73' lang='grc' dir='ltr'>ἐὰν</span> <span class='ocrx_word' id='word_1_533' title='bbox 1441 4178 1521 4219; x_wconf 90' lang='grc' dir='ltr'><strong>τις</strong></span> <span class='ocrx_word' id='word_1_534' title='bbox 1579 4153 1631 4220; x_wconf 81' lang='grc' dir='ltr'>ἐξ</span> <span class='ocrx_word' id='word_1_535' title='bbox 1687 4156 1830 4232; x_wconf 82' lang='grc' dir='ltr'>ὑμῶν</span> <span class='ocrx_word' id='word_1_536' title='bbox 1858 4176 1942 4211; x_wconf 86' lang='grc' dir='ltr'>τε-</span> 
     </span>
    </p>
   </div>
   <div class='ocr_carea' id='block_1_78' title="bbox 2022 3191 3662 3275">
    <p class='ocr_par' dir='ltr' id='par_1_78' title="bbox 2022 3191 3662 3275">
     <span class='ocr_line' id='line_1_78' title="bbox 2022 3191 3662 3275; baseline 0.002 -24"><span class='ocrx_word' id='word_1_537' title='bbox 2022 3207 2123 3252; x_wconf 92' lang='lat' dir='ltr'><strong>sus</strong></span> <span class='ocrx_word' id='word_1_538' title='bbox 2146 3199 2233 3252; x_wconf 90' lang='lat' dir='ltr'><strong>est</strong></span> <span class='ocrx_word' id='word_1_539' title='bbox 2251 3191 2313 3253; x_wconf 93' lang='lat' dir='ltr'><strong>in</strong></span> <span class='ocrx_word' id='word_1_540' title='bbox 2334 3191 2615 3273; x_wconf 88' lang='lat' dir='ltr'><strong>oppidum</strong></span> <span class='ocrx_word' id='word_1_541' title='bbox 2639 3211 2656 3269; x_wconf 90' lang='lat'><strong>;</strong></span> <span class='ocrx_word' id='word_1_542' title='bbox 2684 3201 2743 3255; x_wconf 90' lang='lat' dir='ltr'><strong>et</strong></span> <span class='ocrx_word' id='word_1_543' title='bbox 2762 3192 2981 3255; x_wconf 88' lang='lat' dir='ltr'><strong>mortui</strong></span> <span class='ocrx_word' id='word_1_544' title='bbox 2997 3192 3238 3274; x_wconf 88' lang='lat' dir='ltr'><strong>quidem</strong></span> <span class='ocrx_word' id='word_1_545' title='bbox 3278 3211 3377 3255; x_wconf 90' lang='lat' dir='ltr'><strong>res</strong></span> <span class='ocrx_word' id='word_1_546' title='bbox 3399 3211 3530 3275; x_wconf 69' lang='lat' dir='ltr'><strong>qua:</strong></span> <span class='ocrx_word' id='word_1_547' title='bbox 3553 3211 3662 3254; x_wconf 93' lang='lat' dir='ltr'><strong>su-</strong></span> 
     </span>
    </p>
   </div>
   <div class='ocr_carea' id='block_1_79' title="bbox 2024 3276 3662 3362">
    <p class='ocr_par' dir='ltr' id='par_1_79' title="bbox 2024 3276 3662 3362">
     <span class='ocr_line' id='line_1_79' title="bbox 2024 3276 3662 3362; baseline 0.002 -23"><span class='ocrx_word' id='word_1_548' title='bbox 2024 3286 2322 3359; x_wconf 87' lang='lat' dir='ltr'><strong>pererant,</strong></span> <span class='ocrx_word' id='word_1_549' title='bbox 2344 3278 2404 3340; x_wconf 91' lang='lat' dir='ltr'><strong>in</strong></span> <span class='ocrx_word' id='word_1_550' title='bbox 2432 3298 2724 3362; x_wconf 89' lang='lat' dir='ltr'><strong>pauperes</strong></span> <span class='ocrx_word' id='word_1_551' title='bbox 2752 3287 2812 3343; x_wconf 92' lang='lat' dir='ltr'><strong>et</strong></span> <span class='ocrx_word' id='word_1_552' title='bbox 2839 3276 3125 3343; x_wconf 81' lang='lat' dir='ltr'><strong>ecclesias</strong></span> <span class='ocrx_word' id='word_1_553' title='bbox 3153 3290 3211 3343; x_wconf 90' lang='lat' dir='ltr'><strong>et</strong></span> <span class='ocrx_word' id='word_1_554' title='bbox 3234 3281 3662 3343; x_wconf 90' lang='lat' dir='ltr'><strong>monasterium</strong></span> 
     </span>
    </p>
   </div>
   <div class='ocr_carea' id='block_1_80' title="bbox 2026 3368 3663 3451">
    <p class='ocr_par' dir='ltr' id='par_1_80' title="bbox 2026 3368 3663 3451">
     <span class='ocr_line' id='line_1_80' title="bbox 2026 3368 3663 3451; baseline 0.001 -21"><span class='ocrx_word' id='word_1_555' title='bbox 2026 3368 2305 3447; x_wconf 83' lang='lat' dir='ltr'><strong>erogavit,</strong></span> <span class='ocrx_word' id='word_1_556' title='bbox 2333 3388 2509 3432; x_wconf 90' lang='lat' dir='ltr'><strong>omne</strong></span> <span class='ocrx_word' id='word_1_557' title='bbox 2527 3388 2666 3433; x_wconf 88' lang='lat' dir='ltr'><strong>vero</strong></span> <span class='ocrx_word' id='word_1_558' title='bbox 2691 3370 2952 3432; x_wconf 91' lang='lat' dir='ltr'><strong>studium</strong></span> <span class='ocrx_word' id='word_1_559' title='bbox 2980 3370 3175 3451; x_wconf 89' lang='lat' dir='ltr'><strong>posuit</strong></span> <span class='ocrx_word' id='word_1_560' title='bbox 3195 3371 3256 3431; x_wconf 92' lang='lat' dir='ltr'><strong>in</strong></span> <span class='ocrx_word' id='word_1_561' title='bbox 3296 3369 3663 3432; x_wconf 89' lang='lat' dir='ltr'><strong>restituendo</strong></span> 
     </span>
    </p>
   </div>
   <div class='ocr_carea' id='block_1_81' title="bbox 2026 3456 3663 3539">
    <p class='ocr_par' dir='ltr' id='par_1_81' title="bbox 2026 3456 3663 3539">
     <span class='ocr_line' id='line_1_81' title="bbox 2026 3456 3663 3539; baseline 0.001 -22"><span class='ocrx_word' id='word_1_562' title='bbox 2026 3456 2385 3519; x_wconf 88' lang='lat' dir='ltr'><strong>monasterio</strong></span> <span class='ocrx_word' id='word_1_563' title='bbox 2418 3466 2475 3520; x_wconf 91' lang='lat' dir='ltr'><strong>et</strong></span> <span class='ocrx_word' id='word_1_564' title='bbox 2504 3457 2865 3521; x_wconf 88' lang='lat' dir='ltr'><strong>collocandis</strong></span> <span class='ocrx_word' id='word_1_565' title='bbox 2908 3459 3032 3520; x_wconf 90' lang='lat' dir='ltr'><strong>illic</strong></span> <span class='ocrx_word' id='word_1_566' title='bbox 3073 3457 3397 3539; x_wconf 85' lang='lat' dir='ltr'><strong>virginibus</strong></span> <span class='ocrx_word' id='word_1_567' title='bbox 3427 3457 3663 3536; x_wconf 83' lang='lat' dir='ltr'><strong>profes-</strong></span> 
     </span>
    </p>
   </div>
   <div class='ocr_carea' id='block_1_82' title="bbox 2024 3544 3662 3627">
    <p class='ocr_par' dir='ltr' id='par_1_82' title="bbox 2024 3544 3662 3627">
     <span class='ocr_line' id='line_1_82' title="bbox 2024 3544 3662 3627; baseline 0.001 -22"><span class='ocrx_word' id='word_1_568' title='bbox 2024 3544 2192 3606; x_wconf 91' lang='lat' dir='ltr'><strong>sione</strong></span> <span class='ocrx_word' id='word_1_569' title='bbox 2214 3545 2428 3625; x_wconf 89' lang='lat' dir='ltr'><strong>dignis.</strong></span> <span class='ocrx_word' id='word_1_570' title='bbox 2452 3547 2620 3621; x_wconf 87' lang='lat' dir='ltr'><strong>Quod</strong></span> <span class='ocrx_word' id='word_1_571' title='bbox 2646 3547 2847 3624; x_wconf 90' lang='lat' dir='ltr'><strong>etiam,</strong></span> <span class='ocrx_word' id='word_1_572' title='bbox 2866 3545 2988 3608; x_wconf 91' lang='lat' dir='ltr'><strong>Deo</strong></span> <span class='ocrx_word' id='word_1_573' title='bbox 3027 3546 3359 3627; x_wconf 89' lang='lat' dir='ltr'><strong>adjuvante,</strong></span> <span class='ocrx_word' id='word_1_574' title='bbox 3393 3545 3662 3627; x_wconf 85' lang='lat' dir='ltr'><strong>perfecit,</strong></span> 
     </span>
    </p>
   </div>
   <div class='ocr_carea' id='block_1_83' title="bbox 2025 3633 3664 3714">
    <p class='ocr_par' dir='ltr' id='par_1_83' title="bbox 2025 3633 3664 3714">
     <span class='ocr_line' id='line_1_83' title="bbox 2025 3633 3664 3714; baseline -0.001 -18"><span class='ocrx_word' id='word_1_575' title='bbox 2025 3641 2083 3696; x_wconf 91' lang='lat' dir='ltr'><strong>et</strong></span> <span class='ocrx_word' id='word_1_576' title='bbox 2103 3651 2235 3713; x_wconf 80' lang='lat' dir='ltr'><strong>quae</strong></span> <span class='ocrx_word' id='word_1_577' title='bbox 2256 3634 2540 3714; x_wconf 81' lang='lat' dir='ltr'><strong>dispersae</strong></span> <span class='ocrx_word' id='word_1_578' title='bbox 2556 3642 2745 3711; x_wconf 90' lang='lat' dir='ltr'><strong>erant,</strong></span> <span class='ocrx_word' id='word_1_579' title='bbox 2780 3654 2880 3697; x_wconf 91' lang='lat' dir='ltr'><strong>eas</strong></span> <span class='ocrx_word' id='word_1_580' title='bbox 2899 3653 3082 3697; x_wconf 89' lang='lat' dir='ltr'><strong>unum</strong></span> <span class='ocrx_word' id='word_1_581' title='bbox 3106 3635 3167 3696; x_wconf 90' lang='lat' dir='ltr'><strong>iu</strong></span> <span class='ocrx_word' id='word_1_582' title='bbox 3198 3634 3395 3697; x_wconf 91' lang='lat' dir='ltr'><strong>locum</strong></span> <span class='ocrx_word' id='word_1_583' title='bbox 3411 3633 3664 3714; x_wconf 86' lang='lat' dir='ltr'><strong>redegit,</strong></span> 
     </span>
    </p>
   </div>
   <div class='ocr_carea' id='block_1_84' title="bbox 2024 3721 3665 3805">
    <p class='ocr_par' dir='ltr' id='par_1_84' title="bbox 2024 3721 3665 3805">
     <span class='ocr_line' id='line_1_84' title="bbox 2024 3721 3665 3805; baseline 0.001 -24"><span class='ocrx_word' id='word_1_584' title='bbox 2024 3721 2402 3803; x_wconf 65' lang='lat' dir='ltr'><strong>praefecitque</strong></span> <span class='ocrx_word' id='word_1_585' title='bbox 2430 3722 2548 3784; x_wconf 90' lang='lat' dir='ltr'><strong>illis</strong></span> <span class='ocrx_word' id='word_1_586' title='bbox 2579 3722 2871 3803; x_wconf 90' lang='lat' dir='ltr'><strong>ejusmodi</strong></span> <span class='ocrx_word' id='word_1_587' title='bbox 2900 3723 3201 3797; x_wconf 88' lang='lat' dir='ltr'><strong>feminam,</strong></span> <span class='ocrx_word' id='word_1_588' title='bbox 3237 3722 3470 3805; x_wconf 89' lang='lat' dir='ltr'><strong>qualem</strong></span> <span class='ocrx_word' id='word_1_589' title='bbox 3492 3740 3665 3803; x_wconf 87' lang='lat' dir='ltr'><strong>opor-</strong></span> 
     </span>
    </p>
   </div>
   <div class='ocr_carea' id='block_1_85' title="bbox 2024 3808 3664 3888">
    <p class='ocr_par' dir='ltr' id='par_1_85' title="bbox 2024 3808 3664 3888">
     <span class='ocr_line' id='line_1_85' title="bbox 2024 3808 3664 3888; baseline 0.001 -19"><span class='ocrx_word' id='word_1_590' title='bbox 2024 3808 2209 3884; x_wconf 83' lang='lat' dir='ltr'><strong>tebat,</strong></span> <span class='ocrx_word' id='word_1_591' title='bbox 2233 3828 2452 3888; x_wconf 84' lang='lat' dir='ltr'><strong>rogans</strong></span> <span class='ocrx_word' id='word_1_592' title='bbox 2474 3829 2682 3874; x_wconf 90' lang='lat' dir='ltr'><strong>omnes</strong></span> <span class='ocrx_word' id='word_1_593' title='bbox 2694 3811 2989 3887; x_wconf 84' lang='lat' dir='ltr'><strong>civitatem</strong></span> <span class='ocrx_word' id='word_1_594' title='bbox 3007 3811 3358 3887; x_wconf 88' lang='lat' dir='ltr'><strong>incolentes,</strong></span> <span class='ocrx_word' id='word_1_595' title='bbox 3379 3818 3444 3872; x_wconf 92' lang='lat' dir='ltr'><strong>ut</strong></span> <span class='ocrx_word' id='word_1_596' title='bbox 3461 3828 3664 3871; x_wconf 90' lang='lat' dir='ltr'><strong>curam</strong></span> 
     </span>
    </p>
   </div>
   <div class='ocr_carea' id='block_1_86' title="bbox 2024 3896 3663 3981">
    <p class='ocr_par' dir='ltr' id='par_1_86' title="bbox 2024 3896 3663 3981">
     <span class='ocr_line' id='line_1_86' title="bbox 2024 3896 3663 3981; baseline 0 -23"><span class='ocrx_word' id='word_1_597' title='bbox 2024 3896 2260 3959; x_wconf 92' lang='lat' dir='ltr'><strong>illarum</strong></span> <span class='ocrx_word' id='word_1_598' title='bbox 2293 3898 2684 3981; x_wconf 88' lang='lat' dir='ltr'><strong>susciperent,</strong></span> <span class='ocrx_word' id='word_1_599' title='bbox 2740 3907 3018 3981; x_wconf 88' lang='lat' dir='ltr'><strong>tanquam</strong></span> <span class='ocrx_word' id='word_1_600' title='bbox 3068 3897 3416 3960; x_wconf 85' lang='lat' dir='ltr'><strong>inﬁrmioris</strong></span> <span class='ocrx_word' id='word_1_601' title='bbox 3464 3915 3663 3973; x_wconf 84' lang='lat' dir='ltr'><strong>sexus,</strong></span> 
     </span>
    </p>
   </div>
   <div class='ocr_carea' id='block_1_87' title="bbox 2019 3984 3659 4068">
    <p class='ocr_par' dir='ltr' id='par_1_87' title="bbox 2019 3984 3659 4068">
     <span class='ocr_line' id='line_1_87' title="bbox 2019 3984 3659 4068; baseline 0 -22"><span class='ocrx_word' id='word_1_602' title='bbox 2019 3985 2178 4047; x_wconf 87' lang='lat' dir='ltr'><strong>unde</strong></span> <span class='ocrx_word' id='word_1_603' title='bbox 2199 3984 2374 4047; x_wconf 92' lang='lat' dir='ltr'><strong>etiam</strong></span> <span class='ocrx_word' id='word_1_604' title='bbox 2399 3995 2597 4049; x_wconf 91' lang='lat' dir='ltr'><strong>essent</strong></span> <span class='ocrx_word' id='word_1_605' title='bbox 2634 4006 2907 4067; x_wconf 84' lang='lat' dir='ltr'><strong>magnam</strong></span> <span class='ocrx_word' id='word_1_606' title='bbox 2939 3990 3276 4068; x_wconf 90' lang='lat' dir='ltr'><strong>percepturi</strong></span> <span class='ocrx_word' id='word_1_607' title='bbox 3305 3985 3617 4046; x_wconf 88' lang='lat' dir='ltr'><strong>utilitatem</strong></span> <span class='ocrx_word' id='word_1_608' title='bbox 3644 4005 3659 4046; x_wconf 89' lang='lat'><strong>:</strong></span> 
     </span>
    </p>
   </div>
   <div class='ocr_carea' id='block_1_88' title="bbox 2020 4072 3665 4155">
    <p class='ocr_par' dir='ltr' id='par_1_88' title="bbox 2020 4072 3665 4155">
     <span class='ocr_line' id='line_1_88' title="bbox 2020 4072 3665 4155; baseline 0 -21"><span class='ocrx_word' id='word_1_609' title='bbox 2020 4072 2163 4134; x_wconf 93' lang='lat' dir='ltr'><strong>illud</strong></span> <span class='ocrx_word' id='word_1_610' title='bbox 2197 4073 2443 4154; x_wconf 91' lang='lat' dir='ltr'><strong>insuper</strong></span> <span class='ocrx_word' id='word_1_611' title='bbox 2466 4075 2692 4137; x_wconf 88' lang='lat' dir='ltr'><strong>addens</strong></span> <span class='ocrx_word' id='word_1_612' title='bbox 2721 4096 2735 4139; x_wconf 92' lang='lat'>:</span> <span class='ocrx_word' id='word_1_613' title='bbox 2762 4074 2931 4148; x_wconf 86' lang='lat' dir='ltr'><strong>Quod</strong></span> <span class='ocrx_word' id='word_1_614' title='bbox 2962 4074 3013 4135; x_wconf 90' lang='lat' dir='ltr'><strong>si</strong></span> <span class='ocrx_word' id='word_1_615' title='bbox 3044 4073 3177 4155; x_wconf 92' lang='lat' dir='ltr'><strong>quis</strong></span> <span class='ocrx_word' id='word_1_616' title='bbox 3205 4080 3467 4134; x_wconf 90' lang='lat' dir='ltr'><strong>vestrum</strong></span> <span class='ocrx_word' id='word_1_617' title='bbox 3489 4072 3665 4134; x_wconf 91' lang='lat' dir='ltr'><strong>dece-</strong></span> 
     </span>
    </p>
   </div>
   <div class='ocr_carea' id='block_1_89' title="bbox 2020 4159 3662 4243">
    <p class='ocr_par' dir='ltr' id='par_1_89' title="bbox 2020 4159 3662 4243">
     <span class='ocr_line' id='line_1_89' title="bbox 2020 4159 3662 4243; baseline 0 -21"><span class='ocrx_word' id='word_1_618' title='bbox 2020 4160 2117 4223; x_wconf 90' lang='lat' dir='ltr'><strong>dat</strong></span> <span class='ocrx_word' id='word_1_619' title='bbox 2148 4170 2204 4222; x_wconf 90' lang='lat' dir='ltr'><strong>et</strong></span> <span class='ocrx_word' id='word_1_620' title='bbox 2233 4181 2381 4224; x_wconf 83' lang='lat' dir='ltr'><strong>uxor</strong></span> <span class='ocrx_word' id='word_1_621' title='bbox 2408 4164 2541 4243; x_wconf 82' lang='lat' dir='ltr'><strong>ejus</strong></span> <span class='ocrx_word' id='word_1_622' title='bbox 2570 4163 2710 4228; x_wconf 87' lang='lat' dir='ltr'><strong>velit</strong></span> <span class='ocrx_word' id='word_1_623' title='bbox 2736 4163 2798 4224; x_wconf 91' lang='lat' dir='ltr'><strong>in</strong></span> <span class='ocrx_word' id='word_1_624' title='bbox 2845 4169 3146 4242; x_wconf 90' lang='lat' dir='ltr'><strong>posterum</strong></span> <span class='ocrx_word' id='word_1_625' title='bbox 3180 4160 3449 4223; x_wconf 67' lang='lat' dir='ltr'><strong>caelibem</strong></span> <span class='ocrx_word' id='word_1_626' title='bbox 3480 4159 3662 4222; x_wconf 91' lang='lat' dir='ltr'><strong>vitam</strong></span> 
     </span>
    </p>
   </div>
   <div class='ocr_carea' id='block_1_90' title="bbox 300 4240 1940 4334">
    <p class='ocr_par' dir='ltr' id='par_1_90' title="bbox 300 4240 1940 4334">
     <span class='ocr_line' id='line_1_90' title="bbox 300 4240 1940 4334; baseline 0.002 -38"><span class='ocrx_word' id='word_1_627' title='bbox 300 4240 559 4317; x_wconf 68' lang='grc' dir='ltr'>λευτήσῃ,</span> <span class='ocrx_word' id='word_1_628' title='bbox 619 4243 707 4297; x_wconf 78' lang='grc' dir='ltr'>καὶ</span> <span class='ocrx_word' id='word_1_629' title='bbox 754 4240 987 4334; x_wconf 72' lang='grc' dir='ltr'>βουληθῇ</span> <span class='ocrx_word' id='word_1_630' title='bbox 1043 4245 1077 4312; x_wconf 78' lang='grc' dir='ltr'><strong>ἡ</strong></span> <span class='ocrx_word' id='word_1_631' title='bbox 1134 4244 1266 4334; x_wconf 74' lang='grc' dir='ltr'>γυνὴ</span> <span class='ocrx_word' id='word_1_632' title='bbox 1323 4244 1480 4302; x_wconf 74' lang='grc' dir='ltr'><strong>αὒτοῦ</strong></span> <span class='ocrx_word' id='word_1_633' title='bbox 1528 4254 1623 4304; x_wconf 82' lang='grc' dir='ltr'><strong>τοῦ</strong></span> <span class='ocrx_word' id='word_1_634' title='bbox 1672 4242 1858 4334; x_wconf 59' lang='grc' dir='ltr'>λοιποῆ</span> <span class='ocrx_word' id='word_1_635' title='bbox 1888 4244 1940 4300; x_wconf 80' lang='grc' dir='ltr'>ἐν</span> 
     </span>
    </p>
   </div>
   <div class='ocr_carea' id='block_1_91' title="bbox 2030 4240 3665 4334">
    <p class='ocr_par' dir='ltr' id='par_1_91' title="bbox 2030 4240 3665 4334">
     <span class='ocr_line' id='line_1_91' title="bbox 2030 4240 3665 4334; baseline 0 -24"><span class='ocrx_word' id='word_1_636' title='bbox 2030 4266 2223 4328; x_wconf 85' lang='lat' dir='ltr'><strong>agere,</strong></span> <span class='ocrx_word' id='word_1_637' title='bbox 2256 4250 2306 4310; x_wconf 91' lang='lat' dir='ltr'><strong>si</strong></span> <span class='ocrx_word' id='word_1_638' title='bbox 2335 4240 2457 4311; x_wconf 76' lang='lat' dir='ltr'><strong>non</strong></span> <span class='ocrx_word' id='word_1_639' title='bbox 2485 4252 2583 4334; x_wconf 85' lang='lat' dir='ltr'><strong>sit,</strong></span> <span class='ocrx_word' id='word_1_640' title='bbox 2611 4270 2726 4333; x_wconf 90' lang='lat' dir='ltr'><strong>quo</strong></span> <span class='ocrx_word' id='word_1_641' title='bbox 2770 4240 2871 4313; x_wconf 85' lang='lat' dir='ltr'><strong>illa</strong></span> <span class='ocrx_word' id='word_1_642' title='bbox 2899 4249 3198 4330; x_wconf 81' lang='lat' dir='ltr'><strong>confugiat</strong></span> <span class='ocrx_word' id='word_1_643' title='bbox 3228 4257 3285 4311; x_wconf 92' lang='lat' dir='ltr'><strong>et</strong></span> <span class='ocrx_word' id='word_1_644' title='bbox 3313 4248 3564 4331; x_wconf 90' lang='lat' dir='ltr'><strong>proinde</strong></span> <span class='ocrx_word' id='word_1_645' title='bbox 3590 4249 3665 4310; x_wconf 92' lang='lat' dir='ltr'><strong>ad</strong></span> 
     </span>
    </p>
   </div>
   <div class='ocr_carea' id='block_1_92' title="bbox 296 4331 1939 4413">
    <p class='ocr_par' dir='ltr' id='par_1_92' title="bbox 296 4331 1939 4413">
     <span class='ocr_line' id='line_1_92' title="bbox 296 4331 1939 4413; baseline 0.002 -27"><span class='ocrx_word' id='word_1_646' title='bbox 478 4331 697 4407; x_wconf 78' lang='grc' dir='ltr'>βιῶσαι,</span> <span class='ocrx_word' id='word_1_647' title='bbox 751 4332 828 4406; x_wconf 75' lang='grc' dir='ltr'><strong>μὴ</strong></span> <span class='ocrx_word' id='word_1_648' title='bbox 894 4331 1097 4412; x_wconf 79' lang='grc' dir='ltr'>ἔχουσα</span> <span class='ocrx_word' id='word_1_649' title='bbox 1144 4331 1199 4390; x_wconf 79' lang='grc' dir='ltr'><strong>δὲ</strong></span> <span class='ocrx_word' id='word_1_650' title='bbox 1253 4339 1355 4389; x_wconf 69' lang='grc' dir='ltr'>ποῦ</span> <span class='ocrx_word' id='word_1_651' title='bbox 1397 4346 1741 4413; x_wconf 75' lang='grc' dir='ltr'>καταφυγεῖν,</span> <span class='ocrx_word' id='word_1_652' title='bbox 1777 4332 1939 4413; x_wconf 73' lang='grc' dir='ltr'>ἑτέρῳ</span> 
     </span>
    </p>
   </div>
   <div class='ocr_carea' id='block_1_93' title="bbox 297 4419 1938 4502">
    <p class='ocr_par' dir='ltr' id='par_1_93' title="bbox 297 4419 1938 4502">
     <span class='ocr_line' id='line_1_93' title="bbox 297 4419 1938 4502; baseline 0.002 -28"><span class='ocrx_word' id='word_1_653' title='bbox 297 4420 457 4496; x_wconf 62' lang='grc' dir='ltr'>γάμῳ</span> <span class='ocrx_word' id='word_1_654' title='bbox 524 4419 920 4501; x_wconf 74' lang='grc' dir='ltr'>προσομιλήσῃ,</span> <span class='ocrx_word' id='word_1_655' title='bbox 992 4420 1239 4501; x_wconf 82' lang='grc' dir='ltr'>ὑμέτερόν</span> <span class='ocrx_word' id='word_1_656' title='bbox 1307 4421 1416 4479; x_wconf 76' lang='grc' dir='ltr'>ἐστι</span> <span class='ocrx_word' id='word_1_657' title='bbox 1488 4436 1755 4502; x_wconf 73' lang='grc' dir='ltr'>πταῖσμα,</span> <span class='ocrx_word' id='word_1_658' title='bbox 1832 4428 1938 4480; x_wconf 83' lang='grc' dir='ltr'><strong>τῶν</strong></span> 
     </span>
    </p>
   </div>
   <div class='ocr_carea' id='block_1_94' title="bbox 280 4506 1940 4591">
    <p class='ocr_par' dir='ltr' id='par_1_94' title="bbox 280 4506 1940 4591">
     <span class='ocr_line' id='line_1_94' title="bbox 280 4506 1940 4591; baseline 0.004 -29"><span class='ocrx_word' id='word_1_659' title='bbox 280 4510 375 4581; x_wconf 71' lang='grc' dir='ltr'><strong>-μὴ</strong></span> <span class='ocrx_word' id='word_1_660' title='bbox 421 4506 832 4567; x_wconf 67' lang='grc' dir='ltr'>σπουδασάντων</span> <span class='ocrx_word' id='word_1_661' title='bbox 874 4510 969 4566; x_wconf 75' lang='grc' dir='ltr'><strong>ἵνα</strong></span> <span class='ocrx_word' id='word_1_662' title='bbox 1014 4512 1235 4578; x_wconf 80' lang='grc' dir='ltr'>τοιαύτη</span> <span class='ocrx_word' id='word_1_663' title='bbox 1278 4509 1433 4576; x_wconf 85' lang='grc' dir='ltr'>πόλις</span> <span class='ocrx_word' id='word_1_664' title='bbox 1478 4512 1535 4569; x_wconf 85' lang='grc' dir='ltr'>ἓν</span> <span class='ocrx_word' id='word_1_665' title='bbox 1590 4513 1940 4591; x_wconf 75' lang='grc' dir='ltr'>μοναστήριον</span> 
     </span>
    </p>
   </div>
   <div class='ocr_carea' id='block_1_95' title="bbox 296 4593 1941 4678">
    <p class='ocr_par' dir='ltr' id='par_1_95' title="bbox 296 4593 1941 4678">
     <span class='ocr_line' id='line_1_95' title="bbox 296 4593 1941 4678; baseline 0.001 -27"><span class='ocrx_word' id='word_1_666' title='bbox 296 4595 427 4676; x_wconf 67' lang='grc' dir='ltr'><strong>ἔχῃ.</strong></span> <span class='ocrx_word' id='word_1_667' title='bbox 508 4604 601 4653; x_wconf 62' lang='lat' dir='ltr'><strong>Et:</strong></span> <span class='ocrx_word' id='word_1_668' title='bbox 659 4593 715 4651; x_wconf 74' lang='grc' dir='ltr'><strong>δὲ</strong></span> <span class='ocrx_word' id='word_1_669' title='bbox 774 4597 931 4654; x_wconf 69' lang='grc' dir='ltr'>αὐτοῦ</span> <span class='ocrx_word' id='word_1_670' title='bbox 986 4597 1039 4654; x_wconf 82' lang='grc' dir='ltr'>ἐν</span> <span class='ocrx_word' id='word_1_671' title='bbox 1092 4605 1169 4673; x_wconf 80' lang='grc' dir='ltr'>τῷ</span> <span class='ocrx_word' id='word_1_672' title='bbox 1222 4598 1432 4676; x_wconf 84' lang='grc' dir='ltr'>κάστρῳ</span> <span class='ocrx_word' id='word_1_673' title='bbox 1495 4605 1941 4678; x_wconf 76' lang='grc' dir='ltr'>προσκαρτεροῦν-</span> 
     </span>
    </p>
   </div>
   <div class='ocr_carea' id='block_1_96' title="bbox 296 4685 1940 4767">
    <p class='ocr_par' dir='ltr' id='par_1_96' title="bbox 296 4685 1940 4767">
     <span class='ocr_line' id='line_1_96' title="bbox 296 4685 1940 4767; baseline 0.001 -26"><span class='ocrx_word' id='word_1_674' title='bbox 296 4707 410 4759; x_wconf 84' lang='grc' dir='ltr'>τος,</span> <span class='ocrx_word' id='word_1_675' title='bbox 468 4686 562 4740; x_wconf 83' lang='grc' dir='ltr'>καὶ</span> <span class='ocrx_word' id='word_1_676' title='bbox 620 4686 805 4763; x_wconf 84' lang='grc' dir='ltr'>μικρὸν</span> <span class='ocrx_word' id='word_1_677' title='bbox 859 4688 962 4744; x_wconf 78' lang='grc' dir='ltr'><strong>ὑπὸ</strong></span> <span class='ocrx_word' id='word_1_678' title='bbox 1015 4685 1168 4743; x_wconf 89' lang='grc' dir='ltr'>νόσου</span> <span class='ocrx_word' id='word_1_679' title='bbox 1224 4685 1672 4767; x_wconf 83' lang='grc' dir='ltr'>καταληφθέντος,</span> <span class='ocrx_word' id='word_1_680' title='bbox 1732 4685 1940 4754; x_wconf 75' lang='grc' dir='ltr'>εἰσῆλθε</span> 
     </span>
    </p>
   </div>
   <div class='ocr_carea' id='block_1_97' title="bbox 295 4771 1942 4855">
    <p class='ocr_par' dir='ltr' id='par_1_97' title="bbox 295 4771 1942 4855">
     <span class='ocr_line' id='line_1_97' title="bbox 295 4771 1942 4855; baseline 0.002 -26"><span class='ocrx_word' id='word_1_681' title='bbox 295 4777 383 4829; x_wconf 77' lang='grc' dir='ltr'><strong>καὶ</strong></span> <span class='ocrx_word' id='word_1_682' title='bbox 436 4775 467 4830; x_wconf 85' lang='grc' dir='ltr'>ὁ</span> <span class='ocrx_word' id='word_1_683' title='bbox 539 4771 939 4851; x_wconf 79' lang='grc' dir='ltr'>μητροπολίτης</span> <span class='ocrx_word' id='word_1_684' title='bbox 1004 4771 1299 4854; x_wconf 77' lang='grc' dir='ltr'>Καλαϐρίας</span> <span class='ocrx_word' id='word_1_685' title='bbox 1374 4772 1760 4855; x_wconf 80' lang='grc' dir='ltr'>Θεοφύλακτος,</span> <span class='ocrx_word' id='word_1_686' title='bbox 1818 4794 1942 4833; x_wconf 77' lang='grc' dir='ltr'>συν·</span> 
     </span>
    </p>
   </div>
   <div class='ocr_carea' id='block_1_98' title="bbox 376 4931 1705 5013">
    <p class='ocr_par' dir='ltr' id='par_1_98' title="bbox 376 4931 1705 5013">
     <span class='ocr_line' id='line_1_98' title="bbox 376 4931 1705 5013; baseline -0.002 -15"><span class='ocrx_word' id='word_1_687' title='bbox 376 4934 443 4985; x_wconf 74' lang='grc'><strong>3³</strong></span> <span class='ocrx_word' id='word_1_688' title='bbox 468 4931 636 4998; x_wconf 83' lang='lat' dir='ltr'><strong>Psal.</strong></span> <span class='ocrx_word' id='word_1_689' title='bbox 663 4948 889 5013; x_wconf 80' lang='lat' dir='ltr'><strong>xxxvu,</strong></span> <span class='ocrx_word' id='word_1_690' title='bbox 919 4933 1018 4999; x_wconf 86' lang='grc'><strong>10.</strong></span> <span class='ocrx_word' id='word_1_691' title='bbox 1099 4933 1165 4986; x_wconf 67' lang='grc' dir='ltr'><strong>δι</strong></span> <span class='ocrx_word' id='word_1_692' title='bbox 1187 4933 1345 5000; x_wconf 85' lang='lat' dir='ltr'><strong>Psal.</strong></span> <span class='ocrx_word' id='word_1_693' title='bbox 1377 4947 1571 5011; x_wconf 83' lang='lat' dir='ltr'><strong>cxvm,</strong></span> <span class='ocrx_word' id='word_1_694' title='bbox 1603 4932 1705 4997; x_wconf 79' lang='lat'><strong>57.</strong></span> 
     </span>
    </p>
   </div>
   <div class='ocr_carea' id='block_1_99' title="bbox 2021 4336 3667 4419">
    <p class='ocr_par' dir='ltr' id='par_1_99' title="bbox 2021 4336 3667 4419">
     <span class='ocr_line' id='line_1_99' title="bbox 2021 4336 3667 4419; baseline 0 -22"><span class='ocrx_word' id='word_1_695' title='bbox 2021 4336 2312 4399; x_wconf 87' lang='lat' dir='ltr'><strong>secundas</strong></span> <span class='ocrx_word' id='word_1_696' title='bbox 2343 4338 2578 4419; x_wconf 89' lang='lat' dir='ltr'><strong>nuptias</strong></span> <span class='ocrx_word' id='word_1_697' title='bbox 2606 4347 2887 4415; x_wconf 88' lang='lat' dir='ltr'><strong>transeat,</strong></span> <span class='ocrx_word' id='word_1_698' title='bbox 2921 4357 3027 4401; x_wconf 90' lang='lat' dir='ltr'><strong>vos</strong></span> <span class='ocrx_word' id='word_1_699' title='bbox 3054 4339 3116 4400; x_wconf 96' lang='lat' dir='ltr'><strong>in</strong></span> <span class='ocrx_word' id='word_1_700' title='bbox 3148 4339 3325 4417; x_wconf 90' lang='lat' dir='ltr'><strong>culpa</strong></span> <span class='ocrx_word' id='word_1_701' title='bbox 3356 4336 3544 4416; x_wconf 87' lang='lat' dir='ltr'><strong>eritis,</strong></span> <span class='ocrx_word' id='word_1_702' title='bbox 3565 4336 3667 4419; x_wconf 91' lang='lat' dir='ltr'><strong>qui</strong></span> 
     </span>
    </p>
   </div>
   <div class='ocr_carea' id='block_1_100' title="bbox 2022 4425 3669 4506">
    <p class='ocr_par' dir='ltr' id='par_1_100' title="bbox 2022 4425 3669 4506">
     <span class='ocr_line' id='line_1_100' title="bbox 2022 4425 3669 4506; baseline 0.001 -21"><span class='ocrx_word' id='word_1_703' title='bbox 2022 4425 2277 4487; x_wconf 90' lang='lat' dir='ltr'><strong>studium</strong></span> <span class='ocrx_word' id='word_1_704' title='bbox 2311 4445 2429 4487; x_wconf 92' lang='lat' dir='ltr'><strong>non</strong></span> <span class='ocrx_word' id='word_1_705' title='bbox 2463 4428 2876 4506; x_wconf 84' lang='lat' dir='ltr'><strong>adhibueritis,</strong></span> <span class='ocrx_word' id='word_1_706' title='bbox 2909 4436 2971 4490; x_wconf 86' lang='lat' dir='ltr'><strong>ut</strong></span> <span class='ocrx_word' id='word_1_707' title='bbox 3000 4434 3111 4489; x_wconf 90' lang='lat' dir='ltr'><strong>tam</strong></span> <span class='ocrx_word' id='word_1_708' title='bbox 3145 4426 3427 4491; x_wconf 89' lang='lat' dir='ltr'><strong>nobibilis</strong></span> <span class='ocrx_word' id='word_1_709' title='bbox 3457 4427 3669 4489; x_wconf 89' lang='lat' dir='ltr'><strong>civitas</strong></span> 
     </span>
    </p>
   </div>
   <div class='ocr_carea' id='block_1_101' title="bbox 2021 4514 3667 4582">
    <p class='ocr_par' dir='ltr' id='par_1_101' title="bbox 2021 4514 3667 4582">
     <span class='ocr_line' id='line_1_101' title="bbox 2021 4514 3667 4582; baseline 0.001 -7"><span class='ocrx_word' id='word_1_710' title='bbox 2021 4532 2204 4575; x_wconf 92' lang='lat' dir='ltr'><strong>unum</strong></span> <span class='ocrx_word' id='word_1_711' title='bbox 2237 4514 2451 4579; x_wconf 88' lang='lat' dir='ltr'><strong>habeat</strong></span> <span class='ocrx_word' id='word_1_712' title='bbox 2476 4517 2922 4582; x_wconf 88' lang='lat' dir='ltr'><strong>monasterium.</strong></span> <span class='ocrx_word' id='word_1_713' title='bbox 2975 4519 3265 4579; x_wconf 58' lang='lat' dir='ltr'><strong>Caeterum</strong></span> <span class='ocrx_word' id='word_1_714' title='bbox 3298 4534 3432 4579; x_wconf 90' lang='lat' dir='ltr'><strong>cum</strong></span> <span class='ocrx_word' id='word_1_715' title='bbox 3472 4515 3667 4577; x_wconf 86' lang='lat' dir='ltr'><strong>adhuc</strong></span> 
     </span>
    </p>
   </div>
   <div class='ocr_carea' id='block_1_102' title="bbox 2023 4603 3665 4688">
    <p class='ocr_par' dir='ltr' id='par_1_102' title="bbox 2023 4603 3665 4688">
     <span class='ocr_line' id='line_1_102' title="bbox 2023 4603 3665 4688; baseline 0.001 -26"><span class='ocrx_word' id='word_1_716' title='bbox 2023 4610 2356 4666; x_wconf 89' lang='lat' dir='ltr'><strong>moraretur</strong></span> <span class='ocrx_word' id='word_1_717' title='bbox 2382 4605 2444 4667; x_wconf 94' lang='lat' dir='ltr'><strong>in</strong></span> <span class='ocrx_word' id='word_1_718' title='bbox 2475 4606 2691 4688; x_wconf 91' lang='lat' dir='ltr'><strong>oppido</strong></span> <span class='ocrx_word' id='word_1_719' title='bbox 2743 4613 2802 4669; x_wconf 91' lang='lat' dir='ltr'><strong>et</strong></span> <span class='ocrx_word' id='word_1_720' title='bbox 2846 4607 2907 4668; x_wconf 90' lang='lat' dir='ltr'><strong>in</strong></span> <span class='ocrx_word' id='word_1_721' title='bbox 2955 4603 3230 4667; x_wconf 88' lang='lat' dir='ltr'><strong>morbum</strong></span> <span class='ocrx_word' id='word_1_722' title='bbox 3279 4624 3398 4665; x_wconf 93' lang='lat' dir='ltr'><strong>non</strong></span> <span class='ocrx_word' id='word_1_723' title='bbox 3429 4621 3665 4683; x_wconf 85' lang='lat' dir='ltr'><strong>gravem</strong></span> 
     </span>
    </p>
   </div>
   <div class='ocr_carea' id='block_1_103' title="bbox 2020 4688 3666 4775">
    <p class='ocr_par' dir='ltr' id='par_1_103' title="bbox 2020 4688 3666 4775">
     <span class='ocr_line' id='line_1_103' title="bbox 2020 4688 3666 4775; baseline 0.001 -25"><span class='ocrx_word' id='word_1_724' title='bbox 2020 4688 2348 4768; x_wconf 88' lang='lat' dir='ltr'><strong>incidisset,</strong></span> <span class='ocrx_word' id='word_1_725' title='bbox 2362 4694 2521 4757; x_wconf 90' lang='lat' dir='ltr'><strong>venit</strong></span> <span class='ocrx_word' id='word_1_726' title='bbox 2539 4703 2597 4758; x_wconf 91' lang='lat' dir='ltr'><strong>et</strong></span> <span class='ocrx_word' id='word_1_727' title='bbox 2612 4694 2987 4775; x_wconf 91' lang='lat' dir='ltr'><strong>metropolita</strong></span> <span class='ocrx_word' id='word_1_728' title='bbox 2997 4693 3280 4758; x_wconf 85' lang='lat' dir='ltr'><strong>Calabriae</strong></span> <span class='ocrx_word' id='word_1_729' title='bbox 3300 4690 3666 4771; x_wconf 83' lang='lat' dir='ltr'><strong>Theophyla-</strong></span> 
     </span>
    </p>
   </div>
   <div class='ocr_carea' id='block_1_104' title="bbox 2023 4779 3668 4867">
    <p class='ocr_par' dir='ltr' id='par_1_104' title="bbox 2023 4779 3668 4867">
     <span class='ocr_line' id='line_1_104' title="bbox 2023 4779 3668 4867; baseline 0.001 -26"><span class='ocrx_word' id='word_1_730' title='bbox 2023 4785 2151 4841; x_wconf 89' lang='lat' dir='ltr'><strong>ctus</strong></span> <span class='ocrx_word' id='word_1_731' title='bbox 2169 4781 2384 4863; x_wconf 83' lang='lat' dir='ltr'><strong>(37),et</strong></span> <span class='ocrx_word' id='word_1_732' title='bbox 2405 4802 2523 4847; x_wconf 91' lang='lat' dir='ltr'><strong>una</strong></span> <span class='ocrx_word' id='word_1_733' title='bbox 2534 4803 2669 4847; x_wconf 89' lang='lat' dir='ltr'><strong>cum</strong></span> <span class='ocrx_word' id='word_1_734' title='bbox 2690 4783 2816 4867; x_wconf 88' lang='lat' dir='ltr'><strong>ipso</strong></span> <span class='ocrx_word' id='word_1_735' title='bbox 2837 4785 2952 4847; x_wconf 90' lang='lat' dir='ltr'><strong>Leo</strong></span> <span class='ocrx_word' id='word_1_736' title='bbox 2971 4781 3333 4846; x_wconf 88' lang='lat' dir='ltr'><strong>domesticus</strong></span> <span class='ocrx_word' id='word_1_737' title='bbox 3349 4779 3668 4865; x_wconf 88' lang='lat' dir='ltr'><strong>(38),|itte-</strong></span> 
     </span>
    </p>
   </div>
   <div class='ocr_carea' id='block_1_105' title="bbox 1674 5120 2283 5191">
    <p class='ocr_par' dir='ltr' id='par_1_105' title="bbox 1674 5120 2283 5191">
     <span class='ocr_line' id='line_1_105' title="bbox 1674 5120 2283 5191; baseline 0.008 -5"><span class='ocrx_word' id='word_1_738' title='bbox 1674 5120 1921 5186; x_wconf 86' lang='lat' dir='ltr'><strong>Joannis</strong></span> <span class='ocrx_word' id='word_1_739' title='bbox 1952 5122 2076 5188; x_wconf 88' lang='lat' dir='ltr'><strong>Clei</strong></span> <span class='ocrx_word' id='word_1_740' title='bbox 2109 5136 2283 5191; x_wconf 68' lang='lat' dir='ltr'><strong>notae.</strong></span> 
     </span>
    </p>
   </div>
   <div class='ocr_carea' id='block_1_106' title="bbox 383 5228 1939 5311">
    <p class='ocr_par' dir='ltr' id='par_1_106' title="bbox 383 5228 1939 5311">
     <span class='ocr_line' id='line_1_106' title="bbox 383 5228 1939 5311; baseline 0.001 -19"><span class='ocrx_word' id='word_1_741' title='bbox 383 5229 515 5311; x_wconf 83' lang='lat'><strong>(36)</strong></span> <span class='ocrx_word' id='word_1_742' title='bbox 544 5228 879 5311; x_wconf 76' lang='lat' dir='ltr'><strong>Eupraxius</strong></span> <span class='ocrx_word' id='word_1_743' title='bbox 934 5229 986 5292; x_wconf 90' lang='lat' dir='ltr'><strong>is</strong></span> <span class='ocrx_word' id='word_1_744' title='bbox 1031 5230 1193 5294; x_wconf 87' lang='lat' dir='ltr'><strong>idem</strong></span> <span class='ocrx_word' id='word_1_745' title='bbox 1236 5231 1477 5311; x_wconf 85' lang='lat' dir='ltr'><strong>videtur</strong></span> <span class='ocrx_word' id='word_1_746' title='bbox 1515 5229 1591 5292; x_wconf 89' lang='lat' dir='ltr'><strong>de</strong></span> <span class='ocrx_word' id='word_1_747' title='bbox 1621 5248 1736 5311; x_wconf 90' lang='lat' dir='ltr'><strong>quo</strong></span> <span class='ocrx_word' id='word_1_748' title='bbox 1767 5229 1939 5311; x_wconf 89' lang='lat' dir='ltr'><strong>paulo</strong></span> 
     </span>
    </p>
   </div>
   <div class='ocr_carea' id='block_1_107' title="bbox 306 5309 1943 5390">
    <p class='ocr_par' dir='ltr' id='par_1_107' title="bbox 306 5309 1943 5390">
     <span class='ocr_line' id='line_1_107' title="bbox 306 5309 1943 5390; baseline 0 -17"><span class='ocrx_word' id='word_1_749' title='bbox 306 5309 475 5390; x_wconf 76' lang='lat' dir='ltr'><strong>post:</strong></span> <span class='ocrx_word' id='word_1_750' title='bbox 511 5319 572 5370; x_wconf 89' lang='lat' dir='ltr'><strong>at</strong></span> <span class='ocrx_word' id='word_1_751' title='bbox 601 5309 656 5370; x_wconf 82' lang='lat' dir='ltr'><strong>is</strong></span> <span class='ocrx_word' id='word_1_752' title='bbox 681 5309 785 5370; x_wconf 90' lang='lat' dir='ltr'><strong>diu</strong></span> <span class='ocrx_word' id='word_1_753' title='bbox 840 5319 980 5373; x_wconf 86' lang='lat' dir='ltr'><strong>ante</strong></span> <span class='ocrx_word' id='word_1_754' title='bbox 1021 5312 1307 5374; x_wconf 88' lang='lat' dir='ltr'><strong>sacellum</strong></span> <span class='ocrx_word' id='word_1_755' title='bbox 1349 5313 1414 5374; x_wconf 92' lang='lat' dir='ltr'><strong>S.</strong></span> <span class='ocrx_word' id='word_1_756' title='bbox 1450 5309 1781 5373; x_wconf 27' lang='lat' dir='ltr'><strong>Anastasiae‘</strong></span> <span class='ocrx_word' id='word_1_757' title='bbox 1804 5330 1943 5373; x_wconf 90' lang='lat' dir='ltr'><strong>con-</strong></span> 
     </span>
    </p>
   </div>
   <div class='ocr_carea' id='block_1_108' title="bbox 308 5389 1943 5472">
    <p class='ocr_par' dir='ltr' id='par_1_108' title="bbox 308 5389 1943 5472">
     <span class='ocr_line' id='line_1_108' title="bbox 308 5389 1943 5472; baseline 0.001 -22"><span class='ocrx_word' id='word_1_758' title='bbox 308 5389 591 5472; x_wconf 64' lang='lat' dir='ltr'><strong>SIruxisse</strong></span> <span class='ocrx_word' id='word_1_759' title='bbox 619 5389 957 5452; x_wconf 87' lang='lat' dir='ltr'><strong>censendus</strong></span> <span class='ocrx_word' id='word_1_760' title='bbox 978 5400 1086 5465; x_wconf 91' lang='lat' dir='ltr'><strong>est,</strong></span> <span class='ocrx_word' id='word_1_761' title='bbox 1111 5390 1589 5472; x_wconf 80' lang='lat' dir='ltr'><strong>quandoquidem</strong></span> <span class='ocrx_word' id='word_1_762' title='bbox 1604 5390 1732 5472; x_wconf 86' lang='lat' dir='ltr'><strong>ejus</strong></span> <span class='ocrx_word' id='word_1_763' title='bbox 1752 5390 1943 5472; x_wconf 85' lang='lat' dir='ltr'><strong>admi-</strong></span> 
     </span>
    </p>
   </div>
   <div class='ocr_carea' id='block_1_109' title="bbox 309 5470 1943 5552">
    <p class='ocr_par' dir='ltr' id='par_1_109' title="bbox 309 5470 1943 5552">
     <span class='ocr_line' id='line_1_109' title="bbox 309 5470 1943 5552; baseline 0 -20"><span class='ocrx_word' id='word_1_764' title='bbox 309 5470 578 5552; x_wconf 74' lang='lat' dir='ltr'><strong>nistratio</strong></span> <span class='ocrx_word' id='word_1_765' title='bbox 610 5487 730 5535; x_wconf 86' lang='lat' dir='ltr'><strong>non</strong></span> <span class='ocrx_word' id='word_1_766' title='bbox 762 5488 941 5552; x_wconf 88' lang='lat' dir='ltr'><strong>parvo</strong></span> <span class='ocrx_word' id='word_1_767' title='bbox 973 5470 1239 5552; x_wconf 76' lang='lat' dir='ltr'><strong>tempore</strong></span> <span class='ocrx_word' id='word_1_768' title='bbox 1268 5470 1534 5552; x_wconf 78' lang='lat' dir='ltr'><strong>videatur</strong></span> <span class='ocrx_word' id='word_1_769' title='bbox 1563 5470 1675 5532; x_wconf 87' lang='lat' dir='ltr'><strong>sub</strong></span> <span class='ocrx_word' id='word_1_770' title='bbox 1688 5470 1943 5532; x_wconf 88' lang='lat' dir='ltr'><strong>Antonio</strong></span> 
     </span>
    </p>
   </div>
   <div class='ocr_carea' id='block_1_110' title="bbox 308 5549 1949 5632">
    <p class='ocr_par' dir='ltr' id='par_1_110' title="bbox 308 5549 1949 5632">
     <span class='ocr_line' id='line_1_110' title="bbox 308 5549 1949 5632; baseline 0 -20"><span class='ocrx_word' id='word_1_771' title='bbox 308 5549 511 5625; x_wconf 82' lang='lat' dir='ltr'><strong>fuisse,</strong></span> <span class='ocrx_word' id='word_1_772' title='bbox 534 5568 579 5632; x_wconf 16' lang='lat' dir='ltr'><strong>Aa</strong></span> <span class='ocrx_word' id='word_1_773' title='bbox 607 5549 958 5632; x_wconf 71' lang='lat' dir='ltr'><strong>quolegam</strong></span> <span class='ocrx_word' id='word_1_774' title='bbox 989 5549 1337 5632; x_wconf 74' lang='lat' dir='ltr'><strong>testamento</strong></span> <span class='ocrx_word' id='word_1_775' title='bbox 1369 5550 1523 5613; x_wconf 89' lang='lat' dir='ltr'><strong>bona</strong></span> <span class='ocrx_word' id='word_1_776' title='bbox 1552 5559 1860 5631; x_wconf 87' lang='lat' dir='ltr'><strong>acceperat</strong></span> <span class='ocrx_word' id='word_1_777' title='bbox 1889 5558 1949 5613; x_wconf 91' lang='lat' dir='ltr'><strong>et</strong></span> 
     </span>
    </p>
   </div>
   <div class='ocr_carea' id='block_1_111' title="bbox 309 5629 1946 5724">
    <p class='ocr_par' dir='ltr' id='par_1_111' title="bbox 309 5629 1946 5724">
     <span class='ocr_line' id='line_1_111' title="bbox 309 5629 1946 5724; baseline 0.001 -32"><span class='ocrx_word' id='word_1_778' title='bbox 309 5629 664 5724; x_wconf 60' lang='lat' dir='ltr'><strong>pauperibus</strong></span> <span class='ocrx_word' id='word_1_779' title='bbox 690 5629 1077 5724; x_wconf 71' lang='lat' dir='ltr'><strong>distribuerat</strong></span> <span class='ocrx_word' id='word_1_780' title='bbox 1130 5636 1195 5724; x_wconf 84' lang='lat' dir='ltr'><strong>S_.</strong></span> <span class='ocrx_word' id='word_1_781' title='bbox 1230 5631 1419 5724; x_wconf 57' lang='lat' dir='ltr'><strong>Eilus,</strong></span> <span class='ocrx_word' id='word_1_782' title='bbox 1470 5629 1715 5724; x_wconf 79' lang='lat' dir='ltr'><strong>propter</strong></span> <span class='ocrx_word' id='word_1_783' title='bbox 1765 5649 1946 5724; x_wconf 77' lang='lat' dir='ltr'><strong>quam</strong></span> 
     </span>
    </p>
   </div>
   <div class='ocr_carea' id='block_1_112' title="bbox 306 5710 1948 5794">
    <p class='ocr_par' dir='ltr' id='par_1_112' title="bbox 306 5710 1948 5794">
     <span class='ocr_line' id='line_1_112' title="bbox 306 5710 1948 5794; baseline 0.001 -22"><span class='ocrx_word' id='word_1_784' title='bbox 306 5710 437 5773; x_wconf 74' lang='lat' dir='ltr'><strong>rem</strong></span> <span class='ocrx_word' id='word_1_785' title='bbox 454 5710 719 5775; x_wconf 68' lang='lat' dir='ltr'><strong>avaritia:</strong></span> <span class='ocrx_word' id='word_1_786' title='bbox 760 5710 984 5776; x_wconf 88' lang='lat' dir='ltr'><strong>deinde</strong></span> <span class='ocrx_word' id='word_1_787' title='bbox 1028 5712 1184 5794; x_wconf 88' lang='lat' dir='ltr'><strong>apud</strong></span> <span class='ocrx_word' id='word_1_788' title='bbox 1230 5710 1590 5794; x_wconf 83' lang='lat' dir='ltr'><strong>Eupraxium</strong></span> <span class='ocrx_word' id='word_1_789' title='bbox 1640 5710 1948 5774; x_wconf 84' lang='lat' dir='ltr'><strong>accusatus</strong></span> 
     </span>
    </p>
   </div>
   <div class='ocr_carea' id='block_1_113' title="bbox 2022 5229 3668 5309">
    <p class='ocr_par' dir='ltr' id='par_1_113' title="bbox 2022 5229 3668 5309">
     <span class='ocr_line' id='line_1_113' title="bbox 2022 5229 3668 5309; baseline -0.001 -15"><span class='ocrx_word' id='word_1_790' title='bbox 2022 5233 2154 5308; x_wconf 89' lang='lat' dir='ltr'><strong>fuit,</strong></span> <span class='ocrx_word' id='word_1_791' title='bbox 2188 5234 2276 5295; x_wconf 92' lang='lat' dir='ltr'><strong>uti</strong></span> <span class='ocrx_word' id='word_1_792' title='bbox 2314 5235 2470 5297; x_wconf 81' lang='lat' dir='ltr'><strong>infra</strong></span> <span class='ocrx_word' id='word_1_793' title='bbox 2509 5238 2802 5296; x_wconf 90' lang='lat' dir='ltr'><strong>narratur.</strong></span> <span class='ocrx_word' id='word_1_794' title='bbox 2832 5229 3174 5295; x_wconf 84' lang='lat' dir='ltr'><strong>Verisimile</strong></span> <span class='ocrx_word' id='word_1_795' title='bbox 3204 5246 3381 5309; x_wconf 88' lang='lat' dir='ltr'><strong>porro</strong></span> <span class='ocrx_word' id='word_1_796' title='bbox 3416 5236 3526 5304; x_wconf 83' lang='lat' dir='ltr'><strong>est,</strong></span> <span class='ocrx_word' id='word_1_797' title='bbox 3565 5247 3668 5292; x_wconf 92' lang='lat' dir='ltr'><strong>re-</strong></span> 
     </span>
    </p>
   </div>
   <div class='ocr_carea' id='block_1_114' title="bbox 2022 5309 3665 5393">
    <p class='ocr_par' dir='ltr' id='par_1_114' title="bbox 2022 5309 3665 5393">
     <span class='ocr_line' id='line_1_114' title="bbox 2022 5309 3665 5393; baseline -0.001 -19"><span class='ocrx_word' id='word_1_798' title='bbox 2022 5322 2347 5393; x_wconf 85' lang='lat' dir='ltr'><strong>stauratum</strong></span> <span class='ocrx_word' id='word_1_799' title='bbox 2375 5335 2410 5378; x_wconf 87' lang='lat' dir='ltr'><strong>a</strong></span> <span class='ocrx_word' id='word_1_800' title='bbox 2438 5321 2644 5376; x_wconf 87' lang='lat' dir='ltr'><strong>sancto</strong></span> <span class='ocrx_word' id='word_1_801' title='bbox 2695 5312 3149 5393; x_wconf 77' lang='lat' dir='ltr'><strong>pa‘rthenonem,</strong></span> <span class='ocrx_word' id='word_1_802' title='bbox 3204 5315 3409 5393; x_wconf 74' lang='lat' dir='ltr'><strong>postea</strong></span> <span class='ocrx_word' id='word_1_803' title='bbox 3458 5309 3665 5393; x_wconf 81' lang='lat' dir='ltr'><strong>conci-</strong></span> 
     </span>
    </p>
   </div>
   <div class='ocr_carea' id='block_1_115' title="bbox 2024 5389 3665 5473">
    <p class='ocr_par' dir='ltr' id='par_1_115' title="bbox 2024 5389 3665 5473">
     <span class='ocr_line' id='line_1_115' title="bbox 2024 5389 3665 5473; baseline -0.002 -19"><span class='ocrx_word' id='word_1_804' title='bbox 2024 5392 2207 5460; x_wconf 90' lang='lat' dir='ltr'><strong>disse.</strong></span> <span class='ocrx_word' id='word_1_805' title='bbox 2243 5414 2375 5457; x_wconf 89' lang='lat' dir='ltr'><strong>nam</strong></span> <span class='ocrx_word' id='word_1_806' title='bbox 2411 5396 2569 5459; x_wconf 90' lang='lat' dir='ltr'><strong>illius</strong></span> <span class='ocrx_word' id='word_1_807' title='bbox 2596 5389 2756 5473; x_wconf 82' lang='lat' dir='ltr'><strong>apud</strong></span> <span class='ocrx_word' id='word_1_808' title='bbox 2798 5393 3113 5470; x_wconf 83' lang='lat' dir='ltr'><strong>Agrestam</strong></span> <span class='ocrx_word' id='word_1_809' title='bbox 3160 5389 3318 5471; x_wconf 78' lang='lat' dir='ltr'><strong>saepe</strong></span> <span class='ocrx_word' id='word_1_810' title='bbox 3365 5389 3665 5452; x_wconf 89' lang='lat' dir='ltr'><strong>laudatum</strong></span> 
     </span>
    </p>
   </div>
   <div class='ocr_carea' id='block_1_116' title="bbox 2029 5471 2822 5538">
    <p class='ocr_par' dir='ltr' id='par_1_116' title="bbox 2029 5471 2822 5538">
     <span class='ocr_line' id='line_1_116' title="bbox 2029 5471 2822 5538; baseline -0.006 -3"><span class='ocrx_word' id='word_1_811' title='bbox 2029 5473 2391 5537; x_wconf 90' lang='lat' dir='ltr'><strong>mentionem</strong></span> <span class='ocrx_word' id='word_1_812' title='bbox 2422 5495 2538 5538; x_wconf 91' lang='lat' dir='ltr'><strong>non</strong></span> <span class='ocrx_word' id='word_1_813' title='bbox 2564 5471 2822 5535; x_wconf 82' lang='lat' dir='ltr'><strong>invenio.</strong></span> 
     </span>
    </p>
   </div>
   <div class='ocr_carea' id='block_1_117' title="bbox 2113 5548 3671 5636">
    <p class='ocr_par' dir='ltr' id='par_1_117' title="bbox 2113 5548 3671 5636">
     <span class='ocr_line' id='line_1_117' title="bbox 2113 5548 3671 5636; baseline -0.005 -18"><span class='ocrx_word' id='word_1_814' title='bbox 2113 5553 2173 5636; x_wconf 92' lang='lat'>(3</span> <span class='ocrx_word' id='word_1_815' title='bbox 2183 5555 2240 5632; x_wconf 89' lang='lat'><strong>7)</strong></span> <span class='ocrx_word' id='word_1_816' title='bbox 2267 5557 2359 5619; x_wconf 90' lang='lat' dir='ltr'><strong>An</strong></span> <span class='ocrx_word' id='word_1_817' title='bbox 2386 5554 2895 5636; x_wconf 88' lang='lat' dir='ltr'><strong>archiepiscopus,</strong></span> <span class='ocrx_word' id='word_1_818' title='bbox 2912 5569 2985 5613; x_wconf 89' lang='lat' dir='ltr'><strong>an</strong></span> <span class='ocrx_word' id='word_1_819' title='bbox 3006 5548 3318 5633; x_wconf 71' lang='lat' dir='ltr'><strong>praefectus</strong></span> <span class='ocrx_word' id='word_1_820' title='bbox 3322 5548 3625 5636; x_wconf 75' lang='lat' dir='ltr'><strong>palatinus</strong></span> <span class='ocrx_word' id='word_1_821' title='bbox 3639 5549 3671 5610; x_wconf 86' lang='lat'><strong>?</strong></span> 
     </span>
    </p>
   </div>
   <div class='ocr_carea' id='block_1_118' title="bbox 3349 5629 3670 5692">
    <p class='ocr_par' dir='ltr' id='par_1_118' title="bbox 3349 5629 3670 5692">
     <span class='ocr_line' id='line_1_118' title="bbox 3349 5629 3670 5692; baseline 0 -2"><span class='ocrx_word' id='word_1_822' title='bbox 3349 5629 3384 5690; x_wconf 90' lang='lat' dir='ltr'><strong>d</strong></span> <span class='ocrx_word' id='word_1_823' title='bbox 3420 5629 3670 5692; x_wconf 87' lang='lat' dir='ltr'><strong>suadere</strong></span> 
     </span>
    </p>
   </div>
   <div class='ocr_carea' id='block_1_119' title="bbox 2109 5706 3665 5797">
    <p class='ocr_par' dir='ltr' id='par_1_119' title="bbox 2109 5706 3665 5797">
     <span class='ocr_line' id='line_1_119' title="bbox 2109 5706 3665 5797; baseline -0.003 -20"><span class='ocrx_word' id='word_1_824' title='bbox 2109 5715 2237 5797; x_wconf 89' lang='lat'><strong>(38)</strong></span> <span class='ocrx_word' id='word_1_825' title='bbox 2271 5715 2593 5797; x_wconf 79' lang='grc' dir='ltr'>Δομὲστικος</span> <span class='ocrx_word' id='word_1_826' title='bbox 2624 5722 2748 5778; x_wconf 88' lang='lat' dir='ltr'><strong>tum</strong></span> <span class='ocrx_word' id='word_1_827' title='bbox 2791 5709 2949 5790; x_wconf 86' lang='lat' dir='ltr'><strong>apud</strong></span> <span class='ocrx_word' id='word_1_828' title='bbox 2996 5706 3353 5795; x_wconf 87' lang='lat' dir='ltr'><strong>posteriores</strong></span> <span class='ocrx_word' id='word_1_829' title='bbox 3406 5709 3665 5774; x_wconf 81' lang='lat' dir='ltr'><strong>Graecos.</strong></span> 
     </span>
    </p>
   </div>
  </div>
