3966 6148
279 180 355 245 87
1791 176 2143 243 ΑΝΟΝῩΜΙ
3462 238 3475 245 ,
3577 177 3659 244 88

272 310 564 374 ratissimi
620 317 678 374 et
734 308 1129 374 eruditissimi
1181 308 1315 371 viri.
1374 308 1450 371 At
1496 324 1633 392 vero
1683 316 1925 372 sanctus

2011 311 2119 388 ἅμα
2149 310 2205 369 δὲ
2261 312 2403 390 αὒτῷ
2458 317 2546 372 καὶ
2603 318 2631 373 6
2688 314 2999 393 δομέστικος
3059 314 3230 392 Λέων,
3264 312 3440 395 ἄνδρες
3471 336 3657 394 γραμ-

273 399 451 463 Pater
501 400 666 462 Nilus
690 400 893 482 populi
910 398 1145 462 turbam
1168 397 1398 477 fugiens
1421 404 1478 459 et
1499 397 1753 459 amicam
1767 399 1925 480 quie-

2012 401 2369 477 ματικώτατοι
2400 404 2489 460 καὶ
2536 404 2854 483 σοφώτατοι.
2925 397 2981 464 Ὀ
3029 403 3083 460 δὲ
3114 403 3257 467 ὅσιος
3289 406 3471 482 Πατὴρ
3499 405 3660 478 ἡμῶν

279 495 398 552 tem
416 508 656 571 semper
671 497 977 570 exoptans,
1012 506 1221 569 parum
1251 486 1324 548 ab
1351 486 1567 567 oppido
1599 487 1923 566 digressus,

280 577 452 657 petiit
483 578 768 659 templum
801 576 1046 639 cultoris
1098 575 1287 638 eremi
1333 575 1577 638 Joannis
1622 575 1920 655 Baptistae,

280 665 453 745 cujus
509 666 684 727 etiam
747 664 879 726 vitae
928 664 1265 726 institutum
1310 661 1670 742 imitabatur,
1724 663 1927 745 ibique

278 771 413 815 cum
472 753 596 817 Deo
655 753 1166 816 sermocinabatur
1220 761 1374 815 totus
1431 751 1493 812 in
1543 750 1928 814 meditatione

280 840 535 908 deﬁxus.

2010 487 2204 552 Νεῖλος
2236 490 2441 570 φεύγων
2472 493 2571 559 τὴν
2624 501 2717 551 τοῦ
2767 491 2898 549 λαοῦ
2950 491 3203 572 ὄχλησιν,
3254 493 3341 547 καὶ
3368 491 3466 558 τὴν
3497 488 3661 569 φίλην

2008 578 2236 657 ἡσυχίαν
2300 579 2381 635 ἀεὶ
2457 579 2841 656 ἀσπαζόμενος,
2916 580 3086 646 ἐξελθε
3153 580 3340 658 μικρὸν
3409 578 3511 634 ἀπὸ
3565 584 3666 634 τοῦ

2010 663 2193 728 ἒίστεος
2257 664 2310 722 ἐν
2380 674 2459 742 τῷ
2527 676 2637 743 ναῷ
2705 674 2797 725 τοῦ
2865 668 3159 750 φιλερήμου
3215 669 3303 724 καὶ
3360 671 3663 723 Βαπτιστοῦ

2012 750 2280 830 Ἰωάννου,
2332 759 2391 813 οὗ
2438 758 2524 813 καὶ
2571 758 2660 813 τὸν
2709 758 2821 834 βίον
2871 756 3079 833 ἐζήλου,
3128 756 3289 813 κάκεῖ
3322 753 3661 836 ίπροσωμίλει

2010 848 2087 916 τῷ
2121 848 2257 919 Θεῷ,
2290 847 2379 902 καὶ
2405 851 2475 923 τῇ
2506 844 2704 922 μελέτη
2732 859 3045 927 προσεῖχεν.
3272 845 3283 851 ’

1767 993 2010 1059 CAPUT
2042 994 2167 1058 VII.

282 1108 629 1189 Propositus
657 1106 775 1170 sibi
801 1123 878 1169 ea:
903 1104 1097 1168 sacris
1127 1102 1375 1168 Litteris
1401 1102 1754 1183 quaestiones
1774 1102 2036 1180 resolvit,
2062 1120 2143 1165 ea:
2164 1106 2362 1184 iisque
2379 1109 2773 1184 proponentcs
2786 1101 2865 1166 ad
2878 1100 3094 1180 iudicii
3109 1100 3390 1164 timorem
3410 1100 3667 1189 uitaque

364 1186 853 1260 emendationem
886 1196 1198 1269 hortatur;
1240 1210 1375 1255 cum
1399 1190 1611 1253 Judao
1641 1209 1824 1270 agere
1842 1192 1917 1254 de
1940 1190 2064 1253 Deo
2093 1199 2371 1266 recusat;
2404 1191 2673 1257 habitum
2701 1195 3100 1256 monasticam
3127 1186 3522 1253 irridentibus
3550 1187 3667 1250 im-

360 1286 686 1349 minentem
716 1285 993 1347 divinam
1023 1284 1312 1344 ultionem
1341 1280 1638 1362 praedicit.

360 1390 464 1452 47.
494 1387 722 1450 Prodiit
752 1405 894 1466 ergo
924 1386 996 1448 ad
1029 1403 1162 1450 eum
1189 1384 1562 1465 metropolita
1592 1391 1650 1446 et
1678 1383 1922 1445 domes-

2087 1374 2195 1460 μζ’.
2232 1382 2480 1453 Ἐξῆλθεν
2509 1385 2597 1443 οὖν
2626 1386 2757 1465 πρὸς
2808 1384 2965 1442 αὐτὸν
3009 1386 3037 1441 6
3087 1381 3482 1464 μητροπολίτης
3511 1381 3599 1438 καὶ
3631 1384 3663 1438 6

282 1477 436 1540 ticus
464 1485 523 1540 et
546 1476 939 1555 magistratus,
964 1473 1250 1553 multique
1272 1473 1620 1534 sacerdotes
1633 1479 1690 1534 et
1723 1471 1925 1553 populi

2011 1470 2338 1555 δομέστικος,
2372 1476 2459 1531 καὶ
2516 1478 2563 1531 οἱ
2619 1473 2901 1555 ἄρχοντες,
2960 1475 3048 1530 καὶ
3094 1479 3202 1529 τῶν
3232 1472 3412 1552 ἱερέων
3442 1469 3661 1550 πολλοὶ,

282 1585 403 1629 non
415 1565 661 1627 minima
676 1581 831 1644 pars.
850 1563 1204 1625 Porrointer
1215 1563 1363 1622 viam
1378 1562 1569 1623 iniere
1580 1560 1921 1635 consilium,

2011 1563 2095 1617 καὶ
2158 1561 2288 1621 λαοῦ
2358 1562 2518 1642 μέρος
2588 1567 2648 1622 οὐ
2716 1562 3075 1643 βραχύτατον.
3140 1559 3548 1619 Ἐϐουλεύσαντο
3603 1558 3666 1616 δὲ

283 1655 416 1737 quis
446 1653 584 1736 quid
616 1636 702 1714 illi
729 1660 1088 1733 proponeret
1117 1670 1150 1713 e
1180 1649 1500 1732 Scripturae
1527 1649 1780 1722 arcanis,
1806 1668 1923 1710 non

2011 1649 2144 1706 κατὰ
2192 1649 2290 1716 τὴν
2349 1636 2491 1726 ὁδόν,
2548 1650 2627 1713 τίς
2682 1636 2957 1706 τίαῦἶῑῶν
3008 1649 3250 1728 ἐρωτήσῃ
3297 1655 3403 1705 τῶν
3445 1652 3660 1727 Γραφῆς

280 1750 401 1805 tam
429 1740 779 1804 addiscendi
808 1741 1027 1822 studio,
1061 1759 1236 1821 quam
1267 1739 1598 1820 periculum
1643 1737 1922 1799 faciendi.

2011 1737 2313 1816 ἄποῤῥήτων
2348 1758 2363 1772 ⁸
2436 1739 2493 1796 οὗ
2570 1748 2817 1798 τοσοῦτον
2904 1741 3115 1815 μαθεῖν,
3206 1738 3331 1797 ὅσον
3409 1743 3662 1817 πειρᾶσαι

284 1830 543 1896 Sedebat
565 1848 598 1891 e
618 1829 861 1908 regione
883 1828 972 1891 vir
991 1836 1252 1900 sanctus,
1280 1836 1338 1889 et
1367 1846 1500 1888 cum
1529 1825 1772 1886 vidisset
1792 1824 1925 1888 illos

282 1920 357 1982 ad
386 1937 452 1981 se
471 1919 799 1998 venientes,
844 1934 1045 1979 secum
1085 1915 1359 1978 dicebat:
1399 1914 1556 1977 Ecce
1596 1913 1837 1975 veniunt
1866 1913 1927 1975 hi

284 2015 344 2070 et
379 2023 724 2068 sermonum
767 2004 937 2067 nobis
957 2003 1220 2067 inanium
1253 2021 1425 2064 ansas
1454 2001 1697 2063 dabunt.
1732 2000 1806 2063 At
1838 2009 1922 2082 tu,

284 2095 538 2159 Domine
559 2095 701 2156 .lesu
725 2092 1196 2168 Christe,‘libera
1214 2110 1324 2153 nos
1346 2109 1379 2153 e
1402 2090 1629 2171 laqueis
1652 2092 1927 2152 adversa-

279 2185 357 2247 rii
373 2194 433 2247 et
453 2182 668 2262 largire
697 2182 893 2258 nobis,
928 2187 994 2243 ut
1017 2180 1350 2260 cogitemus
1375 2182 1433 2241 et
1454 2179 1767 2260 loquamur
1795 2195 1928 2259 quae

281 2279 533 2353 oportet,
568 2279 628 2333 et
655 2288 896 2349 agamus
925 2288 1057 2351 quae
1086 2269 1193 2331 tibi
1226 2268 1442 2348 placita
1473 2274 1633 2329 sunt.
1663 2266 1806 2330 Cum
1847 2266 1929 2328 ita

277 2367 521 2435 orasset,
554 2359 746 2438 aperit
774 2358 1017 2434 librum,
1053 2375 1229 2438 quem
1281 2375 1405 2437 pra;
1432 2355 1707 2417 manibus
1737 2355 1925 2417 habe-

282 2447 403 2529 bat,
436 2455 495 2510 et
520 2446 732 2508 incidit
776 2445 929 2507 ferte
977 2446 1036 2505 in
1092 2445 1496 2507 narrationem
1554 2444 1632 2506 de
1679 2443 1753 2504 iis
1798 2461 1929 2523 quae

281 2536 537 2599 revelata
548 2534 781 2596 fuerant
797 2532 967 2595 beato
985 2532 1694 2612 Simeoni,‘cognomento
1713 2530 1929 2594 Mentis

281 2623 649 2688 admirabilis
670 2624 822 2701 (39).
855 2622 1000 2685 Cum
1032 2640 1174 2701 ergo
1205 2621 1292 2682 illi
1325 2638 1510 2700 prope
1541 2619 1932 2681 accessissent

285 2721 345 2776 et
364 2718 603 2794 peracta
622 2710 976 2773 salutatione
991 2707 1655 2782 consedissent,librum
1673 2707 1933 2787 porrexit

284 2801 609 2865 domestico
640 2817 889 2878 magnus
918 2797 1111 2873 Pater,
1146 2808 1210 2858 ut
1261 2797 1486 2875 legeret
1533 2795 1635 2856 ubi
1668 2802 1931 2857 notatum

286 2895 434 2953 erat.
463 2888 568 2952 Ille
615 2906 683 2949 os
725 2905 898 2948 suum
945 2885 1224 2967 aperiens
1270 2884 1450 2965 coepit
1497 2884 1700 2961 legere
1746 2884 1930 2945 multa

2007 1825 2341 1903 βουλόμενοι.
2404 1828 2712 1903 Καθήμενος
2770 1825 2825 1882 δὲ
2881 1825 2932 1893 ἐξ
2989 1826 3224 1890 ἐναντίας
3273 1829 3301 1883 6
3347 1824 3514 1906 ὅσιος,
3567 1818 3663 1881 καὶ

2005 1915 2325 1990 θεασάμενος
2382 1916 2569 1979 αὖτοὺς
2619 1917 2751 1996 πρὸς
2805 1917 2961 1972 αὖτὸν
3026 1914 3375 1995 ἐρχομένους,
3428 1913 3570 1992 λέγει
3601 1912 3659 1970 ἐν

2006 2004 2177 2078 ἑαυτῷ
2207 2019 2222 2033 ⁸
2299 2001 2427 2061 Ἰδοὺ
2496 2012 2582 2063 νῦν
2653 2006 2793 2062 οὗτοι
2864 2003 3099 2067 ἐλθόντες
3173 2004 3248 2066 εἰς
3328 2000 3657 2082 ἀργολογίας

2006 2093 2151 2168 ἡμᾶς
2203 2088 2542 2167 ἐμϐαλοῦσιν.
2594 2090 2783 2166 Ἀλλὰ,
2842 2092 2997 2172 Κύριε
3055 2090 3231 2159 Ἰησοῦ
3281 2090 3496 2170 Χριστέ,
3556 2088 3660 2145 λύ-

2007 2181 2202 2260 τρώσαι
2257 2182 2399 2256 ἡμᾶς
2456 2181 2515 2237 ἐκ
2570 2186 2676 2237 τῶν
2710 2224 2714 2233 .
2747 2178 2982 2259 παγίδων
3050 2189 3142 2239 τοῦ
3211 2178 3506 2260 ἀλλοτρίου,
3569 2180 3661 2234 καὶ

2008 2268 2241 2349 δώρησαι
2268 2272 2403 2338 ἡπϊν
2432 2269 2631 2328 ἐννοεῖν
2686 2271 2773 2327 καὶ
2828 2268 3014 2327 λαλεῖν
3071 2270 3105 2326 ἃ
3153 2268 3260 2349 δεῖ,
3291 2270 3381 2325 καὶ
3408 2269 3659 2348 πράττειν

2008 2361 2073 2415 τὰ
2102 2360 2183 2415 σοὶ
2243 2359 2516 2437 εὖάρεστα.
2578 2360 2677 2417 Καὶ
2731 2365 2895 2416 ταῦτα
2954 2356 3256 2437 εὗξάμενος,
3304 2356 3500 2436 ἀνοίγει
3556 2356 3658 2424 τὴν

2010 2447 2063 2503 ἐν
2092 2453 2160 2524 τῇ
2216 2448 2358 2527 χειρὶ
2408 2447 2564 2503 αὒτοῦ
2618 2445 2821 2528 βίϐλον,
2874 2448 2960 2503 καὶ
3009 2447 3143 2505 κατὰ
3190 2445 3466 2525 συγκυρίαν
3514 2445 3658 2525 εὑρί-

2010 2556 2123 2591 σκει
2153 2533 2252 2601 τὴν
2318 2533 2609 2613 γενομένην
2666 2534 3000 2611 ἀποκάλυψιν
3057 2536 3188 2613 πρὸς
3244 2536 3333 2590 τὸν
3382 2532 3435 2589 ἐν
3484 2534 3657 2612 ἁγίοις

2012 2628 2267 2698 Συμεῶνα
2319 2624 2409 2678 τὸν
2465 2624 2537 2686 εἰς
2592 2624 2653 2678 τὸ
2706 2625 3004 2698 θαυμαστὸν
3058 2621 3199 2703 ὄρος.
3263 2618 3506 2679 Ἐκείνων
3565 2621 3658 2677 οὗν

2011 2711 2359 2789 ἐγγισάντων,
2419 2713 2507 2769 καὶ
2564 2713 2698 2788 μετὰ
2754 2713 2854 2781 τὴν
2908 2714 3258 2793 προσκύνησιν
3305 2712 3654 2792 καθισάντων,

2012 2797 2306 2857 ἐπιδίδωσιν
2359 2803 2386 2857 6
2449 2800 2615 2879 μέγας
2672 2800 2771 2869 τὴν
2839 2799 3015 2859 ϐίϐλον
3070 2810 3146 2878 τῷ
3222 2799 3514 2878 δομεστίκῳ
3562 2810 3659 2860 τοῦ

2011 2888 2331 2969 ἀναγνῶναι,
2364 2887 2483 2945 ἔνθα
2537 2890 2599 2946 τὸ
2654 2902 2883 2965 σημεῖον
2940 2892 3173 2971 ὑπῆρχε.
3233 2880 3290 2948 εΟ
3349 2886 3405 2945 δὲ
3450 2887 3657 2954 ἀνοίξας

172 5166 178 5175 ,
288 5088 459 5152 rium.

186 5720 192 5726 ,
274 5648 433 5731 apud
475 5646 757 5731 Caugium
798 5646 861 5731 in
904 5646 1928 5731 GlossarioGraeco-barbaraitesti-

285 2997 423 3041 cum
444 2983 754 3039 venustate
775 2983 834 3038 et
861 2974 1280 3055 intelligentia.
1310 2975 1459 3036 Cum
1490 2980 1688 3060 autem
1718 2989 1925 3051 perve-

2011 2978 2070 3033 τὸ
2114 2975 2309 3052 στόμα,
2369 2974 2561 3057 ἣρξατο
2615 2978 2751 3037 πάνυ
2804 2981 3002 3060 εὐφυῶς
3057 2982 3146 3036 καὶ
3204 2984 3471 3058 νουνεχῶς
3519 2977 3657 3034 ἂνα-

283 3064 543 3130 nissetin
561 3062 962 3139 locumillum,
988 3044 1090 3125 ubi
1106 3044 1343 3142 dicitur,
1360 3060 1435 3122 de
1459 3044 1922 3149 milleviiunam

2011 3071 2232 3145 γνῶγαι.
2294 3064 2567 3132 Ἐλθόντος
2624 3069 2710 3125 καὶ
2767 3070 2841 3134 εἷς
2897 3072 2989 3128 τὸν
3045 3070 3233 3142 τόπον,
3293 3068 3426 3128 ὅπου
3480 3066 3654 3149 λέγει,

281 3154 532 3235 reperiri
563 3152 819 3214 animam
875 3150 969 3212 his
1018 3148 1412 3231 temporibus,
1458 3166 1591 3228 quae
1618 3147 1680 3208 in
1711 3165 1924 3209 manus

2011 3153 2112 3211 ἀπὸ
2168 3155 2364 3234 μυρίων
2423 3155 2577 3231 μόλις
2635 3157 2953 3237 εὑρίσκεσθαι
3011 3160 3134 3234 μίαν
3192 3158 3375 3237 ψυχὴν
3433 3157 3485 3213 ἐν
3537 3147 3659 3220 τοῗξ

281 3249 623 3305 sanctorum
651 3239 998 3319 angelorum
1029 3238 1105 3300 de
1135 3255 1384 3318 corpore
1435 3243 1643 3311 exeat;
1688 3253 1925 3317 coepere

2011 3242 2258 3298 ἐνεστῶσι
2303 3243 2519 3324 χρόνοις
2573 3245 2673 3313 τὴν
2720 3245 2775 3302 ἐν
2831 3248 2983 3326 χερσὶ
3036 3252 3141 3303 τῶν
3198 3247 3364 3324 ἆγιων
3414 3243 3659 3322 ἀγγέλων

284 3329 581 3412 quasiuno
606 3346 711 3391 ore
730 3346 942 3390 omnes
955 3326 1192 3391 dicere:
1216 3325 1408 3402 Absit,
1434 3343 1552 3386 non
1581 3331 1670 3385 est
1697 3342 1924 3406 verum,

2011 3331 2408 3412 προερχομένην
2445 3351 2458 3365 '
2523 3330 2742 3413 ἤρξαντο
2798 3325 2993 3399 πάντες
3042 3338 3115 3399 ὡς
3170 3332 3222 3400 ἐξ
3254 3335 3367 3398 ένος
3393 3333 3658 3408 στόματος

283 3422 594 3484 haereticus
610 3425 721 3501 est,
748 3418 849 3501 qui
879 3417 994 3480 hoc
1031 3416 1200 3479 dixit.
1232 3416 1478 3479 Frustra
1507 3432 1644 3494 ergo
1676 3433 1787 3476 nos
1816 3415 1925 3475 ba-

2011 3418 2182 3499 λέγειν
2218 3436 2232 3449 ⁸
2294 3422 2382 3489 Μὴ
2436 3420 2642 3500 γένοιτο
2675 3438 2689 3452 ⁸
2751 3422 2846 3480 οὒκ
2903 3421 3043 3480 ἔστιν
3102 3422 3294 3490 ἀληθές
3329 3439 3343 3454 ⁸
3400 3421 3658 3501 αἱρετικός

283 3509 481 3590 ptizati
495 3526 702 3571 sumus
718 3514 774 3569 et
789 3523 1029 3570 crucem
1042 3505 1360 3567 adoramus
1386 3512 1445 3566 et
1464 3502 1686 3592 Christi
1716 3521 1925 3592 corpus

2014 3508 2155 3566 ἐστιν
2185 3511 2213 3565 6
2242 3507 2508 3580 λαλήσας.
2541 3512 2739 3568 Λοιπὸν
2794 3513 2957 3588 ἡμεῖς
3012 3510 3207 3592 δωρεὰν
3247 3509 3657 3589 ἐϐαπτίσθημεν,

289 3597 585 3659 sumimus
615 3602 674 3657 et
727 3593 1046 3659 Christiani
1072 3609 1351 3655 vocamur
1369 3597 1398 3656 ?
1425 3591 1530 3653 His
1558 3598 1617 3651 et
1645 3590 1925 3653 similibus.

2015 3598 2105 3655 καὶ
2173 3598 2262 3654 τὸν
2332 3600 2548 3677 σταυρὸν
2621 3607 3033 3680 προσκυνοῦμεν,
3091 3590 3212 3658 ήκαὶ
3282 3608 3661 3673 κοινωνοῦμεν,

285 3684 481 3748 verbis
496 3702 633 3747 cum
650 3701 859 3745 omnes
882 3680 1389 3757 contradicerent,
1413 3680 1757 3768 videretque
1781 3678 1925 3741 San-

2017 3687 2105 3742 καὶ
2175 3688 2475 3765 Χριστιανοὶ
2559 3686 2861 3768 λεγόμεθας
2953 3678 3126 3747 Ταῦτα
3213 3689 3302 3745 καὶ
3371 3688 3437 3747 τὰ
3504 3686 3666 3759 ὅμοια

288 3781 441 3850 ctus,
472 3772 621 3834 nihil
645 3772 718 3834 ad
747 3771 862 3834 hoc
889 3789 924 3833 a
955 3770 1332 3853 metropolita
1360 3776 1420 3831 et
1469 3767 1798 3858 domestico
1826 3786 1925 3858 ref

2014 3774 2219 3836 τούτοις
2266 3774 2478 3831 πάντων
2525 3767 2926 3855 ἀντιλεγόντων,
2987 3775 3109 3833 ἰδὼν
3163 3779 3191 3834 6
3243 3778 3519 3858 μακάριος,
3581 3774 3665 3832 ὅτι

289 3861 596 3944 sponderi,
627 3860 999 3942 respondens
1027 3860 1155 3941 ipse
1186 3858 1421 3940 placide
1453 3856 1639 3944 dixit:
1690 3855 1859 3930 Quod
1884 3857 1925 3918 si

2016 3865 2044 3919 6
2095 3862 2490 3942 μητροπολίτης
2544 3867 2631 3921 καὶ
2680 3868 2707 3921 6
2763 3862 3072 3940 δομέστικος
3138 3864 3284 3923 οὒδὲν
3334 3855 3515 3928 αῧτοϊς
3566 3863 3665 3920 λέ-

288 3943 457 4013 vobis
471 3950 814 4025 ostendero,
829 3959 887 4011 et
898 3948 1179 4011 Basilium
1194 3965 1492 4026 magnum,
1511 3943 1925 4027 ethrysosto-

2018 3973 2221 4030 γουσιν,
2285 3951 2539 4032 ἀπεκρίθη
2589 3953 2797 4032 πραέως
2848 3954 2937 4010 καὶ
2991 3953 3146 4010 εἶπεν
3180 3972 3195 3987 ·
3247 3952 3369 4011 Ἐὰν
3426 3952 3481 4009 δὲ
3534 3954 3664 4027 ὑμῖν

293 4058 478 4116 mum,
510 4037 995 4101 et'beatissimum
1014 4038 1316 4119 Ephraem,
1339 4035 1783 4098 etTheodorum
1808 4036 1925 4098 Stu-

2019 4038 2275 4105 ἀποδείξω
2340 4041 2429 4122 καὶ
2497 4043 2587 4097 τὸν
2645 4039 2812 4118 μέγαν
2869 4040 3155 4118 βασίλειον,
3218 4043 3307 4099 καὶ
3363 4041 3667 4122 Χρυσόστο-

288 4126 496 4203 ditam,
512 4125 929 4207 etApostolum
944 4125 1166 4206 ipsum,
1186 4123 1646 4203 acEvangelium
1666 4124 1925 4186 sentien-

2021 4148 2144 4203 μον,
2203 4129 2291 4185 καὶ
2352 4119 2584 4209 Ἐϐραδιμ
2635 4131 2727 4185 τὸν
2773 4130 3048 4202 πανόσιον,
3108 4132 3195 4187 καὶ
3254 4119 3519 4211 Θεόδωρον
3575 4132 3668 4186 τὸν

286 4220 376 4275 tes
404 4212 563 4275 idem
594 4206 1165 4294 atqueaﬂirmantes,
1186 4212 1326 4300 quid
1343 4229 1653 4294 poenarum
1672 4229 1800 4287 vos,
1828 4211 1925 4300 qui

2021 4214 2328 4296 Στουδίτην,
2381 4206 2469 4274 καὶ
2516 4219 2674 4277 αὐτὸν
2716 4219 2806 4275 τὸν
2865 4215 3213 4300 Ἀπόστολον,
3270 4221 3359 4275 καὶ
3404 4206 3466 4275 τδ
3514 4217 3667 4296 ἅγιον

285 4300 727 4364 inconsiderate
756 4319 823 4363 os
851 4300 1093 4380 aperitis
1123 4309 1182 4362 et
1229 4299 1476 4382 Spiritui
1506 4308 1711 4362 sancto
1742 4299 1925 4363 refra-

2018 4302 2343 4382 Εὖαγγέλιον
2404 4306 2497 4362 τὸν
2567 4307 2721 4363 αὐτὸν
2788 4308 2984 4364 σκοπὸν
3053 4308 3141 4365 καὶ
3200 4299 3522 4388 φρονοῦντας
3580 4308 3669 4363 καὶ

288 4388 510 4470 gamini
539 4396 599 4452 et
626 4388 959 4453 tremendis
1003 4392 1243 4453 Patrum
1293 4388 1606 4451 sententiis
1640 4388 1925 4452 haereseos

2016 4390 2295 4474 λέγοντας,
2327 4393 2378 4450 τί
2407 4393 2644 4453 πείσεσθε
2694 4395 2855 4470 ὑμεῖς
2905 4398 2952 4453 οἱ
3002 4396 3253 4460 ἀσκόπως
3310 4397 3376 4453 τὰ
3430 4399 3670 4473 στόματα

1630 4596 1633 4599 ‘
1666 4579 1916 4644 Joannis
1947 4580 2074 4644 Clei
2100 4590 2278 4647 uota.

290 4686 356 4751 Id
397 4685 665 4779 suadere
717 4684 978 4779 videtur,
1064 4685 1221 4779 quod
1291 4684 1529 4779 additur
1575 4685 1884 4779 galabriw
1918 4704 1932 4750 :
2020 4688 2346 4779 phylactus,
2375 4689 2741 4779 potuitALeo,
2778 4693 2880 4774 qui
2908 4692 3270 4779 domesticus
3301 4691 3431 4779 ejus
3458 4690 3670 4772 appel-

292 4706 356 4751 ια
414 4706 665 4779 suasere
717 4706 978 4763 videtur,
1064 4706 1221 4767 quoa
1291 4706 1529 4748 auaitur
1583 4706 1932 4750 Lataonw:
2020 4706 2566 4829 pnytactus,potu1t
2603 4706 2741 4767 Leo,
2778 4706 3270 4774 qutaomcsttcus
3301 4708 3431 4771 ejus
3458 4706 3670 4772 appet-

292 4767 733 4859 metrppolitam
808 4766 983 4859 paulo
1037 4774 1189 4859 ‘post
1262 4766 1517 4848 appellat
1575 4765 1939 4859 biographus
2039 4778 2194 4859 atur,
2235 4770 2417 4833 fuisse
2449 4772 2762 4859 praefectus
2789 4772 3009 4859 Acantui
3057 4771 3672 4859 ecclesiastico,__qu_re

288 4845 834 4939 archiepiscopum.
897 4846 972 4938 Si.
1018 4845 1095 4909 de
1151 4845 1357 4939 hocce
1399 4865 1597 4939 sermo
1652 4845 1940 4939 eSt,'_non
2022 4845 2280 4939 dignitas
2309 4845 2587 4914 non'erat
2616 4872 2683 4914 ex
2707 4852 2959 4939 infimis,
2993 4852 3078 4915 uti
3127 4871 3246 4914 non
3276 4860 3365 4915 est
3394 4845 3575 4912 hodie
3608 4853 3669 4912 in

289 4936 415 4992 erat
487 4926 541 5009 is
612 4926 1327 5009 Rossanensistquippe
1393 4926 1495 4989 ubi
1572 4927 1783 5009 δείξοεὲ
1818 4933 1940 4988 tum
2023 4926 2225 4992 choris
2252 4950 2470 4993 munus
2499 4931 2778 4995 cantoris.

287 5006 573 5101 temporis
601 5004 1278 5090 archiepiscopalis'nori
1335 5014 1481 5085 erat,
1515 5007 1620 5070 sed
1652 5004 1711 5070 S.
1747 5004 1931 5069 Seve-
2089 5010 2228 5103 £39)
2285 5010 2599 5103 Simeones
2651 5022 2772 5103 tres
2817 5012 3247 5103 homonymos,
3281 5011 3519 5093 Stylitas
3566 5028 3670 5103 ap-

2013 5090 2301 5174 pellatos,
2321 5089 2612 5174 in‘Opere
2634 5101 2845 5174 nostro
2876 5089 3059 5155 inter'
3087 5100 3323 5155 sanctos
3350 5089 3667 5174 recensuiv

2015 5170 2583 5264 inus._Prioris,:qui
2608 5172 2840 5264 LSenior
2859 5181 3140 5264 vocatur,
3172 5175 3349 5264 G_esta
3379 5173 3671 5264 illusirata

2012 5258 2151 5313 sunt
2179 5251 2215 5315 5
2246 5250 2535 5327 Januarii,
2570 5254 2814 5315 alterius
2856 5252 2934 5317 26
2972 5253 3155 5317 Julii:
3190 5252 3265 5314 de
3294 5252 3469 5314 tertio
3502 5250 3668 5313 deni-

2012 5349 2150 5415 que,
2184 5331 2288 5415 qui
2316 5332 2379 5415 in
2409 5334 2607 5415 Monte
2640 5331 3116 5415 mirabiliprOpe
3140 5331 3520 5415 Antiochiam
3551 5330 3665 5411 Sy-

2011 5410 2140 5487 riae,
2174 5410 2276 5473 ubi
2320 5412 2636 5494 virtutibus
2661 5420 2720 5494 et
2751 5410 3053 5494 prodigiis
3070 5413 3301 5494 claruit,
3327 5410 3667 5494 nuntiatur,

2014 5499 2211 5584 actum
2244 5492 2596 5584 est‘prolige
2621 5491 2974 5584 aianpingo
3003 5493 3076 5555 ad
3126 5492 3198 5554 2'.
3225 5492 3387 5584 Maii.
3421 5493 3508 5584 De
3527 5491 3672 5584 scri-

2015 5572 2140 5715 ἓέἰὲ
2158 5571 2291 5653 ejus
2323 5571 2635 5634 disseritur
2674 5571 2911 5636 ibidem
2933 5572 3267 5637 Comment.
3301 5571 3500 5656 praevii
3530 5571 3593 5654 ἓξ
3631 5571 3671 5634 4

2013 5670 2073 5715 θῑ
2098 5670 2161 5716 ἕ).

288 5255 433 5330 ιιιιιιΔ
461 5248 616 5330 apud
667 5247 1008 5330 mediiaavi
1052 5249 1375 5329 scriptores
1420 5246 1687 5330 Latinos,
1740 5245 1930 5330 varias

282 5325 752 5410 significationes
780 5328 985 5410 habet,
1017 5325 1231 5410 praeter
1259 5326 1583 5408 propriam,
1616 5325 1680 5388 in
1710 5346 1825 5410 qua
1857 5325 1929 5410 ab

279 5405 540 5502 antiquis
560 5417 898 5502 usurpatur.
934 5405 1278 5502 V‘e'nitnon—
1291 5405 1426 5468 raro
1450 5425 1554 5502 pro
1595 5405 1806 5482 amico,
1826 5405 1933 5485 fa-

277 5486 795 5570 miliarimaapius
818 5507 924 5570 pro
966 5488 1267 5569 dignitate
1290 5486 1559 5570 saeculari
1598 5505 1785 5568 eaque
1826 5506 1930 5570 va-

274 5569 387 5645 ria,
414 5566 769 5661 frequenter
796 5566 1187 5661 pronmu'nere
1215 5566 1642 5661 ecclesiastici),
1671 5566 1732 5628 ut
1771 5567 1930 5658 varia

274 5727 479 5795 monia
504 5727 685 5794 ﬁdem
707 5728 955 5794 faciunt.
980 5729 1040 5795 Si
1059 5729 1548 5812 archiepiscopus
1570 5733 1697 5790 erat
1725 5727 1920 5793 Theo-
