3966 6148
261 150 330 216 91

261 369 423 446 folia,
448 388 579 451 quae
601 368 767 432 radix
784 376 930 441 erat,
962 377 1064 431 aut
1090 376 1289 430 cortex
1317 389 1332 429 :
1367 375 1424 429 ct
1450 387 1589 429 num
1625 385 1901 448 prrecera

263 467 423 521 esset
450 458 653 534 arbor,
686 477 758 519 an
791 475 991 539 parva.
1038 456 1108 518 Et
1157 457 1291 538 quis
1342 474 1646 537 exponere
1694 456 1898 536 possit,

264 547 422 628 quod
452 547 640 608 oculis
667 564 967 627 nunquam
986 544 1164 608 vidit?
1197 544 1586 624 Respondeas
1618 543 1902 604 domesti-

265 656 370 699 cus
392 636 494 715 ait,
517 635 637 714 Ego
668 653 923 715 quoque.
950 636 1146 713 Pater,
1173 631 1572 709 interrogabo.
1607 631 1753 705 Quid
1789 631 1903 697 sibi

258 728 384 787 vult
432 724 653 785 dictum
707 722 852 784 illud
907 722 1175 802 Gregorii
1220 722 1542 800 Theologi:
1591 720 1900 793 Quomodo

260 814 420 877 enim
443 812 612 874 facile
637 811 805 873 saluti
829 811 1152 874 eritaliena
1173 812 1252 892 ei,
1276 830 1452 891 quem
1477 809 1731 891 perdidit
1763 827 1901 889 pro-

259 903 384 984 pria
409 901 434 964 ?
453 901 524 963 Et
553 900 731 963 Pater
759 900 828 962 ad
862 900 1027 961 illum
1054 918 1067 963 :
1096 903 1220 964 Hoc
1236 919 1268 960 a
1286 900 1526 961 doctore
1550 898 1653 959 tibi
1677 897 1900 959 dictum

258 999 368 1066 est,
402 1009 477 1052 ne
505 989 768 1052 conﬁdas
797 989 926 1052 fore
957 998 1022 1051 ut
1054 1006 1158 1070 per
1188 989 1505 1052 mulierem
1537 988 1725 1070 possis
1751 1005 1900 1049 con-

259 1080 429 1160 sequi
478 1078 753 1149 salutem.
799 1077 966 1150 Quod
1017 1078 1189 1140 etiam
1241 1076 1563 1158 Apostolus
1611 1075 1893 1154 castigato

258 1187 536 1231 sermone
567 1186 707 1228 usus
729 1167 1056 1241 affirmavit,
1075 1165 1316 1228 dicens:
1344 1190 1366 1223 (ι
1384 1165 1554 1229 Unde
1575 1163 1734 1226 enim
1752 1163 1891 1240 scis,

259 1257 493 1328 mulier,
515 1254 564 1316 si
588 1255 777 1316 virum
798 1255 1019 1316 salvum
1044 1255 1220 1316 {acies
1239 1254 1336 1317 55?
1376 1261 1689 1335 propterea
1710 1260 1893 1327 certe,

259 1346 396 1426 quia
425 1346 577 1406 solet
605 1344 856 1424 perdere
886 1343 1100 1405 virum.
1165 1343 1227 1406 Si
1273 1343 1471 1422 igitur,
1506 1360 1636 1422 quae
1666 1359 1902 1420 egressa

259 1440 350 1495 est
377 1433 450 1494 de
480 1450 659 1494 carne
688 1431 831 1494 Adae
862 1440 919 1494 et
944 1432 1181 1513 propria
1204 1432 1335 1512 ejus
1357 1431 1464 1492 fuit
1503 1448 1697 1501 soror,
1732 1438 1797 1490 ut
1823 1429 1903 1490 ita

259 1520 477 1592 dicam,
528 1526 627 1581 aut
670 1518 809 1592 ﬁlia,
843 1514 1108 1600 quiuimo
1159 1519 1378 1580 arctius
1424 1518 1509 1579 illi
1558 1517 1897 1598 conjuncta,

261 1616 758 1687 transgressorem
790 1607 934 1670 feeit
962 1606 1147 1670 virum
1181 1616 1237 1670 et
1269 1606 1587 1687 perditioni
1637 1604 1897 1686 tradidit,

261 1696 557 1779 quomodo
591 1706 647 1759 te
679 1697 750 1759 ad
783 1697 1054 1760 virtutem
1104 1695 1495 1778 permovebit,
1547 1714 1678 1776 qua;
1707 1694 1904 1756 aliena

259 1794 350 1848 est
378 1805 412 1847 a
441 1792 497 1847 te
521 1794 577 1848 et
606 1785 903 1848 voluntate
935 1793 992 1847 et
1026 1787 1215 1865 positu
1267 1793 1325 1847 et
1355 1785 1558 1847 habitu
1588 1791 1647 1844 et
1675 1783 1902 1845 forma-

259 1874 422 1935 tione
442 1873 472 1933 ?
502 1875 654 1937 Cave
685 1873 868 1952 igitur
891 1882 946 1936 et
977 1875 1105 1954 ipse
1126 1875 1231 1936 tibi
1254 1880 1663 1953 etsuspectam
1691 1870 1902 1933 habeto

260 1980 530 2026 uxorem.
593 1963 730 2025 Haec
789 1972 853 2026 et
910 1964 1091 2024 multa
1142 1963 1257 2025 alia
1305 1982 1438 2024 cum
1491 1961 1578 2023 illi
1629 1960 1895 2035 dixisset,

262 2051 637 2113 sermonibus
711 2070 846 2113 eum
922 2052 1091 2131 quasi
1168 2052 1285 2113 alio
1359 2048 1759 2133 spectantibus
1829 2048 1902 2109 ad

263 2140 650 2201 monaSticam
726 2137 1020 2201 invitabat
1089 2137 1311 2203 vitam:
1395 2156 1531 2201 nam
1614 2136 1782 2199 valde
1836 2137 1906 2198 iis

261 2227 381 2289 lum
455 2227 687 2290 amabat
753 2228 828 2291 ob
904 2229 1274 2291 relucentem
1351 2228 1414 2290 in
1487 2246 1558 2290 eo
1635 2226 1902 2308 pruden-

261 2317 424 2379 tiam.
1198 2368 1201 2369 ν

344 2407 441 2468 50.
474 2411 544 2469 At
574 2408 676 2470 ille
701 2407 1052 2487 respondit:
1086 2405 1236 2469 Sane
1266 2403 1551 2486 quidquid
1588 2423 1657 2467 ex
1689 2412 1904 2467 tecon-

264 2493 404 2575 silii,
460 2495 745 2577 quidquid
803 2495 1226 2557 admonitionis
1285 2502 1396 2575 est,
1448 2502 1656 2555 sancte
1702 2493 1898 2571 Pater,

262 2583 528 2645 utilitatis
559 2585 796 2665 plenum
826 2593 947 2646 est:
998 2603 1204 2645 verum
1254 2582 1315 2643 in
1365 2600 1533 2644 sacro
1582 2582 1901 2661 Evange‘lio

261 2672 552 2752 legimus:
585 2672 752 2746 Quod
781 2673 938 2735 Deus
969 2670 1292 2753 conjunxit,
1344 2671 1521 2733 homo
1573 2689 1691 2731 non
1717 2689 1894 2750 sepa-

259 2761 452 2825 ret'56.
488 2787 515 2818 »
550 2761 622 2822 Et
650 2780 894 2841 magnus
920 2765 1128 2825 Pater:
1164 2760 1226 2823 Si
1256 2760 1497 2841 quidem
1515 2760 1692 2821 homo
1719 2778 1895 2842 sepa-

1760 148 2117 215 ANONYMI

258 279 362 342 ubi
392 278 565 343 etiam
599 277 939 356 didicisses,
973 294 1180 342 rursus
1224 279 1619 360 perquireres,
1651 296 1783 356 quae
1813 277 1901 340 illi

1988 280 2160 342 ἄλλων
2189 286 2434 346 ἁπάντων
2470 306 2483 322 ⁸

3549 151 3635 219 92

2546 290 2574 346 ὃ
2621 291 2709 347 καὶ
2764 291 2899 366 μετὰ
2950 290 3011 347 τὸ
3069 293 3280 372 μαθεῖν,
3312 291 3627 372 ἀπορήσεις,

1982 372 2059 436 τίς
2082 371 2202 431 ποτ’
2233 373 2331 455 ἄρα
2385 379 2420 445 ἡ
2476 377 2612 454 ριζα,
2673 379 2724 435 τί
2778 380 2844 435 τὰ
2890 377 3061 456 φύλλα
3088 380 3176 435 καὶ
3194 382 3232 445 ,ὁ
3265 371 3449 460 φλοιός
3485 396 3499 409 ’
3535 380 3628 437 καὶ

1984 462 2027 516 εἰ
2096 461 2256 540 μέγα,
2434 466 2618 544 μικρὸν
2651 483 2668 501 ⁸
2731 468 2820 522 καὶ
2872 466 2950 531 τίς
3007 463 3214 523 δύναται
3279 467 3625 544 ἑρμηνεῦσαι,

1984 546 2112 628 ὅπερ
2167 565 2285 614 τοῗς
2331 552 2623 633 ὀφθαλμοῖς
2673 552 2919 613 οὗδέποτέ
2964 577 3045 619 τις
3101 553 3293 635 εἶδεν,
3339 553 3626 636 Ἀπεκρίθη

1984 640 2012 694 6
2040 636 2371 714 δομέστικος,
2423 643 2511 699 καὶ
2566 643 2722 700 εἶπεν
2756 659 2769 673 ⁸
2834 640 3122 721 Ἐρωτήσω
3176 643 3348 722 κάγὼ,
3402 645 3572 723 Πάτερ
3607 660 3621 674 ⁸

1983 726 2043 783 Τί
2071 726 2209 783 ἐστιν
2265 729 2293 783 ὃ
2350 727 2493 807 λέγει
2546 733 2574 786 6
2632 729 2891 809 Θεολόγος
2949 732 3237 811 Γρηγόριος
3274 748 3290 764 ⁸
3347 739 3468 797 Πῶς
3522 733 3628 810 γὰρ

1983 814 2141 870 σώσει
2171 814 2356 894 ῥᾳδίως
2388 819 2423 886 ἡ
2473 816 2742 899 ἀλλοτρία,
2800 821 2858 876 ὃν
2912 817 3185 876 ἀπώλεσεν
3230 822 3266 889 ἢ
3295 817 3396 877 ἰδία
3427 840 3445 900 ;
3481 811 3537 877 Ὀ
3568 818 3629 876 δὲ

1984 904 2165 982 Πατὴρ
2192 906 2322 983 πρὸς
2372 905 2524 962 αὐτόν
2557 923 2573 939 ⁸
2627 908 2790 964 Τοῦτό
2837 929 2919 964 σοι
2964 907 3181 988 εἴρηκεν
3228 911 3256 966 6
3286 906 3628 987 διδάσκαλος,

1983 988 2077 1087 ἕνα
2106 992 2183 1066 μὴ
2234 991 2519 1087 θ-αρρήσῃς,
2544 996 2623 1087 ’ὡς
2651 993 2765 1087 Δδιοί
2818 997 3064 1087 γυναικὸς
3120 997 3326 1077 ἰσχύεις
3364 1000 3626 1063 σωθῆναι.

1996 1080 2137 1160 ὒπερ
2191 1082 2279 1137 καὶ
2336 1084 2364 1138 6
2420 1080 2743 1147 Ἀπόστολος
2774 1083 3175 1161 κεκολασμένως
3231 1086 3392 1142 εἰπών
3425 1101 3440 1115 ⁸
3509 1106 3537 1140 α
3566 1084 3632 1143 Τί

1977 1170 2078 1249 γὰρ
2105 1167 2282 1244 οἶδας,
2315 1171 2490 1248 γύναι,
2552 1173 2596 1228 εἰ
2651 1175 2741 1228 τὸν
2800 1170 2961 1253 ἄνδρα
3016 1175 3253 1255 σώσειςς
3310 1174 3522 1238 πάντως
3550 1174 3629 1235 ὡς

1979 1260 2252 1328 συνήθειαν
2322 1258 2555 1339 ἐχούσης
2626 1267 2719 1317 τοῦ
2800 1264 2956 1320 αὐτὸν
3022 1262 3326 1323 ἀπολλύειν.
3388 1264 3448 1320 Εἰ
3502 1271 3631 1340 γοῦν

1980 1345 2155 1414 ἐκείνη
2184 1348 2218 1415 ἡ
2270 1347 2330 1405 ἐκ
2374 1355 2479 1405 τῶν
2541 1356 2749 1429 σαρκῶν
2804 1357 2896 1407 τοῦ
2951 1348 3128 1427 Ἀδὰμ
3184 1350 3481 1425 ἐξελθοῦσα,
3538 1352 3633 1407 καὶ

1980 1433 2082 1493 ἰδία
2143 1436 2284 1512 αὒτῷ
2338 1437 2491 1513 οὖσα,
2547 1440 2620 1503 ὡς
2677 1440 2872 1520 εἰπεῖν,
2929 1438 3128 1521 ἀδελφὴ
3186 1440 3222 1509 ἢ
3277 1440 3527 1519 θυγάτηρ,
3588 1438 3628 1507 ἢ

1920 1562 1966 1622 Β
1987 1524 2188 1622 μαλλον
2228 1527 2381 1622 ἰδπέρ
2450 1536 2663 1622 ταῦτα,-
2693 1526 2985 1622 πα-ραϐᾴσει
3008 1531 3131 1622 υτον
3184 1526 3346 1622 ἄνδρα
3396 1525 3628 1622 ὑπέϐαλε

1985 1617 2072 1671 καὶ
2128 1615 2394 1698 ἀπώλεσε,
2452 1623 2568 1682 πῶς
2625 1620 2697 1682 εἰς
2754 1619 2951 1698 ἀρετὴν
3006 1617 3210 1674 ἐλάσειε
3267 1619 3355 1675 καὶ
3398 1618 3547 1684 σώση
3588 1618 3627 1688 ᾗ

1983 1712 2076 1762 σοῦ
2105 1703 2351 1784 ἀλλοτρία
2400 1706 2489 1761 καὶ
2542 1728 2732 1784 γνωμῃ
2787 1709 2877 1763 καὶ
2929 1706 3066 1764 θέσει
3121 1708 3210 1764 καὶ
3261 1704 3363 1772 ἕξει
3391 1707 3479 1763 καὶ
3507 1703 3628 1760 δια-

1982 1790 2172 1849 πλάσει
2208 1810 2225 1867 ;
2282 1794 2523 1874 Πρύσεχε
2578 1796 2746 1854 τοίνυν
2792 1798 2881 1852 καὶ
2929 1797 2990 1852 σὺ
3020 1803 3245 1875 σεαυτῷ,
3277 1797 3365 1852 καὶ
3393 1795 3497 1851 ἀπὸ
3526 1797 3629 1861 τῆς

1985 1882 2258 1958 συγκοίτου
2325 1904 2415 1938 σου
2481 1881 2766 1963 πεφύλαξο.
2841 1894 3014 1944 Ταῦτα
3084 1886 3243 1941 εἰπὼν
3314 1886 3456 1958 αύτῷ
3537 1884 3630 1939 καὶ

1983 1967 2134 2047 ἕτερα
2162 1968 2356 2037 πολλὰ,
2392 1968 2476 2026 διὰ
2531 1968 2845 2049 παραϐολῶν
2901 1974 3029 2051 ἦγεν
3081 1972 3239 2029 αὒτὸν
3286 1974 3359 2037 εἷς
3388 1973 3485 2039 τὴν
3516 1992 3625 2046 μο-

1985 2054 2200 2124 ναδικὴν
2246 2057 2561 2142 πολὶτείαν;
2614 2060 2749 2117 πάνυ
2806 2060 2907 2141 γὰρ
2960 2061 3144 2142 ἠγάπα
3192 2062 3346 2119 αὐτὸν
3397 2057 3481 2116 διὰ
3524 2057 3627 2127 τὴν

1985 2146 2201 2216 συνετὴν
2229 2138 2547 2206 κατάστασιν
2579 2150 2755 2213 αὐτοῦ,

2063 2393 2133 2468 ν’.
2169 2395 2227 2464 Ὀ
2269 2402 2324 2462 δὲ
2372 2405 2706 2486 ἀποκρίνεται
2757 2406 2847 2464 καί
2898 2428 3057 2489 φησιν
3090 2424 3106 2441 ·
3176 2388 3393 2488 “Οντως,
3447 2413 3621 2487 Πατερ

1983 2493 2124 2573 ἅγιε,
2157 2494 2328 2551 πάντα
2378 2492 2621 2572 ὠφέλιμα
2678 2496 2766 2552 καὶ
2821 2493 3306 2573 συμϐουλεύειςμκαὶ
3331 2499 3620 2559 νουθετεῖς.

1984 2568 2152 2641 ’Ᾰλλὰ
2179 2582 2321 2662 λέγει
2350 2584 2412 2639 τὸ
2439 2568 2611 2662 1ἅγιγον
2660 2568 2983 2663 Εὗαγγέλιον
3017 2600 3035 2618 ⁵
3098 2606 3123 2641 α
3189 2568 3296 2643 εὈτι
3326 2583 3414 2641 οὗν
3440 2587 3468 2640 6
3491 2585 3622 2650 Θεὸς

1981 2668 2291 2745 συνέζευξεν,
2350 2670 2618 2752 ἅνθρωπος
2676 2672 2754 2748 μὴ
2815 2672 3111 2753 χωριζέτω,
3146 2691 3175 2733 ι
3238 2671 3393 2752 Λέγει
3425 2675 3567 2747 αὒτῷ
3595 2673 3624 2729 6

1981 2758 2146 2838 μέγας
2182 2775 2195 2789 ⁶
2231 2761 2290 2817 Εἰ
2335 2760 2429 2836 μὲν
2487 2759 2755 2840 ἅνθρωπος
2811 2762 3048 2843 χωρίζει,
3104 2760 3281 2825 καλῶς
3313 2762 3499 2836 εἶπας,
3532 2762 3624 2828 Μὴ

260 2859 442 2927 raret,
475 2849 628 2914 bene
688 2850 945 2913 diceres.
997 2850 1082 2913 Ne
1127 2848 1407 2930 separet?
1456 2852 1534 2912 At
1582 2849 1633 2910 si
1674 2849 1895 2912 dictum

1987 2847 2277 2930 χωριζέτω,
2309 2849 2368 2906 Εἰ
2396 2845 2450 2904 δὲ
2479 2850 2508 2905 6
2550 2848 2708 2928 λόγος
2764 2860 2856 2909 τοῦ
2909 2849 3147 2914 εἰπόντος
3195 2849 3333 2908 ἐστιν
3393 2853 3421 2907 6
3449 2850 3629 2930 χωρί-

258 2949 493 3021 separat
513 2939 593 3002 ita
615 2940 1052 3021 pronuntiantis
1080 2959 1094 3003 :
1122 2960 1152 3000 α
1179 2939 1286 3012 Qui
1311 2957 1427 3000 non
1458 2938 1763 3019 reliquerit
1784 2938 1896 3000 do-

260 3048 448 3103 mum,
470 3038 568 3091 aut
587 3031 817 3105 fratres,
840 3039 942 3091 aut
961 3048 1229 3100 uxorem,
1254 3037 1353 3090 aut
1390 3027 1545 3089 ﬁlios
1577 3037 1634 3089 et
1662 3036 1895 3106 caetera,

259 3137 380 3180 non
412 3127 502 3180 est
533 3137 626 3180 me
655 3119 869 3198 dignus
902 3119 989 3194 37,
1017 3117 1150 3200 quis
1182 3125 1293 3192 est,
1327 3116 1429 3198 qui
1460 3136 1607 3197 opus
1637 3116 1744 3179 hos
1774 3120 1896 3181 Deo

261 3215 488 3286 gratum
511 3207 804 3288 impedire
824 3215 1038 3288 queat?
1059 3207 1200 3280 Quis
1220 3214 1416 3268 autem
1441 3205 1621 3286 novit,
1645 3224 1717 3267 an
1742 3206 1899 3268 Deus

262 3294 460 3371 fuerit,
484 3296 584 3375 qui
605 3295 819 3376 junxit,
840 3304 898 3356 et
919 3314 1035 3358 non
1065 3313 1232 3356 amor
1267 3294 1461 3376 potius
1491 3311 1809 3373 corporum
1843 3301 1902 3354 et

262 3383 457 3445 carnis
498 3384 782 3460 voluptas,
844 3384 919 3446 ob
973 3403 1147 3466 quam
1199 3390 1399 3445 monet
1444 3383 1784 3463 Apostolus,
1834 3390 1896 3443 ut

266 3477 509 3552 propter
539 3470 988 3533 fornicationem
1021 3474 1429 3551 unusquisque
1459 3488 1627 3530 suam
1658 3488 1901 3530 uxorem

274 3558 615 3622 habeat58?
658 3559 794 3622 Haec
823 3570 880 3622 et
906 3561 1074 3642 plura
1103 3578 1237 3621 cum
1267 3558 1592 3633 audissent,
1625 3576 1744 3619 non
1775 3576 1904 3619 mo-

270 3650 405 3711 dica
432 3648 680 3710 utilitate
739 3658 1035 3729 percepta,
1090 3656 1489 3718 recesserunt,
1544 3646 1904 3708 admirantes

263 3738 537 3799 virtutem
570 3746 630 3799 et
656 3738 1002 3816 sapientiam
1034 3736 1190 3799 beati
1222 3736 1328 3797 viri
1355 3757 1369 3795 ε
1423 3745 1486 3797 ut
1532 3734 1905 3814 metropolita

266 3827 397 3907 ipse
426 3826 686 3888 diceret:
719 3826 841 3889 Deo
872 3835 1042 3902 teste,
1069 3826 1272 3901 fateor,
1299 3842 1576 3903 maguum
1599 3840 1730 3885 esse
1748 3824 1903 3886 hunc

267 3916 642 3995 Calogerum.
676 3918 920 3979 Postero
969 3915 1067 3976 die
1107 3915 1199 3976 vir
1239 3922 1483 3975 sanctus
1534 3911 1610 3973 de
1641 3911 1770 3972 loco
1803 3911 1904 3973 illo

275 4005 609 4075 descendit,
646 4013 703 4066 et
732 4024 869 4067 cum
922 4004 1222 4083 ingressus
1268 4010 1425 4065 esset
1471 4001 1531 4062 in
1579 4001 1902 4078 civitatem,

269 4094 516 4156 accessit
542 4092 615 4154 ad
646 4113 783 4155 eum
829 4092 1070 4156 Iudaeus
1115 4092 1379 4174 quidam,
1424 4090 1749 4152 Domnulus
1792 4110 1903 4151 no-

2121 2952 2135 2967 °
2173 2959 2201 2992 or
2231 2920 2324 3001 "0;
2354 2936 2449 2993 οὒκ
2477 2920 2678 3018 ἀφῆκεν
2708 2938 2895 3011 οἰκίας,
2928 2939 2965 3008 ἦ
2994 2937 3270 3019 ἀδελφοὺς,
3303 2937 3340 3007 ἢ
3369 2920 3622 3018 ἀδελφας,

1982 3025 2019 3094 ἢ
2082 3038 2327 3103 γυναῖκα,
2382 3028 2418 3094 ἢ
2476 3025 2655 3108 τέκνα,
2711 3028 2801 3084 καὶ
2847 3027 2913 3083 τὰ
2968 3025 3152 3107 λοιπὰ,
3210 3029 3304 3084 οὒκ
3361 3025 3469 3083 ἔστι
3522 3049 3624 3103 μου

1983 3112 2123 3179 ἄξιος
2156 3129 2169 3143 ·
2206 3132 2236 3174 ›
2270 3114 2348 3177 τίς
2400 3113 2540 3170 ἐστιν
2597 3118 2625 3171 6
2686 3116 2747 3172 τὸ
2802 3115 3075 3196 θεάρεστον
3119 3124 3271 3174 τοῦτο
3321 3114 3572 3172 κωλύσων
3609 3135 3627 3197 ;

1981 3203 2069 3267 Τίς
2129 3200 2188 3258 δὲ
2242 3205 2330 3259 καὶ
2385 3200 2551 3277 οἶδεν,
2614 3206 2658 3260 εἰ
2712 3206 2740 3261 6
2798 3205 2927 3270 Θεός
2987 3205 3128 3261 ἐστιν
3187 3207 3216 3261 6
3244 3203 3508 3278 συζεύξας,
3538 3205 3628 3261 καὶ

1982 3291 2106 3371 οὗχὶ
2161 3288 2293 3369 ἔρως
2347 3292 2673 3372 σωματικὸς,
2731 3294 2819 3349 καὶ
2873 3291 3039 3362 ἡδονὴ
3094 3293 3311 3372 σαρκὸς,
3370 3293 3543 3356 καθὼς
3599 3295 3628 3350 6

1982 3376 2306 3443 Ἀπόστολος
2336 3378 2478 3459 λέγει
2513 3396 2527 3410 ⁶
2580 3380 2660 3437 ὅτι
2720 3399 2752 3441 (
2782 3379 2865 3438 διὰ
2892 3383 2985 3446 τὰς
3013 3383 3254 3461 πορνείας
3283 3379 3503 3447 ’ἕκαστος
3531 3382 3628 3450 τὴν

1986 3468 2170 3526 ἑαυτοῦ
2197 3482 2424 3545 γυναῖκα
2455 3468 2628 3550 ἐχέτω
2660 3489 2677 3551 ς
2737 3493 2766 3526 no
2831 3477 3004 3529 Ταῦτα
3052 3472 3141 3527 καὶ
3187 3469 3403 3528 πλείονα
3432 3471 3627 3529 τούτων

1988 3555 2329 3637 ἀκούσαντες,
2386 3559 2475 3613 καὶ
2530 3557 2775 3636 μεγάλως
2830 3559 3212 3640 ὠφεληθέντες,
3275 3559 3626 3640 ἀνεχώρησαν

1984 3645 2334 3721 θαυμάζοντες
2390 3652 2489 3715 τὴν
2539 3646 2728 3725 ἀρετὴν
2787 3649 2873 3703 καὶ
2929 3648 3111 3728 σοφίαν
3166 3655 3280 3729 τοῦῌ
3315 3649 3573 3729 μακαρίου
3610 3668 3622 3682 ·

1984 3735 2059 3797 ὡς
2086 3720 2174 3790 καὶ
2217 3734 2373 3791 αὺτὸν
2400 3736 2491 3791 τὸν
2522 3720 2914 3812 μητροπολίτην
2968 3720 3137 3793 εἶπεϊν
3173 3753 3188 3768 ⁸
3412 3739 3440 3794 6
3465 3720 3474 3729 ’
3496 3739 3627 3800 Θεὸς

1985 3820 2123 3901 οἶδε,
2184 3821 2350 3902 μέγας
2406 3823 2545 3880 ἐστὶν
2600 3826 2628 3880 6
2686 3823 2996 3905 Καλύγηρος
3053 3828 3227 3889 οὗτος.
3272 3832 3351 3903 Τῇ
3379 3826 3622 3906 ἐπαύριον

1985 3910 2325 3975 κατελθόντος
2394 3918 2487 3969 τοῦ
2551 3912 2694 3969 ὁσίου
2750 3912 2975 3976 ἐκεῖθεν.
3032 3916 3122 3970 καὶ
3177 3914 3230 3970 ἐν
3287 3922 3363 3989 τῷ
3415 3915 3630 3995 κάστρῳ

1985 3999 2400 4075 εἰσεληλυθότος,
2496 3999 2710 4082 ἔρχεται
2794 4004 2926 4080 πρὸς
3005 4004 3158 4061 αὐτὸν
3227 4001 3482 4067 Ἰουδαῖός
3546 4026 3630 4068 τις

1988 4091 2206 4167 ὀνόματι
2240 4088 2558 4165 Δόμνουλος,
2621 4092 2679 4155 ὃς
2734 4090 2799 4159 ἦν
2854 4096 2997 4167 αὐτῷ
3051 4094 3283 4170 γνωστὸς
3333 4093 3393 4149 ἐκ
3434 4092 3630 4160 νεότη-

271 4181 453 4255 mine,
513 4181 614 4261 qui
664 4190 839 4243 notus
882 4181 968 4242 illi
1010 4190 1139 4243 erat
1185 4199 1221 4242 a
1276 4179 1465 4261 prima
1508 4186 1700 4253 aetate,
1750 4179 1901 4260 quod

1992 4201 2082 4242 τος
2108 4182 2284 4257 αὖτοῦ,
2335 4176 2418 4234 διὰ
2473 4181 2535 4234 τὸ
2591 4180 2733 4236 εἶναι
2786 4180 2940 4238 αὒτὸν
2995 4178 3191 4259 σφόδρα
3210 4180 3511 4269 ’,φιλομάθῆ
3542 4183 3630 4238 καὶ

271 4278 429 4333 esset
474 4269 795 4331 admodum
825 4269 1122 4330 studiosus
1151 4276 1209 4330 et
1243 4269 1304 4329 in
1336 4267 1593 4329 melendi
1633 4276 1758 4329 arte
1790 4287 1908 4330 non

269 4357 585 4447 vulgariter
605 4356 838 4420 doctus.
864 4355 1060 4447 Coepit
1073 4355 1305 4447 ergo‘ad
1333 4357 1562 4417 Patrem
1581 4355 1662 4418 ita
1673 4354 1903 4447 dicere:

269 4445 487 4510 Audivi
515 4447 588 4509 de
618 4463 829 4525 aspera
856 4443 1089 4506 vivendi
1119 4443 1368 4523 ratione,
1409 4461 1526 4524 qua
1558 4451 1613 4504 te
1642 4443 1904 4523 exerces,

270 4552 599 4614 magnaque
627 4533 987 4596 abstinentia
1016 4540 1074 4594 et
1104 4530 1385 4612 mirabar,
1417 4530 1614 4593 sciens
1642 4530 1909 4612 corporis

270 4625 356 4685 tui
388 4622 821 4699 habitudinem,
881 4621 1036 4705 quod
1087 4640 1206 4683 non
1251 4638 1412 4682 esses
1457 4619 1654 4700 lapsus
1682 4619 1744 4681 in
1776 4621 1907 4701 epi-

269 4713 540 4794 lepsiam.
602 4710 755 4792 Ergo
811 4712 862 4775 si
919 4711 1085 4787 libet,
1146 4708 1300 4773 dabo
1348 4707 1456 4771 tibi
1519 4708 1905 4789 pbarmacum

275 4808 744 4882 temperamento
795 4819 1152 4882 congruens,
1205 4806 1270 4862 ut
1315 4798 1560 4881 posthac
1608 4804 1727 4860 toto
1775 4796 1910 4858 vitae

276 4896 394 4952 tute
453 4896 720 4969 tempore
777 4890 999 4952 nullam
1057 4888 1444 4971 pertimescas
1490 4885 1788 4948 morbum.
1839 4883 1911 4946 Et

273 4997 525 5059 magnus
554 4978 763 5043 Pater:
796 4978 986 5057 Unus,
1018 4977 1232 5060 inquit,
1280 4995 1351 5039 ex
1386 4974 1597 5038 vestris
1626 4972 1912 5035 Hebraeus

274 5066 421 5130 dixit
450 5066 661 5130 nobis:
706 5092 727 5125 α
791 5067 1021 5131 Bonum
1069 5075 1157 5129 est
1204 5064 1509 5128 conﬁdere
1554 5064 1615 5125 in
1662 5061 1912 5127 Domino

275 5176 449 5236 quam
481 5156 783 5219 conﬁdere
812 5156 871 5218 in
903 5156 1146 5218 homine
1189 5155 1273 5212 39.
1326 5179 1354 5210 ι)
1407 5155 1530 5217 Nos
1558 5152 1735 5231 igitur
1763 5169 1912 5213 con-

278 5245 532 5309 ﬁdentes
588 5254 789 5308 nostro
844 5245 1075 5308 medico
1134 5244 1256 5308 Deo
1300 5250 1360 5306 et
1409 5242 1659 5306 Domino
1711 5249 1912 5305 nostro

1991 4268 2165 4324 ἱκανὸν
2194 4268 2310 4345 περὶ
2337 4267 2435 4334 τὴν
2491 4268 2728 4347 ἰατρικὴν
2799 4268 3123 4344 ἐπιστήμην,
3215 4267 3432 4348 Ἠρξατο
3539 4269 3631 4326 οὖν

1989 4354 2161 4433 λέγειν
2216 4351 2348 4434 πρϐς
2404 4357 2495 4411 τὸν
2541 4357 2798 4436 μακάριον
2849 4356 3016 4421 οὕτως
3052 4376 3065 4390 '
3148 4365 3359 4415 Ηκουσα
3387 4360 3633 4437 περὶτῆς

1989 4443 2265 4515 ἀσκήσεώς
2294 4466 2409 4520 σου,
2443 4446 2530 4502 καὶ
2578 4444 2785 4513 πολλῆς
2841 4444 3168 4525 ἐγκρατείας,
3223 4447 3312 4502 καὶ
3359 4447 3637 4525 γινώσκων

1988 4534 2087 4601 τὴν
2161 4539 2342 4613 κρᾶσιν
2419 4540 2511 4590 τοῦ
2586 4534 2832 4610 σώματός
2908 4556 3002 4592 σου
3058 4534 3347 4610 ἐθαύμαζον
3404 4541 3520 4598 πῶς
3574 4535 3636 4593 οὒ

1990 4621 2393 4702 περιπέπτωκας
2439 4621 2689 4700 ἐπιλήψει
2723 4641 2740 4657 ⁶
2797 4622 2932 4680 ἀλλὰ
2977 4625 3065 4681 vati.
3112 4623 3218 4680 ἀπὸ
3272 4629 3364 4680 τοῦ
3423 4614 3532 4700 νῦν,
3592 4623 3642 4680 εἰ

1990 4710 2243 4793 κελεύεις,
2321 4712 2432 4793 ἐφώ
2502 4735 2584 4770 σοι
2653 4711 2807 4770 δώσω
2859 4714 3135 4794 φάρμακον
3192 4715 3323 4793 πρὸς
3378 4714 3476 4780 τὴν
3532 4716 3635 4781 σὴν

1989 4807 2193 4880 κρᾶσιν,
2225 4800 2319 4858 ἵνα
2372 4801 2509 4883 ἔχῃς
2565 4804 2691 4861 αὖτὸ
2749 4804 2921 4867 πάσας
2978 4804 3072 4866 τὰς
3133 4801 3463 4883 ἡμέρας-,τῆς
3491 4808 3635 4874 ζωῆς

1991 4868 2108 4971 σου,
2166 4868 2252 4948 καὶ
2318 4868 2578 4968 ungula»;
2637 4891 2902 4949 ἀσθένειαν
2964 4868 3269 4973 φοϐηθησςί.
3332 4868 3467 4973 έΕιρη
3497 4868 3641 4968 ἇιῦτῷ

1993 4981 2022 5035 6
2052 4979 2216 5059 μέγας
2249 4999 2266 5018 ⁸
2326 4982 2467 5039 Εἶπε
2519 4983 2650 5061 πρὸς
2708 4983 2851 5056 ἡμᾶς
2906 4971 3158 5058 ἐΞ-ὑμῶν
3214 4984 3297 5044 εἷς
3327 4971 3576 5060 Ἑϐραῖος
3618 4999 3639 5019 ⁹

2000 5090 2029 5123 α
2082 5066 2303 5148 Ἀγαθὸν
2357 5070 2661 5128 πεποιθέναι
2707 5070 2793 5127 ἐπὶ
2848 5071 3058 5150 Κύριον,
3122 5069 3151 5139 ἢ
3199 5069 3502 5128 πεποιθέναι
3550 5068 3639 5128 ἐπ’

1994 5155 2285 5237 ἄνθρωπον.
2342 5181 2372 5216 ι
2434 5159 2746 5223 Πεποιθότες
2806 5159 2894 5216 οὖν
2948 5161 3112 5235 ἡμεῖς
3163 5158 3248 5216 ἐπὶ
3300 5160 3391 5216 τὸν
3459 5160 3640 5239 ἰατρὸν

1993 5248 2145 5324 ἡμῶν
2204 5251 2334 5307 Θεὸν
2387 5252 2476 5308 καὶ
2527 5250 2714 5331 Κύριον
2768 5253 2925 5327 ἡμῶν
2981 5248 3185 5319 ἰησοῦν
3257 5251 3506 5330 Χριστὸν,
3579 5253 3642 5310 οὗ

355 5424 471 5497 551
497 5429 630 5497 Cor.
662 5443 760 5511 vn,
799 5430 893 5493 16.
976 5428 1041 5480 56
1066 5428 1269 5498 Matth.
1299 5443 1420 5504 XIX,
1454 5426 1514 5495 6.
1593 5426 1658 5483 57
1685 5426 1888 5493 Matth.
1921 5444 2044 5508 XIX,
2078 5429 2176 5499 99.
2258 5433 2322 5484 58
2348 5432 2374 5497 Ι
2404 5432 2538 5499 Cor.
2570 5451 2672 5510 vn,
2704 5432 2742 5497 2
2821 5432 2886 5485 39
2917 5432 3067 5497 Psal.
3102 5446 3278 5509 cxvu,
3311 5431 3374 5495 8.
