3966 6148
275 157 353 222 95

268 382 664 451 revercndum
695 382 951 461 aliquem
981 383 1377 446 sacerdotem.
1406 383 1462 445 Is
1492 402 1627 444 cum
1660 384 1922 445 venisset

270 481 330 534 et
359 470 598 553 propius
628 471 698 532 ad
736 470 951 531 lectum
1016 471 1389 552 accessisset,
1431 480 1516 545 ut,
1551 491 1658 533 cur
1685 479 1922 535 vocatus

273 569 453 634 esset,
533 578 769 622 causom
825 570 1231 638 cognosceret,
1309 560 1535 622 invenit
1590 579 1726 623 eum
1796 562 1920 641 jam

272 653 385 713 vita
442 650 730 711 functum.
805 651 885 711 Ex
950 668 1066 730 quo
1128 646 1305 711 timor
1354 649 1569 711 invasit
1623 667 1746 722 eos,
1822 650 1923 731 qui

271 739 622 802 redeuntem
671 738 840 800 illum
893 759 927 798 c
986 738 1348 801 monasterio
1405 738 1667 800 comitati
1725 748 1918 814 erant,

1785 164 1890 227 ΑΝ
1894 165 1994 228 ΟΝ
2001 163 2141 227 ΥΜΙ

270 294 414 358 etin
463 293 684 358 lectum
739 311 803 355 se
862 299 1270 373 prosternens,
1327 294 1504 376 jussit
1556 293 1752 356 vocari
1803 293 1922 356 sibi

2050 318 2163 377 πχεν
2200 311 2214 328 ’

2001 384 2138 444 ’ίδιον
2168 387 2345 468 οἶκον²
2377 388 2465 444 καὶ
2514 387 2668 465 ῥίψας
2726 387 2910 444 ἑαυτὸν
2966 386 3021 443 ἐν
3076 392 3146 463 τῇ
3200 385 3379 468 κλίνη,
3411 385 3654 444 ἐκέλευσε

3575 163 3656 229 96

2277 297 2423 363 ὅστις
2494 299 2584 354 καὶ
2634 303 2968 378 παραχρῆμα
3038 296 3357 378 ἐπιστρέψας
3414 299 3487 363 εἰς
3558 298 3653 354 τὸν

2004 474 2265 542 κληθῆναι
2295 480 2437 551 αὒτῷ
2489 497 2606 531 τινα
2634 479 2739 530 τῶν
2797 473 3030 533 εὒλαὸὥν
3086 474 3287 554 ἱερέων.
3339 462 3432 539 τὈς
3462 473 3653 548 ἐλθὼν,

2003 565 2093 619 καὶ
2120 570 2188 640 τῇ
2238 563 2391 640 κλίνῃ
2440 563 2653 642 ἐγγίσας
2709 565 2841 643 πρὸς
2893 564 2954 619 τὸ
3012 567 3200 640 μαθεῖν
3256 569 3353 631 τῆς
3408 562 3655 633 κλήσεως

2004 651 2102 718 τὴν
2162 653 2349 732 αἰτίαν,
2412 652 2555 730 εὗρεν
2614 653 2769 710 αὐτὸν
2820 649 2923 719 ἤδη
2975 651 3325 710 ἀποθανόντα.
3374 652 3569 710 Τούτου
3600 649 3659 707 δὲ

2005 738 2310 820 γενομένου,
2380 737 2540 820 φόϐος
2612 738 2835 797 ἐπέπεσε
2905 752 3022 803 τοῖς
3092 741 3235 815 αὖτῴ
3291 737 3658 797 συνοδεύσασιν

275 835 333 891 et
390 826 754 889 mirabantur
811 845 1044 910 omnes,
1104 826 1260 908 quod
1321 835 1560 889 sanctus
1626 825 1921 908 praedixe-

275 923 391 980 rat.

2005 827 2111 884 ἀπὸ
2177 834 2270 884 τοῦ
2339 828 2715 907 μοναστηρίου,
2782 829 2870 885 καὶ
2936 828 3131 894 πάντες
3201 828 3487 904 ἐθαύμαζον
3556 827 3660 896 τὴν

2005 914 2291 995 πρόῤῥησιν
2320 922 2413 974 τοῦ
2443 916 2616 995 ἁγίου,

1751 1082 1999 1170 CAPUT
2030 1081 2183 1147 VIII.

276 1215 340 1281 S.
372 1214 552 1279 Nilus
578 1215 853 1297 fugitans
882 1213 1254 1277 adulationis
1277 1215 1665 1296 Eupraxium
1688 1215 1990 1279 Calabriae
2004 1215 2350 1296 pra/cetum
2372 1214 2647 1296 increpat
2666 1213 2996 1296 morboque
3015 1214 3375 1298 castigatum
3390 1222 3451 1279 et
3465 1221 3663 1297 paeni-

358 1310 575 1368 tentem
610 1302 955 1366 monuchali
984 1301 1201 1366 habitu
1252 1305 1479 1379 induit,
1527 1310 1636 1385 qui
1680 1306 1870 1385 paulo
1920 1311 2050 1385 post
2092 1305 2189 1385 pie
2237 1305 2528 1366 moritur.
2588 1304 2965 1366 Testamento
3015 1304 3216 1384 legata
3245 1303 3455 1367 abillo
3505 1305 3667 1369 bona

355 1399 602 1544 iunctus
633 1394 817 1456 Pater
846 1391 1279 1455 administrare
1309 1401 1594 1468 recusat;
1623 1395 1796 1458 ducis
1844 1393 2040 1474 ﬁlium
2093 1394 2361 1472 aliosque
2405 1392 2611 1474 plures
2639 1392 2806 1455 malo
2834 1392 3101 1455 daemone
3128 1401 3188 1455 et
3215 1392 3410 1455 variis
3439 1392 3667 1455 morbis

384 1482 599 1546 iberat.

358 1611 458 1674 53.
482 1610 732 1684 Quidam
749 1629 887 1691 ergo
900 1609 1156 1690 improbi
1173 1617 1231 1671 et
1244 1610 1586 1673 adulatores
1598 1615 1924 1677 Canstanti-

2087 1604 2193 1694 νγ’.
2221 1614 2371 1678 Τινὲς
2401 1613 2491 1672 οὗν
2519 1625 2900 1693 κακεντρεχετς
2928 1633 2987 1669 τε
3011 1612 3097 1669 καὶ
3138 1610 3363 1676 κόλακες
3392 1609 3663 1692 ἄνθρωποι

278 1698 539 1779 nopolim
572 1699 817 1779 profecti
849 1706 1204 1761 accusarunt
1230 1698 1473 1760 beatum
1526 1701 1717 1763 virum
1768 1703 1924 1785 apud

2050 1703 2314 1767 νελθόντες
2388 1702 2443 1758 ὲν
2514 1699 3066 1759 Κωνσταντινουπᾜλει
3162 1698 3501 1779 ἐλοιδόρησαν
3570 1701 3667 1756 τὸν

278 1805 450 1849 aures
480 1786 779 1867 Eupraxii,
795 1786 1361 1867 judicisimperialis
1411 1787 1561 1870 (42),
1594 1790 1760 1870 quasi
1790 1810 1924 1852 mo-

2050 1793 2269 1872 .αοιάριον
2327 1792 2399 1854 εἰς
2455 1790 2520 1846 τὰ
2574 1790 2686 1846 ὦτα
2736 1800 2830 1849 τοῦ
2884 1788 3159 1867 βασιλικοῦ
3218 1786 3530 1869 Εὗπραξίοι)³
3586 1790 3665 1852 ὡς

278 1862 602 1937 nasterium
636 1862 775 1954 eius
796 1862 955 1937 esset
983 1862 1380 1957 depopulatus
1410 1862 1466 1937 et
1499 1862 1922 1960 subripuisset,

2050 1880 2420 1950 εηλατήσαντα
2490 1880 2552 1935 τὸ
2620 1877 2780 1937 αἰ)τοῦ
2850 1878 3224 1960 μοναστήριον,
3296 1878 3385 1933 καὶ
3450 1877 3516 1933 τὰ
3570 1887 3669 1936 τοῦ

280 1983 411 2045 quae
443 1973 611 2026 erant
638 1950 900 2027 Antonii.
935 1964 1040 2026 Ille
1066 1950 1207 2026 vero
1240 1965 1577 2044 bujusmodi
1610 1950 1924 2029 calumniis

2050 1969 2291 2026 tvwoviou
2341 1968 2629 2047 πράγματα
2686 1950 3101 2047 νοσφισάμενον..
3154 1950 3246 2029 Ὃς
3302 1977 3424 2028 ταῖς
3477 1966 3666 2022 τοιαύ-

281 2053 544 2115 irritatus
575 2054 817 2134 scripsit
864 2053 1098 2115 cuidam
1148 2073 1217 2114 ex
1272 2052 1393 2115 suis
1446 2057 1924 2134 procuratoribus

2050 2070 2128 2122 ιτς
2187 2056 2556 2136 συκοφαντίαις
2628 2055 2923 2135 ἀγριωθεὶς,
2985 2055 3172 2135 γράφει
3227 2055 3327 2110 τινὶ
3381 2056 3485 2111 τῶν
3546 2053 3669 2110 ἐπι-

284 2143 474 2204 minas
494 2143 554 2204 in
576 2143 1099 2223 Sanctumjactans
1118 2161 1186 2204 ac
1207 2141 1414 2204 dicens
1440 2161 1453 2205 :
1492 2142 1635 2206 Cum
1692 2145 1924 2207 divinus

2050 2146 2215 2204 >όπων
2273 2149 2430 2204 αὐτοῦ
2486 2143 2718 2201 ἀπειλῶν
2772 2150 2849 2218 τῷ
2911 2143 3045 2221 ἁγίῳ
3112 2143 3201 2200 καὶ
3258 2140 3427 2222 λέγων
3459 2160 3475 2176 '
3559 2151 3660 2200 Οτι

283 2231 446 2293 favor
477 2233 629 2294 bene
660 2232 948 2294 valentem
1003 2249 1073 2293 eo
1124 2249 1218 2292 me
1267 2231 1630 2311 perduxerit,
1688 2234 1924 2309 videbo,

285 2320 418 2399 quis
438 2320 537 2382 ille
567 2320 643 2381 sit
661 2321 985 2382 monachus
998 2320 1192 2399 Nilus,
1219 2329 1272 2382 et
1300 2321 1574 2401 quisnam
1598 2321 1929 2402 imperialis

282 2407 634 2489 Eupraxius.
670 2410 814 2471 Cum
863 2428 1001 2488 ergo
1052 2409 1422 2488 pervenisset
1451 2408 1551 2470 ille
1581 2429 1713 2471 cum
1745 2412 1926 2473 multo

283 2496 433 2558 fastu
458 2505 516 2557 et
542 2515 778 2578 pompa,
810 2497 1164 2559 constitutus
1194 2497 1354 2559 enim
1385 2507 1512 2559 erat
1557 2498 1630 2560 ab
1666 2502 1922 2579 impera-

285 2584 708 2647 toribusltaliae
739 2594 795 2647 et
816 2585 1097 2649 Calabriae
1128 2585 1336 2665 judex,
1369 2605 1577 2647 omnes
1608 2588 1926 2666 provinciae

283 2672 524 2735 abbates
553 2673 626 2734 ad
657 2673 823 2736 illum
877 2694 1009 2736 cum
1066 2674 1410 2736 muneribus
1441 2682 1498 2736 et
1525 2677 1927 2741 assentatione

280 2762 467 2837 ibant,
489 2762 743 2824 favorem
768 2765 896 2843 ejus
921 2772 978 2824 et
1008 2762 1341 2843 praesidium
1383 2763 1493 2824 sibi
1530 2775 1922 2844 aucupantes.

282 2852 357 2914 At
376 2870 510 2913 vero
534 2850 783 2913 eximius
807 2856 979 2915 Pater
1000 2851 1191 2923 Nilus,
1210 2870 1284 2913 ne
1309 2852 1397 2913 vel
1415 2853 1925 2915 minashominum

283 2959 494 3020 pavere
512 2940 825 3016 videretur,
846 2941 935 3003 vel
950 2941 1320 3003 contiderein
1356 2940 1749 3022 principibus,
1784 2962 1928 3023 quos

282 3029 744 3111 improperantis
773 3048 950 3092 sensu
999 3031 1152 3092 filios
1195 3031 1506 3092 hominum
1537 3040 1703 3092 vocat
1730 3031 1930 3110 regius

2010 2232 2251 2300 ἀξιώσειέ
2301 2254 2368 2309 με
2426 2236 2454 2290 ὁ
2513 2235 2640 2298 Θεὸς
2700 2232 2998 2311 ὑγιαίνοντα
3049 2229 3346 2304 κατελθεῖν,
3397 2231 3484 2287 καὶ
3513 2252 3665 2310 γνω-

2010 2323 2146 2403 ρίσαι
2175 2322 2254 2385 τίς
2311 2310 2467 2377 ἐστιν
2505 2324 2534 2378 ὁ
2581 2310 2881 2400 καλόγηρος
2941 2318 3160 2399 Νεῖλος,
3219 2320 3307 2375 καὶ
3334 2320 3410 2383 τίς
3441 2321 3470 2375 ὁ
3498 2320 3665 2396 βασι-

2009 2413 2156 2474 λικὸς
2189 2408 2501 2490 Εὖπράξιος.
2564 2409 2921 2473 Κατελθόντος
2976 2407 3031 2465 δὲ
3087 2412 3246 2467 αὐτοῦ
3293 2408 3425 2483 μετὰ
3454 2406 3664 2475 πολλῆς

2006 2500 2283 2580 ὲπάρσεως
2351 2500 2440 2556 καὶ
2497 2499 2805 2579 φαντασίας,
2862 2496 2946 2556 διὰ
2998 2498 3059 2554 τὸ
3114 2500 3502 2563 κατασταθῆναι
3561 2498 3665 2554 αὖ·

2005 2590 2097 2645 τὸν
2126 2590 2227 2644 ὑπὸ
2274 2593 2379 2643 τῶν
2439 2586 2699 2664 βασιλέων
2753 2588 2940 2667 κριτὴν
2997 2584 3220 2651 Ἰταλίας
3269 2608 3328 2642 τε
3356 2587 3445 2642 καὶ
3473 2584 3664 2643 Καλα-

2006 2675 2174 2756 ϐρίας,
2210 2675 2440 2741 ἅπαντες
2501 2676 2597 2753 μὲν
2650 2680 2697 2732 οἱ
2752 2677 3044 2755 ἡγούμενοι
3097 2681 3195 2743 τῆς
3254 2675 3438 2755 χώρας
3487 2697 3664 2754 προσ-

2006 2768 2242 2846 ἤρχοντο
2284 2766 2410 2823 αὒτὸ
2468 2767 2602 2842 μετὰ
2658 2763 2822 2845 δώρον
2880 2767 2970 2822 καὶ
3027 2763 3303 2828 κολακείας
3350 2765 3449 2832 τὴν
3499 2768 3660 2824 αὖτοῦ

2009 2854 2288 2929 ἀντιλήψὶν
2342 2876 2401 2910 τε
2450 2856 2539 2911 καὶ
2593 2856 2839 2931 βοήθειαν
2895 2852 3042 2933 ἔχειν
3101 2851 3519 2933 παρακολοῦντες
3551 2868 3568 2885 ⁸
3631 2855 3662 2910 ὁ

2008 2941 2064 3000 δὲ
2114 2942 2386 3008 θεσπέσιος
2446 2944 2629 3023 Πατὴρ
2684 2944 2838 3020 ἡμῶν
2896 2942 3113 3017 Νεῖλος,
3173 2942 3266 2999 ἵνα
3324 2943 3402 3020 μὴ
3457 2940 3581 3018 δόξῃ
3626 2942 3666 3009 ἦ

2007 3030 2230 3095 ἀπειλὰς
2302 3031 2625 3110 ἀνθρωπίνας
2694 3035 2982 3112 θροεῖσθαι,
3074 3030 3111 3100 ἢ
3195 3029 3499 3088 πεποιθέναι
3571 3026 3660 3086 ἐπ’

280 3118 672 3199 Propheta,in
700 3119 917 3199 quibus
943 3138 1060 3181 non
1091 3128 1178 3182 est
1207 3119 1490 3196 salus,42,
1516 3122 1635 3181 'nec
1666 3120 1924 3183 adulato-

2050 3142 2296 3201 ρχοντας,
2366 3122 2486 3185 τοὺς
2558 3120 2910 3184 ὁνειδιστικῶς
2969 3121 3106 3185 υἱοὺς
3176 3118 3460 3198 ἀνθρώπων
3528 3115 3668 3186 κλη-

282 3225 413 3268 rum
449 3226 611 3269 more
639 3208 909 3278 accessit,
962 3227 1071 3269 nec
1120 3208 1469 3279 muneribus
1520 3208 1924 3270 delinivitsu-

285 3294 611 3375 perbientis
638 3296 820 3358 animi
851 3297 1063 3363 minas.
1098 3297 1205 3361 sed
1238 3298 1442 3378 quiete
1481 3296 1544 3358 in
1575 3316 1680 3358 suo
1711 3297 1927 3360 sedens

285 3385 642 3446 monasterio
679 3404 886 3464 preces
908 3386 981 3447 ad
1014 3389 1200 3449 Deum
1235 3385 1517 3447 l'undebat
1545 3405 1649 3465 pro
1683 3386 1922 3447 univer-

284 3490 485 3533 sorum
520 3481 579 3533 et
599 3473 884 3554 principis
914 3473 1125 3536 animae
1155 3473 1378 3535 salutas.
1415 3474 1496 3535 Ex
1528 3493 1644 3553 quo
1676 3473 1920 3557 factum,

284 3568 480 3622 ntcor
522 3561 679 3623 illius
727 3562 1034 3624 inso!entis
1083 3562 1292 3641 majori
1341 3562 1563 3623 fureret
1595 3562 1919 3640 iracundia,

284 3649 440 3728 quod
472 3651 866 3713 honoraretur
895 3662 952 3712 et
994 3650 1407 3714 observaretur
1458 3649 1530 3710 ad
1561 3650 1858 3724 omnibus,
1892 3670 1926 3712 a

288 3735 457 3798 beato
490 3738 613 3800 viro
644 3738 956 3801 manifeste
988 3739 1404 3819 negligeretur.
1439 3736 1635 3811 Quare
1664 3748 1722 3800 et
1748 3757 1922 3800 scru-

286 3826 461 3887 tando
483 3827 682 3889 deficit
701 3829 982 3891 abversus
1003 3829 1189 3889 virum
1209 3829 1436 3907 justum
1463 3844 1664 3888 ansam
1699 3828 1924 3908 iniqui-

285 3914 439 3975 tatis.
465 3914 610 3976 Nam
634 3916 761 3978 fieri
794 3936 908 3979 ncn
944 3925 1155 3998 potest,
1187 3924 1248 3976 ut
1276 3923 1664 3994 cognoscatur
1692 3914 1783 3975 via
1815 3935 1920 3976 co-

286 4001 434 4063 lubri
453 4022 632 4084 super
643 4015 863 4086 petram
877 4007 959 4079 ιιτ,
982 4006 1136 4068 sicut
1154 4022 1346 4078 neque
1358 4002 1643 4085 principis
1662 4003 1927 4084 nequitia

285 4089 346 4151 in
382 4092 618 4154 homine
649 4104 954 4156 coronato.

2006 3208 2188 3274 θέντας
2238 3210 2381 3286 παρά
2435 3216 2530 3266 τοῦ
2575 3210 3037 3290 προφητάνακτος,
3100 3211 3184 3272 οἷς
3247 3211 3341 3266 οὒκ
3394 3205 3505 3263 ἔστι
3556 3228 3665 3263 σω-

2006 3319 2165 3377 τηρια
2199 3313 2213 3328 ·
2272 3296 2388 3353 οὔτε
2447 3296 2713 3376 προσῆλθε
2769 3301 3104 3359 θωπευτικῶς
3159 3316 3217 3352 τε
3270 3296 3360 3352 καὶ
3413 3292 3666 3350 κολακευο

2005 3391 2193 3459 τικῶς,
2266 3385 2383 3442 οὔτε
2450 3387 2559 3462 μὴν
2630 3385 2814 3465 δώροις
2871 3383 3219 3461 ἐξεμειλίξατο
3270 3384 3368 3451 τὴν
3427 3380 3656 3450 ἀπειλὴν

2005 3480 2104 3542 τῆς
2154 3474 2313 3531 αὐτοῦ
2363 3473 2634 3540 αὖθαδείας
2688 3498 2747 3532 τε
2803 3477 2891 3532 καὶ
2944 3475 3265 3554 θρασύτητος
3295 3490 3309 3504 ·
3368 3471 3657 3551 ἡσυχάζων

2006 3563 2062 3620 δὲ
2091 3587 2250 3641 μονον
2281 3566 2353 3628 εἰς
2384 3568 2443 3622 τὸ
2472 3565 2680 3624 κελλίον
2728 3566 2887 3623 αὗτοῦ
2933 3565 2988 3622 ἐν
3042 3571 3120 3640 τῷ
3146 3563 3261 3637 ἰδίῳ
3290 3562 3651 3641 μοναστηρίῳ,

2006 3654 2096 3710 τὸν
2129 3654 2257 3710 Θεὸν
2300 3651 2553 3711 ἐδυσώπει
2615 3654 2744 3735 ὑπέρ
2798 3677 2856 3711 τε
2912 3659 3010 3721 τῆς
3058 3659 3150 3710 τοῦ
3207 3653 3427 3735 κόσμου..
3459 3652 3664 3713 παντὸς

2006 3743 2094 3798 καὶ
2142 3746 2241 3808 τῆς
2293 3752 2385 3801 τοῦ
2440 3722 2727 3824 ἄρχοντος.
2756 3748 2997 3823 ψυχικῆς
3053 3722 3351 3820 σωτηρίαςῖ
3401 3722 3557 3818 Ὅπερ
3588 3740 3665 3802 εἰς

2006 3828 2223 3888 πλείονα
2276 3834 2438 3907 θυμὸν
2511 3833 2598 3888 καὶ
2671 3833 2857 3908 μανίαν
2926 3832 3101 3905 ἀνῆψε
3155 3838 3254 3897 τήν
3300 3825 3511 3908 καρδίαν
3568 3833 3665 3883 “co-3

2005 3918 2518 4000 ὑψηλοφρονοῦντος,
2586 3922 2660 3984 ὡς
2731 3920 2873 3999 παρὰ
2939 3920 3149 3976 πάντων
3219 3915 3520 3993 τιμωμένου
3572 3916 3665 3971 καὶ

2004 4008 2415 4088 θεραπευομένου
2437 4056 2457 4082 ,
2535 4011 2637 4066 ὑπὸ
2711 4009 2766 4066 δὲ
2788 4012 2958 4087 ξτοῦἰ
2993 4009 3135 4065 ὁσίου
3187 4012 3364 4086 σαφῶς
3417 4026 3666 4084 περιφρο-

2006 4096 2260 4172 νουμένου
2291 4114 2307 4129 ⁶
2382 4096 2462 4154 διὸ
2552 4100 2640 4156 καὶ
2731 4096 2964 4164 ἐξέλιπεν
3053 4094 3327 4175 ἐξερευνῶν
3398 4093 3660 4172 πρόφασιν

286 4179 505 4255 ἀνομίας
534 4185 671 4241 κατά
693 4191 784 4241 τοῦ
814 4184 1037 4248 δικαίου,
1071 4184 1144 4243 Οὔ
1173 4184 1273 4263 γὰρ
1301 4182 1517 4242 δυνατὸν
1546 4186 1844 4263 γνωσθῆναι
1874 4182 2034 4265 ἕχνος
2064 4183 2234 4267 ὄφεως
2286 4186 2371 4244 ἐπὶ
2400 4187 2613 4268 πέτρας,
2647 4187 2825 4268 ὥσπερ
2856 4186 2942 4244 οὖν
2972 4184 3087 4245 οὐδὲ
3116 4183 3372 4263 πονηρίαν
3400 4181 3662 4263 ἄρχοντος

286 4266 340 4323 ἐν
371 4269 628 4349 ἀνθρώπῳ
654 4274 1086 4349 κατεστεμμὲνῳ.

366 4358 467 4420 54.
519 4359 585 4421 In
617 4358 706 4420 his
735 4360 902 4421 illum
943 4361 1198 4440 maligne
1227 4367 1287 4422 et
1315 4359 1933 4440 perﬁdiosezagentem

2094 4351 2194 4422 νδ’.
2229 4358 2319 4420 Ἐν
2372 4363 2541 4437 τούτῳ
2596 4361 3065 4443 γνωσιμαχοῖητός
3120 4381 3180 4417 τε
3236 4360 3325 4416 καὶ
3375 4378 3666 4438 πονηρευο-

284 4455 534 4523 repente
554 4447 924 4536 perniciosus
946 4451 1191 4511 morbus
1206 4449 1471 4510 adoritur
1500 4456 1558 4509 et
1587 4449 1924 4510 innocentia

2050 4448 2195 4526 .évou,
2227 4450 2421 4519 ἐπέστη
2476 4451 2688 4532 ὄλεθρος
2745 4450 3019 4532 αἰφνίδιος,
3075 4450 3165 4506 καὶ
3217 4450 3253 4515 ἡ
3285 4448 3423 4527 εὐχὴ
3452 4456 3545 4506 τοῦ
3572 4468 3664 4502 τι-

284 4535 608 4617 venerandi
634 4535 819 4598 Patris
842 4539 1175 4600 antevertit.
1202 4536 1446 4602 Morbus
1471 4536 1630 4597 enim
1661 4536 1924 4617 quidam,

287 4623 379 4684 cui
392 4642 702 4703 gangraina
715 4643 927 4687 nomen
943 4626 1476 4708 est,pudendorum
1493 4625 1623 4705 ejus
1636 4642 1932 4685 summam

285 4720 536 4792 partem,
573 4713 686 4774 hoc
718 4722 809 4775 est
838 4714 1111 4794 glandem
1147 4714 1325 4794 coepit
1351 4712 1616 4793 depasci,
1648 4718 1710 4773 et
1741 4712 1933 4773 medi-

286 4818 490 4860 corum
523 4801 763 4881 quidem
796 4803 1258 4865 sollicitudinem
1293 4803 1505 4864 frustra
1526 4819 1681 4873 esse,
1724 4808 1932 4860 osten-

286 4886 486 4963 debat,
510 4908 706 4971 pmnas
726 4900 922 4954 autem
949 4892 1218 4972 exigebat
1233 4891 1306 4954 ab
1343 4892 1733 4952 instrumento
1766 4887 1935 4949 luxu-

285 4976 408 5052 riae,
443 4996 553 5060 per
579 4982 736 5061 quod
761 4981 862 5043 ille
911 4991 1133 5043 naturai
1182 4980 1413 5061 legibus
1464 4978 1936 5059 intemperanter

370 5177 428 5229 49
454 5177 608 5242 Psal.
641 5194 812 5262 CXLV,
845 5178 904 5242 3.
988 5179 1054 5260 43
1078 5176 1250 5239 Prov.
1280 5191 1420 5253 xxx,
1456 5175 1552 5239 19.

2014 4540 2135 4615 μίου
2205 4542 2407 4619 Πατρὸς
2478 4542 2637 4598 αὒτὸν
2707 4538 3154 4622 προκατελάϐετο.
3227 4536 3397 4599 Πάθος
3452 4536 3552 4614 γάρ
3610 4557 3664 4591 τι

2012 4628 2074 4683 τὸ
2102 4625 2388 4707 λεγόμενον
2443 4630 2738 4710 γάγγραινα
2793 4631 2911 4709 περὶ
2966 4630 3065 4695 τὴν
3120 4623 3348 4702 βάλανον
3404 4629 3497 4679 τοῦ
3513 4645 3659 4710 παι-

2015 4712 2230 4793 δογόνου
2262 4718 2441 4796 μορίου
2498 4708 2654 4778 αὗττοῦ
2708 4708 2921 4797 ἐκφυὲν,
2977 4722 3082 4773 τῶν
3141 4714 3240 4789 μὲν
3267 4714 3458 4790 ἰατρῶν
3489 4708 3664 4790 ἄπραο

2016 4825 2138 4861 κτον
2168 4802 2424 4886 διήλεγχε
2479 4808 2576 4875 τὴν
2631 4804 2947 4887 περιοδείαν,
3008 4802 3152 4866 δίκας
3211 4799 3266 4857 δὲ
3297 4799 3666 4878 εἰσεπράττετο

2015 4893 2076 4947 τὸ
2127 4897 2225 4960 τῆς
2282 4894 2509 4959 ἀσωτίας
2561 4894 2803 4974 ὄργανον,
2866 4891 2933 4950 δι’
2990 4895 3064 4948 ὧν
3120 4891 3360 4969 ἀκρατῶς
3416 4890 3506 4944 τὸν
3561 4892 3663 4954 τῆς

2015 4979 2219 5060 φύσεως
2249 4980 2411 5057 νόμον
2464 4980 2745 5064 ἐξύϐρισεν.
2807 4981 3004 5040 Ἐλθὼν
3060 4979 3149 5036 οὖν
3203 4978 3277 5040 εἰς
3327 4976 3663 5042 συναίσθησιν

1666 5303 1912 5371 Joannis
1939 5303 2066 5368 Clei
2094 5311 2268 5368 notae.

369 5420 496 5504 (42)
549 5420 829 5504 Eudoxo;
868 5419 1303 5504 interpretatur
1352 5414 1735 5504 Caryopbilus
1753 5414 1929 5504 judi-
2010 5412 2148 5504 fert,
2184 5413 2239 5475 in
2270 5431 2386 5494 quo
2412 5411 2597 5504 judex
2620 5414 3011 5504 significetur.
3044 5408 3282 5496 Certum
3311 5409 3429 5504 est,
3455 5401 3660 5504 digni-

284 5493 412 5566 cefn
443 5493 837 5581 iinperiqlem,
863 5493 1128 5581 Sirlet'us
1143 5505 1379 5581 regium
1399 5493 1623 5581 e_t'alibi
1655 5494 1928 5581 regalem
2013 5493 2214 5581 tatein_
2257 5493 2592 5581 quamdam
2628 5493 3183 5581 siinilem_eamque
3239 5493 3401 5581 inter
3455 5493 3662 5581 praeci-

284 5563 598 5663 adjectiiie.
626 5563 912 5663 “Cangius
940 5580 1017 5663 in
1064 5563 1610 5663 Glossario‘t‘xrgeco
1659 5563 1922 5663 Barbare
2011 5592 2155 5653 puas
2181 5563 2814 5663 des-ignariLideoque,
2842 5573 3019 5637 etiam
3070 5563 3657 5663 Caryophillus‘post-

290 5643 559 5743 eit'empla
586 5643 825 5743 allegat;
853 5659 956 5743 ubi
987 5678 1092 5743 pro
1123 5659 1301 5743 variis
1330 5656 1543 5722 ofﬁciis
1581 5656 1836 5717 sumitur
1864 5661 1925 5717 et
2010 5643 2080 5715 ea
2107 5671 2226 5714 non
2256 5643 2458 5734 inepte
2484 5643 2846 5738 Eupraiium
2874 5643 3202 5736 proregeiri
3225 5643 3505 5727 appellat.

282 5744 344 5807 in
375 5739 672 5808 Glossario
698 5739 853 5806 Med.
902 5739 1028 5803 Lat.
1062 5740 1256 5803 locum
1288 5739 1446 5802 hunc
1475 5744 1742 5800 nostrum
1774 5752 1916 5817 pro-
