3966 6148
285 258 363 324 99

1760 247 2116 329 ANONYMI

3529 246 3663 311 100

270 388 529 473 renasci,
565 387 961 471 sicutaquilaa
1014 387 1322 467 juventus,
1373 392 1432 470 et
1479 383 1891 473 praeteritorun

1996 384 2084 439 καὶ
2141 382 2416 473 ἄρχουσιν,
2474 386 2663 473 ἱερεῦσί
2719 406 2777 440 τε
2828 385 2915 441 καὶ
2971 383 3296 465 ἀρχιερεῦσι,
3345 383 3437 473 καὶ
3492 379 3648 456 πάσῃ

272 470 596 560 impetrare
627 477 855 540 veniam
887 476 1265 539 delictorum.
1321 473 1488 547 Quod
1519 491 1660 535 vero
1691 470 1915 560 aiebas,

271 575 335 629 ut
364 559 422 630 te
453 566 787 641 tonderem,
820 584 926 644 ego
979 583 1122 626 sane
1176 563 1602 625 monachorum
1633 559 1917 622 minimus

271 674 423 731 sum,
451 655 610 716 nullo
639 652 953 716 sacerdotii
988 652 1173 732 gradu
1194 659 1462 715 ornatus.
1485 649 1598 712 Hic
1621 658 1917 728 metropo-

271 742 373 804 lita
393 751 482 804 est
508 750 651 811 (erat
678 742 835 804 enim
871 740 954 801 ibi
990 759 1095 814 per
1123 739 1181 800 id
1216 748 1450 820 tempus
1480 744 1697 799 sanctae
1724 737 1912 797 Seve-

268 832 416 892 rinae
449 831 573 912 (44)
626 829 1043 910 metropolita),
1110 837 1320 910 praesto
1371 835 1508 888 sunt
1557 822 1821 907 episcopi
1852 830 1912 884 et

269 918 782 987 archimandritas:
841 917 955 998 ipsi
987 925 1119 979 vota
1153 927 1256 978 tua
1285 914 1605 997 expleant:
1642 912 1772 993 quis
1806 931 1913 991 ego

270 1025 423 1082 sum,
458 1017 521 1069 ut
551 1026 645 1068 me
675 1005 1042 1067 immisceam
1063 1005 1094 1065 ‘?
1149 1004 1252 1066 Ille
1282 1022 1489 1065 rursus
1508 1000 1695 1064 sancti
1727 999 1915 1062 Patris

270 1113 480 1156 manus
526 1095 878 1156 deosculans
926 1092 1157 1174 precari
1203 1091 1381 1152 simul
1413 1098 1472 1152 et
1499 1087 1803 1162 obtestari,
1837 1104 1913 1146 ne

271 1202 421 1264 opus
445 1184 557 1245 hoc
577 1183 676 1243 alii
702 1182 1093 1260 permitteret,
1119 1180 1224 1243 sed
1249 1178 1452 1241 habitu
1475 1183 1679 1239 sancto
1697 1184 1757 1237 et
1776 1193 1912 1256 apo-

270 1272 479 1333 stolico
499 1273 631 1349 ipse
655 1271 820 1332 illnm
845 1270 1137 1346 indueret,
1160 1269 1446 1350 fieretque
1466 1266 1580 1328 sibi
1603 1272 1913 1346 sequester

269 1358 342 1420 ad
373 1360 562 1420 Deum
593 1366 656 1421 et
685 1368 992 1439 patronus.

2002 474 2154 551 Ψυχῇ
2303 471 2598 550 βουλομένῃ
2650 472 2704 529 ἐν
2762 479 2857 550 μιᾷ
2909 484 3091 550 καιροῦ
3146 474 3283 552 ῥοπῇ
3336 471 3644 548 ἆναγεννη-

1998 562 2151 627 θῆναι
2181 564 2254 625 ὡς
2296 561 2452 621 ἀετοῦ
2505 564 2539 631 ἡ
2598 562 2806 634 νεότης,
2867 564 2955 619 καὶ
3009 563 3219 619 πάντων
3273 558 3642 637 ἆναλλαγῆναι

1998 651 2105 702 τῶν
2151 649 2666 728 προημαρτημένων,
2729 649 2912 713 Καθὼς
2958 647 3012 705 δὲ
3067 648 3197 729 ἔφης
3251 649 3369 727 περὶ
3423 655 3516 704 τοῦ
3567 665 3641 721 με

1997 734 2374 817 ἆποκουρεῦσαί
2442 760 2521 818 σε,
2596 736 2802 801 εότελὲς
2886 737 3249 817 καλογηρίζειν
3328 737 3432 811 εἰμὶ
3500 734 3636 811 ἐγὼ,

1999 823 2197 898 μηδένα
2264 827 2587 904 κεκτημένος
2658 828 2855 903 βαθμὸν
2924 830 3201 906 ἱερατικὸν.
3282 823 3382 881 Ωδε
3439 844 3642 901 μητρο-

1996 910 2217 981 πολίτης
2249 913 2385 971 ἐστίν
2419 933 2433 948 ·
2493 916 2558 983 ἦν
2599 916 2700 995 γὰρ
2755 917 2872 971 τότε
2928 916 3042 972 ἐκεῖ
3095 918 3123 972 6
3151 921 3250 983 τῆς
3281 915 3431 992 ἁγίας
3456 908 3639 980 2561',-

1997 1000 2142 1078 ρίνης
2199 1002 2594 1082 μητροπολίτης
2631 1022 2646 1037 °
2719 1002 2820 1059 ὧδε
2877 1004 3157 1067 ἐπίσκοπος
3213 1004 3300 1060 καὶ
3358 1001 3635 1081 ἀρχιμαν-

1994 1085 2165 1165 δρτται
2213 1092 2336 1148 εἰσίν
2372 1109 2386 1124 '
2446 1091 2590 1148 αὒτοὶ
2641 1091 2738 1159 τὴν
2795 1090 3066 1167 ἐπιθυμίαν
3125 1114 3219 1149 σου
3269 1088 3635 1156 πλησιώσουσι

1991 1178 2079 1232 καὶ
2103 1176 2209 1256 ἐγὼ
2237 1181 2495 1256 τίςέἶμι,
2553 1180 2646 1236 ’ίνα
2702 1180 3060 1261 μεσάζωμαι;
3115 1170 3157 1238 ἶ)
3212 1177 3266 1235 δὲ
3320 1177 3478 1235 παλιν
3534 1178 3632 1241 τὰς

1995 1279 2187 1345 χεῖρας
2244 1268 2546 1350 καταφιλιῖν)
2596 1274 2689 1325 τοῦ
2742 1269 2878 1325 θείου
2934 1271 3136 1348 Πατρὸς
3184 1266 3467 1348 παρεκάλει
3500 1267 3637 1341 ὁμοῦ

1994 1356 2308 1434 καθορκίζων
2378 1364 2470 1414 τοῦ
2540 1358 2616 1433 μὴ
2689 1355 2834 1431 ἄλλῳ
2901 1360 3002 1414 τινὶ
3067 1360 3128 1414 τὸ
3195 1365 3429 1415 τοιοῦτον
3481 1354 3633 1435 ἔργον

269 1436 702 1528 παραχωρῆσαι,
747 1447 882 1503 ἀλλὰ
935 1443 1001 1503 δι’
1058 1449 1216 1505 αῦτοῦ
1270 1447 1331 1501 τὸ
1386 1444 1537 1522 ἅγιον
1583 1444 1670 1500 καὶ
1750 1436 2099 1501 ἀποστολικὸν
2150 1448 2343 1524 σχῆμα
2392 1445 2773 1525 ἀμφιασθῆναι,
2831 1446 2918 1503 καὶ
2973 1448 3104 1528 πρὸς
3159 1447 3251 1504 τὸν
3308 1447 3435 1503 Θεὸν
3491 1444 3636 1501 αὖτῶ

268 1545 488 1613 μεσίτην
517 1540 605 1593 καὶ
632 1538 934 1617 προστάτην
962 1535 1223 1615 γενέσθαι,

351 1625 451 1685 56.
481 1609 729 1686 Flexere
757 1609 991 1686 Patrem
1045 1622 1315 1703 lacrymae
1357 1640 1489 1683 cum
1522 1618 1821 1702 precibus,
1854 1636 1887 1680 e

2071 1609 2171 1685 vs'.
2242 1624 2506 1704 Καμφθεὶς
2568 1623 2655 1681 οὖν
2725 1626 2753 1680 6
2823 1627 3005 1703 Πατὴρ
3077 1635 3195 1686 τοῖς
3257 1620 3473 1703 δάκρυσι
3542 1621 3633 1677 καὶ

269 1711 393 1772 suis
424 1712 590 1773 illum
623 1711 872 1773 totondit
901 1710 1173 1772 manibus
1204 1710 1420 1791 vilique
1450 1710 1693 1781 amictu,
1729 1725 1891 1786 quen

1990 1723 2111 1774 ταῖς
2189 1712 2405 1776 ἱκεσίαις
2481 1716 2657 1786 αὒτοῦ,

265 1801 602 1862 veneranda
618 1800 916 1862 humilitas
932 1799 1254 1879 gloriosum
1272 1798 1497 1877 reddit,
1517 1798 1683 1859 illum
1710 1802 1908 1857 conte-

263 1889 370 1965 xit,
406 1889 505 1970 qui
536 1907 728 1970 nuper
757 1889 921 1950 molli
950 1907 1018 1949 ac
1049 1887 1357 1949 difﬂuente
1389 1885 1738 1947 vestimento
1768 1902 1904 1944 sec-

265 1978 497 2038 labatur
522 1977 788 2050 delicias,
842 1986 1137 2058 praesente
1184 1973 1560 2055 metropolita
1607 1971 1903 2053 Stephano

265 2084 399 2127 cum
431 2066 709 2146 episcopo
741 2065 903 2127 urbis
937 2065 1090 2146 (45),
1144 2063 1495 2142 hegumenis
1527 2080 1644 2123 non
1675 2060 1899 2142 paucis,

263 2162 319 2216 et
348 2153 478 2216 aliis
509 2154 935 2216 sacerdotibus.
961 2154 1439 2232 Aderatquoque
1464 2150 1703 2213 Judazus
1731 2148 1904 2213 Dom-

264 2243 460 2318 nulus,
494 2262 707 2325 nempe
735 2253 801 2305 ut
833 2242 1119 2316 medicus,
1155 2242 1326 2321 cujus
1360 2239 1532 2302 etiam
1562 2245 1740 2300 antea
1769 2256 1902 2298 me-

265 2330 432 2406 mini,
462 2341 759 2412 spectator
782 2350 1005 2404 earum,
1033 2349 1164 2410 quae
1184 2330 1538 2409 agebantur:
1571 2327 1670 2408 qui
1700 2344 1904 2406 egres-

265 2436 388 2500 sus,
410 2430 465 2481 et
494 2421 839 2496 admiratus,
870 2439 999 2501 quae
1029 2421 1179 2479 facta
1210 2425 1399 2494 erant,
1432 2417 1513 2481 ita
1536 2424 1792 2478 astantes
1812 2414 1904 2475 af-

257 2506 410 2568 fatus
440 2517 568 2571 est:
603 2509 796 2571 Hodie
849 2506 1148 2568 mirabilia
1195 2506 1335 2583 vidi,
1400 2523 1531 2587 quae
1577 2504 1727 2565 facta
1758 2503 1902 2565 olim

257 2596 608 2657 audivimus.
639 2595 807 2657 Nunc
837 2595 956 2657 vidi
987 2595 1293 2657 Danielem
1350 2594 1702 2674 prophetam
1731 2591 1901 2652 cicu-

256 2692 485 2745 rantem
516 2683 744 2747 leones.
798 2682 942 2756 Quis
996 2683 1156 2744 enim
1206 2700 1463 2762 unquam
1524 2679 1715 2760 potuit
1743 2678 1901 2740 leoni

256 2771 397 2833 huic
425 2772 746 2837 admovere
780 2770 1042 2833 manus?
1096 2771 1172 2832 At
1217 2788 1402 2832 novus
1446 2768 1544 2831 hic
1593 2766 1798 2829 Daniel
1843 2776 1901 2828 et

257 2878 489 2922 comam
549 2860 770 2922 derasit
825 2870 883 2923 et
931 2859 1322 2921 monasticum
1365 2855 1650 2937 imposuit
1702 2855 1894 2937 pileo-

254 2947 376 3010 lum
395 2949 537 3028 (46).
561 2948 634 3010 Et
655 2950 777 3012 haec
799 2949 1039 3030 quidem
1065 2947 1373 3010 Hebraeus.
1398 2951 1476 3010 At
1497 2964 1635 3007 vero
1658 2963 1892 3026 prorex,

2753 1726 2874 1776 ταῖς
2944 1711 3157 1775 οἰκείαις
3220 1712 3401 1792 χερσὶν
3472 1710 3627 1767 αὒτὸν

1989 1797 2320 1879 ἀπεκείρατο,
2393 1801 2481 1856 καὶ
2548 1802 2614 1856 τὰ
2679 1807 2746 1878 τῇ
2812 1806 2982 1877 σεμνῇ
3051 1802 3363 1857 ταπεινώσει
3427 1797 3631 1864 δεδοξα-

1988 1886 2154 1962 σμένα
2183 1888 2318 1966 ῥάκη
2370 1885 2732 1968 περιεϐάλετο,
2799 1895 2866 1966 τῇ
2924 1888 3105 1965 ἁπαλῇ
3147 1890 3235 1945 καὶ
3290 1887 3630 1967 περιῤῥεούσῃ

1988 1973 2166 2042 ἐσθῆτι
2221 1977 2404 2056 πρῷην
2463 1976 2908 2055 μκλχκιζόμενονν
2974 1978 3233 2057 παρέντος
3286 1984 3375 2034 τοῦ
3431 1998 3631 2056 μητρο-

1984 2062 2201 2123 πολίτου
2266 2066 2531 2147 Στεφάνου
2600 2068 2690 2123 σὺν
2750 2067 2826 2143 τῷ
2894 2067 3170 2141 ἐπισκόπῳ
3216 2073 3308 2123 τοῦ
3366 2066 3625 2145 Κάστρου,

1985 2152 2296 2231 ἡγουμένοις
2325 2175 2383 2209 τε
2432 2154 2526 2211 οὒκ
2579 2154 2798 2233 ὀλίγοις,
2858 2157 2945 2211 καὶ
3004 2154 3183 2219 ἄλλοις
3236 2159 3446 2234 ἱερεῦσι,
3476 2160 3626 2233 Παρ-

1986 2245 2215 2312 ειστήκει
2287 2241 2342 2298 δὲ
2411 2246 2498 2301 καὶ
2554 2247 2582 2300 6
2631 2242 2882 2309 Ἰουδαῖος
2944 2244 3241 2319 Δόμνουλος
3294 2246 3366 2309 ὡς
3424 2244 3625 2322 ἰατρὸς,

1987 2334 2046 2387 οὗ
2109 2333 2197 2388 καὶ
2249 2333 2434 2412 πρῴην
2507 2332 2795 2409 ἐμνήσθην,
2867 2336 3099 2412 θεωρῶνι
3144 2333 3350 2389 ἅπαντα
3416 2332 3482 2388 τὰ
3545 2353 3630 2386 τε-

1986 2418 2216 2496 λούμενα
2253 2439 2267 2453 ·
2315 2424 2372 2485 ὃς
2425 2420 2641 2487 ἐξελθὼν
2691 2421 2812 2502 ἔξω,
2854 2424 2942 2478 καὶ
2996 2424 3062 2478 τὰ
3112 2421 3439 2499 γεγενημένα
3492 2423 3626 2476 θαυ-

1988 2508 2183 2590 μάσας,
2224 2508 2325 2590 ’ἐφη
2375 2512 2505 2588 πρὸς
2560 2511 2680 2574 τοὺς
2735 2510 2999 2590 παρόντας
3035 2528 3051 2546 ο
3109 2512 3352 2590 Σήμερον
3401 2508 3623 2565 ἐθεασά-

1987 2619 2093 2669 μην
2162 2599 2445 2674 θαυμάσια,
2533 2598 2666 2678 ἅπερ
2733 2598 2896 2659 παλαι
2979 2597 3217 2676 γενέσθαι
3288 2599 3622 2675 ἀκηκόαμεν.

1984 2694 2086 2742 Νῦν
2152 2684 2296 2743 ε’ίὸον
2358 2689 2446 2744 τὸν
2517 2688 2794 2767 προφήτην
2870 2686 3074 2755 Δανιὴλ
3141 2688 3438 2767 ἡμεροῦντα
3504 2687 3624 2750 τοὺς

1981 2770 2221 2838 λέοντας.
2277 2777 2365 2838 Τίς
2419 2776 2517 2855 γάρ
2573 2773 2804 2845 ἠδυνήθη
2861 2777 2991 2831 ποτε
3045 2788 3207 2855 χεῖρα
3283 2771 3623 2831 ἐπιϐαλέσθαι

2055 2862 2067 2882 r
2214 2869 2242 2881 ~
2347 2864 2356 2881 ν
2581 2855 2597 2877 ι
2701 2863 2743 2883 ἢκ
2848 2864 2858 2881 ι
3010 2864 3037 2886 γ
3319 2864 3332 2880 ε
3479 2863 3494 2883 \
3563 2861 3576 2879 κ

1978 2884 2148 2938 τουτῳ
2175 2885 2251 2939 τῳ
2300 2862 2517 2945 λεοντις
2599 2874 2638 2922 Ο
2696 2882 2750 2919 οε
2807 2886 2921 2927 νέος
2979 2886 3128 2928 ουτος
3183 2862 3383 2931 Δανιηλ
3410 2885 3497 2919 και
3523 2884 3622 2929 την

1977 2950 2151 3026 κόμην
2221 2952 2472 3027 ἀπέτεμε,
2553 2955 2640 3009 καὶ
2720 2951 3026 3010 κουκούλιον
3110 2953 3448 3013 ἐπιτέθεικεν.
3522 2952 3624 3009 Καὶ

254 3014 507 3117 peractis
532 3037 645 3100 sibi
667 3014 919 3117 angelici
940 3036 1173 3100 habitus
1194 3035 1473 3098 omnibus
1493 3014 1890 3115 caeremoniis,

1985 3046 2137 3095 ταῦτα
2168 3040 2264 3116 μὲν
2294 3043 2322 3096 6
2355 3032 2621 3119 Ἐϐραῖος.
2686 3031 2743 3098 Ὀ
2800 3039 2853 3096 δὲ
2908 3039 3153 3117 βασιλεὺς
3214 3042 3347 3117 μετὰ
3401 3041 3462 3095 τὸ
3509 3045 3623 3096 πᾶ-

254 3126 597 3188 cohortatus
625 3145 835 3188 omnes
864 3138 929 3188 ut
979 3126 1359 3208 pranderent,
1393 3125 1524 3206 ipse
1560 3122 1893 3184 ministrum

252 3230 318 3274 se
341 3213 612 3295 praebuit,
637 3214 981 3295 astabatque
1006 3216 1194 3278 instar
1212 3212 1418 3275 famuli
1440 3212 1513 3274 ad
1560 3210 1893 3292 praestanda

251 3298 536 3381 obsequia
559 3302 991 3385 paratissimus,
1016 3302 1114 3385 qui
1139 3321 1245 3383 per
1266 3301 1516 3362 multum
1537 3307 1709 3361 antea
1739 3307 1892 3361 tem-

253 3406 362 3470 pus
393 3407 427 3451 e
457 3389 610 3450 lecto
641 3408 889 3469 surgere
920 3410 1037 3453 non
1093 3399 1344 3472 poterat,
1395 3389 1609 3451 virtute
1641 3386 1894 3468 Spiritus

249 3482 310 3538 et
336 3475 493 3538 beati
520 3476 627 3537 viri
661 3496 836 3539 manu
890 3487 1146 3541 sanatus.
1191 3478 1400 3541 Jussus
1446 3484 1643 3538 autem
1676 3476 1888 3537 sedere

248 3583 435 3645 prope
480 3565 697 3646 ipsum,
724 3584 932 3630 rursus
966 3569 1295 3630 facultatem
1319 3567 1486 3647 petiit
1516 3564 1887 3628 ministrandi

244 3653 319 3715 ad
348 3671 613 3716 mensam
643 3671 656 3716 :
702 3656 861 3735 quod
894 3656 992 3719 ubi
1024 3657 1262 3731 factum,
1296 3666 1538 3736 stupere
1568 3672 1780 3716 omnes
1809 3653 1883 3715 ob

242 3743 573 3804 restitutam
606 3742 731 3805 viro
765 3743 978 3807 bonam
1030 3745 1454 3818 valetudinem,
1488 3760 1733 3822 ejusque
1765 3742 1882 3803 mi-

243 3831 550 3894 nistrando
575 3831 861 3909 studium,
886 3833 1126 3916 Deoque
1150 3833 1367 3910 gratias
1386 3850 1582 3909 agere.
1600 3830 1739 3893 Post
1762 3832 1887 3895 haac

242 3938 450 3982 omnes
477 3938 616 3982 suas
644 3921 952 3985 facultates
983 3943 1162 3986 manu
1194 3941 1303 3984 sua
1329 3920 1635 4001 dilargitus
1658 3940 1885 4001 paupe-

239 4007 406 4071 ribus
434 4017 493 4071 et
521 4010 794 4074 ecclesiis
848 4020 904 4073 et
924 4013 1157 4075 cunctis
1211 4011 1545 4091 egentibus,
1599 4008 1888 4071 distribu-

239 4097 433 4178 tisque
488 4116 592 4178 pro
649 4101 925 4165 universa
979 4102 1201 4164 familia
1250 4099 1481 4178 legatis,
1548 4098 1882 4180 donataque

237 4184 534 4263 libertate,
604 4189 775 4249 tertio
856 4188 955 4251 die
1026 4189 1310 4268 migravit
1379 4188 1454 4249 ad
1526 4187 1873 4264 Dominum,

1979 3150 2072 3185 σαν
2102 3129 2198 3195 τὴν
2256 3128 2546 3207 ἀγγελικὴν
2605 3129 2912 3189 ἀκολουθίαν
2970 3130 3280 3199 τελεσθῆναι
3336 3126 3420 3186 ἐπ’
3453 3133 3618 3209 αὐτῷ,

1974 3217 2403 3297 προτρεψάμενος
2463 3217 2697 3283 ἅπαντας
2751 3219 2837 3276 ἐπὶ
2891 3221 2953 3275 τὸ
3008 3221 3312 3299 γεύσασθαι,
3359 3219 3446 3275 καὶ
3503 3239 3623 3277 συν-

1975 3304 2131 3371 τάξας
2184 3303 2249 3360 δι’
2308 3306 2493 3362 ἑαυτοῦ
2550 3308 2838 3387 παρίστατο
2888 3309 3123 3387 καθάπερ
3195 3307 3423 3387 εἰκέτης,
3480 3328 3618 3386 προ-

1974 3395 2295 3471 θυμούμενος
2343 3397 2670 3475 ὓπουργῆσαι
2727 3398 2756 3452 6
2812 3398 2914 3475 πρὸ
2968 3395 3184 3453 πολλῶν
3237 3397 3451 3474 ἡμερῶν
3519 3400 3619 3462 τῆς

1973 3482 2156 3552 κλίνης
2226 3484 2303 3559 μὴ
2361 3482 2644 3561 δυνάμενος
2700 3486 3018 3560 ἀναστῆναι,
3077 3487 3289 3565 ῥωσθεὶς
3343 3490 3411 3561 τῇ
3468 3481 3616 3540 δυνᾶ-

1969 3595 2054 3650 μει
2083 3584 2176 3632 τοῦ
2206 3573 2529 3649 Πνενόματος,
2581 3576 2669 3631 καὶ
2717 3588 2840 3638 ταῖς
2897 3582 2990 3632 τοῦ
3046 3576 3187 3632 ὁσίου
3244 3575 3447 3654 χερσίν.
3509 3580 3621 3630 [Iat-

1968 3662 2289 3743 ρακελευθεὶς
2355 3662 2410 3718 δὲ
2477 3668 2789 3731 καθεσθῆναι
2860 3661 3078 3744 ἔγγιστα
3127 3663 3305 3743 αὒτοῦ,
3364 3663 3608 3740 ᾐτήσατο

1968 3751 2128 3811 πάλιν
2182 3759 2273 3808 τοῦ
2331 3751 2664 3819 διατάξασθαι
2718 3752 2804 3810 ἐπὶ
2856 3759 2955 3821 τῆς
3002 3752 3265 3834 τραπέζης
3317 3750 3460 3808 λύσιν
3511 3750 3616 3807 λα-

1969 3836 2106 3901 ϐεῖν,
2141 3840 2241 3896 Καὶ
2292 3840 2477 3896 τούτου
2532 3841 2839 3918 γενομένου,
2896 3841 3089 3906 πάντες
3142 3838 3404 3906 ἐξίσταντο
3436 3838 3520 3895 ἐπὶ
3548 3845 3617 3916 τῇ

1972 3926 2260 4007 ἆναῤῥώσει
2329 3930 2416 3985 καὶ
2486 3930 2743 4009 προθυμίᾳ
2811 3940 2902 3989 τοῦ
2972 3928 3180 4010 ἀνδρὸς,
3235 3931 3325 3986 καὶ
3380 3926 3616 3998 ἐδόξαζον

1973 4016 2059 4072 ἐὸν
2090 4018 2245 4075 Θεόν.
2278 4017 2423 4073 Μετά
2450 4015 2717 4097 δὲταῦτα,
2777 4019 2950 4077 πάντα
3002 4020 3067 4074 τα
3118 4018 3425 4097 ὑπάρχοντα
3476 4019 3619 4091 αὐτῷ

1971 4110 2040 4182 τῇ
2066 4105 2165 4178 ἰδίᾳ
2222 4107 2363 4186 χειρὶ
2422 4103 2539 4170 δοὺς
2595 4106 2810 4181 πένησι,
2873 4109 2961 4163 καὶ
3011 4106 3338 4178 ἐκκλησίαις,
3371 4107 3458 4161 καὶ
3488 4110 3616 4160 πᾶσι

1963 4207 2079 4257 τοῖς
2107 4191 2395 4270 δεομένοις,
2456 4193 2785 4274 ληγατεύσας
2842 4216 2897 4251 τε
2944 4195 3153 4252 ἅπασαν
3204 4196 3301 4263 τὴν
3363 4195 3615 4251 οἰκετείαν

239 4292 473 4365 summa
510 4276 974 4355 compunctione
1020 4277 1203 4338 animi
1259 4284 1318 4338 et
1376 4294 1510 4337 cum
1557 4275 1878 4354 gratiarum

1983 4285 2141 4363 ιῦτοῦ,
2199 4284 2286 4338 καὶ
2342 4281 2627 4362 ἐλευθερίας
2679 4281 3029 4365 καταξιώσας,
3093 4289 3160 4360 τῇ
3215 4285 3364 4363 τρῖτῃ
3428 4281 3604 4360 ἡμέρᾳ

239 4362 498 4441 actione,
556 4363 673 4424 ﬁde
729 4382 798 4425 ac
852 4382 960 4446 spe
1017 4373 1178 4427 certa
1230 4364 1532 4446 profectus
1578 4362 1653 4425 ad
1714 4383 1876 4442 eum,

1959 4372 2087 4450 πρὸς
2155 4372 2339 4452 Κύριον
2411 4371 2723 4448 ἀπεδήμησε
2807 4373 2939 4448 μετὰ
2961 4393 2980 4451 λ
3021 4372 3196 4439 πάσης
3268 4371 3597 4437 κατανύξεως

1642 4546 1886 4611 Joannis
1912 4548 2041 4614 Clei
2069 4556 2247 4611 notae.

328 4675 445 4764 (44)
467 4672 553 4738 Ex
583 4674 745 4740 hisce
774 4678 916 4764 satis
945 4678 1322 4764 clareliquet,
1347 4679 1729 4764 verisimilius
1748 4701 1878 4764 non

242 4755 587 4835 dignitatem
619 4759 933 4838 quamdam
955 4755 1200 4823 οινὶιεηῖ
1208 4771 1305 4824 aut
1326 4763 1673 4824 saecularem
1695 4779 1730 4821 a
1748 4760 1879 4823 bio-

240 4838 489 4929 grapho,
523 4843 656 4929 sed
702 4839 1160 4904 ecclesiasticam
1211 4843 1877 4929 et_arc_hiep_iscopalem

241 4915 561 5005 designari.
578 4915 867 5005 Siberona
888 4940 1089 5005 porro,
1121 4941 1251 5005 quae
1273 4923 1451 5005 hodie
1472 4915 1638 5002 vulgo
1665 4915 1879 5005 Sancta

240 4999 906 5084 Severioaappellatur,
929 4999 1156 5084 civitas'
1184 5012 1263 5084 et,
1288 5003 1528 5084 antiqua
1570 4999 1627 5063 et
1653 5083 1657 5084 ί
1679 5001 1875 5084 muni-

242 5078 467 5139 tissima
490 5078 789 5142 ulterioris
847 5080 1150 5145 Calabriae.
1197 5082 1386 5145 Distat
1430 5078 1470 5145 ξι
1518 5083 1664 5144 mari
1709 5079 1876 5144 Ionio

240 5157 593 5243 milliaribus
621 5160 719 5243 10,4
738 5159 991 5243 crotone
1030 5166 1125 5225 12.
1147 5161 1333 5226 Sedes
1352 5160 1873 5243 archiepiscopalis

238 5239 634 5324 suffraganeas
708 5240 1077 5324 habet_sex,
1169 5243 1244 5307 de
1317 5239 1873 5324 quibus—omnibus

237 5317 518 5397 Ughellus
574 5325 719 5397 tom.
768 5319 844 5382 IX
887 5317 1086 5385 nam
1133 5317 1355 5385 sacrm:
1398 5322 1652 5386 Unicum
1698 5321 1875 5384 habet

237 5395 603 5490 praesulem-‘3
613 5447 626 5461 .
641 5400 938 5490 Severius;
951 5411 1086 5490 ante
1100 5400 1468 5490 Stephanum
1483 5410 1871 5490 memoratum

237 5479 300 5564 in
321 5479 524 5564 charta
544 5479 789 5564 Rogerii
811 5482 1050 5564 comitis
1097 5479 1240 5544 anni
1268 5483 1448 5564 1056,
1481 5483 1876 5564 observatque

238 5557 541 5651 βεὲιθιιυειι
598 5557 781 5651 “£190..
805 5561 889 5651 ibi
966 5571 1220 5651 tantum,
1253 5557 1595 5651 episcépttm
1669 5557 1873 5651 appel-

236 5636 373 5732 lari,
405 5636 567 5732 unde
617 5637 870 5732 dubitat,
928 5660 1005 5732 an
1050 5643 1154 5732 illi)
1207 5636 1475 5725 tempore
1513 5642 1640 5732 jam
1669 5636 1877 5732 jam-

236 5716 595 5803 episcopalis
624 5727 781 5790 esset
795 5716 867 5789 ea
885 5722 1083 5793 sedes.
1106 5716 1454 5809 Perperam,
1471 5716 1537 5790 ut
1549 5721 1649 5789 hic
1668 5720 1875 5806 liquet.

2042 4683 2161 4765 (45)
2209 4684 2294 4765 De
2333 4681 3024 4765 episcopo_Rossanensi
3073 4680 3170 4765 hic
3219 4699 3413 4765 sermo
3463 4686 3552 4765 est
3592 4681 3621 4765 ζ

1962 4764 2181 4844 quippe
2209 4763 2271 4824 in
2301 4761 2509 4825 eadem
2540 4761 2730 4836 'urbe,
2780 4772 2862 4844 ut,
2892 4764 3046 4824 infra
3092 4762 3360 4844 liquebit,
3397 4761 3611 4841 agebal

1958 4842 2488 4934 aeger—Euprarius,
2518 4843 2872 4934 ubihmortui
2903 4861 3120 4934 corpus
3152 4842 3373 4904 deinde
3408 4850 3609 4934 tumu-

1958 4922 2141 4984 latum
2188 4922 2298 4986 fuit
2346 4923 2407 4984 in
2446 4925 2573 4987 aede
2614 4923 2674 4988 S.
2724 4924 3072 4997 Anastasiae,
3126 4940 3301 5003 quam
3361 4933 3420 4984 et
3448 4922 3607 4983 idem

1960 5005 2288 5084 Eupraxius
2318 5003 2661 5067 fundaverat
2688 5012 3138 5084 ornaveratque,
3187 5012 3250 5064 ut
3282 5010 3440 5084 patet
3469 5019 3601 5081 cap.

1959 5083 2020 5157 6,
2057 5082 2249 5147 Vnum.
2310 5084 2388 5147 45
2445 5092 2504 5146 et
2559 5093 2697 5146 nota
2753 5084 2856 5146 36.
2899 5082 3074 5164 ~Ifla‘ac
3134 5082 3313 5164 porro
3364 5090 3497 5164 erat
3540 5084 3603 5143 in

1958 5181 2190 5224 summa
2219 5165 2474 5228 Rossani
2532 5172 2717 5242 parte,
2769 5171 2835 5226 ut
2876 5162 3099 5225 ibidem
3135 5161 3387 5225 dicitur.
3420 5161 3603 5242 Igitur

1958 5184 2190 5224 summa
2219 5184 2474 5228 nossam
2569 5184 2717 5241 arte,
2769 5184 2835 5226 ut
2876 5184 3099 5225 minem
3146 5184 3387 5225 (llClllll‘.
3420 5184 3599 5242 lgluﬂ‘

1957 5250 2077 5305 tum
2113 5244 2423 5321 temporis,
2457 5184 2567 5307 sug
2600 5247 2776 5308 linem
2825 5243 3105 5305 nimirum
3153 5243 3354 5307 saaculi
3382 5261 3443 5319 x,
3479 5261 3599 5303 non

1956 5330 2083 5406 erat
2109 5323 2628 5406 archiepiscopalis
2656 5325 2909 5406 Rossani
2930 5324 3129 5406 sedes,
3151 5323 3436 5406 cumejus
3455 5340 3603 5404 prae-

1957 5404 2049 5496 sul
2081 5403 2652 5496 tanntur’n'episcopus
2681 5404 3174 5496 hic__appelletur_,
3207 5403 3597 5496 videaturque

1955 5483 2139 5565 fuisse
2162 5483 2224 5548 S.
2261 5480 2562 5547 Severinae
2610 5485 2702 5548 vel
2748 5480 2993 5547 alterius
3040 5491 3203 5546 certe
3249 5480 3601 5565 metropdlis

1956 5564 2383 5643 suﬁ‘raganeus.

1960 5641 2166 5793 ς
2202 5644 2270 5710 Id
2315 5652 2406 5712 est
2450 5662 2698 5730 cappam
2740 5663 2848 5712 seu
2892 5643 3218 5725 cucullum,
3266 5651 3335 5710 ut
3402 5650 3491 5709 est
3535 5641 3601 5708 in
3652 5652 3655 5655 '

2011 5742 2190 5792 raeco.

2315 5796 2351 5809 ,Α
