3966 6148
201 266 286 332 lllt
1477 280 1667 347 VITA
1710 281 1770 345 S.
1819 281 1987 348 NILI
2027 280 2402 345 JUNIORIS.
3517 278 3629 345 102

223 407 297 463 καὶ
342 406 749 495 εὒαιοαριστίας,
826 414 1070 479 πίστεώς
1140 437 1197 473 τε
1265 416 1353 472 καὶ
1407 414 1614 480 ἐλπίδος
1689 414 1923 494 βεϐαίας,

2007 412 2085 494 ιιιί
2115 430 2219 494 per
2251 410 2596 493 prophetam
2629 408 2813 471 dixit:
2850 408 2999 472 Nolo
3050 416 3301 473 mortem
3346 418 3628 491 peccato-

242 495 457 556 ἀπελθὼν
485 503 633 580 πρὸς
665 504 770 559 τὸν
824 504 1084 583 εἰρηκότα
1125 502 1208 560 διὰ
1262 515 1354 564 τοῦ
1386 507 1659 585 προφήτου
1693 523 1709 541 ο
1777 524 1801 559 ε
1838 508 1910 563 Οὐ

2007 501 2096 583 ris,
2147 520 2322 582 quam
2368 508 2432 562 ut
2487 506 2867 563 convertatur
2917 506 2976 562 et
3019 498 3194 563 vitam
3246 499 3397 562 vivat
3445 509 3623 563 atter-

250 586 365 645 θὲλω
390 590 487 645 τὸν
538 590 783 647 θάνατον
837 599 935 649 τοῦ
988 592 1324 673 ἁμαρτωλοῦ,
1379 596 1453 658 ὡς
1510 596 1571 651 τὸ
1601 592 1909 674 ἐπιπρέψαι

263 680 338 735 καὶ
356 684 515 751 ζῆσαι
546 678 711 736 αὒτὸν
741 681 894 753 ζωπην
922 680 1024 748 τὴν
1046 681 1282 744 αἰώνιον.
1314 706 1342 737 ιι

339 758 434 840 vi"
490 769 642 825 Μετᾶ
698 768 756 826 δὲ
814 772 879 827 τὸ
928 775 1285 849 ,κατατεθῆναι
1330 774 1393 829 τὸ
1441 778 1598 849 σῶμα
1646 775 1801 830 αὐτοῦ
1856 771 1908 829 ἐν

269 863 336 931 τῷ
362 858 704 936 μοναστηρίῳ
758 863 862 925 τῆς
923 848 1104 936 Ἀγίας
1158 848 1656 928 Ἀναστασίαςτῆς
1712 858 1910 938 παρθέ-

267 968 369 1019 νου,
427 945 788 1026 προσέρχεται
836 953 917 1020 τῷ
970 947 1227 1022 θεσπεσίῳ
1286 950 1447 1028 Πατρὶ
1500 951 1528 1005 ὁ
1577 949 1747 1026 ῥηθεὶς
1796 970 1911 1023 μη-

263 1032 582 1113 τροπολίττ,ς
648 1032 1002 1091 ὑποδεικνύων
1102 1037 1239 1110 αὖτῷ
1307 1036 1404 1103 τὴν
1475 1046 1571 1095 τοῦ
1639 1034 1913 1113 βασιλικοῦ

262 1119 521 1191 ἆαθήκην
555 1140 571 1152 ·
633 1121 689 1177 ἐν
850 1132 944 1182 τοῦ⁵
990 1144 1049 1179 τε
1103 1123 1247 1199 πάσῃ
1292 1131 1485 1202 κινητῇ
1539 1126 1626 1181 καὶ
1680 1124 1914 1198 ἀκινήτῳ

262 1211 423 1266 αὖτώ
473 1210 763 1291 ὕποστάσει
832 1211 1110 1291 ἐπίτροπον
1176 1212 1264 1268 καὶ
1313 1210 1574 1279 δεσπότην
1625 1212 1714 1269 τόν
1769 1210 1914 1268 ὅσιον

262 1295 618 1376 διεγράψατο.
651 1282 849 1379 Ἠνπερ
904 1282 1221 1375 θεασάμενος
1269 1303 1297 1356 ὁ
1353 1301 1635 1382 μακάριος,
1686 1302 1773 1357 καὶ
1815 1300 1915 1367 τὴν

264 1385 317 1441 ἓν
369 1387 601 1451 ἐκείνοις
656 1402 777 1453 τοῖς
833 1388 1135 1468 πράγμασιν
1192 1388 1451 1470 ἀσχολίαν
1510 1388 1705 1469 παγίδα
1773 1389 1915 1445 εἶναι

262 1477 350 1531 καὶ
379 1475 596 1556 χλεύην
644 1483 737 1533 τοῦ
792 1474 1033 1533 διαϐόλου
1085 1480 1441 1559 κατανοήσας,
1499 1479 1672 1535 πάντα
1702 1476 1916 1557 ἐπιτρέ-

264 1568 371 1639 ψας
422 1572 505 1640 τῷ
561 1567 707 1640 αὒτῴ
749 1564 1100 1646 μετροπολίτῃ
1156 1563 1367 1647 δικαίωρ
1423 1569 1790 1647 οἰκονομῆσαι,
1844 1568 1917 1628 ὡς

1991 609 2127 652 nam
2156 591 2240 654 44.
2277 616 2305 649 ι

2075 772 2172 835 57.
2206 771 2520 855 Postquam
2576 787 2790 850 corpus
2837 769 2965 848 ejus
3020 767 3352 849 depositum
3412 766 3520 829 fuit
3568 767 3630 829 in

1994 860 2350 923 monasterio
2372 860 2599 921 sanctae
2628 858 2869 937 virginis
2897 856 3241 931 Anastasiae,
3278 856 3530 920 accessit
3554 856 3628 918 ad

1992 951 2392 1013 venerandum
2424 951 2654 1013 Patrem
2691 949 3083 1029 metropolila,
3138 967 3313 1029 quem
3344 947 3625 1021 diximus,

1994 1059 2260 1120 proregts
2292 1048 2700 1102 testamentem
2732 1038 3072 1111 ostendens,
3124 1037 3184 1098 in
3215 1055 3330 1117 quo
3364 1038 3628 1098 omnium

1995 1129 2095 1191 ille
2126 1130 2416 1191 bonorum
2446 1148 2686 1191 suorum
2750 1128 3058 1189 mobilium
3111 1126 3627 1207 immobiliumque

1996 1226 2324 1280 curatorem
2352 1227 2411 1280 et
2439 1218 2745 1279 dominum
2780 1217 3379 1296 scripseratsanctum
3412 1214 3628 1277 virum.

1998 1304 2166 1379 Quod
2197 1306 2323 1386 ipse
2350 1306 2554 1367 videns
2586 1313 2643 1366 et
2672 1304 3046 1383 negotiorum
3078 1302 3419 1382 hujusmodi
3449 1321 3632 1365 occu-

2000 1394 2320 1476 pationem,
2394 1393 2615 1457 diaboli
2672 1395 2944 1474 laqueum
3017 1399 3076 1454 et
3132 1391 3449 1453 ludibrium
3502 1409 3634 1453 esse

1999 1483 2356 1563 intelligens,
2387 1484 2580 1547 eidem
2640 1482 3027 1563 metropolitm
3077 1480 3379 1543 tractanda
3434 1479 3635 1542 omnia

1996 1572 2154 1653 juste
2188 1572 2475 1653 permisit,
2524 1580 2797 1651 tanquam
2851 1571 3146 1633 rationem
3201 1569 3508 1631 reddituro
3561 1569 3636 1630 de

263 1660 342 1726 τῷ
402 1654 473 1708 τὰ
517 1654 698 1710 πάντα
754 1654 1001 1735 ἐφερῶντι
1060 1662 1174 1730 Θεῷ
1242 1653 1567 1713 ἀποδώσοντι
1636 1656 1734 1722 τὴν
1802 1655 1919 1734 περὶ

2007 1660 2120 1723 illis
2149 1660 2483 1740 inspicienti
2528 1661 2726 1725 omnia
2771 1659 2925 1721 Deo:
2985 1660 3113 1740 ipse
3161 1677 3297 1720 vero
3349 1657 3411 1718 in
3463 1676 3634 1719 suum

262 1743 471 1797 τούτων
531 1741 848 1822 ἀπολογίαν,
898 1744 1055 1806 αὖτὸς
1106 1745 1167 1799 τὸ
1225 1745 1422 1802 οἰκεῖον
1475 1741 1737 1801 κατέλαϐε
1783 1765 1919 1817 μον-

258 1832 548 1910 αστῆριον,
629 1833 798 1907 ἐαυτῷ
865 1832 1170 1912 προσέχων,
1239 1834 1326 1889 καὶ
1385 1840 1462 1908 τῷ
1514 1839 1629 1908 Θεῷ
1684 1853 1920 1913 προσαν-

260 1919 439 1998 ἐχων,
497 1922 589 1976 καὶ
649 1921 958 1997 πειθόμενος
1028 1933 1145 1985 τοῖς
1217 1921 1387 2000 ἁγίοις
1457 1920 1706 2001 ἀγγέλοις
1777 1924 1921 1995 αὒτῷ

258 2008 586 2087 παραινοῦσί
615 2030 672 2065 τε
724 2010 813 2066 καὶ
861 2007 1099 2087 λέγουσιν
1135 2025 1150 2039 ⁹
1216 2032 1245 2064 α
1304 2010 1700 2068 Μεταναστεύου
1742 2009 1827 2065 ἐπὶ
1855 2009 1920 2064 τὰ

268 2094 296 2111 θ
407 2099 424 2118 ς
734 2099 745 2118 ρ
959 2097 985 2115 η
1120 2096 1142 2117 ’κ
1174 2098 1188 2115 ε

261 2119 363 2175 ορη
394 2118 478 2160 ως
538 2101 829 2178 στρουθιον,
867 2121 892 2153 ο
957 2119 1038 2155 οτι
1095 2100 1202 2155 ἒοου
1253 2101 1299 2155 οἱ
1351 2098 1404 2164 ἐξ
1432 2101 1586 2175 ἡμῶν
1616 2097 1920 2179 ἁμαρτωλοὶ

264 2184 534 2241 ἐνέτειναν
604 2184 778 2267 τόξον,
849 2186 948 2254 τὴν
1013 2191 1118 2243 τῶν
1195 2187 1531 2267 ἀνθρωπίνων
1593 2188 1918 2266 πραγμάτων

267 2272 585 2349 ἐπιμέλειαν
656 2276 745 2331 καὶ
807 2271 1072 2355 φροντίδα,
1156 2277 1243 2332 καὶ
1310 2276 1602 2351 ἡτοίμασαν
1659 2274 1790 2353 βέλη
1847 2277 1920 2338 εἰς

267 2362 560 2442 φαρέτραν,
619 2364 686 2420 τὰ
750 2370 820 2440 τῇ
888 2362 1089 2437 διανοίᾳ
1134 2366 1304 2423 αὐτῶν
1350 2363 1757 2440 ἐναποτιθέμενα
1811 2387 1920 2421 πο-

268 2452 407 2528 νηρὰ
464 2448 801 2527 βουλεύματα
828 2453 942 2509 ’καὶ
1012 2450 1362 2533 διανοήμανα,
1420 2449 1509 2533 ἀφ’
1561 2455 1635 2508 ὦ)
1689 2474 1922 2508 κατατο-

270 2536 448 2603 ξεῦσαι
508 2539 563 2595 ἒν
622 2541 932 2616 σκοτομήνῃ
987 2539 1320 2618 βουλεύονται
1368 2542 1415 2598 οἱ
1469 2538 1752 2621 ἀλάστορες
1802 2542 1922 2604 τοὺς

270 2629 444 2691 ὠθεῖς
500 2635 569 2703 τῇ
885 2639 990 2688 Τοῦ
1044 2629 1212 2686 τοίνυν
1263 2629 1548 2706 θαυμασίου
1604 2630 1805 2708 Πατρὸς
1858 2635 1924 2706 τῇ

270 2722 555 2797 προσευχῇ
584 2719 672 2773 καὶ
698 2724 767 2795 τῇ
821 2715 1020 2792 διανοίᾳ
1064 2725 1158 2776 τοῦ
1216 2716 1380 2797 λόγου
1436 2719 1570 2794 μετά
1615 2724 1719 2774 τῶν
1762 2715 1921 2774 ἀδελ-

272 2812 382 2885 φῶν
454 2805 713 2887 φιλοθέως
784 2815 1315 2889 προσκαρτεροῦντος,
1396 2806 1609 2888 ἔρχεταί
1662 2829 1742 2871 τις
1791 2808 1921 2887 πρὸς

276 2897 433 2951 αὖτὸν
492 2894 887 2975 στρατηλάτης,
964 2896 1289 2961 Πολυευκτος
1358 2894 1610 2974 τοῦνομα,
1664 2896 1770 2953 ἀπὸ
1822 2900 1921 2962 τῆς

278 3005 560 3058 παροικιας
613 2981 968 3044 Μεσουόιάνου
1020 2991 1119 3053 τῆς
1175 2982 1494 3065 Καλαϐρίας,
1566 2984 1735 3066 φέρων
1809 2981 1922 3060 μεθ’

2002 1768 2067 1812 se
2095 1750 2342 1811 contulit
2371 1748 2815 1823 monasterium,
2869 1748 2984 1810 είὺι
3033 1748 3345 1809 attendens
3395 1745 3636 1826 Deoque

2002 1857 2217 1900 vacans
2243 1846 2299 1900 et
2328 1838 2548 1900 sanctis
2593 1837 2818 1916 angelis
2866 1837 3114 1899 audiens
3170 1835 3540 1898 hortantibus
3571 1854 3639 1895 ac

2003 1927 2369 1990 dicentibus:
2432 1926 2817 2003 Transmigra
2868 1925 2928 1986 in
2987 1932 3217 1986 montes
3291 1924 3443 1985 sicut
3500 1942 3638 2004 pas-

2001 2034 2101 2078 ser
2126 2017 2219 2087 45;
2244 2016 2521 2097 quoniam
2553 2032 2716 2092 ecce,
2749 2014 2848 2095 qui
2878 2014 2953 2076 de
2985 2013 3157 2074 nobis
3186 2023 3326 2076 sunt
3358 2021 3635 2093 peccato-

2001 2122 2123 2181 res,
2139 2105 2519 2167 intenderunt
2537 2124 2762 2177 arcum,
2778 2122 2978 2164 rerum
2995 2103 3225 2165 scilicet
3241 2103 3634 2163 humanarum

2004 2194 2476 2275 procurationem
2526 2206 2588 2255 et
2634 2191 3126 2267 sollicitudinem,
3184 2198 3241 2252 et
3290 2197 3642 2271 paraverunt

2003 2283 2246 2362 sagittas
2290 2283 2350 2343 in
2399 2284 2694 2363 pharetra,
2755 2298 2931 2362 prava
2977 2278 3257 2340 videlicet
3303 2278 3551 2339 consilia
3582 2280 3642 2339 et

2003 2370 2410 2449 cogitationes,
2430 2390 2573 2451 quas
2592 2371 2651 2432 in
2672 2378 2929 2430 mentem
2945 2366 3289 2447 immittunt,
3305 2365 3642 2447 quibusque

2001 2459 2064 2521 in
2095 2459 2347 2523 obscuro
2376 2468 2570 2521 rectos
2595 2459 2773 2521 corde
2822 2458 3098 2537 sagittare
3128 2456 3634 2518 nefarei‘student.

2007 2546 2151 2610 Cum
2185 2549 2381 2629 itaque
2408 2546 2791 2609 admirandus
2816 2547 3110 2606 vir'totns
3158 2554 3319 2607 esset
3349 2564 3481 2606 cum
3510 2544 3638 2605 fra-

2006 2636 2195 2699 tribus
2240 2638 2302 2698 in
2363 2636 2628 2699 oratione
2680 2638 3092 2715 sermonisque
3133 2634 3232 2715 pio
3282 2632 3638 2708 ministerio,

2006 2727 2119 2789 dux
2149 2726 2386 2808 quidam
2419 2727 2711 2789 exercitus
2758 2724 2920 2787 venit
2966 2724 3039 2786 ad
3096 2742 3256 2804 eum,
3289 2723 3639 2805 Polyeuctus

2005 2816 2271 2891 nomine,
2296 2834 2329 2877 e
2351 2816 2593 2895 regione
2616 2812 2941 2879 Mesuhiani
2964 2813 3090 2894 (4'7)
3109 2811 3415 2893 Calabriae,
3435 2829 3642 2875 secum

2003 2905 2228 2968 ducens
2281 2905 2468 2968 ﬁlium
2523 2924 2693 2966 suum
2770 2902 3135 2983 nequissimo
3205 2901 3476 2964 daemone
3530 2920 3642 2983 op-

2007 3013 2298 3076 pressum.
2359 2993 2681 3057 Procidens
2735 2993 2919 3073 igitur
2970 2990 3043 3052 ad
3096 2989 3278 3064 pedes
3324 2990 3484 3053 beati
3526 2993 3640 3054 Pa-

282 3072 464 3132 ἑαυτοῦ
531 3076 625 3130 τὸν
674 3075 783 3131 υἱὸν
852 3076 1010 3134 αὐτοῦ
1058 3075 1420 3155 κατεχόμενον
1476 3075 1577 3130 ὸπὸ
1619 3072 1923 3153 σφοδρωτά-

2007 3072 2109 3145 tris
2160 3083 2425 3162 rogabat,
2490 3096 2555 3145 ut
2602 3072 3012 3145 misericordia
3068 3080 3434 3155 ﬂecteretur,
3495 3098 3641 3141 suo-

283 3182 369 3219 του
419 3160 674 3237 δαίμονος
726 3164 1045 3241 Προσπεσὼν
1098 3163 1186 3220 οὖν
1251 3163 1393 3243 παρὰ
1436 3163 1558 3224 τοὺς
1615 3159 1778 3225 πόδας
1835 3167 1927 3218 τοῦ

285 3251 540 3328 μακαρίου
610 3252 817 3330 Πατρὸς
887 3250 1171 3331 παρεκάλει
1240 3253 1396 3311 αὑτὸν
1465 3249 1927 3331 σπλαγχνισθῆναι

285 3335 364 3393 ἐπ’
392 3340 563 3415 αὐτῷ,
596 3341 687 3396 καὶ
741 3338 957 3407 ἐλεῆσαι
1008 3342 1099 3399 τὸν
1156 3342 1265 3397 υἱὸν
1321 3342 1501 3417 αὐτοῦ,
1545 3337 1842 3405 ἀπαλλάξαι
1869 3359 1929 3395 τε

286 3426 436 3483 αὲτὸν
458 3438 557 3487 τοῦ
575 3425 747 3485 δεινοῦ
773 3429 1092 3504 πνεύματος.

437 3506 452 3525 ι
511 3507 527 3527 ε
634 3513 677 3535 ν
748 3514 775 3538 ν
1142 3523 1168 3534 ~

358 3540 426 3583 νη
456 3564 471 3578 .
524 3525 570 3574 Ο
628 3528 685 3571 οε
740 3538 902 3580 οντως
954 3519 1064 3581 υἱὸς
1109 3541 1208 3586 της
1264 3519 1692 3598 χριστομιμήτου
1730 3537 1925 3575 ταπει-

286 3605 606 3685 κιφροσύ-δης
691 3604 1003 3685 ἀπεκρίνατο
1095 3608 1227 3686 πρὸς
1323 3608 1475 3663 αὑτὸν
1511 3623 1525 3637 ⁸
1616 3607 1924 3681 Πίστευσον,

288 3692 546 3773 ἄνθρωπε,
620 3690 702 3749 ὅτι
774 3691 1020 3750 οὐδέποτε
1077 3692 1410 3775 παρεκάλεσα
1467 3696 1558 3752 τὸν
1640 3696 1769 3752 Θεὸν
1836 3699 1928 3750 τοῦ

285 3778 618 3861 δωρήσασθαι
688 3786 757 3857 τῇ
846 3781 1159 3838 ταπεινώσει
1248 3804 1348 3859 μου
1435 3783 1592 3862 χάριν
1660 3782 1923 3858 ἰαμάτων,

284 3869 319 3937 ἦ
368 3876 624 3950 πονηρῶν
680 3871 991 3946 πνευμάτων
1048 3869 1345 3942 ἀποσοϐήν.
1414 3869 1541 3929 Εἴτε
1609 3877 1715 3928 τῶν
1784 3868 1927 3927 πολ-

285 3958 386 4015 λῶν
455 3982 563 4035 μου
640 3960 1035 4039 ἁμαρτημάτων
1089 3959 1339 4035 δυναίμην
1396 3960 1716 4040 συγγνώμην
1770 3960 1930 4030 αἰτή-

2009 3191 2125 3274 q_ue
2197 3175 2317 3237 tilio
2389 3192 2562 3255 opem
2625 3173 2829 3248 ferret,
2890 3169 3142 3250 depulso
3201 3169 3456 3250 maligno
3517 3170 3644 3250 spi-

2006 3270 2146 3326 ritu.

2089 3508 2189 3571 58.
2223 3505 2330 3569 Ille
2359 3524 2679 3585 germanus
2710 3504 2886 3585 plane
2934 3503 3289 3569 humilitatis
3338 3502 3643 3567 Christum

2009 3596 2295 3660 imitantis
2323 3595 2478 3658 ﬁlius
2507 3594 2845 3676 respondit:
2867 3596 3205 3675 Nunquam,
3234 3592 3403 3670 mihi,
3440 3592 3641 3670 crede,

2009 3687 2212 3766 rogavi
2237 3685 2575 3760 Dominum,
2608 3693 2672 3745 ut
2703 3703 2850 3746 mea;
2877 3684 3152 3747 tenuitati
3194 3683 3445 3745 donaret
3471 3700 3646 3743 cura-

2008 3775 2233 3837 tionum
2250 3773 2641 3856 gratiam,aut
2660 3773 2969 3855 spirituum
3009 3772 3402 3852 malignorum
3443 3771 3651 3851 depul-

2013 3862 2507 3928 sionem.Utinam
2531 3862 2848 3944 impetrare
2866 3880 2899 3923 a
2920 3862 3040 3924 Deo
3069 3878 3305 3940 possem
3327 3860 3645 3921 multorum

2011 3971 2278 4016 meorum
2305 3953 2534 4016 veniam
2566 3959 2941 4032 peccatorum
3001 3957 3060 4011 et
3115 3948 3356 4010 liberari
3386 3967 3421 4009 a
3450 3947 3646 4028 pravis

2012 4042 2484 4122 cogitationibus,
2520 4059 2651 4122 qua;
2679 4039 2827 4101 mihi
2869 4038 3124 4101 assuduo
3157 4037 3420 4099 molestae
3450 4045 3587 4098 sunt
3624 4034 3638 4098 !

2011 4134 2144 4213 Ipse
2173 4138 2234 4192 tu
2264 4130 2451 4211 magis
2480 4149 2585 4212 pro
2616 4148 2712 4191 me
2761 4128 2833 4191 ad
2877 4127 3063 4190 Deum
3094 4144 3302 4208 preces
3331 4125 3643 4203 eﬂ'undito,

288 4054 467 4106 σασθαι
540 4051 637 4106 τὸν
705 4051 859 4130 Θεὸν,
915 4049 1003 4105 καὶ
1060 4048 1374 4128 ἀπαλλαγὴν
1430 4055 1537 4105 τῶν
1592 4049 1672 4105 ἀεὶ
1728 4069 1928 4128 παρεν-

285 4137 592 4217 οχλούντων
622 4159 691 4213 με
719 4144 964 4218 πονηρῶν
1018 4135 1310 4216 λογισμῶν.
1369 4144 1528 4218 Δεῦρο
1573 4137 1743 4194 τοίνυν
1773 4139 1928 4200 αὐτὸς

286 4214 657 4304 παρακάλεσον
711 4228 802 4282 τὸν
864 4214 999 4282 Θεὸν
1068 4214 1270 4302 μᾶλλον
1323 4214 1649 4306 ὑπὲρ-ἐμοῦ,
1710 4223 1922 4306 ἀδελφὲ,

2007 4220 2208 4300 frater,
2238 4218 2288 4280 si
2317 4219 2465 4280 forte
2492 4216 2737 4281 liberari
2756 4234 2983 4306 queam
3010 4234 3043 4277 a
3075 4214 3277 4276 multis
3306 4214 3642 4278 circumob-

285 4315 455 4380 εἴπως
516 4314 580 4371 ἂν
618 4315 821 4392 ῥυθείην
867 4320 974 4371 τῶν
1026 4304 1478 4394 περικυκλούντων
1525 4336 1593 4390 με
1645 4304 1923 4390 δαιμονίων

2007 4306 2338 4370 sidentibus
2369 4325 2465 4368 me
2495 4305 2882 4368 daemonibus.
2918 4308 3070 4372 Nam
3102 4313 3237 4366 tuus
3278 4304 3432 4366 ﬁlius
3461 4323 3646 4367 unum

280 4402 523 4463 πολλων.
589 4394 647 4461 ’0
704 4404 804 4483 γὰρ
872 4403 964 4466 σὸς
1033 4404 1142 4466 υίὸς
1214 4403 1268 4459 ἓν
1325 4399 1593 4478 δαιμόνιον
1644 4399 1784 4481 ἔχει,
1840 4402 1923 4457 καὶ

2008 4396 2185 4460 habet
2213 4395 2591 4474 daemonium,
2621 4395 2800 4476 idque
2829 4413 2951 4457 non
2976 4413 3082 4456 sua
3138 4402 3372 4476 sponte,
3401 4394 3647 4456 fortasse

280 4494 411 4550 αὖτὸ
437 4492 727 4566 ἀκουσίως,
759 4489 895 4556 ἴσως
950 4488 1004 4545 δὲ
1058 4490 1146 4546 καὶ
1200 4490 1331 4568 πρὸς
1379 4489 1642 4569 σωτηρίαν
1670 4494 1770 4556 τῆς
1798 4487 1923 4552 ἰδίας

2007 4502 2147 4547 vero
2178 4484 2249 4546 ad
2271 4484 2518 4547 salutem
2541 4484 2774 4567 animae,
2805 4484 2930 4547 sive
2961 4484 3036 4545 ob
3067 4487 3502 4565 praeteritorum
3534 4501 3647 4545 exs

278 4586 497 4661 ψυχῆς,
558 4580 675 4636 εἴτε
722 4581 857 4661 πρὸς
923 4578 1328 4659 παρῳχηκότων
1383 4577 1780 4658 ἁμαρτημάτων
1834 4576 1923 4633 ἐκ-

2012 4573 2335 4654 piationem
2366 4573 2708 4649 criminum,
2741 4573 2863 4635 sive
2878 4571 2953 4635 ob
2976 4573 3190 4648 futura,
3226 4571 3298 4633 ad
3332 4571 3647 4635 cautelam.

276 4660 563 4750 λύτρωσιν,
618 4668 731 4726 εἴτε
770 4660 872 4726 καὶ
921 4670 1052 4746 πρὸς
1112 4667 1413 4743 μελλόντων
1460 4668 1753 4738 ἀνακοπὴν.
1789 4665 1923 4745 Ἐγὼ

2011 4661 2327 4750 Egovero
2370 4662 2430 4723 in
2478 4662 2726 4743 segnitie
2774 4670 2835 4725 et
2880 4662 3154 4725 socordia
3202 4679 3336 4723 mea
3383 4660 3651 4750 quotidie

278 4757 335 4813 δὲ
366 4766 439 4835 τῇ
490 4757 603 4834 ἐμῇ
657 4758 876 4836 ῥᾳθυμίᾳ
929 4757 1018 4812 καὶ
1072 4755 1292 4832 ἀμελείᾳ
1347 4753 1463 4814 καθ’
1518 4756 1748 4823 ἑκάστην
1807 4753 1923 4813 δου-

2014 4749 2645 4831 subjiciorinnumeris
2673 4751 3007 4813 daemonum
3043 4751 3228 4832 copiis
3257 4750 3318 4810 in
3373 4749 3653 4831 perditio-

281 4843 479 4920 λσῦμαι
511 4843 724 4924 ltitia;
771 4865 828 4900 τε
878 4844 967 4900 καὶ
1022 4843 1235 4923 μυριάσι
1295 4842 1558 4920 δαιμόνων
1613 4845 1746 4923 πρὸς
1775 4842 1923 4898 ἀπω-

2015 4858 2152 4901 nem
2185 4839 2396 4903 animae
2423 4860 2591 4905 meae.
2617 4841 2727 4903 Hic
2750 4840 2945 4914 dictis,
2999 4841 3239 4918 paulum
3277 4857 3342 4900 se
3374 4837 3652 4900 subduxit

282 4932 431 4991 λειαν
459 4939 564 5000 τῆς
620 4938 807 5013 ψυχῆς
865 4953 992 5008 μου.
1051 4938 1226 4989 Ταῦτα
1280 4932 1463 5012 εἰπὼν,
1522 4932 1610 4988 καὶ
1636 4932 1923 5009 ὑπαναχω-

2017 4933 2077 4991 et
2105 4946 2212 5010 per
2240 4928 2371 4991 dies
2400 4930 2625 5012 aliquot
2644 4929 2833 5007 latuit,
2859 4929 3078 4992 veritus
3096 4948 3194 5006 ne,
3218 4928 3269 4989 si
3296 4926 3654 4989 liberaretur

284 5024 453 5101 ρήσας
546 5024 756 5103 μικρὸν,
832 5020 1132 5100 ἀπέκρυψεν
1223 5021 1407 5079 ἑαυτὸν
1491 5019 1694 5099 ἡμέρας
1760 5020 1923 5099 τινὰς,

2018 5035 2341 5101 oppressus
2368 5035 2402 5083 a
2431 5019 2725 5098 daemone,
2758 5019 2914 5082 fama
2966 5037 3074 5101 per
3118 5024 3299 5081 totam
3352 5022 3656 5079 emanaret

366 5192 430 5244 44
452 5190 675 5256 Ezech.
706 5207 914 5269 mm,
945 5189 1044 5254 11.
1126 5188 1192 5242 45
1217 5186 1373 5254 Psal.
1400 5204 1466 5268 Χ,
1492 5187 1553 5251 2.

1689 5362 1936 5429 Joannis
1964 5365 2087 5432 Clei
2117 5375 2291 5432 notae.

372 5495 504 5574 (47)
544 5493 799 5574 Sidetas
826 5490 1029 5574 habet
1075 5488 1418 5574 Mesiqigni.
1448 5484 1516 5549 In
1545 5485 1777 5574 mappis
1804 5506 1941 5574 geo-
2021 5487 2290 5574 ulteriori
2316 5487 2522 5571 quinto
2574 5489 2815 5554 milliari
2860 5507 3066 5553 versus
3112 5486 3409 5552 orientem
3458 5487 3658 5553 Mileto

291 5566 590 5657 graphicis
639 5572 881 5641 invenio
941 5589 1159 5656 pagum
1232 5567 1503 5635 Misiano
1556 5566 1620 5630 in
1645 5566 1943 5633 Calabria
2025 5566 2368 5634 distantem.
