3966 6148
325 309 440 377 103

322 531 521 612 quiete
577 533 793 593 vivere.
850 535 926 594 At
979 528 1331 609 Polyeuctus
1390 526 1509 588 ﬁde
1566 534 1623 589 et
1681 544 1784 605 spe
1861 544 1963 587 cor

318 611 488 679 suum
506 619 777 679 muniens
793 636 908 679 non
922 616 1120 680 abibat
1143 635 1174 678 e
1206 616 1591 691 monasterio,
1620 611 1961 693 sedjejunio

318 724 388 768 se
417 706 713 786 afﬂigebat
743 715 963 768 etcum
998 704 1268 786 lacrytnis
1316 702 1583 765 dicebat:
1637 701 1764 762 Non
1790 719 1961 762 rece-

316 794 451 856 dam
484 794 643 869 hinc,
679 794 869 855 donec
899 793 1056 854 ﬁlius
1118 810 1288 853 meus
1331 799 1593 853 curetur.
1647 789 1963 870 Perspecta

317 882 525 945 beatus
552 884 634 945 vir
661 883 942 964 praeclara
965 882 1094 962 ejus
1119 881 1234 942 ﬁtle
1260 888 1319 942 et
1345 879 1649 960 patientia,
1685 878 1966 939 misertus

319 979 409 1033 est
452 971 636 1052 ipsius
683 980 739 1032 et
790 971 918 1043 ﬁlii,
972 986 1369 1049 reversusque
1421 968 1480 1028 in
1541 967 1962 1028 monasterium

317 1075 515 1119 secum
543 1057 674 1138 ipse
705 1077 830 1119 rem
864 1056 1118 1136 graviter
1140 1058 1338 1118 ferens
1376 1052 1607 1117 aiebat:
1642 1053 1792 1127 Quid
1825 1053 1967 1116 huic

313 1144 544 1206 homini
574 1143 806 1219 faciam,
858 1144 1107 1223 ignoro;
1164 1162 1300 1205 nam
1356 1154 1412 1204 et
1463 1150 1690 1214 sanato,
1752 1155 1964 1204 etnon

315 1241 516 1295 sanato
542 1234 669 1312 ejus
691 1233 834 1313 ﬁlio,
864 1233 1142 1313 utrinque
1187 1232 1362 1293 nobis
1398 1230 1629 1293 vexatio
1664 1230 1958 1292 imminet.

316 1322 603 1384 Caeterum
625 1322 784 1382 nullo
808 1322 982 1383 modo
1008 1340 1212 1402 passus
1234 1322 1323 1382 vel
1348 1319 1568 1381 intueri
1607 1337 1959 1399 oppressum

315 1430 348 1472 a
374 1411 665 1492 daemone,
699 1420 965 1472 vocatum
999 1409 1591 1472 sacerdotaliordine
1614 1408 1956 1487 fungentem

308 1498 480 1578 jubet
530 1499 616 1561 ire
663 1500 725 1560 in
768 1498 1117 1575 oratorium,
1170 1506 1229 1559 et
1258 1498 1402 1559 fusis
1445 1516 1625 1579 super
1675 1506 1958 1576 aegrotum

315 1587 614 1670 precibus,
648 1606 871 1668 ungere
894 1588 1058 1649 illum
1080 1588 1152 1649 de
1174 1587 1306 1649 oleo
1331 1587 1645 1668 lampadis,
1673 1605 1741 1649 ac
1767 1586 1962 1649 dimit-

314 1684 463 1739 tere.

1819 306 2176 371 ANONYMI

319 441 625 522 regionem
656 449 715 503 et
742 440 856 503 sibi
910 456 1029 503 non
1080 438 1526 519 permitteretur
1571 436 1631 499 in
1679 436 1810 501 loco
1843 437 1944 498 illo

2052 434 2274 501 ῖεδοικὼς

3584 309 3704 376 104

2365 438 2440 512 μή
2525 459 2640 501 πως
2726 436 2959 502 ἱαθέντος
3079 444 3173 496 τοῦ
3268 437 3699 516 δαιμονιζομένου

2042 523 2235 589 ἐξέλθοι
2264 526 2300 590 ἡ
2331 526 2486 605 φήμη
2543 523 2661 582 καθ’
2709 525 2840 593 ὅλης
2895 532 2994 593 τῆς
3026 527 3232 607 χώρας,
3267 529 3354 583 καὶ
3384 528 3478 584 οὒκ
3506 527 3690 584 ἐάσωο

2044 635 2126 668 σιν
2174 613 2330 668 αὖτὸν
2359 615 2626 692 ἠρεμῆσαι
2683 613 2735 671 έν
2790 622 2869 689 τῷ
2922 615 3071 689 τόπῳ
3126 614 3331 690 ἐκείνῳ.
3389 607 3447 674 ι0
3500 612 3554 672 δὲ
3586 623 3696 672 Πο-

2043 699 2289 765 λύευκτος
2317 702 2716 782 κατωχυρώσας
2774 703 2932 762 αὒτοῦ
2986 706 3083 771 τὴν
3132 701 3344 784 καρδίαν
3390 708 3468 781 ’τῇ
3520 706 3696 761 πίστει

2042 791 2130 845 καὶ
2182 796 2262 867 τῇ
2319 788 2508 865 ἐλπίδι,
2577 789 2891 871 διεκαρτέρει
2966 791 3021 848 ἐν
3073 799 3150 867 τῷ
3210 794 3546 873 μοναστηρίῳ
3601 817 3699 860 νη-

2047 878 2241 934 στεύων
2299 879 2388 934 καὶ
2455 879 2904 958 κοκουχούμενος,
2978 878 3149 958 λέγων
3217 881 3351 956 μετά
3406 879 3638 960 δακρύων
3677 900 3693 914 ·

2048 965 2413 1022 Οἶικάε·
2543 965 2738 1003 σ·”’“’“
2853 967 3120 1005 ’κγ’
3237 971 3291 1003 ‘~
3538 969 3697 1002 "‘-

2218 967 2521 1045 ναλωρήσω
2554 989 2635 1025 ..ου
2663 988 2787 1041 ωοε,
2838 967 2936 1032 ἕω..
2989 990 3047 1025 ο)
3101 992 3129 1025 ο
3185 971 3289 1032 uio.
3347 991 3447 1043 μου
3503 970 3694 1031 iaceo).

2047 1053 2303 1134 ἐπιτύχῃ,
2378 1053 2522 1112 Ἰδὼν
2589 1055 2678 1111 οὖν
2750 1058 2777 1112 6
2849 1057 3106 1136 μακάριος
3161 1056 3258 1124 την
3310 1054 3481 1114 ἔνθεον
3538 1058 3699 1116 αὐτοῦ

2046 1144 2218 1198 πίστιν
2276 1145 2363 1200 καὶ
2417 1145 2710 1224 ὑπομονὴν,
2785 1144 3197 1225 σπλαγχνισθεὶς
3272 1143 3355 1201 ἐπ’
3414 1149 3556 1219 αὐτῷ
3609 1141 3701 1201 καὶ

2046 1229 2130 1286 ἐπὶ
2185 1238 2261 1307 τῷ
2327 1233 2422 1306 υἱῴ
2492 1237 2669 1306 αὐτοῦ,
2731 1235 2819 1289 καὶ
2870 1233 2924 1288 έν
2980 1241 3056 1308 τῷ
3116 1234 3452 1313 μοναστηρίκμ
3506 1233 3695 1313 ἐλθὼν,

2046 1326 2311 1409 ἐδυσφόρει
2346 1329 2399 1386 ἐν
2462 1331 2631 1406 ἐαυτῷ
2686 1329 2905 1408 λέγων’
2958 1331 3018 1388 Τί
3075 1332 3289 1400 ποιήσω
3335 1337 3411 1406 τῷ
3439 1330 3699 1409 ἀνθρώπῳ

2041 1417 2208 1493 τούτῳ
2277 1423 2372 1477 οὒκ
2439 1417 2564 1477 οἶδα
2598 1440 2611 1455 ·
2677 1421 2765 1475 καὶ
2823 1419 2921 1498 γάρ
2972 1419 3338 1499 ἀμφοτέρωθεν
3398 1419 3694 1498 πειρασμὸς

2040 1507 2176 1581 ἡμῖν
2208 1508 2555 1603 απρόσκειται,
2609 1507 2721 1565 ε’ίτε
2777 1509 2898 1585 ἰαθῇ
2956 1510 2984 1563 6
3045 1509 3152 1571 υἱὸς
3214 1509 3390 1584 αύτοῦ,
3442 1506 3552 1562 εἴτε
3603 1507 3696 1563 καὶ

2018 1596 2143 1670 μή.
2210 1594 2382 1672 Ὅμως
2429 1597 2518 1654 οὗν
2569 1596 2815 1674 μηδόλως
2871 1594 3284 1673 καταδεξάμενος
3335 1595 3433 1652 κᾶν
3489 1595 3693 1653 θεάσα-

1975 1681 2154 1741 Βσθαι
2224 1687 2316 1741 τὸν
2385 1687 2885 1763 πνευματιζόμενον,
2960 1684 3187 1750 καλέσας
3242 1688 3331 1743 τὸν
3395 1690 3494 1752 τῆς
3550 1688 3693 1764 ἱερα-

312 1766 453 1822 τείας
495 1788 594 1822 την
644 1763 785 1822 τάξιν
833 1763 1185 1822 ἐνδεδυμένον.
1237 1765 1436 1822 κελεύει
1487 1767 1642 1822 αὐτὸν
1690 1763 1940 1822 ἀπελθεῖν
1985 1768 2038 1822 έν
2083 1772 2160 1822 re?)
2207 1775 2461 1822 εὒκτηηίιέι
2534 1777 2622 1822 sui
2679 1772 2982 1822 ἐπεύξασθαι
3038 1772 3114 1822 τεῶ
3160 1783 3394 1822 νοσοῦντι
3470 1772 3693 1822 algeas;

430 1788 453 1828 ς
495 1788 594 1833 την
644 1772 785 1831 τάξιν
833 1772 1185 1842 ἐνδεδυμένον,
1237 1772 1436 1822 κελεύει
1487 1772 1642 1822 αὐτὸν
1690 1772 1940 1823 ἀπελθεῖν
1985 1772 2038 1826 έν
2083 1772 2160 1848 τῷ
2207 1775 2482 1856 εύκτηρίώ,
2534 1777 2622 1831 καὶ
2679 1772 2982 1839 ἐπεύξασθαι
3038 1772 3114 1847 τῷ
3160 1783 3417 1850 νοσοῦντι,
3470 1772 3692 1848 ἀλεῖψαί

311 1874 370 1908 τε
401 1854 557 1909 αότὸν
588 1852 746 1927 ἐλαίῳ
774 1860 870 1930 τῇς
900 1852 1164 1924 κανδήλας
1194 1857 1281 1911 καὶ
1310 1853 1589 1912 ἀπολύσαι.

393 1941 491 2004 59.
527 1940 694 2013 Quod
746 1941 846 2002 ubi
894 1942 1140 2018 factum,
1196 1942 1391 2004 statim
1439 1941 1674 2020 juvenis
1726 1942 1960 2004 sanitati

309 2031 615 2092 restitutus
638 2038 745 2104 est,
782 2050 1019 2110 egresso
1048 2033 1236 2092 instar
1268 2030 1417 2091 fumi
1448 2030 1523 2091 de
1556 2030 1799 2092 naribus
1828 2034 1960 2112 ejus

311 2119 601 2181 daemone.
636 2118 803 2190 Quod
855 2122 1031 2182 Pater
1075 2120 1206 2199 ejus
1256 2138 1390 2181 cum
1444 2119 1708 2193 vidisset,
1743 2120 1956 2199 gaudio

315 2216 490 2289 atque
510 2208 900 2270 admiratione
922 2208 1097 2270 simul
1125 2209 1375 2270 affectus
1404 2207 1591 2269 ﬁlium
1614 2209 1951 2288 prehendit,

316 2314 551 2377 unaque
579 2315 713 2357 cum
736 2296 837 2357 illo
879 2296 950 2358 ad
997 2296 1184 2358 Patris
1206 2314 1399 2376 genua
1427 2297 1704 2377 procidit,
1740 2297 1957 2376 gratias

310 2383 434 2446 Deo
455 2403 635 2464 agens
654 2392 713 2445 et
750 2384 885 2466 ipsi,
921 2385 1021 2466 qui
1058 2390 1184 2447 so'o
1209 2386 1385 2465 jussu
1418 2385 1741 2465 malignum
1774 2385 1956 2467 spiri-

311 2481 433 2535 tum
466 2492 499 2535 e
523 2473 646 2535 ﬁlio
673 2473 1021 2554 depulisset.
1056 2476 1134 2536 At
1169 2474 1374 2536 beatus
1404 2473 1579 2535 Pater
1615 2474 1958 2536 vehementi

311 2580 590 2624 sermone
619 2580 761 2623 usus
793 2562 1072 2643 praecepit
1102 2563 1210 2638 illi,
1246 2582 1320 2624 ne
1376 2562 1477 2625 cui
1520 2581 1652 2625 rem
1685 2562 1954 2641 diceret;

311 2652 471 2712 Deus
500 2649 683 2731 enim,
716 2650 930 2729 inquit,
968 2650 1096 2731 tibi,
1128 2669 1246 2712 non
1283 2669 1414 2730 ego,
1467 2650 1694 2712 curavit
1724 2651 1954 2729 ﬁlium;

312 2744 369 2798 et
391 2736 753 2799 benedicens
779 2737 1004 2798 dimisit
1023 2737 1157 2800 illos
1190 2738 1434 2799 domum
1465 2737 1526 2799 in
1548 2757 1713 2819 pace,
1741 2739 1958 2818 gratias

311 2826 436 2888 Deo
458 2832 723 2906 agentes.
750 2825 965 2888 Multos
987 2845 1163 2907 porro
1208 2825 1269 2887 in
1297 2828 1456 2888 hunc
1489 2826 1728 2889 modum
1760 2827 1955 2889 admi-

309 2913 532 2975 randus
561 2914 650 2975 vir
677 2914 1049 2977 daemonibus
1081 2915 1640 2977 obsessosliberavit
1671 2924 1794 2977 tum
1828 2936 1954 2978 mo-

2123 1931 2222 2005 νθ’.
2294 1945 2489 2001 Τούτου
2560 1942 2613 2000 δὲ
2684 1943 2991 2023 γενομένου,
3065 1948 3401 2023 παραχρῆμα
3470 1944 3498 1998 6
3569 1940 3689 2006 νέος

2040 2029 2229 2094 ἰάσεως
2278 2030 2499 2106 ἠξιώθη,
2560 2038 2652 2089 τοῦ
2709 2030 2954 2108 δαίμονος
3013 2031 3119 2110 ἀπὸ
3172 2037 3278 2088 τῶν
3337 2031 3689 2110 αἰσθητηρίων

2040 2118 2196 2174 αὐτοῦ
2253 2119 2377 2174 ὡσεὶ
2429 2120 2628 2184 καπνὸς
2684 2117 3002 2184 ἐξελθόντος.
3067 2102 3220 2197 Ὅπερ
3266 2117 3387 2175 ἰδὼν
3432 2120 3460 2174 6
3510 2118 3689 2197 πατὴρ

2039 2202 2218 2281 αὐτοῦ,
2298 2208 2385 2262 καὶ
2456 2214 2627 2287 χαρᾶς
2698 2206 2975 2287 πλησθεὶς,
3049 2203 3449 2286 παραλαμϐάνει
3523 2207 3684 2264 αὐτὸν

2037 2294 2125 2349 καὶ
2152 2295 2466 2373 προσπίπτει
2518 2293 2635 2372 μετ’
2683 2300 2839 2354 αὐτοῦ
2886 2310 3004 2360 τοῖς
3062 2302 3152 2353 τοῦ
3211 2297 3415 2376 Πατρὸς
3445 2295 3683 2374 γόνασιν,

2039 2384 2366 2463 εὖχαριστῶν
2414 2390 2490 2459 τῷ
2541 2391 2678 2464 Θεῷ,
2737 2386 2825 2441 καὶ
2881 2387 3021 2460 αὐτῷ
3078 2388 3155 2459 τῷ
3201 2382 3285 2440 διὰ
3324 2384 3496 2451 πόνης
3524 2406 3688 2464 προσ-

2038 2470 2234 2537 τάξεως
2302 2474 2363 2530 τὸ
2428 2475 2658 2554 πονηρὸν
2724 2482 2928 2549 πνεῦμα
3006 2479 3096 2530 τοῦ
3168 2476 3279 2533 υἱοῦ
3359 2475 3514 2530 αύτοῦ
3570 2473 3685 2530 ἀπ-

2039 2557 2304 2618 ελάσαντι.
2382 2558 2882 2641 Ἐμϐριμησάμενος
2953 2560 3008 2617 δὲ
3092 2561 3233 2642 αύτῷ
3301 2563 3329 2619 6
3401 2561 3682 2642 μακάριος,

2037 2647 2363 2727 παρήγγειλε
2396 2640 2581 2726 μηδενὶ
2631 2656 2787 2707 τοῦτο
2846 2651 3015 2707 εἰπεῖν
3049 2668 3062 2683 ·
3133 2640 3190 2708 εΟ
3249 2650 3379 2712 Θεὸς
3427 2650 3549 2729 γὰρ,
3582 2640 3685 2729 φη)

2037 2736 2140 2808 σὶν,
2204 2738 2387 2795 ἰάσατο
2442 2740 2533 2796 τὸν
2590 2739 2680 2796 σὸν
2741 2741 2848 2797 υἱὸν
2905 2738 2999 2794 οὒκ
3054 2738 3181 2818 ἐγώ.
3244 2740 3345 2796 Καὶ
3388 2737 3684 2817 εὐλογήσας

2037 2824 2222 2890 αὖτοὺς
2253 2825 2508 2883 ἀπέλυσεν
2540 2828 2725 2892 αὐτοὺς
2782 2827 2836 2883 έν
2880 2828 3061 2907 εἰρήνῃ
3112 2830 3184 2892 εἰς
3234 2829 3323 2884 τὸν
3381 2828 3535 2885 οἶκον
3582 2830 3685 2885 αὒ-

2038 2919 2141 2970 "civ
2172 2912 2479 2986 δοξάζοντας
2528 2918 2619 2972 τὸν
2676 2916 2826 2975 θεόν.
2886 2916 3069 2989 Τούτῳ
3125 2914 3179 2971 δὲ
3231 2922 3308 2991 τῷ
3339 2915 3517 2994 τρόπῳ
3545 2914 3678 2973 πολ-

309 3003 556 3085 nachos,
587 3010 708 3064 tum
742 3003 948 3081 laicos,
998 3003 1120 3066 sive
1164 3004 1296 3066 oleo
1341 3023 1447 3086 per
1490 3005 1828 3068 sacerdotes
1856 3006 1952 3067 in-

2052 3003 2159 3066 ici):
2184 3003 2289 3060 ἀπὸ
2340 3002 2601 3080 δαιμόνων
2657 3007 2685 3061 6
2744 3005 3031 3082 θαυμάσιος
3072 3005 3380 3085 ἐθεράπευσε
3411 3005 3709 3085 μοναχούς·

308 3075 560 3169 ungens,
617 3110 687 3153 eo
743 3094 897 3172 quod
931 3075 1076 3173 ipse
1122 3075 1422 3175 nunquam
1473 3093 1560 3154 vel
1606 3094 1730 3155 sola
1775 3112 1953 3157 manu

2052 3115 2093 3149 :s
2165 3096 2252 3150 καὶ
2313 3093 2531 3158 λα’ίκούς
2566 3113 2581 3128 ⁶
2637 3095 2756 3159 to");
2824 3097 2920 3172 μὲν
2991 3094 3152 3170 ἐλαίῳ
3206 3094 3291 3152 διὰ
3341 3101 3444 3152 τῶν
3501 3094 3682 3175 ἱερέων

306 3179 786 3242 benedictionem
805 3179 921 3241 illis
936 3181 1242 3261 impertire
1263 3181 1534 3250 voluerit,
1553 3182 1677 3243 sive
1698 3183 1949 3243 Romam

2052 3181 2285 3262 ἱλείφων,
2357 3185 2512 3247 αύτὸς
2564 3182 2829 3260 μηδέποτε
2886 3182 3302 3261 καταδεξάμενος
3363 3183 3523 3264 μέχρι
3594 3185 3684 3240 καὶ

310 3269 548 3331 mittens
602 3269 672 3329 ad
719 3268 1024 3330 beatorum
1072 3270 1477 3351 apostolorum
1532 3278 1591 3332 et
1633 3279 1952 3351 martyrum

2052 3277 2133 3339 τῆς
2166 3268 2249 3327 διὰ
2282 3275 2465 3353 χειρὸς
2520 3272 2809 3353 σφραγῖδος
2868 3271 2952 3330 ἐπ’
3006 3274 3230 3338 αὒτοϊςθ
3290 3275 3411 3337 τοὺς
3469 3271 3523 3328 δὲ
3551 3272 3681 3329 ἀπο·

312 3357 565 3421 tumbas.
598 3356 822 3430 Quibus
866 3365 1084 3433 tamen,
1120 3359 1263 3419 dum
1300 3360 1476 3433 irent,
1534 3357 1777 3419 liberari
1809 3378 1954 3420 con-

2052 3356 2271 3415 ττέλλων
2318 3362 2448 3440 πρὸς
2491 3361 2585 3425 τάς
2636 3367 2742 3417 τῶν
2805 3364 3073 3439 μακαρίων
3126 3359 3434 3419 ἀποστόλων
3482 3381 3539 3416 τε
3595 3361 3684 3417 καὶ

319 3444 601 3525 tingebat,
633 3453 954 3526 apparente
983 3445 1101 3506 illis
1133 3444 1446 3507 manifeste
1483 3444 1654 3506 beato
1687 3447 1858 3508 Patre
1888 3463 1955 3505 ac

319 3532 617 3595 daemones
645 3535 1002 3614 depellente.
1027 3533 1197 3606 Quod
1229 3552 1372 3595 sane
1398 3533 1593 3609 fiebat,
1623 3552 1697 3595 ne
1716 3533 1953 3608 ﬁducia,

314 3641 428 3704 qua
458 3621 692 3684 beatum
724 3628 951 3684 Patrem
979 3622 1233 3684 laturum
1269 3640 1440 3703 opem
1489 3621 1576 3683 illi
1604 3621 1949 3703 sperabant,

304 3729 452 3773 vana
502 3710 941 3787 ostenderetur,
1003 3719 1060 3772 et
1115 3710 1310 3774 inanis
1368 3709 1810 3790 confugentium
1877 3710 1953 3772 ad

304 3799 500 3882 ipsum
528 3799 723 3885 labor.
756 3799 902 3862 Nam
936 3800 1046 3862 etsi
1076 3798 1382 3862 humilitas
1413 3799 1596 3860 animi
1627 3798 1946 3875 efﬁciebat,

308 3905 385 3949 ne
402 3888 590 3968 palam
611 3906 791 3970 super
808 3888 941 3950 illos
966 3906 1175 3969 preces
1198 3887 1551 3962 effunderet,
1580 3894 1642 3948 ut
1667 3888 1954 3947 humanas

309 3975 516 4038 laudes
545 3976 778 4052 vitaret,
818 3977 1036 4059 pietate
1084 3984 1280 4039 tamen
1325 3979 1538 4052 victus,
1573 3976 1713 4037 dum
1746 3975 1956 4037 lateret

319 4061 381 4123 in
404 4063 571 4138 cella,
599 4064 889 4126 daemonia
913 4065 1040 4127 suis
1062 4064 1252 4145 igneis
1272 4063 1805 4145 supplicationibus
1827 4081 1962 4125 ure-

322 4150 420 4213 bat
448 4161 505 4213 et
535 4154 774 4214 morbos
804 4153 1062 4233 fugebat.
1118 4153 1259 4226 Quae
1286 4153 1337 4214 si
1367 4152 1579 4214 vellam
1610 4152 1832 4228 omnia,
1866 4152 1958 4214 vel

2039 3449 2312 3527 μαρτύρων
2351 3451 2518 3520 θήκας
2570 3450 2665 3513 τὰς
2723 3449 2777 3506 ἐν
2834 3456 2902 3527 τῇ
2961 3443 3165 3529 Ῥώμῃ,
3197 3448 3392 3513 οἵτινες
3421 3450 3557 3506 κατὰ
3584 3449 3682 3516 τὴν

2039 3534 2158 3592 ὁδὸν
2203 3536 2584 3617 ἐκαθαρίζοντο,
2628 3530 2719 3595 τοῦ
2771 3540 3027 3616 μακαρίου
3083 3540 3286 3618 Πατρὸς
3334 3536 3681 3618 ὀφθαλμοφα-

2036 3630 2139 3688 νῶς
2170 3628 2352 3689 αὖτοῖς
2383 3625 2760 3702 ὁπτανομένου,
2807 3629 2895 3683 καὶ
2949 3628 3070 3690 τοὺς
3124 3624 3374 3702 δαίμονας
3433 3626 3485 3692 ἐξ
3514 3628 3684 3684 αὐτῶν

2037 3711 2447 3779 ἀπελαύνοντος.
2481 3724 2644 3775 Τοῦτο
2674 3712 2728 3770 δὲ
2776 3714 2997 3795 ἐγίνετο,
3044 3714 3136 3772 ’ίνα
3182 3715 3259 3791 μὴ
3288 3716 3416 3783 κενὴ
3442 3717 3476 3783 ἡ
3509 3716 3684 3779 πίστις

2034 3803 2069 3869 ἡ
2099 3804 2230 3882 πρὸς
2261 3804 2350 3859 τὸν
2380 3802 2523 3862 ὅσιον
2554 3803 2725 3860 αύτῶν
2755 3802 3068 3884 ἀναδειχθῇ,
3098 3805 3185 3859 καὶ
3216 3806 3243 3860 6
3280 3803 3444 3866 κόπος
3474 3802 3677 3870 ἀνόνη-

2034 3912 2125 3953 τος
2156 3896 2254 3958 τῆς
2283 3897 2615 3971 καταφυγῆς.
2676 3893 2736 3949 Εἰ
2791 3894 2891 3972 γὰρ
2946 3893 3033 3949 καὶ
3083 3890 3686 3975 λόγῳιταπεινοφροσύ-

2040 4003 2136 4047 νης
2193 3976 2429 4060 φανερῶς
2487 3982 2581 4038 οὒκ
2647 3981 2904 4061 ἐπεύχετο
2962 3986 3168 4054 αύτοτς,
3230 3981 3543 4061 ἀποφεύγων
3590 3981 3685 4036 τὸν

2040 4074 2145 4125 τῶν
2176 4069 2462 4149 ἀνθρώπων
2496 4069 2729 4151 ἔπαινον,
2777 4068 2913 4128 ἀλλά
2968 4076 3036 4147 τῇ
3079 4068 3435 4150 φιλανθρωπία
3463 4068 3685 4144 νικώμε·

2043 4180 2154 4233 νος,
2190 4158 2295 4214 ἀπὸ
2323 4166 2413 4216 τοῦ
2440 4169 2669 4240 κρυπτοῦ
2719 4164 2817 4226 τῆς
2866 4157 3061 4225 κέλλης
3111 4158 3267 4214 αὐτοῦ
3295 4171 3414 4220 ταῖς
3446 4159 3683 4236 πυρίναις

321 4240 717 4330 minutissima
746 4244 1065 4319 narrando,
1102 4242 1338 4323 scriptis
1368 4243 1673 4317 mandare,
1727 4249 1955 4330 tempus

2052 4245 2297 4313 ἐντεύξεσι
2329 4247 2628 4330 κατέφλεγε
2682 4249 2749 4307 τὰ
2794 4246 3061 4327 δαιμόνια,
3120 4247 3327 4310 καὶτὰς
3358 4246 3537 4307 νόσους
3570 4245 3683 4302 ἀπ-

323 4347 419 4391 me
451 4329 623 4409 plane
655 4331 1076 4411 praeterlabens
1127 4320 1430 4393 deﬁceret.
1480 4330 1635 4391 Satis
1677 4337 1802 4391 erat
1845 4320 1955 4410 piis

2052 4334 2289 4405 ήλαυνεν.
2328 4320 2720 4417 Ἃπεράτέαντα
2754 4337 2796 4392 εἰ
2838 4320 2979 4393 κατὰ
3039 4320 3196 4414 μέρος
3229 4333 3512 4411 βουληθείη
3545 4355 3683 4413 γρα-

320 4417 664 4481 hominibus
708 4437 777 4482 ex
832 4427 996 4501 parte
1045 4426 1229 4482 totum
1277 4436 1514 4500 capere,
1566 4425 1841 4500 tanquam
1888 4436 1959 4480 ex

316 4507 613 4587 unguibus
641 4509 899 4571 leonem.

2041 4429 2114 4506 φῇ
2142 4422 2480 4506 παραδοῦναι,
2531 4425 2624 4481 οὒκ
2669 4424 2942 4505 ἐπαρκέσει
2998 4446 3089 4500 μοι
3137 4426 3165 4480 6
3194 4424 3389 4504 χρόνος
3419 4429 3486 4499 τῇ
3515 4421 3687 4503 δρομῇ

2041 4511 2392 4593 παρατρέχων
2428 4532 2442 4547 ⁸
2483 4513 2636 4592 ἀρκεῖ
2664 4510 2719 4568 δὲ
2768 4526 2888 4576 τοῖς
2947 4508 3185 4572 εὗλαϐέσι
3242 4512 3329 4567 καὶ
3380 4511 3440 4568 ἐκ
3496 4511 3684 4590 μέρους

2042 4600 2103 4657 τὸ
2133 4598 2254 4658 ὅλον
2286 4599 2701 4676 καταλαϐάσθαι,
2733 4602 2806 4664 ὡς
2839 4597 2891 4667 ἐξ
2921 4602 3131 4679 ὀνύχων
3161 4600 3252 4656 τὸν
3282 4596 3493 4662 λέοντα,

1813 4774 2056 4841 CAPUT
2083 4775 2181 4842 IX.

316 4914 725 4999 Popularibus
752 4916 880 4980 suis
909 4910 1384 4979 Rossanensibus
1411 4912 1758 4977 rebellionis
1802 4929 2015 4991 pinnas
2058 4913 2444 4976 imminentes
2489 4913 2894 4996 deprecatur:
2937 4916 3005 4977 in
3058 4913 3289 4977 visione
3312 4931 3350 4973 a
3377 4909 3689 4975 doloribus

393 5026 473 5070 ea:
518 5006 769 5071 vulnere
823 5007 1019 5069 cruris
1064 5012 1327 5067 sanatur
1357 5023 1377 5064 :
1427 5002 1659 5065 oblatas
1705 5002 1775 5063 in
1820 5001 2159 5066 subsidium
2214 5002 2658 5067 monachorum
2697 5008 2984 5084 pecunias
3029 5007 3287 5078 recusat,
3332 5004 3689 5080 frustraque

394 5104 681 5168 tentatus.
710 5103 787 5158 ut
814 5095 893 5159 ad
922 5092 1129 5157 aulam
1158 5092 1597 5176 proﬁciscatur,
1629 5088 2077 5154 cubicularium
2104 5094 2490 5173 imperatoris
2530 5094 2608 5157 ad
2634 5094 2999 5157 divitiarum
3023 5098 3421 5172 contemptum
3451 5097 3508 5153 et
3534 5089 3686 5153 soli-

391 5187 663 5249 tudinem
692 5183 998 5248 hortatur.

396 5292 494 5357 60.
509 5291 766 5356 Dederat
779 5309 916 5354 vero
934 5287 1581 5370 illiomnipotensDeus
1598 5306 1715 5351 non
1733 5285 1948 5364 solum,

309 5388 377 5446 ut
407 5381 675 5459 singulos
695 5398 957 5462 quosque
980 5378 1053 5441 ad
1076 5397 1141 5441 se
1163 5376 1473 5439 venientes
1494 5376 1590 5457 pie
1619 5375 1955 5438 sublevaret

313 5470 566 5534 afﬂictos
595 5479 654 5532 et
679 5469 855 5531 variis
884 5467 1058 5530 malis
1085 5483 1457 5548 oppresssos,
1488 5484 1557 5527 ac
1589 5466 1948 5542 mederetur,

307 5560 412 5624 sed
460 5558 725 5622 civitates
774 5576 1009 5640 quoque
1054 5564 1204 5619 totas
1253 5562 1318 5617 ut
1364 5555 1627 5637 eriperet
1673 5554 1955 5634 periculis

310 5658 370 5712 et
426 5647 863 5712 calamitatibus
917 5646 1221 5709 liberaret.
1301 5643 1469 5717 Quod
1543 5645 1782 5726 planum
1850 5643 1957 5707 ﬁet

313 5736 612 5820 exemplo,
645 5734 804 5820 quod
831 5733 1111 5802 referam.
1161 5731 1425 5815 Regebat
1470 5730 1614 5798 olim
1642 5736 1956 5814 utramque

2115 5276 2185 5355 ξ’,
2219 5286 2423 5347 Δέδωκε
2451 5287 2506 5346 δέ
2536 5294 2678 5366 αῦτῷ
2708 5291 2865 5371 χάριν
2896 5293 2924 5347 6
2954 5297 3058 5349 τῶν
3104 5288 3243 5346 ὅλων
3275 5290 3404 5352 Θεὸς
3434 5289 3494 5346 ού
3523 5287 3683 5363 μόνον

2033 5377 2154 5441 τοὺς
2223 5376 2340 5435 καθ’
2410 5377 2631 5437 ἕκαστον
2699 5378 3160 5460 προσερχομένους
3214 5379 3368 5452 ούιτῷ,
3429 5374 3682 5450 θλιϐομέ-

2034 5489 2154 5530 νους
2224 5468 2311 5523 καὶ
2389 5469 2662 5533 παντοίαις
2733 5469 2991 5547 ἀνάγκαις
3063 5466 3446 5547 συνεχομένους
3512 5463 3685 5521 ἐλεεῖν

2033 5556 2124 5613 καὶ
2181 5556 2377 5635 ἰᾶσθαι,
2436 5555 2571 5613 ἀλλὰ
2626 5559 2713 5614 καὶ
2764 5555 2971 5614 πόλεων
3029 5554 3336 5635 ὁλοκλήρων
3392 5552 3445 5611 ἐν
3499 5551 3682 5611 κινδύ-

2036 5666 2149 5709 νοις
2206 5642 2701 5727 ἀντιλαμϐἁνεσθαι,
2771 5646 2860 5703 καὶ
2914 5644 3219 5725 λυτροῦσθαι
3275 5648 3380 5701 τῶν
3435 5642 3684 5723 περιστά-

2035 5755 2196 5798 σεων.
2228 5731 2473 5805 Δηλώσει
2499 5731 2555 5794 δὲ
2582 5743 2736 5796 τοῦτο
2781 5735 2845 5793 τὸ
2895 5742 2985 5797 νῦν
3043 5732 3405 5815 ῥηθησόμενον
3441 5751 3458 5773 ο
3490 5728 3684 5813 Ἐκρά-
