3966 6148
462 316 571 380 111

1943 293 2297 382 ANONYMI

3737 337 3834 400 112

544 445 898 549 Videns
946 462 1124 529 porro
1173 446 1406 529 piorum
1447 445 1656 549 hostis,
1699 454 1767 549 et
1816 447 2090 549 in_bonos

2269 444 2374 549 ξδ’..
2399 457 2604 549 Totdi
2637 459 2724 516 οὖν
2782 461 2880 528 τὴν
2935 464 3078 542 παρὰ
3135 475 3227 526 τοῦ
3284 470 3541 549 μακαρίου
3595 472 3830 548 βοήθειαν

461 537 691 602 invidia
745 545 1022 609 aestuans,
1088 545 1374 618 quantum
1430 537 1634 600 auxilii
1692 537 1871 601 ferret
1897 538 2105 602 beatus

463 627 638 690 Pater
666 635 789 688 tum
823 625 1161 703 animabus,
1215 635 1337 687 tum
1385 625 1738 707 corporibus
1767 627 2101 698 hominum,

464 715 758 797 studebat,
834 715 885 777 si
955 735 1072 796 quo
1145 715 1322 776 modo
1381 724 1600 795 posset,
1660 724 1842 778 totam
1901 717 2108 779 mundi

464 804 711 884 gloriam
730 811 789 866 et
812 823 955 885 opes
977 803 1478 885 subjicereipsius
1503 804 1714 880 oculis,
1748 813 1810 866 ut
1832 805 2106 868 hebetio-

461 911 590 955 rem
623 892 908 955 redderet
937 910 1142 954 eorum
1173 893 1364 954 aciem
1396 891 1469 953 ad
1501 892 1891 971 spectandum
1917 893 2106 954 virtu-

457 989 603 1058 tem,
639 981 896 1063 privaret
945 1000 1084 1044 vero
1141 981 1428 1043 mundum
1473 981 1752 1057 utilitate,
1815 1001 1947 1062 quae
1976 1001 2107 1063 per-

459 1070 629 1132 illum
661 1069 860 1132 ﬁebat.
912 1069 1082 1133 Mulli
1108 1069 1372 1150 profecto
1407 1069 1770 1150 principum,
1805 1069 1905 1150 qui
1929 1071 2103 1132 adve-

461 1159 728 1233 niebant,
761 1176 1031 1237 magnam
1051 1157 1324 1238 pecuniae
1350 1156 1466 1218 vim
1490 1156 1578 1218 illi
1595 1157 1922 1220 offerebant
1944 1177 2098 1240 prae-

463 1255 622 1310 textu
653 1247 1029 1310 necessitatis
1056 1246 1326 1318 fratrum,
1384 1245 1484 1326 qui
1513 1265 1646 1308 cum
1682 1265 1752 1308 eo
1781 1246 2100 1326 degebant,

459 1343 522 1399 et
547 1337 846 1398 alimoniae
874 1353 1222 1417 pauperum.
1277 1334 1383 1396 Ille
1424 1353 1562 1397 vero
1593 1336 1720 1396 haec
1750 1343 1812 1396 ut
1839 1343 2104 1397 stercora

459 1445 537 1488 ne
566 1424 894 1506 respiciens
916 1424 1183 1505 quidem,
1218 1423 1413 1486 aiebat
1443 1423 1852 1504 offerentibus,
1889 1424 2103 1487 fratres

458 1533 493 1577 a
514 1514 735 1576 Davide
759 1512 964 1575 beatos
995 1512 1112 1574 dici
1130 1513 1215 1588 48,
1242 1511 1291 1573 si
1309 1511 1540 1574 labores
1563 1532 1844 1574 manuum
1859 1531 2100 1576 suarum

461 1603 794 1680 comedant,
828 1609 887 1663 et
914 1603 1170 1682 peccatis
1225 1601 1434 1663 alienis
1482 1620 1599 1662 non
1630 1602 2093 1664 communicent.

460 1692 763 1772 Pauperes
790 1709 928 1752 vero
951 1691 1026 1751 de
1041 1689 1204 1751 vobis
1221 1689 1486 1769 quidem,
1508 1688 1612 1766 ait,
1633 1697 2095 1771 conquerantur,

2187 556 2304 608 τοῖς
2353 545 2642 625 ἀνθρώποις
2699 551 3108 628 χορηγουμένην
3169 545 3442 635 ψυχικῶς
3473 580 3530 614 τε
3577 545 3666 616 καὶ
3724 583 3824 617 σω-

2189 639 2425 706 ματικῶς
2494 637 2629 713 ὁρῶν
2701 639 2729 692 ὁ
2800 645 2906 694 τῶν
2976 637 3189 698 δικαίων
3279 645 3495 726 ἐχθρὸς,
3562 649 3649 703 καὶ
3713 656 3825 705 πᾶσι

2188 720 2482 796 βασκαίνων
2550 737 2667 788 τοῖς
2741 725 2984 802 ἀγαθοῖς,
3058 720 3348 790 ἔσπευδεν-⁷
3374 720 3419 789 εἰ
3481 720 3703 792 ’δυνατὸν
3768 738 3823 804 ῆν

2188 813 2330 884 αὐτῷ
2385 817 2558 867 πᾶσαν
2615 813 2713 880 τῆν
2771 811 2919 880 δόξαν
2979 817 3065 874 καὶ
3122 821 3212 875 τὸν
3262 819 3491 879 πλοῦτον
3521 831 3611 880 τοῦ
3637 825 3824 899 κόσμου

2188 912 2531 990 γυναγαγεῖνῗ
2557 902 2658 979 πρὸ
2682 907 2812 990 ,τῶν
2868 903 3150 984 ὀφθαλμῶν
3208 912 3389 990 αὐτοῦ,
3447 912 3535 967 καὶ
3590 909 3822 986 ἀμϐλυω-

2187 991 2357 1053 πῆσαι
2426 989 2578 1044 αὐτὸν
2639 988 2734 1046 μὲν
2803 990 2908 1047 ἀπὸ
2979 998 3076 1060 τῆς
3150 1001 3256 1050 τῶν
3328 988 3525 1076 ἀρετῶν
3594 1001 3820 1081 θεωρίας,

2188 1079 2435 1152 στερῆσαι
2493 1073 2547 1130 δὲ
2616 1077 2706 1132 τὸν
2747 1077 2948 1153 κόσμον
3004 1086 3102 1147 τῆς
3154 1081 3280 1161 παρ’
3338 1073 3497 1142 αὐτοῦ
3552 1073 3820 1166 ὠφελείαςί

2187 1160 2384 1252 Πολλοὶ
2459 1173 2583 1241 γοῦν
2655 1171 2772 1252 τῶν
2829 1160 3240 1248 κατερχομένων
3318 1160 3622 1252 ἀρχόντων·
3653 1173 3823 1244 πλήθη

2186 1250 2482 1328 χρημάτων
2577 1251 2957 1331 προσφέροντες
3051 1256 3242 1337 αὐτῷ,
3343 1250 3440 1327 τῆν
3539 1263 3829 1338 οἰκονομίαν

2183 1344 2289 1393 τῶν
2345 1337 2461 1412 μετ’
2530 1340 2686 1400 αὗτοῦ
2737 1340 2996 1422 ἀδελφῶν,
3052 1347 3138 1400 καὶ
3193 1348 3291 1413 τῆν
3347 1352 3668 1427 προστασίαν
3725 1357 3829 1406 τῶν

2182 1433 2418 1506 πτωχῶν
2477 1427 2867 1507 προεϐάλλοντο
2903 1449 2920 1465 ⁶
2972 1434 3000 1488 ὁ
3057 1431 3112 1488 δὲ
3169 1435 3346 1515 ὥσπερ
3403 1435 3636 1494 σκύϐαλα
3693 1439 3829 1496 ἀπο-

2182 1517 2531 1594 στρεφόμενος
2599 1525 2804 1599 ταῦτα,
2852 1518 3006 1599 ἕλαγε
3077 1535 3195 1585 τοῖς
3267 1523 3556 1604 ἄρχουσιν,
3627 1526 3709 1583 ὅτι
3772 1531 3829 1584 Οἱ

2184 1602 2279 1677 μὲν
2332 1603 2542 1686 ἀδελφοὶ
2611 1607 2752 1686 παρὰ
2820 1614 2914 1664 τοῦ
2986 1607 3148 1665 Δαϐὶδ
3217 1602 3612 1691 μακαρίζονται,
3675 1614 3824 1693 εἴπερ

2181 1693 2300 1755 τούς
2329 1695 2520 1757 πόνους
2582 1703 2685 1752 τῶν
2745 1701 2944 1776 χειρῶν
2997 1697 3169 1754 αὐτῶν
3223 1701 3515 1780 φάγωνται,
3550 1704 3638 1758 καὶ
3668 1702 3824 1760 ἀλλο-

465 1778 870 1841 detiuentibus
891 1797 1022 1859 quae
1037 1785 1174 1839 sunt
1194 1777 1456 1854 illorum,
1477 1796 1573 1838 me
1592 1795 1728 1838 vero
1748 1777 2090 1854 laudabunt,

2187 1783 2344 1862 τρίαις
2397 1785 2674 1864 ἁμαρτίαις
2739 1785 2814 1860 μὴ
2885 1777 3319 1856 κοινωνήσωσινα
3379 1794 3435 1847 Οἱ
3493 1790 3548 1846 δὲ
3612 1794 3823 1872 πτωγοὶ

456 1875 522 1930 ut
558 1868 708 1930 nihil
737 1867 1057 1929 habentem
1089 1875 1146 1930 et
1177 1865 1378 1928 omnia
1409 1866 1835 1947 possidentem.
1891 1867 2096 1928 Eunu-

461 1958 609 2020 chus
637 1956 1038 2020 cubicularius
1059 1975 1192 2018 cum
1225 1955 1556 2017 Rossanum
1592 1954 1716 2035 (5|)
1771 1963 1930 2017 esset
1953 1955 2096 2016 olim

456 2045 782 2126 ingressus,
820 2063 929 2108 nec
957 2044 1201 2108 vidisset
1229 2043 1305 2106 ad
1361 2062 1425 2104 se
1479 2045 1809 2105 accurrisse
1835 2046 2093 2125 Patrem,

459 2142 631 2196 norat
658 2152 798 2197 vero
827 2133 992 2196 illum
1025 2133 1149 2195 solo
1179 2133 1350 2194 famae
1367 2149 1630 2213 rumore,
1661 2131 1910 2193 miratus
1939 2132 2098 2195 dice-

456 2222 558 2285 bat
583 2223 658 2286 ad
689 2242 792 2286 eos
821 2224 920 2304 qui
973 2229 1296 2304 prmsentes
1339 2220 1625 2283 aderant:
1679 2219 1792 2283 Ubi
1835 2231 2096 2283 moratur

456 2313 626 2375 Nilus
654 2313 1004 2387 monachus,
1041 2322 1098 2374 et
1129 2329 1245 2392 qua
1297 2309 1528 2372 ratione
1557 2329 1676 2372 non
1708 2309 1866 2372 venit
1892 2310 1964 2370 ad
1999 2328 2092 2372 me

453 2419 587 2462 cum
619 2399 895 2462 omnibus
923 2399 1300 2480 hegumenis,
1355 2399 1557 2460 audito
1615 2419 1748 2462 meo
1779 2399 2028 2460 adventu
2061 2398 2091 2458 ?

449 2489 535 2552 Ita
559 2491 719 2552 enim
751 2509 863 2553 nec
892 2489 1020 2569 ipse
1049 2489 1385 2571 patrtarcha
1437 2507 1673 2550 mecum
1705 2506 1884 2569 agere
1913 2507 2091 2550 ausus

451 2588 630 2654 esset,
664 2587 728 2641 ut
750 2578 1043 2659 jactanter
1096 2579 1410 2639 adventum
1435 2595 1632 2638 meum
1663 2579 2091 2658 contempsisse

450 2667 772 2730 videretur.
807 2667 896 2730 Ad
925 2667 1050 2729 haec
1080 2665 1167 2728 illi
1195 2687 1208 2729 :
1235 2666 1560 2728 Monachus
1584 2664 1721 2746 iste,
1754 2666 1830 2727 de
1854 2685 1968 2746 quo
1996 2675 2093 2726 tua

449 2756 710 2837 loquitur
739 2754 1108 2830 excellentia,
1171 2772 1282 2816 nec
1333 2753 1667 2834 patriarcha
1697 2761 1807 2828 est,
1841 2772 1951 2815 nec
1982 2770 2089 2831 pa-

447 2845 770 2908 triarcham
794 2845 983 2919 timet,
1009 2843 1112 2906 sed
1141 2861 1251 2905 nec
1271 2843 1463 2924 ipsum
1488 2842 1716 2904 cunctis
1737 2841 2087 2904 formidabio

447 2933 564 2995 lem
596 2935 1042 3014 imperatorem.
1094 2931 1277 2994 Sedet
1332 2939 1530 2993 autem
1563 2947 1680 2991 una
1708 2949 1840 2992 cum
1885 2936 2087 3011 paucis

2178 1870 2296 1928 καθ’
2323 1874 2469 1948 ὑμῶν
2499 1875 2595 1949 μὲν
2650 1871 3008 1952 κεκράξονται,
3073 1878 3146 1940 ὡς
3198 1878 3263 1935 τὰ
3318 1879 3513 1936 τούτων
3564 1870 3823 1961 κατεχόν-

2178 1982 2283 2015 των
2319 1979 2332 1992 ·
2392 1961 2485 2036 ἐμὲ
2511 1959 2566 2017 δὲ
2595 1963 2976 2043 θαυμάσονται,
3035 1965 3109 2027 ὡς
3163 1963 3329 2040 μηδὲν
3388 1965 3606 2047 ἔχοντα,
3641 1959 3737 2026 καῖ
3760 1971 3822 2024 τὰ

2177 2049 2350 2105 πάντα
2397 2049 2718 2130 κατέχοντα,
2778 2050 3045 2131 Εὗνοῦχος
3117 2055 3145 2109 ὁ
3216 2057 3526 2123 κοιτωνίτης
3585 2057 3830 2114 εἰσελθὼν

2176 2158 2305 2193 ποτε
2333 2137 2388 2193 ἐν
2411 2145 2486 2212 τῷ
2543 2132 2812 2214 Ῥυσιάνῳ,
2868 2142 2957 2195 καὶ
3017 2137 3136 2198 ἰδὼν
3195 2143 3284 2198 τὸν
3341 2147 3596 2220 μακάριον
3652 2145 3830 2222 μηδα-

2176 2232 2290 2301 μῶς
2355 2228 2496 2300 αὐτῳ
2563 2225 2968 2307 προσδραμόντα
3002 2247 3017 2263 ·
3089 2231 3348 2298 ἠπίστατο
3403 2233 3502 2312 γὰρ
3555 2234 3712 2290 αὐτὸν
3770 2235 3828 2290 ἐκ

2175 2315 2342 2390 μόνης
2371 2321 2468 2382 τῆς
2495 2317 2680 2397 φήμης
2715 2335 2728 2350 ⁸
2785 2315 2934 2394 ἔλεγε
2985 2319 3261 2393 θαυμάζων
3317 2321 3447 2399 πρὸς
3503 2323 3621 2387 τοὺς
3674 2347 3816 2403 παρ-

2173 2404 2328 2468 όντας
2355 2421 2368 2434 ·
2405 2411 2511 2462 Ποῦ
2536 2408 2760 2472 καθῆται
2812 2403 3006 2468 Νεῖλος
3063 2410 3094 2461 δ
3147 2405 3491 2489 καλόγηροςς
3554 2413 3641 2467 καὶ
3699 2420 3815 2475 πῶς

2174 2494 2233 2549 οὗ
2302 2492 2566 2572 προσῆλθέ
2638 2516 2727 2568 μοι
2800 2494 2934 2569 μετὰ
3002 2495 3213 2552 πάντων
3294 2503 3398 2552 τῶν
3458 2500 3823 2579 ἡγουμένων,

2173 2581 2399 2645 ἀκούσας
2427 2583 2526 2650 τὴν
2581 2581 2716 2658 ἐμὴν
2777 2580 2999 2664 ἄφιξινς
3061 2593 3213 2642 τοῦτο
3269 2586 3368 2665 γὰρ
3416 2584 3541 2661 μηδ’
3599 2588 3758 2652 αὐτὸς
3796 2592 3823 2644 ὃ

2172 2670 2508 2750 πατριάρχης
2577 2669 2870 2746 ἐτόλμησεν
2942 2670 3002 2729 ἂν
3069 2671 3185 2747 ἐμοὶ
3267 2676 3660 2753 καυχήσασθαι,
3733 2679 3826 2733 καὶ

2171 2764 2565 2838 καταφρονῆσαι
2610 2764 2708 2826 τῆς
2749 2759 2886 2835 ἐμῆς
2946 2759 3225 2824 ἐλεύσεως.
3271 2764 3330 2819 Οἱ
3382 2761 3436 2818 δὲ
3486 2771 3824 2843 παρεστῶτες

2171 2848 2312 2934 αὐτῷ
2366 2845 2708 2926 ἀπεκρίναντο
2744 2865 2756 2882 ⁶
2816 2850 2978 2911 Οὗτος
3039 2849 3093 2905 ὃν
3151 2847 3250 2930 ἔφη
3311 2851 3345 2918 ἡ
3393 2850 3462 2918 σῆ
3519 2849 3822 2934 ἐνδοξότης,

2174 2924 2229 2991 Ὀ
2285 2924 2606 3014 καλόγηρος,
2666 2933 2782 2992 οὔτε
2847 2924 3201 3016 πατριάρχης.
3237 2936 3395 3014 ἐστὶν,
3458 2937 3574 2996 οὔτε
3628 2924 3823 3020 πατριί

450 3022 830 3084 monachisin
845 3018 1707 3100 montenulliusopeindigens.
1729 3017 1874 3079 Nam
1889 3037 2084 3099 neque

2187 3022 2344 3102 ἱρχην
2401 3022 2664 3104 φοϐεῖται,
2723 3023 2844 3081 ἀλλ’
2896 3023 3002 3084 οὐδ’
3059 3027 3213 3083 αὐτὸν
3269 3029 3359 3082 τὸν
3413 3035 3541 3084 πᾶσι
3597 3017 3828 3110 φοϐερὸν

393 3129 396 3132 ’
447 3111 663 3192 amplis
693 3109 911 3172 ﬁnibus
943 3109 1302 3184 continetur,
1326 3085 1450 3168 lucc
1473 3085 1883 3185 juinentorum
1915 3085 2086 3187 copia

2187 3085 2424 3175 ιὲιέἶιλέα,’
2479 3085 2712 3180 Κάθηται
2769 3112 2824 3168 δὲ
2877 3114 2990 3190 ἅμα
3036 3113 3233 3192 ὀλίγοις
3294 3130 3568 3196 μοναχοῖς
3609 3085 3678 3173 ἷέν

449 3199 757 3262 devinctus
787 3206 897 3274 est,
931 3200 1090 3261 unde
1120 3215 1230 3259 nec
1287 3195 1468 3257 ullam
1527 3213 1662 3256 cum
1693 3195 1812 3256 ullo
1840 3195 2085 3257 homine

445 3289 909 3351 controversiam
940 3287 1142 3352 habet.
1195 3284 1514 3350 Unicornis
1571 3284 1670 3346 hic
1722 3291 1832 3358 est,
1866 3283 2084 3346 animal

445 3378 637 3442 libere
666 3377 778 3440 sibi
802 3378 1025 3455 vivens,
1057 3385 1114 3440 et
1144 3377 1196 3439 si
1244 3373 1411 3436 illum
1463 3372 1716 3435 volueris
1746 3392 1878 3435 cum
1911 3381 2083 3454 pote-

446 3475 594 3529 state
641 3466 961 3548 adducere,
1017 3483 1319 3546 nunquam
1378 3461 1602 3544 poteris
1659 3462 1867 3524 faciem
1925 3463 2084 3525 illius

443 3556 673 3618 videre.
713 3553 856 3617 Cum
915 3558 1036 3617 haec
1092 3553 1360 3616 audisset
1414 3550 1836 3626 cubicularius,
1896 3551 2081 3612 multo

444 3645 631 3724 magis
655 3643 984 3708 admiratus
1016 3651 1106 3706 est
1133 3642 1368 3704 beatum
1406 3639 1623 3711 virum,
1657 3639 2081 3720 epistolamque

443 3737 773 3818 supplicem
796 3736 868 3798 ad
890 3755 1026 3798 eum
1047 3735 1232 3812 dedit,
1256 3733 1324 3794 ad
1327 3733 1538 3813 juraus
1563 3732 1737 3792 etiam
1763 3731 2081 3793 horrendis

439 3828 658 3906 verbis,
691 3835 756 3890 ut
784 3829 875 3890 vel
913 3828 1025 3890 sibi
1056 3827 1133 3889 ad
1172 3844 1303 3888 eum
1337 3823 1598 3906 profecto
1616 3841 1680 3884 se
1706 3841 1821 3884 non
1847 3821 2084 3884 subtra-

441 3917 635 3997 heret,
667 3919 764 3982 vel
809 3927 972 3982 certe
1002 3937 1121 3981 non
1150 3916 1570 3990 dedignaretur
1596 3914 1800 3976 venire
1829 3914 1890 3974 in
1923 3913 2086 3994 oppi-

441 4009 582 4071 dum
612 4018 670 4073 et
700 4009 1183 4075 benedictionem
1235 4007 1353 4070 sibi
1393 4005 1632 4087 suisque
1659 4003 1935 4067 omnibus
1963 4005 2083 4066 im-

443 4099 780 4178 pertiretur.

522 4277 623 4341 65.
655 4276 729 4338 At
759 4284 997 4339 sanctus
1025 4275 1201 4338 Pater
1225 4271 1420 4349 Nilus,
1461 4280 1584 4336 tum
1617 4273 1756 4354 quia
1785 4273 2086 4350 adjuratus

2165 3182 2294 3276 ligat,
2330 3201 2407 3276 μὴ
2439 3199 2686 3276 δεόμενος
2736 3204 2876 3266 τινὸς
2915 3182 3304 3279 άντιλήῷεως..
3348 3182 3478 3262 Οὕτέ
3533 3207 3631 3284 γὰρ
3677 3182 3828 3264 πλάσ-

2163 3309 2240 3344 τει
2288 3290 2440 3368 ὁρίων
2488 3291 2792 3370 συνέχεται,
2858 3292 2974 3348 οὔτε
3025 3291 3216 3363 πλήθει
3269 3295 3624 3370 βοσκημάτων
3681 3318 3825 3352 συν-

2165 3374 2384 3438 δέδεται.
2455 3379 2548 3433 Διὸ
2613 3377 2718 3436 οὐδ’
2789 3378 3106 3460 ἀμφιϐολίαν
3175 3382 3428 3449 κέκτηται
3483 3383 3612 3462 πρός
3667 3405 3823 3445 τινα.

2165 3468 2477 3548 Μονόκερως
2545 3467 2681 3526 ἐστὶν
2752 3472 2925 3542 οὗτος,
2997 3475 3132 3541 ζῶον
3202 3475 3488 3546 αὖτονομον
3530 3489 3549 3506 ⁸
3627 3475 3715 3529 καὶ
3781 3485 3831 3540 εὶ

2163 3555 2392 3633 θελήσῃς
2464 3560 2620 3616 αὐτὸν
2691 3557 2808 3634 μετ’
2867 3559 3097 3625 ἐξουσίας
3152 3559 3377 3640 ἀγαγεῖν
3430 3559 3672 3618 οὐδέποτε
3733 3561 3833 3619 δυ-

2167 3647 2304 3722 νήσῃ
2336 3648 2396 3703 τὸ
2443 3647 2726 3727 πρόσωπον
2773 3651 2929 3708 αὐτοῦ
2977 3647 3237 3711 καδιδεϊν.
3298 3659 3469 3708 Ταῦτα
3527 3651 3764 3715 ἄκουσας
3800 3655 3831 3709 ὁ

2166 3735 2502 3810 κοιτωνίτης,
2575 3741 2666 3794 καὶ
2733 3737 2817 3795 ἐπὶ
2884 3737 3076 3795 πλεῖον
3144 3739 3234 3796 τὸν
3303 3736 3461 3819 ἄνδρα
3514 3740 3832 3822 θαυμάσας,

2167 3824 2352 3904 γράφει
2423 3825 2564 3901 αὐτῷ
2633 3825 2919 3894 ἐπιστολὴν
2993 3825 3367 3895 δυσωπητικῆν
3402 3876 3419 3902 ,
3519 3826 3834 3903 συμπλέξας

2167 3916 2300 3991 αὐτῇ
2329 3915 2418 3971 καὶ
2447 3913 2632 3994 ὅρκους
2683 3916 2953 3996 φρικτοὺς,
3009 3916 3101 3974 ἵνα
3147 3915 3258 3972 εἴτε
3307 3918 3436 3995 πρὸς
3488 3920 3642 3976 αὐτὸν
3671 3916 3835 3999 ἐξερ-

2166 4002 2383 4083 χομένῳ
2411 4003 2488 4078 μῆ
2536 4003 2819 4083 ἀποκρύψῃ
2882 4005 3066 4061 ἑαυτὸν
3127 4003 3221 4061 ἀπ’
3262 4009 3437 4078 αὐτοῦ,
3499 4006 3610 4062 εἴτε
3655 4027 3838 4065 κατα-

2167 4089 2328 4168 ξιώσῃ
2359 4091 2411 4147 ἓν
2463 4097 2540 4166 τῷ
2593 4093 2803 4172 κάστρῳ
2855 4091 3108 4150 εἰσελθεῖν
3154 4093 3242 4149 καὶ
3296 4092 3583 4173 εὐλογῆσαι
3633 4096 3833 4176 αὐτὸν,

2165 4183 2254 4237 καὶ
2280 4181 2479 4244 πάντας
2507 4181 2626 4244 τοὺς
2655 4182 2746 4237 σὺν
2775 4182 2939 4258 αὐτῷ.

2247 4258 2342 4335 ξεί
2381 4261 2438 4327 εΟ
2470 4267 2524 4324 δὲ
2581 4269 2723 4335 ὅσιος
2781 4272 2962 4351 Πατὴρ
3021 4271 3178 4346 ἡμῶν
3235 4271 3428 4337 Νεῖλος
3486 4273 3548 4329 τὸ
3607 4273 3704 4348 μὲν
3738 4274 3839 4332 διὰ

442 4371 590 4437 erat,
623 4373 746 4425 tum
776 4373 841 4425 ut
872 4372 931 4426 et
955 4365 1087 4444 ipse
1131 4364 1463 4444 principem
1495 4363 1606 4424 sibi
1636 4362 1708 4424 ad
1739 4361 2043 4423 auscultan
2065 4396 2082 4411 -

2187 4358 2289 4418 τοὺς
2345 4357 2741 4436 γεγραμμένους
2787 4357 2997 4438 ὅρκους,
3050 4361 3111 4415 τὸ
3167 4357 3222 4416 δὲ
3277 4359 3370 4417 ἵνα
3424 4360 3583 4417 πάλιν
3639 4361 3672 4418 ὅ
3729 4363 3836 4443 ἄρ-

442 4453 583 4516 dum
611 4454 968 4534 paratiorem
993 4452 1270 4514 redderet
1292 4470 1398 4532 pro
1441 4451 1799 4532 pauperibus
1826 4449 2079 4528 roganti,

444 4543 604 4604 venit
632 4543 694 4603 in
725 4542 1007 4623 oppidum
1043 4551 1099 4603 et
1128 4541 1376 4602 accessit
1407 4540 1478 4600 ad
1510 4538 2083 4601 cubicularium.llle

443 4631 706 4693 habitum
732 4641 791 4692 et
813 4630 1021 4693 faciem
1053 4629 1298 4692 intuitus
1330 4628 1762 4709 propheticam,
1796 4627 1914 4689 imo
1942 4647 2080 4690 vero

448 4720 803 4800 angelicam,
840 4719 1093 4801 procidit
1121 4719 1198 4780 ad
1228 4718 1412 4800 pedes
1462 4717 1614 4797 ejus,
1652 4725 1709 4777 et
1742 4736 1918 4778 manu
1951 4718 2081 4797 ejus

445 4809 760 4890 prehensa,
812 4808 986 4870 simul
1036 4808 1290 4888 ingressi
1338 4815 1475 4868 sunt
1523 4805 1882 4868 cubiculum.
1919 4806 2085 4868 Tunc

447 4899 729 4979 praecepit
757 4897 991 4961 cuidam
1025 4917 1109 4979 ex
1167 4895 1535 4960 fidelissimis
1583 4893 1717 4970 sibi,
1751 4905 1817 4957 ut
1845 4895 2083 4957 afferret

449 4977 666 5051 librum
695 4977 1030 5068 Exangelii,’
1053 4989 1249 5068 aitque
1276 4986 1348 5047 ad
1382 4991 1649 5046 sanctum
1683 4999 1698 5044 :
1761 4983 2077 5059 Quoniam,

445 5076 619 5141 beate
670 5079 868 5154 Pater,
920 5075 1180 5158 suspicio
1237 5071 1535 5138 mendacii
1587 5070 1728 5133 facit
1779 5078 1844 5134 ut
1897 5072 2076 5135 homo

513 5269 578 5322 18
602 5266 757 5336 Psal.
785 5283 1011 5349 axxvn,
1039 5264 1101 5330 2.

2167 4470 2284 4528 χων
2314 4448 2756 4524 αιῦτῷξὺπακούσῃ
2814 4447 2867 4505 ἐν
2922 4454 2989 4526 τῇ
3043 4449 3160 4527 περὶ
3216 4454 3322 4507 τῶν
3377 4455 3616 4529 πτωχῶν
3645 4472 3840 4530 παρα-

2165 4535 2375 4610 κλήσει,
2448 4535 2841 4612 καταλαμϐάνει
2911 4538 2971 4593 τὸ
3049 4538 3295 4616 κάστρον,
3367 4539 3457 4594 καὶ
3523 4539 3654 4617 πρὸς
3729 4543 3840 4598 τὸν

2163 4627 2477 4692 κοιτωνίτην
2541 4624 2800 4692 εἰσῆλθεν.
2876 4617 2932 4683 ιΟ
2989 4624 3050 4681 δὲ
3103 4627 3424 4702 θεασάμενος
3479 4632 3674 4706 σχῆμα
3731 4633 3841 4688 καὶ

2163 4715 2444 4795 πρόσωπον
2506 4716 2854 4796 προφητικὸν,
2917 4713 3118 4790 μᾶλλον
3174 4712 3229 4770 δὲ
3286 4713 3589 4793 ἀγγελικὸν,
3650 4737 3845 4794 προσ-

2167 4805 2418 4872 εκύνησεν
2449 4805 2532 4861 ἐπὶ
2562 4806 2682 4867 τοὺς
2738 4802 2904 4868 πόδας
2962 4805 3117 4862 αὐτοῦ
3147 4819 3161 4833 ⁸
3223 4806 3312 4861 καὶ
3357 4806 3623 4883 κρατήσας
3656 4805 3842 4864 αὐτὸν

2165 4899 2262 4961 τῆς
2321 4896 2528 4975 χειρὸς,
2592 4892 2832 4960 εἰσῆλθον
2903 4892 3062 4974 ἄμφω
3119 4891 3172 4950 ἐν
3219 4900 3298 4968 τῷ
3355 4899 3569 4949 κοιτῶνι
3627 4894 3838 4960 αὐτοῦ,

2165 4983 2431 5048 Κελεύσας
2488 4982 2544 5039 δὲ
2601 4983 2692 5040 ἕνα
2747 4988 2853 5039 τῶν
2907 4982 3235 5040 πιστοτάτων
3293 4982 3435 5057 αὖτῷ
3479 4983 3539 5038 τὸ
3567 4984 3840 5061 Εὐαγγέ-

2162 5068 2280 5129 λιον
2347 5071 2606 5153 ἐνεγκεῖν,
2678 5067 2822 5151 λέγει
2882 5078 2960 5146 τῷ
3016 5071 3280 5150 μακαρίτῃ
3312 5085 3334 5107 ⁸
3404 5066 3628 5147 Επειδὴ,
3691 5070 3842 5151 ἅγιε

1819 5432 2065 5498 Joannis
2092 5432 2219 5499 Clei
2245 5441 2421 5498 notae.

529 5609 646 5694 (51)
692 5609 945 5694 Sirletus
999 5627 1073 5672 ex
1118 5611 1350 5694 Graece
1381 5605 1675 5694 κοιτονίτης
1702 5603 1877 5694 vertit
1903 5613 2085 5694 casto-

452 5684 644 5773 ueies,
680 5691 837 5773 quod
868 5686 1548 5773 tamen_cub_icularium
1579 5684 1867 5773 principis
1894 5685 2089 5766 signi-

446 5771 604 5851 ficat,
627 5765 880 5836 ’ut'varia
897 5771 1053 5854 apud
1067 5767 1354 5850 Cangium
1367 5765 1639 5848 exempla
1651 5765 2084 5833 demonstrant.

2164 5603 2384 5686 Eorum
2416 5601 3062 5686 poro‘ndn'parvaerat
3075 5597 3335 5683 dignitas
3347 5598 3842 5686 auctoritasque,

2166 5692 2236 5750 ut
2260 5683 2486 5748 ibidem
2516 5683 2721 5768 liquet.
