3966 6148
336 224 521 292 Ηῦο-

1840 232 2201 303 ANON-YMI
2268 268 2276 280 -

3607 250 3722 316 116

333 361 529 458 potest
556 374 727 465 meus
776 359 1290 465 esseodiscipulus
1349 363 1462 465 fi.“
1505 387 1555 465 s.
1593 362 1685 427 Ad
1715 361 1983 465 haecnon

2143 365 2327 465 τ,Ἐμόν
2355 370 2465 465 ἐστι
2514 372 2575 465 1:6
2605 375 2824 465 χρυσίον
2872 326 2962 431 καὶ
3015 375 3080 431 τὸ
3131 376 3377 458 ἀργύριον
3411 398 3428 415 θ
3488 401 3519 436 ιι
3578 380 3720 436 καί·

333 445 754 536 acquiescente
807 448 1198 528 cubiculario,
1260 453 1369 516 sed
1427 451 1581 528 ﬁeri,
1640 451 1799 534 quod
1856 453 2001 536 ipse

334 533 570 685 vgletbat
598 536 932 622 adnitente,
987 539 1235 623 reliquit
1295 561 1434 607 eum
1490 533 1700 607 beatus
1730 533 1904 606 Pater
1932 551 1991 607 et

338 639 373 685 a
414 642 457 685 ιι
489 672 504 685 .

338 639 504 688 δωιῑ.

2077 479 2105 513 ι
2146 460 2314 524 Ὀστις
2385 461 2479 517 οὑκ
2544 460 2902 521 ἀποτάσσεται
2977 469 3105 521 πᾶσι
3171 468 3295 531 τοῖς
3375 469 3579 540 ἑαυτοῦ,
3660 468 3721 525 οὗ

2070 544 2283 605 δύναταί
2351 570 2452 625 μου
2520 549 2661 607 εἶναι
2732 552 3000 627 μαθητής.
3057 554 3199 617 Παὸς
3251 565 3415 615 ταῦτα
3465 563 3559 614 τοῦ
3607 577 3722 612 κοι-

2071 636 2290 693 τωνίτου
2359 635 2722 720 ἐνισταμένου,
2791 640 2880 696 καὶ
2946 641 3010 697 τὸ
3078 639 3214 699 ἴδιον
3291 642 3498 721 θέλημα
3574 642 3723 722 γενέ-

2073 726 2198 868 :31;
2260 723 2707 809 φιλονεικοῦντος,
2762 725 3071 787 καταλιπὼν
3142 730 3297 790 αὑτὸν
3367 736 3396 790 6
3464 732 3722 813 μακάριος

2103 817 2162 868 ,ἦ
2198 815 2307 868 θεν-
2395 844 2403 854 ~

2103 815 2308 880 ξῆλθεν,
2395 844 2403 854 ~

1851 976 2094 1043 CAPUT
2120 976 2195 1044 X.

330 1078 597 1173 Insidias
622 1102 659 1144 a
686 1084 960 1151 daemone
978 1092 1244 1152 structas
1271 1090 1340 1154 S.
1370 1088 1552 1153 Nilus
1598 1095 1655 1152 et
1699 1091 2106 1170 episcopatum
2149 1085 2586 1153 Rossanensem
2632 1090 2753 1155 sibi
2806 1091 3183 1157 destinatum
3210 1095 3361 1173 fuga
3407 1092 3715 1157 declinat:

412 1171 856 1255 archiepiscopo
886 1180 1137 1241 consilio
1165 1196 1275 1241 suo
1306 1179 1687 1260 acquiescere
1712 1176 1946 1240 nolenti
1973 1181 2219 1239 mortem
2253 1177 2556 1242 funestam
2601 1180 2882 1259 praedicit
2914 1200 2935 1246 τ
2977 1202 3016 1244 a
3060 1171 3321 1264 dynasta
3349 1182 3722 1246 Sarraceno-

410 1276 548 1322 rum
573 1278 686 1324 sua
715 1264 970 1346 epistola
996 1267 1280 1349 famaque
1309 1275 1466 1331 moto
1494 1265 1779 1330 abductos
1808 1272 1925 1329 tres
1951 1266 2271 1329 monachos
2301 1268 2519 1332 liberos
2546 1286 2681 1332 cum
2709 1271 2899 1333 variis
2924 1272 3176 1353 insuper
3203 1270 3375 1333 donis
3403 1272 3634 1351 recipit.

415 1428 514 1492 67.
547 1429 1066 1511 Euntiigiturcum
1078 1432 1301 1498 Davide
1321 1436 1612 1518 prepheta
1627 1441 1685 1497 et
1711 1434 1785 1497 ad
1812 1451 1984 1496 suum

332 1519 656 1580 revertenti
722 1524 1171 1597 monasterium,
1232 1524 1373 1586 dum
1430 1525 1789 1588 versiculum
1817 1523 1985 1586 illum

332 1607 614 1696 recitaret
646 1628 661 1673 :
701 1631 725 1668 α
762 1609 828 1672 In
859 1613 955 1674 via
980 1614 1113 1685 hac,
1147 1632 1262 1695 qua
1292 1613 1694 1696 ambulabam,
1727 1613 1984 1677 abscon-

335 1694 553 1759 derunt
583 1698 865 1781 laqueum
899 1702 1046 1764 mihi
1076 1676 1236 1783 δέκ’»
1294 1676 1526 1766 obviam
1587 1676 1764 1765 ﬁt'ei
1793 1676 2052 1784 puellaB

336 1785 604 1866 quasdam
622 1788 746 1852 sola
768 1790 1004 1870 (53-54)
1022 1790 1085 1853 in
1109 1791 1305 1854 media
1324 1792 1438 1869 via,
1466 1810 1594 1874 qum
1616 1807 1989 1873 praecurrens

334 1875 676 1955 anteipsum
704 1878 956 1959 projecit
976 1898 1041 1941 se
1063 1888 1478 1960 transrersam,
1512 1898 1647 1943 cum
1665 1879 1988 1942 deﬂectere

334 1961 450 2024 alio
483 1982 604 2025 non
633 1964 843 2029 liceret
870 1966 1043 2030 beato
1079 1968 1262 2031 Patri.
1316 1968 1488 2032 Tunc
1517 1968 1726 2031 beatus
1754 1967 1845 2029 vir
1873 1967 1991 2048 spi-

334 2051 568 2115 ritalem
601 2070 915 2119 assumens
945 2056 1356 2119 fortitudinem
1416 2066 1476 2119 et
1523 2059 1756 2119 Satanas
1784 2055 1989 2118 dolum

335 2158 688 2224 agnoscens,
707 2144 1421 2227 percutitquidemipsam
1444 2145 1682 2219 baculo,
1719 2163 1897 2226 quem
1927 2143 1989 2205 in

337 2246 517 2291 manu
545 2229 821 2308 habebat,
845 2232 1069 2296 acriter
1101 2233 1389 2297 minatus:
1418 2232 1634 2296 resiliit
1659 2250 1799 2295 vero
1832 2232 1992 2295 velo-

335 2317 485 2381 citer
512 2319 677 2383 nulla
702 2319 1054 2403 interposita
1084 2341 1272 2399 mora,
1302 2323 1471 2403 juxta
1501 2322 1906 2405 proverbium,
1926 2334 1989 2384 et

337 2407 505 2470 abiit.
537 2407 613 2470 Et
641 2428 716 2472 ex
739 2429 810 2473 eo
862 2419 1129 2492 tempore
1178 2420 1461 2474 statutum
1521 2411 1750 2487 habuit,
1781 2420 1846 2472 ut
1876 2429 1986 2474 nec

339 2495 476 2572 sibi,
510 2515 623 2559 nec
680 2497 927 2562 fratrum
981 2498 1241 2579 cuipiam
1296 2499 1440 2562 solis
1469 2498 1560 2561 ire
1589 2498 1983 2581 permitteret.

338 2583 550 2647 Melius
584 2585 744 2647 enim
781 2594 895 2665 est,
927 2586 1145 2664 innuit,
1179 2587 1329 2650 duos
1360 2604 1513 2660 esse,
1544 2606 1719 2669 quam
1750 2606 1933 2649 unum
1968 2608 1982 2651 :

341 2679 440 2734 et:
476 2692 507 2734 ‹
545 2674 643 2735 Vas
670 2673 806 2756 soli,
839 2674 984 2756 quia
1012 2693 1146 2737 cum
1175 2675 1620 2756 ceciderit,non
1645 2674 1824 2737 habet
1846 2674 2011 2757 snb-_

338 2759 632 2824 levantem
663 2779 727 2824 se
753 2764 838 2827 54.
872 2785 902 2825 ι
941 2762 1009 2826 In
1038 2762 1133 2826 his
1159 2763 1440 2826 omnibus
1469 2773 1674 2826 contra
1702 2763 1986 2826 adversa-

340 2848 498 2912 rium
531 2849 738 2914 beatus
767 2855 941 2915 Pater
967 2860 1172 2915 noster
1227 2852 1402 2918 Nilus
1444 2871 1581 2915 cum
1610 2870 1676 2915 se
1704 2851 1988 2914 victorem

341 2957 451 3021 per
481 2938 690 3019 Deum,
720 2940 823 3023 qui
854 2941 1065 3004 dilexit
1094 2940 1285 3020 illum,
1321 2949 1380 3005 et
1402 2940 1710 3024 probatum
1732 2941 1988 3023 pugilem

341 3118 657 3182 tandorum
689 3120 955 3203 lapidum
1004 3119 1067 3182 in
1124 3139 1328 3203 panes,
1388 3139 1625 3184 necnon
1654 3119 1990 3201 spernenda

342 3208 525 3271 totius
540 3208 749 3271 mundi
768 3207 957 3291 gloria
974 3215 1039 3271 et
1065 3208 1341 3291 pecunia,
1376 3228 1485 3292 per
1511 3228 1662 3292 quae,
1706 3209 1808 3291 qui
1837 3208 1992 3271 labi-

343 3303 459 3374 tur,
496 3303 849 3360 tentatorem
899 3297 1127 3375 adorat,
1180 3298 1487 3381 victorque
1517 3317 1636 3361 non
1668 3297 1854 3360 semel
1883 3316 1989 3360 ex-

343 3384 610 3464 stitisset,
638 3386 746 3450 sed
777 3404 934 3468 saepe
962 3387 1111 3450 etin
1165 3387 1298 3450 aliis
1341 3387 1615 3467 plurimis
1659 3386 1996 3450 tentationi-

343 3474 457 3537 bus
512 3494 659 3557 quas
710 3476 1091 3538 multifariam
1151 3476 1471 3559 multisque
1527 3474 1721 3538 modis
1784 3493 1994 3557 passus

342 3570 454 3646 est,
480 3562 791 3646 oportebat
804 3583 949 3627 sane
972 3563 1141 3627 illum
1163 3565 1225 3627 in
1246 3563 1563 3646 pinnaculo
1585 3582 1819 3646 quoque
1848 3573 1994 3627 tem-

343 3651 424 3734 pli
454 3663 755 3734 postremo
786 3652 1052 3735 probari,
1087 3652 1140 3716 si
1181 3653 1246 3715 in
1304 3671 1375 3716 eo
1407 3671 1475 3717 se
1505 3653 1683 3716 vellet
1712 3652 1991 3717 deorsum

342 3742 605 3808 mittere.
638 3741 706 3806 In
734 3762 852 3826 quo
880 3742 1039 3825 vide,
1098 3761 1275 3826 quam
1332 3742 1486 3807 bene
1531 3742 1854 3808 Dominum
1883 3762 1989 3806 ac-

342 3832 694 3912 magistrum
720 3836 797 3896 sit
824 3830 1108 3898 imitatus.
1141 3834 1260 3897 Per
1280 3830 1428 3895 illud
1460 3841 1697 3915 tempus
1710 3832 1990 3896 defuncto

340 3919 594 3985 Bossani
622 3921 873 4005 praesule
906 3921 1059 4005 (55),
1119 3920 1516 4004 quaerebatur,
1547 3924 1644 4004 qui
1676 3920 1750 3984 ad
1776 3940 1988 3984 succe-

342 4008 603 4073 dendum
663 4010 920 4074 idoneus
975 4016 1159 4086 esset,
1220 4008 1373 4090 Ergo
1430 4027 1663 4084 omnes,
1723 4027 1759 4071 a
1813 4027 1990 4091 parvo

340 4117 531 4181 usque
556 4098 632 4163 ad
662 4117 966 4182 magnum,
991 4117 1111 4161 uno
1133 4116 1429 4162 consensu
1452 4096 1893 4178 conspirarunt,
1925 4105 1994 4161 ut

341 4185 580 4250 beatum
610 4191 870 4267 Patrem,
904 4186 1054 4249 nihil
1088 4186 1207 4250 tale
1229 4186 1594 4268 opinantem,
1625 4191 1899 4248 tenerent
1935 4192 1995 4247 et

2150 1433 2227 1507 ξζ.
2259 1438 2359 1495 Καὶ
2387 1436 2451 1505 δὴ
2480 1438 2818 1519 πορευομένῳ
2844 1440 2936 1497 σὺν
2994 1437 3153 1497 Δαϐὶδ
3196 1448 3274 1516 τῷ
3322 1441 3590 1520 προφήτῃ,
3621 1443 3721 1498 καὶ

2068 1524 2198 1603 πρὸς
2250 1525 2313 1581 τὸ
2382 1527 2578 1584 οἰκετον
2647 1529 3022 1609 ὑποστρέφοντι
3093 1531 3465 1609 μοναστήριοπι,
3534 1529 3586 1585 ἐν
3632 1536 3716 1604 τῷ

2070 1610 2244 1691 λέγειν
2274 1614 2429 1672 αὑτόν
2463 1630 2478 1645 ⁸
2530 1638 2559 1671 κ
2591 1613 2682 1674 Ἐν
2711 1615 2816 1693 ὁδῷ
2844 1619 3008 1696 ταύτῃ
3037 1622 3074 1696 ᾗ
3103 1619 3457 1699 ἐπορευόμην,
3488 1616 3722 1697 ἔκρυψαν

2071 1699 2264 1780 παγίδα
2295 1725 2384 1779 μοι
2420 1722 2436 1738 ⁸
2476 1727 2498 1761 υ
2534 1705 2736 1779 ὑπαντᾷ
2788 1708 2929 1782 αὑτῷ
2970 1709 3105 1764 κατὰ
3152 1708 3323 1785 μέσην
3350 1709 3447 1775 τὴν
3478 1705 3595 1764 ὁδὸν
3623 1709 3723 1782 μία

2070 1790 2204 1870 κόρη
2267 1793 2486 1873 μοναχὴ
2556 1797 2675 1865 ἥτις
2730 1794 3133 1877 προσδραμοῦσα
3187 1795 3476 1877 ἔμπροσθεν
3534 1796 3719 1870 αὑτοῦ,

2070 1877 2279 1958 ἕρριψεν
2350 1882 2540 1949 ἑαυτὴν
2610 1882 2662 1940 ἐν
2733 1891 2894 1963 στενῇ
2964 1883 3219 1962 διαϐάσει,
3297 1887 3348 1942 ἐν
3404 1889 3441 1963 ᾗ
3506 1889 3600 1944 οὑκ
3649 1884 3721 1952 ἦν

2071 1966 2288 2025 ἄλλοθεν
2357 1968 2656 2051 διέρχεσθαι
2730 1974 2823 2029 τὸν
2908 1973 3187 2054 μακάριον,
3275 1975 3405 2032 Τότε
3474 1977 3502 2031 6
3569 1977 3720 2038 θεῖος

2072 2054 2205 2136 ἀνὴρ
2261 2059 2623 2134 πνευματικὴν
2671 2058 2878 2139 ἀνδρίαν
2935 2059 3233 2133 ἀναλαϐὼν,
3287 2063 3376 2118 καὶ
3421 2062 3508 2117 τὸν
3562 2058 3720 2117 δόλον

2070 2151 2162 2201 τοῦ
2190 2152 2398 2203 Σατανᾶ
2454 2145 2720 2226 ἐπιγνοὺς,
2778 2149 2959 2206 τύπτει
3016 2149 3112 2225 μὲν
3166 2149 3329 2217 αὑτὴν
3359 2156 3426 2227 τῇ
3453 2150 3718 2227 βακτηρίᾳ

2069 2238 2170 2300 τῆς
2240 2235 2424 2314 χειρὸς
2495 2235 2652 2291 αὑτοῦ
2716 2234 3204 2318 ἐμϐριμησάμενος,
3281 2235 3588 2308 ἀπεπήδησε
3660 2234 3720 2291 δὲ

2069 2319 2327 2416 ταχέως,
2355 2324 2431 2398 μὴ
2501 2323 2817 2405 ἐγχρονίσας
2883 2325 3019 2382 κατὰ
3085 2326 3182 2393 τὴν
3257 2326 3563 2405 παροιμίαν,
3625 2326 3721 2381 καὶ

2067 2408 2266 2490 ᾤχετο.
2302 2408 2515 2469 Ἐκτοτε
2588 2412 2756 2470 τοίνυν
2820 2411 3075 2488 συνεῖδεν,
3134 2415 3271 2491 μήτε
3326 2415 3517 2489 ἑαυτῷ,
3576 2414 3718 2487 μήτε

2069 2497 2361 2573 οἱῳδήποτε
2450 2506 2555 2557 τ’ἷιν
2638 2499 2874 2580 ἀδελφῶν
2959 2502 3096 2558 κατά
3174 2503 3339 2578 μόνας
3416 2500 3717 2581 ἐπιτρέπειν

2067 2589 2392 2667 πορεύεσθαι,
2428 2587 2641 2669 Ἀγαθοὶ
2671 2591 2789 2670 γὰρ,
2821 2593 3000 2672 φησὶν,
3055 2594 3101 2648 οἱ
3156 2589 3243 2647 δύο
3297 2591 3424 2671 ὑπὲρ
3448 2592 3537 2647 τὸν
3567 2590 3661 2646 ἓνα
3699 2609 3715 2624 ·

2067 2678 2178 2758 καὶ,
2214 2700 2242 2733 α
2278 2678 2404 2736 Οὑαὶ
2431 2685 2508 2754 τῷ
2533 2680 2629 2755 ἐνὶ,
2662 2677 2742 2736 ὅτι
2773 2679 2862 2737 ἐὰν
2919 2680 3078 2758 πέσῃ,
3131 2681 3225 2738 οὑκ
3274 2678 3413 2736 ἔστιν
3445 2682 3472 2736 6
3498 2679 3716 2757 ἐγείρων

2070 2765 2248 2829 αὑτόν.
2279 2784 2310 2826 )
2349 2763 2438 2824 Ἐν
2466 2768 2668 2833 τούτοις
2698 2775 2855 2826 πᾶσιν
2912 2770 3265 2848 ὑπερνικήσας
3298 2771 3326 2826 6
3355 2767 3499 2832 ὅσιος
3530 2768 3716 2844 Πατὴρ

2069 2855 2222 2929 ἡμῶν
2276 2853 2470 2920 Νεῖλος
2526 2857 2617 2912 τὸν
2662 2856 3018 2933 ἀντικείμενον
3066 2854 3151 2913 διὰ
3198 2864 3290 2913 τοῦ
3343 2857 3719 2935 ἀγαπήσαντος

2071 2944 2226 3002 αὑτὸν
2282 2952 2432 3025 Θεοῦ,
2492 2947 2581 3001 γαὶ
2645 2943 2860 3022 δόκιμος
2916 2945 3216 3013 παλαιστὴς
3277 2943 3601 3025 ἀναδειχθεὶς
3661 2943 3720 3001 ἕν

220 3104 223 3109 ι
341 3028 696 3112 praebuisset
725 3038 784 3094 et
814 3032 876 3094 in
906 3030 1154 3095 ferenda
1179 3031 1335 3095 fame
1364 3041 1422 3096 et
1439 3033 1500 3094 in
1516 3031 1844 3096 tentatione
1868 3050 1983 3093 mu-

2113 3053 2125 3087 ;
2178 3038 2247 3109 τῇ
2296 3037 2396 3100 τῆς
2453 3034 2639 3101 πείνης
2701 3036 2964 3112 ὑπομονῇ,
3025 3036 3114 3091 καὶ
3169 3040 3239 3111 τῇ
3293 3038 3392 3100 τῆς
3449 3032 3508 3090 ἐκ
3561 3031 3723 3090 λὶθων

2071 3120 2466 3198 ἀρτοποιήσεως
2519 3120 2787 3202 προσϐολῇ
2823 3140 2840 3159 ο
2897 3124 3028 3201 πρὸς
3081 3122 3288 3186 τούτοις
3342 3127 3409 3197 τῇ
3454 3127 3546 3177 τοῦ
3587 3143 3726 3177 παν-

2069 3211 2161 3273 τὸς
2191 3208 2392 3286 κόσμου
2423 3208 2570 3288 δόξῃ,
2629 3213 2717 3268 καὶ
2885 3217 2990 3268 τῶν
3047 3210 3346 3291 χρημάτων
3375 3209 3715 3289 ἀποστροφῇ,

2071 3296 2138 3355 δι’
2195 3301 2269 3356 ὧν
2338 3321 2417 3362 τις
2489 3302 2696 3357 πίπτων
2763 3307 2840 3374 τῷ
2896 3304 3156 3378 πειραστῇ
3226 3311 3506 3377 προσκυνεῖ
3539 3316 3554 3332 ο
3629 3300 3725 3354 καὶ

2072 3396 2235 3448 ταῦτα
2304 3387 2407 3469 οὑχ
2475 3386 2636 3458 ἅπαξ,
2695 3387 2829 3445 ἀλλά
2890 3386 3147 3451 πολλάκις
3189 3404 3206 3421 ο
3265 3387 3353 3443 καὶ
3405 3385 3458 3443 ἐν
3515 3385 3719 3465 ἑτέροις

2074 3475 2340 3540 πλείστοις
2395 3470 2691 3557 πειρασθεὶς
2748 3478 2833 3533 καὶ
2884 3479 3104 3547 νικήσας
3159 3473 3473 3554 πολυμερῶξ
3520 3495 3579 3531 τε
3626 3477 3721 3532 καὶ

2071 3564 2416 3638 πολυτρόπως
2447 3583 2464 3601 ⁸
2523 3564 2625 3622 ἔδει
2673 3563 2728 3621 δὲ
2778 3565 2933 3622 αὑτὸν
2985 3565 3074 3622 καὶ
3132 3562 3186 3619 ἐν
3228 3570 3305 3639 τῷ
3335 3563 3595 3642 πτερυγίῳ
3620 3571 3720 3621 τοῦ

2070 3656 2208 3733 ἱεροῦ
2256 3651 2550 3719 ἀκολούθως
2610 3652 3014 3730 δοκιμασθῆναι,
3078 3651 3196 3731 εἴγε
3247 3648 3578 3717 καταδέξοιτο
3633 3648 3724 3708 διὰ

2069 3743 2254 3802 τούτου
2306 3741 2701 3810 καταϐληθῖψαι
2739 3761 2754 3777 ο
2812 3742 2908 3822 ὅρα
2963 3748 3078 3807 πῶς
3137 3741 3378 3818 μιμητὴς
3436 3738 3719 3820 ἀνεδείχθη

2069 3831 2168 3889 κάν
2210 3831 2380 3906 τούτῳ
2423 3838 2516 3890 τοῦ
2563 3830 2815 3889 δεσπότου
2865 3832 2954 3887 καὶ
3008 3827 3342 3892 διδασκάλου.
3377 3826 3465 3887 Ἐν
3493 3828 3722 3893 ἐκείναις

2070 3920 2170 4000 γὰρ
2228 3933 2351 3985 ταῖς
2406 3919 2631 3999 ἡμέραις
2692 3918 3104 3990 τελευτήσαντος
3159 3924 3253 3977 τοῦ
3310 3917 3726 3998 ἀρχιερατεύον-

2071 4030 2160 4073 τος
2231 4009 2286 4066 ἐν
2348 4016 2426 4085 τῷ
2495 4000 2767 4090 ²Ρυσιάνῳ,
2838 4009 3016 4088 ἑτέρου
3095 4005 3151 4062 δέ
3218 4006 3543 4082 ζητουμένου
3622 4013 3723 4062 τοῦ

2075 4097 2363 4174 δυναμένου
2429 4098 2521 4155 τὸν
2589 4097 2751 4155 τόπον
2823 4095 3227 4176 ἀναπληρῶσαι,
3303 4102 3425 4171 μιᾶς
3496 4095 3725 4173 γνώμης

2071 4187 2319 4266 γεγόνασι
2347 4185 2563 4260 πάντες,
2622 4185 2799 4264 μικροί
2852 4206 2909 4240 τε
2961 4184 3051 4241 καὶ
3107 4181 3349 4261 μεγάλοι,
3403 4192 3496 4241 τοῦ
3523 4182 3724 4261 ἀπροσ-

342 4293 452 4358 per
478 4276 595 4338 vim
621 4275 1027 4339 ecclesiastica
1053 4275 1116 4337 in
1147 4274 1293 4338 sede
1343 4275 1733 4365 collocarent,
1766 4273 1983 4357 quippe

2113 4275 2313 4345 οκήτως
2369 4286 2705 4354 περικρατεῖς
2752 4272 2991 4352 γενέσθαι
3038 4280 3132 4329 τοῦ
3183 4270 3456 4327 θεσπεσίου
3490 4271 3721 4350 Πατρὸς,

342 4356 441 4446 qui
472 4366 649 4428 vitam
680 4370 908 4445 ageret,
944 4382 1121 4445 quam
1149 4381 1348 4426 sermo
1380 4362 1718 4446 exprimere
1746 4382 1866 4425 non
1895 4356 1983 4425 va‘

2113 4364 2164 4419 αὶ
2214 4363 2304 4439 βίᾳ
2329 4368 2513 4418 τοῦτον
2541 4368 2618 4437 τῷ
2644 4362 2810 4441 θρόνῳ
2838 4366 2935 4428 τῆς
2995 4357 3277 4426 ἐκκλησίας
3332 4356 3724 4446 ἐγκαθιδρῦσαι,

342 4445 484 4537 leat,
498 4462 557 4517 et
576 4471 917 4517 sermonem
932 4451 1323 4517 haberetvitae
1341 4445 1828 4535 respondentem.
1844 4450 1983 4515 Cum

2113 4475 2146 4517 ›ς
2206 4451 2298 4508 ἅτε
2367 4452 2479 4529 βίον
2553 4449 2749 4531 ἔχοντα
2816 4449 2946 4528 ὑπὲρ
2999 4446 3183 4527 λόγον,
3242 4448 3332 4504 καὶ
3398 4448 3490 4503 τὸν
3560 4445 3728 4524 λόγον

340 4535 477 4606 hoc
507 4541 812 4624 cepissent
878 4540 1138 4620 consilii,
1198 4541 1614 4624 primoresque
1671 4539 1879 4622 populi
1932 4548 1983 4605 et

2113 4538 2366 4621 ραμιλλον
2433 4537 2760 4615 κεκτημένον
2826 4541 2903 4613 τῷ
2955 4537 3072 4613 βίῳ.
3130 4535 3310 4610 Τούτῳ
3364 4536 3532 4592 τοίνυν
3586 4536 3726 4611 βου-

342 4631 550 4695 clerici
578 4623 883 4712 digniores
913 4623 1254 4707 tenderent,
1300 4638 1365 4693 ut
1417 4623 1787 4693 exsecutioni
1819 4647 1983 4692 man-

2113 4628 2432 4705 ευσαμένων,
2494 4629 2582 4684 καὶ
2636 4626 2985 4707 ὁρμησάντων
3042 4623 3316 4704 ἀρχόντων
3365 4646 3423 4681 τε
3475 4626 3563 4682 καὶ
3616 4629 3729 4681 τῶν

340 4720 577 4796 darent,
614 4710 772 4800 quod
805 4726 1158 4796 statuerant,
1191 4719 1502 4803 praecurrit
1527 4718 1791 4802 quidam,
1822 4736 1983 4780 rem-

2113 4718 2277 4798 Ξόχων
2337 4724 2431 4775 τοῦ
2501 4716 2700 4796 κλήρου
2769 4716 2899 4795 πρὸς
2969 4715 3030 4793 τὸ
3085 4711 3365 4803 πληρῶσαι
3423 4715 3484 4803 το
3508 4800 3518 4803 Α
3540 4710 3723 4788 δόξαν,

346 4827 462 4892 que
490 4806 653 4873 Patri
681 4807 993 4873 denuntiat
1024 4827 1040 4874 :
1090 4800 1337 4892 putabat
1356 4800 1633 4887 enim,_se
1656 4807 1983 4888 illigratum

2113 4805 2431 4890 ρολαμϐάνει
2500 4827 2605 4887 τις,
2692 4805 2781 4862 καὶ
2864 4807 2943 4879 τῷ
3030 4804 3190 4882 Πατρὶ
3273 4800 3590 4883 ἀναγγέλλει
3659 4803 3730 4859 τὸ

419 4974 481 5035 5³
505 4979 652 5047 Luc.
677 4992 802 5059 xw,
834 4975 937 5046 33.
1019 4976 1076 5027 ⁵⁸
1102 4977 1260 5047 Psal.
1287 4993 1446 5060 CXLI,
1475 4979 1539 5044 4.
1619 4977 1686 5031 δι
1705 4973 1867 5041 Eccl.
1897 4986 1983 5055 tv,
2019 4975 2115 5042 lO.

1718 5152 1964 5218 Joannis
2001 5151 2129 5219 Clei
2157 5157 2334 5217 notae.

417 5292 656 5378 (ὅθ-54)
681 5286 887 5378 Sirleti
906 5290 1100 5356 versio
1123 5288 1304 5354 habet
1310 5287 1523 5378 p_ue_tia
1539 5284 1868 5378 monacha:
1894 5310 1997 5365 μο·
2073 5288 2187 5378 sim
2217 5306 2338 5378 pro.
2350 5286 2652 5378 primariis
2671 5286 2745 5378 lin
2774 5285 3125 5378 sacerdotali
3155 5284 3366 5378 ordine
3395 5293 3455 5378 et
3476 5281 3719 5378 episco-

340 5367 488 5460 xuii;
508 5392 617 5458 per
632 5367 828 5439 solam
848 5380 1073 5436 tantum
1094 5367 1391 5460 expressit
1404 5368 1793 5460 Caryophilus
1816 5387 1834 5443 ;
1873 5385 1995 5430 non
2077 5367 2462 5460 pis_spm_it'ur,
2486 5367 2879 5460 superiusque
2890 5367 3136 5460 evidens
3150 5374 3261 5460 est,
3287 5375 3409 5460 tum
3430 5367 3722 5445 temporis

338 5443 527 5545 recte;
558 5472 622 5527 ut
647 5461 923 5545 videtur}
942 5443 1346 5545 quippe-quod
1375 5457 1474 5521 hic
1504 5443 1861 5522 mouacham
1878 5474 1986 5520 seu
2065 5443 2631 5545 archiepiscqpalem
2656 5443 2916 5545 nondum
2940 5447 3119 5540 fuisse
3141 5443 3718 5545 sedem‘ltossanen:

340 5523 1066 5623 ibiah'riant'éighia‘cét.‘
1088 5523 1108 5544 ⁵
1185 5523 1226 5623 ,³
1408 5617 1423 5623 Δ
1680 5622 1685 5623 γ
1742 5622 1745 5623 ν
2066 5545 2216 5623 sem.
2240 5523 2460 5623 ΣΤξύεεῖ
2485 5540 2779 5623 possuut,‘
2803 5546 2934 5623 qua;
2981 5528 3142 5623 circa
3167 5528 3279 5590 hac
3307 5523 3721 5623 cbservavina'd

425 5603 1348 5704 gladi—asﬁpxtspzndowoc
1405 5617 1832 5704 interpretetur
1878 5632 1983 5678 ar.

2113 5615 2214 5671 .cta
2239 5610 2347 5704 εξ,
2380 5603 2654 5693 Cypriani
2670 5617 2727 5673 et
2748 5603 2999 5674 Ju'stime
3017 5609 3354 5672 Comment.
3380 5603 3581 5687 pmvii
3602 5604 3632 5686 §
3654 5607 3717 5684 6,

340 5690 732 5792 chiepiscopo,
759 5701 867 5768 sed
898 5690 1248 5791 perperam;
1269 5699 1491 5763 etenim
1518 5690 1626 5761 vox
1643 5693 1988 5779 Gmcapas-
2068 5706 2238 5753 num.
2275 5690 2370 5754 76.
