3966 6148
185 213 269 284 il'l

1439 235 1626 301 VITA
1666 234 1728 299 S.
1771 234 1937 298 NILI
1975 232 2349 298 JUNIORIS.

3501 232 3620 299 118

198 363 409 438 πρᾶγμα,
471 363 832 442 προσδοκῶν
910 371 971 428 ἐν
1044 372 1219 447 τούτῳ
1284 373 1426 446 αὗτῷ
1492 367 1868 448 προσαρέσκειν

1978 366 2105 429 fore
2136 370 2194 427 et
2222 360 2729 445 acceptissimum,
2753 360 2805 423 si
2834 365 3011 425 tanta
3036 360 3128 425 rei
3156 362 3438 426 existeret
3457 376 3620 425 nuu-

203 450 277 543 καὶ
381 452 639 533 μέγιστα
673 461 1046 543 χαρίσεσθπιι¹
1079 464 1153 527 ὡς
1182 461 1401 538 τοιούτῳ
1420 459 1562 536 αὒτῷ
1581 460 1894 540 πράγματος
1979 454 2125 518 tius.

216 539 420 639 ἆγῖῆου
452 548 881 639 γεγενημένου.

284 629 385 698 ξτῖ.
460 636 571 693 Καὶ
644 637 913 718 μέντοιγε
985 649 1078 700 τοῦ
1146 646 1345 697 σκοποῦ
1424 638 1484 694 οὔ
1552 636 1836 718 διήμαρτεν
1874 656 1891 673 ·

2053 633 2153 698 68.
2178 632 2299 695 Nec
2321 640 2483 695 certe
2502 630 2671 693 illum
2691 628 2901 690 fefellit
2927 629 3127 712 opinio
3159 648 3174 692 :
3218 627 3422 709 gratiis
3451 628 3613 691 enim

223 720 691 803 ὲτευχαριστήσας
780 716 889 806 γαρ
959 729 1103 803 at.ch
1170 731 1199 785 6
1269 727 1435 806 μέγας
1490 729 1580 784 καὶ
1632 716 1751 783 τότε
1806 750 1871 785 κα

1977 721 2065 783 illi
2094 739 2344 794 magnus
2374 719 2548 781 Pater
2575 718 2730 781 actis
2761 727 2819 780 et
2848 724 2987 806 tunc
3019 726 3077 780 et
3106 724 3334 799 postea,
3388 716 3616 780 dimisit

211 812 444 891 ὕστερον,
497 814 786 872 ἀπέλυσεν
831 817 886 874 ἐν
931 820 1137 899 εἰρήνῃ,
1188 815 1437 881 κελεύσας
1490 816 1632 891 αὒτῷ
1680 814 1891 884 δοθῆναι

207 902 303 958 sui
328 924 452 957 τινα
481 902 768 982 εὖλογίαν.
823 906 993 970 Αὐτὸς
1044 904 1099 962 δὲ
1143 904 1441 987 μελετήσας
1485 908 1546 961 τὸ
1590 904 1889 985 ἐμφερόμε-

205 1014 298 1046 νον
325 990 381 1047 ἐν
410 999 497 1066 τῷ
528 994 674 1070 ἁγίῳ
706 994 1018 1074 manem?
1043 996 1104 1053 τό
1132 1012 1145 1025 ·
1185 1021 1209 1049 σι
1245 996 1403 1059 Γνοὺς
1432 992 1486 1051 δὲ
1508 998 1536 1051 6
1556 995 1785 1068 Ἰησοῦς,
1809 995 1889 1052 ὅτι

198 1077 503 1153 μέλλουσιν
534 1081 825 1163 ἔρχεσθαι,
858 1087 946 1141 καὶ
988 1085 1231 1164 ἁρπάζειν
1276 1084 1452 1157 αὺτὸν,
1506 1083 1600 1140 ’ἕνα
1628 1085 1890 1153 ποιήσωσι

192 1168 469 1244 βασιλέα,
506 1170 838 1252 ἀνεχώρησε
869 1174 1027 1249 μόνος
1057 1175 1129 1238 εἷς
1147 1176 1209 1230 τὸ
1240 1173 1387 1253 ὅρος·
1419 1196 1446 1227 ιι
1488 1172 1889 1253 ἀναχωρεϊγοῦν

192 1257 298 1312 καὶ
346 1261 517 1322 οὗτος
572 1259 665 1317 ἐπὶ
714 1263 780 1317 τὸ
822 1260 1086 1341 ἐνδότερον
1122 1260 1256 1342 ιὸρος
1306 1262 1441 1337 μετὰ
1493 1262 1608 1326 ἑνὸς
1665 1259 1888 1341 ἀδελφοῦ

194 1348 299 1401 καὶ
371 1349 573 1421 μόνον,
654 1349 1082 1430 ἀποκρυςόμενος
1169 1353 1351 1431 μικρὸν
1423 1350 1566 1421 ὅσον,
1643 1350 1743 1415 ἕως
1826 1350 1887 1408 ἂν

496 1438 536 1504 ἣ
584 1437 760 1513 βουλὴ
815 1438 1010 1507 ἐκείνη.
1073 1437 1466 1504 Καταλαϐόντες
1520 1436 1575 1495 δὲ
1621 1441 1683 1495 τὸ
1714 1461 1885 1513 μονα-

201 1524 441 1600 στήριο)
517 1528 570 1581 οἱ
643 1528 806 1604 ἱερεῖς
881 1528 973 1583 σὺν
1048 1542 1165 1592 τοῖς
1232 1524 1478 1608 ἄρχουσι,
1552 1527 1640 1583 καὶ
1713 1525 1886 1583 πολλὰ

193 1615 576 1690 τυρεύσκντες
654 1618 744 1673 καὶ
809 1619 1159 1692 ζητήσαντες,

193 1703 641 1784 ἀστοχήσαντες
694 1714 788 1765 τοῦ
851 1707 1227 1784 βουλεύματος.
1304 1699 1394 1771 Ὠς
1449 1706 1494 1763 δ’
1552 1707 1638 1764 ἐπὶ
1686 1706 1879 1765 πλεῖον

188 1795 660 1871 καρτερήσαντας
715 1794 862 1851 οὖδὲν
906 1795 1063 1864 ἤνυον
1099 1813 1112 1827 ⁸
1167 1797 1519 1876 εὖκοπώτερον
1570 1796 1670 1875 γὰρ
1716 1819 1882 1872 μονο-

185 1879 451 1958 scipio-.9;
527 1882 567 1949 ἢ
649 1883 846 1939 ἐκείνου
913 1885 1269 1964 περιγενέσθαι
1303 1904 1316 1917 ⁶
1412 1883 1738 1962 ὑπέστρεψαν
1810 1885 1882 1949 εἷς

188 1970 269 2023 τὰ
334 1968 479 2040 ἴδια,
544 1970 715 2050 ἑτέρῳ
782 1975 883 2039 τὴν
939 1975 1255 2053 προστασίαν
1312 1973 1761 2053 ἐγχιειρισάμενοι,
1824 1964 1881 2032 Ὀ

191 2055 255 2113 δὲ
294 2058 452 2123 ὅσιος
486 2060 859 2139 ἀγαλλόμενος
913 2063 999 2120 ἐπὶ
1042 2072 1120 2137 τῷ
1173 2064 1340 2143 Κυρίῳ
1386 2065 1476 2121 σὺν
1527 2070 1604 2138 τῷ
1633 2065 1881 2145 προφήτῃ

195 2146 522 2222 ἆνέμελπεν
559 2169 572 2181 ·
617 2172 643 2205 ι
678 2148 1033 2230 Ἐκράτησας,
1089 2150 1278 2230 λέγων,
1343 2152 1494 2231 Κύριε
1543 2157 1640 2218 τῆς
1698 2154 1879 2231 χειρὸς

194 2241 307 2301 τῆς
338 2237 523 2302 δεξιᾶς
555 2260 684 2312 μου,
731 2241 817 2295 καὶ
871 2239 923 2295 έν
980 2247 1049 2316 τῇ
1107 2238 1272 2318 βουλῇ
1325 2262 1418 2296 σου
1468 2237 1754 2318 ὡδήγησάς
1786 2262 1876 2316 με,

201 2325 305 2379 καὶ
332 2326 480 2399 μεεᾶ
527 2324 687 2392 δόξης
744 2326 1072 2405 προσελάϐοο)
1128 2352 1248 2403 μου.
1314 2329 1377 2386 Τί
1401 2328 1500 2407 γάρ
1533 2350 1622 2403 μοι
1650 2328 1878 2408 ὑπάρχει

208 2411 265 2467 ἐν
326 2421 408 2487 τῷ
471 2414 705 2492 οὐρανῷ,
756 2418 845 2472 καὶ
908 2415 1050 2486 πλήν
1106 2439 1198 2474 σου
1256 2418 1306 2474 τί
1362 2415 1598 2485 ἠθέλησα
1646 2414 1730 2472 ἐπὶ
1783 2422 1881 2483 τῆς

204 2506 365 2581 ﬁs;
432 2499 711 2561 Ἐναντίον
764 2526 859 2564 σου
905 2506 1004 2584 γὰρ
1050 2512 1194 2562 πᾶσα
1239 2508 1273 2573 ἡ
1318 2505 1563 2580 ἐπιθδμία
1605 2526 1725 2581 μου,
1768 2505 1879 2562 Κύ-

210 2610 289 2665 ριε
322 2605 340 2620 ⁸
409 2590 508 2645 καὶ
569 2592 637 2646 σὺ
706 2591 1005 2665 ἐπίστασαι,
1067 2592 1147 2648 ὅτι
1202 2593 1404 2672 ἡμέραν
1461 2593 1733 2672 ἀνθρώπου
1783 2593 1879 2648 οὒκ

594 2698 628 2738 ι
685 2686 775 2754 Τῷ
824 2681 1046 2754 τοιούτῳ
1085 2691 1207 2759 γοῦν
1236 2666 1531 2762 ιρρονήματι
1556 2666 1590 2736 ’ὁ
1620 2680 1875 2759 μακάριος

212 2764 433 2842 παρεῖδε
460 2768 526 2822 τὸ
556 2770 750 2846 μικρὸν
778 2775 869 2824 τοῦ
916 2770 1033 2844 βίον
1081 2770 1264 2829 τούτου
1318 2766 1575 2848 δοξάριον,
1632 2771 1720 2825 καὶ
1774 2769 1875 2836 τὴν

219 2853 553 2931 ἆνθρωπίνην
612 2857 778 2932 τιμὴν
845 2855 1148 2923 ἐϐδελύξατο
1182 2874 1196 2889 ’
1267 2860 1372 2915 νυνὶ
1441 2856 1496 2913 δὲ
1550 2857 1872 2925 κατέστησεν

222 2943 367 2998 αὗτον
439 2945 471 2998 6
539 2946 677 3008 Θεὸς
749 2945 926 3002 ἐπάνω
993 2945 1117 3003 δέκα
1184 2946 1415 3019 πόλεων,
1489 2949 1564 3010 ὡς
1632 2945 1872 3022 ἀψευδῶς

226 3029 615 3117 ἐπηγγείλατο.
651 3032 781 3091 Οὐδὲ
826 3035 927 3113 γὰρ
978 3032 1109 3092 διότι
1165 3037 1261 3104 τὴν
1313 3032 1597 3117 ἱερωσύνην
1645 3037 1705 3093 οὒ
1753 3033 1872 3093 κατ’

228 3116 447 3195 εᾶέξατο,
524 3123 592 3177 τὸ
652 3121 908 3179 τάλαντον
981 3128 1076 3182 οὒκ
1146 3123 1596 3182 ἐπολυπλασίασεν
1631 3144 1647 3162 ⁸
1707 3124 1874 3182 πλείω

230 3208 313 3286 Ti?
340 3212 474 3265 εἰσιν
505 3212 557 3265 οἱ
617 3210 874 3275 σωθέντες
927 3211 1011 3269 διὰ
1066 3219 1165 3281 τῆς
1221 3212 1555 3278 διδασκαλίας
1614 3223 1706 3274 τοῦ
1753 3213 1874 3271 στό-

232 3319 379 3369 ματος
411 3300 579 3357 rho-3
610 3296 665 3354 ’ἐν
693 3320 753 3355 τε
782 3307 859 3375 τῷ
886 3299 1152 3381 κοινοϐίῳ,
1198 3304 1285 3358 καὶ
1345 3301 1398 3360 ἒν
1453 3309 1529 3377 τῷ
1580 3299 1869 3376 μοναδικῷ,

231 3384 497 3465 ἦοῖηπερ
535 3388 720 3444 ἐκεῖνο
766 3391 828 3445 τὸ
883 3389 1012 3446 ἄστυ
1066 3390 1327 3470 συγκλείει
1385 3392 1685 3471 οἰκήτορας.
1743 3388 1871 3470 Ἐρ-

232 3475 453 3553 χὸμενός
484 3498 625 3534 ποτε
657 3481 686 3534 6
736 3478 1130 3559 μητροπολίτης
1180 3479 1425 3537 Βλάττων
1468 3480 1572 3537 ἀπό
1616 3479 1871 3561 Ἀφρικῆς

231 3565 350 3635 μετὰ
404 3564 635 3621 πολλῶν
681 3568 1066 3647 αἰχμαλώτων,
1126 3566 1210 3625 διὰ
1265 3571 1326 3625 τὸ
1355 3572 1697 3649 προσκεῖσθαι
1731 3568 1873 3643 αὒτῷ

228 3649 315 3715 ἕως
368 3662 561 3733 καιροῦ
620 3657 711 3711 τὸν
767 3662 872 3712 τῶν
925 3656 1274 3736 Σαρῤακηνῶν
1326 3656 1569 3738 βασιλέα⁷
1622 3656 1676 3714 ἐν
1732 3680 1870 3736 προ-

230 3740 368 3817 ein:
393 3748 494 3798 τοῦ
522 3739 761 3823 ἀδελφὴν
818 3744 975 3800 αὖτοῦ
1030 3746 1171 3802 εἶναι
1226 3746 1326 3814 τὴν
1381 3746 1619 3825 γαμετὴν
1648 3745 1867 3827 ἐκείνου,

230 3826 342 3906 ὅπερ
368 3833 470 3888 οὒκ
522 3830 594 3897 ἧν
631 3846 646 3860 '
707 3829 968 3911 παρέϐαλε
1023 3837 1101 3909 τῷ
1157 3832 1381 3912 αἰγιαλῷ
1438 3826 1724 3901 Ῥυσιάνου,
1780 3836 1870 3891 καὶ

236 3913 254 3930 ἱ

1978 809 2039 872 in
2071 828 2236 890 pace,
2254 808 2548 891 jussitque
2567 806 2654 869 illi
2683 806 2811 867 dari
2838 805 3133 887 quoddam
3168 806 3610 871 munusculum.

1974 896 2108 978 Ipse
2137 917 2275 959 vero
2309 898 2370 959 in
2402 905 2661 959 mentem
2691 913 2999 977 revocans,
3036 894 3193 977 quod
3222 894 3286 956 in
3315 911 3487 956 sacro
3519 895 3614 958 le-

1973 986 2129 1066 gitur
2158 986 2482 1064 Evaugelio
2513 1008 2526 1050 :
2586 1006 2616 1047 ‹
2678 984 2822 1047 Cum
2853 984 3224 1065 cognovisset
3249 984 3444 1055 Iesus,
3476 984 3617 1065 quia

1973 1076 2202 1138 venturi
2222 1083 2441 1152 essent,
2467 1085 2530 1138 ut
2549 1082 2829 1156 raperent
2852 1093 2986 1137 eum
3011 1082 3067 1136 et
3087 1074 3352 1136 facerent
3381 1092 3611 1154 regem,

1972 1164 2116 1245 fugit
2144 1165 2304 1227 solus
2335 1166 2395 1227 in
2428 1172 2687 1226 montem
2717 1163 2871 1216 55'56
2902 1181 2916 1226 :
2982 1183 3012 1225 ι
3050 1162 3276 1224 secedit
3304 1162 3526 1244 pariter
3549 1164 3612 1226 in

1971 1253 2317 1317 interiorem
2354 1263 2609 1316 montem
2644 1273 2779 1316 cum
2808 1272 2929 1315 uno
2977 1261 3201 1314 tantum
3230 1250 3433 1329 fratre,
3466 1251 3613 1315 sub-

1972 1343 2214 1405 trahens
2244 1361 2306 1405 se
2339 1344 2645 1424 tantisper,
2706 1343 2844 1405 dum
2907 1341 3201 1404 laberetur
3230 1339 3376 1402 illud
3407 1342 3612 1404 consi-

1970 1429 2138 1493 lium.
2160 1436 2239 1494 At
2258 1432 2598 1494 sacerdotes
2619 1440 2679 1493 et
2710 1432 2818 1493 viri
2849 1430 3081 1492 nobiles
3109 1428 3358 1511 profecti
3386 1430 3446 1492 iu
3473 1448 3609 1494 mo-

1970 1520 2317 1594 nasterium,
2347 1520 2611 1584 studiose
2666 1518 3111 1601 perquirebant,
3174 1526 3232 1581 et
3259 1517 3490 1581 irritum
3519 1518 3611 1580 vi-

1250 1619 1317 1674 τὰ
1386 1618 1609 1696 μέγιστα
1678 1615 1871 1673 ἔστενοε.

1965 1607 2163 1670 1οηῐοε
2194 1609 2532 1683 consilium,
2566 1611 2692 1671 vale
2722 1607 3053 1687 gemebant.
3090 1606 3168 1672 Ut
3204 1625 3350 1670 vero
3384 1608 3608 1672 diutius

1970 1707 2382 1778 exspectantes
2439 1697 2588 1760 nihil
2645 1697 2925 1778 agebant,
2983 1697 3214 1759 facilius
3262 1697 3422 1758 enim
3480 1706 3611 1761 erat

1968 1786 2339 1863 unicornem,
2375 1807 2549 1870 quam
2580 1787 2745 1850 illum
2779 1787 3194 1868 prehendere:
3230 1785 3452 1850 reversi
3469 1793 3608 1849 sunt

1966 1875 2207 1937 domum
2241 1884 2298 1938 et
2325 1876 2506 1938 alium
2537 1876 2649 1939 sibi
2684 1875 2994 1957 praesulem
3027 1876 3360 1955 elegerunt.
3386 1878 3607 1937 Atsan.

1965 1973 2093 2025 ctus
2125 1966 2300 2028 Pater
2355 1967 2622 2028 exultans
2676 1964 2738 2027 in
2796 1963 3071 2036 Domino,
3127 1981 3262 2025 cum
3312 1961 3608 2045 Propheta

1964 2052 2249 2115 canebat:
2292 2079 2316 2110 υ
2351 2054 2618 2117 Tenuisti
2670 2071 2910 2115 manum
2967 2051 3266 2113 dexteram
3298 2070 3515 2128 meam,
3548 2061 3607 2115 et

1964 2140 2025 2203 in
2056 2141 2353 2205 voluntate
2384 2152 2482 2205 tua
2512 2142 2808 2205 deduxisti
2833 2159 2949 2213 me,
2984 2148 3045 2202 et
3072 2158 3205 2201 cum
3251 2140 3439 2219 gloria
3466 2160 3602 2203 sus-

1961 2229 2168 2311 cepisti
2229 2250 2345 2292 me.
2406 2231 2557 2305 Quid
2616 2230 2775 2294 enim
2832 2228 2979 2291 mihi
3030 2235 3119 2290 est
3173 2227 3235 2290 in
3303 2228 3477 2304 ccelo,
3543 2236 3605 2291 et

1962 2325 2177 2393 prater
2208 2326 2263 2378 te
2292 2319 2434 2399 quid
2461 2319 2619 2380 volui
2648 2336 2830 2399 super
2858 2325 3075 2379 terram
3107 2317 3171 2367 53
3192 2324 3221 2381 ?
3269 2335 3406 2377 nam
3460 2324 3603 2381 ante.

1967 2415 2023 2466 te
2054 2412 2144 2467 est
2173 2425 2350 2468 omne
2371 2406 2735 2468 desiderium
2766 2425 2986 2481 meum,
3010 2406 3282 2480 Domine,
3305 2429 3333 2461 ι
3356 2412 3445 2467 et:
3470 2405 3603 2467 (Tu

1965 2493 2106 2568 scis,
2137 2495 2273 2575 quia
2300 2494 2457 2557 diem
2491 2495 2751 2558 hominis
2781 2514 2898 2557 non
2929 2494 3264 2557 desideravi
3289 2494 3376 2558 59.
3414 2518 3438 2553 ι
3475 2493 3601 2557 Hoc

1965 2600 2141 2643 sensu
2177 2583 2263 2644 vir
2317 2583 2527 2646 beatus
2582 2586 2936 2666 contempsit
2991 2602 3226 2665 parvam
3261 2583 3440 2665 hujus
3469 2583 3602 2647 vitae

1955 2670 2203 2748 gloriam
2236 2679 2294 2733 et
2347 2672 2635 2735 honorem
2690 2674 3014 2734 humanum
3074 2671 3447 2734 abominatus
3483 2679 3595 2750 est,

1958 2776 2117 2819 nunc
2145 2768 2342 2822 autem
2399 2761 2708 2824 constituit
2763 2781 2899 2824 eum
2961 2762 3115 2823 Deus
3161 2779 3342 2841 super
3389 2762 3597 2824 decem

1958 2845 2242 2923 civitates,
2262 2858 2321 2910 ut
2350 2850 2639 2912 veraciter
2660 2851 2955 2932 promisit.
3000 2852 3207 2931 Neque
3236 2850 3422 2928 enim,
3456 2850 3594 2932 quia

1959 2955 2076 2997 non
2098 2937 2360 3019 suscepit
2378 2938 2798 3011 sacerdotium,
2824 2958 2942 3000 non
2976 2938 3385 3017 multiplicavit
3405 2941 3597 3001 talen-

1959 3033 2122 3089 tum:
2171 3046 2305 3088 nam
2357 3029 2559 3109 plures
2588 3036 2748 3103 sunt,
2781 3028 2885 3109 qui
2942 3047 3050 3109 per
3104 3027 3431 3090 doctrinam
3475 3028 3596 3091 oris

1958 3117 2087 3197 ejus
2116 3115 2176 3177 in
2200 3117 2470 3179 coenobio
2504 3125 2563 3179 et
2583 3117 2846 3180 solitaria
2868 3117 2984 3179 vita
3011 3117 3257 3180 salutem
3290 3117 3597 3182 consecuti

1959 3215 2118 3278 sunt,
2146 3222 2320 3285 quam
2346 3205 2527 3281 cives,
2554 3224 2702 3287 quos
2723 3205 3004 3286 oppidum
3021 3204 3166 3266 illud
3194 3204 3593 3268 habet.Vlatto

1956 3294 2335 3374 mt-tropolita
2364 3294 2504 3355 olim
2564 3313 2633 3356 ex
2692 3293 2891 3357 Africa
2945 3293 3196 3357 veniens
3226 3313 3361 3356 cum
3393 3294 3595 3357 multis

1954 3381 2221 3462 captivis,
2244 3401 2313 3444 eo
2335 3383 2492 3466 quod
2514 3382 2741 3447 amicus
2763 3383 2847 3445 illi
2868 3391 3025 3446 esset
3044 3382 3300 3463 quodam
3324 3390 3594 3465 tempore

1955 3469 2416 3534 Sarracenorum
2488 3491 2615 3554 rex,
2677 3480 2959 3553 praetextu
3012 3471 3171 3552 quod
3226 3472 3388 3555 regis
3442 3490 3593 3535 uxor

1956 3569 2108 3621 esset
2127 3561 2514 3641 melropolilae
2525 3579 2715 3641 soror,
2735 3561 3089 3624 licetrevere
3100 3577 3221 3623 non
3259 3570 3417 3624 esset
3443 3562 3586 3638 (56),

1951 3649 2257 3730 appulitad
2274 3650 2436 3712 littus
2457 3650 2730 3733 Rossani,
2765 3659 2824 3713 et
2844 3650 3123 3733 precibus
3146 3650 3288 3731 egit,
3313 3660 3382 3711 ut
3409 3669 3588 3712 voca-

1954 3745 2046 3799 tus
2067 3738 2139 3800 ad
2172 3757 2306 3800 eum
2331 3739 2536 3803 beatus
2559 3742 2732 3803 Pater
2750 3741 3061 3803 accederet
3087 3758 3102 3816 ;
3138 3738 3413 3821 cupiebat
3428 3739 3589 3802 enim

1950 3825 2158 3889 audire
2186 3826 2263 3889 ab
2293 3846 2389 3904 eo,
2421 3848 2552 3910 quae
2579 3849 2729 3912 opus
2784 3834 2976 3905 erant,
3009 3836 3069 3890 et
3096 3828 3428 3890 orationum
3460 3829 3589 3909 ejus

232 3916 606 4003 Mani»;
662 3921 754 3976 τὸν
825 3923 1081 4001 μακάριον
1142 3922 1542 4003 μετεπέμψατο,
1601 3922 1866 3998 ἐπιθυμῶν

1965 3916 2201 3979 ’ructum
2234 3917 2571 4000 percipere.

234 4002 434 4063 ἑκοῦσαι
465 4003 598 4085 παρ’
658 4011 812 4067 αὖτοῦ
867 4010 934 4066 τὰ
986 4008 1168 4068 δέοντα

236 4095 626 4172 καρπώσασθαι.

298 4172 395 4246 ξθ’.
432 4184 586 4240 Μετᾶ
625 4181 680 4239 δὲ
707 4185 770 4241 τὸ
796 4185 1047 4264 θιῤῥῆσαι
1104 4186 1246 4262 αὐτῷ
1300 4189 1391 4245 τὸν
1446 4188 1862 4269 ἆρχιεπίσκοπον

2030 4189 2130 4252 69.
2179 4186 2286 4252 Ubi
2318 4204 2458 4267 ergo
2488 4184 2969 4268 archiepiscopus
2996 4186 3326 4268 aperuisset
3354 4185 3410 4249 ei
3442 4205 3589 4250 cun-

232 4270 425 4327 ἅπαντα
498 4272 569 4327 τὲι
638 4276 794 4331 αἰετοῦ
822 4273 1106 4362 ύέγκάρδια
1187 4278 1272 4333 καὶ
1358 4275 1648 4349 διαϐούλια,
1724 4276 1868 4355 λέγει

1965 4286 2044 4342 :ta
2072 4278 2163 4340 sui
2194 4276 2392 4340 cordis
2416 4275 2686 4351 consilia,
2711 4275 2853 4338 dixit
2877 4276 2948 4338 ad
2996 4295 3131 4339 eum
3171 4278 3377 4340 Pater:
3410 4276 3588 4354 Audi,

228 4362 358 4435 αὒτῷ
385 4364 415 4416 6
446 4361 714 4439 μακάριος
750 4378 764 4393 ⁸
838 4361 1073 4420 νΑκοιλτόν
1131 4387 1254 4441 μου,
1314 4364 1561 4441 δέσποτα,
1598 4371 1696 4434 τῆς
1728 4388 1867 4441 συμ-

1965 4366 2471 4442 reverendissime,
2497 4364 2811 4427 consilium
2837 4384 3057 4441 meum,
3084 4385 3194 4428 nec
3214 4365 3467 4446 amplius
3489 4385 3592 4428 re-

225 4446 459 4522 ϐωλιας,
494 4451 585 4504 καὶ
618 4449 810 4525 μηκέτι
840 4452 1168 4533 ὑποστρέψῃς
1216 4457 1345 4531 πρὸς
1391 4456 1457 4511 τὰ
1507 4461 1612 4511 τῶν
1645 4452 1869 4535 ἐχιδνῶν

1965 4465 2182 4519 vertere
2209 4455 2281 4516 ad
2302 4453 2631 4535 viperarum
2654 4454 2993 4535 genimina:
3046 4473 3180 4516 nam
3215 4463 3345 4536 post
3381 4454 3593 4518 multas

224 4540 557 4614 γεννήματα.
636 4542 784 4597 Μετὰ
850 4543 949 4622 γὰρ
1011 4544 1073 4600 τὸ
1138 4540 1254 4599 λίαν
1306 4542 1620 4601 κολακεῦσαί
1673 4565 1756 4619 σε,
1812 4545 1871 4601 τὸ

1965 4542 2277 4605 blanditias
2307 4548 2364 4602 et
2395 4541 2655 4606 honores
2705 4551 2869 4604 tuum
2920 4542 3164 4606 ebibent
3213 4544 3588 4625 sanguinem,

1175 4057 1192 4091 ,
1252 4012 1341 4068 καὶ
1392 4011 1485 4074 τὰς
1516 4012 1682 4091 εὐχὰς
1710 4012 1867 4068 αὐτοῦ

297 4709 360 4759 55
386 4705 457 4759 56
484 4707 662 4772 Joan.
694 4728 776 4787 γι,
820 4711 911 4778 15.
994 4710 1058 4762 57
1086 4710 1242 4774 Psal.
1274 4727 1417 4790 an,
1440 4711 1646 4788 23,24.
1733 4713 1799 4764 58
1828 4711 1980 4776 Psal.
2012 4728 2233 4790 xxxvu,
2271 4709 2365 4775 10.
2450 4711 2515 4764 59
2539 4710 2758 4777 Jerem.
2794 4729 2937 4791 xvn,
2971 4713 3067 4778 16.

1606 4931 1851 4997 Joannis
1878 4933 2003 4999 Clei
2030 4940 2204 4998 notas.

295 5101 810 5186 (56)_Diversa_est
831 5102 927 5165 hic
947 5103 1138 5186 versio
1166 5104 1322 5186 apud
1353 5101 1740 5186 Martenium,
1764 5099 1867 5163 ubi
1949 5102 2344 5186 Vlattoporro
2367 5103 2417 5166 is
2442 5105 2564 5186 sive
2580 5104 2793 5186 Blatto,
2811 5103 2972 5186 sedis
2992 5102 3054 5167 in
3078 5102 3349 5186 Calabria
3386 5102 3591 5186 archi-

226 5181 307 5242 sic
330 5184 583 5263 legitur:
617 5207 664 5266 -_
682 5183 919 5266 Blattong
936 5181 1292 5266 quandoque
1332 5184 1407 5247 ab
1434 5182 1632 5266 Africa
1658 5200 1865 5266 rever-
1950 5181 2295 5266 praesul'fujt
2313 5206 2328 5263 ;
2342 5185 2453 5266 §ed
2481 5185 2684 5265 cujus?
2702 5185 2791 5266 An
2813 5183 3591 5266 Cusentinae,_an_lleghien-

228 5262 515 5346 tenscum
546 5264 747 5326 multis
768 5262 1034 5346 captivis,
1080 5262 1389 5346 propterea
1417 5263 1573 5346 quod
1604 5263 1676 5324 ad
1709 5272 1866 5326 tem-
1948 5262 2069 5346 sis,
2102 5283 2174 5346 an
2230 5263 2292 5328 S.
2316 5262 2632 5346 Severinus
2658 5272 2687 5329 ?
2735 5265 2912 5346 ,Nulla
2959 5265 3114 5346 apud
3170 5262 3482 5346 Ughellum
3530 5262 3592 5325 in

229 5360 331 5421 pus
361 5343 963 5426 Sarracenorum'rex
1012 5343 1097 5407 ili
1144 5343 1485 5407 adversatus
1514 5344 1731 5418 fuerat,
1767 5361 1862 5426 ex:
1949 5343 2336 5426 ecclesiarum
2366 5345 2598 5426 illarum
2629 5345 2785 5409 serie
2813 5353 2901 5426 est
2929 5343 3309 5426 ejusmentio
3336 5363 3351 5403 :
3384 5361 3590 5405 verum

224 5430 524 5486 cusatione
546 5446 619 5489 eo
656 5426 814 5506 quod
859 5425 990 5504 ejus
1037 5444 1205 5487 soror
1234 5426 1317 5488 illi
1348 5431 1632 5506 nupserat
1659 5421 1862 5506 ;dquod
1946 5424 2194 5506 aliunde,
2218 5424 2363 5487 nihil
2387 5424 2581 5506 obest,
2631 5421 3080 5506 quominus'illi
3126 5422 3390 5506 alterive,
3426 5431 3590 5485 cata-

224 5522 588 5588 ῃιηιιεηιιιειη
644 5500 849 5569 {crum
887 5500 1048 5575 ἐι-ιιι.
1110 5500 1508 5588 applicuitque
1567 5503 1638 5564 ad
1672 5500 1865 5588 littora
1947 5504 2077 5588 logo
2108 5503 2217 5565 sub
2250 5506 2429 5570 finem
2460 5523 2498 5567 χ
2526 5500 2751 5585 saeculi,
2783 5504 2855 5568 ad
2887 5522 3061 5586 quem
3083 5500 3246 5566 vacu'
3262 5501 3403 5567 satis
3426 5510 3589 5587 sunt,
3624 5524 3633 5533 '

224 5581 405 5645 [lassa
432 5581 494 5657 'i,
523 5612 546 5641 ι
571 5589 760 5652 etc.At
784 5589 913 5651 haec
939 5581 1367 5668 nequeiextum
1386 5581 1652 5668 Graecum
1670 5584 1866 5668 expri-
1943 5581 2261 5649 inseratur.

227 5675 411 5737 munt,
438 5686 624 5749 neque
642 5688 886 5735 sensum
928 5662 1212 5744 reddunt,
1255 5667 1355 5750 qui
1381 5662 1631 5742 intelligi
1655 5664 1858 5747 possit.
