3966 6148
343 301 461 369 119

1841 301 2195 371 ΑΝΟΝΥΜΙ

3601 277 3714 375 120

335 431 537 527 gladip
567 438 627 496 te
671 431 1061 514 perimentes.
1117 429 1204 527 D_e
1264 449 1431 527 pace
1467 437 1668 527 autem
1698 429 2033 527 CalabriaeA

2094 439 2205 512 ιῖμά
2273 464 2368 499 σου
2437 444 2643 502 πίονται
2710 448 2950 527 μαχαίρᾳ
2999 466 3056 502 σε
3111 447 3531 507 θανατώσαντες.
3608 440 3714 500 Καὶ

343 539 420 583 ne
449 520 711 597 labores,
736 539 849 582 nec
867 537 1076 602 preces
1099 519 1391 593 eﬂ‘undas,
1415 520 1529 581 hoc
1561 518 1719 581 enim
1742 520 1992 583 univer-

344 625 549 671 sorum
582 607 838 671 Domino
870 627 988 669 non
1024 607 1236 688 placet.
1265 605 1433 668 Tunc
1460 606 1659 669 fratris
1691 614 1991 689 metropo»

342 697 462 759 litae
490 696 680 759 ﬁlius:
704 696 911 772 Vides,
927 695 1138 778 inquit,
1156 702 1361 758 sancte
1380 697 1574 773 Pater,
1592 705 1734 777 quot
1762 697 1993 761 animas

340 784 882 848 reverendissimus
938 782 1262 847 liberavit?
1315 783 1647 863 Respondit
1704 794 1987 847 sanctus:

343 875 468 938 Nos
505 873 757 951 animas,
794 874 899 937 sed
923 892 1177 955 corpora
1195 872 1489 937 liberavit.
1526 876 1773 937 Prodest
1794 883 1989 937 autem

345 963 616 1047 pluribus
638 973 695 1025 et
714 981 1033 1045 corporum
1054 963 1317 1038 afﬂictio,
1346 962 1561 1043 quibus
1590 964 1836 1027 libertas
1848 965 1996 1026 mul-

344 1060 539 1116 torum
559 1053 851 1115 malorum
875 1053 940 1113 fit
962 1070 1128 1125 ansa,
1145 1051 1646 1134 quemadmodum
1662 1052 1994 1115 furentibus

346 1140 609 1224 prodest,
644 1142 802 1223 quod
838 1141 1059 1204 medici
1088 1142 1226 1203 illos
1251 1140 1571 1203 occludant
1600 1149 1659 1203 et
1680 1142 1835 1203 fame
1864 1162 1995 1203 cru-

346 1231 527 1293 cient.
561 1229 729 1303 Quod
776 1230 824 1292 si
882 1230 1030 1306 haec,
1096 1248 1227 1310 quae
1287 1229 1537 1291 molesta
1584 1229 1890 1304 videntur,
1921 1229 1992 1291 ad

349 1319 670 1382 multorum
704 1319 954 1382 salutem
987 1318 1136 1381 nihil
1196 1317 1562 1395 conferrent,
1618 1327 1780 1381 certe
1811 1339 1840 1381 a
1870 1319 1995 1382 Deo

349 1430 469 1473 non
500 1409 1008 1493 permitterentur.
1069 1409 1316 1491 Oportet
1366 1417 1564 1472 tamen
1593 1429 1628 1472 a
1659 1413 1999 1491 potentibus

2076 530 2192 614 περὶ
2245 536 2343 597 τῆς
2400 533 2615 612 εἰρήνης
2667 539 2766 600 τῆς
2838 532 3133 614 Καλαϐρίας
3193 535 3271 611 μὴ
3323 538 3517 605 κοπιῶ,
3578 528 3715 607 μηδέ

2075 613 2234 692 ἀξίου,
2297 619 2356 677 οὗ
2425 622 2525 699 γὰρ
2584 619 2790 679 εὐδοκεῖ
2847 624 2875 678 6
2931 613 3035 680 τῶν
3106 622 3243 680 ὅλων
3318 621 3589 686 Δεσπότης
3661 618 3716 674 ἐν

2073 707 2262 780 τούτῳ.
2311 708 2465 790 ᾼέγει
2494 707 2548 765 δὲ
2591 712 2720 790 πρὸς
2781 714 2935 770 αὐτὸν
2995 714 3023 769 6
3075 712 3291 787 ἀνεψιὸς
3320 721 3412 769 τοῦ
3439 729 3716 788 μητροπο-

2073 790 2217 851 λίτο·.›
2249 813 2264 826 ·
2318 787 2495 877 Ὀρᾷς,
2549 787 2719 878 Πάτερ
2768 798 2909 879 ἅγιε,
2960 799 3129 864 πόσας
3191 802 3219 856 6
3247 796 3505 864 δεσπότης
3536 787 3719 874 ψυχὰς

2075 881 2471 966 ἠλευθέρωσενς
2520 883 2804 958 Ἀπεκρίθη
2849 886 2904 943 δὲ
2947 888 3088 963 αιδτῷ
3135 890 3162 945 6
3191 886 3335 949 ὅσιος
3369 902 3387 919 ⁶
3440 885 3510 942 Οδ
3540 885 3722 963 GKV/.5“

2076 970 2425 1052 -λλευθέρωσεν
2459 1021 2475 1049 ,
2547 974 2682 1032 ἀλλὰ
2767 975 3013 1052 σώματα,
3103 974 3382 1032 Λυσιτελεῖ
3467 971 3521 1029 δὲ
3600 984 3723 1034 to";

2077 1058 2303 1125 πολλοῖς
2358 1064 2447 1119 καὶ
2501 1065 2536 1131 ἡ
2604 1071 2710 1120 τῶν
2783 1064 3049 1140 σωμάτων
3117 1065 3373 1144 κάκωσις,
3446 1062 3587 1152 ὅσιξς
3661 1061 3723 1116 τὸ

2076 1146 2441 1228 ἐλευθεριάζειν
2497 1149 2711 1208 πολλῶν
2781 1157 2960 1208 κακῶν
3030 1153 3183 1210 αἴτον
3240 1152 3460 1231 γίνεται.
3526 1146 3722 1227 Ὠσπερ

2079 1239 2129 1291 αἱ
2198 1238 2340 1316 παρὰ
2406 1242 2510 1295 τῶν
2580 1242 2771 1320 ἰατρῶν
2828 1254 2949 1305 τοῖς
3007 1239 3345 1318 μαινομένοις
3399 1236 3725 1317 συγκλείσεις

2078 1345 2135 1379 τε
2162 1327 2251 1382 καὶ
2278 1324 2651 1407 λιμαγχονίαι.
2683 1331 2742 1387 Εἰ
2772 1327 2827 1384 δὲ
2886 1330 2963 1405 μὴ
3020 1337 3183 1386 ταῦτα
3238 1327 3487 1385 δοκοῦντα
3514 1325 3730 1403 λυπηρὰ

2077 1418 2146 1490 τῇ
2214 1420 2319 1470 τῶν
2374 1414 2588 1473 πολλῶν
2658 1425 2892 1497 σωτηρίᾳ
2961 1416 3266 1497 κυνέϐαλεν,
3329 1416 3425 1473 οὒκ
3478 1413 3540 1469 ἂν
3593 1414 3730 1491 πρὸς

348 1498 629 1562 auxilium
668 1499 755 1562 eis
784 1498 1034 1578 impedi,
1061 1497 1251 1580 quoad
1302 1499 1434 1579 ejus
1476 1498 1606 1560 ﬁeri
1640 1499 1843 1579 possit.
1878 1502 1998 1562 Me-

2094 1512 2173 1562 εοῦ
2203 1510 2331 1562 Θεοῦ
2376 1507 2822 1586 συνεχωρήθησαν
2879 1507 3131 1585 γίνεσθαι,
3198 1515 3293 1562 Δεῖ
3323 1503 3378 1560 δὲ
3432 1503 3575 1578 ὅμως
3603 1502 3730 1564 τοὺς

350 1588 627 1670 tropolita
653 1607 784 1650 cum
810 1588 936 1649 haec
977 1588 1241 1650 audisset
1280 1596 1340 1649 et
1374 1587 1623 1650 consilio
1659 1587 1850 1649 Patris
1881 1606 2001 1650 non

2094 1588 2395 1665 Βυναμένους
2461 1595 2677 1670 βοηθεῖν
2732 1608 2852 1659 τοῖς
2906 1596 3189 1670 τοιούτοις,
3250 1593 3370 1651 ὅσον
3425 1590 3727 1671 ἐκδέχεται,

352 1676 673 1759 paruisset,
705 1675 1049 1739 vaticinium
1079 1676 1141 1738 in
1171 1694 1234 1738 se
1265 1676 1642 1758 adimplevit.
1662 1676 1736 1739 At
1764 1686 2033 1762 sanctus

2094 1688 2258 1739 Ταῦτα
2301 1684 2328 1738 6
2376 1682 2770 1762 μητρόπολίτης
2825 1684 3074 1751 ἀκούσας,
3135 1685 3224 1739 καὶ
3275 1688 3343 1758 τῇ
3393 1703 3449 1737 τε
3518 1680 3725 1757 [ἰατρὸς

351 1768 529 1830 Pater
556 1773 760 1829 noster
785 1765 951 1827 Nilus
981 1772 1106 1828 tum
1139 1765 1325 1827 nimio
1372 1766 1720 1827 austerioris
1747 1767 1881 1828 vitae
1911 1760 2033 1828 la-1

2094 1767 2368 1845 συμϐουλίᾳ
2422 1760 2499 1847 μῆ
2555 1773 2877 1845 ὑπακούσας,
2938 1775 2998 1829 τὸ
3055 1772 3413 1852 προφητευθὶν
3469 1769 3610 1843 αὒτῴ
3638 1765 3726 1823 ἐπ’

351 1855 520 1930 bore,
555 1863 679 1917 tum
709 1854 1161 1934 ingravescente
1187 1855 1310 1935 jam
1343 1861 1535 1928 mtate,
1585 1873 1722 1915 nam
1752 1853 1878 1915 fere
1907 1873 2000 1917 se-

2094 1858 2235 1914 ιιότὸν
2264 1856 2532 1927 ἐτελέσθη,
2572 1851 2629 1919 εΟ
2684 1858 2738 1916 δὲ
2794 1860 2938 1924 ὅσιος
3001 1851 3182 1940 Πατὴρ
3234 1863 3388 1936 ἡμῶν
3443 1856 3634 1919 Νεῖλος
3665 1857 3730 1912 τὸ

352 1943 717 2025 xagesimum
746 1942 957 2023 agebat
985 1961 1230 2018 annum,
1298 1941 1714 2004 deficientibus
1741 1942 1996 2025 viribus,

2094 1948 2176 2004 αέν
2208 1946 2268 2003 ἐκ
2323 1957 2415 2007 τοῦ
2464 1948 2663 2005 πολλοῦ
2717 1956 2816 2017 τῆς
2872 1950 3151 2021 ἀσκήσεως
3205 1950 3390 2020 πόνου,
3450 1949 3509 2003 τὸ
3559 1944 3612 2001 δὲ
3668 1945 3733 2001 ἐι

355 2052 475 2095 non
502 2031 733 2094 valebat
756 2030 1017 2110 amplius
1049 2030 1238 2110 longis
1262 2030 1582 2092 itineribus
1631 2031 1907 2111 pedester
1933 2049 1999 2119 se

2094 2038 2184 2093 τῶν
2214 2037 2422 2116 χρόνων
2454 2041 2638 2106 ἱκανῆς
2684 2038 2925 2119 περιόδου
2962 2060 2975 2074 °
3036 2041 3153 2119 περὶ
3204 2040 3305 2117 γὰρ
3359 2039 3425 2093 τά
3473 2034 3735 2106 ἐξήκοντα

355 2121 727 2183 committere
747 2119 877 2182 sine
901 2119 1167 2200 periculo
1197 2140 1211 2182 :
1235 2119 1431 2200 itaque
1452 2120 1727 2181 utebatur
1746 2137 1898 2201 equo
1923 2118 1996 2180 ad

2094 2124 2174 2192 ἔτη
2201 2128 2442 2206 ὑπῆρχεν
2476 2145 2491 2159 ⁸
2544 2118 2869 2198 ἀδυνατῆσας
2923 2118 3133 2199 λοιπὸν,
3193 2128 3280 2183 καὶ
3311 2125 3500 2202 μηκέτι
3527 2124 3734 2204 ἰσχύων

356 2210 684 2274 subsidium
717 2228 945 2292 magnae
996 2210 1463 2273 imbecillitatis:
1526 2227 1661 2271 nam
1710 2208 1995 2289 majorem

2094 2216 2172 2278 τὰς
2243 2217 2447 2296 μακρὰς
2521 2215 2668 2280 ὁδοὺς
2724 2216 3006 2281 ἀκινδύνως
3073 2223 3407 2294 πεζοπορεῖν,
3468 2212 3737 2292 ἐκέχρητο

352 2299 588 2363 itineris
616 2307 840 2382 partem
872 2299 1066 2362 studio
1107 2298 1413 2361 servandae
1448 2297 1850 2378 continentiae,
1882 2315 2000 2377 qua

2094 2303 2236 2377 imrp
2296 2306 2426 2383 πρὸς
2476 2307 2753 2384 θεραπειαν
2804 2310 2903 2373 τῆς
2967 2304 3174 2371 πολλῆς
3222 2304 3428 2366 ἀτονίας
3463 2318 3479 2335 ⁸
3536 2301 3589 2357 ἐν
3619 2302 3725 2379 γαρ

356 2387 613 2452 virtutes
667 2389 1076 2461 continentur,
1130 2406 1348 2470 equum
1406 2389 1659 2475 trahens
1696 2385 1827 2466 ipse
1854 2385 1996 2448 ibat.

2094 2400 2158 2469 τῷ
2212 2391 2412 2450 πλείονι
2467 2400 2565 2462 τῆς
2635 2392 2753 2451 ὁδοῦ
2810 2395 2977 2475 μέρει,
3029 2393 3175 2473 λόγῳ
3230 2398 3330 2459 τῆς
3387 2394 3732 2471 περιεκτικῆς

359 2475 571 2554 Quem,
601 2475 742 2538 dum
770 2483 1009 2538 sanctus
1036 2475 1219 2539 Pater
1241 2494 1374 2537 cum
1398 2473 1849 2556 archiepiscOpo
1881 2491 2003 2535 ser-

2094 2482 2384 2561 ἒγκρατείας
2456 2483 2711 2561 ἐπισύρων
2782 2473 2971 2542 αὐτὸν*
3030 2482 3327 2562 ἐπορεύετο.
3375 2486 3566 2538 Τοῦτον
3634 2480 3733 2533 τὸν

362 2582 599 2627 monent
628 2565 946 2639 conferret,
986 2573 1338 2644 suggerente
1366 2563 1629 2644 diabolo,
1663 2564 1890 2624 furatus
1916 2569 2006 2624 est

2094 2570 2254 2628 ἵππον
2322 2572 2377 2627 ἐν
2432 2579 2509 2647 τῷ
2561 2575 2651 2628 τὸν
2709 2571 2852 2628 ὅσιον
2892 2572 3173 2652 τυγχάνειν
3219 2570 3353 2646 μετά
3403 2577 3497 2626 τοῦ
3560 2565 3733 2646 ἀρχι-

362 2653 600 2736 quidam
627 2659 686 2714 et
706 2653 873 2718 abiit.
899 2653 1045 2716 Cum
1070 2671 1231 2727 vero,
1258 2652 1571 2740 eunteillo,
1591 2659 1832 2714 coortus
1849 2658 2007 2712 esset

2094 2659 2396 2740 επισνιόπου,
2428 2658 2740 2728 ὑποϐληθείς
2797 2683 2877 2725 τις
2933 2663 3035 2717 ὑπὸ
3088 2668 3181 2717 τοῦ
3233 2654 3496 2735 διαϐόλου,
3529 2653 3739 2729 κλέψας

363 2742 561 2819 turbo,
595 2761 665 2804 ex
695 2760 849 2824 equo
897 2741 1272 2803 descendens
1326 2739 1436 2802 sub
1494 2739 2008 2828 quadamiarbore

2094 2747 2455 2828 ἀνεχώρησεν.
2542 2750 2689 2806 Κατά
2759 2746 2814 2805 δὲ
2878 2750 2976 2816 τὴν
3047 2745 3163 2805 ὁδὸν
3230 2751 3497 2825 χειμῶνος
3592 2742 3743 2816 αὗτῴ

363 2832 575 2907 stabat,
610 2838 956 2911 exspectans
992 2829 1381 2892 serenitatem
1421 2828 1598 2901 aeris,
1653 2835 1712 2893 et
1752 2827 1946 2907 fulgur
1975 2845 2008 2888 e

2094 2827 2424 2910 ἐπελθόντος,
2482 2836 2684 2901 ἀποϐὰς
2739 2849 2832 2898 τοῦ
2881 2837 3058 2896 ’ίππου
3111 2835 3299 2891 ’ἕστατο
3355 2832 3439 2912 ὑφ’
3497 2831 3571 2887 ἐνὶ
3626 2835 3741 2885 τῶν

364 2922 520 2985 coelo
541 2921 770 3002 lapsum
794 2918 1086 3007 percussit
1108 2918 1393 2982 miserum
1416 2926 1483 3007 et
1495 2935 1634 2979 orco
1656 2917 2003 3007 transmisit,

2094 2923 2306 3005 δένδρων
2363 2924 2708 3006 ἐνδεχόμενος
2773 2925 3057 3007 παρελθεῖν
3112 2924 3210 2991 τὴν
3267 2919 3591 3007 σφοδρότητα
3644 2924 3745 2975 τοῦ

364 3008 521 3092 quod
546 3024 665 3073 non
694 3006 986 3072 audiverit
1015 3007 1314 3104 dicentem
1341 3027 1355 3069 :
1398 3006 1749 3104 «ADamnum
1780 3005 2033 3093 inferre,

2094 3013 2262 3093 ἀέρος.
2325 3015 2527 3093 Βροντὴ
2596 3013 2650 3072 δὲ
2719 3005 2989 3096 οὐρανόθεν
3059 3012 3274 3070 ἐλθοῦσα
3343 3005 3563 3074 ἐπάταξε
3628 3009 3746 3104 ,τὸν

361 3100 523 3181 justo
554 3117 673 3160 non
697 3106 787 3161 est
808 3097 1032 3160 bonum
1054 3095 1119 3149 ϐο
1147 3117 1163 3175 ;
1193 3121 1219 3153 »
1253 3103 1344 3161 et:
1376 3116 1403 3156 ‹
1422 3093 1867 3170 Quifurabatur,
1884 3095 2009 3175 jam

2094 3100 2448 3182 ταλαίπωρον,
2507 3105 2594 3160 καὶ
2647 3105 2723 3179 τῲ
2774 3093 2879 3180 ᾅδῃ
2930 3101 3270 3181 παρέπεμψε,
3331 3100 3408 3174 μὴ
3463 3094 3747 3182 πεισθέντα

369 3174 490 3251 non
510 3187 759 3261 furetur,
797 3187 986 3268 magis
1001 3174 1199 3250 autem
1220 3184 1452 3248 laboret
1481 3183 1783 3266 operando
1815 3174 2009 3246 mani-

2094 3192 2171 3264 τῲ
2197 3174 2406 3269 λέγοντι
2434 3174 2458 3226 γ’
2498 3212 2521 3245 tl
2557 3174 2794 3268 Σημιοῢν
2822 3174 3094 3271 ἄνδραίοῦ
3122 3174 3308 3249 καλόν.
3346 3205 3375 3245 ι
3428 3184 3528 3243 Καί
3562 3204 3575 3218 '
3615 3206 3645 3238 α
3682 3174 3746 3240 Ὀ

368 3277 482 3341 bus
514 3276 660 3352 suis,
694 3283 760 3338 ut
812 3276 1056 3358 habeat,
1111 3276 1275 3339 unde
1321 3274 1543 3337 tribuat
1595 3273 2014 3336 necessitatem

2094 3277 2338 3338 κλέπτων
2409 3280 2600 3357 μηκέτι
2669 3280 2962 3360 κλεπτέτω,
3023 3277 3158 3334 ἀλλὰ
3210 3276 3450 3335 κοπιάτω
3518 3272 3750 3352 ἐργαζό-

371 3365 620 3449 patienti
663 3365 746 3429 δι.
800 3386 831 3426 ι
888 3368 962 3430 Et.
1012 3365 1117 3428 ille
1172 3363 1413 3446 quidem
1470 3362 1678 3425 infelix
1730 3362 2010 3442 peccavit,

2099 3390 2255 3445 μενος
2311 3382 2434 3434 ταῖς
2504 3368 2655 3434 ἰδίαις
2730 3371 2933 3450 χερσὶν,
3005 3364 3080 3423 ’ἶν’
3139 3364 3245 3446 ἔχῃ
3303 3360 3613 3440 μεταδοῦναι
3671 3360 3752 3434 τῷ

374 3447 598 3517 frustra
660 3461 936 3536 operatus
1004 3452 1426 3535 iniquitatem:
1520 3450 1807 3532 postridie
1875 3469 2016 3514 vero

2098 3457 2282 3537 χρείαν
2312 3455 2517 3538 ἔχοντι,
2555 3481 2583 3514 ι»
2638 3447 2813 3517 Καὶ-*ὂ
2870 3456 2965 3534 μὲν
3016 3453 3192 3519 ἅθλιος
3252 3453 3456 3513 ἐκεῖνος
3509 3447 3750 3538 ἥμαρτεν

374 3543 616 3626 quidam
687 3535 823 3605 illac
891 3548 1267 3605 transeuntes
1335 3547 1702 3620 agnoverunt
1771 3558 2012 3622 equum,

2100 3535 2380 3621 ἀνομήσας
2420 3544 2664 3614 διακενῆς
2699 3564 2714 3579 ⁶
2767 3545 2906 3609 τινὲς
2958 3542 3013 3599 δὲ
3070 3548 3138 3619 τῇ
3187 3541 3428 3619 ἐπαύριον
3471 3538 3570 3605 τῆν
3627 3535 3751 3593 ὁδὸν

377 3632 480 3715 qui
536 3632 622 3696 ibi
677 3630 1052 3713 pascebatur,
1110 3638 1170 3693 et
1222 3628 1287 3691 in
1340 3628 1766 3693 monasterium
1824 3629 2019 3692 dedo-

2099 3634 2456 3716 διερχόμενοι,
2530 3638 2619 3694 καὶ
2688 3639 2776 3693 τὸν
2844 3635 3014 3692 ’ίππον
3083 3632 3429 3711 γνωρίσαντες
3499 3626 3585 3682 ἐπὶ
3652 3630 3753 3682 τοῦ

374 3713 618 3798 ierunt,
674 3720 920 3802 viroque
960 3719 1122 3802 justo
1181 3716 1341 3801 quod
1397 3735 1570 3780 suum
1630 3724 1756 3779 erat
1809 3716 2020 3780 reddi-

2100 3713 2264 3783 τόπου
2322 3713 2631 3801 νεμόμενον,
2706 3727 2838 3806 πρὸς
2904 3726 2966 3780 τὸ
3030 3722 3378 3799 μοναστήριον
3431 3713 3750 3772 διεσώσαντο

380 3810 617 3877 derent.

2101 3814 2190 3869 καὶ
2218 3811 2471 3870 ἀπέδοντο
2500 3821 2577 3888 τῷ
2604 3812 2790 3888 δικαίῲ
2816 3816 2877 3871 τὸ
2904 3812 3064 3874 ἴδιον.

462 3899 560 3964 70.
578 3899 710 3963 Alio
731 3915 969 3981 quoque
990 3895 1437 3980 temporemiles
1457 3893 1702 3976 quidam
1727 3895 2023 3978 profectus

2184 3890 2256 3963 0'.
2346 3899 2544 3959 Αλλοτε
2618 3901 2778 3959 πάλιν
2828 3907 2934 3959 τῶν
2990 3900 3323 3980 στρατιωτῶν
3364 3917 3445 3959 τις
3510 3894 3754 3973 ὁρμήσας

380 3995 472 4052 est
489 3988 686 4052 animo
713 3986 948 4050 furandi
973 4005 1190 4069 equum
1214 4003 1247 4048 e
1276 3984 1658 4059 monasterio,
1683 3994 1743 4047 et
1769 4004 1904 4047 cum
1935 3984 2022 4048 sol

2103 3991 2233 4070 πρὸς
2289 3991 2348 4046 τὸ
2409 3992 2499 4048 τὸν
2555 3990 2726 4049 ’ίππον
2795 3991 2900 4049 ἀπο
2955 4000 3048 4050 τοῦ
3105 3985 3456 4064 μοναστηρίου
3499 3981 3752 4055 συλῆσαι,

381 4079 507 4141 fere
529 4081 653 4159 jam
681 4077 980 4141 occideret
1029 4080 1091 4140 et
1145 4075 1248 4139 ille
1302 4094 1336 4139 e
1383 4074 1630 4155 regione
1677 4073 2022 4139 monasterii

2103 4069 2191 4134 καὶ
2241 4079 2357 4158 περὶ
2412 4076 2610 4155 δυσμὰς
2651 4077 2802 4148 ἡλίου
2857 4077 3021 4135 ἐλθὼν
3076 4081 3173 4142 τῆς
3205 4078 3372 4148 μονῆς
3402 4069 3453 4136 ἐξ
3489 4070 3753 4159 tuatim,

379 4158 587 4245 staret,
613 4167 881 4248 illudque
903 4165 1093 4229 oculis
1135 4163 1525 4245 proSpiceret,
1551 4170 1786 4227 noctem
1816 4182 2023 4244 exspe-

2102 4165 2239 4223 ὥστε
2310 4167 2400 4223 καὶ
2458 4167 2874 4249 ὀφθαλμοιραννῗὺς
2960 4166 3085 4223 αὖτὸ
3167 4161 3403 4240 βλέπειν,
3474 4158 3760 4237 ποριέμενε

383 4264 573 4334 etans,
605 4263 668 4317 ut
698 4247 987 4317 nocturno
1019 4261 1289 4348 tempore
1319 4252 1698 4315 tenebrarum
1727 4271 1875 4333 opus
1905 4253 2026 4315 etii-

2111 4255 2211 4323 τὴν
2242 4256 2421 4327 νύκτα,
2454 4247 2545 4313 ἵνα
2596 4255 2650 4312 ἐν
2706 4247 2881 4313 σκότει
2936 4256 3137 4330 ποιήσῃ
3193 4253 3254 4308 τὶ
3312 4249 3463 4329 ἔργον
3510 4254 3601 4303 τοῦ
3631 4247 3758 4304 σκιό-

385 4351 570 4407 ceret.
603 4342 749 4407 Cum
799 4362 940 4405 vero
1002 4349 1121 4404 tota
1174 4339 1276 4402 illa
1332 4346 1507 4402 nocte
1536 4340 2027 4422 perambulasset,

2112 4365 2260 4409 τους.
2295 4346 2664 4423 Περιπατήσας
2721 4343 2775 4400 δὲ
2829 4350 3003 4401 πᾶσαν
3043 4342 3141 4409 τὴν
3171 4339 3329 4397 νύκτα
3361 4337 3564 4403 ἐκείνην
3596 4334 3757 4395 0680'-

385 4451 691 4514 nunquam
740 4430 932 4513 potuit
961 4428 1324 4492 monasterio
1355 4428 1773 4511 propinquare,
1809 4429 1915 4492 sed
1944 4429 2033 4492 in-

2118 4430 2224 4497 λως
2256 4431 2449 4512 ἴσχυσε
2502 4440 2571 4511 τῇ
2630 4438 2765 4511 μονῇ
2810 4432 3173 4513 προσεγγίσαι,
3227 4425 3363 4483 ἀλλὰ
3415 4423 3759 4514 φάραγξιγκαὶ

387 4522 594 4585 cidens
621 4521 684 4582 in
715 4525 1010 4601 praerupta
1038 4526 1097 4580 et
1123 4535 1305 4599 rupes
1334 4517 1694 4596 inaccessas,
1724 4519 1868 4581 satis
1894 4537 2032 4599 poe-

387 4628 598 4672 narum
652 4617 709 4671 et
764 4607 984 4671 laboris
1038 4625 1245 4688 passus
1270 4612 1401 4671 est:
1463 4606 1570 4668 ubi
1623 4625 1761 4669 vero
1813 4606 2027 4683 illuxit,

385 4697 811 4765 monasterium
837 4703 972 4759 ante
992 4713 1057 4759 se
1071 4694 1241 4760 vidit.
1269 4697 1474 4777 Itaque
1504 4697 1889 4759 vehementer
1916 4695 2028 4758 ob-

391 4787 756 4870 stupefactus
785 4784 1093 4861 miraculo,
1127 4785 1297 4849 addit
1325 4784 1740 4867 paenitentiam
1770 4803 1953 4865 agens
1974 4792 2034 4849 et

392 4878 589 4961 palam
620 4875 939 4939 enuntians
959 4874 1052 4937 sui
1072 4874 1306 4937 consilii
1335 4874 1705 4957 pravitatem.
1734 4876 1852 4938 Per
1884 4874 2031 4937 illud

393 4978 631 5048 tempus
659 4963 982 5047 impiorum
1028 4962 1439 5045 Agarenoyum
1486 4961 1830 5026 incursione
1859 4962 2035 5026 deva-

392 5064 586 5120 stante
633 5053 966 5120 Calabriam
1017 5065 1079 5116 et
1132 5052 1333 5115 omnia
1359 5052 1765 5134 depraedante,
1797 5061 2036 5116 sanctus

393 5145 572 5210 Pater
597 5144 767 5208 Nilus
820 5143 884 5208 in
939 5160 1139 5205 arcem
1191 5160 1257 5204 se
1313 5141 1567 5204 contulit
1589 5160 1725 5203 cum
1753 5140 2035 5204 fratribus

394 5234 602 5317 ibique
621 5241 746 5296 tuto
768 5230 1151 5308 morabatur;
1196 5239 1320 5294 tres
1350 5248 1488 5317 vero
1512 5227 1801 5310 segregati
1821 5228 1895 5291 ab
1916 5229 2036 5293 illis

397 5316 749 5386 manserunt
776 5320 840 5382 in
869 5317 1259 5382 monasterio.
1293 5316 1567 5399 captique
1597 5325 1736 5379 sunt
1763 5335 1797 5379 a
1822 5319 2035 5381 Sarra-

401 5411 568 5475 cenis
600 5418 658 5473 et
697 5407 943 5473 abducti
995 5406 1061 5471 in
1091 5405 1382 5471 Siciliam.
1414 5406 1573 5480 Quos
1598 5414 1802 5470 tamen
1831 5405 2037 5472 beatus

472 5578 539 5631 ϐο
564 5576 733 5645 Prov.
761 5592 911 5657 ml,
942 5575 1043 5641 26.
1126 5575 1182 5628 ϐί
1213 5573 1435 5660 Ephes.
1463 5590 1548 5639 tv.
1578 5573 1679 5643 28.

2111 4533 2375 4600 κρημνοῖς
2433 4520 2666 4602 ἐντυχὼν
2736 4519 2973 4595 ἀϐάτοις,
3046 4517 3341 4598 ἀρκούντως
3412 4513 3731 4592 ἐταριχεόθη

2117 4601 2344 4689 Ἡμέρας
2414 4607 2470 4665 δὲ
2538 4601 2830 4689 γενομένης
2901 4609 3212 4687 ἔμπροσθεν,
3246 4604 3431 4663 αὒτοῦι
3456 4604 3515 4658 τὸ
3554 4623 3723 4689 ,μονα

2113 4688 2326 4779 στήριον
2357 4697 2499 4756 εἶδεν
2534 4688 2561 4732 ’⁷
2606 4701 2694 4756 καὶ
2749 4702 2825 4773 τῲ
2878 4699 3100 4779 θαύματι
3150 4691 3345 4775 σρόδρα
3372 4688 3759 4768 καταπλαγεὶς,

2113 4789 2278 4866 εἰσῄει
2334 4795 2630 4870 μετανοῶν,
2700 4790 2789 4847 καὶ
2857 4787 2957 4855 τῆν
3004 4772 3224 4843 ὀἰκείαν
3283 4779 3732 4858 ἐξομολογούμενο

2112 4875 2482 4941 κακοϐουλίαν.
2518 4869 2712 4953 Ἐνίτῷ
2754 4876 2920 4957 καιρῷ
2970 4872 3153 4948 ἐκείνῷ
3208 4869 3600 4957 ἐπιδραμόντων
3655 4874 3764 4925 τῶν

2115 4966 2280 5023 ἀθέων
2350 4964 2658 5047 Ἀγαρηνῶν
2728 4964 2805 5041 τῷ
2848 4954 3057 5042 caput
3138 4965 3236 5027 τῆς
3296 4954 3645 5047 Καλαϐρίαςρ
3675 4958 3765 5013 καὶ

2115 5055 2288 5113 πάντα
2355 5043 2701 5136 λε’ίζομένων,
2761 5057 2790 5111 6
2835 5053 2929 5130 μὲν
2986 5052 3130 5114 ὅσιος
3186 5047 3368 5125 Πατὴρ
3409 5047 3469 5102 τὸ
3520 5043 3766 5136 φρούριον

2115 5141 2429 5202 καταλαϐὼν
2486 5130 2577 5201 σὺν
2632 5130 2751 5208 τοῖς
2819 5140 3067 5223 ἀδελφοῖς
3140 5136 3414 5207 διεσώζετο
3447 5149 3462 5165 ⁸
3506 5146 3655 5223 τρεῖς
3711 5130 3767 5188 δὲ

2117 5230 2168 5299 ἐξ
2236 5232 2406 5291 αὐτῶν
2461 5231 2798 5313 ἰδιοῤῥύθμως
2849 5221 3403 5312 προσκαρτερήσαντες
3456 5221 3533 5297 τῷ
3590 5243 3766 5313 μονα-

2116 5322 2314 5401 στηρίῳ
2368 5324 2470 5379 ὑπὸ
2525 5308 2630 5379 τῶν
2686 5308 3071 5402 νΣαρῥακηνῶνή
3107 5316 3513 5402 ἐκρατήθησαν,
3553 5312 3641 5366 καὶ
3711 5308 3766 5402 ἐν

2119 5400 2333 5483 Σικελίᾳ
2402 5409 2748 5493 ἀπήχθησαν.
2784 5400 2815 5402 ’ν
2842 5418 3027 5489 Εκρινε
3095 5415 3219 5486 γοῦν
3289 5406 3318 5461 6
3375 5400 3632 5478 μακάριος
3687 5400 3765 5474 μὴ
