3966 6148
293 260 391 329 ὶῖθ

1585 272 1772 340 VITA
1813 270 1874 334 S.
1920 266 2087 334 NILI
2126 264 2496 333 IUNIORIS.

3578 266 3724 334 Δ130

311 398 703 462 ἆιπαποξιδώσὶ
729 427 837 481 μοι
894 407 1069 480 κακὰ,
1136 429 1165 462 ι
1224 408 1470 482 πείσομαι
1531 404 1649 464 τόδε
1702 407 1792 462 καὶ
1848 401 1987 461 τόδε.

2087 398 2441 461 :onsideravi
2472 406 2530 460 et
2560 398 2873 460 meditatus
2900 414 3029 459 sum
3062 399 3394 465 oralionem
3426 399 3718 463 labiorum

323 492 412 550 Καὶ
438 511 455 525 ⁸
511 493 716 573 Κρῖνόν
765 516 872 570 με,
946 496 1133 574 Κύριε,
1188 497 1325 552 κατὰ
1379 492 1709 562 δικαιοσύνην
1756 516 1879 571 μου,
1908 493 1994 550 καὶ

332 583 455 638 κατὰ
477 583 576 649 τὴν
608 582 844 641 ἆκακίαν
879 606 1013 659 μου,
1048 586 1077 640 6
1109 584 1259 647 Θεός.
1298 607 1323 639 ι
1380 585 1478 643 Καὶ
1526 583 1607 640 ὅτι
1659 581 1937 663 Ἐμφανῶς
1966 583 1994 638 6

339 673 460 736 Θεὸς
484 670 598 739 ἥξει
628 689 643 701 ·
679 693 710 732 ι
744 673 842 729 καί
871 692 888 707 ⁶
936 696 958 727 ς
999 674 1073 729 Οὔ
1093 674 1564 752 παρασιωπήσεται
1590 678 1607 704 ⁸
1639 681 1740 751 πῦρ
1770 671 1993 727 ἐνώπιον

342 761 490 817 αὐτοῦ
539 763 891 841 καυθήσεται,
950 762 1041 818 καὶ
1096 760 1312 841 φλογιετ
1365 760 1543 835 κύκλῳ
1596 762 1718 826 τοὺς
1762 760 1993 841 ’ἐχθροὺς

336 854 521 910 αὖτοῦ.
558 874 586 906 δ

872 810 891 842 9

494 1106 508 1127 Ι
640 1125 661 1135 ’⁸
1302 1117 1314 1139 ι
1795 1113 1816 1138 ⁷
1940 1118 1952 1139 '

422 1140 483 1181 ος
509 1160 527 1177 .
559 1128 733 1177 Ταντα
761 1120 850 1176 καὶ
893 1121 960 1176 τὰ
1010 1118 1170 1192 ὅμοια
1227 1138 1431 1179 τουτοις
1485 1115 1735 1187 ἐννοήσας
1767 1116 1990 1197 ἒςερχο..

335 1206 476 1280 μενά
531 1230 637 1282 μου
694 1215 799 1265 τῶν
854 1207 1110 1289 χειλέων⁷
1178 1207 1509 1275 κατανοήσας
1567 1203 1622 1262 δὲ
1678 1205 1902 1281 ἐμαυτὸν
1927 1208 1992 1262 τὰ

333 1293 552 1351 ἐναντία
608 1298 927 1375 πράττοντα
958 1298 1179 1370 τούτων,
1242 1292 1473 1374 ἐφοϐήθη
1533 1317 1633 1370 μου
1689 1297 1725 1364 ἡ
1783 1292 1988 1374 καρδία,

333 1385 431 1438 καὶ
457 1384 753 1462 ἐτρόμαξαν
782 1388 848 1441 τὰ
876 1388 1005 1443 ὁστᾶ
1057 1408 1181 1464 μου,
1240 1387 1275 1453 ἡ
1331 1381 1385 1440 δὲ
1441 1385 1596 1464 ἰσχὺς
1624 1390 1727 1440 τῶν
1757 1385 1992 1460 γονάτων

334 1493 446 1546 μου
471 1473 725 1529 intexit-us
780 1497 880 1550 μου
932 1474 1225 1554 ἐταράχθη,
1284 1472 1420 1529 ὥστε
1476 1478 1665 1540 στῆναι
1724 1475 1800 1548 μὴ
1831 1469 1992 1529 δύνα-

334 1563 483 1621 σθαι.
535 1560 629 1617 Ἐν
684 1562 850 1639 ταύτῃ
907 1563 1076 1619 τοίνυν
1134 1569 1201 1638 τῇ
1255 1567 1352 1628 τῆς
1404 1560 1630 1637 θλίψεως
1689 1584 1789 1636 μου
1818 1561 1993 1639 ἡμέρᾳ

2075 505 2365 551 meorum.
2425 485 2543 550 Oro
2589 497 2789 549 autem
2849 489 2964 550 hoc
3026 495 3246 569 pacto:
3315 515 3342 546 α
3394 488 3457 552 Si
3486 490 3722 554 reddidi

2073 576 2541 638 retribuentibus
2570 576 2715 638 mihi
2750 576 2900 639 mala
2919 578 2997 658 72,
3024 603 3049 633 ι)
3102 578 3226 640 haec
3257 586 3316 639 et
3344 579 3469 641 haee
3501 580 3718 660 patiar:

2078 672 2172 727 et:
2231 688 2255 722 α
2305 665 2516 728 Judica
2565 684 2684 746 me,
2744 666 3020 738 Domine,
3074 667 3405 730 secundum
3428 668 3721 748 justitiam

2082 763 2345 816 meamet
2366 756 2695 817 secundum
2718 757 3119 819 innocentiam
3146 774 3361 830 meam,
3396 758 3553 819 Deus
3568 761 3659 821 73:
3691 784 3717 814 ι

2074 850 2133 903 et
2157 861 2170 906 :
2205 868 2230 898 α
2257 842 2413 904 Deus
2442 844 2756 905 manifeste
2779 846 3051 909 venietet
3074 866 3189 907 non
3213 846 3448 927 silebit;
3480 847 3633 927 ignis
3661 848 3723 909 in

2076 942 2394 1010 conspectu
2436 933 2564 1013 ejus
2605 932 2956 995 exardescet
2998 944 3055 997 et
3094 934 3486 997 inﬂammabit
3514 938 3573 998 in
3603 936 3721 999 cir-

2074 1018 2235 1079 cuitu
2266 1019 2544 1082 inimicos
2573 1021 2704 1100 ejus
2732 1022 2817 1085 74.
2856 1047 2883 1078 ιο

2152 1107 2252 1170 76,
2288 1110 2431 1170 Ηωο
2461 1117 2519 1169 et
2550 1110 2769 1171 similia
2817 1111 2957 1172 dum
3014 1111 3265 1192 proferri
3297 1131 3402 1193 per
3430 1131 3498 1175 os
3527 1134 3722 1176 meum

2074 1196 2412 1272 considero,
2439 1206 2497 1258 et
2517 1216 2551 1258 a
2574 1217 2667 1259 me
2694 1199 2822 1260 ﬁeri
2862 1201 3161 1263 contraria
3197 1201 3365 1263 video
3407 1203 3602 1264 timuit
3622 1223 3727 1266 cor

2076 1302 2271 1345 meum
2308 1294 2360 1346 et
2393 1295 2879 1350 contremuerunt
2911 1309 3043 1351 ossa
3058 1290 3450 1352 meaelrobur
3465 1311 3721 1371 genuum

2078 1391 2346 1436 meorum
2379 1375 2582 1436 subter
2612 1378 3027 1439 conturbatum
3059 1388 3172 1453 est,
3207 1380 3285 1440 ita
3317 1387 3382 1442 ut
3408 1390 3565 1443 stare
3606 1401 3721 1443 non

2076 1480 2313 1541 queam.
2347 1462 2412 1524 In
2446 1464 2554 1526 hac
2606 1465 2787 1544 igitur
2833 1467 3148 1529 afﬂctionis
3204 1487 3351 1530 mea;
3403 1469 3499 1531 die
3529 1469 3721 1546 video,

2080 1570 2195 1612 non
2227 1552 2339 1613 alia
2370 1555 2598 1616 ratione
2632 1575 2723 1617 me
2757 1574 2931 1637 posse
2984 1561 3313 1637 quiescere,
3348 1567 3725 1640 tremoreque

335 1653 438 1707 οῦκ
500 1648 681 1714 ἄλλως
751 1649 915 1729 ἔγνων
982 1651 1279 1717 άναπαῆναι
1336 1653 1424 1707 καὶ
1478 1650 1851 1728 ἀπαλλαγῆναι
1906 1659 1999 1708 τοῦ

2087 1658 2146 1701 ac
2181 1641 2395 1702 timore
2426 1642 2690 1717 liberari,
2723 1645 2838 1706 nisi
2897 1647 3279 1708 ascendendo
3312 1647 3472 1718 illuc,
3509 1647 3605 1709 ubi
3637 1655 3726 1710 est

667 1711 677 1714 _
791 1711 803 1729 ,
1182 1711 1194 1717 -
1708 1711 1766 1728 ,-

332 1737 543 1816 τρόμου
570 1760 628 1794 τε
657 1741 744 1796 καὶ
771 1750 864 1799 τοῦ
919 1737 1103 1821 φόϐου,
1157 1741 1201 1795 εἷ
1257 1739 1334 1815 μὴ
1389 1738 1443 1794 ἐν
1497 1746 1574 1813 τῷ
1621 1736 1877 1806 ἀναϐῆναι
1929 1760 1996 1814 με

2087 1729 2331 1809 populus
2387 1732 2885 1809 peregrinationis
2944 1753 3112 1815 meae,
3167 1734 3267 1796 ubi
3324 1744 3463 1798 sunt
3517 1754 3725 1797 omnes

332 1825 465 1883 ἔνθα
510 1830 540 1884 6
600 1827 729 1893 ὶαὸς
784 1835 883 1897 τῆς
942 1828 1191 1895 ξενιτείας
1252 1851 1351 1905 μου
1387 1844 1401 1858 ”
1462 1828 1594 1885 ὅπου
1648 1831 1744 1884 εἶσὶ
1803 1828 1995 1892 πάντες

334 1914 480 1980 ξένοι
510 1919 603 1973 καὶ
628 1917 1009 1999 παρεπίδημοι,
1069 1921 1156 1976 καὶ
1209 1921 1271 1975 τὸ
1331 1917 1621 1993 πολίτευμα
1669 1917 1719 1974 ἐν
1754 1920 1997 1996 οὖρανοϊς

335 2002 569 2083 ’ἔχοντες
607 2022 622 2036 ⁸
656 2009 704 2061 οἱ
734 2004 900 2082 μηδὲν
930 2006 1147 2088 ἔχοντες
1175 2005 1332 2081 ἴδιον,
1392 2007 1479 2063 καὶ
1529 2007 1700 2062 πάντα
1730 2005 1997 2086 κατέχον-

334 2114 429 2155 τες
465 2113 481 2127 ·
541 2093 669 2150 διότι
732 2097 768 2162 ἡ
821 2102 954 2163 συκῆ
1014 2119 1139 2177 μου,
1194 2097 1282 2153 καὶ
1337 2097 1372 2163 ἡ
1431 2094 1578 2151 ἐλαία
1637 2117 1758 2174 μου,
1818 2097 1906 2151 καὶ
1960 2096 1995 2163 ἡ

338 2179 614 2262 ἄμπελος,
672 2186 762 2239 καὶ
816 2185 882 2240 τὰ
936 2186 1110 2254 κτήνη
1161 2207 1260 2260 μου
1317 2181 1459 2240 οῶἑν
1518 2205 1583 2259 με
1637 2184 1998 2263 ὠφελὴσουσιν

338 2268 396 2324 ἐν
425 2270 610 2345 ἡμέρᾳ
653 2271 906 2353 θλίψεως,
966 2271 1081 2332 οῦδὲ
1139 2274 1271 2349 μετὰ
1325 2273 1546 2331 θάνατόν
1603 2295 1692 2348 μοι
1722 2294 1999 2352 καρποφο-

339 2358 588 2435 ρήσουσι.
623 2362 680 2417 Εἰ
708 2358 762 2416 δὲ
790 2363 1003 2432 ποιήσω
1045 2364 1073 2419 ὃ
1128 2361 1539 2437 ἐϐουλευσάμην,
1608 2360 2001 2440 ἀγαλλιάσομαι

342 2448 468 2503 τότε
515 2448 571 2516 ἐν
627 2456 704 2523 τῷ
758 2451 949 2528 Κυρίῳ,
1008 2454 1321 2531 χαρήσομαι
1376 2450 1460 2508 ἐπὶ
1513 2458 1591 2526 τῷ
1646 2459 1760 2526 θεῷ
1792 2453 2003 2532 Σωτῆρί

350 2559 476 2610 μου.
538 2538 737 2594 Τούτου
806 2537 861 2594 δὲ
918 2539 1082 2604 οὕτως
1132 2540 1509 2620 ἑρμηνυθέντος
1565 2542 1702 2597 κατὰ
1757 2543 1854 2608 τὴν
1908 2552 2000 2600 τοῦ

298 2630 303 2633 ⁷
346 2624 535 2689 ἠθικοῦ
593 2625 964 2705 τροπολογίαν,
1036 2626 1181 2707 λέγει
1251 2631 1381 2709 πρὸς
1436 2632 1527 2685 τὸν
1586 2627 1731 2685 ὅσιον
1783 2628 1941 2692 ἄλλος
1977 2646 1990 2660 '

2077 1817 2315 1879 advenae
2338 1827 2393 1879 et
2416 1821 2739 1900 peregrini,
2775 1840 3024 1902 quorum
3056 1825 3424 1886 conversatio
3452 1825 3513 1886 in
3560 1825 3725 1887 cmlis

2079 1914 2192 1980 est,
2227 1907 2326 1988 qui
2360 1909 2583 1989 proprii
2615 1909 2765 1970 nihil
2812 1911 3031 1973 habent
3080 1921 3137 1974 et
3166 1915 3364 1975 omnia
3394 1915 3716 1994 possident.

2078 1993 2223 2055 Nam
2256 1996 2405 2058 ﬁcus
2437 2017 2568 2060 mea
2597 2009 2655 2060 et
2683 2000 2814 2061 olea
2845 2019 3000 2064 mea.
3060 2010 3122 2063 et
3169 2001 3342 2064 vinea
3376 1993 3433 2064 et
3456 2004 3727 2083 jumenta

2080 2102 2212 2145 mea
2241 2086 2388 2147 nihil
2422 2086 2564 2148 mihi
2599 2088 2927 2168 proderunt
2969 2091 3027 2150 in
3081 2089 3180 2151 die
3237 2091 3572 2159 afﬂctionis.
3611 2110 3723 2153 ne-

2082 2191 2198 2252 que
2229 2183 2359 2254 post
2417 2188 2668 2238 mortem
2735 2178 2877 2238 mibi
2931 2178 3506 2257 fructum,aﬂ‘erent.
3543 2182 3722 2243 Porro

2085 2263 2131 2324 si
2168 2263 2401 2337 faciam,
2427 2264 2581 2345 quod
2606 2265 2877 2345 cogitavi,
2912 2275 3052 2329 tunc
3077 2266 3136 2327 in
3161 2266 3411 2328 Domino
3450 2268 3722 2344 gaudebo

2085 2358 2144 2410 et
2173 2353 2476 2414 exsultabo
2508 2353 2568 2413 in
2615 2353 2740 2415 Deo
2785 2355 3024 2416 salutari
3084 2373 3239 2416 meo.
3273 2354 3395 2416 Hac
3428 2356 3633 2418 morali
3665 2365 3724 2418 et

2086 2440 2448 2521 tropologica
2478 2442 2888 2520 explanatione
2918 2444 3053 2504 data
3073 2442 3509 2523 (64),sanctum
3535 2449 3719 2506 virum

2082 2527 2469 2608 interrogavit
2491 2530 2642 2591 alius
2665 2551 2678 2591 :
2705 2530 2766 2594 Si
2800 2550 2892 2593 me
2926 2533 3135 2604 mittat,
3162 2533 3505 2594 venerande
3524 2532 3715 2603 Pater,

2079 2617 2259 2677 abbas
2289 2621 2359 2678 ad
2396 2618 2818 2689 ministerium,
2856 2640 2924 2682 ex
2984 2640 3100 2701 quo
3159 2641 3274 2681 non
3309 2622 3593 2683 mediocri
3625 2623 3724 2683 lae-

345 2709 504 2785 Ἰδοὺ,
561 2704 705 2790 τῖμιε
759 2716 952 2796 Πάτερ,
1011 2704 1404 2792 ἀποστέλλομαι
1461 2718 1604 2797 παρὰ
1629 2727 1727 2776 ταῦ
1755 2714 1888 2775 ἁὸϐᾶ
1918 2720 1991 2783 εἰς

2087 2704 2245 2767 sione
2275 2707 2520 2779 alliciar,
2543 2708 2793 2787 jubente
2811 2710 3036 2788 regula,
3067 2710 3392 2789 parendum
3417 2728 3549 2771 esse
3571 2711 3719 2772 nihil

343 2799 635 2878 διακονίαν,
668 2802 720 2868 ἐξ
770 2806 840 2870 ἧς
1011 2807 1201 2885 μικρὰν
1250 2803 1452 2882 βλάϐην
1508 2794 1755 2881 ὑπομένω
1786 2821 1801 2835 ⁸
1864 2807 1892 2862 6
1938 2804 1991 2863 δὲ

2087 2794 2471 2885 iijudicando,
2521 2796 2743 2873 nescio,
2772 2806 2968 2885 utrum
3001 2798 3142 2859 mihi
3166 2798 3592 2878 prasierendum
3618 2799 3715 2860 sit.

344 2892 523 2947 κανὼν
589 2892 949 2972 παραγγέλλει
1019 2883 1255 2960 ὑπάκοὴν
1325 2893 1619 2975 ἀδιάκριτον
1689 2893 1860 2975 ἔχειν.
1933 2897 1994 2953 Τί

2087 2884 2401 2975 Respondit
2428 2886 2646 2975 Pater:
2710 2908 2734 2943 ι
2796 2884 3067 2960 Obedite,
3128 2886 3320 2967 inquit
3372 2887 3714 2967 Apostolus,

344 2979 433 3035 ὧν
501 2986 836 3058 προτιμῆσαι
904 2989 1010 3039 τῶν
1069 2983 1378 3065 ἀμφοτέρων
1451 2972 1546 3041 οῦκ
1619 2972 1767 3043 οῖδα..
1830 2975 1887 3041 Ὀ
1944 2982 1998 3040 δὲ

2087 2972 2408 3065 przepositis
2427 2974 2662 3065 vestris,
2692 2984 2751 3065 et
2775 2976 3080 3056 subjacete
3105 2976 3215 3057 eis,
3246 2976 3362 3065 ipsi
3395 2976 3552 3037 enim
3578 2994 3716 3057 per-

346 3069 533 3149 Πατὴρ
605 3068 708 3151 ἔφη
738 3088 756 3106 ο
828 3073 1068 3129 Πείθεσθε
1136 3087 1254 3138 τοῖς
1323 3073 1638 3153 ἡγουμένοις
1708 3074 1855 3149 ὑμῶν
1906 3074 1996 3130 καὶ

344 3158 609 3238 ὑπείκετε³
671 3161 818 3217 αὐτοὶ
874 3162 975 3241 γὰρ
1041 3161 1384 3242 ἀγρυπνοῦσιν
1445 3161 1573 3242 ὑπὲρ
1642 3168 1747 3219 τῶν
1804 3166 1995 3242 ψυχῶν

346 3246 513 3321 iusin,
564 3250 642 3311 ὡς
692 3247 852 3329 λόγον
909 3248 1296 3333 ἀποδώσοντες,
1355 3253 1512 3332 φησὶν
1560 3255 1588 3309 6
1644 3249 1991 3315 Ἀποστό).ος.

346 3336 528 3391 τοένυν
554 3338 727 3411 ἡμεῖς
787 3338 957 3394 πάντα
1009 3340 1076 3396 τὰ
1128 3346 1227 3409 τῆς
1282 3339 1494 3421 καρδίας
1549 3343 1696 3417 ὑμῶν
1741 3347 1818 3416 τῷ
1859 3337 1994 3413 ἀϐϐᾷ

346 3421 893 3507 ἔξομολογησάμενοι,
967 3429 1044 3502 τῷ
1096 3431 1307 3508 κρίματι
1364 3430 1521 3485 αὐτοῦ
1568 3430 1629 3487 τὸ
1678 3435 1780 3485 πᾶν
1832 3450 1995 3485 κατα-

345 3510 625 3588 λείψομεν,
687 3515 856 3571 Πάλιν
909 3517 997 3573 οὗν
1042 3518 1216 3598 ἓτερος
1273 3519 1425 3576 εἶπεν
1459 3538 1474 3552 ο
1534 3517 1657 3574 ’μὰν
1714 3515 1851 3582 ἅπαξ
1905 3524 1997 3574 τοῦ

345 3600 493 3664 ἔτους
542 3601 866 3681 συγκαταϐὦ
918 3613 996 3681 τῷ
1050 3607 1255 3683 σώματί
1310 3630 1411 3685 μου
1470 3608 1557 3664 καὶ
1607 3607 1995 3686 κρεωφαγήσω,

348 3691 425 3765 μὴ
453 3692 503 3747 τί
529 3713 665 3749 ποτε
710 3692 845 3749 ἐστίν
879 3714 895 3775 ;
955 3687 1013 3754 Ὀ
1063 3695 1206 3760 ὅσιος
1263 3696 1516 3776 ἀπεκρίθη
1550 3715 1566 3729 ·
1629 3697 1728 3753 Καὶ
1756 3697 1799 3751 εἰ
1826 3695 1998 3751 πάντα

347 3780 437 3834 τὸν
520 3780 733 3867 χρόνον
819 3783 1089 3867 ὑγιαίνων³
1175 3784 1229 3841 ἐν
1322 3792 1419 3862 μιᾷ
1486 3785 1597 3865 ὥρᾳ
1664 3784 1996 3863 κρημνισθεὶς

348 3866 615 3934 κατεάξης
689 3871 751 3926 τὸ
816 3870 1025 3949 σκέλος,
1076 3866 1144 3929 γτί
1208 3874 1370 3931 κακόν
1439 3873 1623 3952 ἐστινς
1684 3880 1857 3930 Ταῦτα
1910 3872 1998 3927 καὶ

350 3955 572 4014 πλείονα
602 3960 802 4015 τούτων
857 3961 962 4018 ἀπὸ
1024 3968 1241 4044 Γραφῶν
1294 3959 1670 4044 προϐάλόντες,
1714 3961 1995 4041 ἠρώτησαν

348 4046 435 4099 καὶ
614 4051 719 4113 τῆς
774 4060 867 4108 τοῦ
920 4042 1193 4111 Σαϐϐάτου
1246 4042 1511 4119 νηστειας,
1573 4042 1631 4109 Ὀ
1660 4048 1716 4106 δὲ
1745 4050 1996 4125 σύντομον

352 4131 631 4212 ἀπόκρισιν
685 4133 911 4202 δεδοκὼς
967 4143 1173 4215 αὐτοῖς,
1231 4139 1518 4218 ἀπαλλάγη
1574 4140 1735 4196 εἰπὼν
1768 4156 1783 4171 ⁸
1852 4158 1877 4194 α
1941 4128 1999 4195 ’0

352 4219 534 4308 ἐσθίων
605 4224 698 4280 τὸν
757 4225 835 4295 μὴ
877 4226 1110 4286 ἐσθίοντα
1162 4230 1238 4305 μὴ
1291 4229 1636 4308 ἐξονθενείτω⁷
1694 4228 1783 4284 καὶ
1838 4228 1866 4282 6
1924 4226 2001 4302 μὴ

352 4307 534 4365 ἱσθιῖων
562 4313 657 4368 τὸΑ
687 4313 923 4371 ἐσθίοντα
978 4318 1056 4392 μὴ
1110 4317 1351 4397 κρινέτω,
1412 4321 1440 4375 6
1496 4307 1630 4381 Θεὸς
1680 4317 1780 4396 γὰρ
1808 4314 1988 4395 ἀμφο-

356 4397 532 4476 τέρους
560 4400 942 4480 προσελάϐετο.
978 4427 1008 4461 ι
1043 4408 1114 4462 Σὺ
1142 4405 1197 4463 δὲ
1257 4405 1392 4464 διατί
1444 4410 1633 4487 κρίνεις
1662 4406 1754 4464 τὸν
1783 4401 2002 4483 ἀδελφόν

354 4508 448 4543 σου
479 4509 497 4569 ς
530 4489 663 4547 Εἴτε
693 4492 784 4547 οὖν
814 4492 1050 4571 ἐσθίομεν
1103 4498 1290 4573 ἡμεῖς,
1351 4494 1463 4553 εἴτε
1517 4497 1672 4572 ὑμεῖς
1702 4493 1997 4569 νηστεύετε²

353 4576 525 4662 πάντα
553 4580 630 4642 εἰς
660 4576 812 4645 δόξαν
844 4590 975 4640 Θεοῦ
998 4595 1270 4662 ποιοῦμεν.

434 4656 537 4737 (ιζ’.
574 4669 633 4724 Ei
662 4666 718 4724 δέ
769 4692 820 4726 τι
848 4656 1262 4749 ἐπιλαμϐάνεσθε
1316 4676 1493 4755 ἡμῶν⁷
1553 4672 1682 4730 διότι
1739 4673 1801 4729 τὸ
1854 4666 2001 4727 Σάϐ-

353 4750 515 4811 ϐατον
543 4757 605 4813 οὗ
632 4761 978 4837 νηστεύομεν,
1009 4761 1230 4840 βλέπετε
1285 4766 1361 4840 μή
1419 4750 1533 4828 πως
1592 4765 1831 4843 εὑρεθῆτε
1884 4772 2001 4823 τοῖς

2077 3060 2321 3141 vigilant
2376 3063 2543 3143 quasi
2599 3063 2890 3126 rationein
2965 3084 3071 3146 pro
3143 3064 3453 3127 animabus
3509 3066 3721 3128 vestris

2076 3149 2368 3212 reddituri
2396 3152 2479 3213 75.
2512 3176 2540 3207 ιο
2593 3153 2716 3214 Vos
2763 3153 2962 3234 igitur,
2994 3153 3095 3214 ubi
3124 3162 3318 3217 vestro
3347 3153 3545 3216 abbati
3573 3172 3721 3234 ape-

2076 3239 2316 3301 rueritis
2344 3240 2543 3302 omnia
2573 3242 2773 3303 cordis
2824 3242 2999 3303 vestri
3049 3261 3282 3317 arcana,
3329 3243 3558 3322 judicio
3589 3244 3721 3323 ejus

2075 3335 2260 3389 totum
2291 3330 2667 3411 permittatis.
2700 3328 2835 3393 Post
2867 3333 2993 3393 haec
3020 3331 3176 3394 alius
3223 3332 3405 3393 dixit:
3441 3331 3504 3394 Si
3534 3331 3721 3394 semel

2075 3437 2183 3499 per
2211 3425 2402 3480 totum
2433 3419 2575 3481 anni
2595 3420 2955 3482 curriculum
2980 3422 3281 3484 indulsero
3305 3420 3541 3501 corpori
3560 3440 3718 3497 meo,

2080 3514 2138 3567 et
2165 3525 2405 3569 carnem
2462 3511 2805 3583 comedero,
2851 3510 2991 3591 quid
3048 3510 3282 3571 tandem
3315 3510 3427 3571 hoc
3458 3508 3624 3571 erit?
3651 3507 3724 3571 Et

2078 3605 2318 3657 sanctus
2343 3596 2546 3658 Pater:
2569 3598 2643 3660 Et
2681 3597 2733 3659 si
2776 3617 2882 3680 per
2903 3607 3084 3661 totum
3110 3606 3341 3680 tempus
3365 3598 3521 3660 bona
3548 3607 3724 3661 utens

2081 3684 2438 3761 valetudine,
2460 3704 2580 3749 una
2604 3688 2751 3748 hora
2797 3705 3060 3768 praeceps
3087 3687 3269 3749 cadas
3306 3694 3363 3749 et
3393 3706 3528 3748 crus
3555 3686 3719 3748 fran-

2080 3792 2202 3852 gas,
2236 3773 2377 3854 quid
2416 3775 2555 3837 mali
2586 3776 2747 3838 erit?
2795 3778 2934 3838 llaec
2983 3785 3041 3838 et
3096 3776 3269 3857 plura
3293 3776 3369 3838 de
3398 3775 3722 3856 Scripturis

2080 3881 2214 3923 cum
2253 3863 2683 3944 quaesivissent,
2711 3863 3155 3943 interrogarunt
3182 3863 3364 3927 etiam
3396 3865 3470 3925 de
3491 3863 3723 3943 jejunio

2076 3952 2480 4032 Sabbati(65).
2506 3952 2614 4014 Ille
2639 3972 2777 4014 vero
2800 3952 3371 4033 brevirespon~ione
3384 3961 3724 4030 contentus,

2080 4041 2191 4102 hoc
2214 4041 2388 4103 modo
2414 4059 2479 4104 se
2499 4040 2816 4122 expedivit.
2846 4063 2874 4103 ι
2898 4042 3007 4115 Qui
3045 4041 3383 4117 manducat,
3403 4060 3521 4103 non
3549 4060 3723 4103 mau-

2082 4130 2394 4192 ducantem
2416 4151 2533 4193 non
2553 4138 2845 4211 spermat;
2868 4141 2929 4194 et
2945 4131 3047 4213 qui
3069 4149 3186 4192 non
3208 4131 3549 4206 manducat,
3565 4149 3725 4193 man-

2085 4218 2399 4281 ducantem
2421 4239 2539 4282 non
2558 4220 2815 4300 iudicet;
2842 4223 2998 4284 Deus
3022 4219 3180 4282 enim
3204 4226 3487 4301 utrosque
3503 4239 3727 4283 assum-

2089 4308 2203 4389 psit
2228 4308 2310 4371 76.
2340 4333 2369 4364 »
2429 4310 2513 4371 Tu
2544 4317 2739 4372 autem
2772 4328 2956 4390 quare
2982 4309 3218 4390 judicas
3249 4309 3489 4371 fratrem
3518 4312 3728 4372 tuum?

2085 4396 2220 4460 Sive
2273 4398 2458 4476 igitur
2512 4397 2879 4460 comedimus
2936 4417 3044 4459 nos
3084 4398 3210 4462 sive
3255 4398 3541 4478 jejunatis
3600 4415 3726 4481 vos,

2084 4485 2284 4549 omnia
2308 4487 2372 4548 in
2403 4487 2510 4550 Dei
2539 4489 2789 4567 gloriam
2818 4487 3067 4567 agimus.

2160 4665 2264 4728 7'7.
2295 4662 2461 4738 Quod
2493 4663 2544 4726 si
2566 4664 2760 4726 adhuc
2787 4664 3248 4747 reprehenditis,
3283 4665 3440 4746 quod
3473 4664 3727 4729 Sabbato

2082 4773 2201 4818 non
2226 4754 2590 4834 jejunamus,
2623 4764 2844 4833 cavete,
2877 4773 2953 4817 ne
2981 4754 3201 4817 sanctis
3221 4754 3492 4817 Patribus
3521 4754 3729 4818 adver-

434 4913 500 4965 73
523 4914 685 4984 Psal.
714 4935 820 4999 vn,
849 4921 912 4984 5.
996 4921 1051 4966 73
1077 4922 1209 4987 Ibid
1232 4923 1294 4986 9.
1379 4924 1441 4975 74
1468 4922 1619 4986 Psal.
1649 4937 1811 5000 xux,
1843 4920 1906 4984 3.
1987 4919 2051 4971 75
2078 4915 2260 4993 Hebr,
2289 4931 2416 4993 xm,
2456 4915 2551 4979 17.
2636 4913 2699 4964 76
2726 4912 2896 4977 Rom.
2927 4932 3048 4994 xw,
3081 4915 3142 4978 3.

1739 5079 1985 5147 Joannis
2011 5078 2137 5145 Clei
2165 5086 2347 5141 notae.

440 5214 571 5303 (δέ)
604 5214 999 5303 Tropologica
1014 5217 1116 5283 illa
1127 5217 1540 5303 interpretatio
1563 5224 1654 5282 est
1670 5233 1815 5281 sane
1831 5213 2004 5298 paulo

361 5292 597 5363 longius
624 5292 937 5363 accersita.

404 5316 459 5356 In
524 5316 597 5359 ns
624 5316 937 5363 accersita.

404 5455 421 5468 ,
443 5316 861 5473 (ἓξὶιᾼηεὶειιιε
888 5380 1229 5473 admodum.
1240 5387 1331 5447 est
1358 5378 1719 5473 innEccl‘esia
1740 5375 1816 5473 de
1841 5374 2005 5456 jeju-

362 5457 462 5519 nio
491 5457 731 5524 Sabbati
764 5457 929 5524 inter
971 5459 1302 5526 Orientales
1333 5471 1391 5525 et
1419 5459 1829 5525 Occidentales
1857 5473 2005 5517 con-

365 5538 654 5629 troversia
672 5543 1091 5629 contrariaque
1122 5543 1185 5629 in
1216 5542 1465 5629 diversis
1487 5539 1759 5629 ecclesiis
1788 5535 2005 5629 obser-

364 5619 583 5694 vantia,
612 5629 679 5683 ut
719 5622 953 5702 exMSS.
995 5619 1312 5697 'Ambrosii
1371 5630 1431 5686 et
1487 5619 1806 5702 Augustini
1831 5619 2008 5679 variis

365 5703 514 5767 locis
541 5703 755 5786 liquet.
790 5700 1046 5784 Vigebat
1072 5705 1134 5771 in
1160 5702 1425 5772 Ecclesia
1449 5700 1722 5769 Romana
1748 5713 2009 5764 consue-

2089 5212 2228 5275 tudo
2257 5212 2355 5275 die
2383 5209 2485 5273 illo
2502 5208 2812 5293 jejunandi
2831 5208 2955 5293 jam
2971 5228 3005 5271 a
3026 5207 3087 5293 SA.
3114 5206 3412 5293 Ambrosii
3436 5219 3726 5290 tempore,

2129 5310 2202 5354 uo
2222 5311 2342 5355 non
2364 5289 2820 5355 eratobservata
2841 5289 2907 5351 in
2931 5289 3375 5361 Mediolanensi,
3396 5298 3460 5352 ut
3480 5289 3733 5353 testatur

2134 5416 2156 5454 ._
2179 5371 2542 5454 Augustinus
2574 5372 2746 5454 epist.
2779 5369 2925 5454 __ll8
2981 5369 3055 5431 ad
3109 5369 3734 5454 Januarium._Yidere

2087 5451 2162 5538 ad
2192 5448 2639 5538 haecnpossunt',
2695 5448 2912 5538 quibus
2958 5467 3123 5538 opus_
3147 5455 3259 5538 est,
3315 5468 3447 5538 quas
3474 5449 3733 5538 disputat

2089 5526 2445 5606 Quesnellus
2475 5526 2898 5597 Dissertatione
2943 5526 3016 5592 vi
3053 5528 3129 5593 ad
3184 5526 3383 5611 Opera
3412 5534 3477 5596 ὃ.
3510 5526 3730 5592 Leonis

2087 5614 2310 5694 Magni.
