3966 6148
356 195 458 267 131
1857 199 2222 272 ΑΝΟΝΥΜῙ
3606 199 3722 268 132

343 335 463 398 sari
533 334 856 396 videamini
925 333 1206 396 Ecclesiae
1275 335 1570 398 columnis
1641 336 1952 402 Athanasio

2052 341 2244 419 ,ἁγίοις
2315 337 2577 418 Πατράσιν
2664 337 3074 413 ἐναντιούμενοι,
3157 351 3276 402 τοῖς
3345 336 3552 403 στύλοις
3618 344 3715 408 τῆς

339 425 582 505 Basilio,
609 423 895 502 Gregorio
925 431 983 484 et
1009 422 1224 486 Joanni
1251 425 1707 505 Chrysostomo,
1739 427 1951 510 aliisqu

2075 426 2394 495 Ἐκκλησίας
2485 424 2794 507 Ἀθανασίῳ,
2891 425 3166 502 Βασιλείῳ,
3254 427 3341 484 καὶ
3421 428 3712 508 Γρηγορίῳ,

339 513 674 575 innumeris
706 521 764 575 et
791 511 976 574 sacris
1012 513 1301 588 conciliis,
1343 532 1376 575 a
1407 513 1648 596 quibus,
1683 518 1837 596 quod
1872 536 1948 578 no

2073 518 2160 573 καὶ
2230 516 2448 592 Ἰωάννη
2531 521 2608 571 τῶ
2700 516 3074 594 Χρυσοστύμσρ,
3160 515 3250 572 καὶ
3339 512 3518 578 ἄλλοις
3607 537 3711 590 μυ-

340 603 740 675 observatum,
803 619 913 663 nec
973 601 1149 663 etiam
1212 602 1343 681 lege
1396 610 1636 665 cautum
1691 612 1800 668 est.
1835 603 1945 677 Qui

2073 607 2223 685 ρίοις,
2295 608 2384 662 καὶ
2451 617 2574 668 ταῖς
2643 604 2816 682 ἁγίαις
2886 601 3143 684 συνόδοις,
3233 603 3426 667 οἵτινες
3509 605 3537 659 ὃ
3619 606 3714 662 οὒκ

340 693 519 754 etiam
552 689 870 754 Ambrosio
901 689 1131 752 doctori
1185 701 1401 772 vestro,
1436 691 1510 754 de
1539 711 1654 773 quo
1686 693 1901 772 legitur
1928 694 1945 754 i

2071 695 2348 766 ἐποίησαν,
2420 690 2535 751 οὐδὲ
2605 692 2986 768 ἐνομοθέτησαν
3039 708 3053 722 ’
3147 691 3206 749 ού
3276 697 3383 768 μὴν
3450 689 3504 747 δὲ
3577 689 3712 747 ἀλλὰ

340 783 470 861 ejus
499 782 658 849 Vita,
700 787 817 840 tota
849 777 1223 840 hebdomada
1246 781 1524 858 jejunare
1545 782 1782 842 solitum
1817 802 1952 845 exce

2067 784 2153 840 καὶ
2250 779 2547 862 Ἀμϐροσίῳ
2639 788 2716 855 τῷ
2797 782 2943 855 ὑμῶν
3024 778 3340 860 διδασκάλῳ,
3441 779 3558 858 περὶ
3653 781 3712 835 οῦ

340 872 499 952 pisse
529 867 848 930 Sahbalum
909 887 977 929 ac
1035 868 1194 929 diem
1248 868 1642 934 Dominicum.
1697 870 1816 950 Ego
1848 891 1952 934 veri

2066 871 2357 951 γέγραπται
2389 872 2442 927 ἐν
2471 877 2547 945 τῷ
2598 869 2754 927 αὐτοῦ
2808 872 2926 944 ϐίῳ,
2988 868 3067 926 ὅτι
3123 876 3296 927 πᾶσαν
3326 869 3423 936 τὴν
3454 866 3713 944 ἑϐδομάδα

338 977 449 1020 nec
478 958 669 1039 ipsum
703 964 970 1018 sanctum
1023 954 1376 1018 Silvestrum
1409 958 1952 1040 arbitrorjejuniun

2067 961 2338 1031 ἐνήστευεν
2401 961 2552 1024 ἐκτὸς
2624 957 2895 1018 Σαϐϐἀτου
2949 961 3036 1016 καὶ
3096 965 3382 1040 Κυριακῆς.
3455 957 3598 1038 Ἐγὼ
3655 957 3709 1016 δὲ

334 1049 449 1110 hoc
513 1045 780 1107 sanxisse
827 1054 1040 1124 praeter
1090 1047 1581 1110 consuetudinem
1642 1057 1979 1110 sanctorum

332 1140 598 1210 Patrum,
629 1154 740 1196 nec
773 1133 934 1195 enim
973 1135 1220 1215 potestis
1250 1135 1325 1197 de
1355 1136 1468 1198 hoc
1495 1139 1763 1218 proferre
1793 1138 1980 1199 ratio-

335 1245 496 1302 nem,
523 1233 622 1286 aut
643 1242 958 1290 canonem~
989 1223 1102 1284 nisi
1131 1230 1354 1285 tantum
1389 1227 1516 1305 ejus
1547 1224 1696 1288 Vitae
1722 1227 1978 1305 scripto-

2065 1047 2169 1108 οὔδ’
2227 1052 2382 1109 αὐτὸν
2431 1051 2491 1106 τὸ
2539 1049 2690 1126 ἅγιον
2747 1046 3056 1128 Σίλϐεστρον
3111 1049 3253 1106 εἶναι
3313 1049 3710 1124 ἐναντιούμενον

2063 1155 2180 1206 τοῖς
2237 1141 2402 1218 ἁγίοις
2460 1141 2692 1220 Πατράσι
2748 1141 2943 1207 ταύτην
2989 1141 3086 1208 τὴν
3138 1141 3382 1208 νηστείαν
3412 1143 3706 1216 νομοθετῆ-

2063 1253 2149 1288 σαι
2184 1247 2199 1262 ⁹
2271 1230 2386 1288 οῦδὲ
2451 1231 2550 1310 γὰρ
2607 1229 2818 1287 δύνασθε
2876 1229 3145 1296 ἀποδεῖξαι
3204 1229 3364 1309 λόγον
3420 1231 3456 1299 ἢ
3513 1231 3709 1288 κανόνα

333 1335 484 1387 rem,
519 1314 614 1374 cui
648 1314 816 1374 facile
849 1331 1024 1376 nemo
1057 1313 1402 1394 crediderit,
1437 1314 1574 1394 quia
1605 1315 1754 1377 nihil
1783 1315 1952 1377 affert

2062 1321 2189 1400 περὶ
2233 1322 2435 1399 τούτου,
2467 1327 2475 1336 ⁸
2508 1321 2552 1375 εἰ
2621 1319 2697 1394 μὴ
2757 1320 2918 1394 μόνον
2976 1321 3066 1376 τὸν
3122 1320 3559 1398 συγγραψάμενον
3614 1321 3705 1376 τὸν

331 1404 490 1465 unde
513 1403 880 1464 demonstret
910 1403 1068 1480 (66).
1100 1403 1175 1463 At
1209 1420 1318 1464 nos
1347 1403 1568 1465 omissa
1595 1405 1952 1466 verbositate

2063 1409 2257 1466 ἐκείνου
2326 1409 2468 1489 Βίον,
2516 1412 2587 1489 Δῷ
2654 1406 2816 1472 οὐδεὶς
2889 1411 3121 1488 εὐχερῶς
3195 1409 3425 1464 πιστεύει
3494 1406 3577 1464 διὰ
3642 1410 3707 1464 τὸ

322 1496 598 1575 jejunare
619 1492 773 1553 enim
796 1491 1017 1553 malum
1039 1510 1152 1552 non
1196 1499 1308 1573 est,
1351 1492 1616 1556 dicamus
1649 1494 1796 1557 illud
1825 1513 1952 1571 apo

2061 1480 2466 1559 ἀναπόδεικτον..
2515 1480 2687 1572 (ὅμως
2757 1499 2922 1573 ἡμεῖς
2950 1480 3240 1561 Πέδὶσαντες
3310 1499 3404 1560 τὰς
3476 1495 3705 1576 λογολε-

329 1585 600 1646 stolicum
629 1604 641 1646 :
675 1603 702 1643 ι
723 1581 888 1654 Quod
913 1599 1048 1643 esca
1069 1599 1179 1644 nos
1203 1581 1324 1643 Deo
1338 1602 1455 1644 non
1473 1585 1952 1662 commendat",

2063 1587 2246 1666 σχίας⁸
2277 1584 2421 1646 οὐδὲν
2452 1585 2552 1666 γὰρ
2581 1587 2743 1642 κακὸν
2766 1587 2801 1653 ἡ
2827 1585 3063 1652 νηστεία·
3093 1585 3331 1661 εἴπωμεν
3352 1587 3413 1642 τὸ
3437 1595 3528 1644 τοῦ
3544 1583 3706 1644 Ἀπο-

327 1683 386 1736 et
435 1692 567 1754 quae
622 1680 971 1752 sequuntur.
1041 1669 1268 1732 Utinam
1320 1690 1456 1734 vero
1505 1673 1708 1735 miseri
1736 1693 1952 1756 quoqut

2057 1663 2246 1733 στύλου
2285 1697 2298 1712 ο
2337 1699 2364 1732 α
2399 1663 2490 1734 Οτι
2520 1663 2707 1754 βρῶμα
2755 1676 2900 1751 ἡμᾶς
2959 1676 3019 1732 οὗ
3075 1676 3356 1755 παρίστησι
3387 1679 3464 1750 τῷ
3492 1679 3628 1750 Θεῷ,
3666 1699 3697 1732 ι

330 1763 512 1826 Judaei
539 1761 883 1823 cruciﬁxum
917 1760 1230 1821 Dominum
1282 1761 1596 1824 adorarent
1626 1772 1683 1824 et
1715 1764 1803 1824 vel
1829 1763 1952 1844 ipsi:

2057 1765 2237 1821 καὶτὰ
2267 1763 2413 1834 ἑξῆς.
2447 1765 2571 1821 Εἴθε
2613 1762 2668 1820 δὲ
2722 1764 2810 1819 καὶ
2865 1767 2912 1820 οἱ
2967 1765 3202 1821 ταπεινοὶ
3253 1761 3496 1823 Ἰουδαῖοι
3527 1785 3703 1843 προσ-

325 1851 540 1914 diebus
570 1849 896 1910 Dominicis
917 1849 1281 1928 jejunarent,
1317 1849 1462 1910 nihil
1515 1851 1660 1911 mihi
1709 1871 1869 1913 cura;
1899 1853 1952 1914 dt

2057 1854 2266 1910 εκύνουν
2332 1856 2423 1910 τὸν
2479 1852 2872 1932 ἐσταυρωμένον
2935 1853 3208 1919 Δεσπότην
3242 1871 3260 1888 ο
3321 1853 3409 1909 καὶ
3467 1854 3512 1908 εἰ
3568 1852 3702 1922 ἐνή-

327 1941 438 2001 hoc
469 1947 648 2002 esset.
677 1938 961 1999 Dixerunt
986 1937 1069 1997 illi
1100 1954 1112 1998 ε
1141 1935 1210 1996 Ει
1241 1935 1338 1998 die
1368 1937 1678 2000 Dominico
1703 1941 1952 2019 jejunart

2055 1963 2236 1999 στευον
2302 1943 2391 1999 καὶ
2445 1943 2605 2005 αὐτὰς
2659 1942 2754 2014 τὰς
2813 1941 3098 2020 Κυριακὰς,
3161 1939 3307 2000 οὐδέν
3365 1964 3455 2017 μοι
3512 1939 3699 2017 ἔμελεν

325 2049 443 2090 non
473 2037 561 2090 est
591 2035 894 2108 peccatum
927 2025 958 2085 ‘?
1018 2025 1346 2105 Respondit
1381 2046 1394 2086 :
1458 2025 1529 2087 Et
1583 2027 1634 2088 si
1667 2037 1969 2108 peccatum

322 2128 431 2194 est,
467 2116 763 2199 quomodo
794 2122 1032 2177 sanctus
1082 2113 1440 2176 Benedictus
1488 2115 1697 2178 diebus
1726 2138 1962 2200 quoque

323 2205 650 2269 Dominicis
683 2212 741 2264 et
770 2203 933 2265 festis
953 2203 1256 2282 jejunans,
1279 2203 1584 2282 ignorabat
1611 2205 1809 2279 etiam,
1845 2228 1959 2290 quo

320 2295 417 2360 die
489 2295 718 2357 Pascha
789 2291 1006 2355 esset?
1084 2291 1249 2354 Unde
1324 2311 1428 2373 pro
1495 2301 1656 2356 certo
1729 2296 1960 2360 baben-

319 2385 487 2465 dum,
523 2401 721 2456 omne,
755 2381 909 2462 quod
945 2383 1009 2443 ﬁt
1041 2389 1280 2462 prapter
1335 2385 1544 2456 Deum,
1580 2383 1797 2446 bonum
1829 2405 1960 2450 esse

320 2481 380 2533 et
450 2491 568 2532 non
629 2469 1115 2549 inprobandum,
1191 2489 1301 2533 nec
1357 2471 1546 2552 ipsam
1604 2474 1962 2540 occisionem

317 2560 582 2622 hominis
637 2559 789 2641 (6'7),
853 2567 916 2620 ut
958 2560 1214 2622 Phinees
1264 2568 1322 2621 et
1376 2562 1615 2624 Samuel
1676 2567 1964 2630 ostende-

317 2657 476 2713 runt.

396 2739 496 2803 78.
532 2738 602 2800 Et
631 2756 738 2802 nos
769 2737 946 2816 igitur
973 2737 1130 2800 bene
1161 2737 1410 2800 facimus
1441 2737 1694 2804 Sabbato
1719 2761 1838 2804 non
1861 2744 1962 2823 je-

308 2827 590 2908 junantes
619 2827 679 2888 in
737 2825 1189 2889 detestationem
1251 2826 1736 2892 abominabilium
1769 2831 1958 2894 Mani-

2051 2033 2168 2110 περὶ
2197 2031 2404 2093 τούτου⁶
2466 2029 2717 2107 Λέγουσιν
2776 2033 2917 2105 αὖτῷ
2970 2028 3165 2087 ἐκεῖνοι
3197 2045 3211 2060 ⁸
3275 2031 3372 2088 Καὶ
3428 2034 3520 2090 οὐκ
3559 2029 3698 2087 ἔστιν

2051 2119 2278 2199 ἁμαρτία
2307 2122 2367 2175 τὸ
2395 2120 2493 2187 τὴν
2525 2120 2676 2196 ἁγίαν
2733 2119 3000 2198 Κυριακήν
3051 2125 3332 2186 νηστεῦσαι
3367 2138 3383 2198 ς
3444 2115 3696 2199 Ἀπεκρί-

2043 2211 2108 2276 θη
2142 2224 2157 2240 ⁶
2194 2211 2291 2267 Καὶ
2321 2209 2364 2264 εἶ
2395 2209 2620 2287 ἁμαρτία
2648 2206 2777 2282 ἐστὶ,
2811 2214 2926 2272 πῶς
2975 2210 3004 2264 ὁ
3059 2207 3210 2286 ἅγιος
3267 2203 3568 2272 Βενέδικτος
3598 2209 3696 2272 τὰς

2044 2299 2306 2377 Κυριακὰς
2377 2299 2465 2354 καὶ
2533 2297 2626 2360 τὰς
2699 2296 2882 2376 ἑορτὰς
2953 2297 3219 2377 νηστεύων
3289 2293 3396 2352 οὔδ’
3454 2296 3581 2352 αὐτὸ
3632 2300 3697 2354 τὸ

2042 2388 2237 2468 Πάσχα
2293 2385 2553 2454 ἠπίστατο
2626 2385 2756 2442 πότε
2813 2385 2995 2466 ἐστινς
3065 2367 3204 2443 εὃθεν
3263 2383 3552 2463 γνωστέον,
3609 2384 3691 2442 ὅτι

2047 2481 2151 2532 πᾶν
2220 2481 2440 2554 πρᾶγμα
2500 2472 2585 2530 διὰ
2640 2476 2767 2531 Θεὸν
2833 2476 3132 2553 γινόμενον,
3189 2471 3353 2530 καλὸν
3401 2475 3490 2530 καὶ
3547 2472 3697 2531 οῦδὲν

2047 2561 2371 2637 ἀπόϐλητον,
2405 2561 2510 2620 οὐδ’
2565 2566 2689 2622 αὐτὸ
2744 2565 2805 2620 τὸ
2859 2571 3127 2645 φονεῦσαι,
3183 2565 3255 2628 ὡς
3311 2565 3341 2620 ὁ
3391 2564 3574 2628 Φινεὲς
3606 2565 3699 2622 καὶ

2046 2654 2074 2708 ὁ
2105 2651 2361 2728 Σαμουὴλ
2391 2649 2607 2717 ἔδειξαν,

2126 2763 2192 2809 οη
2205 2729 2236 2800 ’.
2273 2741 2370 2798 Καὶ
2401 2743 2566 2817 ἡμεῖς
2596 2740 2765 2798 τοίνυν
2817 2738 2996 2805 καλῶς
3050 2746 3301 2816 ποιοῦμεν
3330 2740 3391 2797 τὸ
3421 2737 3694 2799 Σᾶϐϐατον

2046 2830 2123 2906 μὴ
2220 2829 2588 2905 νηστεύοντες,
2689 2829 3074 2904 ἐναντιούμενοι
3169 2842 3286 2893 τοῖς
3383 2827 3693 2905 βδελυκτοῖς

313 2917 609 2978 chaeorum
630 2934 698 2977 eo
723 2915 820 2977 die
841 2915 1173 2994 lugentium
1199 2923 1258 2976 et
1277 2916 1762 2980 calumniantium
1794 2929 1952 2984 vetus

2052 2919 2375 2999 Νανιχαίοις,
2469 2922 2741 2976 πενθοῦσιν
2812 2917 2865 2976 ἐν
2933 2919 3125 2992 τούτῳ,
3197 2919 3284 2974 καὶ
3352 2914 3689 2975 διαϐάλλουσι

2080 3007 2092 3023 ς
2283 3005 2302 3023 ς
2380 3008 2393 3023 ς
2523 3017 2531 3023 .
2611 3011 2633 3023 λ
2659 3009 2670 3023 ,
2888 3009 2902 3023 .
3149 3008 3162 3023 ς
3300 3013 3326 3023 ..
3403 3013 3432 3023 Α
3498 3013 3522 3023 ..
3660 3008 3670 3023 -.

313 3005 781 3080 Testamentum,
813 3004 978 3084 quasi
1005 3023 1038 3064 a
1061 3005 1183 3066 Deo
1207 3023 1322 3065 non
1348 3005 1549 3068 datum
1579 3029 1593 3078 ;
1625 3027 1739 3069 non
1762 3018 1957 3072 tamen

309 3091 675 3154 abstinemus
706 3092 778 3153 ab
831 3091 1134 3172 operibus,
1199 3111 1275 3153 ne
1333 3093 1542 3155 fiamus
1593 3095 1820 3158 similes
1853 3099 1958 3161 Dei

306 3180 790 3244 interfectoribus
840 3179 1042 3261 impiis
1091 3180 1331 3243 Judazis.
1387 3181 1458 3242 Et
1485 3201 1588 3243 vos
1619 3187 1957 3248 necessario

299 3269 609 3350 jejunetis,
645 3279 1088 3349 praepurgantes
1118 3288 1218 3330 vos
1245 3269 1316 3330 ad
1347 3278 1619 3333 sanctum
1675 3273 1960 3338 Resurre-

308 3361 520 3422 clionis
543 3360 722 3421 diem.
751 3360 1219 3441 Hisetpluribus
1263 3361 1395 3423 aliis
1437 3363 1713 3424 monachi
1735 3365 1956 3428 utilita-

306 3457 424 3510 tem
459 3457 518 3510 et
543 3449 901 3528 voluptatem
937 3449 1271 3526 capientes.
1314 3469 1522 3512 omnes
1554 3452 1867 3532 stupebant
1897 3463 1957 3517 et

305 3537 672 3599 mirabantur
702 3537 763 3597 in
795 3537 992 3599 verbis
1023 3538 1246 3617 gratiae,
1277 3557 1406 3618 quae
1439 3541 1838 3618 procedebant
1876 3545 1951 3606 de

304 3643 408 3688 ore
432 3627 581 3706 ejus,
606 3645 674 3688 ac
698 3626 1010 3689 dicebant:
1039 3629 1350 3707 Nunquam
1377 3628 1631 3689 vidimus
1647 3630 1946 3694 hominem

303 3713 638 3796 Scripturas
660 3715 906 3796 perinde
934 3716 1348 3796 explicantem.
1370 3716 1440 3778 Et
1461 3717 1722 3797 profecto
1741 3738 1947 3782 verum

301 3804 700 3884 opinabantur
729 3812 787 3867 ut
818 3805 1148 3866 rectissime
1184 3805 1596 3886 loquebantur.
1624 3805 1766 3869 Cum
1789 3809 1947 3870 enim

301 3893 548 3955 haberet
578 3893 678 3955 ille
736 3901 996 3956 mentem
1045 3894 1292 3956 devictis
1351 3895 1584 3956 cunctis
1640 3896 1948 3960 affectibus

299 3981 772 4062 purgatissimam
807 3990 865 4044 et
894 3981 1120 4044 cmlesti
1153 3982 1374 4044 lumine
1404 3982 1775 4057 illustratam,
1811 4004 1945 4048 ser-

298 4087 534 4131 monem
566 4089 800 4152 quoque
828 4071 1112 4132 fundebat
1163 4071 1429 4152 lepidum
1461 4090 1704 4152 semper
1730 4081 1793 4134 et
1821 4075 1941 4136 sale

2023 4071 2390 4149 καθαρώτατον
2480 4069 2830 4145 κεκτημένος,

2041 3007 2136 3074 τὴν
2206 3005 2436 3064 παλαιὰν
2509 3009 2802 3081 Διαθήκην,
2875 3009 2948 3071 ὠς
3033 3008 3176 3087 παρὰ
3237 3013 3330 3064 τοῦ
3398 3013 3526 3062 Θεοῦ
3605 3008 3686 3082 μη

2041 3095 2280 3154 δοθεῖσαν
2317 3113 2331 3128 ⁶
2365 3099 2424 3154 οὗ
2453 3096 2788 3176 σχολάζομεν
2843 3093 2898 3152 δὲ
2953 3095 3112 3153 πάλιν
3170 3096 3275 3153 ἀπὸ
3329 3102 3434 3152 τῶν
3491 3094 3680 3177 ἔργων,

2039 3184 2130 3241 ’ἱνα
2187 3187 2263 3260 μὴ
2324 3183 2725 3262 ἐξομοιωθῶμεν
2775 3198 2892 3249 τοϊς
2949 3185 3248 3249 θεοκτόνοις
3308 3186 3396 3242 καὶ
3447 3181 3685 3240 ἀσεϐέσιν

2045 3271 2311 3338 Ἰουδαίοις
2345 3289 2359 3305 ’
2426 3275 2514 3331 καὶ
2577 3264 2756 3350 ὑμεῖς
2805 3274 3102 3352 ἀναγκαίως
3174 3274 3468 3348 νηστεύετε,
3543 3295 3681 3352 προ-

2039 3364 2367 3442 καθαίροντες
2425 3364 2638 3427 ἑαυτοὺς
2688 3370 2756 3440 τῇ
2808 3363 3147 3437 ἆναστασίμῳ
3197 3363 3284 3419 καὶ
3340 3364 3461 3440 ἁγίᾳ
3483 3361 3680 3442 ἡμέρᾳ,

2039 3450 2126 3508 Ἐν
2173 3452 2378 3516 τούτοις
2427 3454 2514 3508 καὶ
2565 3450 2801 3509 πλειοσιν
2863 3450 3043 3516 ἄλλοις
3099 3455 3146 3508 οἱ
3203 3453 3432 3532 μοναχοὶ
3472 3451 3683 3532 ὠφελη-

2035 3537 2208 3602 θέντες
2271 3541 2358 3596 καὶ
2415 3537 2744 3614 ὴδυνθέντες,
2817 3538 3079 3605 ἐξίσταντο
3133 3541 3330 3603 πάντες
3384 3541 3470 3596 καὶ
3525 3540 3680 3596 ἐθαύ-

2035 3633 2198 3702 μαζον
2227 3626 2312 3682 ἐπὶ
2339 3640 2456 3691 τοῖς
2485 3625 2665 3705 λόγοις
2709 3633 2807 3694 τῆς
2870 3628 3091 3707 χάριτος
3150 3641 3270 3692 τοῖς
3325 3627 3680 3708 ἐκπορευομέ-

2032 3738 2139 3781 νοις
2170 3716 2230 3772 ἐκ
2253 3724 2343 3774 τοῦ
2395 3717 2657 3793 στόματος
2704 3719 2883 3792 αὐτοῦ,
2943 3719 3031 3773 καὶ
3087 3715 3268 3796 ἔλεγον
3301 3733 3316 3747 ⁶
3375 3717 3455 3773 ὅτι
3512 3715 3678 3776 Οὐδέ-

2029 3825 2159 3861 ποτε
2231 3802 2444 3879 εἴδομεν
2515 3803 2789 3884 ἄνθρωπον
2881 3805 2974 3868 τὰς
3046 3806 3254 3886 Γραφὰς
3327 3805 3680 3883 ἑρμηνεύοντα

2029 3896 2102 3957 ὡς
2131 3901 2311 3951 τοῦτον
2340 3895 2430 3949 τὸν
2461 3892 2628 3956 ὅσιον,
2680 3895 2842 3972 Καίγε
2898 3893 3107 3960 ἀληθῶς
3161 3891 3551 3970 ὑπελάμϐανον,
3582 3895 3674 3951 καὶ

2027 3983 2279 4062 ὀρθότατα
2327 3981 2531 4060 ἔλεγον.
2591 3983 2807 4039 Πάντων
2859 3982 2960 4060 γὰρ
3013 3987 3118 4038 τῶν
3172 3985 3351 4039 παθῶν
3406 3984 3496 4039 τὸν
3551 3989 3676 4039 νοῦν

2921 4071 3008 4126 καὶ
3097 4076 3175 4144 τῷ
3245 4069 3464 4149 οὐρανίῳ
3531 4072 3671 4151 φωτὶ

296 4158 630 4233 conditum,
655 4160 756 4240 qui
777 4160 1152 4238 segnioribus
1179 4169 1238 4220 et
1285 4161 1536 4222 infirmis
1565 4163 1758 4223 calcar
1785 4171 1942 4225 esset

2052 4158 2510 4238 ,ελαμπρυσμένον,
2545 4161 2573 4215 ὁ
2602 4157 2760 4237 λόγος
2812 4157 2971 4218 αὺτοῦ
3025 4158 3090 4226 ἧν
3146 4157 3371 4215 πάντοτε
3399 4157 3453 4215 ἐν
3481 4159 3665 4238 χάριτι

295 4253 354 4306 et
381 4246 661 4308 auxilium
699 4268 716 4324 ;
763 4249 1086 4310 audacibus
1116 4267 1252 4310 vero
1285 4257 1342 4310 et
1369 4256 1594 4311 temere
1625 4250 1944 4330 prosilien-

2052 4246 2182 4304 ἂατι
2251 4247 2538 4326 ἠρτυμένος
2577 4266 2590 4280 ·
2663 4260 2780 4311 τοῖς
2835 4247 2932 4322 μὲν
2988 4245 3233 4324 ῥαθύμοις
3289 4249 3376 4303 καὶ
3432 4247 3670 4303 ἀσθενέσι

295 4333 452 4396 tibus
482 4335 714 4397 frenum
743 4345 800 4397 et
827 4337 1244 4412 relinaculnm,
1269 4337 1343 4398 iis
1358 4356 1518 4412 vero,
1559 4339 1659 4418 qui
1683 4347 1946 4403 extrema

293 4429 540 4503 utraque
586 4424 978 4497 declinarent,
1013 4433 1266 4506 apteque
1293 4427 1535 4506 etjuste
1564 4427 1938 4506 incederent,

293 4510 448 4572 libra
505 4513 766 4592 perfecta
834 4521 893 4574 et
959 4515 1339 4576 accomodata
1405 4514 1640 4577 vivendi
1712 4518 1935 4596 regula.

299 4597 542 4686 Omnes,
567 4601 666 4681 qui
689 4601 762 4664 ad
785 4601 976 4682 ipsum
1003 4602 1347 4684 pergebant,
1364 4605 1534 4682 longe
1548 4606 1936 4686 prospiciens,

295 4685 680 4766 intelligebat,
717 4689 1189 4770 praedicebatque
1246 4711 1482 4754 causam
1514 4685 1799 4756 adventus
1829 4713 1936 4757 eo-

294 4793 451 4849 rum,
484 4795 804 4861 rerumque
857 4779 1047 4842 exitus
1101 4789 1287 4844 ratam
1339 4783 1689 4846 ostendebat
1719 4784 1936 4865 praedi-

295 4865 574 4928 ctionem.

371 5113 431 5164 77
459 5113 486 5178 Ι
513 5114 644 5180 Cor.
680 5133 805 5195 vm,
837 5117 899 5182 8.

2026 4336 2237 4416 κέντρον
2306 4337 2393 4392 καὶ
2461 4337 2654 4412 βοηθὸς
2725 4337 3095 4416 χρηματίζων,
3162 4347 3280 4398 τοῖς
3350 4333 3404 4390 δὲ
3459 4335 3672 4414 θρασέσι

2023 4426 2111 4480 καὶ
2137 4421 2605 4503 ὑπεραλλομένοις,
2631 4423 2853 4504 χαλινὸς
2883 4425 2972 4479 καὶ
3023 4419 3217 4504 φορϐέα
3249 4439 3265 4454 ⁶
3325 4436 3444 4486 τοῖς
3475 4421 3520 4479 δ’
3552 4423 3670 4499 ἆμ-

2022 4512 2309 4592 φοτέρωθεν
2395 4511 2854 4592 ἆποκλινομένοις,
2945 4513 3208 4592 εὐρύθμως
3277 4533 3332 4567 τε
3403 4511 3666 4588 βαδίζουσι

2020 4603 2109 4679 καὶ
2175 4598 2410 4671 δικαίως,
2475 4602 2629 4678 ζυγὸς
2699 4600 2917 4678 ἀγαθὸς,
2972 4601 3061 4655 καὶ
3115 4597 3407 4679 εὔχρηστος
3461 4597 3672 4679 ὁδηγία.

2027 4669 2282 4752 Ἃπαντας
2339 4689 2458 4753 τοὺς
2516 4691 2646 4769 πρὸς
2701 4689 2869 4744 αὐτὸν
2925 4687 3247 4768 ἐρχομένους
3294 4687 3503 4764 βλέπων
3557 4711 3673 4763 μα-

2019 4779 2222 4859 κρόθεν,
2274 4777 2490 4835 ἐνενεύει
2563 4778 2651 4834 καὶ
2705 4776 2958 4857 προύλεγε
3015 4778 3111 4844 τὴν
3169 4778 3336 4832 αἰτίαν
3392 4781 3491 4844 τῆς
3543 4779 3674 4834 τού-

2020 4891 2126 4925 των
2155 4865 2374 4947 ἀφίξεως
2405 4886 2417 4900 °
2481 4868 2568 4923 καὶ
2596 4868 2632 4936 ἡ
2675 4864 2886 4931 ἔκϐασις
2935 4871 3041 4924 τῶν
3070 4868 3397 4946 πραγμήτων
3427 4863 3670 4924 ἐϐεϐαίου

2021 4956 2119 5023 τὴν
2148 4953 2455 5034 πρόῤῥησιν.

1671 5255 1916 5320 Joannis
1945 5253 2070 5320 Clei
2097 5259 2273 5318 notae.

374 5378 494 5472 (66;
522 5381 854 5472 Antiquitas
881 5385 1057 5472 hujus
1086 5388 1530 5472 consuetudinis
1576 5388 1648 5452 ab
1679 5389 1937 5472 Aposto-

287 5461 403 5551 lica
434 5461 749 5551 traditione
772 5466 894 5551 jam
921 5461 1062 5530 olim
1107 5471 1357 5551 repetita
1387 5470 1518 5548 fuit,
1553 5479 1616 5532 ut
1646 5461 1940 5551 testantur

2020 5387 2511 5470 aliisqueitradita
2537 5386 2726 5470 fuere.

2103 5464 2227 5549 (67)
2261 5468 2510 5542 Quando
2567 5467 2796 5549 scilicet
2851 5467 3165 5549 manifesta
3202 5475 3280 5549 get
3333 5464 3672 5549 indubitata

287 5542 347 5633 _S.
372 5545 728 5633 Augustinus
752 5542 1090 5633 etdoan_nes
1109 5542 1423 5633 Cassianus
1443 5542 1598 5633 apud
1639 5549 1929 5633 Quesnel-
2011 5542 2178 5633 sunt,
2207 5542 2344 5626 'Dei,
2379 5547 2644 5631 supremi
2687 5547 2824 5614 vitae
2873 5548 3134 5629 Domini,
3189 5546 3454 5631 jubentis
3486 5565 3666 5611 man-

284 5623 681 5713 lumhlaudati,
743 5626 854 5713 ubi
905 5629 1086 5713 etiam
1143 5631 1410 5694 discussa
1435 5623 1677 5713 habes,
1693 5649 1827 5713 quae
1854 5630 1930 5694 de
2009 5623 2166 5693 data;

281 5703 790 5788 institutione'per
816 5705 884 5773 S.
941 5707 1292 5778 Silvestrum
1350 5728 1386 5776 a
1434 5709 1613 5776 Petro
1639 5703 1927 5775 Damiano
