3966 6148
273 216 390 286 135

1784 224 2142 292 ΑΝΟΝΥΜΙ

3542 221 3653 288 136

277 352 612 418 veremini?
640 352 797 417 Vere
844 351 907 414 in
953 351 1120 414 vobis
1163 370 1282 415 non
1330 352 1499 418 video
1522 355 1768 435 justitia:
1795 359 1918 422 fru-

2024 359 2165 422 ιῦτός
2192 357 2353 440 ἐστιν,
2384 361 2471 417 καὶ
2502 361 2655 425 αὐτὸς
2683 363 2776 419 οὒκ
2805 358 2951 418 οἶδεν
3008 358 3089 417 ὅτι
3141 371 3392 439 γυναῖκες
3436 359 3595 433 ὑμεῖς
3629 374 3649 436 ς

281 452 466 509 ctum.

361 712 460 774 80.
500 710 606 772 His
644 708 764 770 illae
791 707 1030 783 auditis,
1065 726 1200 769 cum
1227 713 1530 788 oporteret
1551 709 1780 790 pudore
1808 710 1933 771 suf-

277 801 444 862 fundi
471 807 530 861 et
551 799 815 876 virijusti
841 797 1086 858 liberam
1105 797 1572 876 increpationem
1588 798 1931 879 formidare,

277 889 551 951 abierunt
580 887 886 949 dicentes:
946 885 1076 946 Non
1125 893 1214 947 est
1272 885 1370 947 hic
1427 904 1635 948 servus
1663 886 1795 962 Dei,
1827 888 1930 949 sed

276 977 570 1041 diabolus.
609 981 735 1038 Mox
770 974 1053 1055 postridie
1091 973 1507 1054 deprehensus
1539 974 1650 1038 fuit
1681 975 1930 1056 presby-

278 1076 370 1130 ter
398 1064 798 1129 concumbens
829 1083 963 1125 cum
995 1081 1202 1124 sorore
1246 1061 1618 1139 diaconissae,
1655 1073 1711 1125 et
1735 1064 1926 1126 divul-

277 1165 408 1236 gata
440 1173 536 1217 res
563 1163 649 1216 est
682 1171 784 1234 per
813 1159 992 1213 totam
1053 1151 1219 1212 illam
1261 1149 1574 1214 civitatem.
1615 1155 1930 1233 Postquam

279 1246 486 1307 beatus
515 1244 608 1306 vir
637 1240 905 1322 pervenit
955 1239 1014 1300 in
1064 1239 1342 1320 palatium
1393 1239 1623 1320 Abarm,
1675 1249 1930 1304 tremore

277 1343 543 1413 correpta
570 1342 659 1394 Θξί
683 1331 778 1391 illa
803 1330 872 1391 ad
895 1331 1022 1410 ejus
1045 1339 1371 1408 aspectum,
1412 1338 1468 1390 et
1508 1329 1825 1409 procidens
1855 1332 1928 1392 ad

280 1423 462 1502 pedes
491 1423 621 1500 ejus
678 1419 1065 1480 conﬁtebatur
1122 1429 1178 1478 et
1237 1417 1467 1477 veniam
1533 1416 1792 1496 petebat.
1825 1417 1929 1478 Ille

278 1519 435 1572 stare
466 1507 845 1588 illamjussit,
871 1505 1174 1586 dixitque:
1207 1505 1344 1568 Noli
1389 1506 1501 1568 hoc
1538 1505 1756 1580 facere,
1791 1525 1926 1567 nam

2011 447 2100 503 τὸν
2159 449 2289 504 Θεὸν
2337 448 2413 524 μὴ
2471 447 2812 528 φοϐούμεναι,
2871 447 2968 505 κᾶν
3023 448 3144 511 τοὺς
3201 446 3504 526 ἀνθρώπους
3560 445 3660 500 οῦκ

2012 537 2368 617 αἰσχύνεσθε,
2429 536 2591 602 ὄντως
2639 541 2742 618 οὐχ
2785 541 2891 617 ὁρῶ
2938 537 2991 594 ἐν
3051 539 3178 612 ὑμῖν
3227 537 3428 615 καρπὸν
3459 532 3659 590 δικαιο-

2015 624 2174 691 σύνης
2183 669 2198 684 .

2095 704 2178 772 π’.
2212 724 2385 775 Ταῦτα
2413 715 2610 773 ἐκεῖναι
2651 715 2964 796 ἀκσύσασαι,
3029 713 3142 772 δέον
3200 714 3515 794 ἐντραπῆναι
3571 710 3665 768 καὶ

2013 803 2344 871 καταπτῆξαι
2391 811 2482 860 τοῦ
2537 803 2734 862 δικαίου
2789 807 2887 872 τὴν
2944 804 3256 884 παρρησίαν,
3310 802 3664 882 ἀνεχώρησαν

2013 891 2283 970 λέγουσαι,
2357 892 2438 949 ὅτι
2507 896 2657 957 οὗτος
2717 895 2812 951 οὒκ
2877 894 2986 950 ἔστι
3057 892 3237 958 δοῦλος
3295 899 3448 972 Θεοῦ,
3523 887 3664 944 ἀλλᾶ

2013 980 2276 1046 διάϐολος.
2370 983 2467 1040 Καὶ
2550 983 2738 1047 εῦθὲως
2826 989 2894 1061 τῇ
2976 982 3218 1062 ἐπαύριον
3290 981 3552 1061 ἐκρατήθη
3626 981 3660 1034 ὁ

2011 1068 2357 1150 πρεσϐύτερος
2412 1072 2744 1146 κοιμώμενος
2818 1073 2955 1148 μετὰ
3023 1077 3123 1139 τῆς
3193 1070 3432 1128 διακόνου
3503 1067 3661 1140 ὁμαί-

2013 1179 2171 1231 μονος
2204 1175 2218 1188 ·
2278 1160 2366 1215 καὶ
2419 1160 2650 1227 ἠκουσθη
2707 1161 2762 1216 ὲν
2813 1160 2912 1238 ὅλῃ
2967 1167 3034 1238 τῇ
3090 1159 3240 1217 πόλει
3271 1159 3467 1234 ἐκείνῃ,
3503 1166 3655 1214 Κατ-

2013 1244 2195 1303 έλαϐεν
2227 1246 2314 1304 οῦν
2347 1249 2373 1304 ὁ
2404 1247 2548 1312 ὅσιος
2604 1250 2665 1304 τὸ
2721 1248 2978 1307 παλάτιον
3035 1254 3134 1317 τῆς
3201 1245 3423 1327 Ἀράϐας
3457 1262 3472 1276 ⁸
3531 1243 3655 1310 ἥτις

2009 1333 2310 1410 θεασαμένη
2341 1335 2519 1416 αὐτὸν,
2559 1338 2649 1393 καὶ
2703 1339 2988 1417 σύντρομος
3046 1335 3306 1415 γενομένη
3361 1333 3657 1415 προσέπεσε

2009 1435 2127 1485 τοῖς
2190 1423 2342 1478 ποσὶν
2413 1425 2570 1480 αὐτοῦ
2638 1423 3116 1503 ἐξομολογουμένη,
3175 1425 3263 1481 καὶ
3312 1421 3657 1502 συγχώρησιν

2011 1507 2196 1566 λαϐεῖν
2262 1510 2568 1587 αἰτουμένη.
2645 1504 2700 1570 ιΟ
2773 1511 2827 1569 δὲ
2875 1515 3174 1584 ἀναστήσας
3230 1512 3390 1578 αῦτην
3447 1511 3602 1567 εἶπεν
3636 1523 3651 1536 ·

279 1609 336 1661 et
368 1619 474 1679 ego
507 1600 684 1660 homo
714 1602 990 1676 peccator
1019 1613 1174 1674 sum,
1236 1595 1491 1656 necdum
1522 1595 1726 1674 accepi
1757 1605 1918 1676 pute-

2024 1598 2104 1665 Μὴ
2134 1597 2271 1655 οὕτω
2299 1613 2471 1680 ποιεῖ,
2505 1600 2585 1656 ὅτι
2627 1600 2779 1680 κάγὼ
2836 1601 3102 1682 ἄνθροπως
3155 1603 3261 1678 εἰμὶ
3315 1596 3654 1679 ἁμαρτωλὸς,

277 1697 482 1751 statem
511 1687 734 1764 ligandi
760 1693 816 1747 et
842 1683 1132 1746 solvendi.
1155 1684 1268 1745 Sed
1296 1684 1442 1746 vade
1475 1683 1546 1744 ad
1590 1683 1926 1763 episcopos,

2013 1683 2159 1742 οὔπω
2188 1684 2362 1744 λαϐὼν
2396 1687 2624 1754 ἐξουσίαν
2677 1697 2768 1746 τοῦ
2823 1689 3035 1767 δεσμεῖν
3089 1692 3178 1747 καὶ
3229 1689 3395 1749 λύειν.
3427 1687 3658 1766 Πορεύου

276 1777 491 1858 quibus
540 1779 664 1838 haec
687 1772 995 1854 judicandi
1030 1779 1284 1852 potestas
1339 1772 1694 1834 demandata
1725 1780 1834 1846 est,
1873 1780 1918 1834 e1

2024 1774 2065 1830 δὲ
2117 1777 2250 1855 πρὸς
2305 1780 2428 1842 τοὺς
2485 1777 2830 1860 ἐπισκόπους,
2891 1781 3011 1844 τοὺς
3065 1780 3131 1836 τὰ
3183 1788 3397 1838 τοιαῦτα
3462 1775 3657 1854 κρίνειν

277 1869 367 1930 fac
399 1867 794 1948 quodcunpue
817 1862 905 1924 illi
929 1860 1208 1923 dixerint.
1240 1861 1567 1940 Respondit
1588 1861 1730 1922 illa:
1773 1862 1918 1924 Con-

2024 1865 2449 1948 πεπιστευμένους
2483 1883 2497 1898 ⁸
2570 1869 2658 1924 καὶ
2711 1870 2784 1932 ὡς
2841 1867 2901 1926 ἄν
2961 1891 3045 1925 σοι
3096 1867 3343 1945 εἴπωσιν,
3403 1866 3654 1932 ποίησον.

278 1941 433 2017 fessa
455 1974 584 2016 sum
610 1941 903 2033 episcopis
929 1957 1232 2030 peccatum
1257 1968 1451 2011 meum
1467 1957 1524 2010 et
1546 1950 1918 2029 injunxerunl

2024 1943 2075 2008 rH
2146 1952 2200 2008 δὲ
2269 1941 2522 2034 ἀπεκρίθη
2558 1972 2572 1986 ⁸
2634 1967 2763 2021 Τοῖς
2820 1957 2914 2029 μὲν
2973 1957 3279 2020 ἐπισκόποις
3326 1941 3658 2032 ⁷ἐξηγόρευσα.

278 2045 448 2120 mihi,
481 2052 543 2105 ut
575 2051 664 2104 ter
693 2059 799 2122 per
824 2037 1256 2100 hebdomadam
1305 2037 1648 2116 psalterium
1678 2038 1918 2101 recitem

2024 2040 2106 2107 τὴν
2176 2041 2311 2117 ἐμιὶκν
2383 2046 2662 2125 ἁμαρτίαν,
2735 2046 2821 2102 καὶ
2883 2043 3078 2103 ἔδωκάν
3147 2067 3237 2122 μοι
3291 2041 3505 2106 ἐντολὰς
3559 2050 3659 2099 τοῦ

277 2143 334 2195 ει
361 2133 566 2212 egenis
589 2130 724 2192 dem
750 2131 1206 2214 eleemesynam.
1240 2126 1356 2186 Sed
1386 2145 1528 2204 rogo
1559 2131 1918 2189 sanctitatem

2024 2127 2238 2208 πληρεῖν
2308 2133 2367 2187 τὸ
2437 2132 2729 2214 ψολτήριον
2801 2137 2971 2214 τρίτον
3037 2139 3136 2200 τῆς
3201 2130 3510 2207 ἑϐδομάδος,
3564 2130 3661 2186 καὶ

277 2231 462 2296 tuam,
495 2238 667 2284 serve
707 2217 964 2288 Domini,
1021 2223 1084 2276 ut
1115 2213 1291 2276 etiam
1323 2233 1356 2275 a
1388 2222 1442 2276 te
1475 2216 1736 2292 audiam,
1770 2217 1918 2296 quod

2024 2231 2183 2275 ποιεῖν
2215 2217 2359 2283 ἕλεος
2415 2222 2487 2286 εἷς
2545 2223 2666 2287 τοὺς
2724 2213 3023 2298 δεομένους.
3087 2220 3385 2302 Παρακαλῶ
3439 2217 3494 2275 δὲ
3552 2220 3660 2284 τὴν

277 2312 338 2372 iu
369 2329 496 2372 rem
530 2306 676 2369 mihi
709 2307 802 2377 sit,
839 2314 898 2367 et
945 2304 1170 2384 peccati
1227 2303 1456 2364 veniam
1487 2303 1825 2385 impetrem.
1858 2304 1918 2366 Ei

2024 2309 2109 2375 τὴν
2180 2310 2502 2391 ἁγιωσύνην,
2578 2311 2728 2371 δοῦλε
2799 2313 3006 2393 Κυρίου,
3083 2321 3174 2370 τοῦ
3227 2313 3314 2367 καὶ
3362 2309 3504 2388 παρᾶ
3558 2314 3659 2364 σοῦ

278 2399 368 2460 vir
397 2405 666 2460 sansctus
693 2416 704 2454 :
738 2393 1011 2456 Recitare
1040 2392 1280 2473 quidem
1309 2392 1653 2482 psalterium
1683 2401 1741 2456 et
1766 2394 1918 2456 elee-

2024 2398 2068 2453 τὸ
2139 2398 2400 2478 συμφέρον
2457 2401 2698 2476 ἀκοῦσαι,
2770 2392 3010 2470 καὶντὴν
3081 2401 3264 2482 ἄφεσιν
3321 2397 3506 2454 λαϐεῖν
3559 2403 3658 2453 τοῦ

283 2504 556 2566 mosynas
585 2487 751 2554 dare,
813 2481 920 2543 tibi
976 2489 1034 2542 et
1093 2480 1457 2560 pauperibus
1511 2481 1918 2544 conducitsed

2024 2487 2404 2564 lpxptnpévou.
2467 2499 2506 2546 0
2569 2487 2622 2545 δὲ
2678 2490 2824 2555 ὅσιος
2881 2489 2981 2569 ἔφη
3015 2505 3030 2521 ⁸
3093 2480 3163 2548 Tro
3224 2489 3319 2564 μὲν
3367 2489 3535 2544 εἰπεῖν
3591 2487 3654 2541 τὸ

279 2595 487 2637 necem
511 2591 682 2654 passo
709 2571 924 2650 injuste
946 2569 1193 2630 salutem
1221 2589 1340 2629 non
1375 2569 1545 2630 affert
1570 2589 1680 2631 nec
1714 2570 1918 2650 deplo-

2024 2572 2318 2654 ιμοαλτήριον,
2393 2579 2481 2634 καὶ
2551 2575 2725 2636 δοῦναι
2799 2579 3182 2656 ἐλεημοσύνην,
3246 2578 3328 2634 σοὶ
3386 2577 3474 2632 καὶ
3529 2587 3651 2638 τοῒς

276 2663 531 2725 rantium
564 2663 732 2722 illum
785 2659 949 2720 tollet
994 2676 1332 2719 mmrorem.
1391 2656 1542 2746 Quid
1604 2659 1762 2720 enim
1791 2660 1918 2734 das,

2024 2661 2272 2736 ῖεομένοις
2335 2663 2472 2720 ἐστὶν
2541 2665 2750 2746 ὄφελος,
2824 2675 2900 2744 τῷ
2987 2666 3043 2723 δὲ
3121 2664 3311 2728 ἀδίκως
3395 2663 3651 2744 σφα-(ἐντι

274 2751 434 2832 quod
474 2749 837 2812 tantumdem
885 2746 1094 2822 valeat,
1125 2753 1406 2826 quantum
1439 2744 1778 2836 abstulisti?
1806 2749 1918 2811 Sed

2024 2752 2264 2830 τωτηρίαν
2334 2753 2428 2810 οῦκ
2498 2751 2636 2836 ἄγει,
2710 2754 2827 2813 οὔτε
2894 2762 3001 2814 τῶν
3070 2755 3270 2813 ἐκεῖνον
3326 2753 3652 2810 πενθούντων

275 2842 324 2902 si
357 2839 598 2901 omnino
627 2837 715 2897 vis
746 2855 778 2897 a
809 2854 940 2896 mea
1000 2853 1232 2914 quoque
1291 2833 1578 2896 tenuitate
1608 2836 1918 2898 consilium

2024 2839 2098 2904 εην
2128 2841 2299 2908 λύπην
2329 2839 2676 2902 διασκεδάσει.
2724 2847 2784 2903 Τί
2835 2846 2935 2925 γὰρ
2989 2851 3236 2902 τοσοῦτον
3291 2841 3460 2916 δίδως,
3523 2840 3652 2897 ὅσον

277 2948 509 3009 capere,
532 2927 757 3006 Deique
777 2925 1133 2985 voluntatem
1158 2922 1430 3002 implere,
1455 2941 1596 2985 eece
1619 2924 1751 2984 dico
1776 2924 1880 2986 tibi
1906 2947 1918 2986 :

2024 2925 2267 3008 ὶφείλους
2343 2931 2402 2985 Εἰ
2473 2928 2526 2985 δὲ
2579 2930 2717 2995 ὅλως
2775 2922 2949 3009 βούλει
3006 2934 3094 2989 καὶ
3162 2928 3286 3010 παρ’
3358 2930 3486 3005 ἐμοῦ
3555 2938 3653 2987 τοῦ

278 3018 442 3079 trade
474 3018 548 3078 de
578 3015 808 3077 duobus
839 3013 953 3073 tuis
1013 3011 1151 3073 ﬁliis
1181 3012 1430 3072 alterum
1465 3012 1918 3090 consanguineis

2024 3015 2242 3080 ιῦτελοῦς
2314 3015 2550 3083 δέξασθαι
2619 3019 2838 3097 βουλὴν,
2912 3022 2999 3078 καὶ
3052 3026 3271 3086 ποιῆσαι
3327 3019 3387 3074 τὸ
3441 3017 3652 3094 θέλημα

273 3105 511 3185 mortui,
546 3125 610 3173 ut
643 3104 718 3166 de
777 3121 846 3164 eo
900 3100 1117 3162 faciant
1147 3100 1540 3181 quodcunque
1573 3101 1828 3174 libuerit,
1865 3111 1918 3163 et

2065 3113 2088 3122 ν
2223 3111 2246 3121 .-
2306 3105 2352 3128 ,κ
2386 3109 2398 3124 ς
2506 3108 2515 3124 .
2727 3109 2737 3126 .
2973 3108 2996 3128 ῃ
3295 3113 3320 3123 ..
3431 3112 3456 3121 -
3583 3114 3609 3123 ν

2024 3125 2092 3161 του
2120 3111 2273 3184 Θεου,
2309 3121 2412 3161 ιοου
2462 3107 2601 3186 λεγω
2655 3131 2758 3172 σοι,
2819 3111 3054 3189 Παράοος
3111 3107 3200 3164 ἕνα
3255 3130 3359 3162 των
3390 3129 3496 3162 σων
3523 3111 3650 3166 υἱων

273 3195 394 3257 eris
419 3203 558 3256 tunc
590 3198 881 3269 apeccato
905 3189 1134 3279 expiata
1174 3189 1311 3279 (69).
1345 3189 1502 3279 Dixit
1525 3190 1683 3250 enim
1717 3189 1871 3279 Deus
1902 3211 1915 3253 :

2024 3205 2119 3255 ῖοῖς
2176 3191 2323 3257 ἰδίοις
2381 3203 2472 3251 τοῦ
2499 3195 2932 3279 τελευτήσαντος,
2999 3206 3090 3254 τοῦ
3143 3201 3359 3263 ποιῆσοι
3405 3195 3460 3251 ἐν
3507 3199 3652 3272 αῦτῷ

277 3307 304 3338 ‹‹
331 3283 415 3344 De
438 3301 616 3343 manu
642 3279 902 3341 hominis
931 3277 1126 3339 fratris
1169 3277 1296 3356 ejus
1329 3277 1626 3356 requiram
1659 3278 1918 3341 animam

267 3371 456 3452 ipsius
513 3369 796 3430 hominis.
853 3367 1204 3446 Quicunque
1264 3365 1540 3426 effuderit
1595 3367 1918 3428 humanum

268 3460 639 3540 sanguinem,
663 3457 943 3520 fundetur
962 3458 1200 3533 sanguis
1224 3454 1386 3516 illius
1407 3455 1515 3514 τῖ’.
1545 3480 1570 3510 n
1597 3455 1667 3516 Et
1687 3474 1913 3518 rursus:

277 3572 300 3606 ιι
329 3548 557 3620 Omuis,
587 3547 688 3628 qui
712 3545 1012 3626 acceperit
1031 3543 1313 3620 gladium,
1335 3543 1529 3622 gladio
1544 3545 1758 3623 peribit
1777 3545 1859 3604 78.
1883 3566 1911 3604 »

270 3641 476 3719 Neque
509 3638 666 3699 enim
702 3635 993 3696 inﬁrmior
1023 3651 1087 3695 es
1145 3643 1204 3692 tu
1259 3630 1434 3694 Saule
1487 3639 1546 3693 et
1573 3630 1790 3711 Jephte
1815 3635 1917 3711 ju-

268 3726 423 3800 dice,
457 3725 557 3808 qui
588 3727 719 3806 lege
750 3743 951 3806 quam,
987 3721 1100 3803 ipsi
1133 3720 1249 3782 sibi
1279 3721 1732 3799 constituerant,
1775 3722 1919 3784 libo-

268 3835 368 3878 ros
399 3835 537 3878 suos
567 3814 741 3877 morti
772 3812 1171 3875 tradiderunt.
1207 3811 1538 3890 Respondit
1581 3811 1681 3871 illa
1719 3829 1733 3874 :
1786 3813 1918 3874 Non

269 3925 515 3988 possum
546 3907 659 3967 hoc
718 3905 936 3980 facere,
991 3901 1169 3962 timeo
1220 3898 1403 3976 enim,
1453 3918 1530 3962 ne
1557 3899 1723 3962 illum
1757 3899 1920 3962 occi-

273 3995 433 4059 danL

357 4262 458 4324 8l.
489 4259 656 4322 Tunc
703 4259 790 4320 vir
834 4267 1075 4320 sanctus
1133 4254 1258 4316 zelo
1316 4253 1423 4316 Dei
1481 4253 1742 4335 repletus
1788 4253 1915 4317 ait:

277 4350 414 4413 Haec
444 4349 587 4411 dicit
609 4347 864 4428 Spiritus
881 4354 1140 4408 sanctus.
1167 4342 1302 4405 Filii
1346 4343 1428 4403 tui
1457 4343 1696 4422 sanguis
1727 4344 1921 4404 effun-

277 4440 452 4501 detur
483 4435 925 4519 prosanguine,
981 4452 1156 4515 quem
1215 4439 1274 4492 tu
1331 4431 1550 4510 injuste
1581 4431 1838 4493 eﬂ'udisti
1866 4439 1924 4492 et

278 4537 582 4608 peccatum
616 4527 726 4588 hoc
757 4527 832 4587 de
862 4526 1039 4587 domo
1072 4531 1171 4584 tua
1228 4540 1347 4581 non
1405 4520 1706 4583 delebitur
1736 4540 1924 4602 usque

275 4617 337 4679 in
370 4616 674 4679 saeculum.
712 4613 1009 4693 Regnabit
1035 4619 1231 4673 autem
1256 4609 1452 4670 nullus
1474 4609 1548 4670 de
1571 4619 1670 4672 tuo
1695 4611 1924 4671 semine

275 4705 337 4767 in
369 4708 479 4768 hac
508 4705 679 4785 urbe,
705 4704 810 4766 sed
838 4701 1178 4783 expelletur
1199 4706 1258 4760 et
1285 4697 1633 4760 succumbet
1664 4699 1924 4761 inimicis

274 4794 426 4857 suis:
481 4793 764 4874 quoniam
789 4789 1046 4872 potentia
1070 4797 1166 4850 tua
1192 4787 1412 4849 conﬁsa
1434 4806 1519 4862 es,
1565 4807 1676 4849 nec
1707 4787 1926 4850 didici-

273 4883 371 4957 sti,
403 4882 562 4964 quod
595 4881 883 4945 Dominus
914 4896 1234 4960 pauperem
1269 4876 1406 4938 facit
1437 4886 1494 4939 et
1519 4877 1683 4954 ditat,
1719 4875 1920 4938 humi-

272 4973 374 5034 liat
405 4983 462 5034 et
518 4971 801 5033 sublevat.
856 4967 994 5030 Haec
1050 4967 1150 5030 illa
1205 4984 1339 5027 cum
1398 4964 1683 5041 audisset,
1747 4965 1924 5046 cmpit

273 5063 416 5124 ﬂere
437 5080 504 5124 ac
525 5058 863 5134 lamentari,
890 5065 949 5120 et
987 5054 1246 5142 oppletis
1274 5071 1419 5117 auro
1467 5053 1763 5130 manibus,
1795 5054 1921 5117 viro

348 5219 430 5269 77‘
459 5221 608 5284 Gen.
641 5236 725 5302 rx,
759 5223 795 5282 5
825 5217 886 5284 6.

2003 3280 2134 3336 εἴτι
2194 3281 2254 3336 ἂν
2307 3281 2547 3357 θέλωσιν,
2608 3288 2696 3342 καὶ
2750 3287 2869 3342 τότε
2917 3283 3273 3363 ἆπαλλαγήσῃ
3318 3290 3410 3340 τοῦ
3469 3285 3649 3364 ἁμαρ-

2000 3370 2263 3444 τήματος.
2295 3372 2434 3428 Εἷπε
2462 3374 2561 3451 γὰρ
2592 3376 2620 3429 ὁ
2650 3375 2801 3447 Θεὸς,
2836 3372 2915 3430 ὅτι
2955 3394 2978 3428 ιι
3041 3371 3138 3430 Ἐκ
3167 3373 3346 3452 χειρὸς
3377 3371 3650 3450 ἀνθρώπου

2003 3454 2224 3538 ἀδελφοῦ
2281 3459 2436 3516 αὐτοῦ
2499 3461 2777 3532 ἐκζητήσω
2832 3462 2931 3529 τὴν
2987 3461 3170 3540 ψυχὴν
3225 3463 3381 3518 αὐτοῦ
3436 3457 3500 3526 δὴ
3550 3469 3645 3518 τοῦ

2001 3545 2270 3626 ἀνθρώπου
2304 3562 2319 3578 ⁸
2393 3540 2450 3605 (Ο
2515 3547 2721 3629 ἐκχέων
2790 3553 2930 3625 αἷμα
3003 3549 3293 3628 ἀνθρώπου,
3369 3547 3481 3602 ἀντὶ
3549 3557 3648 3606 τοῦ

2001 3633 2229 3710 αἵματος
2261 3636 2417 3695 αῦτοῦ
2446 3639 2505 3693 τὸ
2533 3638 2690 3695 αὐτοῦ
2751 3638 3122 3718 ἐκχυθήσεται.
3190 3659 3214 3693 υ
3279 3635 3376 3694 Καὶ
3432 3633 3590 3691 πάλιν
3625 3653 3640 3670 °

2010 3743 2033 3779 tl
2065 3729 2173 3786 Πᾶς
2206 3727 2233 3779 ὁ
2262 3721 2438 3780 λαϐὼν
2485 3726 2776 3804 μάχαιραν,
2831 3726 2885 3781 ἐν
2941 3725 3180 3804 μαχαίρᾳ
3207 3723 3572 3782 ἀποθανεῖται.
3613 3743 3640 3780 ι

2002 3813 2075 3869 Οὐ
2102 3813 2200 3890 γὰρ
2247 3813 2302 3869 εἷ
2359 3815 2420 3868 σὺ
2474 3813 2782 3894 ἆσθενεσέρα
2833 3813 3007 3870 Σαοὺλ
3059 3820 3150 3869 τοῦ
3215 3809 3499 3892 βασιλέως,
3557 3812 3648 3867 καὶ

2000 3907 2093 3957 τοῦ
2161 3910 2340 3980 κριτοῦ
2397 3899 2620 3982 Ἰεφθάε,
2693 3903 2888 3968 οἵτινες
2945 3901 3011 3958 δι’
3063 3901 3253 3958 οἰκείαν
3309 3899 3526 3966 ἐντολὴν
3581 3901 3649 3959 τὰ

2003 3986 2114 4044 ἴδια
2143 3988 2299 4045 τέκνα
2329 3991 2402 4054 εἷς
2447 3981 2667 4051 θάνατον
2715 3991 3045 4072 προῦδωκαν.
3110 3981 3172 4047 ’Π
3231 3986 3286 4044 δὲ
3341 3988 3594 4068 ἀπεκρίθη
3631 4002 3646 4018 ⁸

1937 4077 2078 4182 Βοῦ
2107 4075 2327 4154 δύναμαι
2383 4085 2536 4136 τοῦτο
2591 4086 2813 4149 ποιῆσαι
2843 4100 2857 4114 ·
2916 4077 3174 4160 φοϐοῦμαι
3231 4078 3350 4156 γὰρ,
3401 4078 3478 4153 μή
3533 4097 3652 4142 πως

2004 4169 2160 4224 αὐτὸν
2190 4167 2566 4233 ἀωοκτείνωσι,

2084 4244 2202 4317 ποί.
2254 4258 2384 4314 Τότε
2433 4261 2461 4314 ὁ
2521 4260 2777 4340 μακάριος
2835 4258 2996 4331 ζήλου
3057 4264 3188 4316 Θεοῦ
3245 4255 3494 4325 πλησθεὶς
3523 4255 3654 4312 ἀπε-

2004 4345 2236 4424 κρίνατο.
2269 4343 2396 4402 Τύδε
2423 4345 2569 4425 λέγτι
2628 4352 2689 4404 τὸ
2746 4355 2955 4424 Πνεῦμα
3008 4349 3069 4404 τὸ
3126 4347 3275 4426 ἆίγιον
3310 4366 3326 4380 ⁶
3384 4349 3454 4404 Τὸ
3512 4348 3653 4420 αἷμα

2004 4440 2096 4490 τοῦ
2161 4437 2271 4491 υἱοῦ
2344 4457 2438 4492 σου
2510 4437 2859 4518 ἐγχυθήσεται
2928 4438 3040 4494 ἀντὶ
3110 4445 3202 4494 τοῦ
3275 4435 3529 4512 αῗματος,
3594 4436 3656 4490 οὗ

2005 4520 2195 4587 ἀδίκώς
2265 4522 2480 4605 ἐξέχεας
2518 4545 2530 4559 ⁶
2593 4529 2681 4584 καὶ
2732 4530 2767 4597 ἡ
2826 4527 3053 4606 ἁμαρτία
3109 4526 3241 4594 αὕτη
3297 4526 3393 4582 οῦκ
3413 4523 3654 4619 ’,ἐξαλει-

2007 4614 2258 4693 φθήσεται
2309 4615 2369 4670 ἐκ
2435 4623 2527 4672 τοῦ
2597 4617 2751 4675 οἴκου
2823 4639 2916 4675 σου
2985 4617 3085 4680 ἕως
3143 4618 3352 4678 αἰῶνος,
3413 4609 3579 4693 Ἇρξει
3609 4609 3658 4667 δ’

2009 4700 2176 4766 οὐδεὶς
2210 4705 2316 4759 απὸ
2345 4715 2439 4764 τοῦ
2496 4713 2590 4763 σοῦ
2650 4708 2950 4786 σπέρματος
3009 4706 3061 4762 ἐν
3118 4706 3282 4781 ταύτῃ
3337 4709 3406 4780 τῇ
3453 4701 3606 4759 πόλει
3641 4716 3655 4731 ·

2007 4788 2127 4846 ἀλλ’
2197 4790 2341 4847 ἔσται
2415 4792 2780 4872 ἐκδιοκόμενον
2869 4796 2955 4852 καὶ
3025 4795 3314 4869 νικώμενον
3381 4792 3485 4848 ἀπὸ
3549 4795 3658 4845 τῶν

2006 4879 2210 4960 ἐχθρῶν
2239 4882 2392 4941 αὖθοῦ
2420 4881 2530 4940 ἀνθ’
2561 4887 2636 4940 ὧν
2666 4885 2921 4948 πέποιθας
2979 4884 3063 4940 ἐπὶ
3118 4889 3185 4960 τῇ
3236 4889 3306 4958 σῇ
3336 4879 3606 4952 δυναστείᾳ
3640 4898 3655 4913 ”

2005 4971 2100 5024 καὶ
2124 4972 2218 5026 οῦκ
2247 4967 2458 5053 ἔμαθες,
2517 4972 2596 5030 ὅτι
2653 4975 2843 5056 Κύριος
2901 4972 3159 5053 πτωχίζει
3218 4971 3307 5027 καὶ
3365 4968 3655 5050 πλουτίζει,

2004 5071 2249 5118 ταπεινοῖ
2285 5061 2372 5116 καὶ
2425 5060 2643 5138 ἀνυψοῖ.
2707 5070 2882 5122 Ταῦτα
2939 5059 3205 5118 ἀκούσασα
3256 5057 3431 5126 ἐκείνη
3461 5056 3656 5136 ἤρξατο

1657 5375 1904 5442 Joannis
1931 5376 2056 5443 Clei
2084 5384 2263 5441 notae.

355 5515 485 5598 (69)
514 5515 846 5582 Mirandum
872 5513 935 5578 in
965 5518 1126 5578 tanto
1152 5511 1300 5594 viro,
1339 5515 1418 5594 et,
1453 5509 1569 5574 nisi
1599 5509 1857 5591 benigna
1885 5509 2375 5594 interpretatione
2423 5510 2674 5576 multum
2717 5510 3037 5594 mitigetur,
3068 5503 3385 5571 ridiculum
3417 5521 3660 5586 prorsus

269 5606 604 5672 consilium.
671 5638 678 5642 ν
