3966 6148
374 284 490 351 I39
1840 308 1844 313 '
1871 294 2016 359 ANO

2100 292 2227 360 YMI
3633 298 3741 366 140

370 420 534 483 tione
548 419 736 514 Patris
762 419 1152 514 confectusin
1178 438 1415 514 gravem
1432 420 1705 514 morbum
1725 422 2003 503 delapsus

2100 430 2285 505 μηθεὶς,
2346 430 2604 509 ἆῤῥωστίᾳ
2668 431 2813 510 δεινῇ
2882 433 3160 514 περιέπεσέ
3219 456 3278 492 τε
3335 435 3423 492 καὶ
3480 434 3746 503 ἐτελεύτη-

372 520 487 604 est,
505 529 631 604 quo
653 509 830 572 etiam
852 509 1133 572 decessit.
1154 509 1465 604 _At_beatus
1489 508 1577 604 vir
1596 518 1717 573 toto
1760 523 2015 604 aegrota-

2100 539 2208 576 σεν.
2285 528 2325 578 Ο
2356 508 2419 576 δὲ
2463 522 2719 601 μακάριος
2775 508 2829 577 ἒν
2886 508 3080 588 πάσαις
3137 537 3262 589 ταῖς
3311 531 3410 593 τῆς
3466 525 3746 604 ἀρρωστίας

372 597 553 661 tionis
573 599 702 680 ejus
725 606 992 680 tempore
1014 598 1209 662 eundo
1231 599 1295 662 in
1308 599 1621 662 ecclesiam
1638 600 2012 665 etredeundo

2100 608 2252 666 αὒτοῢ
2306 606 2530 689 ἡμέραις
2597 597 2953 690 εἷσερθόμενος
3018 614 3107 668 καὶ
3169 597 3540 694 ἐξερχόμενος.
3572 613 3624 671 ἐν
3679 620 3745 690 τῇ

372 697 433 781 et
460 706 645 781 prope
671 688 838 751 cella
870 689 1000 769 ejus
1014 688 1249 781 aditum
1309 689 1674 781 transeundo
1705 709 2011 781 nunquam

2100 694 2374 771 ἐκκλησίᾳ,
2408 688 2495 754 καὶ
2544 703 2643 766 τῆς
2700 688 2869 757 διόδου
2925 700 3086 768 οὔσης
3138 688 3430 781 ἔμπροσθεν
3485 708 3576 758 τοῦ
3623 688 3747 759 κέλλ-

369 774 650 868 inspexit,
679 795 979 859 nunquam
1009 776 1180 839 illum
1226 776 1449 856 invisit,
1500 797 1689 861 usque
1717 780 1789 841 ad
1822 780 1952 860 ejus
1983 798 2016 843 e

2100 782 2191 841 λου
2247 795 2339 845 τοῦ
2394 785 2641 868 ἀδελφοῦ,
2703 786 2949 847 οὐδέποτε
3006 774 3295 867 ἐπέϐλεψεν
3352 793 3426 856 εἷς
3484 792 3663 866 αὐτὸν,
3706 791 3742 860 ἢ

370 864 488 928 vita
516 865 950 960 migrationem.
1005 865 1352 960 Quanquam
1406 866 1619 931 fratres
1663 887 1873 931 omnes
1904 868 2015 931 ob-

2100 879 2196 941 τῆς
2225 878 2386 935 αὐτοῦ
2437 864 2693 940 ἐλεόσεως
2750 874 2939 945 ἠξίωσε
2998 877 3161 960 μέχρι
3214 864 3317 948 τῆς
3375 884 3533 939 αὖτοῠ
3559 864 3739 936 τελευ-

371 964 774 1049 servaverant,
809 955 860 1018 si
917 955 1151 1037 quando
1173 957 1398 1049 _frater
1451 957 1743 1039 quispiam
1804 958 2015 1021 morbo

2100 969 2217 1031 τῆς.
2255 966 2499 1044 Καίτοιγε
2532 967 2861 1042 σεσημείωτο
2918 955 3235 1043 παρὰ-*πᾶσι
3292 983 3412 1033 τοῖς
3470 967 3741 1049 ἀδελφοῖς,

372 1042 671 1106 laboraret
700 1052 761 1107 et
792 1061 927 1137 eum
961 1042 1348 1137 crebo_Pater
1388 1044 1697 1137 inviseret,
1730 1052 2015 1127 agrotum

2100 1051 2178 1110 ὅτι
2236 1054 2391 1124 ἡνίκα
2446 1042 2703 1133 ἦῤῥώστει
2772 1057 2800 1111 6
2856 1042 3102 1136 ἀδελφὸς,
3162 1059 3250 1114 καὶ
3304 1056 3560 1136 ἐσύχναζε
3610 1042 3742 1137 πρὸς

372 1152 675 1223 nunquam
706 1131 1097 1223 convaluisse.
1128 1129 1298 1194 Tunc
1325 1132 1506 1213 igitur
1536 1152 1692 1198 unus
1722 1143 1783 1199 et
1812 1136 2016 1199 senio-

2100 1140 2254 1198 αὒτὸν
2325 1143 2353 1198 6
2422 1129 2629 1223 Πατὴρ,
2702 1144 2795 1200 οὒκ
2862 1129 3102 1222 ἠγείρετο
3186 1144 3247 1202 ἐκ
3480 1129 3744 1209 ἀσθενείας

370 1221 539 1285 ribus
565 1241 702 1313 cum
748 1222 1166 1313 lacrygma‘ntem
1226 1221 1639 1305 conspexisset
1691 1223 1927 1313 Patrem
1960 1232 2016 1287 et

2100 1228 2330 1296 ἐκείνης.
2403 1230 2533 1288 Τότε
2579 1221 2771 1288 -τοίνυν
2834 1221 2923 1295 τις
2954 1248 2955 1253 ‘
2982 1221 3088 1289 τῶν
3161 1234 3420 1313 γερόντων
3477 1231 3599 1290 ἰδὼν
3655 1234 3745 1289 τὸν

373 1320 627 1375 mortem
654 1307 851 1373 fratris
878 1311 1309 1404 deplorantem,
1338 1329 1607 1374 seorsum
1633 1312 1903 1390 accessit,
1929 1315 2016 1376 lo-

2100 1317 2308 1398 Πατέρα
2376 1317 2662 1399 δακρύοντα
2735 1320 2872 1397 μετὰ
2932 1320 3154 1379 θάνατον
3176 1307 3186 1313 ’
3208 1307 3300 1379 τοῦ
3352 1320 3597 1404 ἀδελφοῦ,
3660 1322 3750 1379 καὶ

372 1400 783 1492 quebaturque
813 1408 1091 1492 tanquam
1123 1399 1353 1492 dolens
1365 1399 1562 1492 fratris
1592 1400 2016 1492 tristitiam,ex

2100 1409 2388 1486 θρηνοῦντα
2480 1409 2580 1476 τὴν
2662 1408 2906 1489 στέρησιν
2995 1412 3176 1492 αὐτοῦ,
3244 1399 3549 1491 προσελθὼν
3617 1411 3752 1468 κατὰ

373 1510 493 1580 qua
519 1487 667 1551 obiit
721 1488 797 1554 ob
846 1489 1278 1580 aversationem
1319 1487 1529 1580 Patris.
1582 1489 1659 1553 At
1689 1490 1790 1552 ille
1819 1491 2012 1553 dixit:

2101 1495 2265 1571 μόνας
2296 1494 2558 1576 διελέγετο
2615 1487 2777 1574 αὐτῷ,
2839 1500 2913 1562 ὡς
2966 1487 3437 1580 ψυχοπονοόμενος
3493 1501 3608 1578 περὶ
3649 1504 3750 1566 τῆς

372 1577 499 1642 Nisi
531 1597 643 1659 ego
672 1587 971 1641 aversatus
998 1578 1167 1642 illum
1194 1596 1410 1653 essem,
1441 1577 1599 1641 Deus
1630 1598 1750 1642 non
1781 1597 2015 1642 assum-

2100 1582 2328 1660 θλίψεως
2375 1593 2468 1641 τοῦ
2523 1583 2768 1666 ἀδελφοῦ,
2831 1585 2945 1664 μεθ’
2999 1577 3080 1654 ἧς’
3124 1586 3305 1655 ἐξῆλθε
3362 1596 3454 1645 τοῦ
3501 1577 3752 1664 σώματος

371 1668 610 1772 psisset.
643 1668 853 1770 certus
900 1675 1095 1731 autem
1146 1687 1300 1745 sum,
1355 1669 1485 1749 ejus
1514 1667 1775 1731 animam
1805 1687 2016 1749 magna

2100 1670 2185 1772 ἰδιά
2211 1673 2308 1741 τὴν
2339 1674 2677 1772 ἀποστροφὴν
2734 1681 2826 1732 τοῦ
2883 1677 3109 1772 Πατρός,
3170 1668 3225 1735 Ὀ
3283 1676 3340 1733 δὲ
3394 1676 3494 1759 ἔφη
3529 1695 3542 1710 ⁸
3579 1680 3637 1736 El
3669 1678 3748 1753 μὴ

370 1757 572 1821 latitia
591 1755 900 1821 fruituram
912 1765 1155 1839 propter
1175 1756 1469 1820 modicam
1491 1759 1645 1822 hanc
1674 1757 1974 1823 tristitiam
1994 1779 2010 1821 :

371 1847 851 1930 quandoquidem
881 1866 1001 1909 non
1032 1854 1123 1909 est
1148 1846 1389 1929 iniquos
1418 1846 1604 1923 Deus,
1633 1853 1749 1910 ute
1773 1865 2016 1910 carcere

370 1937 557 2018 tollat,
582 1954 643 2013 e1
664 1937 727 1999 in
756 1953 1059 1999 carcerem
1091 1935 1393 2015 conjiciat.
1426 1934 1564 1998 Haec
1591 1935 1700 1997 fuit
1734 1935 2014 2001 discretio

372 2025 560 2089 Patris
611 2023 802 2088 nostri
853 2023 993 2100 Nili,
1049 2040 1230 2106 supra
1270 2023 1488 2086 multos
1544 2030 1783 2086 sanctos
1808 2023 2015 2087 Patres

367 2115 782 2179 discretissimi
809 2121 869 2178 et
897 2112 1347 2195 sapientissimi.
1381 2111 1692 2194 Superavit
1711 2112 1871 2176 enim
1903 2129 2012 2194 per

369 2203 792 2268 discretionem
809 2202 1030 2266 summi
1049 2200 1261 2282 rigoris
1281 2201 1689 2264 observatores
1703 2203 2011 2282 etjsummo

372 2294 572 2372 rigore
599 2293 730 2355 vita
782 2291 1280 2354 discretissimos:
1343 2292 1643 2373 superavit
1703 2290 2012 2372 simplices

373 2382 639 2459 scientia,
673 2381 1088 2463 pallentesque
1115 2380 1412 2462 superavit
1440 2378 1819 2461 simplicitate
1852 2400 1868 2456 ;
1897 2379 2016 2441 vita

373 2470 726 2552 conspicuos
772 2486 1168 2550 sermoneque
1219 2468 1488 2532 celebres
1544 2468 1839 2548 superavit
1887 2468 2017 2529 vita

2098 1760 2206 1841 ἐγὼ
2235 1764 2390 1821 αὐτὸν
2418 1763 2783 1845 ἀπεστράφην,
2817 1764 2911 1822 οὒκ
2967 1763 3029 1821 ἂν
3084 1768 3113 1823 6
3178 1768 3306 1831 Θεὸς
3361 1764 3744 1845 προσελάϐετο,

2100 1851 2589 1933 Πεπληροφόρημαι
2661 1852 2741 1935 δὲ,
2813 1854 2893 1911 ὅτι
2963 1853 3047 1911 διὰ
3129 1856 3326 1923 ταύτης
3393 1861 3493 1923 τῆς
3549 1863 3744 1936 μικρᾶς

2095 1940 2349 2017 θλίψεως,
2423 1942 2676 2021 μεγίστης
2745 1949 2917 2024 χαρᾶς
2988 1943 3436 2015 καταξιωθήσεται
3493 1948 3527 2014 ἡ
3586 1947 3745 2026 ψυχὴ

2096 2033 2255 2090 αὐτοῦ
2288 2050 2303 2067 ⁸
2363 2030 2517 2111 εἴπερ
2570 2032 2667 2089 οὒκ
2721 2030 2897 2098 ἄδικος
2928 2036 2956 2090 6
2987 2035 3140 2115 Θεὸς,
3172 2033 3276 2091 ἀπὸ
3332 2034 3571 2115 φυλακῆς
3620 2036 3743 2115 ἆραι

2093 2121 2183 2177 καὶ
2235 2121 2308 2185 εἷς
2369 2119 2608 2202 φυλακὴν
2650 2125 2842 2182 θεῖναι.
2902 2122 3046 2191 Αὕτη
3104 2127 3139 2192 ἡ
3196 2121 3450 2204 διάκρισις
3506 2135 3599 2185 τοῦ
3648 2124 3746 2181 εὖ-

2094 2206 2557 2289 διακριτικωτάτου
2584 2212 2672 2267 καὶ
2721 2212 3029 2291 σοφωτάτου
3085 2215 3309 2293 Πατρὸς,
3348 2214 3502 2289 ἡμῶν
3558 2212 3749 2273 Νείλου

2096 2299 2241 2378 παρὰ
2293 2296 2521 2362 πολλοὺς
2578 2305 2684 2355 τῶν
2740 2299 2902 2377 ἁγίων
2962 2292 3233 2380 Πατέρων.
3297 2292 3613 2381 ’Υπερέϐαλε
3642 2304 3749 2382 γὰρ

2097 2386 2217 2449 τοὺς
2264 2384 2725 2453 ἀσκητικώτάτους
2774 2392 2842 2463 τῇ
2897 2385 3172 2467 διακρίσει,
3225 2389 3313 2444 καὶ
3368 2390 3489 2453 τοὺς
3544 2387 3750 2469 διακρι-

2096 2475 2416 2539 τικωτάτους
2448 2480 2515 2551 τῇ
2566 2474 2814 2549 ἀσκήσει,
2876 2478 2962 2533 καὶ
3019 2477 3141 2540 τοὺς
3196 2477 3251 2533 ἐν
3301 2476 3561 2545 ἁπλότητι
3590 2477 3644 2534 ἐν
3674 2485 3748 2556 τῇ

373 2560 695 2640 splendore
725 2564 785 2621 et
813 2552 1083 2640 utrisque
1123 2557 1401 2639 praditos
1443 2575 1675 2619 summa
1702 2556 2013 2637 utriusque

2100 2563 2309 2644 γνώσει,
2340 2565 2429 2620 καὶ
2452 2564 2572 2628 τοὺς
2618 2565 2939 2643 γνωστικοὺς
2995 2565 3048 2623 ἐν
3231 2565 3423 2639 ἀκακία
3455 2585 3471 2600 ⁸
3535 2567 3655 2632 τοὺς
3689 2566 3746 2624 ἐν

372 2647 767 2729 perfectione;
791 2646 1073 2728 praditus
1095 2645 1357 2707 moribus
1381 2644 1731 2733 peregrinis,
1747 2644 2010 2733 amundo

2100 2652 2193 2728 βίῳ
2220 2659 2296 2727 τῷ
2324 2651 2490 2730 λόγῳ,
2551 2653 2673 2717 τοὺς
2731 2652 2785 2709 ἐν
2841 2651 2986 2733 λόγῳ
3039 2661 3115 2729 τῷ
3172 2654 3289 2731 βίῳ,
3352 2656 3440 2712 καὶ
3468 2656 3588 2720 τοὺς
3617 2654 3743 2713 κατ’

371 2736 609 2818 penitus
657 2735 909 2811 alienus,
961 2733 1268 2823 affectibus
1323 2731 1766 2823 insuperabilis,
1810 2732 2013 2823 animi

2100 2741 2363 2822 ἀμφότερα
2392 2742 2445 2798 ἐν
2489 2748 2557 2819 τῇ
2601 2741 2817 2821 ἀμφοτνι
2858 2731 3110 2823 ἀκρότητι
3146 2759 3159 2774 ⁸
3216 2742 3359 2809 ξένος
3388 2759 3505 2809 τοῖς
3534 2744 3743 2821 ἤθεσιν,

369 2824 645 2887 sensibus
674 2824 967 2903 excelsus,
998 2822 1342 2886 inﬂexibilis
1389 2820 1768 2900 sublimibus,
1804 2822 1865 2884 in
1894 2822 2010 2883 hu-

2100 2820 2367 2910 ἀλλότριος
2396 2832 2553 2887 παντὶ
2601 2820 2703 2906 τῷγ
2732 2820 2940 2910 κόσμῳ,
2999 2831 3353 2896 ἀταπείνωτος
3399 2847 3517 2897 τοῖς
3565 2820 3741 2889 πάθεὲ

372 2914 545 2978 miles
573 2913 989 2996 compatientis
1020 2913 1299 2977 affectum
1328 2929 1565 2993 gerens.

2100 2940 2200 2998 σιν,
2252 2916 2458 2994 ὑψηλὸς
2511 2930 2629 2983 τοϊς
2684 2919 2965 2996 νοήμασιν,
3024 2919 3278 2997 ἀκαμπὴς
3334 2934 3452 2986 τοῖς
3480 2920 3741 2998 ὑψῆλοτς,

2035 2987 2080 3052 C
2096 2987 2373 3085 συμπαθὴς
2399 3004 2455 3063 δὲ
2483 3019 2602 3072 τοῖς
2628 2987 2925 3071 ταπεινοῖς.

457 3091 558 3153 83.
589 3090 1013 3173 Longobardus
1043 3092 1282 3175 quidam
1314 3089 1615 3170 subripuit
1644 3107 1862 3172 equum
1894 3107 2016 3151 mo-

2176 3085 2296 3176 πγ’.
2381 3093 2588 3172 Εκλεψέ
2652 3097 2729 3161 τίς
2798 3116 2927 3153 ποτε
2981 3101 3086 3153 τῶν
3144 3094 3512 3177 Λογγιϐάρδων
3569 3096 3749 3156 ἵππον

371 3180 659 3259 nasterii;
690 3189 1073 3244 accesserunt
1102 3199 1211 3261 ego
1241 3180 1314 3244 ad
1343 3183 1577 3243 Patrem
1629 3186 1688 3242 et
1736 3177 2016 3242 fratribus

2100 3189 2193 3252 τῆς
2223 3188 2417 3265 μονῆς,
2468 3184 2556 3241 καὶ
2608 3183 2982 3265 προσελθόντες
3034 3181 3122 3241 δύο
3176 3188 3283 3243 τῶν
3339 3184 3574 3267 ἀδελφῶν
3604 3186 3748 3263 ⁴ᾐτή-

371 3270 512 3350 duo,
559 3270 999 3353 petieruntque,
1033 3278 1099 3332 ut
1126 3269 1242 3332 sibi
1270 3268 1485 3351 licerpt
1516 3268 1795 3351 persequi
1823 3274 1883 3331 et
1909 3285 2013 3330 re-

2100 3296 2257 3331 σαντο
2322 3273 2415 3330 τὸν
2485 3273 2741 3353 μακάριον
2810 3282 2902 3333 τοῦ
2972 3270 3288 3340 καταδιιῖκξαι
3358 3276 3446 3331 καὶ
3500 3274 3746 3354 ἀνευρεῖν

369 3378 658 3442 cuperare
684 3378 927 3442 equum,
954 3359 1110 3441 quod
1142 3365 1298 3421 esset
1328 3356 1685 3423 monasterio
1716 3356 2010 3434 perutilis.

2100 3364 2184 3419 τὸν
2210 3360 2405 3437 ἵππον,
2435 3359 2516 3417 ὅτι
2545 3362 2813 3442 χρήσιπος
2869 3362 2935 3431 ἦν
2989 3362 3125 3419 πάνυ
3179 3362 3234 3421 ἐν
3275 3368 3354 3437 τῷ
3379 3363 3745 3443 μοναστηρίῳ,

368 3446 443 3511 Et
470 3465 599 3514 rem
628 3454 1020 3529 peregerunt;
1051 3465 1186 3510 nam
1238 3466 1373 3509 cum
1426 3444 1627 3508 labore
1660 3445 1843 3507 multo
1875 3462 2014 3526 per-

2100 3452 2124 3509 Β
2180 3453 2268 3508 καὶ
2336 3451 2713 3521 πεποιήκασιν,
2785 3451 3100 3507 Φθασάντων
3171 3451 3272 3531 γὰρ
3340 3458 3444 3509 τῶν
3500 3449 3747 3531 ἀδελφῶν

370 3537 672 3601 venissent
699 3540 762 3598 in
789 3536 1098 3618 oppidum,
1130 3536 1192 3597 in
1222 3554 1337 3617 quo
1367 3534 1462 3597 fur
1502 3541 1651 3611 erat,
1684 3533 1882 3597 audito
1913 3553 2013 3596 so-

2100 3540 2245 3614 κόπῳ
2270 3538 2455 3614 πολλῷ
2481 3540 2553 3603 εἷς
2614 3541 2675 3595 τὸ
2731 3532 2978 3621 κάστρόν,
3035 3539 3090 3596 ἐν
3143 3544 3188 3615 ᾧ
3244 3543 3273 3598 6
3302 3539 3537 3609 κλέπτης
3564 3542 3745 3620 ὑπῆρ-

375 3626 498 3689 lum
515 3627 706 3689 Patris
730 3628 997 3706 nomine,
1024 3624 1220 3687 statim
1236 3623 1353 3686 loci
1375 3622 1653 3685 dominus
1691 3622 2010 3685 adductum

2100 3650 2215 3710 χεν,
2274 3629 2429 3698 ἡνίκα
2480 3629 2543 3684 τὸ
2597 3636 2690 3687 τοῦ
2742 3631 2945 3708 Πατρὸς
3002 3627 3168 3707 ὄνομα
3221 3631 3311 3688 καὶ
3368 3632 3528 3706 μόνον
3558 3629 3742 3687 ἐκεῖσε

372 3734 613 3798 equum,
637 3716 950 3798 furemque
974 3714 1219 3795 ligatum
1241 3713 1360 3775 illis
1380 3711 2011 3776 contradidit.Reversi

2100 3716 2274 3799 ἅρχων
2304 3717 2557 3789 ἀκήκοεν,
2616 3716 2803 3781 εὐθέως
2862 3717 3078 3797 ἀγαγὼν
3133 3719 3224 3776 τὸν
3283 3716 3456 3775 ἵππον
3507 3718 3594 3799 καί
3644 3720 3748 3776 τὸν

368 3796 879 3868 ἱειίηοηεειειοὶιιιῐὶ
902 3810 963 3867 et
982 3812 1122 3866 ante
1144 3805 1379 3866 Patrem
1400 3821 1534 3864 cum
1572 3800 1773 3864 latitia
1805 3801 2007 3883 proci-

2100 3796 2330 3875 κλέπτην
2384 3804 2676 3883 δεδεμένον,
2739 3796 3011 3886 παρέδωκε
3060 3819 3179 3871 τοῖς
3235 3804 3510 3888 ἀδελφοῖς.
3574 3796 3746 3864 ιΥποε-

367 3895 601 3973 dentes,
626 3894 895 3957 aiebant:
946 3892 1315 3956 Adduximus
1346 3891 1460 3953 tuis
1488 3890 1674 3972 adjuti
1704 3889 2003 3971 precibus,

2100 3897 2433 3977 στρεψάντων
2502 3895 2669 3952 τοίνυν
2738 3897 2907 3952 αὐτῶν
2977 3895 3030 3953 ἐν
3086 3902 3163 3971 τῷ
3230 3896 3586 3976 μοναστηρίῳ,
3652 3899 3753 3954 καὶ

367 4004 403 4048 o
431 3984 629 4062 Patea,
657 4002 874 4065 equum
909 3990 969 4045 et
1013 3981 1229 4045 furem.
1290 3980 1397 4043 llle
1451 3978 1905 4060 Longobardum
1934 3979 2009 4041 ad

2103 3993 2181 4061 τῷ
2212 3986 2377 4065 Πατρὶ
2406 3984 2540 4060 μετὰ
2568 3990 2765 4065 χαρᾶς,
2821 3985 3257 4064 προσπιπτόντων
3310 3986 3399 4041 καὶ
3452 3983 3746 4066 λεγόντων,

367 4093 434 4139 se
461 4074 683 4137 vocavit
707 4083 767 4135 et
793 4091 807 4137 :
831 4075 1011 4149 Num,
1030 4071 1242 4153 inquit,
1275 4078 1339 4134 tu
1365 4071 1568 4148 frater,
1603 4088 1821 4150 equum
1850 4068 2010 4131 hunc

2100 4075 2170 4132 ὅτι
2204 4072 2284 4131 Δι’
2316 4075 2490 4154 εὐχῶν
2547 4094 2666 4148 σου,
2724 4072 2916 4153 Πάτερ,
2977 4072 3248 4151 ἠγάγομεν
3304 4075 3395 4130 τὸν
3453 4073 3623 4131 ἵππον
3653 4078 3751 4134 καὶ

366 4184 508 4229 vere
537 4165 747 4226 amas?
788 4163 860 4228 Et
909 4163 1048 4225 ille:
1105 4161 1169 4224 Si
1207 4180 1327 4224 non
1352 4161 1789 4237 amarem,§non
1820 4157 2010 4220 subri-

2100 4166 2185 4221 τὸν
2233 4161 2502 4237 κλέψαντα
2536 4177 2551 4192 ⁸
2612 4159 2768 4218 καλεῖ
2824 4163 2854 4218 6
2904 4162 3160 4242 μακάριος
3205 4163 3299 4218 τὸν
3358 4158 3747 4245 Λογγιϐάρδον,

372 4254 658 4337 puissem.
689 4253 858 4315 Tunc
884 4252 1060 4315 Pater
1085 4251 1174 4313 illi
1203 4270 1417 4333 equum
1448 4251 1605 4313 dono
1637 4249 1822 4337 dedit,
1846 4248 2013 4310 addi-

2100 4255 2186 4310 καὶ
2240 4251 2385 4330 λέγει
2454 4250 2597 4326 αὐτῷ
2630 4266 2645 4281 ⁸
2736 4260 2918 4315 Οντως
2989 4250 3073 4326 σῦ,
3134 4248 3324 4331 ἀδελφέ
3381 4250 3591 4328 ἀγαπᾷς
3650 4253 3749 4310 τὸν

373 4336 579 4423 ditque
628 4341 972 4423 ephippium
1029 4348 1089 4401 et
1142 4339 1375 4401 frenum
1435 4338 1675 4402 dicens:
1734 4336 1794 4400 Si
1825 4356 2011 4415 amas,

2100 4340 2269 4399 ἵππον
2297 4347 2530 4420 τοῦτον,
2584 4340 2681 4398 Καὶ
2736 4337 2879 4418 λέγει
2937 4339 3141 4406 ἐκεῖνος
3173 4356 3189 4372 ⁸
3253 4340 3312 4395 Εἰ
3369 4340 3445 4414 μὴ
3491 4339 3744 4419 ἠγάπων,

375 4436 579 4512 accipe
629 4441 689 4494 et
735 4429 854 4493 abi.
888 4428 1052 4491 Abiit
1077 4428 1178 4491 ille
1206 4429 1373 4502 laws
1401 4435 1459 4490 et
1507 4430 1795 4491 exultans.
1828 4426 2012 4490 Cum-

2100 4434 2193 4492 οὒκ
2263 4430 2324 4487 ἂν
2395 4429 2594 4507 ἔκλεψα
2648 4436 2854 4492 τοῦτον.
2913 4430 3044 4487 Τότε
3098 4426 3274 4485 λαϐὼν
3330 4430 3358 4493 6
3415 4429 3596 4507 Πατὴρ
3651 4431 3749 4489 τὸν

375 4539 491 4601 que
520 4519 971 4582 obmurmurare
1000 4516 1216 4579 fratres
1246 4515 1585 4597 capissent,
1638 4514 1864 4578 vocavit
1914 4534 2016 4577 eos

2100 4520 2265 4580 ἵππον
2294 4518 2514 4577 δέδωκεν
2544 4522 2707 4598 αὐτῷ,
2737 4518 2976 4597 προσθεὶς
3036 4521 3178 4593 αὐτῷ
3235 4518 3369 4593 μετὰ
3421 4522 3521 4584 τῆς
3551 4514 3751 4583 σέλλας

375 4609 572 4685 Pater,
604 4601 1056 4687 instruebatque
1085 4605 1332 4668 dicens:
1366 4604 1585 4666 Discite
1613 4605 1749 4678 hoc,
1782 4603 2014 4679 fratres,

2100 4612 2188 4668 καὶ
2215 4612 2275 4666 τὸ
2321 4608 2654 4690 χαλινάριον,
2713 4605 2883 4685 λέγων
2916 4623 2931 4639 ⁹
2992 4608 3053 4667 Εἰ
3108 4607 3318 4685 ἀγαπᾷς
3376 4605 3555 4682 αὐτὸν,
3614 4604 3753 4665 λάϐε

376 4697 606 4777 privari
657 4695 1194 4777 quomodocunque
1243 4692 1448 4775 rebus,
1508 4711 1640 4756 esse
1685 4711 1720 4753 a
1761 4692 2021 4773 peccatis

373 4786 642 4848 liberari.
676 4786 768 4847 An
818 4782 1048 4863 indigni
1095 4802 1321 4865 sumus,
1355 4781 1514 4864 quod
1544 4802 1727 4844 unum
1758 4793 1935 4863 caput
1964 4790 2023 4844 et

379 4883 490 4936 nos
518 4874 872 4955 impleamus
903 4890 972 4934 ex
1002 4871 1076 4933 iis
1104 4890 1237 4952 qua
1264 4878 1582 4933 narrantur
1610 4871 1674 4933 in
1704 4869 1857 4932 Vitis
1885 4888 2016 4932 san-

379 4970 611 5027 ctornm
641 4960 926 5025 Patrem?
955 4958 1019 5023 Si
1050 4959 1211 5021 Deus
1240 4959 1426 5022 nostri
1445 4959 1720 5021 misereri
1742 4958 1881 5032 vult,
1909 4977 2017 5020 nos

380 5053 469 5115 illi
499 5071 574 5115 ne
622 5051 1003 5115 obsistamus.
1057 5050 1133 5113 Et
1186 5048 1313 5112 illi:
1371 5047 1544 5110 Dolet
1596 5047 1791 5123 nobis,
1820 5046 2016 5129 Pater,

382 5141 541 5224 quod
562 5148 693 5224 post
713 5140 930 5205 multos
949 5137 1182 5201 itineris
1200 5138 1386 5199 nostri
1420 5136 1679 5213 labores,
1711 5144 2017 5219 postquam

379 5232 744 5309 invenimus,
773 5230 932 5312 quod
968 5228 1248 5311 perierat,
1282 5234 1422 5289 tunc
1451 5225 1596 5288 illud
1628 5225 1745 5289 furi
1772 5226 2022 5306 largitus

385 5338 475 5383 es.
497 5319 822 5402 Respondit
850 5322 1047 5385 Pater:
1079 5315 1205 5379 Hoc
1238 5314 1404 5379 vobis
1442 5314 1580 5392 feci,
1599 5323 1665 5377 ut
1684 5313 1926 5376 discatis
1954 5331 2022 5378 re

383 5410 513 5489 ipsa
536 5408 812 5471 inimicos
842 5408 1091 5488 diligere
1148 5412 1208 5468 et
1250 5403 1613 5467 benefacere
1641 5403 1717 5465 iis
1741 5403 1842 5485 qui
1869 5402 2021 5465 insi-

382 5497 621 5560 diantur
645 5497 834 5578 vobis,
868 5505 928 5563 et
955 5493 1157 5559 omnia
1180 5492 1508 5576 possidere,
1543 5491 1692 5555 nihil
1710 5492 2018 5575 habentes,

2099 4701 2188 4758 καὶ
2216 4698 2436 4779 πορεύου
2470 4717 2485 4732 ⁸
2518 4700 2547 4754 6
2575 4694 2630 4752 δὲ
2685 4694 2891 4764 ἀπῆλθε
2948 4697 3151 4776 χαίρων
3207 4696 3298 4752 καὶ
3352 4693 3750 4774 ἀγαλλόμενος,

2102 4786 2435 4869 Ἀρξαμένων
2504 4783 2560 4842 δὲ
2628 4790 2734 4841 τῶν
2823 4782 3061 4864 ἀδελφῶν
3151 4784 3562 4862 καταγογγόζειν
3650 4792 3754 4842 τοῦ

2099 4874 2379 4954 μακαρίου,
2413 4871 2641 4937 καλέσας
2672 4872 2858 4936 αὖτοὺς
2913 4874 2942 4929 6
2997 4872 3182 4951 Πατὴρ
3241 4871 3489 4928 ἐνευθέτει
3519 4869 3692 4950 λέγων
3729 4892 3750 4909 ο

2100 4965 2325 5043 Μάθετε,
2359 4960 2595 5043 ἀδελφοὶ,
2626 4968 2801 5037 τοῦτο,
2834 4960 2915 5019 ὅτι
2945 4963 2980 5030 ἡ
3036 4964 3139 5019 τῶν
3199 4961 3525 5040 πραγμάτων
3556 4963 3755 5017 ὁπωσ-

2100 5051 2298 5123 δήποτε
2367 5050 2635 5131 στέρησις,
2709 5051 3106 5131 ἁμαρτημάτων
3195 5049 3331 5106 ἐστὶν
3419 5048 3691 5128 ἀφαίρεσις
3728 5069 3747 5084 ·

2102 5142 2225 5199 εἶτα
2295 5141 2390 5199 οὒκ
2457 5140 2615 5218 ἐσμὲν
2682 5139 2814 5206 ἄξιοι
2884 5147 2976 5197 τοῦ
3043 5145 3345 5221 γεροντικοῦ
3411 5143 3631 5206 ποιῆσαι
3690 5142 3754 5200 ἓν

2101 5228 2436 5311 κεφάλαιονς
2507 5232 2567 5289 Ei
2623 5233 2652 5288 6
2708 5231 2836 5293 Θεὸς
2887 5227 3025 5288 θέλει
3084 5228 3299 5297 ἐλεῆσαι
3353 5229 3521 5307 ἡμᾶς,
3577 5229 3755 5305 ἡμεῖς

2102 5320 2244 5394 αὐτῷ
2286 5319 2364 5396 μὴ
2412 5318 2864 5395 ἀντιτασσώμεθα.
2922 5321 2983 5376 Οἱ
3037 5315 3093 5375 δὲ
3140 5319 3297 5376 εἶπον
3331 5333 3345 5349 ⁸
3405 5325 3567 5376 Τοῦτο
3624 5317 3756 5375 θλι-

2103 5406 2322 5489 ϐόμεθα,
2400 5410 2591 5490 Πάτερ,
2663 5407 2743 5464 ὅτι
2798 5408 2932 5485 μετᾶ
2985 5409 3048 5465 τὸ
3103 5408 3354 5469 κοπιάσαι
3409 5409 3553 5483 ἡμᾶς
3609 5409 3760 5466 πάνυ

2103 5496 2277 5555 πολλὰ
2344 5500 2830 5578 περιπατήσαντας,
2902 5497 2990 5554 καὶ
3070 5498 3241 5577 εὑρεῖν
3306 5498 3369 5555 τὸ
3439 5493 3755 5574 ἀπολωλὸς,

385 5586 538 5652 sicut
568 5605 680 5651 nos
726 5587 946 5651 docent
997 5583 1382 5666 Evangelium
1438 5590 1499 5648 et
1541 5582 1882 5666 Apostolus.
1917 5584 2016 5648 Hic

2103 5587 2225 5645 τότε
2251 5589 2378 5646 αὐτὸ
2406 5584 2656 5673 ἐδωρήσω
2683 5593 2761 5661 τῷ
2789 5584 3067 5661 κλέψαντι.
3122 5585 3221 5644 Καὶ
3266 5586 3296 5640 6
3355 5585 3536 5663 Πατὴρ
3592 5583 3698 5665 ἔφη
3733 5602 3753 5619 ⁸
