3966 6148
416 266 530 334 143

1911 267 2270 333 ΑΝΟΝΥΜΙ

3678 269 3785 334 144

411 396 668 488 Surgite,
725 395 1007 488 abeamus
1050 395 1213 461 hinc.
1246 396 1320 457 Et
1374 396 1487 488 hoc
1516 395 1700 477 dicto,
1751 394 2044 488 discessit.

2142 401 2221 458 ἐπὶ
2289 404 2407 468 τοὺς
2480 405 2781 482 ἀνθρώπως
2850 406 3089 470 τούτους.
3167 405 3482 488 Ἐγείρεσθε,
3568 406 3784 485 ἄγωμεν

410 487 691 550 Nondum
714 487 951 567 elapsus
981 493 1108 547 erat
1128 502 1321 548 annus
1343 492 1404 548 et
1423 486 1795 563 hegnmenus
1823 504 1857 546 a
1888 486 2059 566 prin-

409 576 542 657 cipe
570 576 870 653 detentus,
931 583 997 636 ut
1046 575 1475 655 conjurationis
1520 574 1718 637 socius
1749 574 2059 636 oculorum

409 665 717 728 orbatione
742 664 1020 726 multatus
1043 671 1133 727 est
1161 665 1321 746 (7Q);
1353 664 1632 726 monachi
1660 663 1820 743 gravi
1851 662 2058 726 morbo

410 753 707 835 Oppressi,
739 773 927 835 usque
956 755 1029 817 ad
1060 760 1313 816 mortem
1342 752 1602 816 afﬂictati
1623 759 1780 830 sunt,
1817 752 2056 834 quidam

407 843 584 906 etiam
615 862 649 907 e
675 844 797 906 vita
843 851 1195 907 cesserunt:
1258 843 1568 907 citharista
1617 860 1756 905 vero
1788 841 1891 906 ille
1923 860 2057 903 cum

408 932 555 995 isset
582 932 819 995 furandi
848 953 1050 1010 causa,
1085 941 1289 1016 captus
1318 941 1407 995 est
1455 940 1514 994 et
1563 940 1692 1014 post
1718 931 1902 993 multa
1929 938 2056 993 tor--

410 1029 612 1084 menta
660 1023 901 1085 tandem
932 1023 1047 1103 ipsi
1103 1041 1339 1105 quoque
1385 1021 1544 1085 oculi
1574 1020 1777 1084 eﬂ‘ossi
1805 1028 1966 1096 sunt,
1999 1029 2085 1085 et.

409 1130 619 1174 omnes
641 1110 811 1193 juxta
839 1113 1004 1175 senis
1032 1112 1379 1176 vaticinium
1409 1110 1661 1175 calicem
1690 1110 1795 1172 ira;
1820 1108 2061 1172 Domini

2143 492 2401 553 ἐντεωεν.
2499 495 2597 551 Καὶ
2686 502 2838 553 τοῦτο
2927 496 3086 552 εἰπὼν
3176 495 3541 576 ἀνεχώρησεν.
3633 494 3787 553 Οὔπω

2142 579 2321 649 διῆλθε
2350 582 2571 664 χρόνος,
2625 586 2713 641 καὶ
2769 586 2797 642 6
2856 585 2951 661 μὲν
3008 584 3301 662 ἡγούμενος
3356 587 3635 665 κρατηθεὶς
3688 585 3786 640 ὑπὸ

2139 677 2233 726 τοῦ
2302 672 2584 751 πρίγκιπος
2653 670 2720 729 δι’
2792 672 3071 751 ἀνταρσίαν
3126 674 3247 738 τοὺς
3303 672 3602 753 ὀφθαλμοὺς
3658 670 3787 738 ἐξω-

2141 759 2336 840 ρύχθη,
2370 764 2416 816 οἱ
2473 759 2528 818 δὲ
2577 762 2808 843 μοναχοὶ
2864 760 3124 840 ἀρρωστίᾳ
3172 761 3391 842 χαλεπῇ
3418 762 3787 842 περιπεσόντες

2139 845 2550 918 ἐϐασανίσθησαν
2606 850 2708 915 ἕως
2761 851 3005 931 θανάτου,
3070 851 3210 914 τινὲς
3268 849 3322 906 δὲ
3379 848 3431 915 ἐξ
3482 855 3652 909 αὒτῶν
3708 849 3789 905 καὶ

2139 936 2395 994 ἀπέθανον
2430 957 2443 973 ο
2504 943 2532 996 6
2588 937 2641 997 δὲ
2704 938 3009 1016 κιθαριστὴς
3063 938 3268 1003 ἐκεῖνος
3326 937 3569 996 ἀπελθὼν
3630 940 3703 1001 είς
3732 939 3789 994 τὸ

2140 1024 2336 1101 κλέψαι
2368 1028 2455 1085 καὶ
2500 1028 2760 1102 πιασθεὶς,
2824 1029 2958 1104 μετὰ
3011 1027 3214 1093 πολλὰς
3266 1029 3360 1093 τὰς
3415 1028 3675 1105 βασάνους
3707 1027 3790 1082 καὶ

2142 1117 2299 1179 αυτὸς
2337 1118 2457 1181 τοὺς
2512 1116 2813 1199 ὀφθαλμοὺς
2868 1116 3140 1197 ἒξωρόχθη
3171 1135 3187 1152 ⁶
3244 1118 3332 1176 καὶ
3387 1118 3584 1180 πάντες
3644 1114 3790 1172 ἔπιον

408 1200 713 1266 biberunt.
746 1200 973 1266 Verum
1001 1202 1129 1265 haec
1158 1208 1385 1284 postea.

2142 1210 2243 1273 τῆς
2270 1216 2363 1266 τοῦ
2392 1213 2524 1264 Θεοῦ
2551 1208 2716 1286 ὀργῆς
2770 1207 2832 1262 τὸ
2888 1208 3142 1286 ποτήριον
3195 1206 3331 1263 κατὰ
3394 1207 3495 1273 τὴν
3545 1211 3638 1263 τοῦ
3694 1204 3787 1282 γέ-

2142 1318 2323 1376 ροντος
2353 1295 2657 1377 πρόρρησιν,
2691 1292 2858 1353 Ἀλλὰ
2886 1302 3049 1352 ταῦτα
3080 1294 3176 1372 μὲν
3205 1294 3440 1369 ὕστερον.

1884 1414 2132 1484 CAPUT
2161 1416 2317 1481 XIII.

402 1530 471 1594 S.
492 1526 672 1592 Nilus
692 1527 1010 1592 abbatiam
1040 1525 1450 1601 Vallis-Lucii,
1469 1532 1537 1589 ut
1562 1524 1761 1588 locum
1778 1524 2169 1604 sibifsuisque
2188 1523 2375 1586 nimis
2393 1522 2785 1599 commodum,
2814 1521 3101 1602 relinquit
3122 1522 3480 1603 migratque
3494 1520 3575 1584 ad
3595 1520 3791 1583 alium

484 1618 681 1698 magis
726 1616 1069 1681 solitarium
1119 1617 1188 1679 in
1233 1633 1388 1695 agro
1441 1616 1772 1692 Caietano;
1831 1614 2123 1693 feminas,
2179 1614 2363 1675 etiam
2391 1613 2717 1693 principes,
2748 1631 2869 1675 non
2897 1614 3021 1676 nisi
3043 1620 3285 1675 coactus
3316 1614 3404 1675 ad
3430 1610 3794 1691 colloquium

485 1707 757 1771 admittit
785 1727 801 1783 ;
830 1707 914 1767 ad
936 1706 1242 1786 principes
1263 1711 1690 1785 magnamque
1718 1709 1957 1767 tantum
1994 1720 2109 1783 pro
2137 1702 2377 1764 miseris
2405 1708 2683 1777 acturus,
2742 1700 2999 1764 accedit.
3057 1700 3316 1764 Romam
3340 1704 3645 1783 profectus
3673 1716 3789 1780 pro

484 1794 721 1859 Joanne
748 1796 1044 1876 antipapa
1071 1793 1234 1875 apud
1266 1793 1619 1873 Pontiﬁcem
1651 1800 1708 1855 et
1735 1794 2169 1873 imperatorem
2198 1790 2574 1871 deprecatur.

490 1914 785 1977 Caeterum
804 1912 1013 1974 beatus
1033 1910 1202 1973 Nilus
1230 1916 1628 1972 commoratus
1665 1909 1726 1974 in
1758 1917 2044 1972 monaste-

2228 1900 2285 1969 εΟ
2319 1917 2488 1971 τοίνυν
2539 1913 2832 1991 μακαρίτης
2880 1911 3074 1978 Νεῖλος
3134 1914 3366 1983 ποιήσας
3424 1911 3478 1968 ἐν
3533 1918 3603 1989 τῇ
3651 1917 3789 1988 μονῇ

410 2005 525 2081 rio,
551 2002 873 2066 Vallelucii
888 2000 1082 2077 titulo,
1107 2000 1181 2062 ad
1205 1998 1546 2081 quindecim
1575 2017 1789 2075 annos,
1828 2007 2044 2079 postea-

2142 2010 2234 2061 τοῦ
2301 1999 2591 2080 λεγομένου
2635 2000 3031 2080 έΒαλλελουκίου
3100 2004 3218 2083 περὶ
3283 2003 3351 2058 τὰ
3419 1999 3791 2060 πεντεκαίδεκα

410 2111 588 2175 quam
621 2092 904 2155 crevisset
922 2108 1205 2151 numerus
1224 2088 1473 2149 fratrum
1496 2094 1556 2149 et
1581 2087 1916 2150 necessaria
1952 2106 2044 2149 su-

2143 2087 2261 2169 ἕτη,
2334 2092 2423 2148 καὶ
2488 2097 2592 2148 τῶν
2654 2088 2893 2171 ἀδελφῶν
2960 2091 3381 2166 πληθυνθέντων,
3440 2093 3526 2148 καὶ
3579 2092 3793 2147 πάντων

408 2181 895 2263 perabundarent
923 2187 982 2242 et
1010 2177 1440 2241 monasterium
1488 2185 1646 2240 esset
1686 2177 1948 2257 amplum
2001 2187 2044 2241 e1

2142 2184 2245 2235 τῶν
2301 2184 2401 2247 τῆς
2472 2180 2656 2259 χρείας
2726 2180 3251 2261 ὑπερεκχυνομένων,
3323 2181 3410 2237 καὶ
3464 2189 3558 2239 τοῦ
3614 2201 3785 2256 μονα-

411 2274 541 2353 ejus
572 2290 753 2354 opera
802 2269 1042 2332 celebre
1100 2269 1341 2351 factum,
1400 2286 1531 2330 cam
1587 2274 1765 2328 antea
1792 2267 1908 2329 tale
1939 2286 2044 2328 nor

2142 2268 2357 2346 στηρίου
2427 2268 2861 2350 μεγαλυνθέντος,
2950 2271 3037 2325 καὶ
3125 2270 3418 2345 όνομαστοῦ
3504 2268 3792 2349 γενομένω

407 2369 588 2438 esset,
663 2359 902 2423 videbat
968 2359 1183 2422 fratres
1256 2356 1565 2420 remissius
1619 2356 1859 2418 aﬂ‘ectos
1923 2374 2044 2435 erga

2142 2362 2212 2433 τῇ
2282 2357 2438 2416 αὐτοῦ
2507 2358 2771 2437 συνεργίᾳ,
2845 2358 2903 2415 οὒ
2992 2359 3243 2438 πρότερον
3307 2355 3458 2422 ὄντος
3527 2359 3789 2429 τοιούτου,

407 2450 673 2532 spiritale
703 2448 1105 2510 ministerium
1137 2454 1197 2508 et
1227 2455 1488 2509 exactam
1548 2444 1768 2524 regulae
1799 2443 2044 2524 discipli-

2142 2446 2281 2526 ἑώρα
2346 2448 2467 2511 τοὺς
2553 2445 2803 2527 ἀδελφοὺς
2890 2450 2948 2506 οὗ
3037 2448 3173 2504 πάνυ
3255 2448 3620 2527 φροντίζοντας
3691 2452 3793 2514 τῆς

408 2558 574 2620 nam,
599 2556 776 2619 quam
798 2538 873 2599 ab
911 2536 1086 2598 initio
1116 2542 1521 2618 susceperant,
1553 2548 1611 2597 at
1639 2534 1754 2595 lata
1782 2533 1881 2595 via
1908 2552 2044 2611 gau-

2142 2542 2500 2611 πνευματικῆς
2588 2534 2936 2617 λειτουργίας,
3025 2537 3113 2592 καὶ
3199 2540 3298 2603 τῆς
3392 2546 3486 2594 τοῦ
3565 2535 3791 2599 κανόνος

406 2629 641 2704 dentes,
676 2633 1227 2706 concertantesque,
1261 2624 1364 2706 qui
1413 2641 1619 2685 eorum
1650 2630 1813 2685 esset
1841 2622 2044 2701 major.

2142 2623 2427 2705 ἀκριϐείας,
2460 2625 2514 2681 ἐν
2545 2629 2581 2703 ᾗ
2610 2625 2937 2682 ἐτετύπωντο
2991 2624 3247 2704 ἀρχῆθεν,
3307 2623 3444 2681 ἀλλὰ
3470 2630 3538 2701 τῇ
3565 2623 3793 2696 πλατείᾳ

406 2717 497 2781 Ad
547 2717 661 2778 hoc
724 2715 901 2778 etiam
933 2714 1186 2777 contulit
1217 2713 1339 2776 illis
1395 2711 1713 2774 memorati
1742 2712 2037 2790 hegumen

2146 2711 2250 2788 ὁδῷ
2318 2712 2625 2789 ἡδομένους,
2697 2715 2784 2770 καὶ
2840 2710 3126 2793 ἀμφιϐολίᾳ
3181 2709 3658 2793 περιϐαλλομένους
3711 2713 3794 2777 τίς

408 2806 640 2888 levitas,
669 2806 889 2886 quippe
918 2806 1014 2885 qui
1048 2802 1401 2866 muneribus
1431 2800 1840 2864 oblectabatur
1869 2808 1926 2861 et
1954 2817 2044 2862 ex-

2145 2804 2335 2874 μείζων
2370 2819 2385 2833 ⁸
2437 2804 2679 2882 συνήργει
2732 2800 2786 2859 δὲ
2843 2802 3027 2865 αὐτοῖς
3094 2803 3182 2858 καὶ
3251 2804 3287 2871 ἡ
3357 2803 3620 2883 κουφότης
3690 2813 3787 2862 τοῦ

409 2915 513 2959 osa
536 2895 624 2957 illi
646 2901 772 2957 erat
793 2894 1001 2974 pietas.
1024 2892 1163 2955 Haec
1187 2900 1500 2974 postquam
1524 2888 1824 2971 perspexit
1852 2888 2044 2953 beatus

2144 2891 2530 2972 μρολεχθέντος
2586 2890 2898 2971 ἡγουμένου,
2945 2891 3053 2974 Δἆὶτε
3108 2890 3451 2971 δωρολήπτου
3508 2894 3597 2949 καὶ
3652 2915 3789 2969 μισ-

409 2986 520 3062 vir,
554 2984 751 3047 sciens
793 2970 1007 3045 rerum
1041 2970 1269 3063 copiam
1326 2970 1625 3061 plerimue
1655 2997 1895 3041 causam
1930 2997 2044 3041 esse

2143 2970 2425 3044 ευλαϐοὗς
2460 2970 2841 3061 τυγχάνοντος.
2933 2970 3106 3039 ταῦτα
3189 2978 3312 3037 ἰδὼν
3394 2983 3422 3037 6
3501 2982 3787 3061 μακάριος,

409 3072 818 3138 dissolutionis
840 3072 1148 3152 plenasque
1168 3071 1230 3131 in
1251 3069 1473 3132 tuenda
1509 3068 1797 3148 religione
1825 3068 2044 3129 relaxa-

2142 3071 2229 3126 xui
2284 3070 2440 3149 γνούς
2492 3072 2565 3133 ὡς
2611 3071 2647 3137 ἡ
2703 3076 2808 3126 τῶν
2866 3066 3003 3126 ὑλῶν
3059 3069 3274 3147 ἀφθονία
3304 3070 3440 3126 αἰτία
3483 3071 3793 3128 καθίσταται

310 3188 315 3195 ο
411 3164 613 3245 tionis,
648 3180 900 3242 surgens
946 3161 1089 3223 inde
1140 3159 1452 3234 abscessit,
1513 3158 2044 3239 pervagabaturqut

2142 3165 2238 3227 τῆς
2307 3158 2514 3226 πολλῆς
2602 3156 2813 3223 ἀταξίας
2905 3159 2993 3215 καὶ
3064 3157 3355 3222 παντελοῦς
3424 3156 3789 3240 ἀνευλαϐείας,

412 3244 611 3315 locum
641 3268 913 3333 quaerens
941 3256 1249 3329 augustum
1282 3255 1341 3311 et
1370 3267 1505 3309 cum
1534 3248 1737 3309 labore
1767 3246 2044 3328 suppedi-

2142 3248 2368 3312 ἀναστὰς
2424 3248 2626 3328 ἀπῆρεν
2684 3247 2907 3323 ἐκεῖθεν,
2962 3248 3051 3304 καὶ
3100 3244 3351 3328 διήρχετο
3409 3254 3581 3319 ζητῶν
3623 3249 3793 3307 τόπον

412 3350 636 3404 tantem
668 3339 1007 3402 necessaria
1052 3339 1311 3420 corpori,
1363 3345 1428 3398 ut
1456 3337 1665 3399 saltem
1698 3336 1947 3418 penuria
1975 3334 2044 3396 vi-

2142 3336 2272 3395 ὅπου
2335 3335 2458 3417 εὕρῃ
2529 3338 2708 3393 στενὸν
2778 3336 2866 3393 καὶ
2898 3346 2909 3361 ⁴
2931 3336 3084 3410 κόπῳ
3151 3342 3488 3417 χορηγοῦντα
3540 3336 3639 3404 τὴν
3697 3344 3798 3393 τοῦ

413 3438 852 3511 ctustanquam
882 3428 1051 3489 freno
1080 3428 1152 3489 ad
1214 3427 1557 3489 monasticze
1608 3426 1743 3487 vita;
1797 3425 2044 3487 studium

2142 3429 2388 3504 σώματος
2420 3428 2625 3508 χρείαν,
2681 3423 2775 3481 ἵνα
2828 3425 2925 3481 κὰν
2979 3431 3049 3502 τῇ
3102 3423 3267 3499 ἐνδείᾳ
3321 3431 3426 3483 τῶν
3484 3425 3794 3504 ἀναγκαίων

410 3520 912 3602 pertraherentur
942 3517 1157 3579 idiotas.
1190 3515 1381 3588 Quare
1397 3514 1834 3578 conﬂuentibus
1857 3515 2044 3576 multis

2142 3517 2317 3596 ὥσπερ
2372 3516 2581 3597 χαλινῷ
2644 3517 2691 3571 oi
2744 3514 2931 3602 πολλοὶ
3000 3518 3130 3595 πρὸς
3200 3518 3263 3572 τὸ
3334 3521 3434 3584 τῆς
3505 3515 3791 3585 ἀσκήσεως

414 3586 448 3671 e
477 3606 1041 3689 circumjacentibus
1071 3606 1323 3667 urbibus
1352 3613 1411 3667 et
1439 3602 1845 3678 invitantibus,
1879 3622 2044 3665 suas-

2142 3586 2348 3663 στάδιον
2376 3586 2715 3666 ἓλκυσθῶσιν.
2778 3586 2918 3662 θΟθεν
2973 3586 3061 3662 xui
3114 3603 3326 3662 πολλῶν
3384 3604 3489 3661 ἀπὸ
3545 3610 3650 3660 τῶν
3678 3605 3789 3661 πέ-

412 3717 529 3780 que
558 3698 865 3760 facultates
893 3695 1066 3758 beato
1094 3694 1220 3757 viro
1246 3694 1656 3769 offerentibus,
1704 3691 2044 3774 quibusdam

2142 3694 2213 3775 ριξ
2282 3693 2489 3752 πόλεων
2579 3695 3016 3773 προστρεχόντων
3107 3696 3194 3752 xui
3279 3691 3786 3774 προσκαλουμένων,

409 3805 551 3849 vero
584 3806 652 3848 ex
685 3786 1044 3848 exaedificata
1074 3784 1431 3846 monasteria
1452 3782 1865 3861 largientibus,
1890 3800 2044 3863 pror-

2142 3785 2221 3841 xui
2278 3783 2372 3847 τὰς
2442 3783 2634 3845 οἰκείας
2700 3784 3012 3848 ὑποστάσεις
3076 3790 3153 3859 τῷ
3223 3785 3487 3863 μακαρίτῃ
3540 3804 3789 3863 προσφε-

411 3895 514 3939 sus
538 3874 1006 3956 omniarejecit;
1037 3892 1232 3954 neque
1260 3872 1420 3935 enim
1451 3870 1791 3935 inveniebat
1825 3871 1886 3932 in
1909 3871 2044 3954 illis,

2142 3874 2351 3952 ρόντων,
2425 3878 2582 3931 τινῶν
2651 3870 2706 3927 δὲ
2773 3873 2862 3928 καὶ
2929 3874 3255 3953 μοναστήρια
3309 3872 3792 3953 προητοιμασμένα

410 3964 569 4046 quod
600 3966 731 4047 ipse
777 3961 1103 4047 quaerebat,
1163 3962 1544 4025 solitudinem
1604 3969 1662 4024 et
1708 3961 1967 4043 quietem
1995 3969 2044 4024 et

2142 3961 2525 4044 χαριζομένων,
2592 3958 2821 4026 οὺδόλως
2891 3963 3046 4026 αὐτὸς
3114 3959 3422 4029 κατεδέξατο
3456 3981 3473 3998 ⁸
3553 3966 3615 4022 οὖ
3677 3964 3796 4044 γὰρ

1808 4121 2057 4187 Joannis
2084 4121 2207 4186 Clei
2237 4130 2411 4185 notae.

493 4244 621 4333 (Ἶὲ)
645 4242 1312 4333 'I_‘oto_ccelo_ditl‘erunt,_
1365 4261 1497 4333 quae
1552 4242 1627 4305 de
1652 4243 1817 4333 hisce
1837 4248 2045 4333 ραι-νας
2131 4240 2309 4333 fuerit
2336 4257 2535 4333 poepa.
2585 4238 2670 4333 pe
2726 4238 2939 4333 abbate
2995 4238 3583 4333 domestico‘scribit
3624 4240 3781 4333 Leo,

408 4320 526 4387 Leo
557 4320 870 4397 Ostiensis,
903 4323 1004 4404 qui
1030 4332 1267 4404 patratae
1293 4320 1357 4385 in
1384 4320 1748 4386 'Mansonem
1781 4322 2046 4402 Aligerni
2130 4330 2304 4404 atque
2333 4320 2415 4404 ita
2439 4320 2806 4404 loquitur_ad
2838 4322 3017 4404 finem
3043 4321 3257 4402 capitis
3291 4321 3498 4404 16,,ut
3524 4322 3791 4404 narratis

408 4422 816 4465 successorem
846 4400 1217 4483 crudelitatis
1260 4423 1497 4465 causam
1545 4405 1606 4483 in
1636 4400 2305 4483 CapuanorumDﬁdem
2336 4400 2551 4483 faciat:
2621 4423 2661 4483 a_
2704 4400 2811 4483 Er
2844 4401 2938 4462 his
2989 4400 3187 4464 autem
3244 4401 3681 4483 nuntiis,qu0$
3716 4403 3785 4464 in

407 4484 688 4564 adversus
719 4483 882 4564 illum
916 4482 990 4544 ob
1022 4492 1397 4564 recuperatas
1426 4484 1508 4564 ab
1558 4480 1770 4546 Ottone
1802 4500 2040 4564 possesf
2126 4489 2355 4564 tantum
2386 4480 2582 4564 scelus
2643 4480 3007 4564 (evellendus
3030 4481 3327 4564 MMansoni
3375 4482 3610 4564 oculOS)
3649 4482 3790 4561 jam

407 4565 606 4645 siones
635 4563 1003 4645 nimiumque
1051 4561 1269 4645 fastum
1330 4563 1635 4645 invidiam,
1697 4572 1761 4645 et
1782 4561 2044 4645 Alberici
2126 4561 2319 4623 dictus
2351 4561 2921 4645 pseudoeepiscopus
2954 4562 3311 4645 (Albericus)
3355 4562 3788 4645 destinaverat,

405 4642 733 4726 Marsorum
797 4641 1065 4726 episcopi
1135 4663 1243 4726 pro
1298 4644 1683 4726 adipiscenda
1703 4641 2048 4726 _Cas_inensi

407 4723 640 4787 abbatia
708 4723 963 4804 nefarias
1011 4723 1643 4804 ’molitiones'rejicit.
1702 4723 2051 4785 Dubitanter

406 4811 707 4884 utcunque
752 4802 1061 4884 biographi
1089 4806 1282 4868 nostri
1337 4802 1507 4866 dicta
1549 4812 1607 4866 et
1662 4813 1727 4866 ut
1772 4812 2046 4884 suSpecta

407 4882 638 4964 excepit
666 4882 1041 4947 Mabilloni‘us
1068 4885 1358 4948 Actorum
1407 4892 1756 4949 sanctorum
1808 4883 2045 4945 ordinis

406 4964 1048 5046 S.Benedic[isaeculo
1069 4982 1133 5046 7v,
1160 4974 1321 5045 parte
1350 4966 1401 5040 1,
1420 4985 1552 5046 pag.
1577 4964 1717 5039 651,
1739 4981 2047 5046 opponens

404 5043 757 5128 illis_Leonis
772 5043 1082 5128 Marsicani
1104 5043 1529 5128 testimonium,
1555 5064 1623 5107 ex
1638 5063 1752 5126 quo
1781 5043 2044 5128 demum,

404 5125 711 5202 neglectis,
784 5144 915 5204 qua}
981 5126 1081 5187 hic
1149 5126 1445 5204 leguntur,
1514 5123 1675 5188 rem'
1714 5133 1915 5187 narrat
1981 5123 2043 5184 in

401 5205 733 5268 Annalibus
760 5206 835 5267 ad
856 5224 1077 5267 annum
1095 5206 1316 5267 Christi
1336 5206 1455 5269 996
1476 5224 1642 5268 num.
1667 5206 1765 5268 32.
1792 5204 2045 5267 Difficile

403 5293 582 5361 esset,
616 5303 852 5347 causam
882 5285 1271 5365 biographum
1300 5294 1565 5347 nostrum
1620 5285 1777 5347 inter
1806 5293 1865 5349 et
1890 5284 2043 5347 Leo-

404 5383 555 5447 nem
574 5364 878 5447 decidere,
907 5373 967 5447 at
996 5364 1107 5446 ego
1164 5366 1252 5426 sic
1304 5366 1769 5447 hujusasserto
1796 5383 2045 5447 nonas-

403 5444 649 5525 sentiar,
702 5451 773 5525 ut
824 5444 1057 5507 nullius
1093 5444 1398 5511 momenti
1433 5446 1593 5508 illius
1642 5444 2045 5508 testimonium

404 5522 670 5587 credam.
707 5522 867 5586 Vixit
891 5524 1251 5607 biographus
1280 5535 1480 5589 noster
1509 5545 1583 5607 eo
1604 5534 1893 5607 tempore,
1922 5545 2045 5607 quo

404 5611 642 5688 peracta
671 5612 832 5688 sunt,
863 5613 923 5666 et
954 5606 1355 5688 verisimiliter
1405 5607 1466 5670 S.
1519 5606 1652 5669 Nilo
1686 5606 1807 5668 tum
1834 5606 2042 5688 adfuit,

402 5684 519 5770 nec
548 5685 678 5765 ejus
695 5684 1001 5770 intererat,
1034 5686 1337 5770 inflictane
1363 5688 1655 5770 Mansoni,
1689 5705 1872 5770 quam
1899 5684 2043 5766 prae;

402 5763 634 5828 dixerat
656 5772 895 5852 sanctus
918 5768 1116 5852 Pater,
1135 5787 1243 5850 per
1261 5768 1573 5852 Capuanos
1588 5763 1652 5831 et
1670 5763 2041 5852 Hibericum,

402 5817 634 5928 Eii-fili;
650 5817 2044 5930 BBIéi'ﬁehTiil’a‘ﬁqti'é',"€€i'£ﬁ5n{3£

2128 4640 2669 4725 unum,_'_Andream
2700 4640 2973 4725 nomine,
3000 4640 3435 4725 presbyterum,
3457 4659 3589 4725 _ego
3618 4640 3786 4723 ipse,

2130 4741 2265 4784 cum
2294 4721 2488 4803 adhuc
2509 4739 2703 4782 essem
2730 4721 3038 4803 puerulus,
3078 4721 3331 4787 vix'sese
3361 4722 3422 4784 in
3457 4721 3609 4785 leCto
3642 4721 3786 4786 mo-

2126 4820 2261 4864 vere
2291 4802 2584 4885 valentem
2613 4802 2815 4885 recula
2874 4822 2972 4866 me
3021 4803 3261 4885 vidisse,
3297 4805 3775 4885 quiAultracen-

2127 4882 2410 4945 tenariam
2437 4883 2561 4962 jam
2592 4883 2794 4945 vivens
2819 4891 3050 4947 aetatem
3095 4884 3221 4948 haec
3267 4881 3468 4946 omnia
3496 4883 3783 4962 seriatim

2128 4964 2413 5025 avunculo
2444 4961 2863 5043 meo,_sanctaa
2917 4966 3223 5027 momoriae
3270 4963 3485 5028 Joanni
3540 4961 3783 5027 Sorano

2130 5043 2431 5125 episcopo,
2464 5041 2741 5125 quotiens
2794 5044 3290 5125 interrogabatur,
3325 5063 3459 5125 cum
3490 5042 3785 5125 lacrymis

2125 5122 2732 5217 conﬁterisolebatme
2744 5122 3683 5217 quisforte'existimetfabulosum
3699 5170 3715 5185 .
3750 5151 3783 5217 ιε

2126 5203 2485 5285 Ultimahaac
2504 5203 2646 5265 satis
2664 5203 2995 5285 insinuant,
3010 5206 3273 5269 sensisse
3297 5207 3582 5285 Leonem,
3610 5208 3793 5285 quod

2127 5302 2276 5367 nova
2306 5284 2659 5367 diversaque
2687 5284 2759 5367 ab
2819 5286 2915 5362 iis,
2973 5305 3107 5367 quae
3163 5295 3287 5348 tum
3344 5284 3789 5367 narrabantur,

2127 5362 2439 5447 scriberet.
2460 5362 2896 5447 Auctoritatem
2927 5362 3101 5447 po'rro
3132 5365 3387 5429 accersit
3414 5383 3449 5426 a
3475 5362 3788 5447 relatione

2130 5443 2388 5540 hominis
2411 5443 2729 5540 plusquam
2778 5443 3130 5526 centenarii,
3189 5447 3410 5540 quique
3444 5463 3586 5540 ’ξιοη
3644 5444 3791 5511 ιιωο

2128 5524 2279 5616 sibi,
2324 5522 2433 5585 sed
2485 5522 2770 5616 avunculo
2826 5545 2957 5601 suo,
3016 5522 3585 5616 cum_ipse.adhuc
3615 5543 3788 5616 puer

2126 5612 2307 5689 esset,
2342 5606 2667 5689 narraverit
2696 5624 2713 5684 ;
2768 5625 2901 5689 quae
2950 5626 3026 5670 an
3054 5604 3289 5689 penitus
3318 5604 3633 5689 biographi
3660 5624 3794 5671 au-

2125 5684 2457 5747 ctoritatem
2482 5684 2717 5748 elevare
2745 5684 3023 5763 debeant,
3054 5684 3294 5751 videant
3320 5684 3445 5749 alii.
3474 5684 3785 5752 caeterum

2126 5764 2202 5828 de
2230 5763 2329 5851 iis,
2360 5764 2497 5851 bna:
2519 5765 2773 5851 spondet
2799 5766 3181 5851 biographus,
3234 5774 3442 5851 postea
3466 5764 3790 5831 dicturum

2126 5862 2214 5925 se,
2247 5843 2400 5909 nihil
2425 5843 2686 5912 inve—nio.
