3966 6148
196 248 270 319 lib

1482 271 1670 337 VITA
1711 270 1772 333 S.
1815 268 1984 335 NILI
2023 265 2398 331 JUNIORIS.

3516 261 3632 326 146

210 390 373 489 ὤρινεν
432 397 494 455 ἒν
558 406 788 469 αὒτοῖς
857 409 895 464 ὃ
966 409 1243 484 ἐπεζήτει,
1315 409 1555 489 ἐρημίαν,
1615 407 1703 462 καὶ
1756 404 1886 472 ἥσυ-

1995 396 2375 462 ςοοθεείοηοηι
2410 416 2444 459 a
2472 396 2811 476 frequentia
2838 392 3174 460 hominum.
3208 396 3421 459 Aiebat
3442 397 3629 472 enim,

225 487 332 570 Ἦλιν,
370 490 467 545 ’καὶ
524 498 649 548 τῶν
716 495 979 553 πολλῶν
1039 487 1353 559 ἀποικίανξ
1401 495 1564 573 Ελεγε
1632 495 1754 573 γὰρ,
1826 493 1905 550 ὅτι

236 578 528 660 ὠωμσέρει
555 598 695 649 τοῖς
729 583 796 641 ὲν
860 593 945 664 τῇ
1004 594 1165 667 γενεᾷ
1218 588 1381 664 ταύτῃ
1438 598 1702 665 μοναχοῖς
1734 580 1905 646 ἄνεσις

247 670 310 728 ui.
348 668 685 749 iugem-tnui:
717 690 733 703 ⁸
810 678 884 734 οὗ
942 676 1049 755 γάρ
1107 674 1247 731 ἐστιν
1298 677 1334 742 ἡ
1391 673 1569 754 σχολὴ
1624 671 1796 728 αὐτῶν
1853 670 1905 727 ἐν

259 767 495 841 προσεγίοῇ
513 762 610 817 καὶ
635 766 853 843 θεωρίᾳ
917 767 1013 821 καὶ
1069 770 1139 841 τῇ
1188 770 1295 820 τῶν
1353 768 1572 843 Γραφῶν
1600 757 1903 833 ἀναπτύξει,

263 849 352 908 ἀλλ’
404 849 457 908 ἒν
514 850 894 931 ματαιολογίᾳ
950 855 1042 910 καὶ
1096 851 1484 927 κακενθυμησίᾳ
1538 851 1626 907 καὶ
1679 856 1748 924 τῇ
1801 854 1905 904 τῶν

267 942 482 1017 ματαίων
564 944 871 1021 περιεργίᾳ.
973 942 1168 1021 Διόπερ
1254 944 1583 1021 εὑρίσκονται·
1666 940 1757 994 τὸν
1854 937 1906 994 ἐν

263 1031 405 1105 κόπῳ
468 1033 844 1111 περισπασμὸν
932 1031 1236 1110 ἀποτροπὴν
1317 1035 1564 1109 πονηρῶν
1635 1027 1904 1105 λογισμῶν

258 1122 344 1176 καὶ
370 1118 585 1177 πολλῶν
612 1122 796 1177 κακῶν
830 1137 847 1153 ⁸
910 1119 1260 1200 προτιμητέον
1318 1140 1376 1174 τε
1421 1120 1510 1197 τὸ,
1550 1140 1577 1172 α
1612 1115 1698 1174 Ἐν
1732 1113 1907 1195 ἱδρῶτι

253 1220 344 1267 τοῦ
374 1209 665 1288 προσώπου
708 1210 897 1267 ἐσθίειν
944 1212 1034 1266 τὸν
1093 1209 1266 1289 ἄρτον,
1331 1231 1358 1262 ι»
1420 1206 1571 1265 Οὕτω
1595 1207 1746 1272 καὶὴ
1775 1204 1905 1261 ἀπο·

1990 490 2178 550 aatatis
2209 487 2453 567 hujusce
2510 486 2822 548 monachis
2878 505 2999 548 non
3055 504 3187 549 esse
3214 486 3423 549 utilem
3448 486 3632 557 animi

1988 577 2403 639 remissionem
2436 583 2493 637 et
2518 574 2874 651 socordiam,
2935 593 3144 637 vacare
3189 576 3348 638 enim
3379 593 3481 638 eos
3511 595 3631 638 non

1991 665 2263 739 orationi,
2298 664 2777 745 contemplationi
2806 671 2863 725 et
2893 662 3329 745 Scripturarum
3351 664 3633 745 explana-

1993 754 2160 829 tioni,
2195 753 2301 815 sed
2331 751 2668 833 vaniloquio
2720 753 3034 833 pravisque
3089 753 3543 833 cogitationibus
3573 762 3633 816 et

1990 844 2063 906 ad
2092 861 2190 905 res
2219 843 2428 905 inanes
2457 842 2805 907 curiositati.
2863 841 3248 923 Quapropter
3273 842 3493 905 laboris
3522 863 3593 906 oc
3612 879 3627 886 -

1990 932 2363 1012 cupationem
2423 949 2556 993 esse
2628 931 2746 993 illis
2818 950 3135 1011 pravarum
3206 931 3628 1010 cogitationum

1989 1021 2433 1101 multorumque
2508 1020 2794 1082 malorum
2868 1019 3341 1098 devitationem;
3406 1022 3630 1085 idcirco

1942 1118 1961 1135 '
1989 1110 2465 1191 amplectendum
2497 1128 2627 1171 esse
2656 1109 2824 1183 illud,
2866 1132 2890 1167 (ι
2952 1109 3019 1171 In
3075 1109 3295 1172 sudore
3324 1112 3516 1174 vultus
3548 1114 3631 1174 tui

1988 1199 2249 1261 vesceris
2279 1217 2429 1279 pane
2459 1200 2542 1262 83.
2578 1219 2607 1259 ›
2645 1200 2729 1261 lta
2780 1217 2920 1260 vero
2966 1199 3207 1279 impleri
3235 1202 3629 1281 apostolicum

1992 1297 2373 1370 praeceptum,
2409 1296 2466 1349 et
2488 1306 2610 1364 eos,
2644 1288 2747 1368 qui
2775 1287 2984 1349 crebro
3019 1306 3125 1369 per
3153 1307 3262 1350 nos
3292 1297 3629 1364 transeunt,

1992 1378 2225 1440 modica
2247 1380 2443 1458 quiete
2468 1379 2757 1451 truentes,
2784 1395 3139 1440 coronarum
3161 1377 3337 1441 nobis
3359 1388 3632 1444 auctores

1991 1469 2201 1530 merito
2232 1467 2386 1532 ﬁeri.

252 1297 479 1366 στολικὴ
579 1298 774 1367 ἐπολῆ
857 1298 1286 1378 πληρώθήσεται,
1373 1297 1461 1353 καὶ
1553 1298 1601 1353 οἱ
1697 1294 1906 1356 πυκνῶς

249 1387 655 1467 παρερχόμενοι
685 1387 994 1467 συμμέτρως
1042 1386 1425 1463 ἀναπαυόμενοι
1473 1384 1742 1465 στεφάνων
1771 1384 1906 1459 ἡμῖν

250 1475 424 1554 αἴτιοι
451 1476 613 1541 ἀξίως
644 1477 981 1554 γενήσονται.
1744 1549 1746 1552 ν

481 1567 697 1632 Ταύτης
751 1570 853 1631 τῆς
902 1564 1155 1629 συνέσεως
1213 1571 1306 1622 τοῦ
1362 1561 1561 1622 δικαίου
1594 1561 1752 1625 ’τινὲς
1800 1566 1886 1617 τῶς

2068 1558 2171 1619 87.
2195 1557 2360 1619 Hanc
2391 1556 2499 1617 viri
2513 1555 2659 1635 justi
2691 1555 3063 1637 prudentiam
3094 1555 3308 1619 fratres
3338 1576 3458 1622 non
3490 1578 3632 1640 per-

591 1654 855 1731 μηδαμῶς
940 1654 1320 1735 αἰσθηνθέντες,
1417 1651 1715 1711 τούναντίον
1808 1650 1886 1725 ne

1995 1647 2298 1728 cipientes,
2335 1646 2454 1706 imo
2488 1646 2601 1706 late
2623 1652 2923 1726 patentem
2943 1645 3091 1707 viam
3124 1654 3385 1726 augustae
3415 1649 3631 1729 praefe-

247 1742 341 1797 οὖν
418 1743 523 1809 τὴν
594 1744 891 1823 εὖρόχωρσν
958 1743 1075 1801 ὁδὸν
1142 1750 1243 1812 τῆς
1300 1747 1486 1809 στενῆς
1543 1746 1886 1822 προτιμῶντει

1995 1743 2213 1817 rentes,
2247 1735 2634 1815 perstiterunt
2664 1735 2724 1797 in
2772 1735 2931 1797 dicto
2988 1735 3369 1811 monasterio,
3404 1737 3632 1819 alligati

245 1829 613 1904 ὲναπέμειναν
684 1840 760 1907 τῷ
826 1832 1170 1914 προλεχθέντι
1238 1832 1593 1911 μοναστηρίῳ,
1678 1825 1886 1908 προσδε-

1995 1824 2317 1887 commodis
2347 1824 2465 1886 loci
2496 1832 2553 1885 et
2587 1824 2776 1886 sancti
2831 1823 3020 1885 Patris
3072 1825 3443 1888 severitatem
3476 1847 3635 1907 aegre

238 1919 432 1983 θέντες
631 1931 727 1981 τοῦ
790 1923 955 1982 τόπου
1003 1920 1358 1997 διαναπαύσει,
1420 1922 1509 1977 καὶ
1565 1917 1886 1998 ἀχθεσθέντει

1995 1913 2269 1975 ferentes.
2304 1917 2431 1978 Nec
2461 1921 2658 1974 tamen
2682 1913 2796 1974 frui
2820 1913 3018 1993 quiete
3062 1924 3379 1993 potuerunt
3405 1920 3636 1981 cunctis

242 2015 317 2083 τῇ
396 2011 752 2089 στριφνότητι
820 2020 913 2070 τοῦ
978 2011 1149 2089 ἁγίου.
1212 2010 1282 2069 Οὔ
1339 2009 1515 2085 μέντοι
1571 2010 1718 2087 εὗρον
1773 2005 1886 2063 ἀνά-

1995 2002 2226 2079 diebus,
2260 2002 2473 2083 quibus
2522 2002 2668 2064 illud
2715 2001 3145 2083 inhabitarunt,
3193 2023 3307 2066 nec
3334 2005 3523 2068 defuit
3551 2008 3637 2071 ibi

244 2119 449 2153 παυσιν
506 2098 687 2161 πάσας
742 2100 837 2163 τὰς
884 2099 1087 2180 ἡμέρας
1140 2105 1238 2166 τῆς
1295 2100 1470 2155 ἐκεῖσε
1526 2096 1695 2153 αὐτῶν
1744 2090 1914 2164 ἀσκή-

242 2207 387 2249 σεως
424 2202 437 2216 ⁸
502 2185 626 2243 οὔτε
675 2185 934 2264 διέλειψεν
988 2189 1171 2253 αὔτοϊς
1226 2188 1513 2244 ἆκαστασία
1570 2187 1659 2241 καὶ
1705 2181 1907 2263 ἀταξία,

243 2272 429 2351 θλίψις
476 2297 538 2330 τε
586 2277 675 2332 καὶ
731 2275 1055 2358 λογολεσχία
1088 2295 1103 2310 ⁸
1166 2275 1318 2340 τέλος
1376 2274 1431 2331 δἒ
1487 2275 1574 2331 καὶ
1632 2271 1906 2335 παντελῶς

243 2360 589 2430 ἐξεώσθησαν
642 2367 732 2421 καὶ
798 2356 1169 2433 ἀπηλάθησαν.
1237 2356 1293 2424 ιΟ
1351 2363 1405 2421 δὲ
1459 2363 1715 2442 μακάριος
1774 2360 1908 2436 μετά

246 2458 356 2506 τῶν
433 2450 793 2509 συνελθόντων
860 2454 1004 2529 αὒτῷ
1059 2453 1317 2534 ἀδελφῶν,
1376 2455 1464 2510 καὶ
1516 2462 1612 2510 τοῦ
1666 2448 1904 2525 ἀοιδίμου

252 2538 531 2617 Στεφάνου
562 2540 723 2618 ὠρὼν
753 2540 807 2598 ἐν
834 2553 955 2605 τοῖς
1006 2546 1109 2609 τῆς
1164 2544 1360 2605 Γαίτας
1419 2540 1598 2619 μέρεσι
1626 2538 1900 2616 τοπάριον,

250 2623 469 2692 ἀληθῶς
539 2626 588 2683 δ’
659 2631 828 2686 εἰπεῖν
896 2632 1214 2712 σπανίθριον,
1269 2632 1359 2687 καὶ
1412 2630 1641 2709 ἀρεσθεὶς
1700 2626 1784 2683 ἐπὶ
1838 2633 1908 2703 τῇ

250 2713 411 2773 αὖτώ
477 2719 758 2784 στενότητι
827 2721 917 2775 καὶ
984 2717 1231 2799 ξηρότητι
1299 2719 1609 2794 κατῴκησεν
1664 2716 1802 2794 ἐκεῖ,
1856 2714 1910 2771 ἐν

254 2800 422 2877 Estis-5;
449 2806 543 2861 καὶ
600 2805 773 2881 λείψει
826 2814 932 2864 τῶν
989 2815 1303 2884 σωματικῶν
1337 2820 1356 2840 ⁸
1413 2805 1528 2883 μετ’
1585 2809 1644 2864 οὗ
1697 2802 1831 2860 πολὺ
1856 2802 1911 2859 δὲ

254 2891 516 2949 πλειόνων
546 2893 787 2975 ἀδελφῶν
838 2899 929 2953 καὶ
982 2898 1193 2954 πάντων
1250 2896 1505 2977 θεοφιλῶν
1558 2894 1910 2952 συνελθόντων

1994 2092 2351 2154 inordinatio
2383 2100 2442 2152 et
2470 2092 2760 2167 confusio,
2811 2109 2994 2171 angor
3051 2102 3109 2154 et
3139 2092 3406 2171 futilitas,
3442 2095 3634 2159 donec

1994 2182 2229 2242 tandem
2266 2181 2508 2242 omnino
2542 2181 2715 2261 ejecli
2746 2181 3086 2261 extrusique
3114 2189 3272 2244 sunt.
3322 2184 3402 2246 At
3429 2184 3635 2248 beatus

1994 2272 2169 2333 Pater
2197 2289 2330 2332 cum
2360 2269 2668 2343 fratribus,
2722 2288 2871 2350 quos
2924 2270 3212 2333 habuerat
3267 2272 3539 2348 comites,
3576 2282 3635 2336 et

1991 2379 2123 2424 cum
2157 2361 2582 2423 celeberrrimo
2614 2359 2909 2441 Stephano
2940 2360 3002 2423 in
3023 2362 3240 2442 Cajetae
3261 2363 3479 2425 finibus
3497 2383 3631 2427 cum

1987 2451 2294 2532 parvulum
2325 2449 2645 2530 reperisset
2674 2450 2892 2530 locum,
2946 2449 3066 2511 imo
3120 2457 3184 2511 ut
3238 2470 3377 2514 vere
3408 2454 3625 2536 dicam,

1989 2540 2292 2603 desertum
2324 2539 2588 2600 siccitate
2615 2558 2938 2614 secessum,
2975 2540 3243 2620 placente
3271 2543 3539 2622 angustia
3570 2552 3629 2606 et

1990 2629 2262 2691 ariditate
2321 2631 2470 2709 ejus,
2530 2629 2695 2691 illum
2753 2628 3023 2705 incoluit,
3068 2629 3237 2691 initio
3296 2632 3537 2712 quidem
3569 2633 3632 2694 in

1995 2737 2204 2798 magna
2234 2719 2419 2781 victus
2449 2718 2670 2800 inopia,
2720 2718 2826 2780 sed
2879 2738 2997 2779 non
3059 2719 3240 2781 multo
3275 2728 3405 2799 post
3432 2721 3633 2783 fratri-

1994 2807 2124 2881 bus,
2159 2808 2388 2870 cunctis
2417 2826 2560 2869 sane
2616 2807 2724 2869 Dei
2783 2807 3138 2889 amantibus,
3196 2809 3353 2871 haud
3403 2812 3633 2890 paucis,

1994 2896 2505 2970 convenientibus,
2574 2895 2893 2959 subsecuta
2952 2904 3040 2957 est
3108 2915 3309 2957 rerum
3366 2898 3633 2959 omnium

256 2980 463 3038 ἅπαντα
537 2982 595 3039 ἐν
668 2986 877 3058 εὖθηνίᾳ
944 2985 1195 3062 κατέστη,
1268 2985 1651 3064 ἀπερίσπαστός
1718 3005 1776 3039 τε

1995 2986 2314 3049 affluentia.
2350 2985 2550 3066 Itaque
2599 2985 2875 3047 assiduus
2918 2992 3048 3047 erat
3078 2984 3266 3062 labor,
3292 2986 3454 3066 jugis
3484 2988 3636 3068 psal-

258 3070 494 3151 ἐργασία,
595 3074 685 3129 καὶ
752 3072 1086 3139 ἀδιάλειπτος
1166 3073 1478 3155 ψαλμῳδία,
1551 3072 1909 3153 ψαλμολογίαι

258 3163 469 3240 συχναὶ,
529 3163 623 3218 καὶ
672 3162 989 3240 γονυκλίσίαι
1044 3167 1254 3239 πυκναὶ,
1315 3165 1590 3244 ἐγκράτεια
1647 3164 1909 3243 ἑκούσιος³

260 3250 340 3302 καὶ
408 3250 631 3315 {nt-17.01“.
705 3247 948 3315 ἀϐίαστος
981 3268 995 3282 ⁸
1070 3254 1157 3310 καὶ
1222 3252 1408 3310 λοιπὸν
1463 3252 1671 3309 ἅπαντα
1726 3249 1910 3319 ἤνθουν

255 3338 339 3391 καὶ
366 3336 768 3418 ἐκαρποιρόρουν
814 3346 883 3416 τῇ
936 3340 1084 3420 ἀρδίᾳ
1136 3348 1241 3399 τῶν
1298 3340 1473 3420 λόγων
1527 3342 1616 3397 καὶ
1662 3341 1915 3414 ἀπαύστῳ

259 3422 569 3498 διδασκαλίᾳ
595 3433 692 3483 τοῦ
741 3430 988 3510 θεοφόρου
1043 3434 1243 3512 Πατρὸς
1282 3432 1435 3506 ἡμῶν
1493 3428 1701 3489 Νείλου.
1761 3427 1910 3485 Ἀλλ’

292 3512 360 3538 ,.,,
431 3515 444 3533 ,
657 3517 671 3536 ,
1094 3520 1107 3538 ,
1163 3527 1190 3536 η
1345 3520 1360 3540 ,
1424 3519 1435 3538 ,
1662 3524 1688 3534 ..

262 3534 343 3571 ουο
391 3516 553 3579 αυτὸς
586 3519 615 3573 ὁ
648 3519 916 3588 ἀήττητος
975 3519 1028 3576 ἐν
1085 3542 1282 3599 αγωσιν
1337 3539 1603 3577 απεκοπτε
1626 3540 1726 3586 της
1754 3519 1912 3589 συνή-

257 3606 371 3668 θους
428 3609 593 3664 αὐτοῦ
646 3606 976 3689 ἐγκρατείας,
1035 3611 1124 3665 καὶ
1193 3608 1377 3667 ἐνθέων
1435 3608 1854 3687 κατορθωμάτων
1890 3625 1905 3643 ⁸

261 3689 370 3747 ἀλλ’
398 3692 526 3750 ὅσον
562 3702 641 3771 τῷ
690 3696 896 3772 σώματι
956 3698 1122 3777 ἐγήρα
1178 3700 1265 3754 καὶ
1319 3696 1603 3775 ἐξησθένει,
1662 3706 1908 3755 τοσοῦτον

259 3789 331 3855 τῷ
395 3784 665 3859 πνεύματι
739 3785 989 3842 ἀνὲθαλλε
1072 3790 1161 3844 καὶ
1242 3785 1578 3864 ἐὼναμοῦτο.
1650 3785 1909 3845 Οὐδέποτε

260 3870 319 3936 ἦν
348 3873 493 3949 alia};
542 3872 844 3953 παραλύει-αι
900 3876 1167 3956 νηστείαν,
1223 3879 1289 3945 ἢν
1345 3877 1645 3955 γεύσασθαι,
1698 3875 1735 3943 ἢ
1763 3888 1908 3932 πιεῖν

262 3970 422 4039 καιρῷ
476 3963 561 4037 μὴ
619 3965 1002 4039 νενομισμένῷ,
1064 3968 1137 4030 ὡς
1189 3964 1303 4029 ἔθος
1353 3971 1459 4022 τῶν
1509 3965 1906 4044 γηρασκόντων.

265 4049 379 4108 03δὲ
436 4073 577 4108 ποτε
648 4053 895 4130 ἐγεύσατο
948 4054 1188 4134 κρέατος,
1248 4055 1285 4123 ἢ
1343 4056 1403 4112 τὸ
1457 4059 1612 4129 σῶμα
1660 4052 1911 4109 ἐλούσατο

261 4141 419 4220 μένει
450 4146 557 4208 τῆς
588 4140 839 4209 τελευτῆς
871 4146 1027 4202 αὗτοῦ
1056 4161 1072 4177 ⁸
1126 4145 1216 4200 καὶ
1270 4150 1431 4200 ταῦτα
1458 4142 1511 4199 ἐν
1541 4143 1693 4219 βαθεῖ
1720 4147 1861 4222 γῆρᾳ
1892 4157 1905 4171 ⁸

260 4230 552 4293 ἑκατοστὸς
613 4231 714 4309 γάρ
768 4231 1088 4302 ἀποθνήσκει
1143 4232 1299 4289 πέντε
1350 4232 1573 4289 δεόντων
1606 4246 1619 4261 ⁸
1680 4232 1768 4288 καὶ
1817 4231 1911 4287 νό-

256 4339 369 4381 σοις
401 4318 673 4397 μεγάλαις
724 4321 812 4376 καὶ
865 4318 1129 4383 ποικίλαις
1181 4321 1447 4379 πυκτεύων
1507 4320 1565 4378 οὔ
1622 4320 1782 4396 μόνον
1829 4317 1914 4375 διὰ

256 4410 317 4463 τὸ
345 4414 552 4487 γῆρας,
611 4406 750 4463 ἀλλά
806 4410 894 4465 καὶ
950 4405 1035 4464 διὰ
1088 4410 1186 4477 τὴν
1239 4407 1442 4477 πολλὴν
1500 4409 1789 4488 κακουχίαν
1834 4407 1918 4464 καὶ

255 4496 460 4576 ἄκρατον
561 4495 995 4576 σκληραγωγίαν,
1099 4500 1188 4561 Εἰς
1285 4498 1534 4566 τοιαύτην
1628 4499 1728 4578 γὰρ
1813 4495 1916 4562 ἕξιν

252 4587 567 4663 ἠγωνίσατο
635 4587 726 4642 καὶ
795 4585 996 4666 ἤγαγεν
1063 4589 1268 4663 ἑαυτὸν,
1342 4586 1422 4644 ὅτι
1495 4590 1585 4644 καὶ
1659 4590 1702 4644 εἰ
1758 4585 1911 4654 ἤθελε

252 4690 454 4753 ’φαγεῖν
523 4676 566 4743 ἢ
625 4690 773 4733 πιεῖν
828 4679 959 4756 πρὸς
1016 4679 1078 4734 τὸ
1133 4679 1522 4749 ἀνακτήσασθαι
1580 4678 1763 4735 ἑαυτὸν
1820 4680 1916 4735 οὒκ

255 4764 343 4819 εἴα
372 4767 541 4824 αὑτὸν
594 4766 630 4833 ἦ
688 4768 935 4838 συνήθεια
963 4786 979 4804 ο
1040 4765 1158 4824 ἀλλ’
1213 4765 1330 4827 οὐδὲ
1372 4767 1534 4827 ὕπνου
1561 4765 1783 4836 ἠδύνατο
1811 4787 1913 4844 με·

253 4869 489 4933 τασχεῖν
516 4854 583 4910 τὸ
611 4854 827 4933 ἀρκοῦν.

339 5111 463 5188 πη’.
542 5122 810 5190 Πολλάκις
867 5126 925 5184 δέ
974 5129 1062 5185 καὶ
1131 5127 1313 5186 ἑαυτοῦ
1378 5126 1633 5206 ἐξίστατο,
1692 5125 1780 5181 καὶ
1834 5123 1918 5182 ἐπὶ

340 5283 407 5332 ὧ
433 5284 584 5348 Gen.
614 5300 704 5361 ω,
742 5285 840 5352 19.

1929 4282 1978 4344 D

1994 3075 2211 3151 modia,
2238 3075 2467 3137 crebrae
2487 3074 2868 3137 recitationes
2891 3074 3261 3154 psalmorum
3284 3083 3341 3137 et
3356 3077 3635 3157 frequens

1992 3165 2350 3246 genuﬂexio,
2384 3163 2739 3225 abstinentia
2791 3171 3118 3242 spontanea
3172 3172 3231 3226 et
3286 3183 3405 3226 non
3436 3173 3639 3228 coacta

1995 3254 2357 3317 obetlientia.
2390 3255 2466 3316 Et
2494 3272 2637 3316 sane
2662 3253 2786 3333 jam
2810 3253 3102 3315 ﬂorebant
3125 3272 3335 3315 omnes
3356 3253 3635 3316 fructum-

1996 3364 2111 3427 que
2166 3342 2431 3407 ferebant
2487 3342 2831 3422 irrigatione
2890 3361 3238 3405 sermonum
3295 3351 3353 3406 et
3383 3344 3634 3424 perenni

1993 3433 2332 3512 magisterio
2363 3432 2575 3494 deiferi
2621 3432 2807 3494 Patris
2863 3432 3048 3494 nostri
3103 3432 3241 3507 Nili,
3303 3439 3361 3493 et
3416 3432 3633 3512 ipsein

1993 3521 2366 3604 perferendis
2387 3522 2588 3584 arduis
2611 3521 2916 3585 laboribus
2933 3521 3189 3584 invictus
3210 3522 3355 3583 nihil
3372 3522 3448 3584 de
3460 3522 3635 3584 solita

1991 3610 2350 3672 abstinentia
2378 3610 2716 3673 remittebat
2773 3611 3108 3693 divinisque
3166 3610 3491 3685 exercitiis,
3526 3611 3632 3673 sed

1993 3718 2107 3780 quo
2134 3700 2320 3779 magis
2339 3719 2585 3782 corpore
2604 3701 2956 3763 senescebat
2979 3709 3036 3761 et
3050 3699 3407 3762 imbecillior
3429 3698 3628 3773 fiebat,

1993 3796 2152 3850 tanto
2175 3788 2372 3850 acrius
2395 3789 2613 3869 Spiritu
2635 3788 3059 3851 reﬂorescebat
3091 3796 3150 3850 et
3178 3789 3333 3850 vires
3360 3789 3632 3869 acquire-

1990 3876 2110 3942 bat.
2138 3870 2458 3958 Nunquam
2488 3877 2603 3939 sibi
2630 3876 2879 3940 indulsit
2908 3884 2973 3937 ut
3023 3877 3324 3956 jejunium
3354 3877 3629 3954 solveret,

1991 3974 2090 4030 aut
2110 3967 2471 4047 degustaret,
2498 3966 2804 4027 biberetve
2836 3972 3049 4046 praeter
3080 3964 3458 4027 constitutum
3490 3973 3633 4026 tem-

1994 4076 2126 4138 pus,
2158 4066 2223 4118 ut
2252 4055 2435 4117 moris
2457 4061 2545 4115 est
2568 4053 2811 4115 senibus
2836 4075 2850 4114 :
2883 4071 3063 4115 carne
3086 4072 3327 4134 semper
3348 4053 3635 4115 abstinuit

1994 4155 2052 4206 et
2081 4145 2294 4208 balneo
2324 4162 2626 4225 nunquam
2686 4151 2777 4205 est
2837 4161 2978 4204 usus
3033 4160 3221 4223 usque
3251 4143 3323 4204 ad
3358 4150 3633 4217 mortem,

1995 4233 2172 4317 idque
2195 4236 2316 4314 jam
2348 4234 2686 4314 decrepitus
2716 4250 2898 4295 senex
2924 4230 3149 4312 (agebat
3178 4230 3340 4293 enim
3364 4233 3636 4313 quintum

2002 4333 2061 4387 et
2106 4323 2556 4404 nonagesimum
2587 4341 2808 4383 annum
2867 4322 3015 4401 ('73),
3075 4339 3211 4382 cum
3245 4339 3516 4383 mortuus
3548 4332 3642 4384 est

1999 4413 2345 4493 magnisque
2377 4419 2435 4473 et
2486 4412 2664 4474 variis
2695 4410 2916 4473 morbis
2947 4410 3220 4487 afﬂictus,
3257 4429 3375 4470 non
3407 4418 3639 4473 tantum

2000 4509 2243 4582 propter
2270 4509 2665 4583 senectutem,
2725 4500 2831 4562 sed
2889 4502 3065 4561 etiam
3125 4500 3199 4562 ob
3232 4499 3480 4561 nimiam
3511 4501 3644 4562 vita:

1997 4590 2377 4670 asperitatem
2407 4598 2484 4667 et,
2513 4610 2645 4669 quae
2671 4589 2762 4651 vix
2788 4590 3054 4652 enarrari
3087 4597 3287 4670 queat,
3314 4589 3645 4671 disciplinae

1997 4680 2421 4743 austeritatem.
2444 4684 2528 4743 Eo
2556 4679 2716 4741 enim
2745 4678 3108 4741 habitudinis
3131 4697 3236 4759 per
3257 4678 3491 4741 labores
3512 4697 3646 4741 sese

1998 4768 2328 4846 redegerat,
2361 4776 2425 4829 ut
2452 4768 2503 4829 si
2532 4768 2730 4843 vellet,
2763 4767 2940 4829 etiam
2970 4767 3286 4830 comedere
3313 4768 3404 4829 vel
3441 4766 3648 4830 bibere

1999 4857 2071 4920 ad
2104 4856 2457 4918 recreandas
2490 4857 2669 4932 vires,
2701 4856 2762 4918 id
2794 4856 2910 4918 sibi
2940 4855 3309 4918 consuetudo
3341 4875 3459 4917 non
3502 4874 3642 4937 per-

2002 4946 2265 5008 mitteret
2293 4954 2351 5008 et
2379 4964 2656 5028 peraeque
2678 4964 2888 5009 somno
2905 4964 2969 5007 se
2990 4945 3133 5009 dare
3155 4943 3506 5025 congruenti
3530 4962 3647 5006 non

2004 5043 2223 5117 posset.

2085 5123 2180 5188 88.
2198 5121 2329 5186 Non
2350 5141 2483 5188 raro
2508 5124 2685 5187 etiam
2712 5125 2927 5188 mentis
2947 5123 3278 5206 patiebatur
3294 5121 3645 5186 abstractio-

1649 5419 1895 5484 Joannis
1924 5420 2046 5485 Clei
2075 5428 2248 5484 notae.

354 5548 473 5628 (73)
500 5550 582 5612 Ex
630 5550 797 5615 hisce
843 5548 1256 5613 chronotaxim
1305 5547 1560 5628 aliquam
1608 5544 1757 5610 Vitae
1803 5547 1990 5609 sancti
2035 5543 2223 5607 Patris
2269 5540 2492 5605 deduxi
2534 5542 2861 5604 Comment.
2910 5539 3109 5621 pmvii
3153 5556 3316 5602 num.
3361 5539 3424 5616 7,
3472 5555 3647 5620 quem

268 5642 527 5705 consule.
