3966 6148
374 224 487 288 147
1274 284 1279 289 .
1815 326 1823 335 .
1850 228 2005 293 ΑΝΟ

2171 224 2205 292 ll
3630 232 3744 298 148

371 377 536 435 nem,
569 358 792 440 diuque
817 358 981 422 vocis
1007 377 1120 421 usu
1153 376 1378 446 carens
1425 362 1743 424 astantium
1774 378 2006 444 quoque

2171 364 2351 422 εἶστον
2420 363 2652 441 διέμενεν
2722 363 2954 446 ἄφωνος,
3031 368 3120 423 καὶ
3174 372 3281 423 τῶν
3341 367 3612 445 παρόντων
3670 368 3745 443 μὴ

373 447 750 529 praesentiam
782 466 901 509 non
953 445 1267 523 sentiebat,
1329 466 1670 531 quanquam
1703 458 1763 513 et
1794 451 1853 512 in
1889 452 2006 529 ipsa

2171 453 2494 529 τοανύμενος.
2527 452 2673 522 Πλὴν
2729 445 2809 511 ὅτι
2865 456 2953 512 καὶ
3007 455 3060 511 ἐν
3118 455 3249 531 αὒτῇ
3299 462 3368 532 τῇ
3428 456 3666 512 ἐκστάσει
3697 455 3746 511 εἴ

370 536 609 617 exstasi,
631 535 683 597 si
713 536 949 617 quando
979 535 1201 617 aliquid
1220 536 1761 614 submurmuraret,
1790 558 1821 600 e
1839 558 2006 601 sacra

2171 542 2232 598 ητέ
2261 566 2309 598 τι
2340 542 2620 619 ἐλάλησεν,
2655 542 2714 600 ἐκ
2773 549 2877 600 τῶν
2930 550 3031 611 τῆς
3090 544 3229 607 θείας
3257 541 3583 622 λειτουργίας
3612 545 3747 601 ἀπο-

372 623 637 713 liturgize
679 622 1168 713 responsionibus
1248 624 1427 687 verba
1496 627 1878 706 proferebat:
1957 639 2006 688 ul

2171 637 2319 688 ίσεων
2349 631 2708 713 ἀπεφθέγγετο
2741 647 2755 661 ⁸
2786 636 2903 688 οἷον
2932 634 3017 705 τὸ,
3071 652 3095 692 ο
3136 633 3442 712 Παράσχου,
3480 633 3630 710 Κύριε
3664 648 3677 661 ·
3720 656 3742 690 ι

372 721 534 794 puta,
558 737 585 768 α
611 711 908 794 Concede,
935 712 1245 787 Domine,»
1262 713 1375 789 vel,
1407 740 1430 770 ιι
1460 714 1730 784 Sanctus.
1757 725 2006 792 sanctus1

2171 720 2247 792 τὸ,
2288 741 2314 772 (ι
2368 711 2552 798 Αγιος,
2585 720 2758 800 ἅγιος,
2792 721 2944 798 ἅγιος
2976 722 3184 800 Κύριος,
3223 744 3250 775 ι)
3310 722 3401 777 καὶ
3445 721 3513 776 τὰ
3540 720 3696 797 ὅμοια
3732 738 3744 752 ⁸

370 810 610 864 sanctus
643 802 950 875 Dominus,
983 822 1013 863 λ)
1051 810 1109 863 et
1132 801 1352 864 similia
1386 825 1398 859 :
1450 804 1813 886 quandoque
1843 804 2006 866 etiarr

2171 806 2291 864 λοτε
2320 805 2491 864 δὲκαὶ
2539 810 2630 863 τὸν
2688 808 2911 884 ἄμωμον
2966 808 3300 889 στιχολογὼν
3362 811 3657 889 ηὑρίσκετο.
3694 813 3750 867 Εἰ

372 890 689 971 psalmum,
724 915 751 946 α
785 890 950 953 Beati
981 890 1367 967 immaculati,
1396 924 1423 948 ι
1457 893 1710 955 recitare
1741 895 2006 956 audieba-

2224 920 2305 961 τις
2362 898 2495 973 μετὰ
2550 905 2712 953 ταῦτα
2765 904 2871 954 τῶν
2926 896 3162 977 ἀδελφῶν
3219 897 3401 977 ἠρώτα
3459 901 3634 978 αὺτὸν,
3694 900 3751 957 Τί

371 989 488 1043 tur.
534 978 707 1067 Quod
740 979 790 1041 si
822 979 954 1060 quis
991 998 1023 1041 e
1052 978 1332 1041 fratribus
1373 989 1580 1061 postea
1608 982 1914 1062 quaesisset
1945 982 2006 1043 al

2171 1009 2186 1040 ι
2215 984 2425 1064 γέγονε,
2474 986 2689 1066 Πάτερς
2744 987 2831 1042 καὶ
2882 993 2983 1043 ποῦ
3038 987 3103 1054 ἧς
3161 986 3261 1049 ἕως
3320 986 3483 1065 ἄρτις
3542 987 3753 1067 ἆπεκρῖ-

370 1086 442 1129 eo
468 1086 483 1130 :
512 1066 662 1139 Quid
691 1067 792 1128 tibi
819 1067 1084 1146 contigit,
1110 1070 1303 1149 Pater,
1328 1078 1388 1131 et
1410 1069 1509 1130 ubi
1532 1071 1814 1131 hactenus
1841 1070 2006 1133 eras?

2171 1089 2261 1130 το·
2337 1072 2417 1129 ὅτι
2489 1072 2783 1153 Ἐγῆρασα,
2851 1074 3058 1154 τέκνον,
3133 1076 3220 1130 καὶ
3302 1075 3575 1154 ἐληρῖασα.
3664 1077 3752 1131 καὶ

370 1155 836 1236 Respondebat:
872 1155 1194 1228 Consenui,
1218 1156 1302 1217 fili
1324 1165 1383 1217 et
1403 1156 1592 1219 deliro
1614 1168 1669 1220 et
1700 1177 2006 1239 oppressus

2171 1164 2489 1242 ιιιμονίσθην,
2561 1164 2648 1218 καὶ
2717 1162 2765 1218 τί
2811 1163 3012 1241 πάσχω
3073 1166 3167 1222 οὒκ
3221 1160 3366 1223 οἶδα.
3431 1161 3596 1219 Ἀλλὰ
3665 1166 3753 1220 καὶ

368 1244 641 1306 ἀωιηοηθ
670 1262 800 1304 sum
829 1250 888 1305 et
918 1243 1125 1323 ignoro
1154 1244 1308 1325 quod
1345 1246 1554 1325 patior.
1588 1245 1740 1318 Quin
1766 1256 2016 1309 etacce-

369 1332 649 1395 dentibus
678 1332 752 1394 ad
782 1332 952 1395 illum
991 1332 1333 1413 importune
1364 1342 1422 1395 et
1455 1354 1489 1395 a
1517 1336 2016 1414 contemplatione

371 1420 587 1482 mentis
636 1422 1017 1483 avocantibus
1063 1421 1395 1483 renuntiari
1440 1422 1711 1503 jubebat,
1743 1425 2016 1485 daemone

369 1509 578 1590 agitari
607 1528 837 1586 senem,
886 1528 996 1572 nec
1056 1529 1229 1590 posse
1272 1512 1342 1572 ad
1400 1531 1758 1592 quemquam
1784 1513 2010 1577 venire.

368 1598 486 1662 Sed
507 1618 624 1680 quo
640 1599 825 1679 magis
846 1599 975 1679 ipse
1000 1600 1401 1661 contendebat
1424 1609 1482 1661 et
1513 1601 1828 1680 abjiciebat
1857 1621 2011 1678 sese,

368 1706 440 1749 eo
462 1687 636 1749 latius
650 1687 1057 1767 divulgabatur
1068 1694 1126 1748 et
1145 1687 1833 1768 percrebrescebatfama
1853 1690 2003 1770 ejus,
2025 1693 2070 1754 B
2094 1696 2246 1753 αώτοῦ
2282 1713 2298 1730 ο

368 1785 428 1838 et
453 1775 846 1838 accurrebant
874 1794 1105 1850 omnes,
1168 1782 1232 1836 ut
1286 1776 1556 1839 viderent
1588 1788 1643 1838 et
1672 1779 2009 1859 loquentem

364 1873 560 1948 ipsum
586 1864 883 1929 audirent.
918 1864 1120 1946 Itaque
1150 1864 1364 1946 Cajetae
1419 1884 1652 1946 quoque
1685 1867 2009 1947 principem

363 1955 590 2037 rogavit
618 1973 766 2017 uxor
790 1955 936 2035 (74),
964 1963 1028 2015 ιιι
1067 1954 1224 2015 irent
1263 1955 1572 2016 salutatum
1615 1955 1719 2017 Dei
1751 1974 2005 2020 servum.

364 2046 472 2109 Ille
498 2062 639 2106 vero
677 2062 691 2107 :
724 2042 1163 2123 Signiﬁcemus.
1197 2042 1414 2123 inquit,
1449 2045 1560 2105 hoc
1608 2044 1695 2105 illi
1728 2044 2007 2126 primum,

364 2153 444 2197 ne
486 2134 638 2194 forte
666 2150 848 2212 grave
876 2131 1143 2193 videatur
1168 2139 1226 2194 et
1254 2133 1501 2193 ati'ectus
1533 2133 1802 2195 molestia
1831 2134 2011 2214 fugiat

366 2243 401 2285 e
428 2221 674 2300 regione
702 2228 906 2282 nostra
936 2227 994 2280 et
1024 2220 1181 2281 servi
1231 2219 1338 2281 Dei
1375 2220 1667 2299 jacturam
1699 2222 2004 2285 faciamus.

363 2310 787 2391 Signiﬁcarunt
814 2307 998 2388 igitur
1021 2308 1096 2370 de
1127 2308 1259 2381 hoc,
1301 2309 1501 2369 multis
1529 2309 1806 2389 precibus
1835 2328 2012 2388 agen-

365 2411 488 2475 tes;
511 2397 783 2460 sciebant
807 2396 966 2459 enim
994 2396 1160 2457 illum
1187 2397 1576 2460 vehementer
1603 2401 1859 2461 aversari
1882 2401 2006 2462 col-

363 2488 562 2569 loquia
578 2486 957 2560 feminarum,
978 2492 1036 2545 et
1057 2485 1407 2547 mulieribus
1425 2506 1542 2547 non
1566 2496 1766 2566 patere
1787 2490 2009 2550 aditum

362 2576 423 2639 in
457 2577 587 2654 ejus
616 2572 1065 2636 monasterium.
1125 2574 1200 2636 At
1246 2584 1449 2635 contra
1506 2577 1594 2637 vir
1621 2589 1858 2640 sanctus
1884 2580 2010 2641 hmo

362 2664 436 2727 ad
471 2665 631 2725 illam
661 2662 912 2743 perferri
927 2661 1123 2742 jussit.
1166 2660 1410 2741 Ignosce
1441 2665 1586 2725 mihi
1620 2676 1857 2747 propter
1885 2667 2007 2729 Do-

365 2753 591 2815 minum
621 2773 635 2812 :
666 2769 801 2812 nam
827 2750 1064 2831 quando
1085 2750 1353 2812 vivebam
1383 2752 1443 2813 in
1468 2755 1705 2818 saeculo.
1742 2755 2010 2818 daemone

362 2839 742 2921 exagitabar;
774 2839 1028 2919 ideoque
1051 2856 1121 2900 ex
1143 2856 1260 2919 quo
1278 2857 1409 2901 sum
1434 2840 1620 2905 factus
1654 2845 2003 2922 monachus,

362 2937 602 2993 curatus
633 2947 764 2990 sum
792 2945 806 2991 :
864 2945 1024 2990 nunc
1052 2945 1194 2991 vero
1226 2929 1276 2989 si
1306 2929 1588 2992 feminam
1621 2932 1846 3009 videro,
1883 2933 2066 2996 sta-C
2088 2929 2299 2997 ἐξιάθην
2334 2947 2350 2964 ·

364 3019 469 3082 tim
500 3022 735 3082 daemon
763 3017 1084 3079 revertitur
1098 3024 1157 3081 et
1186 3020 1406 3080 cruciat
1436 3038 1532 3081 me
1566 3022 1714 3103 (75).
1748 3021 1885 3085 Haec
1910 3023 2009 3084 ubi

364 3107 587 3173 audivit
615 3115 674 3170 et
700 3106 991 3168 intellexit
1050 3107 1288 3185 mulier,
1349 3110 1557 3189 majori
1612 3112 1832 3173 exarsit
1855 3112 2009 3174 desi-

363 3196 530 3259 derio
560 3189 796 3258 vivendi
821 3196 1017 3276 ipsum
1065 3203 1123 3258 et
1176 3197 1378 3258 tandiu
1411 3198 1721 3263 colluctala
1750 3208 1860 3281 est,
1892 3202 2005 3263 do-

366 3303 479 3348 nec
507 3284 667 3346 venit
694 3293 754 3347 et
781 3284 911 3365 ejus
939 3284 1291 3347 salutatione
1345 3285 1581 3366 dignata
1626 3296 1735 3353 est.
1769 3292 2005 3352 Praece-

365 3379 531 3453 perat
560 3380 778 3449 tamen,
810 3390 887 3433 ne
916 3372 1037 3433 ulla
1064 3368 1362 3454 oppidana
1390 3376 1605 3438 mulier
1631 3385 2002 3458 sequeretur,

362 3461 468 3523 sed
502 3479 708 3522 omnes
737 3478 867 3522 eam
897 3468 1289 3541 sequerentur
1307 3461 1439 3544 viri,
1469 3463 1624 3544 Ergo
1654 3465 1864 3528 beatus
1895 3467 2003 3541 vir,

362 3556 672 3630 postquam
709 3549 910 3628 paucis
939 3549 1104 3611 illam
1160 3549 1458 3613 docuisset
1486 3553 1561 3614 de
1591 3553 1896 3635 pudicitia,
1929 3558 2007 3616 de

360 3637 764 3719 eleemosyna,
794 3637 989 3719 deque
1019 3637 1231 3700 timore
1288 3637 1420 3715 Dei,
1478 3640 2007 3725 domueremisit

360 3726 741 3806 gaudentem.

440 3816 542 3881 89.
574 3820 646 3881 Et
676 3818 770 3897 ipe
799 3814 1037 3897 quidem
1068 3816 1378 3896 aegerrime
1431 3817 1659 3882 ferebat
1705 3827 1766 3883 et
1794 3841 2004 3903 magno

2098 1264 2217 1314 τοῖς
2309 1249 2739 1331 παραϐάλλουσιν
2834 1251 3087 1331 ἀκαίρως,
3177 1252 3267 1308 καὶ
3355 1251 3753 1331 ἆπασχολοϋσιν

2098 1339 2254 1397 αὐτὸν
2321 1339 2382 1395 ἐκ
2448 1345 2548 1407 τῆς
2620 1340 2755 1396 κατὰ
2811 1349 2928 1399 νοῦν
2981 1342 3222 1420 θεωρίας,
3284 1339 3489 1397 ἐκέλευε
3550 1341 3747 1419 λέγειν,

2096 1426 2176 1485 ὅτι
2207 1426 2573 1509 Ἐδκιμονίσθη
2628 1431 2656 1485 6
2713 1428 2903 1509 γέρων,
2963 1431 3049 1486 καὶ
3107 1434 3166 1489 οὔ
3196 1427 3412 1486 δύναταί
3440 1453 3542 1486 τινι
3574 1430 3753 1486 ἀπαν-

2095 1523 2278 1585 τῆσαι.
2316 1499 2462 1575 ’ὅσον
2528 1515 2582 1573 δὲ
2642 1519 2799 1581 αὒτὸς
2857 1516 3105 1583 ἐξουθένει
3164 1519 3251 1575 καὶ
3311 1517 3582 1578 ἐταπείνου
3633 1521 3753 1575 ἑαυ-

2095 1608 2207 1682 τὸν,
2280 1616 2526 1666 τοσοῦτον
2595 1604 2849 1686 διήρχετο
2920 1608 3005 1663 καὶ
3075 1606 3426 1686 ἐμεγαλύνετο
3495 1610 3529 1676 ἡ
3585 1610 3749 1688 φήμη

2369 1697 2458 1751 καὶ
2525 1695 2718 1759 πάντες
2790 1694 3006 1775 ἔτρεχον
3076 1703 3168 1752 τοῦ
3225 1696 3504 1752 θεάσασθαι
3567 1700 3748 1769 αὐτὸν,

2090 1786 2178 1841 καὶ
2205 1784 2421 1844 ἀκοῦσαι
2475 1788 2572 1850 τῆς
2630 1786 2933 1863 συντυχίας.
2995 1781 3083 1840 Ἐν
3136 1789 3230 1859 μιᾷ
3278 1791 3404 1861 γοῦν
3435 1784 3750 1863 παρακαλεῖ

2070 1874 2181 1928 ’τὸν
2236 1878 2335 1937 ττις
2392 1873 2588 1935 Γαίτας
2646 1867 2881 1950 ἄρχοντα
2934 1872 2969 1939 ἡ
3027 1868 3243 1946 σῦμϐιος
3299 1875 3458 1929 αὖτοῦ
3489 1870 3742 1929 ἀπελθεῗν

2096 1959 2168 2020 εἷς
2238 1958 2592 2037 προσκύνησιν
2662 1964 2753 2012 τοῦ
2823 1955 3008 2014 δούλου
3076 1967 3168 2016 τοῦ
3237 1965 3387 2017 Θεοῦ.
3449 1960 3548 2015 Καὶ
3605 1958 3751 2037 λέγει

2098 2047 2231 2122 αὒτῇ
2290 2048 2317 2101 6
2374 2045 2557 2124 ἀνήρ’
2619 2043 2954 2120 Γηλώσωμεν
3012 2052 3218 2125 πρῶτον
3280 2047 3444 2119 αύτῷ,
3507 2049 3583 2121 μή
3636 2070 3752 2111 πως

2094 2141 2234 2213 92νῇ
2266 2133 2407 2207 αὐτῷ
2434 2134 2583 2213 βαρὺι
2635 2135 2727 2189 καὶ
2778 2134 3050 2212 ἀχθεσθεὶς
3108 2134 3247 2214 φύγῃ
3305 2133 3412 2189 ἀπὸ
3467 2140 3565 2201 τῆς
3625 2135 3753 2215 75;)-

2094 2244 2187 2302 ρας
2259 2224 2437 2296 ἡμῶν,
2512 2222 2599 2278 καὶ
2651 2225 3002 2297 ζημιωθῶμεν
3060 2223 3149 2277 τὸν
3205 2219 3388 2278 δοῦλον
3447 2231 3538 2280 τοῦ
3594 2229 3749 2278 Θεοῦ.

2092 2311 2222 2367 Τότε
2280 2310 2563 2386 μηνύουσιν
2626 2312 2765 2384 αὒτῷ
2821 2312 2939 2389 περὶ
2994 2311 3203 2382 τούτου,
3263 2308 3440 2366 πολλὰ
3497 2332 3752 2389 παρακα-

2090 2400 2302 2463 λοῦντες
2335 2399 2490 2457 αὐτόν
2527 2417 2540 2431 ⁶
2600 2398 2883 2476 ἐγίνωσκον
2939 2401 3060 2479 γὰρ,
3123 2398 3203 2455 ὅτι
3264 2396 3461 2479 σφόδρα
3491 2398 3754 2477 ἀποστρέ-

2090 2509 2241 2567 φεται
2299 2487 2397 2554 τὴν
2454 2487 2734 2567 συντυχίαν
2792 2494 2895 2544 τῶν
2934 2494 3210 2573 ’γυναικῶν
3245 2503 3259 2516 ⁸
3328 2488 3417 2542 καὶ
3475 2486 3554 2543 ὅτι
3605 2485 3755 2546 οὐδέ-

2089 2597 2220 2633 ποτε
2289 2575 2583 2655 εἰσέρχεται
2673 2575 2807 2653 γυνὴ
2879 2575 2932 2633 ἐν
3004 2584 3081 2651 τῷ
3151 2578 3494 2654 μοναστηρίῳ
3564 2580 3749 2635 αὐτοῦ.

2096 2662 2413 2732 Ἀντιδηλοτ
2470 2665 2558 2721 οὖν
2633 2668 2763 2742 αὐτῇ
2818 2667 2846 2721 6
2908 2664 3055 2729 ὅσιος
3119 2664 3294 2743 λέγων
3324 2684 3341 2702 ο
3401 2664 3756 2740 Συμπάοησόν

2096 2774 2193 2828 μοι
2229 2751 2313 2809 διὰ
2342 2754 2433 2809 τὸν
2486 2753 2694 2832 Κύριον,
2756 2751 2836 2808 ὅτι
2893 2754 3046 2821 ἡνίκα
3101 2751 3248 2828 ἤμην
3296 2755 3571 2828 κοσμικὸς,
3605 2751 3757 2810 ἐδαι-

2092 2840 2398 2917 μονιζόμην
2431 2856 2445 2870 ⁸
2506 2843 2594 2897 καὶ
2652 2838 2737 2896 διὰ
2793 2851 2948 2900 τοῦτο
3005 2838 3097 2897 ἀπ’
3158 2844 3216 2897 οὗ
3269 2841 3462 2920 γέγονα
3492 2843 3758 2921 μοναχὸς,

2406 2931 2514 2986 νυνὶ
2543 2927 2596 2985 δὲ
2651 2928 2740 2985 ἐὰν
2770 2928 2871 2986 ἴδω
2928 2943 3180 3009 γυναῖκα,
3230 2932 3467 3010 πάραυτα
3501 2934 3527 2986 6
3555 2929 3759 3006 δαίμων

2092 3019 2408 3101 ὑποστρέφει
2437 3020 2526 3075 καὶ
2573 3017 2782 3091 κολάζει
2831 3040 2920 3095 με.
2985 3026 3157 3076 Ταῦτα
3211 3020 3246 3087 ἡ
3303 3020 3435 3097 γυνὴ
3487 3019 3761 3076 ἀκούσασα

2089 3109 2178 3165 καὶ
2247 3110 2506 3180 νοήσασα,
2578 3105 2740 3164 πλέον
2836 3106 3172 3186 ἆνεπτερώθη
3268 3108 3397 3185 πρὸς
3468 3108 3528 3162 τὸ
3597 3109 3758 3164 αἰετὸν

2089 3197 2390 3278 θεάσασθαι,
2479 3198 2568 3253 καὶ
2655 3206 2903 3255 τοσοῦτον
2993 3196 3332 3275 ἐπύκτευσεν,
3433 3194 3533 3259 ἕως
3627 3194 3761 3256 ὅτου

2091 3284 2218 3353 ἦλθε
2247 3287 2334 3342 καὶ
2390 3283 2590 3352 ἠξιώθη
2645 3290 2746 3351 τῆς
2806 3288 2960 3343 αὖτοῦ
3016 3286 3468 3364 προσκυνήσεωςο
3529 3286 3757 3365 παρήγ-

2088 3371 2233 3451 γειλε
2303 3372 2481 3448 μέντοι
2555 3370 2823 3448 μηδεμίαν
2890 3375 2995 3429 τῶν
3066 3379 3329 3451 γυναικῶν
3397 3381 3491 3430 τοῦ
3563 3373 3756 3439 ἄστεος

2089 3460 2467 3541 ἀκολουθῆσαι,
2543 3460 2680 3517 ἀλλὰ
2767 3461 2968 3525 πάντας
3059 3459 3246 3540 ἄνδρας
3326 3465 3757 3540 συμπορευθῆναι

2087 3555 2243 3632 αὒτῇ.
2299 3546 2355 3612 Ὀ
2414 3552 2468 3610 δὲ
2526 3555 2783 3634 μακάριος
2842 3552 2995 3632 ὸλίγα
3052 3555 3170 3633 περὶ
3238 3556 3604 3634 σωφροσύνης,
3659 3544 3761 3613 καὶ

2087 3642 2471 3723 ἐλεημοσύνης,
2546 3644 2635 3699 καὶ
2707 3640 2870 3723 φόϐου
2942 3649 3072 3699 Θεοῦ
3159 3645 3375 3713 νουθετή
3394 3666 3489 3707 σας
3559 3644 3754 3720 αὖτὴν,

2086 3729 2313 3788 ἀπέλυσε
2343 3732 2476 3806 μετὰ
2508 3737 2681 3811 χαρᾶς
2711 3733 2784 3794 εἰς
2806 3732 2894 3788 τὸν
2927 3731 3083 3787 οἶκον
3115 3730 3300 3803 αὐτῆς.

2171 3812 2282 3884 πθ’.
2314 3824 2480 3888 Αὐτὸς
2512 3825 2607 3900 μὲν
2638 3824 2725 3880 οὖν
2777 3823 2945 3904 ἄχθος
2995 3822 3133 3902 μέγα
3184 3826 3397 3903 ἡγεῖτο,
3431 3827 3519 3882 καὶ
3549 3824 3758 3906 σφόδρα

361 3905 558 3967 studio
583 3906 883 3968 devitahat
910 3905 1276 3967 commerdia
1334 3906 1667 3989 principum
1720 3918 1913 3986 terraa,
1950 3920 2006 3975 ut

2171 3910 2447 3992 εστρέφετο
2514 3914 2611 3981 τὴν
2679 3918 2783 3969 τῶν
2857 3910 3073 3978 ἐνδόξων
3130 3917 3228 3979 τῆς
3284 3919 3386 3990 γῆς
3439 3905 3754 3994 συντυχίαν,

361 3994 656 4074 originem
677 3995 873 4058 inanis
890 3994 1094 4073 gloriae
1114 4002 1173 4055 et
1204 3995 1528 4075 perniciem
1549 3998 1783 4063 animae.
1821 4001 2006 4063 Caete-

2172 4022 2269 4080 περ
2350 3999 2597 4079 πρόξενον
2683 3998 2976 4067 κενοδοξίας
3066 4002 3153 4058 καὶ
3218 4006 3455 4082 ψυχικῆς
3523 4004 3752 4078 ζημίας,

361 4083 938 4173 rumcoge'naturid
1001 4084 1379 4173 toleraread
1438 4087 1791 4162 molestiam,
1828 4109 2006 4167 quam

2171 4090 2387 4167 νάγκαζε
2416 4088 2470 4145 δὲ
2499 4096 2685 4147 τοῦτον
2732 4097 2886 4145 τοῦτο
2943 4087 3324 4170 καταδέχεσθαι
3380 4093 3415 4159 ἡ
3470 4092 3574 4147 τῷν
3608 4093 3746 4173 παρ’

362 4170 813 4252 exhibebantinj
824 4170 1007 4260 uriam
1024 4171 1179 4254 passi
1194 4181 1253 4235 et
1268 4172 1486 4253 injuste
1499 4174 1571 4237 ab
1584 4175 2005 4258 illispoppressi,

2171 4179 2261 4234 τῶν
2318 4177 2672 4255 ἀδικουμένων
2727 4179 2815 4234 καὶ
2866 4176 3361 4254 πλεονεκτουμένων
3425 4170 3748 4260 ἐνόχλησις,

365 4277 622 4347 quorum
652 4249 809 4341 saepe
845 4249 1062 4321 multos
1089 4278 1162 4322 ex
1220 4249 1427 4322 eorum
1480 4249 1869 4327 faucibus'vel
1902 4249 2006 4347 per

2171 4287 2177 4328 :
2233 4249 2511 4330 πολλάκις.
2548 4264 2632 4323 διὰ
2688 4271 2893 4346 γραφῆς
2954 4267 3112 4323 αύτοῦ
3169 4268 3256 4323 καὶ
3315 4267 3475 4341 μόνος
3517 4249 3591 4325 ’έκ
3634 4275 3756 4326 τῶν

364 4345 672 4424 epistolam
704 4347 892 4408 solam
920 4348 1194 4409 extraxit.
1222 4347 1293 4409 Et
1320 4348 1371 4410 si
1399 4349 1534 4429 quis
1554 4351 1862 4432 colligeret
1891 4345 2007 4416 hu-

358 4434 625 4524 jusmodi
653 4434 727 4524 ab
758 4453 832 4524 eo
889 4435 1140 4516 scriptas
1197 4436 1502 4518 epistolas,
1561 4439 1779 4503 librum
1809 4452 2008 4524 posset

362 4522 663 4586 coniicere
683 4523 852 4586 valde
909 4524 1113 4586 utilem
1171 4533 1231 4589 et
1285 4545 1499 4606 magno
1555 4529 1688 4589 usui
1717 4522 2002 4593 futurum.

362 4609 532 4683 Quod
551 4611 710 4673 idem
733 4611 873 4677 fecit
894 4630 999 4693 pro
1021 4612 1361 4693 Philagatho
1385 4615 1834 4698 archiepiscopo
1872 4620 2009 4684 cive

362 4717 494 4764 suo.
525 4698 771 4772 Quando
804 4700 964 4762 enim
994 4701 1098 4764 ille
1126 4703 1443 4766 insatiabili
1474 4703 1753 4769 aviditate
1783 4710 2005 4772 Roma-

361 4806 497 4850 nam
528 4789 732 4851 sedem
767 4789 1003 4866 invasit,
1027 4809 1147 4853 non
1169 4800 1480 4854 contentus
1512 4795 1808 4857 mundano
1837 4797 2007 4860 fasti-

357 4876 481 4958 gio,
504 4877 577 4940 ad
598 4878 757 4959 quod
780 4878 943 4940 illum
968 4880 1125 4942 Deus
1146 4888 1363 4961 praeter
1381 4879 1721 4962 opinionem
1737 4895 2009 4949 evexerat

360 4969 522 5047 (nam
552 4967 711 5031 adud
759 4974 1077 5051 utrumque
1122 4969 1439 5051 imperium
1471 4990 1715 5052 magnos
1746 4975 2007 5041 honores

2088 4355 2367 4434 φαρύγγων
2435 4356 2605 4411 αὐτῶν
2677 4353 2993 4412 ἀνέσπασεν.
3070 4355 3168 4410 Καὶ
3236 4353 3289 4410 εἴ
3360 4378 3442 4420 τις
3512 4355 3575 4412 ἂν
3643 4358 3749 4422 τὰς

2086 4442 2330 4507 τοιαύτας
2403 4440 2683 4506 ἐπιστολὰς
2744 4443 2900 4498 αὐτοῦ
2969 4439 3303 4521 συνελέξατο,
3361 4445 3496 4503 πάνυ
3552 4445 3759 4526 ὠφέλι-

2089 4552 2188 4606 μον
2251 4532 2340 4587 καὶ
2394 4531 2812 4611 χρησιμωτάτην
2868 4527 3071 4606 βιϐλιον
3122 4528 3172 4596 ἐξ
3244 4533 3416 4588 αὐτῶν
3485 4541 3755 4602 συστῆσαι

2087 4616 2329 4685 ἠδύνατο.
2364 4618 2514 4677 Οὕτω
2560 4617 2614 4674 δὲ
2669 4620 2959 4685 πεποίηκεν
3014 4620 3101 4675 καὶ
3158 4619 3231 4683 εἷς
3289 4622 3379 4675 τὸν
3410 4622 3755 4698 συμπολίτην

2128 4711 2141 4729 ιι
2216 4717 2239 4726 -ν
2688 4709 2700 4726 κ
2866 4730 2879 4741 ,η
3105 4708 3115 4727 ι
3308 4699 3345 4719 ’ν
3411 4710 3432 4742 ν,
3466 4735 3475 4741 ,
3593 4713 3601 4724 ·
3727 4718 3742 4735 φ

2089 4729 2244 4766 αυτου
2298 4705 2610 4791 Φιλάγαθον-
2653 4730 2740 4764 τον
2799 4707 3242 4786 ἁρχιεπίσκοπον.
3325 4716 3489 4767 Ηνικι
3550 4735 3649 4791 γαρ
3720 4739 3755 4772 ο

2086 4795 2258 4873 ῥηθεὶς
2288 4792 2454 4862 ἐπέϐη
2488 4796 2564 4870 τῷ
2597 4786 2806 4870 Ῥώμης
2856 4794 3141 4864 dmi/prmo;
3198 4796 3318 4875 θρύν
3338 4820 3385 4870 p,
3447 4800 3522 4873 μὴ
3571 4801 3755 4878 ἀρκε-

2087 4886 2222 4948 σθεὶς
2253 4891 2319 4961 τῇ
2373 4890 2464 4939 τοῦ
2509 4883 2711 4958 κόσμου
2770 4881 3166 4962 μεγαλειότητι,
3227 4887 3264 4960 ᾗ
3321 4887 3448 4949 θεὸς
3504 4888 3751 4966 παραδό-

2087 4978 2187 5046 ξως
2257 4975 2410 5029 αὺτὸν
2478 4972 2819 5052 ὑπερύψωσεν
2856 4987 2869 5000 ⁶
2932 4972 2985 5028 ἐν
3044 4970 3203 5052 ἄμφω
3259 4974 3357 5051 γὰρ
3409 4990 3523 5039 τοῖς
3575 4978 3755 5053 fimi...

1757 5143 2002 5212 Joannis
2033 5147 2159 5212 Clei
2182 5148 2360 5203 notaa—

441 5251 571 5333 (74)
600 5251 747 5326 Quis
805 5251 902 5315 hic
958 5254 1275 5336 Cajetanus

355 5332 488 5413 ejus
535 5332 707 5414 uror,
778 5353 909 5414 qua;
957 5332 1121 5400 tanto
1176 5332 1476 5400 desiderio

363 5412 537 5500 ctum“
549 5412 739 5500 virum
770 5412 1359 5500 conveniendi,_alibi
1389 5437 1523 5500 non
1539 5412 1796 5500 reperio.

440 5492 571 5572 (75)
623 5494 688 5578 In
760 5512 940 5556 sensu
1000 5495 1209 5578 morali
1266 5497 1455 5578 potuit
1508 5492 1634 5562 haec
1693 5501 2005 5565 verissime

359 5571 597 5635 sanctus
625 5571 848 5652 dicere,
879 5575 1037 5656 quod
1095 5571 1371 5659 expertus
1430 5587 1608 5656 esset,
1643 5597 1712 5643 ex
1742 5580 2003 5645 femina-

1370 5256 1610 5343 rinceps
1638 5259 1835 5343 fuerit,
1869 5281 2002 5343 quae
2082 5279 2213 5343 rum
2233 5257 2540 5343 colloquio
2598 5265 2659 5343 et
2710 5263 2958 5339 aspectu
3020 5259 3756 5343 tentationesadaamone

1578 5341 1795 5423 agravit
1864 5337 1997 5404 san-
2081 5338 2384 5423 immissas
2394 5337 2613 5423 {atque
2636 5337 2758 5423 _hoc
2784 5337 2929 5423 sane
2960 5355 3140 5423 sensu
3166 5340 3550 5423 intelligenda
3576 5357 3746 5423 sunt,

2090 5439 2166 5482 ne
2198 5416 2535 5561 {lumilitas'
2579 5416 2653 5478 ad
2703 5417 3013 5481 mendacia
3071 5416 3483 5502 imprudenter
3546 5416 3750 5489 delle;

2090 5518 2216 5561 χοι-ι
2248 5547 2263 5561 .

2090 5518 2263 5564 ποι-ιι.
