3966 6148
226 258 315 331 υιθ

245 400 379 468 λείοις
419 399 727 494 δεδόξαπο
763 426 779 442 ο
848 411 878 465 ὁ
935 407 1036 486 μὲν
1090 413 1186 466 οἷα
1241 408 1513 488 γινώσκων
1566 410 1632 466 τὸ
1685 406 1902 486 μέλλον,

2015 402 2236 494 ιάθρῐιιε
2259 408 2399 478 erat)
2419 413 2655 470 sanctus
2670 405 2868 485 Pater,
2892 410 3116 493 quippe
3136 411 3238 494 qui
3253 412 3631 494 praevidebat,

264 492 547 553 ἓτὲττεὩεεν
590 495 764 553 αὒτὶιν
827 496 1088 555 δυσωπῶν
1145 504 1534 580 μαραχωρῆσαι
1590 505 1660 576 τῇ
1719 498 1914 576 ἀνθρω-

2015 494 2150 573 ιυοᾱ
2182 493 2438 556 futurum
2471 502 2617 570 erat,
2682 492 3007 560 scribebat
3034 500 3124 562 illi
3151 492 3389 581 rogans,
3424 510 3489 564 ut
3517 492 3636 565 ιιιιὲ-

1494 276 1680 342 VITA
1721 276 1787 340 S.
1828 274 1997 339 NILI
2035 272 2408 342 IUNIORIS.
3523 284 3636 349 150

279 589 381 664 πίνῃ
430 584 578 665 δόξῃ,
636 586 738 642 ἅτε
794 588 996 654 ταύτης
1051 589 1125 651 εἷς
1183 588 1337 668 κόρον
1393 587 1757 669 χρησάμενον,
1825 587 1913 643 καὶ

278 678 454 757 ἡσυχίᾳ
505 677 641 757 πρὸς
686 677 789 744 τὴν
844 678 1150 757 μοναχικήν
1205 679 1521 735 κατάστασιν
1577 677 1907 753 ἀνακάμψαι.

282 764 505 829 Ἐκεῖνος
574 764 632 822 δὲ
703 769 766 823 οὔ
833 764 1062 821 διέλιπεν
1132 767 1571 843 συντασσόμενος,
1630 765 1731 829 ἕως
1791 764 1913 820 ὅτου

276 855 477 922 ἐξῆλθεν
557 857 587 911 ὁ
652 853 900 933 βασιλεὺς
973 856 1065 910 σὺν
1127 862 1204 929 τῷ
1260 854 1597 935 ἐκδιωχθέντι
1652 851 1910 932 προέδρῳ,

275 947 482 1012 καὶτῆς
528 947 700 1002 αὐτῶν
753 937 1019 1023 ἀφορήτδυ
1071 944 1234 1023 ὀργῆς
1286 943 1436 1023 ἔργον
1492 943 1718 1022 ἐγένετο.
1779 950 1915 998 Στε-

271 1035 443 1112 prmi;
499 1035 602 1113 γὰρ
672 1030 795 1112 παρ’
848 1032 1018 1088 αὖτῶν
1072 1038 1177 1088 τῶν
1236 1030 1656 1112 χρειωδεστέρων
1713 1030 1910 1111 μελῶν,

1994 599 2226 643 manam
2250 602 2368 644 non
2391 585 2692 649 aﬂ'ectaret
2728 586 3000 665 gloriam,
3026 589 3181 670 quod
3212 608 3281 652 ea
3304 591 3428 669 jam
3462 611 3633 655 exsa-

1994 672 2168 731 tiatus
2196 680 2371 752 esset,
2405 673 2510 734 sed
2541 674 2611 735 ad
2645 675 2905 756 quietem
2954 685 3151 746 ,status
3206 681 3519 743 monastici
3547 701 3641 745 re-

1996 759 2378 851 mea_ret.__Ille
2400 780 2536 851 vero
2568 763 2709 824 dum
2741 783 2805 826 se
2830 765 2903 826 ad
2934 766 3049 829 hoc
3080 785 3286 848 parare
3317 768 3487 851 dicit,
3525 771 3639 834 ad-

1994 847 2368 937 venientibus
2399 850 2757 931 imperatore
2789 860 2849 915 et
2879 855 3131 934 praesule
3162 857 3354 937 ejecto
3389 847 3529 935 (76),
3553 860 3642 922 in-

2001 936 2363 1000 tolerandam
2395 958 2600 1000 eorum
2662 951 2971 1022 exspertus
3029 952 3119 1007 est
3174 936 3347 1008 iram.
3384 943 3641 1013 Orbatus

1999 1026 2158 1087 enim
2191 1045 2296 1107 per
2314 1027 2476 1109 ipsos
2494 1030 2755 1092 maxime
2779 1032 3134 1095 necessariis
3159 1033 3468 1112 membris,
3503 1056 3640 1100 ocu-

612 1122 755 1201 λέγω
812 1122 902 1177 καὶ
953 1119 1196 1199 γλώττης
1246 1124 1335 1178 καὶ
1384 1123 1546 1199 ῥινὸς,
1606 1120 1813 1201 ’έῤῥιπτο
1842 1122 1914 1185 εἷς

2022 1117 2093 1191 is,
2123 1115 2383 1197 inquam,
2412 1116 2609 1197 lingua
2627 1126 2683 1179 et
2708 1139 2874 1202 naso,
2900 1123 3327 1204 conjectusque
3345 1124 3406 1185 in
3436 1144 3638 1189 carce-

269 1190 510 1292 ᾳλλακῆν
600 1190 825 1274 ἐλεεινός
916 1232 972 1265 τε
1055 1212 1143 1267 καὶ
1232 1210 1669 1291 ἀποστράτευτος,
1742 1217 1916 1269 Ταῦτα

2015 1190 2125 1267 rem
2163 1190 2776 1285 piennsvmis'eriarum
2830 1190 2889 1273 e't
2946 1190 3105 1271 omni
3164 1190 3277 1292 ope
3329 1213 3641 1277 destitutus

268 1274 501 1363 ἀκούσας
574 1302 603 1355 ὁ
671 1298 913 1379 θεοφόρος
983 1298 1185 1378 Πατὴρ,
1260 1300 1347 1355 καὶ
1404 1274 1515 1367 Ιτὴν
1584 1298 1794 1379 καρδίαν
1848 1305 1916 1376 τῇ

2015 1274 2254 1367 iacebat.
2285 1295 2388 1356 llis
2417 1295 2631 1358 auditis
2686 1297 2809 1359 Deo
2870 1299 3083 1380 plenus
3139 1274 3337 1375 Pater,
3386 1274 3641 1366 maerore

265 1387 441 1462 θλίψει
512 1389 901 1458 καταπιεσθεὶς,
990 1387 1297 1465 ἠναγκάσθη
1382 1389 1436 1444 ἐν
1502 1388 1724 1463 τοιούτῳ
1781 1389 1918 1466 γήρᾳ

2015 1383 2196 1445 :ordis
2224 1393 2495 1463 urgente,
2531 1394 2764 1449 coactus
2790 1388 2900 1449 fuit
2952 1390 3130 1452 homo
3188 1389 3249 1452 id
3281 1392 3489 1467 aatatis,
3523 1399 3638 1454 tam

267 1478 352 1532 καὶ
428 1477 573 1550 νόσῳ
642 1478 729 1533 καὶ
796 1481 961 1555 καιρῶ
1034 1478 1443 1556 (τεσσαρακοστὴ
1511 1478 1610 1557 γὰρ
1677 1474 1763 1555 ἦν)
1821 1477 1918 1543 τὴν

2015 1472 2162 1552 gravi
2195 1473 2401 1534 morbo
2432 1473 2677 1535 affectus
2707 1485 2765 1538 et
2793 1476 2856 1537 id
2918 1477 3227 1557 temporis,
3255 1478 3642 1559 quadragesi-

273 1556 484 1639 Ῥώμην
516 1562 862 1648 καταλαϐεῖν,
918 1566 1007 1621 καὶ
1060 1571 1136 1639 τῷ
1189 1563 1400 1641 βασιλεῖ
1458 1556 1591 1641 μετά
1635 1563 1917 1644 παρακλή-

2015 1561 2153 1622 nale
2176 1562 2335 1623 enim
2357 1562 2973 1645 agebaturjejunium,
2994 1556 3242 1628 Romam
3267 1556 3560 1648 proﬁcisci
3587 1577 3643 1632 et

268 1675 403 1715 σεως
431 1651 773 1732 προσελθεῖν,
835 1643 896 1710 Ὀ
931 1650 986 1707 δὲ
1035 1651 1276 1729 βασιλεὺς
1337 1654 1428 1709 σὺν
1482 1660 1559 1728 τῷ
1586 1643 1914 1732 πατριάρχῃ,

2015 1650 2370 1731 supplicibus
2398 1652 2549 1752 votis
2593 1643 2761 1715 adire
2811 1643 3285 1752 imperatorem;
3315 1658 3646 1738 Imperator

267 1743 589 1805 ἀκούσαντες
646 1743 744 1809 τὴν
793 1739 990 1798 ἔλευσὶν
1063 1744 1240 1814 αὐτοῦ,
1316 1743 1727 1821 προϋπήντησαν
1782 1743 1923 1814 αὐτῷ

268 1832 354 1887 καὶ
414 1833 781 1909 κρατήσαντες
855 1831 1013 1887 αὐτὸν
1085 1830 1452 1912 ἀμφοτέρωθεν
1521 1837 1627 1886 τῶν
1699 1835 1918 1911 χειρῶν,

266 1920 544 1999 ἀντίγαγον
632 1920 705 1983 εἷς
772 1921 833 1976 τὸ
901 1933 1306 2000 πατριαρχε·ιῑον²
1378 1920 1679 1983 καθίσαντες
1766 1920 1921 1977 αὐτὸν

269 2008 430 2083 μέσον
467 2031 483 2045 ·
556 2007 798 2065 κάκεῖνοι
868 2006 929 2064 ἐκ
988 2006 1165 2074 δεξιῶν
1219 2010 1307 2066 καὶ
1363 2008 1646 2091 ἀριστερῶν
1701 2008 1921 2089 κατεφί-

268 2096 391 2155 λουν
418 2098 517 2160 τὰς
546 2110 736 2177 χεῖρας
769 2100 951 2158 αὐτοῦ.

347 2201 433 2288 ζ’,
516 2201 576 2269 Ὀ
645 2209 699 2267 δὲ
755 2210 922 2286 ὅσιος,
1007 2213 1051 2268 εἰ
1116 2213 1203 2268 καὶ
1256 2210 1450 2291 σφόδρα
1505 2208 1779 2290 ἐϐαρύνετο
1831 2194 1919 2267 καὶ

272 2299 476 2357 ἔστενεν
552 2298 639 2356 ἐπὶ
708 2312 824 2363 τοῖς
910 2299 1049 2357 οὕτω
1129 2300 1447 2378 γινομένοις,
1534 2300 1680 2375 ὅμως
1748 2299 1920 2356 πάντα

271 2390 556 2465 ὑπέμενεν,
589 2387 644 2445 εἴ
670 2410 785 2452 πως
839 2387 1086 2469 ἐπιτύχοι
1135 2398 1226 2449 τοῦ
1275 2390 1566 2464 αἷτήματος
1601 2405 1614 2418 ⁸
1676 2389 1763 2444 καί
1791 2409 1919 2468 φησι

274 2480 405 2556 πρὸς
461 2478 652 2541 αὐτούς
689 2500 702 2512 ’
762 2478 1159 2557 Συγχωρήσατέ
1218 2499 1308 2553 μοι
1369 2475 1454 2533 διὰ
1510 2479 1601 2535 τὸν
1636 2477 1820 2556 Κύριον
1848 2482 1924 2550 τῷ

276 2564 581 2645 ἁμαρτωλῷ
650 2565 793 2642 παρά
861 2566 1063 2629 πάντας
1133 2566 1432 2644 ἀνθρώπους
1497 2568 1584 2622 καὶ
1650 2566 1925 2640 ἡμιθνήτῳ

275 2655 508 2733 γέροντι,
570 2653 652 2709 ὅτι
705 2652 914 2719 ἀνάξιος
969 2655 1196 2734 ὑπάρχω
1252 2660 1351 2721 τῆς
1406 2655 1654 2721 τοιαύτης
1708 2658 1871 2729 τιμῆς
1906 2671 1918 2683 ·

275 2742 479 2817 μᾶλλον
509 2741 642 2817 ἐμόν
695 2741 804 2798 ἐστι
854 2744 915 2799 τὸ
964 2756 1276 2822 προσκυνεῖν
1329 2743 1448 2807 τοὺς
1502 2743 1704 2818 τιμίους
1761 2740 1924 2806 πόδας

274 2834 440 2905 ὖμῶν,
472 2833 567 2887 καὶ
614 2829 851 2888 σέϐεσθαι
893 2832 989 2895 τὰς
1041 2832 1284 2895 τοιαύτας
1347 2829 1491 2897 ἀξίας
1547 2833 1717 2907 ὑμῶν.
1780 2829 1924 2899 Πλὴν

275 2888 502 2989 ἐλήλύθι
538 2922 673 2996 πρὸς
702 2920 798 2986 τὴν
830 2888 1138 2986 ἐνδοξδτητα
1188 2888 1355 2996 ύμῶν,
1393 2888 1489 2978 ὀὖν
1530 2888 1685 2986 δύξηξ
1705 2888 1717 2891 ⁷
1740 2888 1926 3000 ὀρεγά-
1948 2940 1990 3003 C

2005 1748 2201 1800 autem
2234 1759 2366 1800 cum
2402 1741 2757 1820 patriarcha,
2784 1744 2980 1805 audito
3029 1745 3159 1825 ejus
3188 1745 3462 1822 adventu,
3496 1765 3641 1827 pro-

2005 1828 2168 1890 diere
2200 1828 2429 1890 obviam
2465 1841 2524 1891 et
2554 1832 2849 1911 prehensa
2901 1834 3041 1895 hinc
3094 1834 3236 1897 inde
3285 1853 3465 1898 manu
3510 1836 3644 1915 ejus

2002 1916 2378 1979 adduxerunt
2395 1916 2455 1979 in
2481 1919 2922 1999 patriarchium,
2943 1922 3201 1985 medium
3217 1923 3429 1987 sedere
3431 1925 3646 2005 juben-

2006 2013 2115 2096 t_es,
2148 2005 2250 2096 illo
2278 2025 2418 2096 vero
2451 2007 2525 2069 ad
2571 2008 2835 2071 dextram
2865 2019 2924 2073 et
2951 2010 3247 2074 sinistram
3278 2031 3486 2077 manus
3516 2015 3643 2096 ejus

2005 2093 2525 2157 deosculabantnr.

2081 2208 2182 2272 90.
2215 2208 2294 2271 At
2321 2209 2410 2270 vir
2438 2218 2675 2275 sanctus
2697 2211 2839 2275 licet
2858 2210 2932 2275 ad
2955 2212 3083 2276 haec
3105 2213 3357 2277 nimium
3395 2215 3645 2279 aﬂlicta-

2000 2308 2166 2360 retur
2193 2305 2252 2360 et
2274 2307 2560 2380 gemeret,
2589 2300 2789 2363 omnia
2819 2309 3015 2364 tamen
3066 2303 3407 2381 suﬂ'erebat,
3440 2305 3492 2367 si
3528 2325 3645 2386 quo

2008 2394 2175 2466 pacto
2198 2396 2397 2467 posset
2421 2388 2713 2467 obtinere,
2730 2393 2888 2472 quod
2902 2392 3160 2472 petebat,
3192 2400 3250 2454 et
3267 2393 3349 2455 ait
3366 2394 3440 2457 ad
3470 2394 3603 2457 illos
3630 2414 3645 2459 :

2005 2476 2300 2557 Ignoscite
2330 2478 2471 2540 mihi
2504 2479 2772 2542 omnium
2798 2482 3053 2545 maximo
3078 2482 3378 2565 peccatori
3397 2487 3651 2547 etsemi-

2007 2572 2238 2626 mortuo
2269 2566 2401 2628 seni
2431 2585 2539 2648 per
2591 2567 2936 2646 Dominum,
2996 2571 3276 2651 indignus
3329 2572 3490 2634 enim
3518 2592 3649 2637 sum

2011 2660 2166 2713 tanto
2199 2653 2449 2718 honore.
2500 2657 2696 2718 Meum
2751 2657 2947 2738 potius
3003 2665 3094 2721 est
3150 2659 3548 2741 procumbere
3576 2660 3652 2723 ad

2008 2742 2391 2805 honorabiles
2410 2753 2637 2808 vestros
2661 2747 2847 2827 pedes
2870 2754 2929 2809 et
2946 2746 3221 2810 venerari
3242 2755 3358 2810 tam
3403 2749 3653 2812 eximias

2008 2840 2229 2894 vestras
2248 2831 2584 2912 dignitates.
2609 2837 2765 2898 Sane
2784 2836 3014 2898 accessi
3034 2839 3105 2900 ad
3128 2837 3372 2917 gloriam
3393 2846 3652 2901 vestram

2011 2939 2127 2981 non
2157 2920 2361 3000 gloria;
2389 2923 2664 3005 cupidus,
2687 2932 2788 2986 aut
2806 2924 3210 3004 largitionum,
3234 2934 3334 2987 aut
3355 2927 3648 2988 maximo-

275 3032 455 3089 μενος,
491 3008 530 3077 ἢ
563 3007 795 3087 δωρεῶν,
846 3011 883 3077 ἢ
938 3007 1210 3086 προσόδων
1271 3010 1554 3089 μεγίστων,
1603 3010 1739 3067 ἀλλά
1768 3011 1918 3091 χάριν

2015 3026 2138 3069 rum
2197 3018 2613 3091 proventuum,
2647 3013 2750 3074 sed
2782 3012 2842 3073 in
2872 3011 3150 3076 beneficii
3200 3014 3330 3076 loco
3360 3015 3654 3094 petiturus

275 3106 361 3154 τοῦ
388 3097 577 3155 πολλά
627 3095 1001 3163 δουλεύσαντος
1047 3100 1196 3175 ὑμῖν,
1256 3101 1344 3156 καὶ
1396 3106 1574 3164 κακῶς
1630 3098 1928 3167 διοικηθέν-

275 3210 355 3251 τος
429 3183 564 3266 παρ’
636 3188 783 3261 ὑμῶν
816 3203 831 3218 ⁸
906 3197 998 3246 τοῦ
1063 3189 1198 3264 ὑμᾶς
1272 3188 1596 3269 ἀμφοτέρους
1667 3189 1772 3245 ἀπὸ
1840 3193 1931 3245 τοῦ

276 3277 646 3352 βαπτίσματος
716 3274 1144 3357 ἀναδεδεγμένου,
1238 3278 1325 3333 καὶ
1409 3275 1533 3357 παρ’
1603 3278 1751 3353 ὑμῶν
1805 3275 1927 3339 τοὺς

278 3364 583 3446 ὀρθιλμοὺς
658 3363 1097 3445 ἐξορωρυγμένου,
1177 3365 1372 3443 Δέομαι
1422 3372 1521 3434 τῆς
1571 3364 1926 3447 φιλευσεϐείας

276 3454 416 3528 is;qu
448 3453 794 3533 δωρήσασθαί
850 3477 940 3531 μοι
997 3457 1174 3535 αὐτὸν,
1228 3455 1321 3510 ἵνα
1376 3456 1589 3520 καθίσας
1621 3452 1737 3531 μετ’
1770 3454 1921 3535 ἐμοῦ,

279 3542 594 3618 κλαύσωμεν
648 3543 935 3623 ἀμφότεροι
991 3545 1085 3608 τὰς
1140 3544 1395 3624 ἁμαρτίας
1444 3546 1620 3621 ἡμῶν.
1697 3544 1826 3603 Τότε
1900 3547 1928 3602 ὁ

280 3631 522 3705 βασιλεὺς
596 3628 943 3711 ἐπιδακρύσας
1011 3635 1196 3712 μικρὸν
1270 3637 1348 3706 (οὔ
1411 3633 1510 3713 γὰρ
1577 3638 1645 3701 ἦν
1717 3633 1929 3702 ἀληθῶς

279 3722 336 3775 τὸ
389 3727 496 3777 πᾶν
558 3725 660 3786 τῆς
712 3720 871 3781 αὺτοῦ
920 3720 1144 3799 βουλῆς)
1197 3722 1449 3803 ἀπεκρίθη
1506 3722 1582 3797 τῷ
1639 3724 1877 3802 μακαρίῳ
1911 3738 1925 3754 ⁸

284 3809 454 3865 Birt:
500 3808 668 3884 ἐσμὲν
709 3808 911 3884 ἕτοιμοι
962 3819 1055 3869 τοῦ
1106 3809 1383 3890 πληρῶσαι
1436 3812 1502 3868 τὰ
1556 3808 1807 3871 δοκοῦντα
1862 3818 1930 3890 τῇ

281 3904 345 3971 σῇ
414 3898 719 3976 ἀγιωσζιτῃ,
794 3897 909 3976 εἴγε
978 3900 1066 3955 καὶ
1134 3900 1195 3956 σὺ
1264 3900 1563 3978 ἐπακούσῃς
1618 3906 1716 3968 τῆς
1772 3902 1929 3977 ἡμῶν

281 3985 696 4065 παρακλήσεως,
749 3988 835 4042 καὶ
889 3985 1145 4066 καταδέξῃ
1198 3996 1290 4047 τοῦ
1335 3987 1519 4047 λαϐεῖν
1579 3991 1929 4070 μοναστήριον

283 4072 330 4128 ἐν
356 4076 532 4151 ταύτῃ
591 4081 663 4151 τῇ
717 4073 892 4149 πόλει,
956 4081 1074 4134 οἷον
1130 4076 1192 4134 ἂν
1250 4077 1436 4160 βούλῃ,
1497 4081 1586 4137 καὶ
1639 4079 1782 4136 εἶναι
1814 4077 1930 4156 μεθ’

279 4164 433 4237 ἡμῶν
506 4161 597 4218 διὰ
657 4165 879 4228 παντὸς.
951 4172 1055 4223 Τοῦ
1110 4165 1163 4223 δὲ
1216 4167 1457 4248 γέροντος
1512 4169 1933 4246 ἀπαναινομένου

597 4257 627 4268 α,

2011 3096 2200 3179 illum,
2236 3098 2336 3179 qui
2369 3099 2620 3160 multum
2650 3099 2815 3162 vobis
2845 3100 3150 3163 inservivit
3172 3108 3229 3162 et
3249 3102 3403 3164 male
3426 3120 3459 3164 a
3489 3102 3656 3164 vobis

2016 3193 2295 3249 tractatus
2324 3196 2436 3265 est,
2471 3188 2570 3269 qui
2599 3196 2919 3271 utrumque
2947 3197 3211 3253 vestrum
3252 3191 3328 3253 de
3354 3191 3516 3253 fonte
3541 3190 3651 3252 ba-

2012 3275 2303 3355 ptismatis
2331 3278 2614 3359 suscepit,
2651 3285 2713 3341 et
2741 3279 3045 3342 oculorum
3076 3297 3113 3341 a
3156 3278 3324 3342 vobis
3349 3289 3654 3343 erutorum

2010 3365 2144 3426 luce
2176 3364 2437 3446 privatus
2459 3373 2568 3428 est.
2598 3365 2862 3430 Obsecro
2886 3367 3147 3430 studium
3169 3368 3401 3450 pietatis
3418 3376 3657 3447 vestrm,

2009 3460 2072 3514 ut
2101 3453 2267 3515 illum
2301 3453 2446 3515 mihi
2477 3454 2632 3517 dono
2661 3455 2833 3530 detis,
2869 3476 2984 3538 quo
3041 3475 3275 3520 mecum
3306 3456 3533 3533 sedeat,
3568 3458 3656 3519 si-

2012 3541 2253 3623 mulque
2285 3550 2524 3622 peccata
2545 3551 2746 3606 nostra
2768 3544 3118 3607 deﬂeamus.
3140 3546 3309 3606 Tunc
3332 3547 3654 3626 imperator

2013 3630 2252 3711 paulum
2282 3630 2731 3713 collacrymatus
2779 3635 3002 3714 (neque
3050 3634 3209 3696 enim
3254 3639 3466 3714 totum,
3500 3634 3658 3715 quod

2013 3727 2402 3801 successerat,
2435 3729 2562 3783 erat
2587 3739 2795 3784 revera
2823 3722 2897 3785 de
2930 3722 3059 3803 ejus
3089 3721 3363 3803 consilio)
3394 3740 3654 3803 respon-

2013 3808 2099 3870 dit
2120 3809 2288 3871 beato
2310 3807 2478 3872 Viro:
2505 3811 2696 3874 Parati
2745 3829 2953 3874 sumus
2981 3809 3055 3873 ad
3086 3810 3390 3892 implenda
3420 3810 3644 3885 omnia,

2012 3916 2142 3979 quae
2171 3905 2282 3960 tuae
2313 3900 2513 3980 pietati
2538 3901 2800 3980 placent,
2821 3901 2871 3962 si
2892 3908 2950 3963 et
2970 3900 3098 3981 ipse
3128 3907 3392 3961 nostram
3416 3900 3655 3979 petitio-

2013 4004 2149 4048 nem
2180 3987 2474 4050 audiveris
2507 3998 2565 4051 et
2597 4008 2717 4052 non
2767 3988 3121 4067 dedignatus
3174 3987 3359 4050 fueris
3387 3988 3659 4069 accipere

2013 4077 2443 4140 monasterium
2476 4077 2538 4139 in
2570 4078 2679 4141 hac
2727 4076 2902 4154 urbe,
2951 4076 3350 4157 quodcunque
3379 4076 3658 4153 volueris,

2013 4172 2078 4226 ut
2106 4165 2417 4228 nobiscum
2477 4174 2762 4248 perpetuo
2820 4183 3084 4229 maneas.
3144 4166 3481 4229 Recusante
3510 4184 3657 4228 sene

279 4253 375 4318 τὴν
450 4253 507 4308 ἐν
566 4257 633 4328 τῇ
702 4252 854 4310 πόλει
924 4252 1217 4336 διατριϐὴν,
1293 4256 1586 4336 προέτεινεν
1644 4261 1786 4333 αὐτῷ
1837 4259 1918 4315 τὸν

2019 4256 2545 4316 commorationem
2577 4256 2638 4316 in
2674 4254 2844 4327 urbe,
2872 4254 3247 4336 protulerunt
3274 4253 3362 4316 illi
3392 4262 3671 4325 sanctum,

278 4341 432 4417 ἅγιον
525 4339 892 4416 Ἀναστάσιον,
983 4346 1056 4408 ὡς
1145 4342 1244 4409 ἔξω
1318 4343 1531 4424 θορύϐου
1598 4346 1932 4426 ὑπάρχοντα,

278 4431 364 4485 καὶ
420 4430 503 4487 ἀεὶ
562 4438 641 4505 τῷ
693 4433 934 4512 ἡμετέρῳ
982 4433 1119 4511 γένει
1174 4434 1654 4515 προσαναφέροντα.
1717 4436 1816 4493 Καὶ
1868 4433 1934 4503 δὴ

278 4517 594 4585 κατεδέξατο
626 4520 929 4594 σπουδάζων
984 4532 1075 4582 τοῦ
1126 4523 1452 4598 ζητουμένου
1505 4537 1694 4604 τυχεῖν
1751 4522 1931 4603 δωρή-

280 4630 473 4680 ματος,
540 4600 601 4666 Ὀ
662 4606 717 4664 δὲ
773 4609 951 4690 ἄγριος
1006 4612 1186 4674 πάπας
1248 4611 1455 4677 ἐκεῖνος
1511 4600 1932 4692 μῆνχορτασθεὶϋ

279 4695 359 4776 ἐρ’
435 4702 525 4763 οἷς
596 4698 814 4779 ἔπραξεν
880 4703 952 4767 εἷς
997 4703 1084 4758 τὸν
1155 4699 1509 4781 προρρηθέντα
1586 4700 1882 4780 Φιλάγαθον
1915 4719 1931 4736 ⁸

2015 4342 2411 4423 Anastasium,
2442 4344 2644 4425 proCul
2677 4363 2711 4406 a
2740 4342 2909 4405 turba
2940 4342 3192 4424 positum
3225 4350 3282 4404 et
3311 4342 3664 4407 Graecanica;

2017 4431 2175 4510 genti
2209 4449 2447 4512 semper
2500 4432 2826 4494 addictum.
2881 4430 3085 4511 Itaque
3136 4432 3363 4507 annuit,
3419 4432 3665 4514 cupiens

2018 4518 2133 4579 sibi
2162 4518 2390 4594 donari,
2426 4521 2580 4601 quod
2602 4518 2863 4601 petebat.
2896 4518 3116 4583 Verum
3150 4539 3300 4602 papa
3330 4521 3431 4584 ille
3458 4521 3662 4587 immi-

2021 4607 2155 4685 tior,
2182 4606 2305 4688 (77)
2326 4627 2444 4670 non
2475 4610 2742 4691 expletus
2764 4609 2957 4687 malis,
2979 4608 3194 4690 quibus
3217 4612 3658 4690 Philagathum,

2019 4694 2095 4758 de
2124 4715 2239 4778 quo
2269 4715 2445 4779 supra
2474 4697 2743 4775 memini,
2776 4698 3077 4775 affecerat,
3108 4698 3384 4780 produxit
3400 4699 3571 4764 illum
3607 4703 3668 4759 et

1671 4877 1911 4944 Joannis
1939 4875 2065 4942 Clei
2094 4879 2269 4939 notae.

362 5021 487 5105 (76)
519 5021 811 5105 Gregorio
859 5022 1139 5105 nimirum
1191 5024 1263 5101 V,
1329 5027 1597 5090 Romano
1630 5024 1929 5105 pontiﬁce,

287 5102 385 5187 qui
424 5111 566 5164 ante
597 5102 797 5163 Bruno
826 5104 1255 5187 appellabatur,
1314 5113 1559 5187 eratque
1581 5102 1826 5187 Δ(Ὶιιοιιίε
1854 5102 1933 5166 III

284 5180 672 5262 iArnperatorts
727 5180 1246 5262 consanguineus:
1310 5180 1480 5247 natus
1533 5184 1815 5246 nimirum
1866 5201 1935 5245 ex

286 5257 505 5323 Otione
526 5263 710 5343 duce,
744 5257 1157 5343 quiWMa'rciam
1188 5263 1595 5327 Veronensem
1631 5274 1749 5326 tum
1784 5272 1938 5326 tem-

290 5343 452 5423 poris
482 5341 809 5423 obtinebat.
844 5342 1015 5423 Hunc
1069 5362 1244 5423 porro
1302 5346 1360 5406 in
1421 5346 1615 5406 lucem
1674 5343 1941 5406 ediderat

290 5420 652 5502 lmitguarda
682 5420 916 5502 Ottonis
945 5420 1137 5502 Magni
1168 5424 1306 5484 ﬁlia.
1372 5424 1522 5487 Vide
1557 5423 1934 5487 Muratorium

289 5498 349 5595 in
363 5501 668 5595 Αιιςιιιᾲμε
678 5501 881 5595 Italia:
896 5502 966 5563 ad
987 5498 1345 5595 ann-um996
1366 5503 1938 5595 etin-Antiquitati-

292 5580 407 5664 bus
459 5581 691 5664 Italicis
746 5581 994 5664 dissert.
1048 5586 1146 5644 4t.
1208 5580 1837 5664 Quzedicitscriplor
1865 5583 1940 5644 de

298 5658 606 5725 miraculis
634 5671 802 5726 extra
827 5662 1186 5735 Ecclesiam,
1242 5663 1508 5743 intelligo
1536 5663 1611 5727 de
1638 5658 1935 5745 apparen-

2017 5020 2193 5093 tibus,
2216 5019 2319 5109 vel
2350 5018 2593 5101 patratis
2620 5019 2694 5082 ab
2725 5020 2867 5099 illis,
2900 5021 3004 5109 qui
3032 5022 3253 5086 deinde
3277 5040 3311 5084 a
3334 5020 3453 5083 ﬁde
3473 5018 3663 5084 desci-

2016 5108 2247 5163 verunt.

2100 5180 2220 5259 (77)
2254 5176 2469 5262 Papam
2501 5179 2792 5242 immitem
2821 5181 3076 5262 appellat
3130 5180 3494 5262 biographus
3527 5195 3541 5240 :
3605 5184 3665 5239 at

2027 5260 2231 5341 Petrus
2289 5259 2608 5321 Damianus
2667 5267 2726 5322 et
2779 5259 3482 5341 ChronographusASaxo
3513 5275 3663 5341 cru-

2022 5339 2325 5420 delitatem
2358 5346 2535 5420 totam
2571 5342 2881 5414 Romanis,
2937 5338 3164 5417 veritis,
3198 5358 3275 5420 ne
3299 5338 3658 5420 impunitum

2021 5419 2348 5480 dimitteret
2405 5418 2754 5498 imperator,
2812 5421 3103 5483 aﬂ'ricant.
3165 5419 3339 5489 Vide.
3389 5417 3441 5481 si
3498 5417 3668 5498 plura

2022 5501 2097 5581 de
2150 5498 2315 5581 hisce
2368 5499 2697 5581 desideras,
2758 5518 2892 5581 quae
2948 5499 3163 5581 scripsi
3205 5499 3438 5581 Gloria;
3493 5504 3663 5581 post:

2021 5580 2217 5725 hpt2118a:
2243 5578 2350 5641 SS.
2385 5577 2662 5660 Cypriani
2719 5576 2794 5642 et'
2839 5576 3138 5644 sociorum
3195 5579 3225 5662 ἕ
3280 5580 3340 5659 3,
3392 5576 3558 5642 num.
3591 5576 3683 5676 27.

2023 5679 2055 5722 e
2194 5702 2210 5721 .

2023 5668 2080 5722 et
2108 5664 2210 5722 28.
3676 5669 3683 5676 '
