3966 6148
79 199 117 225 μ

311 237 416 310 l53
1577 253 1766 319 VITA
1808 251 1870 318 S.
1911 253 2080 318 NILI
2118 251 2492 319 IUNIORIS.
3648 257 3792 324 154.

335 379 586 463 βασιλεὺς
614 391 705 462 τῷ
735 386 888 468 ἁγίῳ
926 407 944 425 ⁸
995 379 1058 449 ’0
1113 391 1303 470 Κύριος
1355 390 1511 466 ἡμῶν
1565 383 1770 456 Ἰησοῦς
1809 387 2000 468 Χριστὸ

2084 403 2252 461 inus,
2283 381 2386 461 ait,
2420 387 2623 445 noster
2647 382 2821 448 Jesus
2869 383 3137 448 Christus
3193 383 3457 467 quandiu
3489 385 3598 448 fuit
3628 403 3761 448 cum

367 474 465 542 im:
529 483 837 558 συμπαρῆν
905 491 1029 542 τοϊς
1121 475 1458 556 ἀποστόλοις,
1547 474 1784 536 ἐκέλευεν
1854 480 2000 537 αὐτοι

2120 471 2424 556 apostolis,
2459 470 2775 534 mandabat
2819 471 2928 548 eis,
2989 491 3065 534 ne
3123 491 3346 554 param,
3386 489 3462 536 ne
3511 473 3758 554 virgam,

385 567 456 644 μὴ
505 570 707 648 πήραν,
767 567 850 644 μὴ
895 565 1112 647 ῥάϐδον,
1173 569 1310 645 μήτε
1367 568 1474 643 μὴν
1519 564 1606 624 δύο
1663 572 1898 647 χιτῶνας
1953 588 2000 623 κε

2120 581 2315 645 neque
2343 562 2487 623 duas
2521 561 2747 624 tunicas
2776 562 3149 644 possiderent
3196 564 3280 627 84.
3345 563 3489 626 Cum
3522 581 3658 624 vero
3689 563 3759 624 ad

387 661 626 724 κτῆσθαι,
656 653 998 738 Ἐρχόμενος
1058 654 1114 712 δὲ
1170 658 1300 738 πρὸς
1357 657 1420 712 τὸ
1474 657 1658 728 πάθος,
1693 655 1851 715 πάλιν
1882 656 2000 712 εἶπε

2120 655 2454 734 passionem
2513 649 2657 726 ibat,
2715 670 2920 713 rursus
2972 651 3212 714 aiebat:
3303 676 3330 707 α
3409 650 3525 714 Sed
3602 669 3762 713 nunc

391 749 569 811 αὐτοῖς
603 765 618 779 ⁸
657 771 688 803 ι
720 745 890 803 Ἀλλὰ
920 753 1009 802 νῦν
1034 747 1062 803 ὃ
1091 745 1238 827 ἔχων
1266 745 1568 825 βαλάντιον,
1599 743 1775 824 ἀράτω
1803 747 1890 801 καὶ
1919 746 1995 815 πή

2119 739 2220 821 qui
2250 740 2429 802 habet
2455 738 2780 815 sacculum,
2815 741 2978 805 tollat
3009 750 3065 803 et
3096 759 3295 822 peram
3326 742 3410 805 85.
3445 762 3474 800 ι
3516 739 3667 816 Ergo
3700 748 3758 802 tu

379 857 501 916 ριν.
543 857 574 898 ς
607 838 707 896 Καὶ
734 837 890 900 αὐτὸς
938 837 1109 892 τοίνυν
1157 836 1419 915 γηράσας,
1472 837 1558 891 καὶ
1589 832 1796 910 μέλλων
1827 833 2000 890 ἀπιένα

2115 848 2347 910 quoque
2369 829 2644 908 cumjam
2667 831 2938 891 svnueris
2955 839 3011 892 et
3056 831 3250 892 vicina
3287 829 3393 892 tibi
3431 829 3509 891 sit
3539 828 3758 908 migra-

381 927 517 1005 πρὸς
587 927 687 994 τὴν
763 932 871 983 τῶν
937 927 1168 1004 οὗρανῶν
1221 923 1512 1004 βασιλείαν,
1581 923 1854 1004 φρόντισον
1929 926 2000 980 τῶ

2113 917 2194 979 tio
2224 918 2296 980 ad
2329 937 2576 998 regnum
2634 918 2941 997 caelorum,
3003 920 3243 1000 suscipe
3291 937 3490 981 curam
3525 927 3755 980 tuorum

374 1023 490 1074 στῖιν
549 1013 924 1097 γεννημάτων,
978 1016 1175 1092 μήπως
1231 1013 1714 1094 στενοχωρηθὲντες
1773 1013 1906 1090 μετᾶ
1973 1036 2000 1068 σ

2115 1006 2394 1082 ﬁliorum,
2418 1025 2492 1068 ne
2514 1007 2660 1067 forte
2677 1006 2736 1067 in
2760 1006 3058 1087 angustias
3081 1009 3329 1081 redacti,
3373 1007 3606 1088 quando
3639 1025 3761 1068 non

375 1110 453 1181 τῇ
510 1102 766 1179 δυσκολίᾳ
819 1095 917 1164 τῶν
965 1104 1151 1178 τόπου,
1212 1103 1654 1183 ἀναχωρήσαντες
1709 1104 2000 1182 σκορπισθῶ

2113 1095 2252 1183 eris.
2279 1095 2492 1183 _obloci
2521 1097 2929 1157 difﬁcultatem
2961 1096 3311 1159 recedentes
3341 1096 3760 1178 dispergantur

375 1215 489 1258 σιν.
569 1185 762 1270 Ἠμετς
819 1190 1056 1270 διέισομεν
1132 1181 1504 1271 μοναστήριον,
1577 1193 1666 1248 καὶ
1719 1181 2000 1272 προσόδους

2112 1181 2231 1244 Nos
2259 1181 2534 1272 dabimus
2565 1184 2987 1246 monasterium
3021 1192 3079 1246 et
3127 1193 3466 1266 proventus,
3501 1185 3754 1246 ubicun-

374 1280 517 1340 ὅπου
573 1281 638 1340 ἂν
696 1281 949 1359 κελεύσῃς
1008 1281 1062 1339 ἐν
1118 1280 1226 1354 ὅλῳ
1281 1270 1381 1356 τῷγ
1409 1279 1651 1359 ἡμετέρῳ
1706 1280 1906 1360 κράτει,
1967 1271 2000 1337 ’(

2111 1289 2227 1360 que
2256 1270 2362 1332 tibi
2393 1271 2731 1334 collibuerit
2784 1291 2888 1353 per
2918 1281 3096 1334 totam
3150 1274 3433 1336 ditionem
3467 1282 3751 1336 nostram.

372 1369 526 1436 ὅσιος
556 1371 815 1452 ἀπεκρίθη
847 1386 862 1402 ⁸
895 1379 1001 1430 Τοῦ
1033 1368 1192 1427 Δαϐὶδ
1222 1368 1420 1437 ἤκουσα
1448 1367 1694 1447 λέγοντος
1727 1388 1741 1401 ·
1784 1388 1814 1429 (
1844 1375 2000 1425 Σῶσοι

2107 1359 2196 1423 Ad
2228 1379 2360 1441 quae
2378 1363 2467 1452 vir
2483 1370 2744 1452 sanctus:
2769 1361 2982 1424 Audivi
3006 1363 3302 1424 dicentem
3326 1363 3543 1426 David:
3581 1388 3606 1418 α
3635 1362 3755 1426 Sal-

366 1484 464 1541 με,
501 1450 710 1540 Κύριε,
741 1460 820 1518 ὅτι
877 1459 1184 1519 ἐκλέλοιπεν
1225 1458 1390 1530 ὅσιος,
1449 1457 1528 1515 ὅτι
1579 1456 1928 1538 ὠλιγώθησαν
1975 1481 2000 1515 α

2106 1468 2243 1510 vum
2273 1468 2371 1541 me
2401 1451 2510 1527 fac,
2566 1450 2842 1533 Domine,
2905 1452 3185 1534 quoniam
3243 1452 3458 1514 defecit
3487 1460 3747 1524 sanctus.

370 1538 626 1617 ἆλτσθειαι
655 1551 763 1608 ἀπὸ
790 1554 894 1607 τῶν
914 1554 1038 1611 υἱῶν
1064 1556 1170 1607 τῶν
1203 1549 1510 1628 ξᾶνθρώπων
1544 1563 1560 1579 ⁶
1625 1571 1654 1604 ι
1711 1549 1798 1606 καὶ
1825 1548 1984 1606 πάλι)

2106 1538 2384 1628 quoniam
2418 1540 2723 1604 diminuta:
2779 1550 2916 1601 sunt
2975 1542 3248 1604 veritates
3303 1560 3338 1602 a
3387 1541 3522 1604 ﬁliis
3553 1540 3748 1602 homi-

374 1658 406 1696 (
441 1638 554 1698 Οὔκ
583 1635 698 1697 ἔστι
728 1646 894 1697 ποιῶν
952 1627 1330 1720 χρηστότητα,
1381 1641 1476 1698 οὒκ
1520 1637 1660 1696 ἔστιν
1689 1638 1788 1702 ἕως
1815 1639 1952 1704 ἑνός.
1989 1667 2000 1694 l

2107 1645 2250 1688 num
2281 1627 2383 1704 86;
2422 1653 2449 1685 α
2483 1638 2795 1710 ρι’ωιοτοειε
2823 1655 2848 1685 α
2867 1628 2994 1693 Non
3015 1638 3124 1709 est,
3150 1629 3250 1712 qui
3276 1630 3472 1705 faciat,
3499 1629 3749 1712 bonum,

2037 1755 2084 1822 Β
2106 1727 2358 1822 nonneslt‘
2377 1737 2564 1822 usque
2590 1718 2662 1822 ad
2694 1739 2875 1780 unum
2904 1721 2989 1784 87.
3028 1745 3055 1777 n

454 1807 578 1895 ζγ’.
627 1819 689 1876 Εἰ
735 1815 788 1874 δὲ
842 1816 929 1874 καὶ
981 1815 1121 1882 ὅλως
1179 1817 1274 1874 εἶσὶ
1329 1818 1560 1900 μοναχοὶ
1617 1820 1664 1877 οἱ
1719 1817 1836 1895 μετ’
1889 1813 2000 1894 ἐμοί

2183 1806 2284 1868 93.
2316 1807 2482 1880 Quod
2515 1808 2568 1870 si
2599 1808 2830 1886 fratres,
2885 1812 2983 1892 qui
3043 1829 3277 1872 mecum
3309 1816 3468 1885 sunt,
3506 1809 3747 1872 omnino

364 1903 611 1986 ἀδελφοὶ,
669 1908 762 1963 καί
829 1905 1108 1987 φυλάξουσι
1180 1907 1315 1965 κατὰ
1381 1897 1598 1984 δύναμιν
1651 1908 1747 1970 τὰς
1803 1906 2000 1964 ἐντολᾶι

2101 1897 2377 1987 monachi
2409 1905 2544 1958 sunt
2574 1905 2634 1960 et
2664 1899 2937 1960 mandata
2982 1897 3197 1962 Christi
3255 1919 3358 1979 pro
3390 1898 3610 1962 viribus
3639 1919 3744 1961 cu-
3773 1903 3775 1905 ’

362 2002 460 2052 τοῦ
512 1985 764 2076 Χριστοῦ,
829 1985 984 2059 αὐτὸς
1030 1997 1060 2052 ὁ
1119 1995 1468 2072 οἰκονομήσας
1526 1995 1714 2061 αὐτοὺς
1769 1996 1871 2060 ἕως
1924 2006 2000 2055 τοῐ

2099 1985 2382 2068 raverint,
2415 1987 2567 2068 ipse,
2603 1987 2699 2050 cui
2733 1988 2808 2050 de
2855 1988 2974 2050 illis
3018 2008 3174 2051 cura:
3200 1989 3307 2050 fuit
3335 2007 3522 2070 usque
3551 1989 3746 2052 adhuc

360 2092 454 2141 νῦν
513 2081 634 2161 μετ’
690 2083 840 2164 ἐμοῦ,
893 2081 1078 2160 πολλῷ
1133 2083 1335 2159 μᾶλλον
1394 2086 1652 2165 φροντίσει
1710 2085 1880 2141 αὖτῶν
1928 2089 2000 2142 κα

2099 2093 2196 2136 me
2226 2076 2562 2157 superstite,
2596 2077 2780 2140 multo
2835 2079 3019 2159 magis
3077 2087 3135 2141 et
3192 2079 3320 2140 sine
3351 2097 3446 2140 me
3477 2097 3618 2140 cura
3643 2097 3746 2141 eos

361 2171 489 2230 ἄνευ
545 2175 680 2250 ἐμοῦ
723 2191 740 2208 ⁶
813 2173 872 2238 ὃς
935 2172 1030 2231 οὐκ
1085 2172 1139 2230 ἐν
1193 2179 1260 2250 τῇ
1316 2171 1583 2247 δυναστείᾳ
1636 2183 1729 2233 τοῦ
1780 2172 2000 2233 δυνατοῦ

2103 2180 2212 2225 sua
2241 2165 2690 2247 complectetur,
2726 2165 2822 2228 cui
2879 2186 2998 2228 non
3050 2167 3111 2228 in
3169 2167 3431 2248 potentia
3461 2168 3741 2249 potentis,

362 2260 483 2319 οὗδέ
512 2263 569 2319 ἐν
599 2275 724 2325 ταῖς
748 2263 978 2338 κνήμαις
1009 2275 1098 2320 τοτ
1152 2259 1334 2342 ἀνδρὸς
1389 2261 1621 2338 εὐδοκεῖ,
1664 2260 1782 2320 ἀλλ’
1815 2263 1868 2320 ἐν
1901 2277 2000 2322 τοϊ‹

2104 2270 2217 2342 nec
2271 2253 2333 2314 in
2391 2253 2553 2316 tibiis
2608 2253 2718 2316 viri
2764 2255 3200 2337 beneplacitum
3262 2265 3374 2330 est,
3431 2255 3535 2318 sed
3566 2255 3626 2317 in
3659 2256 3744 2319 eis

362 2349 667 2422 ἐλπίζουσιν
721 2351 805 2408 ἐπὶ
856 2353 916 2408 τὸ
971 2350 1120 2416 ἕλεος
1176 2349 1354 2411 αὺτοῦ.
1416 2351 1626 2409 Τούτων
1683 2352 1771 2409 καὶ
1826 2352 2000 2432 ἑτέρως

2101 2341 2201 2432 qui
2231 2350 2470 2422 sperant
2497 2362 2678 2424 super
2708 2345 3119 2408 misericordia
3135 2346 3286 2426 ejus.
3309 2345 3446 2408 Haec
3478 2355 3540 2410 et
3562 2347 3745 2408 multa

363 2438 582 2497 πολλῶν
628 2437 961 2507 λαληθέντων
1011 2440 1203 2506 ἀνέστη
1257 2441 1287 2496 ὁ
1339 2438 1584 2517 βασιλεὺς
1641 2431 2000 2521 ἀναχωρῆσαι,

2097 2431 2374 2521 aliacum
2408 2446 2610 2495 essent
2640 2435 2940 2512 collocuti,
2991 2435 3051 2496 in
3111 2435 3261 2496 viam
3321 2454 3386 2496 se
3417 2434 3742 2516 imperator

361 2532 464 2589 Καὶ
532 2527 699 2586 πάλιν
767 2528 1100 2610 ἐπιστραφεὶς
1171 2529 1303 2608 πρὸς
1371 2529 1461 2585 τὸν
1525 2519 2000 2608 γέρονταηεῖπεν⁴

2095 2519 2260 2581 dedit
2289 2529 2346 2582 et
2369 2540 2696 2584 conversus
2718 2522 2932 2585 iterum
2978 2524 3050 2585 ad
3081 2541 3284 2585 senem
3315 2521 3500 2583 dixit:
3538 2525 3679 2585 Pete
3710 2541 3744 2583 a

360 2617 606 2684 Αἴτησόν
679 2637 748 2692 με
801 2619 874 2681 ὡς
929 2616 1115 2672 τέκνον
1171 2638 1286 2696 σου,
1347 2616 1400 2672 εἴ
1455 2639 1506 2673 τι
1559 2617 1623 2673 ἅν
1678 2616 1869 2698 βούλῃ,
1925 2620 2000 2675 καῖ

2095 2628 2190 2671 me
2212 2610 2461 2691 perinde
2480 2629 2548 2672 ac
2571 2613 2692 2674 filio
2729 2613 3016 2694 quidquid
3054 2613 3333 2684 volueris,
3370 2620 3429 2674 et
3457 2611 3742 2693 praestabo

359 2708 498 2782 μετὰ
548 2706 735 2774 πάσης
786 2705 1074 2785 προθυμίας
1130 2695 1400 2786 πληρῶσω
1453 2728 1560 2778 σοι.
1619 2695 1675 2763 Ὀ
1732 2704 1785 2761 δὲ

2095 2716 2228 2760 cum
2287 2701 2450 2762 omni
2507 2699 2831 2765 alacritate.
2890 2701 2962 2763 Et
3017 2702 3106 2763 vir
3161 2708 3425 2772 sanctus,
3501 2707 3744 2762 extensa

359 2818 470 2872 ριος
502 2794 744 2857 ἐκτείνας
785 2796 884 2862 τὴν
941 2807 1104 2875 χεῖρα
1161 2797 1291 2874 πρὸς
1344 2794 1420 2870 τῷ
1477 2796 1655 2866 στήθει
1711 2801 1803 2850 τοῦ
1849 2796 2000 2872 βασι-

2094 2806 2270 2848 manu
2323 2789 2395 2850 ad
2453 2797 2658 2870 pectus
2707 2790 3102 2870 imperatoris,
3136 2790 3330 2854 dixit:
3391 2789 3548 2852 Nihil
3581 2789 3740 2851 aliud

357 2883 516 2960 λέως,
551 2884 714 2940 εἶπεν
746 2899 762 2918 ⁸
817 2881 974 2941 Οὐδὲν
1031 2880 1161 2938 ἄλλο
1221 2880 1403 2959 δέομαι
1459 2887 1556 2950 τῆς
1586 2888 1685 2949 σῆς
1714 2881 2000 2960 βασιλείαςι

2090 2894 2232 2955 rogo
2262 2876 2334 2938 ab
2367 2878 2620 2957 imperio
2681 2888 2802 2953 tuo,
2864 2880 2978 2942 nisi
3035 2879 3248 2942 animae
3280 2887 3390 2942 tua;
3421 2879 3674 2940 salutem
3714 2898 3728 2941 :

357 2970 473 3029 ἀλλ’
533 2968 576 3041 ἢ
647 2969 747 3040 τὴν
819 2972 1083 3050 σωτήρίαν
1152 2975 1250 3038 τῆς
1309 2975 1491 3051 ψυχῆς
1549 2993 1641 3027 σου
1675 2987 1694 3002 ⁸
1752 2970 1850 3028 κᾶν
1908 2973 2000 3052 γὰρ

2089 2983 2224 3029 nam
2259 2967 2397 3029 licet
2424 2967 2750 3049 imperator
2779 2969 2882 3045 sis,
2924 2982 3122 3031 tamen
3165 2978 3227 3030 ut
3259 2967 3524 3030 mortalis
3563 2967 3740 3029 homo

355 3061 607 3137 βασιλεὺς
678 3061 976 3141 τυγχάνῃς,
1050 3056 1167 3116 ἀλλ’
1238 3063 1314 3124 ὡς
1391 3063 1473 3123 εἷς
1541 3065 1645 3118 τῶν
1719 3059 2000 3140 ἀνθρώπων

2090 3055 2411 3117 moriturus
2457 3074 2521 3118 es
2565 3064 2624 3118 et
2656 3057 2883 3136 judicio
2941 3056 3262 3132 sistendus,
3324 3058 3740 3137 rationemque

355 3151 674 3218 τελευτῆοαι
717 3149 888 3230 ἔχεις,
945 3149 1034 3205 καὶ
1090 3149 1162 3213 εἰς
1216 3150 1383 3228 κρίσιν
1436 3151 1856 3228 παραπαθῆναι,
1915 3151 2000 3206 καὶ

2084 3143 2422 3206 redditurus
2447 3163 2652 3207 eorum
2671 3165 2822 3226 quae,
2851 3147 2973 3208 sive
2991 3147 3166 3228 bona,
3192 3147 3315 3208 sive
3340 3147 3494 3209 mala
3515 3145 3732 3225 egeris.

355 3238 514 3318 λόγον
588 3237 768 3296 δοῦναι
836 3241 910 3294 ὧν
980 3234 1202 3316 ἔπραξας
1259 3243 1502 3316 πονηρῶν
1572 3259 1629 3294 τε
1685 3240 1771 3295 καὶ
1824 3237 2002 3296 καλῶν

355 3328 548 3408 ἔργων.
646 3328 748 3386 Καὶ
817 3329 845 3383 ὁ
931 3321 1174 3389 ϐασιλεὺς
1238 3331 1400 3383 ταῦτα
1469 3326 1670 3383 ἀκούων
1740 3327 2001 3406 σταγόνας

355 3417 592 3499 δωφύων
673 3415 931 3496 προέχεεν
1002 3415 1108 3470 ἀπὸ
1175 3421 1282 3470 τῶν
1350 3414 1633 3491 ὀμμάτων.
1705 3416 1844 3473 Εἶτα
1911 3418 2000 3474 τὸν

355 3507 613 3588 στέφανον
641 3503 821 3567 κλίνας
843 3503 903 3569 Δἒν
946 3516 1068 3568 ταῖς
1128 3503 1278 3582 χερσὶ
1331 3509 1425 3560 τοῦ
1471 3505 1643 3582 ἁγίου,
1702 3507 1790 3561 καὶ
1843 3504 2001 3564 εὐλο-

357 3599 531 3675 γηθεὶς
565 3591 695 3673 παρ’
751 3595 904 3650 αἰντοῦ
960 3592 1052 3648 σὺν
1112 3598 1234 3647 πᾶσι
1290 3604 1409 3654 τοϊς
1465 3589 1580 3667 μετ’
1637 3596 1815 3673 αὐτοῦ,
1866 3592 1998 3652 ἐπο-

359 3686 536 3763 ρεῦετο
560 3684 668 3752 τὴν
701 3680 842 3744 ὁδόν,
904 3676 1051 3738 Ἀλλ’
1109 3676 1213 3736 οὐδ’
1269 3678 1435 3744 οὕτως
1488 3679 1727 3760 ἐξέφυγεν
1777 3687 1882 3739 τῶν
1911 3688 2002 3739 τοῦ

357 3783 482 3832 Θεοῦ
537 3771 813 3850 χριμάτων
867 3769 928 3826 τὸ
981 3767 1166 3847 πέρας,
1229 3767 1428 3832 Εὐθέως
1485 3769 1584 3847 γὰρ
1635 3767 1798 3825 ἐλθὼν
1845 3769 1899 3825 ἐν
1927 3773 2004 3843 τῷ

358 3849 586 3940 Ῥώμη,
637 3860 728 3914 καὶ
794 3858 1026 3921 στάσεως
1098 3856 1242 3930 αὖτῴ
1316 3856 1628 3934 γενομένης,
1690 3857 2004 3937 ἀνεχώρησε

355 3950 586 4029 φεύγων,
612 3949 702 4004 καὶ
745 3947 882 4003 κατὰ
933 3947 1034 4012 τὴν
1095 3942 1215 4002 ὁδὸν
1279 3942 1638 4012 ἐτελεύτησεν.
1697 3949 1758 4004 Οἱ
1804 3943 1858 4001 δὲ
1888 3952 2004 4001 Πα-

354 4042 493 4120 τέρες
551 4038 892 4118 διεγόγγυζον
945 4037 1082 4094 κατᾶ
1143 4041 1235 4093 τοῦ
1295 4035 1538 4116 γέροντος
1593 4038 1667 4101 ὡς
1723 4037 1802 4112 μὴ
1849 4035 2002 4102 δεξα-

351 4132 509 4204 μένου
577 4130 676 4196 τὴν
740 4129 870 4206 πρὸς
936 4133 1026 4183 τοῦ
1081 4123 1339 4202 βασιλέως
1394 4125 1591 4206 Αχάριν,
1652 4127 2003 4206 μοναστήριον

2083 3231 2224 3304 Quae
2248 3233 2572 3313 imperator
2624 3235 2896 3312 audiens,
2961 3235 3350 3315 lacrymarum
3375 3242 3566 3314 guttas
3595 3234 3731 3295 fun-

2084 3321 2258 3382 debat
2280 3340 2348 3382 ex
2379 3322 2606 3386 oculis:
2654 3323 2873 3384 deinde
2916 3343 3134 3387 corona
3152 3325 3412 3387 demissa
3434 3325 3493 3384 in
3524 3341 3732 3384 manus

2083 3409 2237 3472 beati
2269 3410 2379 3472 viri
2411 3418 2469 3472 et
2497 3410 2915 3475 benedictione
2948 3423 3251 3494 percepta,
3286 3432 3420 3474 cum
3477 3421 3597 3475 toto
3626 3431 3734 3474 suo

2083 3498 2358 3562 comitatu
2391 3499 2686 3562 commisit
2714 3519 2777 3563 se
2809 3503 2935 3563 vim.
2964 3502 3085 3564 Nec
3109 3510 3308 3564 tamen
3331 3501 3531 3581 effugit
3562 3500 3732 3581 judi-

2083 3587 2309 3650 ciorum
2339 3587 2445 3650 Dei
2476 3589 2742 3654 exitum:
2807 3611 2941 3652 nam
3001 3591 3100 3653 ubi
3155 3591 3414 3674 primum
3478 3592 3731 3654 Romam

2086 3677 2374 3758 pervenit,
2393 3677 2605 3739 seditio
2631 3678 2690 3738 in
2715 3679 2909 3760 ipsum
2943 3689 3144 3743 coorta
3167 3689 3276 3756 est,
3301 3700 3478 3762 quam
3507 3679 3737 3759 fugiens

2084 3766 2146 3827 in
2176 3766 2390 3830 itinere
2421 3766 2734 3832 defunctus
2765 3779 2853 3832 est
2901 3771 3048 3846 (79).
3108 3775 3186 3833 At
3240 3790 3379 3832 vero
3426 3773 3633 3833 Patres
3662 3768 3735 3829 de

2085 3873 2228 3916 sene
2259 3856 2797 3937 conquerebantur,
2834 3859 2988 3940 quod
3021 3859 3333 3940 rejecisset
3367 3877 3581 3920 munus
3610 3857 3728 3918 im-

2090 3944 2377 4022 peratoris
2435 3947 2854 4009 monasterium
2909 3949 3028 4011 illis
3084 3947 3286 4027 largiri
3342 3945 3612 4009 volentis.
3665 3945 3736 4007 Et

2084 4037 2254 4096 Pater
2293 4034 2365 4096 ad
2411 4052 2512 4095 eos
2539 4053 2553 4097 :
2583 4034 2702 4114 Ego
2732 4035 2995 4117 quidem,
3026 4055 3156 4119 quae
3178 4036 3322 4118 dixi,
3345 4043 3408 4097 ut
3439 4034 3730 4116 insipiens

2084 4123 2314 4186 locutus
2343 4141 2504 4186 sum:
2559 4143 2659 4185 vos
2689 4132 2883 4186 autem
2916 4145 3030 4187 non
3063 4125 3246 4187 multo
3274 4134 3404 4205 post
3435 4124 3729 4204 intellige-

353 4203 534 4283 αὺτοῖς
595 4203 923 4297 δωρήσασθαι
990 4212 1328 4291 βουλομένου.
1393 4203 1450 4271 ’ὁ
1518 4210 1572 4268 δὲ
1627 4214 1808 4293 Πατὴρ
1864 4203 1997 4294 πρὸς

2087 4212 2183 4287 tis,
2219 4213 2351 4294 quis
2379 4220 2574 4274 vester
2603 4213 2677 4275 sit
2735 4233 2974 4276 sensus.
3034 4217 3234 4295 Itaque
3266 4203 3397 4276 cum
3429 4203 3734 4276 audissent

349 4308 536 4372 αὐτοὺς
569 4306 672 4386 ἔφη
705 4321 720 4336 ⁹
780 4302 923 4384 Ἐγὼ
978 4303 1076 4376 μὲν
1131 4301 1308 4380 ὥσπερ
1367 4300 1543 4381 ἄφρων
1600 4300 1835 4368 ἐλάλησα
1864 4301 1997 4382 ἆίπερ

2088 4300 2160 4362 de
2189 4299 2569 4380 imperatoris
2618 4311 2830 4380 morte,
2891 4302 3168 4365 admirati
3225 4311 3363 4365 sunt
3395 4302 3595 4366 eximii
3624 4300 3730 4365 viri

284 4453 301 4465 ,
345 4398 530 4474 εἶπον,
590 4398 746 4472 ὑμεῖς
809 4392 862 4450 δὲ
917 4389 1035 4469 μετ’
1092 4389 1268 4469 ὀλίγον
1319 4389 1579 4469 γνώσεσθε
1648 4391 1682 4448 ἃ
1736 4405 2000 4470 φρονεῖτε.

2084 4387 2488 4470 prudentiam.

345 4487 490 4543 leti:
545 4492 714 4543 ταῦτα
766 4489 890 4562 γοῦν
943 4479 1260 4542 ἀκούσαντες
1312 4478 1410 4546 τὴν
1461 4477 1712 4547 τελευτὴν
1769 4485 1862 4535 τοῦ
1887 4479 1993 4557 βα-

342 4575 562 4657 σιλέως,
600 4573 898 4650 ἐθαύμασαν
924 4569 1024 4637 τήν
1051 4578 1144 4628 τοῦ
1171 4566 1403 4647 μεγάλου
1432 4569 1704 4645 οἰκονομία
1731 4592 1779 4632 ν,

1816 4735 2060 4800 CAPUT
2086 4734 2238 4801 XIV.

334 4847 635 4931 Stephani
679 4849 820 4927 pius
867 4843 1088 4907 obitus.
1133 4841 1204 4906 S.
1254 4841 1454 4917 Nilus,
1504 4859 1580 4905 ne
1623 4841 1742 4905 sibi
1787 4841 2042 4931 honores
2090 4841 2469 4922 deferantur,
2522 4844 2792 4908 studiose
2849 4847 3018 4907 cavet
3045 4847 3102 4904 et
3129 4848 3561 4910 monasterium
3594 4849 3725 4910 ideo

412 4930 768 5017 relinquens
793 4932 1048 4996 Romam
1080 4931 1267 4994 tendit
1297 4951 1318 5002 ,°
1348 4937 1410 4994 at
1439 4931 1504 4994 in
1531 4933 1902 4995 monasterio
1913 4930 2240 5012 S.Agatha:
2262 4933 2608 5007 subsistens,
2639 4940 2853 4996 nactus
2875 4933 2950 4996 ab
2974 4939 3115 5015 agri
3140 4936 3460 5003 Tuscutaui
3483 4940 3727 5002 domino

409 5030 615 5093 locum
643 5021 1040 5088 construendo
1068 5023 1453 5096 monasterio,
1483 5020 1627 5083 dum
1655 5021 1763 5084 hoc
1787 5026 1992 5102 parat,
2023 5028 2233 5084 sancte
2255 5024 2512 5086 moritur
2539 5031 2597 5087 et
2617 5044 2654 5085 a
2671 5026 2798 5088 suis
2821 5043 2955 5088 cum
2987 5044 3207 5108 magno
3232 5031 3397 5092 luctu
3413 5030 3719 5108 sepelitur.

414 5142 530 5228 β’,
565 5145 656 5207 Ἐν
686 5144 741 5202 δὲ
771 5157 893 5208 ταῖς
923 5141 1143 5222 ἡμέραις
1201 5139 1422 5205 ἐκείναις
1467 5140 1776 5220 ἠῤῥώστητο
1805 5143 1832 5198 ὁ
1863 5163 1974 5218 μκ-

2138 5140 2240 5205 91.
2272 5140 2386 5203 Per
2405 5141 2537 5205 illos
2559 5141 2691 5206 dies
2719 5143 2929 5206 incidit
2961 5143 3020 5207 in
3059 5144 3327 5208 morbum
3351 5146 3554 5212 beatus
3581 5147 3709 5214 Ste-

409 5293 806 5362 εηιειιιιι.χ.
839 5287 936 5351 ιο.
1021 5287 1434 5369 85Luc.xxn,
1467 5286 1568 5351 36.
1651 5284 1898 5349 86Psal.
1932 5259 2013 5369 ἐι,
2048 5287 2107 5365 2,
2140 5289 2201 5357 3.
2285 5290 2348 5340 ετ
2377 5289 2532 5354 Psal.
2564 5307 2692 5370 xm,
2722 5295 2783 5356 3.

1724 5461 1966 5528 Joannis
1994 5463 2118 5528 Clei
2148 5471 2320 5528 notae.

415 5593 540 5690 (79)
571 5590 922 5690 Haecetiam
953 5607 1040 5690 Lex
1091 5605 1354 5690 rumore,
1395 5592 1471 5690 (et
1513 5583 1769 5690 quidem
1801 5585 1974 5667 falso,
2062 5587 2359 5690 territorio
2390 5584 2642 5690 civitatis
2673 5587 3015 5690 Castellanse
3073 5587 3232 5690 lenta
3286 5587 3437 5690 febri
3467 5588 3715 5690 hausto-

329 5664 908 5755 acéepisse_videtur
953 5667 1333 5755 biographus.
1393 5664 1571 5755 Certe
1596 5667 1738 5755 jam
1770 5664 1975 5755 pacem
2058 5664 3228 5755 que,utconjicitur,veneno,tranquille
3250 5668 3709 5755 esstinctus‘es}.

325 5744 610 5837 rogaram
635 5752 915 5828 Romani,
948 5744 1083 5814 nec'
1107 5744 1179 5814 in'
1215 5747 1350 5829 fuga
1403 5744 1550 5812 obiit
1589 5744 1884 5828 Otto,'sed
1913 5745 1976 5809 in
2058 5744 2607 5812 VideMuratorium
2624 5746 2921 5809 laudatum
2953 5744 3232 5812 adannos
3255 5747 3400 5810 t00l
3439 5754 3496 5808 et
3531 5747 3704 5814 1002.
