3966 6148
249 215 361 282 155

1754 213 2106 280 ΑΝΟΝΥΜΙ

3502 222 3645 290 156

244 351 479 451 phanus
505 349 654 427 (80),
689 367 757 411 ex
787 368 903 455 quo
935 367 1051 455 pon
1076 346 1881 455 convaluit.Animamnigitur

1986 365 2151 445 (ἄξιος
2183 366 2443 449 Στέφινος
2505 372 2601 440 τὴν
2655 371 2983 429 ἐπιθανάτιον
3014 372 3304 453 ἀῤῥωστίαν
3338 394 3352 408 ·
3409 371 3620 455 ψυχορ-

245 439 445 520 agenti
504 458 684 500 senex
742 438 1062 512 assidebat,
1116 446 1650 519 conveneruntqne
1678 438 1891 499 fratres

244 546 453 588 omnes
484 533 541 586 et
572 524 1011 587 circumstabat.
1077 525 1349 606 Tumque
1402 544 1645 603 magnus
1675 525 1887 587 Pater:

242 616 468 690 Frater,
510 616 716 696 inquit,
772 613 1093 694 Stephane.
1154 613 1261 675 Ille
1315 632 1451 675 vero
1503 632 1637 676 sese
1695 614 1892 675 statim

244 705 479 783 erigens
500 704 676 779 sedit,
702 703 1110 782 colligatisque
1137 702 1431 781 manibus,
1449 702 1682 765 beatum
1699 702 1893 764 virum

245 802 463 856 attente
487 792 842 855 intuebatur.
877 792 950 855 Et
993 796 1181 868 l’ater,
1217 792 1560 855 Benedicito
1600 793 1899 854 fratribus.

243 884 380 964 quia
405 882 525 962 jam
561 881 794 945 delicis.
829 881 935 945 Ille
990 901 1127 944 vero
1201 898 1407 943 manus
1455 881 1794 963 expandens
1840 890 1899 944 et

259 974 410 1035 bene
440 971 556 1033 illis
584 978 876 1052 precatus,
911 971 1068 1052 quod
1120 972 1335 1052 jussus
1365 978 1508 1051 erat,
1547 970 1905 1051 exsequebao

256 1070 371 1124 tur.
433 1062 701 1142 Tumque
758 1060 974 1121 iterum
1036 1079 1285 1139 magnus
1343 1059 1558 1122 Pater:
1639 1060 1888 1132 Quiesce

249 1154 372 1228 jam
399 1149 611 1230 inquit,
641 1148 777 1229 quia
798 1149 952 1209 vires
975 1156 1027 1209 te
1052 1148 1361 1210 deliciunt.
1405 1146 1474 1207 Et
1514 1146 1614 1208 ille
1645 1148 1887 1207 decum-

251 1238 399 1301 bens
430 1237 676 1319 quievit,
726 1246 952 1299 servato
1014 1236 1374 1298 obedientire
1428 1235 1622 1296 studio
1669 1234 1727 1295 in
1761 1235 1889 1316 ipso

247 1326 457 1388 mortis
486 1325 758 1402 articulo,
794 1325 1105 1406 Postquam
1165 1343 1306 1385 vero
1357 1324 1616 1385 animam
1650 1325 1886 1401 emavit,

247 1414 485 1493 lugebat
508 1414 673 1476 illum
697 1433 877 1475 senex
903 1413 961 1473 in
989 1414 1114 1474 haec
1135 1412 1350 1475 verba:
1376 1415 1425 1474 Ο
1449 1413 1603 1475 bone
1620 1414 1696 1473 mi
1719 1433 1887 1475 com-

248 1504 439 1565 milito
472 1512 529 1565 et
563 1522 765 1565 comes
794 1502 1067 1564 laborum
1096 1503 1420 1582 Stephane,
1442 1511 1573 1583 post
1593 1509 1677 1563 tot
1706 1522 1892 1565 annos

1973 457 2256 534 ῥαγοῠντος
2314 458 2401 514 οὖν
2458 461 2636 541 αὖτοῦ,
2693 463 2781 519 καὶ
2838 469 2929 521 τοῦ
2983 463 3228 541 γέροντος
3269 462 3411 538 αὖτῷ
3437 484 3618 538 παρα-

1973 543 2272 618 καθημένου
2342 548 2683 628 συνήχθησαν
2755 553 2801 607 οἱ
2857 548 3067 630 ἀδελφοὶ
3126 550 3353 615 ἅπαντες
3412 548 3615 624 κύκλῳ,

1974 633 2063 722 καὶ
2094 632 2235 712 λέγει
2292 637 2320 692 6
2379 638 2545 716 μέγας
2581 655 2594 668 ⁸
2661 636 2879 722 Ἀδελφέ
2937 641 3170 721 Στέφανε
3205 657 3218 671 ’
3275 643 3303 698 6
3336 639 3392 697 δέ
3426 639 3619 703 εὗθέως

1984 720 2297 786 ἀνακαθίσας
2348 722 2500 793 ἔδησε
2548 727 2642 792 τὰς
2699 720 2892 810 χεῖρας
2947 730 3035 786 καὶ
3058 720 3063 721 ⁷
3088 732 3350 809 προσεῖχε
3403 734 3479 803 τῷ
3507 750 3623 803 μα-

1984 810 2168 898 καρίῳ.
2244 812 2383 869 Εἶτα
2448 813 2591 894 λέγει
2661 819 2798 898 πρὸς,
2862 817 3016 874 αὒτόν
3052 837 3064 851 ⁸
3130 817 3433 896 Εὒλόγησον
3495 817 3623 879 τοὺς

1983 895 2256 978 ἀδελφοὺς,
2312 899 2391 957 ὅτι
2442 895 2722 969 ἐκλείπειςξ
2785 896 2842 963 Ὀ
2896 903 2950 962 δὲ
3008 904 3257 971 ἀπλώσας
3283 895 3398 969 τὰς
3429 916 3626 985 χεῖρας

1984 987 2069 1041 καὶ
2138 986 2506 1073 ἐπευξάμενος,
2578 995 2641 1050 16
2706 992 2979 1054 κελευσθὲν
3050 995 3190 1070 αὐτῷ
3258 993 3448 1057 ἐποίει,
3525 993 3626 1050 Καὶ

1980 1073 2139 1133 πάλιν
2184 1075 2328 1157 λέγει
2384 1084 2527 1156 αὐτῷ
2580 1084 2608 1138 6
2668 1083 2834 1163 μέγας
2868 1100 2883 1113 ⁸
2940 1080 3236 1140 Ἀναπαύου
3292 1082 3501 1156 λοιπὸν,
3550 1081 3634 1138 ὅτι

1979 1163 2150 1222 οὐκέτι
2179 1168 2380 1247 ἷσχύεις
2416 1185 2431 1200 ⁶
2486 1172 2574 1228 καὶ
2629 1172 2919 1236 ἀνακλιθεὶς
2977 1173 3286 1251 ἀνεπαύετο,
3335 1170 3629 1250 πληρώσας

1972 1254 2060 1310 τὸν
2091 1261 2189 1323 τῆς
2218 1259 2457 1327 ὑπακοῆς
2486 1261 2605 1340 ὅρον
2638 1261 2689 1321 ἐν
2720 1264 2797 1338 τῷ
2824 1262 3052 1334 θανάτῳ,
3106 1263 3251 1319 Μετὰ
3281 1260 3335 1316 δὲ
3376 1262 3437 1318 τὸ
3467 1262 3627 1340 αὖτρν

1971 1341 2294 1431 ἀποπνεῦσαι
2365 1336 2566 1429 ἐθρήνει
2633 1353 2660 1407 ὁ
2717 1336 2883 1431 γέρων
2940 1348 3026 1407 ἐπ’
3082 1352 3221 1425 αὗτῷ
3275 1348 3442 1428 λέγων
3478 1369 3490 1382 ·
3550 1336 3620 1404 Ὠ

1970 1428 2101 1488 καλέ
2158 1457 2257 1510 μου
2314 1440 2674 1515 συναγωνιστᾶι
2730 1442 2816 1497 καὶ
2871 1440 3105 1515 σύμποτε
3156 1437 3409 1519 Στέφανε,
3483 1438 3622 1513 μετὰ

1972 1528 2197 1580 τοσαῦτο
2253 1522 2347 1592 ἔτη
2418 1528 2784 1607 χωροζόμεθα,
2855 1529 2943 1584 καὶ
2994 1526 3237 1583 ἀλλάλων
3294 1526 3619 1605 ἀποστερού-

247 1590 645 1671 disjungimur
672 1597 728 1652 et
749 1590 899 1651 alter
920 1590 1105 1699 altero
1128 1589 1442 1691 orbamur:
1472 1598 1530 1651 et
1563 1599 1623 1652 tu
1653 1592 1889 1672 quidem

2337 1589 2346 1592 -
2422 1589 2461 1606 ,ν
2510 1589 2520 1607 .
2582 1589 2643 1604 ..
2768 1589 2784 1604 ι
3494 1589 3504 1605 .

1986 1615 2133 1685 μεθα.
2169 1616 2266 1671 Καὶ
2314 1616 2375 1671 σὺ
2431 1616 2527 1691 μὲν
2583 1617 2798 1699 ἀπέρχῃ
2851 1620 2981 1697 πρὸς
3037 1618 3134 1684 τὴν
3189 1616 3500 1691 ἀνάπαυσιν,
3551 1616 3621 1683 ἦν

247 1680 319 1741 ad
353 1680 645 1761 requiem,
706 1698 881 1762 quam
934 1679 1037 1742 tibi
1073 1679 1436 1760 praeparasti.
1497 1684 1732 1760 migras,
1786 1699 1892 1760 ego

247 1786 386 1829 vero
419 1768 476 1828 in
526 1768 713 1848 pmnis
746 1767 1003 1829 remansi
1033 1789 1046 1830 :
1092 1777 1153 1828 tu
1214 1766 1432 1828 athleta
1472 1786 1534 1829 es
1567 1775 1623 1829 et
1654 1775 1892 1849 martyr,

257 1875 364 1935 ego
397 1856 556 1918 enim
588 1864 771 1920 tortor
828 1856 936 1918 tibi
995 1876 1181 1919 eram.
1242 1858 1368 1919 Hoc
1419 1865 1611 1918 autem
1664 1856 1900 1919 dicebat

250 1964 455 2021 senex,
493 1946 629 2027 quia
658 1946 718 2007 in
750 1955 1053 2008 senectute
1092 1946 1269 2007 etiam
1307 1946 1585 2026 colaphos
1615 1945 1701 2006 illi
1732 1945 1892 2007 inﬂi-

245 2034 422 2112 gebat
456 2056 468 2096 :
534 2034 760 2096 sciebat
788 2035 1028 2116 quippe,
1062 2034 1230 2096 illum
1290 2043 1641 2098 certatorem
1676 2052 1805 2099 esse
1837 2041 1898 2096 et

259 2122 540 2203 pugilem,
572 2121 794 2204 illoque
839 2123 1113 2185 utebatur
1138 2130 1435 2205 tanquam
1497 2121 1764 2202 dolabra,
1798 2128 1898 2184 aut

251 2212 430 2273 simili
458 2213 852 2274 instrumento
884 2212 942 2273 in
975 2220 1358 2273 contumaces
1389 2219 1446 2272 et
1490 2210 1889 2290 impatientes.

249 2299 393 2362 Nam
428 2301 479 2362 si
536 2301 770 2382 quando
829 2300 888 2362 in
949 2299 1203 2362 ecclesia
1259 2300 1504 2361 fratrum
1552 2298 1890 2379 quempiam

202 2467 208 2474 .
250 2391 588 2469 complexus
624 2397 777 2451 esset
807 2406 1050 2453 somnus
1108 2397 1166 2450 et
1216 2396 1512 2462 sterteret,
1545 2389 1685 2448 dum
1719 2387 1891 2448 lectio

248 2476 575 2540 haberetur
604 2486 660 2539 et
693 2495 941 2557 magnus
956 2477 1127 2539 Pater
1158 2484 1499 2557 exponeret,
1534 2476 1662 2556 ipse
1689 2475 1894 2536 beatus

250 2564 417 2645 quasi
448 2565 728 2643 ignorans
757 2565 986 2627 aiebat:
1044 2565 1156 2638 Qui
1212 2565 1425 2638 stertit,
1464 2564 1666 2644 procul
1709 2563 1890 2625 dubio

249 2654 588 2734 Stephanus
618 2662 742 2715 est:
810 2654 1005 2733 ejicite
1063 2673 1196 2715 eum
1231 2654 1406 2729 foras,
1443 2672 1517 2714 ne
1547 2672 1654 2713 nos
1682 2651 1890 2713 doceat

250 2757 483 2819 pravam
511 2742 1029 2803 consuetudinem.
1053 2744 1222 2822 Saepe
1245 2742 1420 2803 etiam
1446 2760 1478 2801 e
1495 2759 1698 2801 mensa
1721 2739 1885 2800 illum

266 2828 494 2908 pepulit
515 2846 645 2889 cum
673 2829 905 2910 probris
928 2838 985 2891 et
1015 2829 1392 2891 contumeliis
1410 2837 1683 2908 tanquam
1706 2828 1883 2888 incon

267 2917 386 2977 dite
409 2918 817 2978 eomedentem
841 2939 857 2994 ;
894 2937 996 2979 eos
1013 2918 1339 2995 corrigens,
1368 2917 1466 2999 qui
1484 2916 1540 2977 id
1563 2916 1883 2996 peccabant
1909 2952 1951 3014 α
1971 2947 2062 3003 θού

1978 1708 2183 1776 σεαυτῷ
2231 1704 2526 1779 ἡτοίμασας
2560 1720 2575 1734 ⁶
2636 1705 2744 1785 ἐγὼ
2798 1704 3196 1781 δὲέναπέμεινα
3224 1705 3296 1767 εἰς
3325 1704 3422 1771 τὴν
3451 1702 3620 1760 κόλα-

1980 1811 2084 1852 σιν,
2120 1792 2193 1846 Σὸ
2223 1790 2458 1861 ἀθλητὴς
2515 1795 2603 1851 καὶ
2658 1795 2852 1874 μάρτυς
2910 1794 3216 1875 τυγχάνεις,
3275 1792 3384 1871 ἐγὼ
3410 1793 3510 1872 γάρ
3536 1814 3622 1849 σοι

1978 1877 2172 1957 γέγονα
2223 1879 2436 1957 δήμιος,
2513 1889 2678 1940 Τοῦτο
2747 1882 2802 1939 δὲ
2870 1882 3045 1939 ἐλάλει
3113 1884 3141 1939 6
3195 1880 3387 1961 γέρων,
3438 1880 3623 1949 ἐπειδὴ

1980 1966 2140 2048 μέχρι
2195 1971 2373 2050 γήρως
2431 1972 2489 2028 οὗ
2559 1970 2787 2029 διέλιπεν
2844 1974 2997 2032 αὐτὸν
3052 1970 3369 2050 κολαφίζων,
3427 1970 3623 2049 ἀγωνι-

1977 2058 2108 2126 στὴν
2165 2059 2319 2116 αὐτὸν
2391 2060 2737 2139 ἐπιστάμενος
2792 2063 2879 2119 καὶ
2932 2062 3160 2127 πύκτην.
3221 2060 3464 2139 Καθάπερ
3519 2060 3623 2140 γὰρ

1977 2144 2203 2228 ξυστῆρα
2259 2150 2415 2207 αὐτὸν
2484 2151 2665 2231 εἶχεν,
2737 2150 2773 2219 ἢ
2852 2148 2981 2207 ἄλλο
3049 2172 3100 2206 τι
3157 2147 3430 2227 ἐργαλεῖον
3487 2149 3622 2227 πρὸς

1975 2236 2094 2300 τοὺς
2143 2234 2471 2316 ἀϐαστάγους
2526 2241 2614 2296 καὶ
2668 2240 3123 2316 ἀνυπομονήτους,
3181 2231 3439 2304 Ὀπηνίκα
3494 2243 3623 2315 γοῦν

1975 2326 2047 2386 εἷς
2118 2325 2216 2393 τὴν
2288 2326 2570 2395 ἐκκλησίαν
2640 2351 2721 2392 τις
2789 2334 2893 2385 τῶν
2979 2326 3217 2408 ἀδελφῶν
3285 2326 3623 2401 κοιμώμενος

1976 2414 2222 2495 ἕῤῥεγχεν
2254 2415 2307 2470 ἐν
2343 2422 2410 2493 τῇ
2465 2416 2758 2494 ἀναγνώσει
2815 2426 2907 2476 τοῦ
2964 2416 3193 2495 μεγάλου
3248 2413 3623 2494 διερμηνεύον-

1974 2526 2088 2577 τος,
2149 2504 2328 2582 ἔλεγεν
2383 2505 2540 2569 αὒτὸς
2611 2508 2638 2562 ὁ
2691 2506 2946 2586 μακάριος
2999 2507 3070 2568 ὡς
3126 2504 3381 2583 ἀγνοῶν·
3442 2499 3620 2566 Οὒδεές

1975 2590 2115 2647 ἐστιν
2144 2595 2171 2649 ὁ
2219 2592 2429 2673 ῥέγχων
2487 2595 2529 2649 εἰ
2578 2596 2655 2669 μὴ
2713 2595 2741 2649 6
2791 2593 3056 2674 Στέφανος
3087 2611 3101 2624 '
3155 2589 3403 2648 ἐκϐάλετε
3461 2590 3620 2645 αὐτὸν

1973 2675 2094 2754 ἔξω,
2130 2682 2322 2756 μήπως
2352 2678 2527 2760 διδάξῃ
2584 2683 2727 2757 ἡμᾶς
2784 2683 2956 2749 κακὴν
3019 2681 3319 2750 συνήθειαν.
3352 2674 3617 2742 Πολλάκις

1969 2769 2024 2825 δὲ
2088 2772 2175 2827 καὶ
2243 2770 2304 2828 ἐκ
2371 2777 2470 2839 τῆς
2540 2772 2799 2851 τραπέζης
2877 2772 3032 2828 αὖτὸν
3090 2771 3223 2847 μετά
3273 2766 3470 2848 ὕϐρεων
3528 2770 3619 2824 καὶ

1967 2856 2273 2935 ὀνειδισμῶν
2320 2859 2598 2938 ἐξήγαγεν,
2655 2862 2729 2923 ὡς
2786 2857 3108 2922 ἀπαιδεύτως
3171 2858 3429 2931 ἐσθίοντα,
3461 2853 3609 2935 διορ-

2064 2968 2221 3023 μενος
2288 2950 2410 3011 τοὺς
2480 2948 2605 3004 αὒτὸ
2659 2948 3006 3028 πράττοντας.
3066 2948 3163 3005 Καὶ
3219 2945 3400 3009 ἁπλῶς
3457 2942 3512 3000 εἴ
3564 2967 3617 3000 τι

249 3005 520 3106 Denique
551 3006 833 3115 quidquid
860 3007 1057 3108 delicti
1083 3006 1260 3067 ﬁebat
1280 3024 1386 3086 per
1410 3006 1741 3107 universam
1766 3005 1889 3106 fra-

1986 3033 2036 3090 Εὶν
2064 3005 2310 3110 Σπταῖσμα
2350 3037 2547 3115 ἐγίνετο
2605 3035 2657 3092 ἐν
2703 3005 2857 3113 Ιπάσῃ
2912 3042 2981 3113 τῇ
3032 3033 3433 3115 ἀδελφότητιμδ
3468 3032 3611 3089 Στέ-

251 3095 611 3168 ternitatem,
638 3095 969 3176 Stephanus
991 3096 1430 3176 increpabatur,
1448 3095 1890 3176 quasiomnium

250 3202 411 3248 reus.
445 3183 567 3246 Nec
597 3184 736 3245 satis
771 3185 882 3246 hoc
911 3192 1056 3261 erat,
1116 3185 1221 3248 sed
1278 3185 1456 3248 ctiam
1485 3184 1720 3261 quando
1754 3202 1890 3244 cum

249 3274 531 3336 fratribus
554 3274 624 3335 ad
650 3292 891 3355 operam
924 3274 1310 3354 laboremque
1340 3292 1403 3335 se
1433 3272 1772 3334 conferebat
1787 3292 1889 3334 se-

248 3382 357 3424 nex
390 3364 517 3445 ipse
550 3371 609 3424 et
637 3363 1089 3443 septuagenario
1124 3365 1310 3442 major
1333 3370 1389 3422 et
1419 3360 1756 3422 incurvatus
1774 3380 1892 3442 pra;

249 3452 417 3513 senio
452 3452 746 3533 variisque
779 3452 1025 3527 morbis,
1087 3470 1206 3512 non
1263 3449 1527 3530 erigebat
1576 3450 1636 3511 in
1695 3468 1891 3512 messe

247 3547 345 3602 aut
378 3541 436 3601 in
468 3559 605 3601 area
656 3560 761 3621 per
817 3549 1000 3601 totum
1048 3539 1231 3619 diem,
1293 3548 1351 3601 et
1406 3539 1886 3600 sordidissimum

248 3629 527 3710 quodque
556 3640 653 3692 aut
685 3629 1218 3691 laboriorissimum
1276 3646 1423 3708 opus
1454 3646 1559 3708 per
1588 3621 1752 3688 illum
1787 3628 1892 3688 fie-

247 3717 382 3780 bat:
443 3736 588 3781 sane
645 3719 927 3800 quietem,
977 3726 1077 3779 aut
1132 3717 1552 3778 relaxationem
1610 3725 1729 3779 toto
1761 3716 1890 3778 vitae

247 3826 368 3869 sua}
396 3810 697 3872 curriculo
757 3824 1105 3890 quacunque
1162 3806 1223 3867 in
1283 3824 1347 3868 re
1405 3824 1521 3867 non
1555 3814 1642 3868 est
1673 3824 1891 3887 exper-

254 3905 367 3958 tus.

324 3990 426 4052 95.
461 3987 779 4069 Postquam
814 4005 950 4048 vero
984 3986 1216 4048 beatam
1245 3993 1648 4067 aaternamque
1692 3993 1900 4047 nactus

251 4085 338 4137 est
396 4078 691 4157 requiem,
754 4075 1028 4157 prmcipit
1086 4079 1263 4138 Pater
1319 4074 1531 4155 duplex
1585 4071 1902 4155 praeparari

1974 3079 2033 3090 ..,
2073 3079 2310 3110 ...μυξη
2350 3079 2547 3115 ,πηνα
2605 3079 2656 3092 ν.
2720 3079 2857 3113 ...ην
2924 3079 2981 3113 ..μ
3032 3079 3347 3115 “Marc...”
3407 3079 3432 3090 ν
3468 3079 3572 3089 ---

1973 3145 2135 3202 φανος
2166 3124 2451 3200 ἐπετιμᾶτο
2507 3128 2580 3189 ὡς
2635 3131 2739 3181 τῶν
2803 3125 3015 3183 πάντων
3071 3079 3489 3186 ὑπαίτιος.Ἢ(αὶ
3517 3123 3614 3178 οὒκ

1971 3210 2120 3291 ἤρκει
2190 3213 2332 3288 αὒτῷ
2400 3223 2573 3293 τοῦτο,
2646 3212 2782 3269 ἀλλὰ
2851 3215 2937 3270 καὶ
3007 3213 3141 3289 μετᾶ
3212 3217 3317 3267 τῦν
3374 3208 3617 3290 ἀδελφῶν

1971 3301 2313 3380 ἐργαζόμενος
2344 3301 2505 3381 γέρων
2556 3301 2630 3359 ὢν
2688 3301 2848 3358 πλέον
2903 3300 2939 3369 ἢ
2996 3301 3114 3379 περὶ
3156 3300 3220 3356 τὰ
3250 3296 3620 3375 ἐϐδομήκοντα

1972 3387 2089 3468 ἔτη,
2162 3390 2250 3445 καὶ
2317 3390 2451 3444 πάνυ
2521 3391 2794 3469 κυρτωθεὶς
2864 3388 2924 3445 ἐκ
2990 3395 3082 3445 τοῦ
3138 3389 3316 3467 γήρως
3370 3387 3456 3443 καὶ
3509 3391 3617 3443 τῶν

1970 3476 2180 3535 πολλῶν
2237 3478 2572 3558 νοσημάτων,
2631 3477 2725 3534 ο’›κ
2781 3477 3016 3534 ἀνένευεν
3076 3476 3127 3532 ἐν
3186 3498 3263 3548 τῳ
3306 3473 3441 3554 θέρει
3489 3473 3524 3540 ἢ
3557 3472 3613 3528 ἐν

1970 3572 2037 3642 τῇ
2065 3564 2228 3621 ἅλωνι
2284 3564 2415 3632 ὅλην
2463 3567 2562 3633 τὴν
2618 3566 2841 3645 ἡμέραν.
2906 3566 3003 3624 Καὶ
3059 3563 3191 3621 ὅπου
3246 3562 3291 3619 δ’
3322 3564 3382 3619 ἂν
3412 3562 3477 3629 ἧν
3508 3562 3604 3639 ῥυ-

1970 3653 2270 3733 παρώτερον
2327 3652 2477 3733 ἔργον
2549 3654 2585 3723 ἢ
2656 3651 3070 3733 κοπωδέστερον,
3154 3652 3269 3707 ἐκεῖ
3328 3650 3616 3729 εὕρίσκετο.

1976 3728 2145 3806 οὈλως
2177 3728 2231 3798 δὲ
2281 3728 2374 3799 οὒκ
2399 3728 2567 3800 ὀἶδεν
2626 3742 2913 3801 ἀνάπαυσιν
2960 3728 3007 3809 ’ἢ
3055 3728 3237 3797 ’ἄνεσιν
3296 3728 3466 3801 πάσας
3523 3737 3620 3802 τὰς

1973 3830 2175 3910 ἡμέρας
2205 3836 2303 3898 τῆς
2331 3837 2473 3904 ζωῆς
2507 3835 2663 3891 αὐτοῦ
2693 3830 2747 3887 ἐν
2775 3829 3067 3907 οἱῳδήποτε
3096 3830 3394 3911 πράγματι.

2065 3989 2174 4077 ('5'.
2232 3984 2348 4058 ﬂ018
2403 3999 2490 4056 οὗν
2546 4000 2874 4058 ἀνεπαύσατο
2919 3999 3017 4067 τὴν
3077 3998 3334 4077 μακαρίαν
3392 3995 3627 4055 ἀνάπαυ-

1983 4110 2088 4159 σιν,
2122 4085 2387 4153 διετάξατο
2418 4090 2445 4143 6
2497 4088 2680 4167 Πατὴρ
2734 4090 2826 4144 τὸν
2880 4088 3043 4168 τάφον
3093 4084 3305 4143 διπλοῦν
3359 4084 3621 4164 γενέσθαι,

247 4165 611 4242 sepulcrum,
651 4173 715 4227 ut
745 4173 803 4226 et
851 4164 1008 4244 ipse,
1072 4182 1249 4225 cursu
1309 4172 1742 4237 consummato,
1777 4182 1890 4225 una

1986 4176 2071 4233 ἵνα
2145 4178 2231 4232 καὶ
2300 4178 2454 4240 αὐτὸς
2515 4164 2802 4240 τελειώσας
2858 4164 2973 4233 τὸν-
3007 4174 3199 4255 δρόμον
3256 4178 3492 4254 συνταφῇ
3548 4179 3627 4247 τῷ

245 4253 619 4334 sepeliretur.
644 4253 706 4314 Id
741 4273 871 4314 cum
904 4252 1121 4331 Cajvtze
1152 4253 1430 4333 princeps
1472 4253 1617 4326 (81),
1665 4252 1750 4313 vir
1778 4253 1887 4313 ad-

250 4342 490 4403 modum
512 4341 847 4420 religiosus,
872 4361 1260 4422 magnamque
1285 4340 1359 4402 de
1381 4343 1688 4403 sanctitate
1707 4341 1894 4403 Patris

249 4430 593 4511 opinionem
626 4430 873 4503 habens,
907 4440 1167 4509 rogasset
1204 4438 1261 4491 et
1305 4434 1629 4509 sepulturze
1656 4449 1893 4493 causam

246 4519 609 4597 rescivisset,
642 4522 712 4583 ad
748 4530 1070 4602 praesentes
1100 4520 1280 4581 dixit:
1327 4518 1477 4598 Ergo
1504 4520 1551 4581 si
1586 4520 1758 4582 Pater
1786 4521 1895 4583 de-

248 4609 516 4685 cesserit,
551 4610 648 4672 hic
680 4628 789 4689 ego
820 4610 991 4671 illum
1022 4609 1351 4688 relinquam
1403 4618 1460 4669 et
1490 4627 1608 4669 non
1638 4609 1897 4671 transfe-

248 4716 374 4759 ram
407 4698 468 4760 in
501 4717 690 4760 meam
724 4699 961 4774 urbem,
997 4708 1061 4759 ut
1121 4697 1207 4759 illi
1265 4697 1340 4758 sit
1373 4698 1555 4759 turris
1587 4698 1770 4759 instar
1799 4698 1896 4759 in-

245 4805 550 4849 concussa:
573 4791 602 4849 ?
620 4787 787 4861 Quod
811 4796 1015 4869 postea
1036 4805 1211 4867 quam
1238 4786 1532 4867 perlatum
1551 4796 1640 4848 est
1662 4788 1735 4850 ad
1758 4788 1901 4849 bea-

247 4881 367 4936 tum
401 4895 630 4955 senem,
656 4879 1044 4938 vehementer
1073 4875 1332 4936 tristatus
1364 4883 1472 4955 est,
1522 4883 1581 4935 et
1638 4876 1713 4937 de
1773 4895 1899 4937 mu-

259 4964 437 5027 tando
467 4965 771 5027 domicilio
827 4965 1117 5045 c0gitavit,
1172 4972 1236 5025 ut
1297 4981 1368 5025 eo
1427 4963 1755 5040 secederet,
1791 4956 1895 5027 ubi

1975 4268 2237 4342 μακαρίτῃ
2268 4265 2537 4344 Στεφάνῳ.
2596 4256 2653 4322 Ὀ
2705 4264 2760 4320 δὲ
2817 4264 2998 4345 ἄρχων
3063 4264 3262 4326 Γαΐτας
3318 4260 3434 4317 λίαν
3462 4258 3623 4341 φιλό-

1974 4357 2089 4417 θεος
2121 4352 2217 4433 ὢν,
2274 4354 2370 4408 καὶ
2422 4352 2596 4408 πίστιν
2653 4351 2861 4420 πολλὴν
2921 4351 3065 4433 ’έχων
3118 4353 3190 4415 εἷς
3222 4353 3312 4407 τὸν
3341 4349 3487 4406 ὅσιον
3520 4356 3625 4404 [Ια-

1976 4441 2121 4522 τέρα,
2184 4440 2454 4520 ἐρωτήσας
2525 4442 2614 4497 καὶ
2673 4442 2853 4516 μαθὼν
2909 4441 3007 4497 τὸν
3065 4440 3232 4496 αἰτίαν
3287 4446 3380 4496 τοῦ
3433 4438 3620 4517 τάφου,

1978 4530 2103 4587 εἶπε
2172 4532 2303 4609 πρὸς
2373 4530 2493 4593 τοὺς
2563 4531 2828 4608 παρόντας
2862 4547 2876 4561 ·
2960 4532 3156 4587 Λοιπὸν
3214 4527 3303 4584 ἐὰν
3358 4529 3387 4584 6
3441 4533 3625 4605 Πατήρ

1977 4617 2291 4695 τελευτήσῃ,
2347 4616 2449 4674 ὧδε
2504 4620 2661 4676 αὗτὸν
2717 4619 3045 4698 καταλείψω,
3107 4614 3225 4673 ἀλλ’
3282 4616 3377 4672 οὒκ
3405 4615 3625 4693 ἀπαγα-

1980 4707 2087 4786 γὼν
2117 4706 2170 4762 ἐν
2198 4713 2266 4784 τῇ
2297 4704 2449 4763 πόλει
2481 4729 2582 4782 μου
2612 4709 2917 4782 καταθήσω,
2968 4707 3061 4763 ἵνα
3109 4705 3216 4785 ἕλῃ
3275 4705 3427 4761 αὐτὸν
3456 4703 3629 4760 καθά-

1979 4819 2077 4876 περ
2147 4793 2387 4852 ἄσειστον
2455 4796 2699 4875 πύργον;
2760 4804 2923 4855 Τοῦτο
2976 4797 3146 4854 τοίνυν
3205 4794 3383 4869 μαθὼν
3442 4794 3470 4849 ὁ
3525 4814 3629 4867 μα-

1979 4887 2161 4964 κάριος
2229 4884 2418 4964 γέρωι,
2494 4887 2583 4941 καὶ
2672 4883 2869 4965 σφόδρα
2939 4884 3211 4962 λυπηθεὶς,
3282 4879 3629 4938 ἐϐουλεύσατο

1980 4974 2137 5031 πάλιν
2194 4977 2506 5049 μετοικῆσαι
2563 4972 2786 5054 ἐκε’θεν,
2845 4976 2933 5031 καὶ
2986 4972 3235 5029 ἀπελθεῖν
3296 4969 3428 5027 ὅπου
3457 4966 3623 5033 οὐδείς

1621 5136 1866 5202 Joannis
1894 5141 2023 5205 Clei
2051 5151 2222 5204 notae.

324 5266 441 5335 (80;
472 5263 558 5328 De
590 5263 911 5343 Stephano,
947 5263 1114 5343 cujus
1173 5260 1371 5323 obitus
1401 5261 1497 5323 hic
1529 5280 1661 5323 cum
1695 5261 1885 5341 elogio

247 5331 544 5419 narratur,
569 5331 764 5424 aliqua
782 5331 1038 5405 diximus
1059 5351 1115 5403 at
1145 5349 1338 5424 caput
1355 5343 1392 5400 4
1413 5350 1564 5420 (not.
1580 5331 1891 5408 95LChru-

1956 5422 2209 5507 7‘initium
2242 5422 2378 5503 quis
2408 5424 2625 5506 Cajctze
2660 5425 2934 5507 princeps
2965 5426 3164 5505 fuerit,
3200 5420 3342 5485 mihi
3374 5440 3493 5483 non
3526 5420 3626 5482 in~

248 5425 505 5485 notaxim
533 5420 788 5504 aliquam
815 5424 945 5504 vitae
966 5425 1097 5504 ejus
1118 5420 1448 5504 secundum
1480 5423 1891 5504 clironotaxim

244 5513 430 5586 gestat
450 5522 548 5565 ιιιιι
579 5499 651 5565 ΒΣ
674 5503 791 5567 Nili
824 5503 957 5566 vide
987 5499 1628 5581 Commentariipraavii
1658 5522 1824 5565 num.
1855 5505 1892 5568 7

1959 5270 2032 5324 ‘et
2063 5263 2123 5326 8.

2055 5342 2175 5421 l3l)
2207 5340 2328 5404 Sub
2361 5344 2540 5407 finem
2600 5345 2729 5408 vitae
2782 5346 2970 5408 sancti
3019 5345 3205 5407 Patris
3238 5350 3292 5403 et
3323 5338 3534 5421 smculi
3556 5356 3629 5403 XI

1981 5503 2198 5566 notuit.
