3966 6148
222 250 340 317 159

1715 257 2077 322 ANONYMI

3480 262 3593 329 160

213 383 397 464 ρὶιωίε
417 385 710 450 licethinc
733 388 909 451 etiam
953 388 1133 452 fidem
1163 389 1517 452 habentibus
1545 390 1700 453 sicut
1725 408 1854 469 gra-

1954 399 2066 455 τᾶσι
2119 397 2206 453 καὶ
2258 393 2463 471 ἔλεγεν,
2522 391 2601 448 ὅτι
2654 393 2784 456 Τοὺς
2841 395 3214 473 πανευφήμους
3271 395 3360 450 καὶ
3419 393 3584 450 ὅντως

216 493 365 567 num.
412 475 658 556 sinapis,
733 478 1175 541 venerationem
1246 479 1523 542 deferre:
1586 480 1852 560 quamvis

1954 484 2399 567 τρισμακαρίστους
2493 483 2581 539 καὶ
2674 486 2983 562 κορυφαίους

3076 491 3180 540 τῶν
3271 483 3582 540 ἀποστολων

215 578 320 649 ego
351 560 624 640 indignus
649 564 784 640 sim,
819 565 921 646 qui
953 567 1043 629 vel
1075 567 1200 628 solo
1245 569 1487 628 nomine
1513 585 1616 632 eos
1647 568 1852 649 appel-

1954 578 2022 632 ιαὶ
2049 575 2276 634 ἐντεῦθεν
2307 570 2520 627 δυνατὸν
2566 585 2683 634 τοῖς
2738 572 2910 628 πίστιν
2968 575 3041 636 ὡς
3097 573 3292 630 κόκκον
3321 573 3582 635 σινάπεως

211 647 353 740 lem,
385 649 445 710 in
479 650 636 740 hunc
668 672 843 733 porro
878 663 1116 717 tenuem
1151 656 1364 718 deveni
1395 656 1588 720 locum
1619 647 1737 719 non
1773 658 1854 720 al-

1954 663 2281 740 ιεκτημένοις
2336 660 2521 722 αὐτοὺς
2575 665 2957 738 προσκυνῆσαι,
3017 663 3061 717 εἰ
3129 663 3215 717 καὶ
3283 661 3392 738 ἐγὼ
3461 659 3587 715 ἀνά-

211 738 395 800 terius
426 739 516 800 rei
543 760 740 816 causa,
789 762 963 825 quam
1019 752 1085 806 ut
1139 745 1302 808 diem
1361 765 1558 808 meum
1614 753 1849 811 obeam.

211 826 396 918 Porro
423 835 621 892 autem
646 829 805 892 illius
828 831 1028 913 oppidi
1066 832 1362 908 dominus,
1389 833 1704 913 Gregorius
1733 835 1850 918 (85)

213 915 476 1006 nomine,
510 919 822 1006 tyrannide
879 920 1118 1002 quidem
1178 929 1235 983 et
1292 922 1551 1004 nequitia
1580 915 1852 1006 insignis,

211 1003 314 1064 sed
347 1004 662 1083 sagacitate
691 1017 934 1071 ornatus
978 1017 1037 1071 et
1090 1003 1428 1091 prudentia,
1462 1012 1774 1074 descendit
1801 1003 1858 1074 et

213 1099 537 1180 prostratus
565 1095 638 1156 ad
669 1097 855 1158 sancti
887 1097 994 1158 viri
1051 1099 1234 1178 pedes
1280 1097 1362 1161 ita
1417 1098 1654 1162 dicebat
1688 1118 1701 1162 :
1739 1100 1858 1180 Ego

213 1179 476 1259 quidem,
502 1201 670 1244 serve
699 1184 1119 1261 Deialtissimi,
1142 1185 1217 1246 ob
1250 1185 1430 1248 multa
1461 1195 1700 1266 peccata
1728 1179 1862 1252 mea

214 1268 428 1346 dignus
460 1290 577 1332 non
607 1291 760 1349 sum,
796 1282 860 1335 ut
887 1273 1077 1336 intres
1129 1273 1238 1336 sub
1298 1283 1514 1336 tectum
1548 1294 1768 1352 meum,
1801 1291 1861 1340 et

213 1356 373 1418 unde
405 1359 548 1421 mihi
581 1361 716 1427 hoc.
751 1370 813 1424 ut
841 1372 1082 1425 sanctus
1132 1363 1371 1425 Domini
1416 1364 1530 1426 mei
1561 1365 1754 1427 veniat
1782 1367 1855 1428 ad

215 1451 356 1508 me?
385 1445 500 1510 Sed
545 1451 780 1530 quando
809 1452 1064 1531 Magistri
1099 1460 1156 1514 et
1185 1452 1420 1514 Domini
1469 1453 1549 1514 tui
1583 1457 1854 1536 exemplo

1936 753 2041 819 ξιος
2075 754 2161 809 καὶ
2217 757 2307 807 τοῦ
2363 749 2520 825 μόνον
2573 749 2758 810 αὐτοὺς
2813 749 3092 824 ὀνομάσαι.
3155 748 3244 807 Ἐν
3302 747 3479 824 μέντοι
3508 754 3585 821 τῷ

1938 839 2144 896 εὐτελεῖ
2172 839 2320 911 τόπῳ
2377 837 2546 910 τούτῳ
2604 833 2670 891 δι’
2726 833 2872 891 οῦδὲν
2930 835 3059 893 ἄλλο
3115 837 3364 913 ἐλήλυθα,
3416 838 3460 892 εἰ
3507 835 3585 912 μὴ

1939 929 2099 1004 μόνον
2129 927 2212 984 διὰ
2258 930 2318 984 τὸ
2373 925 2707 992 τελευτῆσαι.
2776 917 2833 982 Ὀ
2891 923 2946 981 δὲ
3009 926 3190 1006 ἅρχων
3245 932 3341 993 τῆς
3397 925 3586 1000 κώμης

1938 1017 2142 1085 ἐκείνης
2177 1015 2465 1095 Γρηγόριος
2494 1020 2570 1088 τῷ
2616 1013 2858 1093 ὀνόματι,
2909 1013 3226 1093 περιϐόητος
3279 1015 3332 1070 ἐν
3394 1035 3585 1093 τυραν-

1939 1106 2035 1164 νίδι
2114 1108 2200 1164 καὶ
2272 1104 2444 1177 ἀδικίᾳ
2511 1103 2817 1184 τυγχάνων,
2886 1103 2998 1162 λίαν
3069 1103 3123 1160 δὲ
3193 1105 3447 1184 ἀγχίνους
3501 1103 3589 1158 καὶ

1940 1195 2141 1252 συνέσει
2224 1192 2651 1272 κεκοσμημένος,
2745 1191 3008 1250 κατελθὼν
3097 1195 3184 1250 καὶ
3274 1193 3588 1272 προσπεσὼν

2328 1290 2350 1299 ν
2619 1278 2642 1297 ν
2890 1291 2910 1300 ..ι
3328 1283 3343 1301 κ
3443 1279 3466 1296 ’δ
3501 1291 3523 1298 ν

1939 1299 2054 1349 τοῖς
2086 1285 2211 1342 ποσὶ
2263 1305 2355 1340 του
2410 1282 2560 1359 ἁγίου
2620 1280 2767 1358 ελεγε
2819 1304 2980 1341 ταυτα
3017 1300 3030 1314 ‘
3092 1280 3236 1361 Ἐγῶ
3285 1305 3407 1362 μεν,
3439 1279 3590 1339 οουλε

1939 1383 2032 1432 τοῦ
2066 1380 2197 1430 Θεοῦ
2225 1382 2317 1430 τοῦ
2357 1370 2597 1446 ὑψίστου,
2659 1368 2744 1425 διὰ
2795 1370 2887 1434 τὰς
2945 1369 3147 1434 πολλάς
3209 1393 3308 1446 μου
3339 1369 3593 1448 ἁμαρτίας

1936 1464 2030 1520 οὒκ
2057 1463 2162 1538 εἰμὶ
2190 1463 2392 1533 ἱκανὸς,
2426 1458 2518 1515 ἵνα
2576 1481 2675 1534 μου
2731 1459 2831 1514 ὑπὸ
2887 1459 2985 1526 τὴν
3046 1459 3240 1538 στέγην
3302 1458 3536 1534 εἰσέλθῃς
3575 1475 3589 1488 ’

214 1553 310 1596 me
338 1545 708 1616 peccatorem
724 1541 903 1620 justis
932 1541 1264 1622 praetulisti,
1297 1559 1438 1604 ecce
1469 1542 1678 1604 domus
1701 1563 1851 1621 mea,

1954 1554 2020 1608 ιαὶ
2050 1552 2207 1608 πόθεν
2259 1572 2348 1626 μοι
2405 1554 2585 1628 τοῦτο,
2640 1547 2733 1604 τίνα
2792 1546 2916 1624 ἔλθῃ
2981 1550 3008 1604 6
3065 1549 3212 1627 ἅγιος
3261 1558 3352 1606 τοῦ
3407 1546 3593 1624 Κυρίου

214 1631 518 1719 totumque
548 1646 685 1719 cum,
739 1646 847 1719 suo
904 1648 1042 1706 agro
1102 1629 1389 1719 oppidum
1445 1638 1581 1692 ante
1627 1639 1681 1693 te
1739 1641 1848 1698 est.

1954 1661 2035 1696 ιου
2063 1640 2192 1719 πρός
2227 1657 2339 1719 μες
2403 1634 2621 1703 Ἐπειδὴ
2671 1633 2724 1690 δὲ
2785 1637 3109 1712 μιμούμενος
3170 1639 3259 1693 τὸν
3319 1637 3408 1692 σὸν
3441 1632 3590 1689 διδά-

213 1711 510 1804 Quidquid
543 1715 617 1778 de
647 1716 720 1778 iis
751 1717 1009 1799 libuerit,
1035 1717 1264 1798 jubeto.
1852 1729 1861 1789 ξ

1954 1727 2126 1785 ι’καλον
2183 1729 2269 1786 καὶ
2329 1726 2600 1792 Δεσπότην
2646 1727 2987 1804 προετιμήσω
3039 1747 3104 1801 με
3175 1727 3263 1782 τὸν
3323 1727 3578 1800 ἁμαρτω-

213 1801 304 1860 λὸν
335 1811 438 1861 τῶν
488 1804 723 1882 δικαιων,
782 1807 888 1865 ιδοῦ
947 1811 974 1866 6
1029 1810 1180 1872 οἶκός
1237 1833 1359 1885 μου,
1420 1811 1508 1867 καὶ
1563 1810 1700 1869 ἅπαν
1756 1813 1845 1871 σὺν
1900 1816 2018 1882 τοῖς
2070 1817 2412 1898 περιχωρίοις
2471 1817 2627 1874 αὒτοῦ
2677 1816 2738 1871 τὸ
2790 1813 3098 1872 καστέλλιον
3155 1817 3257 1894 πρὸ
3311 1812 3595 1892 προσώπω

214 1915 306 1951 σου
327 1910 342 1924 ⁶
377 1894 430 1950 εἴ
457 1918 506 1952 τι
537 1895 767 1960 κελεύεις
797 1899 914 1977 περὶ
943 1902 1136 1980 αὐτῶν,
1169 1899 1482 1978 πρόσταξον.

295 1999 396 2063 97.
418 1998 743 2081 Respondit
769 2001 976 2064 beatus
997 2005 1198 2064 Pater:
1224 2003 1547 2066 Benedicat
1576 2005 1861 2071 Dominus

217 2095 274 2149 et
296 2088 401 2150 tibi
430 2098 489 2152 et
518 2090 632 2151 tuis
661 2098 718 2151 et
749 2092 952 2154 domui
1005 2099 1118 2154 tuae
1169 2106 1230 2154 et
1261 2093 1478 2173 oppido
1512 2103 1633 2158 tuo.
1667 2099 1857 2159 Parti-

214 2178 406 2240 culam
437 2179 497 2240 in
528 2179 752 2242 ditione
785 2189 882 2243 tua
911 2181 1084 2244 nobis
1113 2183 1397 2257 concede,
1434 2192 1497 2244 ut
1527 2186 1859 2265 quietemin

215 2285 286 2329 ea
343 2269 498 2330 nacti
552 2269 738 2332 Deum
800 2291 905 2352 pro
962 2272 1219 2352 peccatis
1275 2273 1494 2334 nostris
1545 2277 1861 2356 prepitium

212 2356 532 2419 reddamus
553 2367 610 2420 et
631 2377 734 2440 pro
759 2360 945 2420 salute
968 2369 1064 2421 tua
1107 2380 1313 2441 preces
1341 2362 1678 2426 fundamus.
1709 2366 1854 2429 Gre-

215 2446 414 2535 gorius
473 2456 668 2508 autem
731 2467 944 2526 magna
997 2451 1300 2512 alacritate
1357 2452 1665 2532 implebat,
1702 2454 1861 2535 quod

211 2533 445 2613 jussum
479 2544 624 2597 erat.
657 2543 732 2600 At
783 2555 922 2599 vero
983 2538 1216 2612 fratres,
1280 2540 1381 2620 qui
1411 2543 1469 2602 in
1502 2533 1864 2605 monasterio

213 2634 642 2711 remanserant,
682 2635 812 2707 post
845 2627 1129 2689 bimestre
1157 2629 1410 2708 spatium
1441 2629 1665 2703 audito,
1703 2633 1863 2711 quod

213 2709 388 2774 Pater
405 2731 521 2774 non
543 2722 950 2778 reverteretur
969 2715 1247 2796 amplius,
1270 2726 1645 2779 recesserunt
1667 2709 1866 2799 aspor-

215 2807 407 2862 tantes
422 2819 627 2863 secum
652 2804 918 2878 melotas,
940 2803 1340 2866 succinctoria
1363 2813 1420 2866 et
1439 2805 1688 2886 reliqua,
1726 2825 1866 2886 per-

215 2897 624 2972 veneruntque
671 2892 742 2953 ad
804 2892 1023 2966 locum,
1084 2894 1468 2956 construendi
1527 2896 1870 2958 monasterii

220 2978 461 3041 nomine
484 2998 519 3040 a
542 2979 808 3062 principe
827 2981 944 3042 illis
967 2981 1252 3043 dicatum.
1277 2981 1442 3054 Quod
1469 2981 1569 3044 ubi
1598 2987 1870 3062 cognovit

217 3065 305 3126 vir
326 3065 722 3144 beatissimus,
739 3069 1021 3132 nimirum
1048 3070 1358 3132 advenisse
1376 3069 1532 3147 illos,
1552 3073 1868 3134 exsultavit

216 3155 452 3235 spiritu,
512 3157 978 3240 significavitque
1033 3159 1154 3221 illis
1195 3161 1322 3222 haec
1380 3179 1488 3239 per
1538 3161 1859 3224 nuntium:

2026 2003 2136 2089 ζ’ζί
2212 2004 2268 2072 t0
2338 2011 2392 2068 δὲ
2464 2011 2720 2091 μακάριος
2788 2011 3102 2090 ἀπεκρίνατο
3175 2010 3304 2086 πρὸς
3377 2008 3536 2064 αὐτόν
3571 2011 3588 2029 ⁸

1944 2101 2244 2180 Εῦλογήσαι
2284 2103 2469 2181 Κύριος
2515 2102 2602 2157 καὶ
2650 2100 2708 2156 σὲ
2763 2103 2849 2157 καὶ
2906 2101 3026 2164 τοὺς
3087 2099 3178 2154 σὺν
3206 2105 3280 2172 τῷ
3309 2097 3450 2171 οἴκῳ
3477 2120 3591 2170 σου,

1942 2195 2030 2250 καὶ
2060 2200 2127 2270 τῇ
2155 2193 2314 2268 κώμῃ
2352 2215 2464 2251 σου.
2516 2191 2685 2270 Μέρος
2733 2189 2788 2248 δὲ
2845 2191 3022 2269 ὀλίγον
3079 2189 3132 2245 ἐν
3189 2196 3265 2264 τῷ
3297 2191 3478 2268 κράτει
3508 2210 3600 2244 σου

1943 2282 2079 2356 ἡμῖν
2148 2279 2490 2361 διαχώρισον,
2565 2279 2710 2344 ὅπως
2769 2279 2824 2336 ἐν
2880 2281 3023 2353 αὒτῷ
3078 2278 3446 2358 ἡσυχάσαντες
3504 2278 3596 2332 τὸν

1947 2371 2074 2426 Θεὸν
2126 2371 2255 2449 ὑπὲρ
2324 2375 2430 2425 τῶν
2500 2369 2769 2447 ἁμαρτιῶν
2824 2369 2979 2443 ἡμῶν
3039 2366 3456 2445 ἐξιλεωσώμεθα,
3509 2367 3605 2421 καὶ

1944 2458 2073 2532 ὑπὲρ
2143 2464 2242 2525 τῆς
2300 2463 2400 2524 σῆς
2453 2459 2715 2536 σωτηρίας
2775 2455 3063 2530 εὒξώμεθα.
3125 2455 3255 2513 Τότε
3313 2457 3340 2510 6
3398 2454 3600 2533 Γρηγό-

1947 2569 2055 2625 ριος
2087 2548 2222 2622 μετὰ
2273 2545 2480 2613 πολλῆς
2539 2551 2638 2613 τῆς
2702 2545 2988 2624 προθυμίας
3047 2542 3331 2622 ἐξεπλήρου
3387 2545 3446 2599 τὸ
3501 2562 3595 2597 κε-

1947 2635 2250 2711 λευόμενον.
2283 2639 2340 2694 Οἱ
2371 2635 2430 2691 δὲ
2459 2634 2892 2710 ἐναπομείναντες
2949 2634 3003 2690 ἐν
3061 2640 3129 2710 τῇ
3188 2639 3326 2709 μονῇ
3383 2630 3595 2710 ἀδελφοὶ

1947 2726 2082 2799 μετὰ
2111 2723 2199 2780 δύο
2227 2723 2429 2803 ἡμέρας
2461 2730 2644 2798 μηνῶν
2703 2723 2979 2799 μαθόντες,
3035 2721 3115 2778 ὅτι
3157 2725 3250 2780 οῦκ
3279 2721 3595 2800 ἀποστρευει

1946 2815 2076 2891 πρὸς
2134 2815 2318 2877 αὐτοὺς
2365 2815 2393 2868 6
2445 2813 2649 2891 Πατὴρ,
2712 2812 3005 2891 ἀπάραντες
3061 2823 3179 2873 τοῖς
3237 2808 3594 2888 μηλωταρίοις

1944 2904 2032 2958 καὶ
2057 2899 2410 2980 περιϐολαίοις
2440 2903 2528 2958 καὶ
2581 2915 2695 2964 τοῖς
2753 2901 2992 2974 λοιποῖς,
3049 2897 3334 2955 κατέλαϐον
3379 2900 3468 2954 τὸν
3495 2898 3598 2954 ὑπὸ

1944 2998 2037 3047 τοῦ
2104 2987 2361 3072 ἄρχοντος
2433 2989 2783 3072 ἀφιερωθέντα
2852 2990 3012 3046 τόπον
3090 2993 3272 3052 αὒτοῖς
3332 2988 3385 3044 ἐν
3441 2986 3589 3064 λόγῳ

1945 3084 2113 3155 μονῆς
2147 3095 2161 3109 ⁶
2225 3081 2400 3155 μαθὼν
2451 3082 2621 3136 τοίνυν
2671 3083 2702 3134 δ
2752 3079 3194 3156 παμμακάριστος
3255 3077 3433 3155 Πατὴρ
3489 3076 3588 3141 τὴν

2208 3167 2400 3244 etSt-Iw,
2502 3166 2866 3244 ἠγαλλιάσατο
2965 3174 3041 3242 τῷ
3137 3166 3422 3240 πνεύματι,
3502 3164 3591 3220 καὶ

1942 3166 2109 3248 ἄφιξιν
2208 3167 2400 3247 αὖτῖῦν,

219 3243 467 3308 Suﬂiicit
489 3247 659 3335 mihi,
688 3250 894 3312 Patres
917 3247 1219 3330 etfratres,
1244 3250 1400 3329 quod
1415 3249 1488 3310 ob
1511 3249 1610 3312 Dei
1631 3252 1861 3331 meique

1954 3243 2240 3325 δεδήλωκεν
2311 3255 2494 3319 αὒτοϊς
2531 3272 2545 3288 ⁶
2623 3255 2867 3335 Ἀρκετόν
2935 3278 3050 3328 μοι,
3121 3255 3167 3310 ὦ
3225 3252 3452 3332 Πατέρες
3508 3253 3598 3307 καὶ

215 3351 480 3396 amorem
511 3334 773 3398 laborem
823 3337 1121 3418 ceperitis,
1183 3346 1248 3398 ut
1302 3337 1497 3399 isthuc
1557 3340 1862 3400 veniretis.

215 3421 381 3484 Nunc
403 3423 580 3503 igitur
601 3425 946 3487 charitatem
971 3436 1224 3488 vestram
1251 3445 1418 3506 rogo,
1451 3435 1512 3486 ut
1557 3436 1866 3508 exspecte-

219 3512 316 3586 tis,
342 3512 531 3574 donec
558 3524 616 3574 et
637 3513 769 3592 ipse
799 3515 1030 3576 veniam
1051 3516 1122 3576 ad
1149 3534 1270 3576 vos.
1307 3515 1456 3576 Dum
1491 3514 1672 3592 igitur
1702 3526 1866 3596 parat

217 3618 282 3662 se
311 3600 381 3662 ad
404 3601 752 3664 solvendum
785 3603 1140 3683 promissum
1165 3603 1288 3665 suis
1310 3603 1562 3684 pedibus
1599 3603 1866 3676 (aberant

219 3691 377 3752 enim
411 3690 624 3753 fratres
657 3693 767 3753 tria
795 3693 920 3755 fere
953 3693 1138 3754 millia
1171 3702 1490 3772 passuum),
1525 3696 1866 3756 convocatis

217 3777 289 3839 ad
323 3796 390 3840 se
419 3778 722 3850 fratribus,
759 3781 859 3862 qui
891 3800 1093 3844 secum
1127 3792 1322 3856 erant,
1357 3799 1473 3842 una
1502 3801 1634 3843 cum
1670 3783 1860 3862 hegu-

219 3885 394 3928 meno
426 3866 606 3930 Paulo
657 3870 802 3950 (86),
864 3871 959 3932 cui
1016 3872 1427 3952 praefecturam
1489 3872 1868 3933 commiserat

217 3965 352 4020 ante
384 3963 602 4024 multos
631 3962 781 4032 dies,
843 3963 970 4024 viro
1029 3971 1087 4024 et
1145 3963 1462 4044 prudentia
1519 3971 1576 4024 et
1608 3971 1778 4025 aetate
1811 3972 1867 4025 et

219 4048 642 4111 exercitatione
673 4051 802 4113 vitae
833 4053 1174 4114 monasticae
1234 4061 1290 4112 et
1322 4051 1708 4132 philosophiae
1737 4060 1865 4112 stu-

223 4133 338 4196 diis
368 4137 629 4217 antiquo,
665 4138 965 4201 distribuit
993 4140 1111 4201 illis
1141 4159 1325 4220 pauca
1379 4157 1705 4221 pannorum
1737 4140 1865 4201 fru-

223 4229 331 4298 sta,
360 4226 536 4301 (nihil
557 4227 714 4287 enim
737 4229 1019 4290 mundani
1048 4229 1220 4308 plane
1245 4229 1328 4290 illi
1348 4233 1526 4306 erat),
1560 4227 1652 4288 vel
1683 4248 1864 4297 unum

223 4329 303 4372 aes
333 4311 654 4388 minutum,
687 4322 926 4396 tumque
957 4315 1082 4378 dari
1114 4315 1229 4376 sibi
1251 4316 1432 4395 jussit
1461 4315 1751 4377 sumenda
1775 4316 1865 4376 vi-

224 4400 392 4461 viﬁca
421 4401 638 4464 Christi
673 4403 971 4483 mysteria.
1011 4403 1241 4468 Deinde
1300 4405 1634 4483 begumeno
1669 4413 1727 4466 et
1755 4405 1868 4466 fra-

224 4487 414 4550 tribus
447 4507 461 4552 :
513 4487 802 4564 Obsecro,
833 4493 1046 4571 inquit,
1082 4511 1200 4567 vos,
1237 4501 1300 4553 ut
1350 4493 1401 4554 si
1453 4511 1485 4554 e
1519 4493 1638 4553 vita
1669 4510 1868 4556 exces-

223 4595 384 4656 sero,
415 4577 547 4642 sine
599 4599 764 4643 mora
808 4600 1024 4664 corpus
1085 4599 1283 4644 meum
1332 4589 1488 4645 terra
1517 4581 1859 4662 contegatis,

1945 3343 2181 3424 ἀδελφοὶ,
2215 3344 2294 3400 ὅτι
2325 3344 2410 3399 διὰ
2465 3345 2564 3411 τὴν
2619 3351 2710 3401 τοῦ
2765 3352 2897 3403 Θεοῦ
2952 3343 3165 3421 ἀγάπην
3220 3343 3306 3397 καὶ
3333 3342 3432 3409 τὴν
3461 3339 3596 3415 ἐμὴν

1943 3433 2199 3501 ἐσκύλητε
2229 3433 2330 3497 ἕως
2362 3434 2541 3493 αὒτοῦ.
2576 3444 2676 3493 Νῦν
2734 3435 2821 3490 οὖν
2879 3431 3171 3512 παρακαλῶ
3225 3431 3323 3497 τὴν
3381 3430 3594 3507 ἀγάπην

1946 3523 2115 3598 ὑμῶν,
2185 3521 2279 3578 ἵνα
2334 3523 2670 3600 περιμείνητε
2727 3521 2918 3602 μέχρις
2979 3519 3037 3578 ἂν
3094 3521 3182 3576 καὶ
3236 3521 3392 3582 αὐτὸς
3453 3517 3594 3573 ἐλεί-

1941 3633 2116 3686 σωμαι
2173 3613 2302 3690 πρὸς
2362 3613 2520 3688 ὑμᾶς,
2584 3610 2672 3668 Ἐν
2723 3619 2799 3685 τῷ
2855 3610 2942 3667 οὖν
3001 3608 3368 3684 ἐταιμάζεσθαι
3436 3609 3590 3663 αῧτὸν

1940 3706 2033 3756 τοῦ
2081 3698 2466 3780 ἀποπληρῶσαι
2516 3700 2832 3775 αὐτομάτοις
2890 3699 3018 3754 πασὶ
3074 3697 3170 3764 τὴν
3231 3697 3424 3752 οἰκείαν
3481 3695 3597 3750 σύν-

1947 3787 2089 3853 ταξιν
2124 3805 2138 3818 '
2171 3789 2305 3856 ἦσαν
2360 3790 2460 3869 γὰρ
2510 3793 2557 3845 οἱ
2612 3787 2823 3869 ἀδελφοὶ
2878 3790 2950 3850 ὡς
3009 3787 3114 3842 ἀπὸ
3174 3783 3360 3859 μιλίων
3388 3789 3544 3862 τριῶν
3577 3799 3593 3815 ⁸

1948 3876 2414 3954 συγκαλεσάμενος
2471 3879 2590 3942 τοὺς
2660 3881 3178 3956 πρασκαρτεροῦντας
3239 3873 3380 3947 αὐτῷ
3436 3870 3592 3926 ἀδελ-

1949 3966 2074 4045 φοὺς
2133 3967 2222 4021 σὺν
2273 3974 2348 4040 τῷ
2404 3966 2687 4044 ἡγουμένῳ
2747 3964 2956 4045 Παύλῳ,
3017 3967 3061 4038 ᾦ
3113 3965 3180 4028 ἢν
3236 3963 3336 4040 πρὸ
3381 3959 3594 4016 πολλῶν

1948 4054 2453 4134 προκεχειρισμένος
2539 4057 2752 4135 ἡμερῶν
2845 4055 2942 4120 τὴν
3027 4051 3314 4130 ἡγεμονίαν
3346 4095 3364 4127 ,
3455 4047 3598 4125 ἀνδρὶ

1947 4141 2160 4217 παλαιῷ
2188 4145 2276 4200 καὶ
2331 4145 2429 4212 τὴν
2472 4145 2744 4226 φρόνησιν,
2805 4145 2893 4198 καὶ
2946 4143 3044 4208 τὴν
3099 4139 3328 4214 ἡλικίαν,
3384 4139 3471 4194 καὶ
3498 4139 3595 4204 τὴν

1950 4228 2198 4305 ἄσκησιν,
2272 4234 2359 4288 καὶ
2427 4234 2526 4300 τὴν
2593 4231 2899 4313 φιλοσοφίαν
2933 4250 2947 4266 ⁶
3021 4230 3225 4290 τούτοις
3297 4226 3595 4305 διαμερίσας

1948 4319 2013 4374 τὰ
2043 4321 2204 4398 μικρὰ
2233 4321 2388 4398 ῥάκια
2418 4325 2574 4379 αὐτοῦ
2631 4320 2713 4400 (οὒ
2768 4321 2868 4399 γὰρ
2921 4315 3050 4374 ἄλλο
3106 4317 3152 4371 τί
3205 4335 3333 4370 ποτε
3360 4314 3426 4381 ἦν
3453 4318 3594 4388 αὒτῷ

1946 4413 2037 4462 τοῦ
2064 4407 2314 4489 κόσμου),
2375 4409 2477 4474 ἓως
2535 4411 2623 4466 καὶ
2672 4416 2764 4465 τοῦ
2822 4407 3051 4487 ἐσχάτου
3103 4404 3318 4477 λεπτοῦ,
3355 4402 3592 4458 ἐκέλευσε

1950 4495 2272 4570 μεταλαϐεῖν
2330 4505 2436 4555 τῶν
2506 4499 2779 4571 ζωοποιῶν
2836 4507 2928 4556 τοῦ
2987 4502 3214 4576 Χριστοῦ
3271 4493 3592 4569 μυστηρίων.

1946 4585 2164 4642 Ἐπειτα
2192 4584 2333 4665 λέγει
2361 4594 2437 4662 τῷ
2465 4587 2746 4666 ἡγουμένῳ
2795 4587 2882 4641 καὶ
2913 4583 3049 4664 ιτοϊς
3107 4579 3354 4661 αδελφοϊς
3388 4596 3402 4610 ⁸
3471 4578 3598 4637 Δέο-

1597 4756 1842 4820 Joannis
1871 4758 1994 4821 Clei
2024 4767 2200 4822 notae.

309 4877 434 4953 (85)
462 4873 752 4958 Observat
781 4877 939 4941 idem
971 4878 1394 4942 Sciommarius
1453 4881 1694 4958 notal'l,
1728 4881 1871 4943 Gre-

269 4962 457 5018 orium
491 4957 647 5020 hunc
677 4958 1072 5021 Tusculanum
1090 4959 1588 5035 comitem,fuisse
1617 4957 1868 5023 duorum

282 5055 630 5099 omanorum
665 5038 1032 5116 Pontificum,
1094 5040 1400 5102 Benedicti
1459 5040 1690 5102 scilicet
1739 5038 1864 5116 VII,

227 5118 374 5181 alias
402 5116 555 5188 VIII,
617 5129 671 5181 et
729 5122 971 5183 Joannis
1028 5119 1177 5195 XIX,
1235 5120 1379 5183 alias
1427 5121 1550 5194 XX.
1615 5128 1864 5198 patrem,

227 5216 459 5260 necnon
490 5216 658 5260 avum
693 5200 999 5263 Benedicti
1030 5200 1182 5276 VIII,
1230 5201 1376 5263 alias
1423 5200 1523 5263 IX.
1589 5199 1866 5274 Consule,

228 5279 279 5343 si
309 5278 474 5355 libet,
507 5276 780 5342 Kircheri
810 5281 996 5344 nostri
1035 5281 1352 5344 Historiam
1407 5279 1867 5342 Eustathio-Ma-

227 5359 480 5443 rianam,
513 5371 675 5443 parte
703 5378 767 5433 ιι,
799 5381 934 5443 cap.
968 5362 1029 5443 4,
1063 5361 1164 5443 ubi
1195 5362 1271 5443 de
1324 5361 1608 5422 comitum
1641 5359 1870 5443 '[uscu-

229 5440 497 5580 anorum
514 5441 698 5521 stirpe
714 5449 772 5502 et
789 5440 1109 5524 propagine
1131 5441 1320 5503 fusius
1342 5447 1552 5504 tractat
1574 5460 1642 5505 ex
1661 5441 1869 5502 Zazara

229 5539 263 5580 a
289 5538 498 5580 nsque.

229 5538 498 5586 aliisque.

309 5538 798 5681 Eget-{cenante
827 5601 1054 5664 abbatis
1103 5609 1161 5663 et
1190 5601 1512 5681 liegurneni
1541 5601 1772 5663 titulum
1803 5600 1866 5666 S.

230 5680 384 5760 Nilo,
413 5680 528 5746 hoc
574 5681 813 5746 nomine
837 5683 960 5764 jam
981 5682 1175 5764 aliquo
1237 5680 1504 5764 tempore
1533 5689 1669 5745 ante
1695 5701 1868 5746 suum

1953 4879 2179 4943 obitum
2208 4879 2437 4961 praefuit
2454 4879 2701 4961 Paulus:
2726 4885 2783 4940 at
2803 4884 3036 4961 quanto
3052 4875 3137 4961 illi
3171 4872 3586 4961 super_vixerit,

1955 4980 2069 5022 non
2130 4955 2270 5023 satis
2343 4969 2595 5023 constat.
2656 4959 2719 5020 lu
2775 4955 2930 5020 serie
2987 4955 3263 5017 abbatum
3327 4955 3586 5032 Cryptze-

1954 5042 2392 5104 Ferratensium
2425 5041 2578 5101 inter
2609 5041 2852 5102 Paulum
2883 5046 2942 5099 et
2992 5037 3058 5100 Β.
3098 5033 3587 5096 ltartholomaeum

1951 5122 2146 5183 adhuc
2176 5122 2404 5183 medius
2426 5129 2515 5182 est
2544 5120 2813 5200 Cyrillus.
2834 5117 3236 5200 Computante
3264 5114 3592 5175 Sciomma-

1949 5202 2064 5283 rio,
2091 5203 2178 5263 vix
2200 5201 2462 5283 quinque
2485 5199 2670 5283 annos
2687 5217 2802 5260 una
2828 5199 3222 5278 impleverunt
3251 5215 3268 5267 ;
3293 5212 3426 5254 nam
3451 5203 3590 5283 nota

1949 5282 2028 5343 20
2050 5281 2245 5348 tradit]
2280 5281 2346 5344 B.
2368 5281 2873 5344 ’Bartholomaaum
2913 5297 3102 5338 annos
3133 5283 3354 5337 tantum
3384 5281 3582 5334 natum

1951 5362 2133 5424 fuisse
2162 5361 2389 5445 viginti,
2431 5361 2670 5442 quando
2686 5360 2894 5445 collata
2922 5358 3031 5445 fuit
3053 5355 3231 5419 l’aulo
3253 5354 3583 5445 praelatum,

1951 5434 2396 5524 eurnqueillam
2430 5434 2678 5524 tantum
2730 5438 3229 5524 admisisseupost
3274 5434 3584 5522 Cyrillum,

1951 5543 2085 5585 cum
2109 5517 2232 5603 jam
2281 5521 2476 5603 gelatis
2532 5539 2751 5603 annum
2781 5527 3009 5603 ageret
3027 5517 3122 5603 25
3157 5537 3169 5579 :
3233 5534 3361 5596 qua:
3390 5517 3592 5574 omnia

1951 5603 2024 5666 ad
2052 5599 2244 5668 Vitam
2278 5601 2344 5664 Β.
2379 5599 2798 5666 Bartholomzei
2826 5599 3041 5662 discuti
3065 5603 3359 5680 poterunt.
