3966 6148
174 180 253 251 169

1311 204 1499 273 VITA
1541 206 1645 272 SS.
1689 198 1947 270 CIRYCI
1992 207 2089 271 ET
2130 197 2498 273 ΙυΙιΙΤΤίΕ.

3484 201 3603 271 170

190 320 353 422 δίψη,
375 325 533 386 πάνυ
582 331 814 401 ﬁrmus
866 333 1009 394 ῧντα
1049 353 1065 369 ⁹
1116 338 1189 402 ὣς
1239 335 1293 394 δὲ
1328 338 1525 406 ταύτην
1571 341 1618 395 οἱ
1669 335 1873 414 δήμιοι

1971 336 2098 402 llam
2128 340 2373 405 lictores
2401 341 2826 418 detinuissent,
2875 340 3111 405 ancillae
3160 342 3291 422 ejus
3319 358 3451 404 eam
3483 340 3597 403 de-

210 413 439 505 νωθὲς-ιον,
494 421 556 477 αἱ
616 423 974 503 θεράπαιναι
1020 426 1187 494 αὐτῆς
1234 425 1610 485 καταλιποῦσαι
1668 426 1867 505 αὖτὼν,

226 503 401 574 ἂτῆλθον
451 506 856 591 ἂποδράσασαι
922 533 941 550 ⁸
1004 513 1190 580 ἔξωθεν
1237 513 1292 570 δὲ
1338 515 1635 595 ἱστάμεναι,
1688 503 1871 594 θεωροῖ

235 600 303 652 τῶν
342 597 422 705 εὶς⁹
467 598 677 705 αὖθινῖ
713 602 1110 682 πραττομένων
1168 602 1405 705 ἐγίνοντο
1513 603 1672 705 εἶταᾷ
1698 604 1870 705 ,φησζ

241 686 535 772 Mans
622 688 797 758 αὐτῆς
878 699 959 767 τῷ
1039 698 1133 749 τοῦ
1214 686 1562 771 Ἀλεξάνδρου
1643 691 1868 772 βήματι,

237 770 432 855 διηρώτα
514 775 734 842 inteth
821 779 990 847 αἰηὴν
1072 778 1300 846 ἐξειπεῖν
1374 779 1730 860 προσηγορίαν
1816 770 1874 835 τε

232 865 301 920 καὶ
321 865 500 945 τύχῆη)
528 868 622 923 καὶ
656 868 762 935 τὴν
808 867 1167 948 ἒνεγχαμένην
1217 866 1438 948 πατρίδα
1481 884 1495 898 ·
1544 870 1581 937 ἡ
1628 865 1683 924 δὲ
1731 866 1875 946 παῤ-

230 953 573 1030 ῥησιαζομένη
655 957 789 1036 πρὸς
866 959 957 1015 τὸν
1027 955 1301 1031 δικαστὴν,
1377 959 1441 1015 τὸ
1510 963 1605 1014 τοῦ
1682 955 1869 1034 Κυρίον

232 1048 441 1126 Χριστοῦ
485 1040 661 1119 ὄνομα
708 1044 1056 1126 ἐπεγράφετο,
1104 1045 1352 1126 λέγουσα,
1400 1046 1689 1125 Χριστιανή
1733 1047 1866 1120 εἰμι.

298 1121 397 1205 ς’.
474 1121 885 1214 Θυμομαχήσας
919 1121 930 1126 ’
962 1132 1017 1190 δὲ
1040 1121 1051 1126 ⁷
1091 1137 1119 1191 ὁ
1182 1121 1530 1214 ⁷Ἀλέξανδρος
1596 1132 1869 1190 ἐκέλευσεν

224 1217 562 1298 ἀφαιρεθῆναι
615 1222 713 1295 μὲν
763 1219 858 1278 ἀπ’
904 1222 1065 1289 αὖτῆς
1111 1225 1201 1279 τὸν
1248 1220 1417 1279 παῖδα
1467 1223 1728 1302 Κήρυκον,
1783 1223 1872 1279 καὶ

222 1306 571 1385 προσάγεσθαι
599 1309 764 1384 αὐτῷ,
815 1314 907 1367 οἶα
951 1308 1005 1367 δὲ
1044 1312 1132 1367 καὶ
1177 1310 1389 1367 ἀστεῖον
1437 1308 1589 1388 ὄντα,
1632 1312 1720 1367 καὶ
1748 1333 1865 1386 μη-

221 1393 298 1450 δὲν
341 1400 452 1451 τῶν
510 1398 652 1453 κατὰ
698 1398 937 1476 πρόθεσιν
987 1397 1158 1457 εἰδότα
1215 1416 1230 1431 ⁸
1282 1400 1476 1466 ταύτην
1525 1396 1581 1455 δὲ
1632 1420 1864 1478 σχημα-

218 1488 483 1541 τισθεῖσαν
554 1488 644 1542 καὶ
698 1491 1034 1544 τανυσθεϊσαν
1085 1489 1259 1563 ὠμοῖς
1317 1488 1612 1567 βουνεόροις
1667 1488 1864 1544 minus-

219 1576 326 1629 σθαι
385 1573 621 1655 ἀφειδῶς
676 1576 956 1657 ἐπέτρεπεν
1008 1595 1023 1608 ·
1076 1581 1148 1641 ὡς
1195 1576 1250 1634 δὲ
1297 1580 1388 1635 τὸν
1448 1576 1616 1635 παῖδα
1673 1578 1760 1654 βιᾳ
1807 1576 1867 1634 ἐκ

219 1669 318 1721 in
396 1670 495 1741 τῇς
575 1670 777 1747 μητρὸς
845 1668 1093 1747 ἀγκαλῶν
1170 1672 1216 1725 οἱ
1290 1666 1471 1744 δήμιοι
1548 1667 1861 1748 ἀφείλκυσαν

216 1752 666 1833 ιλιυθμυρίζοντα
722 1756 904 1836 ἄγουσι
958 1765 1036 1833 τῷ
1092 1761 1337 1837 ἡγεμόνι,
1396 1761 1526 1838 πρὸς
1592 1759 1689 1825 τὴν
1747 1781 1861 1833 μη-

212 1844 336 1923 τέρα
395 1845 601 1909 ἀτενῶς
670 1845 948 1928 ἐνορῶντα,
1008 1850 1096 1904 καὶ
1148 1851 1209 1905 τὸ
1265 1848 1465 1915 ἐκείνης
1519 1847 1683 1924 ὄνομα
1739 1847 1859 1904 ἐπι-

213 1935 603 2014 φθεγγόμενον,
659 1937 756 2003 τὴν
807 1934 863 1992 δέ
946 1959 1008 2014 γε
1075 1938 1308 2018 μάρτυρα
1379 1938 1515 1994 κατὰ
1570 1939 1631 1993 τὸ
1682 1935 1862 1999 αὒτοϊς

210 2024 552 2102 προσταχθὲν
606 2023 825 2088 ἂνιλεῶς
896 2024 1111 2082 ἔτυπτον
1163 2040 1280 2090 τοῖς
1340 2027 1658 2106 βουνεόροις,
1723 2025 1867 2082 ἐκεί-

210 2133 306 2176 νης
359 2113 438 2174 ὡς
487 2108 793 2191 ἀνδριάντος
830 2116 971 2176 τινὸς
1026 2114 1238 2195 ἀψύχου
1284 2128 1404 2178 ταῖς
1452 2113 1692 2193 πληγαῖς
1750 2111 1865 2178 ξαι-

215 2198 472 2278 νομένης,
569 2200 657 2256 καὶ
733 2199 896 2276 μηδὲν
966 2200 1140 2281 ἕτερον
1216 2203 1601 2283 φθεγγομένης,
1663 2202 1699 2271 ἢ
1769 2202 1867 2269 τὴν

208 2287 415 2354 usta-ip
470 2285 680 2356 ἐκείνην
739 2290 919 2369 φωνὴν
974 2289 1251 2355 ἀπαύστως
1298 2292 1533 2372 βοώσης,
1586 2291 1869 2370 Χριστιανή

213 2376 320 2449 εἶμι
347 2377 445 2431 καὶ
474 2374 720 2451 δαίμοσιν
750 2377 810 2435 οὗ
832 2378 963 2440 θύω.

289 2454 365 2535 ζ’.
462 2455 525 2522 Ὀ
593 2465 684 2522 οὖν
755 2468 973 2544 ἡγεμὼν
1046 2481 1167 2531 ταῖς
1242 2470 1393 2549 χερσὶ
1462 2465 1753 2543 λαϐόμενος
1814 2468 1875 2523 τὸ

210 2551 450 2633 παιδίον,
522 2554 773 2618 θωπείαις
832 2554 1075 2635 ἔπειρᾶτο
1124 2554 1391 2613 δυσωπεῖν
1450 2557 1528 2633 μὴ
1585 2554 1875 2612 ἆποκλαίε-

211 2645 355 2721 σθαι,
419 2643 514 2698 καὶ
569 2655 687 2705 τοῖς
737 2644 921 2699 ἑαυτοῦ
977 2644 1220 2722 γούνασιν
1268 2644 1515 2725 ἐπετιθει,
1558 2646 1645 2700 καὶ
1700 2641 1875 2723 φιλεῖν

214 2730 516 2809 ἐπεχείρει,
580 2733 652 2788 Τὸ
699 2728 753 2787 δὲ
798 2733 926 2811 πρὸς
976 2734 1075 2799 τὴν
1122 2733 1325 2812 μητέρα
1371 2734 1595 2811 ἀτενῶς,
1642 2728 1875 2788 ἀποϐλέ-

215 2839 339 2897 πον,
405 2817 690 2875 ἀπεσείετο
748 2819 844 2895 μὲν
919 2821 1010 2875 τὸν
1081 2821 1343 2902 ἡγεμόνα,
1402 2823 1490 2877 καὶ
1539 2820 1638 2887 τὴν
1693 2820 1877 2876 ἑαυτοῦ

1953 437 2250 505 serentes,
2285 430 2587 511 fugientes
2608 430 2914 495 ab’erunt:
2943 430 3089 493 foris
3118 439 3318 493 autem
3344 436 3599 503 stantes,

1956 524 2144 581 testes
2176 536 2385 582 eorum
2416 539 2545 599 quae
2576 520 2636 581 in
2669 520 2832 583 illam
2861 528 3023 600 gesta
3048 527 3185 581 sunt
3215 517 3597 598 exstiterunt,

1954 605 2209 683 Deinde,
2238 608 2485 681 dicitur,
2513 608 2615 670 illa
2639 609 2868 671 sistitur
2897 618 3037 671 ante
3067 606 3385 670 Alexandri
3409 605 3600 668 tribu-

1956 695 2076 777 nal,
2108 696 2433 776 interrogat
2464 697 2577 759 iste
2601 709 2667 760 ut
2688 706 2890 761 narret
2909 698 3010 759 illa
3028 715 3270 771 nomen,
3300 696 3601 759 fortunam

1958 792 2017 847 et
2045 803 2222 865 quam
2255 784 2517 847 obtinuit
2547 786 2817 865 patriam.
2848 785 2957 848 Illa
2983 803 3125 847 vero
3155 803 3291 847 cum
3322 783 3598 847 libertate

1958 881 2096 935 ante
2114 873 2382 954 judicem
2415 872 2633 937 Christi
2662 874 2902 938 Domini
2923 892 3144 937 nomen
3174 874 3451 937 confessa
3481 879 3596 947 est,

1958 960 2191 1039 dicens,
2228 961 2565 1026 Christiana
2595 982 2749 1027 sum.

2031 1134 2093 1197 6.
2124 1130 2316 1193 Iratus
2346 1141 2546 1194 autem
2578 1132 2916 1196 Alexander
2966 1133 3143 1215 jussit
3170 1132 3244 1196 ab
3275 1132 3377 1195 illa
3403 1129 3599 1212 abripi

1954 1240 2202 1302 puerum
2236 1219 2531 1302 Cirycum,
2564 1230 2622 1283 et
2652 1221 2726 1284 ad
2756 1222 3078 1297 setaﬁ'erri,
3106 1230 3389 1303 tanquam
3418 1236 3601 1281 venu-

1951 1317 2130 1378 stum.
2164 1317 2221 1372 et
2269 1309 2415 1370 nihil
2463 1328 2671 1372 eorum
2723 1330 2857 1392 quae
2902 1310 3229 1391 agebantur
3258 1309 3593 1384 scientem;

1949 1396 2110 1460 illam
2141 1405 2337 1460 autem
2372 1398 2656 1461 nudutam
2685 1406 2744 1460 et
2764 1399 2818 1461 vi
2847 1408 3149 1463 extensam
3181 1398 3383 1462 crudis
3412 1396 3592 1461 boum

1953 1486 2155 1549 nervis
2188 1485 2415 1567 percuti
2448 1485 2774 1548 crudeliter
2799 1488 3137 1567 imperavit.
3168 1485 3247 1549 Ut
3271 1505 3412 1550 vero
3446 1504 3598 1567 pue-

1948 1593 2079 1635 rum
2110 1573 2165 1635 vi
2195 1593 2225 1636 e
2256 1574 2462 1635 matris
2486 1574 2639 1636 ulnis
2659 1576 2973 1639 carniﬁces
2993 1576 3384 1657 abripuerunt
3400 1574 3588 1636 multa

1944 1662 2368 1743 lacrymantem
2386 1662 2691 1724 adducunt
2705 1663 2778 1725 ad
2794 1664 3161 1743 praefectum,
3181 1663 3594 1726 indesinenter

1944 1759 2194 1813 matrem
2228 1750 2584 1826 intuentem,
2646 1760 2705 1815 et
2751 1754 2882 1833 ejus
2933 1771 3150 1815 nomen
3198 1753 3590 1828 vocitantem,

1946 1846 2267 1919 martyrem
2297 1846 2496 1901 autem
2532 1839 2724 1920 ipsam
2755 1840 3087 1905 secundum
3110 1841 3269 1923 quod
3291 1840 3407 1904 sibi
3440 1860 3601 1903 man-

1945 1927 2145 1990 datum
2176 1928 2689 1992 fueratcarniﬁces
2707 1930 2885 1992 boum
2908 1930 3103 1993 nervis
3120 1931 3249 1993 tlire
3261 1929 3592 2004 caedebant,

1949 2035 2081 2097 quae
2109 2017 2266 2080 velut
2308 2026 2501 2081 statua
2546 2020 2815 2099 quaedam
2866 2018 3234 2082 insensibilis
3290 2019 3476 2100 plagis
3506 2018 3597 2079 la-

1950 2105 2111 2168 niata
2140 2105 2287 2168 nihil
2333 2106 2493 2168 aliud
2544 2106 2813 2182 sonabat,
2866 2126 3043 2190 quam
3093 2108 3247 2170 hanc
3295 2105 3595 2187 egregiam

1949 2212 2154 2256 vocem
2185 2192 2315 2257 sine
2339 2194 2783 2258 intermissione
2815 2197 3075 2272 edendo,
3101 2196 3441 2260 Christiana
3460 2212 3593 2258 sum

1957 2289 2020 2345 et
2050 2282 2421 2347 daemonibus
2449 2301 2570 2345 non
2602 2284 2899 2348 sacriﬁco.

2042 2452 2098 2514 7.
2134 2450 2651 2531 Ρτεεΐοοῑυείεἰιυι*
2689 2453 2963 2515 manibus
3017 2471 3269 2534 puerum
3300 2450 3601 2533 accipiens

1957 2539 2260 2603 blanditiis
2292 2540 2555 2603 tentabat
2582 2540 2887 2604 adducere
2937 2561 3013 2604 ne
3062 2542 3513 2624 lacrymaretur,
3549 2548 3608 2601 et

1959 2629 2083 2691 suis
2109 2628 2360 2708 genibus
2405 2628 2773 2710 imponebat,
2823 2630 3201 2712 oscularique
3228 2629 3599 2705 conobatur;

1958 2717 2062 2779 ille
2077 2726 2272 2779 autem
2290 2725 2538 2779 matrem
2560 2716 2970 2781 indesinenter
2987 2718 3245 2794 intuens,
3265 2717 3606 2800 praefectum

1960 2806 2200 2886 quidem
2231 2805 2490 2879 arcebat,
2544 2814 2839 2887 caputque
2889 2824 3062 2867 suum
3107 2805 3449 2869 retrahebat
3476 2822 3608 2867 ma-

214 2888 415 2985 ἆρίστα
442 2905 713 2987 κεφαλὴν,
742 2888 865 2971 ταῖς
914 2910 1068 2988 χερσὶ
1106 2888 1536 2984 δὲ’ἆντιξαϊνον,
1585 2921 1703 2972 τοῖς
1731 2906 1873 2971 ἷδὶοις

1971 2893 2139 2988 nibus
2166 2902 2366 2956 autem
2417 2893 2709 2970 renitens,
2766 2895 3003 2975 ungulis
3052 2894 3316 2988 caedebat
3348 2893 3610 2988 praefecti

216 2992 389 3060 ὄνυξιν
449 2992 652 3062 ἔπληξε
699 2995 798 3063 τὴν
852 3003 944 3053 τοῦ
982 2999 1246 3077 ἡγεμόνος
1288 2996 1410 3074 ὄψιν
1466 3015 1480 3028 '
1530 2998 1619 3053 καὶ
1666 2998 1739 3060 ὡς
1782 3001 1881 3064 τῆς

220 3083 497 3163 ὠφρονος
585 3084 834 3164 τρυγόνος
934 3088 1147 3150 νεοσσὸς
1230 3084 1482 3155 νηπιώδει
1565 3083 1886 3162 ψελλίσματι

222 3172 410 3249 gini,»
470 3173 565 3229 καὶ
634 3172 789 3237 αὐτὸς
867 3176 896 3230 ὁ
970 3174 1119 3252 ἅγιος
1194 3177 1434 3256 Κήρυκας
1504 3172 1886 3255 ἀπεφθέγγετο,

222 3259 288 3324 ’ἦν
349 3262 500 3340 παρὰ
559 3267 659 3329 τῆς
724 3265 924 3343 μητρὸς
999 3260 1284 3321 δεδίδακται
1358 3264 1447 3321 καὶ
1516 3259 1883 3339 ὲπιϐοωμένην

229 3346 413 3423 illum,
476 3349 644 3428 Κάγὼ
699 3351 1008 3430 Χριστιανός
1061 3354 1168 3428 εἶμι
1228 3372 1243 3387 ’
1303 3351 1469 3416 οὕτως
1524 3349 1581 3407 δὲ
1636 3352 1723 3407 καὶ
1779 3349 1882 3407 αὒ-

236 3437 321 3498 τὸς
372 3439 440 3493 τὸ
513 3444 610 3494 τοῦ
689 3445 914 3518 Χριστοῦ
983 3437 1149 3517 ὄνομα
1216 3440 1639 3517 ἀνακαλούμενος
1704 3437 1882 3495 ἀπαύ-

242 3545 372 3588 στως
426 3527 517 3583 καὶ
595 3524 691 3592 λὰξ
748 3534 824 3602 τῷ
896 3526 1117 3605 δικαστῇ
1184 3528 1529 3605 ἐναλλόμενος
1599 3527 1736 3583 κατὰ
1788 3531 1883 3583 τοῦ

245 3614 482 3693 πλευροῦ,
542 3614 693 3697 φιλεῖ
768 3618 865 3696 γὰρ
929 3618 1005 3681 ὠς
1071 3619 1137 3675 τὰ
1207 3616 1382 3676 πολλὰ
1453 3619 1489 3686 ἡ
1555 3615 1881 3687 νηπιάζουσα

245 3701 386 3779 ᾳῖσις
414 3703 481 3758 ἂν
529 3718 648 3769 τοῖς
696 3706 951 3770 τοιούτοις
993 3707 1238 3786 σχήμασι
1288 3708 1570 3782 κινεῖσθαι,
1618 3704 1690 3767 εἷς
1718 3705 1880 3779 θυμὸν

244 3787 445 3857 hin-.6:
487 3795 583 3849 τὸν
629 3793 811 3873 ἄγριον
862 3794 1073 3852 ἀκεῖνον
1120 3798 1254 3874 θῆρα
1307 3810 1321 3824 ⁶
1365 3793 1423 3849 οὗ
1472 3794 1572 3873 γὰρ
1612 3790 1882 3871 ἄνθρωπον

240 3878 388 3936 ὠτὸν
446 3881 911 3964 προπγορευτέον,
973 3883 1050 3959 μὴ
1128 3881 1475 3962 συγγνώμονα
1538 3886 1635 3949 τῆς
1691 3877 1879 3942 ἆδαοῦς

238 3966 472 4046 πράξαις
526 3971 860 4028 καταστάντα
914 3991 927 4006 ο
981 3970 1042 4028 ἐκ
1084 3978 1174 4029 τοῦ
1220 3969 1380 4035 ποδὸς
1426 3971 1594 4028 τοίνυν
1640 3964 1878 4044 λαϐόμε-

236 4077 319 4118 νος
372 4060 471 4114 τὸν
529 4056 764 4135 ἀοίδιμον
838 4057 1025 4136 παῖδα,
1105 4058 1310 4138 ’ἐρῤιψεν
1380 4057 1575 4116 ἄνωθεν
1632 4056 1738 4114 ἀπὸ
1788 4061 1881 4113 τοῦ

1964 2983 2229 3059 vultum;
2261 2990 2321 3044 et
2346 2989 2622 3063 tanquam
2674 2990 2849 3046 castae
2897 2983 3146 3046 turturis
3179 2983 3377 3064 pullus
3407 2982 3607 3045 infan-

1964 3071 2069 3134 tile
2127 3069 2461 3133 balbutiens
2517 3088 2715 3132 vocem
2776 3080 2837 3134 et
2892 3071 3020 3152 ipse
3079 3083 3321 3134 sanctus
3369 3070 3611 3152 Cirycus

1970 3160 2180 3222 edebat
2192 3176 2367 3241 quam
2388 3176 2424 3219 a
2443 3165 2629 3221 matre
2650 3157 2944 3222 didicerat
2964 3161 3317 3222 clamantem
3330 3159 3607 3233 audiens,

1969 3249 2041 3311 Et
2068 3268 2176 3328 ego
2204 3246 2575 3310 Christianus
2604 3266 2757 3311 sum.
2804 3250 2889 3312 Ita
2936 3247 3064 3329 ipse
3095 3267 3331 3330 quoque
3361 3247 3604 3319 Christi,

1966 3356 2210 3400 nomem
2248 3336 2554 3411 invocans,
2588 3345 2648 3398 et
2676 3337 2839 3398 calce
2861 3336 3085 3417 judicis
3117 3338 3263 3399 latus
3293 3338 3611 3418 impetens,

1966 3434 2129 3489 amat
2162 3425 2324 3488 enim
2358 3442 2533 3506 quam
2568 3424 2898 3506 saepissime
2944 3425 3226 3489 infantilis
3256 3425 3489 3488 indoles
3519 3431 3613 3486 ta-

1964 3515 2126 3580 libus
2154 3512 2413 3576 motibus
2431 3513 2663 3593 agitari,
2712 3513 2786 3577 ad
2827 3513 2978 3576 iram
3007 3514 3273 3578 incitavit
3303 3513 3608 3577 crudelem

1963 3605 2117 3667 banc
2147 3603 2354 3665 feram.
2390 3600 2521 3663 Non
2579 3601 2740 3663 enim
2788 3602 2966 3664 homo
3018 3601 3132 3665 iste
3160 3603 3463 3666 vocandus
3495 3609 3606 3675 est,

1963 3692 2067 3776 qui
2096 3693 2404 3771 ignoscere
2436 3690 2986 3772 intrepidaeactioni
3016 3692 3223 3753 noluit.
3249 3691 3405 3753 Pede
3433 3690 3612 3769 igitur

1965 3781 2268 3861 egregium
2299 3798 2546 3860 puerum
2576 3779 3019 3861 apprehendes,
3046 3780 3299 3861 projecit
3320 3799 3353 3842 e
3375 3796 3608 3840 summo

1964 3868 2248 3934 tribunali
2277 3868 2338 3929 in
2371 3877 2592 3930 terram
2623 3886 2636 3930 :
2671 3869 2874 3929 cranio
2926 3878 3123 3930 autem
3160 3866 3411 3929 illustris
3447 3885 3609 3929 mar-

1962 3959 2104 4042 tyris
2120 3958 2293 4020 talem
2312 3956 2750 4018 confessionem
2772 3955 3005 4018 edentis
3028 3955 3089 4017 in
3109 3956 3397 4034 graduum
3414 3973 3607 4033 angu-

1961 4049 2050 4112 los
2080 4048 2365 4130 projecto,
2400 4052 2457 4106 et
2488 4045 2677 4106 acutis
2707 4053 2765 4105 et
2795 4043 2963 4106 duris
3009 4043 3291 4123 gradibus
3320 4044 3606 4115 contrito,

232 4142 398 4219 ὕψους
439 4153 535 4203 τοῦ
583 4132 819 4223 βήμανος
864 4148 950 4205 ἐπί
992 4132 1090 4216 τὴν
1280 4147 1447 4212 κάτω.
1496 4152 1596 4205 Τώ
1643 4143 1697 4202 δὲ
1743 4167 1873 4225 κρα-

1971 4154 2177 4201 crnore
2204 4134 2527 4214 implentur
2555 4150 2686 4213 quae
2730 4133 2971 4227 circum
3006 4132 3261 4195 tribunal
3287 4134 3511 4227 jacent,
3550 4138 3613 4227 et

235 4216 345 4289 νέου
404 4242 503 4291 τοῦ
557 4216 855 4293 καλλινίκου
1221 4236 1307 4293 ἐπὶ
1351 4242 1421 4313 τῇ
1474 4235 1692 4312 τοιαύτῃ
1740 4216 1873 4310 ὁμο-

1971 4228 2026 4290 ίη
2058 4241 2267 4288 manus
2296 4221 2403 4317 Dei
2432 4221 2703 4317 spiritum
2760 4220 3025 4317 immitit_
3052 4222 3173 4284 Deo
3217 4220 3610 4317 acceptabilis

236 4321 394 4400 λογίῳ
448 4345 587 4381 κατα
638 4330 737 4393 τῆς
801 4330 906 4383 τῶν
974 4323 1236 4403 βαθμίδων
1299 4326 1490 4404 γωνίας
1554 4322 1885 4404 προσραγέν-

1965 4315 2200 4389 infans;
2236 4310 2451 4373 animae
2479 4308 2639 4371 enim
2661 4309 2957 4389 justorum
3010 4310 3073 4372 in
3104 4328 3283 4373 manu
3309 4310 3419 4374 Dei
3450 4318 3612 4374 sunt.

234 4397 349 4491 τοξ,
437 4414 525 4468 καὶ
600 4420 677 4488 τῷ
749 4413 861 4480 ὀξεῖ
932 4397 1031 4483 “cii;
1076 4397 1393 4479 ’ἀντιτυπίας
1466 4397 1890 4493 κατατριϐέντος,
1924 4407 2160 4483 αἱμάτων
2188 4403 2316 4493 ᾼμέν-
2334 4399 2629 4493 πληροῦται
2680 4400 2746 4456 τὰ
2774 4403 2874 4481 πρὸ
2922 4402 3188 4483 βὴμαιτος,
3235 4422 3311 4466 εις
3344 4415 3541 4482 χετρισ
3564 4397 3619 4457 δὲ

229 4488 645 4584 Θεοῦ-ἀπεδίδου
670 4505 733 4560 τὸ
782 4510 986 4581 πνεῦμα
1033 4506 1096 4561 τὸ
1117 4504 1421 4562 θεότευκτον
1681 4522 1696 4537 ⁸
1731 4501 1902 4581 ψυχαὶ
1930 4497 2030 4578 γὰρ
2059 4491 2271 4584 dmitin
2300 4488 2352 4546 ἓν
2382 4490 2530 4584 χειρὶ.
2552 4495 2702 4584 θεοῦ.

313 4580 399 4657 η’.
466 4598 632 4648 Τοῦτο
685 4592 772 4651 οὖν
845 4580 1144 4670 θεασαμένη
1219 4597 1255 4663 ἡ
1322 4580 1471 4673 ἁγία
1499 4580 1752 4651 ὃΙουλίττα
1804 4580 1892 4648 καὶ

223 4684 412 4759 χαρᾶς
463 4678 829 4759 πληρωθεῖσα,
885 4683 1200 4764 Εὖχαριστῶ
1269 4704 1375 4764 σοι,
1453 4683 1626 4760 Κύριε,
1688 4678 1891 4759 ἔλεγεν,

226 4768 313 4826 δτι
367 4767 710 4844 κατηξίωσας
747 4773 839 4828 τὸν
886 4770 1015 4848 ἐμὸν
1063 4773 1173 4829 υἱὸν
1222 4773 1324 4851 πρὸ
1372 4770 1502 4848 ἐμοῦ
1555 4767 1896 4827 τελειωθέντα

226 4864 325 4913 τοῦ
412 4857 721 4936 ἆμαράντου
772 4873 961 4940 τεχεῖν
1018 4859 1297 4939 στεφάνου,
1358 4856 1784 4939 Σχετλιάσκντος
1841 4852 1895 4910 δὲ

228 4947 322 5001 καὶ
372 4946 513 5025 πρὸς
572 4954 728 5004 τοῦτο
792 4956 884 5006 τοῦ
956 4946 1221 5027 δικαστοῦ,
1303 4946 1502 5003 κελεύει
1572 4943 1900 5026 ἄρμενταρίῳ

230 5033 638 5114 ἆναρττιθεϊσαν
692 5036 857 5104 αὐτὴν
914 5034 1136 5099 ἐντόνως
1210 5034 1434 5115 ξέεσθαι,
1508 5035 1595 5089 καὶ
1652 5032 1757 5089 ἀπὸ
1807 5036 1900 5087 τοῦ

230 5120 474 5190 λέϐητος
531 5122 840 5181 ἀντλετσθαι
911 5126 1102 5182 πίσσαν
1176 5122 1567 5204 κοχλάζουσαν,
1646 5122 1734 5177 καὶ
1782 5132 1900 5183 τοῖς

232 5214 397 5268 ποσὶν
458 5212 626 5279 αὐτῆς
680 5212 986 5294 ἒπιχέεσθαι
1044 5232 1059 5246 ο
1106 5210 1393 5292 προσέταξε
1447 5208 1501 5266 δὲ
1558 5211 1645 5266 καὶ
1700 5210 1903 5288 κήρυκα

232 5297 463 5373 ἒπιεοᾷν
518 5300 657 5378 αὖτῇ
711 5305 799 5359 καὶ
856 5302 1033 5381 λέγειν
1066 5317 1084 5335 ·
1117 5299 1391 5373 ἰουλίττα,
1467 5298 1685 5365 ἐλέησον
1740 5319 1901 5353 σεαυ-

230 5391 361 5464 τὴν,
406 5394 502 5448 καὶ
542 5394 701 5449 θῦσον
746 5404 865 5455 τοῖς
916 5393 1089 5469 θεοῖς,
1138 5393 1222 5446 καὶ
1268 5387 1609 5467 ἀπαλλάγηθι
1657 5392 1763 5443 τῶν
1810 5387 1903 5463 βα-

228 5479 440 5556 σάνων,
496 5479 595 5537 ἵνα
652 5480 733 5558 μὴ
779 5482 870 5536 καὶ
912 5480 977 5535 σὺ
1025 5483 1205 5542 κακῶς
1252 5476 1455 5553 ἀπολῇ,
1506 5475 1685 5555 ὥσεπρ
1735 5478 1764 5532 ὁ
1811 5476 1902 5538 σὸς

613 5588 881 5651 Panos.
915 5581 1034 5647 Gn.
1066 5579 1232 5647 CXX.

2054 4582 2114 4643 8.
2144 4578 2208 4641 Id
2236 4595 2375 4656 ergo
2405 4576 2701 4656 aspiciens
2759 4586 2962 4639 sancta
3008 4576 3260 4656 Jullitta,
3308 4586 3370 4641 et
3398 4576 3616 4656 gaudio

1976 4668 2308 4734 exsultans:
2337 4663 2565 4728 Gratias
2611 4682 2719 4743 ago
2749 4664 2877 4738 tibi,
2931 4665 3203 4743 Domine,
3266 4667 3441 4741 dixit,
3479 4664 3617 4747 quia

1975 4760 2222 4837 dignum
2260 4750 2584 4835 prmstitisti
2613 4752 2800 4814 tilium
2832 4772 3033 4817 meum
3062 4765 3198 4818 ante
3229 4775 3325 4817 me
3356 4756 3623 4817 morien-

1980 4855 2100 4910 tem
2115 4843 2513 4926 qnicuronam
2539 4840 2935 4905 immortalem
2958 4842 3243 4907 obtineat.
3276 4842 3392 4906 Sed
3413 4842 3476 4904 in
3507 4842 3620 4903 hoc

1980 4936 2166 4998 iratus
2190 4930 2373 5011 judex
2423 4927 2596 5009 jubet
2644 4931 3005 4995 armentario
3064 4951 3413 5014 suspensam
3462 4932 3623 4994 illam

1981 5025 2111 5089 dire
2139 5019 2471 5093 dilacerari,
2506 5026 2565 5079 et
2593 5038 2624 5080 e
2670 5019 2866 5083 lebete
2896 5021 3122 5084 hauriri
3154 5022 3347 5101 picem
3376 5019 3627 5101 liquefa-

1983 5123 2161 5187 ctam,
2181 5117 2240 5170 et
2268 5108 2329 5169 in
2355 5106 2537 5188 pedes
2553 5108 2682 5187 ejus
2699 5109 2919 5172 eﬁ'undi
2946 5129 2962 5187 ;
2981 5111 3162 5191 jussit
3182 5118 3379 5173 autem
3405 5126 3633 5188 praeco-

1985 5220 2125 5266 nem
2164 5201 2424 5262 clamare
2469 5195 2671 5259 dicere
2721 5217 2837 5278 que
2889 5199 3017 5260 illi:
3070 5199 3296 5274 Julitta,
3335 5197 3627 5259 miserere

1985 5292 2071 5355 tui
2098 5289 2286 5372 ipsius
2316 5296 2377 5349 et
2406 5286 2675 5349 sacriﬁca
2701 5287 2841 5363 diis,
2895 5297 2956 5350 et
2983 5290 3176 5352 exime
3207 5298 3265 5350 te
3296 5286 3630 5370 suppliciis,

1984 5400 2063 5444 ne
2090 5389 2148 5442 te
2179 5376 2332 5439 male
2365 5375 2602 5457 perdas,
2633 5385 2697 5437 ut
2726 5385 2862 5440 tuus
2892 5377 3071 5443 ﬁlius.
3105 5377 3410 5441 Generosa
3429 5389 3630 5440 autem

1988 5476 2207 5548 martyr
2251 5464 2483 5528 fortiter
2555 5465 2848 5547 supplicia
2902 5466 3232 5546 perferens,
3286 5466 3637 5552 exclamavit

3319 5572 3358 5633 6
