3966 6148
368 293 471 361 171

1012 298 1400 365 THEODORI
1441 300 1868 369 ICONIENSIS
1909 299 2096 369 VITA
2138 304 2240 369 SS.
2285 306 2542 371 CIRYCI
2585 307 2682 371 ET
2722 305 3068 374 JULITTE
3612 308 3731 374 172

361 433 606 523 dicens;
636 428 758 514 Ego
788 430 1158 523 daemonibus
1211 454 1329 497 non
1379 436 1673 513 sacriﬁco,
1703 435 2003 499 Christum

2178 461 2221 503 ς.
2284 428 2346 495 Ἠ
2425 436 2480 494 δὲ
2548 439 2757 518 γενναία
2824 442 3019 521 μάρτυς
3097 450 3330 523 καρτερῶ
3399 442 3733 519 ὑπομένουσα

361 541 505 586 vero
534 521 715 584 adoro
737 520 1108 603 unigenitum
1130 525 1238 587 Dei
1259 524 1497 599 Filium,
1527 544 1634 607 per
1662 544 1841 608 quem
1863 526 2003 589 fecit

2231 526 2512 605 βασάνους,
2573 526 2751 607 ἕκραξε
2812 520 3038 608 λέγουσα
3095 546 3108 560 ⁶
3169 520 3315 611 ἢΕγὼ
3367 530 3607 609 δαίμοσιν
3672 529 3735 588 οὗ

363 612 563 674 omnia
592 614 808 689 Pater;
841 619 899 673 et
928 613 1212 676 ardenter
1256 614 1430 695 cupio
1464 615 1650 677 ﬁlium
1681 635 1881 678 meum
1911 635 1999 677 as-

2178 638 2210 690 ι,
2270 617 2495 695 Χριστὸν
2566 614 2621 672 δὲ
2697 614 2918 692 σέϐομαι
2993 620 3085 675 τὸν
3156 624 3410 697 μονοθενῇ
3467 623 3587 677 Υἱὸν
3642 624 3735 675 τοῦ

362 700 554 788 sequi,
589 706 657 761 ut
699 719 834 762 cum
863 700 964 762 illo
1020 701 1197 780 digna
1243 702 1466 764 eﬁiciar
1496 704 1662 782 regni
1692 705 1999 766 caelorum.

2178 710 2240 775 μῦ,
2271 701 2337 760 δι’
2381 706 2442 759 οῦ
2485 705 2551 760 τὰ
2601 704 2773 761 πάντα
2815 705 3063 773 ἐποίησεν
3113 710 3141 764 ὁ
3189 711 3371 788 Πατήρ
3407 728 3422 745 ’
3453 711 3541 766 καὶ
3585 707 3738 764 ἐπεί-

361 787 509 852 Cum
539 806 678 850 vero
706 788 935 851 videret
955 796 1120 851 atrox
1149 790 1264 853 iste
1295 809 1502 853 omnes
1530 792 1730 854 furore
1761 794 2005 855 vincens

2178 813 2247 848 ιαι
2305 789 2628 849 καταλαϐεῖν
2700 794 2792 849 τὸν
2866 793 2992 869 ἐμὸν
3070 798 3204 870 υἱὸν,
3273 787 3366 853 ἵνα
3434 798 3525 853 σὺν
3594 795 3740 868 αὒτῷ

356 876 541 956 judex
570 877 801 939 ﬁrmam
832 877 1109 956 martyris
1159 878 1571 956 constantiam,
1608 888 1815 943 contra
1844 881 2002 944 illam

2178 877 2389 937 ἀειωθῶ
2434 885 2495 936 τ⁹
2944 888 2969 898 ⁴
3093 885 3110 921 ·’
3227 890 3254 900 “
3371 870 3392 890 ﬂ
3543 885 3565 927 ἒ
3602 884 3615 905 ¹
3646 884 3657 903 ’

2178 923 2181 935 .
2224 925 2245 946 .,
2467 903 2533 948 ης
2584 880 2853 958 βασιλείας
2903 905 3008 939 των
3061 906 3313 963 οσρανων,
3395 894 3467 948 Ως
3513 883 3567 940 δν
3598 903 3737 961 εωρα

362 964 727 1045 pronuntiat,
754 966 949 1045 gladio
1002 966 1243 1047 quidem
1294 976 1469 1048 caput
1520 969 1651 1049 ejus
1710 968 2003 1051 amputari

2191 969 2392 1032 πάντας
2449 969 2607 1045 μανίᾳ
2675 971 2966 1050 ὑπεραίρων
3018 971 3278 1053 ἀνήμερος
3335 972 3588 1040 δικαστὴς
3637 971 3740 1038 τὴν

358 1054 603 1135 jubens,
635 1073 852 1136 corpus
882 1064 1080 1117 autem
1110 1056 1240 1135 ejus
1270 1064 1329 1118 et
1356 1056 1462 1119 ﬁlii
1502 1058 1567 1120 in
1613 1058 1807 1122 locum
1856 1077 2003 1121 con-

2178 1080 2182 1117 :
2240 1058 2497 1138 μάρτυρος
2555 1058 2801 1135 ἐπίμονον
2877 1058 3139 1136 ἔνστασιν,
3218 1062 3559 1142 ἀποφαίνεται
3619 1057 3741 1116 κατ’

364 1144 657 1210 demnatis
683 1143 1042 1225 assignatum
1074 1144 1307 1225 projici.

2178 1151 2249 1213 τῆς
2309 1144 2439 1226 ξίφει
2497 1148 2595 1222 μὲν
2665 1149 2765 1215 τὴν
2839 1147 3075 1228 κεφαλὴν
3142 1151 3307 1218 αὗτῆς
3366 1151 3741 1226 ἀποτμηθῆναι

2085 1232 2400 1313 προστάξας,
2446 1236 2515 1295 ,τό
2543 1234 2597 1291 δὲ
2677 1234 2927 1311 λείψανον
3003 1238 3164 1305 αὐτῆς
3229 1242 3315 1296 καὶ
3385 1246 3479 1296 τοῦ
3543 1239 3742 1303 ταύτης

2086 1324 2298 1407 υἱοῦ-εἶς
2323 1325 2414 1380 τὸν
2442 1329 2548 1380 τῶν
2575 1323 2869 1383 καταδίκων
2900 1326 3064 1383 τόπον
3092 1327 3328 1407 ῥιφῆναι.

444 1416 505 1481 9.
537 1413 862 1480 Carniﬁces
876 1410 1052 1494 igitur
1073 1414 1393 1495 capistrum
1414 1413 1505 1476 ori
1521 1415 1653 1495 ejus
1675 1414 2002 1493 alligantes,

2178 1403 2238 1476 θ’,
2287 1416 2347 1471 Οἱ
2388 1413 2476 1470 οὗν
2519 1412 2724 1490 δήμιοι,
2776 1415 2957 1494 χάμον
2996 1403 3132 1473 κατὰ
3158 1403 3271 1475 ’τοῦ
3321 1418 3584 1494 στόματος
3638 1415 3743 1471 αὒ-

366 1506 663 1569 duxerunt
691 1520 820 1565 eam
865 1502 938 1564 ad
987 1502 1181 1565 locum
1230 1513 1529 1565 assuetum
1574 1511 1638 1564 ut
1666 1502 2007 1563 mandatum

2178 1523 2187 1565 ;
2284 1499 2649 1577 ἐπιδήσαντες,
2738 1502 3018 1582 ἀπήγαγον
3109 1507 3179 1569 εἰς
3275 1509 3366 1563 τὸν
3455 1505 3744 1582 ἠθισμένον

365 1590 1153 1674 complerentJullittavero
1172 1591 1434 1672 polulum
1459 1591 1774 1653 carniﬁces
1791 1590 2011 1651 morari

2178 1611 2252 1646 ιον
2302 1588 2580 1669 πληρῶσαι
2633 1592 2693 1647 τὸ
2737 1593 3091 1672 προσταχθέν,
3148 1584 3397 1653 Ἰουλίττα
3450 1595 3505 1651 δὲ
3554 1594 3747 1671 μικρὸν

368 1681 610 1761 rogavit,
648 1681 841 1742 donec
869 1680 1061 1741 solum
1093 1680 1316 1741 bonum
1346 1678 1533 1740 Deum
1568 1678 1864 1753 oraverit;
1897 1677 2007 1739 iis-

2178 1700 2210 1742 »ς
2261 1676 2478 1754 δημίους
2525 1679 2776 1760 ἐπισχεῖν
2832 1681 3140 1759 παρεκάλει,
3191 1681 3290 1746 ἕως
3339 1682 3400 1741 ἂν
3444 1680 3740 1762 προσεύξη-

363 1750 481 1854 que
511 1750 938 1845 annuentibus,
962 1776 1020 1829 et
1042 1768 1340 1847 paululum
1364 1768 1650 1848 temporis
1674 1750 2005 1829 conceden-

2222 1774 2299 1842 τῷ
2333 1750 2487 1843 μόνῳ
2532 1750 2713 1846 ἀγαθῷ
2765 1776 2880 1842 Θεῷ
2910 1750 2929 1801 ’⁸
2964 1773 3050 1826 καὶ
3093 1750 3198 1826 τιῦν
3256 1769 3459 1847 δημίων
3488 1750 3744 1844 ’ἐπικαμο

368 1857 812 1940 tibus,genibus
843 1856 1010 1918 ﬂexis
1039 1855 1139 1917 illa
1163 1857 1349 1917 oravit
1393 1856 1636 1917 dicens:
1671 1854 1872 1917 Gratia
1901 1873 2009 1933 ago

2178 1856 2343 1919 Ξντων,
2401 1858 2489 1913 καὶ
2546 1858 2676 1935 πρὸς
2734 1856 2911 1935 ὀλίγον
2966 1856 3353 1933 ὁνδεδωκότων,
3414 1860 3633 1917 κλίνασα
3676 1857 3745 1928 τᾷ

366 1948 497 2022 tibi,
528 1945 802 2019 Domine,
828 1944 928 2025 qui
948 1945 1243 2007 advocasti
1274 1951 1410 2006 ante
1442 1963 1537 2005 me
1562 1944 1749 2004 ﬁlium
1782 1961 2004 2018 meum,

2178 1968 2288 2001 ματα
2338 1943 2667 2024 προσηύξατο
2707 1945 2932 2025 λέγουσα
2979 1963 2993 1978 ⁸
3045 1949 3360 2028 Εὖχαριστῷ
3402 1961 3509 2024 σοι,
3562 1948 3741 2026 Κύριε,

368 2044 428 2101 et
456 2033 774 2118 praastitisti
799 2051 903 2115 per
920 2052 1136 2096 nomen
1169 2040 1332 2095 tuum
1356 2041 1623 2094 sanctum
1654 2040 1712 2093 et
1743 2031 2011 2093 terribile

2178 2032 2575 2109 ὶσκαλεσαμένῳ
2656 2036 2757 2114 πρὸ
2835 2035 2964 2111 ἐμοῦ
3048 2038 3137 2093 τὸν
3221 2036 3348 2112 ἐμὸν
3434 2040 3568 2110 υἱὸν,
3654 2036 3747 2090 καὶ

367 2133 430 2189 ut
460 2132 811 2207 praasentem
841 2123 995 2184 hanc
1023 2132 1084 2186 et
1104 2122 1342 2184 inanem
1369 2119 1547 2185 vitam
1574 2120 1835 2195 deserat,
1874 2126 1930 2181 et
1948 2137 2009 2180 tn

2178 2122 2369 2180 ώσαντι
2400 2121 2483 2179 διὰ
2530 2125 2592 2179 τὸ
2651 2122 2816 2199 ὄνομά
2875 2146 2968 2180 σου
3023 2127 3084 2181 τὸ
3137 2126 3289 2204 ἅφιον
3346 2129 3434 2182 καὶ
3494 2122 3743 2206 φοϐερὸν,

369 2221 650 2276 aeternam
676 2211 853 2273 vitam
906 2228 1041 2272 cum
1089 2209 1311 2273 sanctis
1352 2209 1470 2271 tuis
1516 2208 1880 2270 admittatur.
1917 2211 2012 2271 Me

2178 2236 2199 2267 ν
2226 2220 2491 2291 παροῦσαν
2546 2214 2742 2280 ταύτην
2799 2215 2885 2269 καὶ
2942 2216 3167 2289 ματαίαν
3223 2213 3539 2271 καταλιπεῖν
3570 2213 3742 2292 ζωὴν,

370 2299 924 2385 quoqueindignam
946 2298 1222 2361 ancillam
1236 2306 1420 2372 tuam,
1446 2296 1644 2375 magni
1664 2297 1845 2376 hujus
1872 2295 2015 2357 boni

2178 2306 2274 2376 .τῇ
2302 2298 2493 2373 αἰωνίῳ
2519 2306 2631 2377 ζωῇ
2680 2301 2814 2376 μετὰ
2841 2305 2946 2357 τῶν
2992 2302 3152 2379 ἁγίων
3212 2324 3305 2358 σου
3363 2306 3683 2380 συναγθῆναι
3722 2317 3737 2330 ·

366 2391 457 2453 fac
486 2388 860 2471 participem,
906 2394 970 2449 ut
1014 2388 1320 2450 numerari
1368 2404 1606 2449 merear
1635 2386 1793 2447 inter
1821 2395 2012 2446 castas

2178 2389 2232 2444 ιὲ
2262 2386 2315 2444 δὲ
2362 2390 2461 2456 τὴν
2512 2387 2720 2454 ἀναξίαν
2769 2386 2957 2456 δούλην
3009 2412 3124 2465 σου,
3174 2398 3267 2447 τοῦ
3318 2389 3551 2469 μεγάλου
3600 2390 3743 2469 ἀγα-

367 2479 625 2559 virgines
653 2495 784 2559 quae
811 2476 1002 2555 dignae
1031 2476 1269 2537 fuerunt
1315 2483 1381 2537 ut
1431 2474 1720 2536 intrarent
1748 2473 1809 2534 in
1840 2481 2016 2534 aeter-

371 2585 514 2630 num
536 2577 704 2630 tuum
718 2572 777 2627 et
795 2564 1237 2626 immaculatum
1249 2562 1569 2625 thalamum
1591 2582 1607 2637 ;
1623 2570 1680 2623 et
1698 2561 2017 2623 benedicat

370 2655 615 2738 Spiritus
639 2671 807 2715 meus
827 2659 993 2713 tuum
1014 2652 1246 2714 Patrem
1277 2651 1745 2732 omnipotentem
1764 2657 1824 2710 et
1852 2668 2015 2711 crea-

373 2752 564 2806 torem
595 2741 884 2821 omnium,
918 2750 977 2802 et
1005 2748 1063 2801 te
1113 2740 1328 2803 Filium
1370 2740 1500 2819 ejus
1529 2738 1924 2817 unigenitum,
1958 2746 2019 2799 et

374 2830 660 2915 Spiritum
684 2828 1275 2903 sanctuminsaacula,
1304 2847 1500 2890 amen.
1522 2825 1599 2889 Ut
1619 2835 1813 2915 autem
1842 2844 2017 2887 amen

372 2914 693 3001 complevit
728 2925 934 2981 sancta
972 2924 1214 2997 martyr,
1249 2916 1510 2996 gladium
1543 2914 2015 2994 speculatorim—

373 3007 636 3082 mittens,
668 3005 991 3087 amputavit
1032 3022 1391 3085 generosum
1435 3004 1565 3083 ejus
1603 3002 1819 3063 collum
1853 3010 2018 3064 extra

374 3097 583 3159 urbem
611 3112 867 3174 ;corpus
913 3111 1052 3155 vero
1097 3094 1228 3173 ejus
1267 3092 1527 3174 projecit
1553 3093 1611 3153 in
1647 3091 1841 3152 locum
1869 3110 2015 3152 con-

372 3185 814 3263 demnatorum,
845 3182 1174 3245 secundum
1206 3180 1364 3263 quod
1414 3179 1754 3241 mandatum
1787 3189 1912 3240 erat
1942 3179 2017 3240 ab

374 3272 556 3354 impio
582 3271 806 3353 judice.
832 3270 915 3333 [bi
940 3271 1117 3332 etiam
1138 3269 1340 3352 inclyti
1363 3270 1635 3350 martyris
1664 3267 1855 3348 Ciryci
1886 3268 2017 3347 ejus

375 3360 482 3423 ﬁlii
512 3377 731 3441 corpus
762 3358 1096 3439 depositum
1129 3367 1239 3422 est.

456 3618 554 3681 lO.
574 3616 1032 3680 Consummatur
1055 3624 1249 3677 autem
1269 3613 1485 3677 Christi
1509 3613 1699 3695 gratia
1722 3622 1779 3676 et
1802 3614 2020 3676 virtute

375 3725 666 3788 generosa
714 3713 935 3786 martyr
980 3704 1202 3777 Julitta,
1238 3711 1296 3764 et
1350 3703 1511 3765 illius
1568 3702 1824 3783 inclytus
1860 3702 2019 3764 ﬁlius

376 3794 620 3877 Cirycus
641 3792 1082 3875 quintodecimo
1109 3792 1208 3854 die
1252 3792 1475 3855 mensis
1522 3791 1685 3857 Julii.
1714 3792 1817 3855 Die
1840 3790 2020 3871 igitur

375 3883 651 3967 sequenti
680 3883 798 3945 duo
830 3882 959 3962 ejus
988 3880 1220 3944 ancillae
1264 3900 1399 3942 cum
1431 3899 1681 3961 corpora
1710 3892 1887 3943 nocm
1920 3887 2017 3941 tu-

375 3972 606 4048 lissent,
640 3981 700 4035 et
720 3971 894 4051 longe
908 3970 1315 4040 abduxissent,
1343 3969 1755 4050 sepeliverunt
1773 3967 2023 4030 abscon-

371 4060 583 4123 dentes
603 4077 670 4124 ea
695 4059 757 4121 in
779 4059 1031 4140 quadam
1073 4061 1357 4139 spelunca
1395 4056 1659 4136 regionis
1699 4056 1859 4117 illius
1887 4075 2021 4137 qua:

372 4152 696 4213 Tarsorum
728 4147 1016 4209 limitibus
1045 4147 1404 4209 continetur.
1453 4145 1652 4227 Usque
1681 4145 1755 4206 ad
1789 4155 2020 4226 tempus

372 4237 742 4302 Constantini
773 4237 852 4317 pii
875 4236 1250 4316 imperatoris
1308 4254 1423 4296 una
1472 4253 1541 4296 ex
1572 4233 1806 4296 ancillis
1835 4234 2014 4296 vitam

371 4324 622 4401 ducens.
654 4324 888 4405 quando
919 4324 1132 4385 veritas
1160 4324 1220 4384 in
1277 4324 1473 4385 lucem
1523 4323 1780 4385 adducta
1808 4332 1920 4397 est,
1955 4331 2015 4385 et

372 4412 660 4476 Ecclesiae
688 4413 795 4474 Dei
825 4412 1161 4476 libertatem
1196 4431 1302 4493 per
1332 4413 1461 4493 ejus
1480 4412 1728 4490 gratiam
1759 4431 2015 4493 accepe-

370 4511 535 4577 runt,
552 4501 748 4563 locum
773 4500 1148 4577 manifestat;
1173 4510 1229 4562 et
1250 4500 1501 4581 quisque
1524 4501 1792 4562 ﬁdelium
1814 4520 2016 4564 δοριπ-

371 4609 514 4653 rens
541 4590 815 4653 studebat
861 4589 1083 4670 aliquid
1134 4606 1371 4650 sumere
1419 4606 1454 4649 a
1501 4588 1860 4651 venerandis
1887 4590 2018 4653 istis

371 4679 664 4761 reliquiis,
690 4678 751 4740 in
773 4686 1039 4740 tutamen
1063 4685 1120 4739 et
1147 4676 1574 4759 protectionem
1618 4696 1741 4741 suae
1771 4678 1924 4757 vitae,
1958 4688 2019 4742 et

372 4767 619 4847 gloriam
651 4766 794 4829 boni
825 4766 1014 4828 nostri
1044 4766 1179 4830 Dei.

454 4946 552 5008 11.
586 4943 723 5006 Hac
751 4943 931 5023 igitur
961 4946 1021 5006 in
1063 4944 1308 5006 veritate
1341 4952 1405 5007 ut
1434 4952 1562 5007 acta
1595 4951 1732 5007 sunt
1760 4944 2016 5026 patefeci

372 5034 496 5100 Deo
519 5033 753 5096 dilectae
774 5041 888 5095 tuae
906 5033 1145 5114 animae,
1176 5051 1308 5115 quae
1341 5032 1613 5095 ﬁdelibus
1645 5034 1863 5114 praebe,
1892 5034 2021 5114 qui-

373 5140 634 5205 cumque
653 5121 772 5203 apti
791 5129 966 5184 erunt
985 5121 1058 5185 ad
1090 5121 1427 5185 docendum
1451 5130 1507 5184 et
1538 5122 2017 5203 persuadendum

371 5214 543 5288 alios,
579 5229 774 5291 neque
802 5210 1087 5273 fabulosis
1116 5219 1323 5292 aperte
1343 5212 1696 5273 commentis
1726 5229 2016 5274 exornan-

373 5310 489 5382 tes,
509 5299 616 5363 sed
640 5299 767 5381 ipsa
787 5300 1031 5362 veritate
1053 5301 1501 5381 persuadentes,
1525 5301 1585 5362 in
1616 5300 1851 5362 Christo
1871 5299 1903 5364 J
1910 5320 2015 5364 esu

371 5387 624 5472 Domino
654 5396 882 5467 nostro,
907 5408 1161 5470 quocum
1189 5388 1350 5452 Patri
1370 5408 1504 5450 cum
1536 5389 1761 5472 Spiritu
1807 5398 2014 5452 sancto

373 5486 585 5638 glorIiltli,
640 5486 857 5561 honor,
896 5494 1175 5567 potestas,
1221 5503 1383 5550 nunc
1428 5493 1487 5549 et
1542 5505 1783 5569 semper
1838 5495 1898 5550 et
1954 5490 2018 5550 in

374 5592 490 5638 Iac
554 5593 611 5638 ι.

374 5592 611 5639 “CIIII.

2095 2480 2187 2532 θοῦ
2230 2478 2453 2543 ποίησον
2502 2476 2804 2557 ἐπιτυχεῖν,
2872 2476 2964 2533 ἵνα
3012 2477 3304 2558 ἐναρίθμιος
3354 2480 3589 2557 γένωμαι
3635 2484 3749 2534 τῶν

2097 2569 2361 2645 φρονίμων
2438 2565 2704 2645 παρθένων
2779 2564 3092 2631 ἀξιωθεισῶν
3173 2567 3426 2625 εἰσελθεῖν
3509 2570 3580 2632 εἰς
3654 2570 3751 2623 τὸν

2097 2653 2306 2709 αἰώνιον
2337 2655 2423 2709 καὶ
2498 2651 2754 2734 ἄφθαρτόν
2821 2675 2915 2709 σου
2987 2661 3241 2735 νομφτῦνα
3277 2675 3291 2691 ’
3318 2658 3403 2712 καὶ
3462 2656 3749 2734 εὺλογείτω

2098 2744 2158 2798 τὸ
2213 2743 2417 2817 πνεῦμά
2473 2764 2573 2817 μου
2629 2745 2719 2798 τὸν
2774 2743 2863 2798 σὺν
2928 2744 3131 2823 Πατέρα
3202 2745 3290 2801 τὸν
3346 2745 3748 2824 παντοκράτορα

2098 2832 2185 2887 καὶ
2221 2828 2540 2910 δημιουργὸν
2587 2837 2690 2887 τῶν
2741 2832 3011 2906 ἁπάντων,
3071 2834 3159 2889 καὶ
3221 2855 3280 2888 σε
3335 2835 3427 2889 τὸν
3480 2838 3747 2912 μονογενῆ

2098 2919 2254 2976 αὒτού
2283 2921 2403 2975 Υἱὸν
2431 2921 2518 2975 καὶ
2564 2921 2626 2975 τὸ
2674 2926 2887 2994 Πνεῦμα
2931 2922 2993 2975 τὸ
3034 2920 3185 2999 ἇγιου
3232 2923 3305 2985 εἷς
3357 2922 3478 2984 τοὺς
3528 2923 3750 2985 αἰῶνας,

2098 3006 2264 3084 ἀμὴν,
2325 2998 2416 3070 Ὧς
2463 3004 2518 3063 δὲ
2565 3010 2626 3064 τὸ
2680 3006 2855 3085 Ἀμὴν
2913 3007 3218 3089 ἐπλήρωσεν
3270 3013 3305 3079 ἡ
3361 3010 3506 3089 ἁγία,
3566 3032 3751 3090 παρα-

2099 3095 2259 3166 θήξας
2311 3099 2340 3152 ὁ
2396 3095 2770 3176 σπεκουλάτωρ
2824 3098 2885 3153 τὸ
2938 3095 3105 3180 ξίφος,
3156 3097 3416 3174 ἀπέτεμεν
3472 3100 3561 3155 τὸν
3617 3120 3753 3176 γεν-

2100 3198 2252 3241 ναῖον
2274 3187 2435 3252 αὐτῆς
2458 3184 2733 3265 τράχηλον
2768 3184 2869 3251 ἔξω
2904 3191 3001 3254 τῆς
3052 3186 3258 3252 πόλεως
3294 3206 3306 3220 ⁸
3340 3189 3401 3244 τὸ
3450 3186 3504 3243 δὲ
3550 3189 3753 3255 ταύτης

2099 3279 2254 3349 σῶμα
2301 3271 2522 3355 ’έῤῥιψεν-
2565 3273 2617 3330 έν
2659 3281 2749 3355 ⁸τῷ
2801 3280 2907 3332 τῶν
2961 3274 3254 3333 καταδίκων
3312 3278 3481 3355 τόπῳ,
3512 3278 3647 3355 κατὰ
3687 3279 3755 3334 τὸ

2098 3355 2200 3410 ὑπὸ
2254 3351 2347 3409 τοῦ
2399 3351 2612 3417 ἀδεϐοῦς
2653 3352 2897 3412 δικαστοῦ
2944 3357 3260 3435 πρόσταγμα
3311 3374 3325 3387 °
3381 3351 3499 3413 ἔνθά
3542 3354 3606 3424 δὴ
3659 3359 3755 3413 καὶ

2100 3445 2158 3499 νὺ
2226 3449 2320 3499 τοῦ
2389 3440 2689 3500 καλλινίκου
2759 3444 3013 3524 μάρτυρος
3080 3445 3320 3524 Κηρύκου
3402 3451 3493 3501 τοῦ
3547 3446 3753 3513 ταύτης

2096 3534 2208 3588 υἱοῦ
2236 3528 2544 3587 ὲναπέθεντο
2573 3530 2845 3607 λείψανον,

2179 3607 2240 3678 ι’.
2321 3617 2622 3676 Τελειοῦται
2701 3618 2755 3676 δὲ
2815 3628 2884 3698 τῇ
2940 3627 3031 3678 τοῦ
3105 3628 3329 3701 Χριστοῦ
3407 3623 3586 3703 χάριτι
3662 3625 3756 3679 καὶ

2099 3704 2312 3783 δυνάμει
2365 3708 2402 3777 ἥ
2464 3729 2521 3763 τε
2607 3707 2896 3789 ἀθλοφόρος
2968 3700 3164 3790 μάρτυς
3244 3700 3517 3782 Ἰουλίττα,
3576 3712 3664 3767 καὶ
3721 3714 3756 3768 ὁ

2099 3795 2295 3879 ταύτης
2340 3794 2570 3862 ἐπίδοξος
2625 3798 2733 3861 υίὸς
2788 3800 3028 3879 Κήρυκος
3083 3803 3153 3876 τῇ
3209 3798 3365 3855 πέντε
3425 3801 3511 3856 καὶ
3551 3797 3751 3877 δεκάτῃ

2099 3891 2191 3941 τοῦ
2237 3873 2449 3940 Ἰουλίου
2506 3885 2696 3961 μηνός.
2757 3893 2834 3963 Τῇ
2878 3873 2975 3945 οὖν
3033 3873 3154 3955 ἑξῆς
3210 3887 3386 3967 ἡμέρᾳ
3442 3891 3494 3945 αἱ
3550 3873 3751 3957 ταύτης

2100 3970 2188 4029 δύο
2243 3972 2599 4051 θεραπαινίδες
2668 3974 2985 4052 ἀνελόμεναι
3041 3977 3107 4033 τὰ
3181 3976 3406 4049 σώματα
3463 3975 3519 4032 ἐν
3574 3980 3749 4059 νυκτὶ,

2100 4063 2187 4118 καὶ
2238 4061 2416 4140 πόῤῥω
2468 4070 2633 4120 ταῦτα
2711 4064 3080 4144 ἀπαγαγοῦσαι
3154 4065 3403 4122 ἀπέθεντο
3473 4069 3752 4147 κατακρύ-

2103 4155 2269 4226 ψασαι
2314 4149 2368 4206 ἕν
2416 4173 2516 4207 τινι
2565 4151 2812 4227 σπηλαίῳ
2863 4156 2934 4217 εἷς
2983 4155 3080 4222 τὴν
3129 4159 3230 4232 γῆν
3278 4154 3330 4210 ἐν
3386 4160 3454 4230 τῇ
3502 4156 3756 4234 Ταρσὲων

2104 4239 2297 4319 ἐνορίᾳ.
2332 4241 2504 4319 Μέχρι
2535 4238 2590 4296 δὲ
2627 4246 2732 4297 τῶν
2762 4243 2971 4321 χρόνων
3017 4244 3410 4300 Κωνσταντίνου
3454 4247 3543 4297 τοῦ
3594 4243 3754 4299 εὗσε-

2105 4326 2211 4391 ϐῶς
2252 4326 2680 4410 βασιλεύσαντος,
2738 4331 2773 4397 ἡ
2827 4331 2921 4405 μία
2964 4336 3069 4387 τῶν
3118 4328 3489 4410 θεραπαινίδων
3520 4328 3752 4386 ἐπιϐιώ-

2095 4438 2252 4496 σασα,
2286 4414 2366 4471 ὅτ’
2397 4414 2459 4471 ἂν
2509 4417 2543 4485 ἡ
2590 4417 2811 4488 ἀλήθεια
2859 4420 2932 4482 εἰς
2975 4424 3085 4499 φῶς
3133 4417 3309 4499 ἤχθη,
3343 4420 3428 4475 καὶ
3459 4420 3510 4474 αἱ
3538 4416 3749 4485 ἐκκλη-

2096 4506 2201 4561 σίαι
2230 4504 2324 4562 τοῦ
2370 4511 2501 4562 Θεοῦ
2547 4505 2841 4586 παῤῥησιαν
2888 4505 2973 4564 διὰ
3019 4513 3116 4574 τῆς
3160 4507 3319 4564 αὐτοῦ
3367 4508 3581 4587 χάριτος
3612 4505 3753 4562 ἐλα-

2097 4591 2213 4669 ϐον,
2271 4593 2506 4670 ἐκψαίνει
2562 4597 2653 4653 τὸν
2708 4596 2871 4653 τόπον
2917 4616 2933 4631 ⁸
2982 4598 3071 4653 καὶ
3117 4602 3223 4661 πᾶς
3268 4618 3349 4659 τις
3393 4602 3496 4653 τῶν
3548 4602 3758 4652 πιστῶν

2099 4680 2312 4739 ἔσπευδε
2340 4684 2768 4763 παραγενόμενος
2808 4682 2994 4743 λαϐεῖν
3043 4707 3093 4743 τι
3140 4683 3200 4741 ἐκ
3251 4690 3358 4741 τῶν
3388 4683 3575 4759 τιμίων
3605 4682 3757 4740 ἐκεί-

2097 4794 2201 4831 νων
2231 4771 2519 4847 λειψάνων,
2568 4775 2640 4838 είς
2691 4773 3044 4855 φυλακτήριον
3090 4775 3188 4851 μὲν
3234 4775 3323 4829 καὶ
3374 4773 3619 4829 σύστασιν
3647 4777 3758 4841 τῆς

2098 4861 2227 4929 ιδίας
2245 4865 2422 4941 ζωῆς,
2463 4864 2536 4925 εἰς
2566 4860 2714 4928 δόξαν
2744 4860 2799 4918 δὲ
2825 4870 2917 4920 τοῦ
2947 4863 3143 4941 ἀγαθοῦ
3169 4865 3323 4939 ἡμῶν
3355 4867 3508 4922 Θεοῦ.

2178 4939 2276 5011 ια’.
2334 4955 2506 5007 Ταῦτα
2584 4951 2756 5007 τοίνυν
2827 4951 2881 5007 ἐν
2957 4939 3177 5024 ἀληθείᾳ
3238 4949 3545 5031 πραχθέντα
3608 4948 3754 5021 ἐσή-

2102 5062 2240 5117 μανα
2406 5038 2636 5114 ψιλοθέῳ
2676 5062 2769 5096 σου
2814 5046 2991 5121 ψυχῇ,
3047 5040 3199 5099 ἅτινα
3251 5040 3484 5119 παράθου
3533 5054 3761 5122 πιστοῖς

2099 5129 2391 5210 ἀνθρώποις
2423 5176 2439 5203 ,
2530 5127 2726 5193 οἵτινες
2830 5131 2998 5187 ίκανοι
3084 5128 3291 5186 ἔσονται
3374 5129 3461 5185 καὶ
3540 5128 3760 5208 ἐτέρους

2098 5215 2294 5284 διδάξαι
2346 5219 2434 5274 καὶ
2490 5216 2893 5299 πληροφορῆσαι
2955 5238 2969 5252 ⁶
3023 5219 3100 5294 μὴ
3152 5232 3271 5282 τοῖς
3317 5214 3595 5294 προδήλως
3643 5240 3762 5292 μυ-

2095 5304 2279 5363 θώδεσι
2362 5306 2734 5385 συγγράμμασι
2832 5308 3315 5389 συμτεριφέρεσθαι,
3403 5303 3522 5361 ἀλλ’
3617 5305 3766 5384 αῦτῇ

2098 5401 2167 5473 τῇ
2215 5395 2432 5469 ἀληθείᾳ
2485 5396 2746 5454 πείθεσθαι
2808 5413 2823 5427 ⁸
2878 5398 2932 5455 ἐν
2984 5399 3193 5478 Χριστῷ
3236 5394 3411 5463 Ἰητοῦ
3454 5396 3531 5470 τῷ
3579 5399 3764 5476 Κυρίῳ

2098 5486 2275 5566 ἡμῶν,
2338 5482 2453 5561 μεθ’
2502 5488 2562 5543 οὗ
2604 5487 2765 5566 Πατρὶ
2817 5488 2910 5543 σὺν
2955 5489 3033 5563 τῷ
3081 5487 3216 5566 ἁγίῳ
3260 5485 3552 5561 Πσεύματι,
3601 5481 3758 5567 δόξα,

2098 5577 2256 5649 τιμὴ,
2287 5574 2502 5653 κράτος,
2533 5581 2621 5632 νῦν
2649 5577 2736 5632 καὶ
2765 5575 2845 5635 ἀεὶ
2872 5577 2961 5635 καὶ
2990 5578 3063 5641 εἰς
3093 5577 3309 5640 αὶῶνας.
