3966 6148
204 196 3036 225 ψ

1606 356 1768 403 ANNO
1811 355 2018 404 DOMINI
2065 354 2172 401 MVI
2181 389 2194 401 .

722 533 1315 704 LEON
1331 531 1532 702 IS
1648 527 3054 702 PRESBYTERI

1703 806 2101 873 PROLOGUS

521 992 728 1094 AD
801 987 1634 1097 PASSIONEM
1692 986 1882 1089 SS.

1949 982 2290 1089 RUFI
2356 984 2530 1089 ΕΤ
2591 987 3235 1094 RESPICII.

1317 1220 1462 1288 (ΜΑι,
1496 1216 1728 1290 Spicileg.
1761 1217 1908 1274 Rom.
1945 1224 2064 1272 tom.
2101 1215 2188 1277 IV.
2213 1232 2259 1287 p.
2293 1216 2444 1274 290.)

259 1564 383 1627 Non
416 1568 581 1628 enim
618 1571 707 1648 (Ι)
731 1569 996 1646 insignes
1021 1568 1402 1647 antiquorum
1424 1565 1659 1626 Patrum
1691 1565 1832 1626 titu-
1858 1567 1907 1628 A
1921 1583 2100 1641 gnum
2135 1563 2208 1622 de
2239 1564 2456 1624 sanctis
2502 1565 2892 1644 quadraginta
2932 1570 3286 1651 martyribus
3333 1591 3573 1636 sermo-

197 1659 278 1720 los
309 1661 620 1723 inﬁrmare
679 1681 989 1735 conamur,
1047 1679 1238 1740 neque
1287 1677 1575 1738 generosa
1603 1657 1839 1719 illorum

196 1761 583 1812 monumenta
614 1752 936 1830 suggillare
967 1751 1255 1810 nitimur:
1313 1748 1452 1828 quin
1486 1748 1681 1828 potius
1713 1748 1842 1807 lau—

198 1837 426 1912 damus,
462 1849 644 1920 atque
689 1840 986 1900 laudando
1039 1838 1430 1912 roboramus;
1478 1836 1582 1897 sed
1615 1855 1681 1897 ea
1714 1854 1844 1916 quae

197 1946 298 2006 per
325 1928 626 1989 incuriam
660 1938 717 1989 et
747 1929 1164 2001 temeritatem,
1213 1936 1275 1987 ut
1304 1925 1661 2004 simplicium
1693 1925 1844 1985 scri-

193 2024 448 2094 ptorum,
482 2017 810 2097 depravata
861 2016 1157 2088 videntur,
1201 2014 1260 2075 in
1315 2022 1595 2094 quantum
1633 2013 1844 2074 divinae

198 2105 595 2166 Providentiae
616 2125 748 2166 sors
771 2103 1031 2184 dederit,
1060 2103 1376 2163 emendare
1400 2103 1739 2179 satagimus,
1769 2121 1843 2161 ne

196 2195 343 2272 apud
379 2195 624 2255 sobrios
657 2203 711 2253 et
737 2192 1122 2272 grammatico
1147 2193 1266 2251 sale
1291 2191 1559 2251 conditos
1590 2190 1843 2251 lectores

197 2283 410 2343 veritas
440 2292 749 2361 gestorum
781 2283 909 2360 ipsa
939 2279 1317 2360 corruptione
1340 2278 1598 2351 vilescat,
1621 2297 1683 2337 ar
1712 2279 1844 2356 pius

192 2370 357 2431 labor
391 2372 627 2450 piorum
663 2371 928 2430 omnium
971 2377 1141 2448 Sputo
1183 2367 1478 2428 obnoxius
1517 2366 1836 2446 judicetur.

189 2458 286 2519 Est
315 2469 522 2520 autem
559 2468 616 2519 et
645 2459 760 2518 alia
793 2477 967 2519 causa
1013 2458 1262 2536 hujusce
1295 2455 1691 2516 renovationis
1725 2475 1841 2516 non

195 2547 464 2620 minima,
501 2566 638 2624 quae
664 2566 769 2607 nos
793 2556 910 2606 tam
933 2565 1220 2606 annosum
1246 2563 1313 2605 ac
1339 2545 1672 2623 neglectum
1696 2563 1843 2623 opus

188 2638 569 2696 comminare
598 2637 712 2714 (ita
742 2637 901 2708 cod.)
949 2635 1104 2712 cogit
1152 2634 1210 2694 in
1263 2633 1497 2706 melius,
1550 2633 1685 2712 quia
1714 2633 1844 2694 sine

187 2725 356 2786 titulo
379 2727 651 2786 auctoris
664 2723 1094 2802 amphiboliam
1117 2724 1412 2782 estthema
1429 2720 1844 2801 subsequentis

185 2816 412 2893 operis,
449 2823 509 2873 et
541 2812 678 2872 ideo
706 2812 1032 2872 verendum
1066 2830 1138 2870 ne
1167 2810 1322 2870 inter
1350 2811 1682 2889 apocrypha
1705 2812 1843 2889 jure

192 2911 544 2963 censeatur.
573 2900 740 2972 Quod
766 2900 942 2978 igitur
959 2899 1030 2958 ad
1054 2899 1318 2978 publicas
1341 2917 1514 2959 aures
1535 2900 1609 2958 ob
1634 2899 1844 2959 multo-

189 3011 318 3051 rum
342 2991 812 3051 aadiﬁcationem
844 2989 1140 3068 proﬁcisci
1192 2997 1447 3068 oportet,
1481 3004 1727 3050 necesse
1758 2995 1846 3048 est

192 3079 700 3157 utgrammaticaz
750 3077 1079 3156 diligentiae
1127 3076 1324 3137 cribro
1368 3075 1440 3135 ab
1491 3076 1651 3136 omni
1684 3077 1844 3156 prius

191 3169 472 3230 vitiorum
507 3168 652 3227 lolio
704 3176 1011 3246 purgetur.
1064 3165 1221 3226 Dixit
1267 3183 1520 3244 namque
1551 3163 1841 3240 Isidorus,

197 3258 419 3318 abrade
449 3256 690 3318 titulum
725 3263 787 3316 ut
815 3265 977 3315 muta
1027 3255 1102 3315 sit
1134 3254 1362 3334 pagina.
1389 3253 1542 3330 Ergo
1567 3273 1640 3314 ne
1673 3261 1846 3315 tanta)

201 3348 516 3407 calumniae
563 3362 708 3405 ansa
757 3353 1016 3404 nostram
1049 3345 1394 3422 parvitatem
1442 3342 1638 3420 aliquo
1671 3343 1843 3402 modo

203 3435 494 3496 innodare
528 3433 824 3511 videatur,
870 3432 1118 3492 sanandi
1168 3451 1234 3492 ac
1281 3429 1616 3491 medicandi
1648 3431 1844 3510 operis

203 3525 547 3600 prodendus
578 3531 667 3582 est
701 3521 990 3593 medicus,
1026 3528 1088 3580 ut
1118 3539 1250 3581 cum
1313 3518 1558 3599 probata
1594 3537 1846 3598 persona

201 3613 476 3672 omnibus
507 3612 572 3671 in
589 3608 855 3671 notitiam
879 3608 1126 3676 venerit,
1150 3608 1277 3686 ejus
1306 3605 1612 3687 opuscula,
1649 3606 1847 3668 divina

203 3703 443 3762 veritate
464 3699 745 3777 subnixa,
771 3717 948 3758 nemo
974 3695 1240 3757 ﬁdelium
1261 3697 1519 3756 refutare
1544 3696 1846 3774 permitta-

202 3800 317 3861 tur,
350 3789 458 3849 sed
495 3788 695 3868 potius
725 3795 929 3846 contra
947 3804 1156 3845 omnes
1187 3785 1430 3844 aemulos
1453 3782 1670 3846 divina:
1702 3803 1843 3864 pro-

207 3877 484 3938 tectionis
542 3877 629 3935 vis
681 3874 834 3935 bene
882 3874 1194 3934 defensare
1244 3872 1685 3952 comprobetur.
1745 3878 1848 3936 Est

199 3986 424 4047 nempe
476 3963 886 4026 Theodoricus
933 3963 1035 4024 ille
1090 3963 1415 4024 monachus
1469 3981 1538 4023 ac
1567 3964 1846 4024 sacerdos

201 4055 591 4138 peregrinus,
641 4062 816 4132 atque
865 4051 1086 4114 diutius
1136 4051 1430 4113 viscerum
1485 4051 1844 4113 cruciatibus

1926 1671 2084 1715 nem.
2148 1652 2480 1730 Compinxit
2527 1663 2811 1733 praeterea
2870 1658 3205 1737 passionem
3259 1660 3566 1724 beatorum

1929 1751 2242 1821 martyrum
2276 1742 2538 1802 Anlhimi
2596 1744 3013 1825 sociorumque
3046 1749 3173 1827 ejus
3205 1751 3570 1814 hexametris

1927 1831 2301 1892 intersertam
2334 1829 2663 1895 versiculis.
2700 1835 3040 1895 Memoriam
3075 1857 3310 1918 quoque
3350 1859 3569 1920 nuper-

1927 1919 2077 1979 rime
2105 1921 2554 1999 haudquaquam
2578 1922 3054 2001 vilipendendam
3071 1926 3278 2001 edidit,
3307 1929 3570 2007 qualiter

1927 2016 2099 2087 caput
2130 2010 2408 2070 eximium
2444 2011 2714 2090 martyris
2739 2010 3005 2072 Damiani
3032 2015 3315 2076 Romanis
3336 2017 3564 2078 illatum

1926 2105 2016 2157 est
2045 2097 2311 2177 septulis.
2345 2097 2448 2158 His
2481 2098 2777 2159 adendum
2833 2119 2950 2160 non
2994 2103 3362 2181 superﬂuum
3395 2105 3568 2166 vide-

1926 2193 2041 2264 tur,
2075 2187 2228 2265 quod
2265 2197 2316 2247 et
2351 2187 2650 2248 rusticano
2684 2205 2959 2248 sermone
2991 2191 3437 2252 translationem
3471 2211 3567 2272 pa-

1926 2274 2124 2334 tefecit
2176 2285 2513 2337 sanctorum
2565 2275 2782 2338 Christi
2853 2278 3204 2340 athletarum
3261 2279 3564 2355 Basilidis,

1925 2361 2222 2442 Tripodis,
2256 2372 2314 2423 et
2345 2364 2643 2443 Magdalis.
2665 2365 2786 2442 Ego
2803 2384 3035 2446 quoque
3060 2369 3200 2441 Leo,
3229 2388 3590 2451 quanquam.

1928 2452 2120 2511 minus
2155 2453 2426 2533 idoneus,
2455 2472 2710 2533 superna
2752 2462 2946 2515 tamen
2989 2456 3219 2518 favente
3250 2459 3566 2523 clementia

1927 2541 2230 2620 presbyter
2270 2549 2327 2601 et
2394 2543 2693 2618 sacerdos,
2760 2553 3152 2606 memoratum
3207 2550 3562 2610 monachum

1926 2629 2076 2707 coepi
2110 2649 2212 2708 pro
2263 2629 2494 2690 Christo
2545 2650 2747 2692 amare
2790 2632 3118 2710 ardentius,
3177 2653 3293 2696 non
3345 2637 3420 2698 ob
3454 2638 3564 2700 hoc

1926 2724 2146 2778 tantum
2171 2721 2325 2799 quod
2344 2718 2649 2781 videbatur
2670 2721 2907 2794 scioius,
2927 2721 3214 2802 quinimo,
3231 2725 3367 2804 quia
3393 2727 3561 2788 testi-

1865 2807 2187 2907 Bmonium
2221 2808 2446 2907 habuit.
2484 2809 2701 2907 bonum
2753 2811 2824 2870 ab
2875 2811 3174 2907 omnibus,
3227 2815 3385 2894 quod
3411 2823 3568 2878 esset

1929 2895 2106 2973 hujus
2136 2897 2337 2957 saeculi
2367 2896 2668 2977 inimicus,
2704 2907 2758 2958 et
2812 2899 3064 2960 mundus
3113 2901 3200 2962 illi
3232 2912 3393 2965 esset
3421 2923 3564 2966 cru-

1927 2983 2158 3044 cilixus.
2193 2984 2332 3045 Nam
2372 2989 2497 3062 ejus
2545 2985 2876 3047 inﬁrmitati
2925 2989 3160 3051 assidue
3191 3011 3562 3072 compassus,

1927 3072 2183 3152 hospitio
2215 3073 2380 3134 illum
2412 3075 2612 3154 recepi
2643 3076 2912 3136 omniutn
2948 3087 3281 3140 nostrorum
3313 3083 3558 3161 primus,

1929 3161 2176 3240 ejusque
2203 3182 2296 3223 me
2319 3163 2608 3224 interesse
2631 3163 3123 3244 disputationibus
3144 3169 3407 3246 gravisus
3429 3189 3558 3232 sum

1926 3249 2157 3310 sedulo.
2188 3253 2452 3332 Cumque
2481 3253 2564 3312 illi
2587 3262 2955 3332 compertum
2990 3255 3158 3329 foret,
3186 3259 3340 3337 quod
3367 3277 3560 3319 essem

1928 3337 2105 3398 etiam
2138 3340 2514 3419 quotidianus
2546 3341 2700 3402 beati
2726 3341 3168 3424 triumphatoris
3199 3346 3415 3408 Christi
3440 3349 3561 3410 Re-

1927 3427 2102 3507 spicii
2134 3429 2447 3506 titularius,
2475 3433 2718 3510 ejusque
2757 3432 3004 3494 servitor
3043 3433 3398 3508 indefessus,
3434 3454 3561 3497 cce-

1928 3518 2012 3596 pit
2041 3536 2072 3577 a
2103 3536 2197 3578 me
2226 3518 2562 3599 disquirere
2596 3531 2930 3584 utrumnam
2951 3522 3154 3583 beatus
3186 3533 3416 3602 martyr
3442 3543 3562 3587 sua:

1930 3606 2224 3685 possionis
2255 3619 2414 3670 esset
2446 3609 2763 3688 insignitus
2797 3613 3238 3672 memorialibus
3268 3610 3414 3693 [cod.
3444 3633 3563 3674 me-

1929 3693 2295 3775 morilibus],
2351 3716 2422 3756 an
2467 3700 2796 3760 famulentia
2845 3699 3072 3759 ruitura
3121 3718 3238 3778 prae
3291 3700 3563 3762 manibus

1929 3784 2134 3844 mundi
2165 3784 2431 3857 historia,
2467 3788 2665 3847 omnia
2723 3788 3188 3866 chronographis
3218 3789 3562 3849 deﬁcienti-

1928 3870 2059 3945 bus,
2095 3883 2344 3933 careret.
2407 3877 2550 3936 Cum
2607 3876 2838 3937 beatum
2888 3875 3103 3938 Christi
3147 3877 3559 3955 pugillatorem

1929 3961 2199 4040 proprios
2254 3963 2679 4042 responderem
2713 3963 2934 4024 habere
2987 3964 3220 4026 titulos:
3256 3963 3449 4025 Velim
3479 3965 3564 4029 ait

1926 4048 2294 4128 ille,videre,
2327 4050 2456 4128 styli
2503 4052 2788 4130 probandi
2824 4052 3026 4129 gratia.
3081 4051 3190 4123 Qui
3221 4069 3352 4113 cum
3391 4053 3561 4114 citius

200 4147 518 4207 confectus
548 4142 650 4218 qui
681 4151 818 4202 ante
841 4141 1036 4201 varios
1063 4140 1220 4219 [σοίι.
1246 4141 1440 4220 raros]
1463 4159 1650 4200 annos
1669 4141 1841 4202 vitam
1866 4173 1907 4234 Ο
1929 4137 2137 4218 prima}
2170 4139 2412 4234 pagella:
2434 4158 2673 4219 campos
2696 4149 3094 4219 percurreret.
3126 4139 3424 4234 Habemus
3450 4161 3559 4203 na-

199 4229 715 4315 composuitbeali
742 4229 971 4290 Martini
1002 4228 1111 4290 PP.
1139 4228 1488 4308 jucundius,
1521 4247 1753 4290 necnon
1789 4239 1845 4291 et

196 4325 312 4385 alia
344 4319 719 4401 opusculain
750 4319 858 4378 hac
874 4317 1025 4379 urbe
1059 4321 1321 4379 Romana
1345 4317 1569 4396 positus
1587 4317 1847 4378 conscri-

201 4415 318 4494 psit
347 4409 733 4490 diligentius;
782 4408 879 4487 qui
911 4427 1040 4470 cum
1074 4408 1323 4468 fratrum
1382 4417 1588 4484 rogatu
1619 4405 1842 4483 aliquid

198 4503 452 4582 dignum
493 4497 887 4575 scriptitasset
936 4495 1455 4568 commendadum,
1509 4495 1661 4555 haud
1711 4495 1841 4555 fuco

199 4593 403 4671 aliquo
429 4585 850 4657 ususdicendi,
877 4603 986 4646 nec
1006 4584 1246 4664 phalera
1278 4582 1675 4664 pretiosorum
1705 4601 1841 4643 ver-

199 4680 441 4746 borum,
474 4676 584 4738 sed
633 4673 963 4736 humillimo
1018 4671 1379 4734 narrationis
1419 4690 1657 4749 genere,
1693 4671 1846 4751 quod

199 4768 391 4832 (ἓΜὶ
422 4768 737 4824 ταπείνωσιν
770 4769 1003 4837 vocant,
1056 4762 1130 4822 ob
1161 4779 1480 4823 commune
1509 4759 1847 4821 auditorum

199 4869 382 4940 atque
404 4857 699 4918 lectorum
723 4851 1103 4914 commodum
1129 4850 1358 4940 sibulco
1386 4857 1734 4940 prosecutus
1763 4856 1852 4910 est

206 4937 375 5028 sty—lo.
410 4943 628 5026 Sripsit
684 4959 941 5024 quoque,
997 4951 1064 5000 ut
1111 4939 1432 5028 multorum
1488 4937 1706 5028 fatetur
1735 4956 1842 5028 au-

205 5026 458 5111 ctoritas,
497 5033 1012 5113 elegantissimum
1043 5035 1099 5090 et
1149 5027 1311 5090 omni
1339 5026 1722 5088 veneratione
1750 5026 1842 5086 di—

279 5201 358 5291 (1)
392 5197 574 5260 Enim
616 5195 776 5279 apud
835 5189 1168 5291 sequiores
1208 5185 1536 5291 praesertim
1555 5193 1849 5291 ~auctores

213 5266 480 5359 signiﬁcat
528 5266 692 5358 sane,
725 5266 1050 5360 profecto,
1079 5266 1302 5349 utique.
1336 5267 1489 5341 Quin
1514 5266 1661 5328 adeo
1691 5268 1846 5349 apud

1928 4235 2103 4306 ctam,
2135 4227 2345 4307 inquit,
2369 4231 2765 4302 occasionem,
2792 4249 2906 4309 qua
2927 4230 3000 4289 de
3021 4229 3237 4306 agresti
3263 4238 3440 4309 atque
3467 4231 3564 4291 in-

1926 4316 2084 4376 sulso
2113 4316 2414 4394 pulmento
2447 4317 2530 4376 fas
2576 4317 2746 4378 nobis
2788 4319 2861 4378 sit
2910 4319 3230 4380 laceratum
3258 4318 3451 4380 facere
3475 4320 3566 4380 ci—

1927 4403 2090 4465 bum.
2124 4403 2267 4463 Nam
2319 4405 2719 4467 amarissiinas
2767 4407 3144 4486 projiciamus
3193 4408 3564 4488 colocynthi-

1927 4493 2052 4563 das,
2088 4501 2144 4552 et
2174 4492 2484 4553 melliﬂuas
2531 4513 2635 4574 pro
2685 4495 2800 4555 illis
2849 4496 3185 4557 inseramus
3232 4497 3469 4576 herbas,
3504 4505 3568 4557 ut

1927 4581 2082 4643 sicut
2110 4581 2331 4644 indocti
2362 4584 2683 4661 scriptores
2718 4584 2790 4644 de
2819 4583 2970 4646 bono
3012 4586 3288 4645 fecerunt
3320 4586 3562 4658 malum,

1931 4670 2019 4731 sic
2050 4679 2106 4732 et
2137 4689 2244 4731 nos
2275 4671 2352 4732 de
2383 4672 2533 4732 malo
2563 4675 2820 4734 nitamur
2862 4674 3058 4736 facere
3102 4673 3348 4748 bonum,
3384 4673 3569 4754 ipsius

1930 4758 2060 4820 fulti
2090 4759 2402 4834 levamine,
2435 4759 2565 4821 sine
2595 4779 2710 4841 quo
2740 4761 2888 4823 nihil
2923 4781 3236 4843 possumus
3265 4761 3484 4824 facere.

2184 4849 2455 4929 Emplicz‘t
2485 4853 2797 4929 prologus,
2834 4853 3053 4930 incipit
3075 4852 3308 4931 passio.

2013 4936 2177 5018 Saepe
2200 4938 2397 5000 divina
2418 4939 2736 5002 consuevit
2757 4940 3363 5003 clementiaintenera
3375 4939 3568 5002 adhuc

1927 5044 2221 5107 parvaque
2252 5036 2446 5110 aetate,
2471 5037 2578 5091 etc.

1931 5187 2150 5249 Julium
2172 5185 2470 5250 Valerium
2489 5189 2736 5270 primam
2755 5208 2994 5274 quoque
3015 5193 3216 5254 sedem
3243 5189 3304 5250 in
3325 5191 3572 5271 periodo

1933 5277 2202 5351 occupat.
