3966 6148
459 320 572 384 175
1836 319 1978 382 LEO
2009 319 2025 382 l

2259 319 2456 383 YTER
3712 314 3825 386 176

1776 639 2515 749 MONITUM.

1575 875 1724 946 (MAI,
1756 872 1999 944 Spicilege
2027 872 2176 928 Rom.
2225 879 2344 926 tom.
2379 873 2435 940 V,
2473 891 2520 946 p.
2555 871 2698 941 153).

529 1220 750 1283 Leonis
779 1221 1004 1294 clerici,
1041 1221 1230 1303 patria
1257 1223 1533 1295 Romani,
1561 1221 1851 1300 dignitate
1875 1220 2224 1302 presbyteri,
2246 1219 2554 1302 prologum
2579 1218 2877 1281 eruditum
2909 1221 2967 1281 in
3001 1221 3115 1281 hoc
3143 1217 3460 1300 Spicilegio
3470 1219 3596 1298 jam
3618 1219 3827 1282 edidi--

447 1327 580 1371 mus
607 1325 649 1372 Ι.
683 1307 782 1383 IV,
811 1309 915 1372 ubi
943 1310 1093 1391 ipse,
1131 1330 1261 1392 pag.
1296 1312 1414 1374 292
1453 1311 1776 1372 titularium
1800 1330 1865 1370 se
1887 1308 2146 1388 appellat
2177 1311 2239 1370 S.
2281 1306 2544 1387 Respicii
2569 1307 2886 1387 martyriis,
2916 1308 2992 1370 de
3016 1309 3188 1388 cujus
3215 1307 3458 1388 antiqua
3479 1307 3740 1370 ecclesia
3767 1316 3826 1370 et

445 1414 614 1461 sacra
640 1399 896 1461 statione
914 1399 1177 1481 loquitur
1200 1400 1446 1462 Carolus
1470 1399 1667 1462 Barth.
1690 1397 1890 1460 Platea
1921 1399 1977 1458 in
2003 1395 2418 1474 Hemerologio
2442 1393 2729 1468 Romano,
2764 1415 2822 1476 p.
2847 1399 2988 1460 6'72.
3023 1396 3183 1458 Nihil
3215 1406 3412 1459 tamen
3434 1415 3542 1457 nos
3564 1396 3827 1459 diximus

444 1485 505 1546 in
530 1487 809 1567 praedicto
832 1495 990 1549 tomo
1017 1488 1092 1550 de
1112 1489 1229 1550 Leo
1254 1507 1319 1549 se
1346 1488 1781 1550 Theodoricum
1831 1487 2188 1547 monachum
2233 1483 2615 1566 peregrinum
2655 1493 2711 1545 et
2736 1487 3036 1547 inﬁrmum
3075 1485 3335 1567 hospitio
3357 1487 3688 1565 recepisse,
3711 1485 3826 1549 ha-

445 1572 657 1638 bemus
671 1576 794 1656 jam
819 1577 1186 1657 exploratum
1216 1577 1433 1639 Leonis
1456 1595 1640 1638 aevum
1669 1594 1682 1638 :
1717 1575 1935 1637 etenim
1961 1573 2370 1635 Theodoricus
2395 1571 2520 1653 (qui
2551 1571 2660 1632 fuit
2690 1574 2878 1652 patria
2909 1574 3279 1636 Trevirensis
3311 1581 3369 1635 et
3402 1573 3610 1636 morbo
3633 1575 3827 1655 poda-

443 1663 660 1742 gricus)
714 1668 1087 1728 monachatui
1141 1685 1204 1728 se
1235 1685 1453 1728 nomen
1485 1665 1720 1727 dedisse
1743 1683 1899 1724 anno
1932 1663 2148 1726 Christi
2202 1662 2377 1737 1006,
2435 1669 2640 1723 narrat
2686 1680 2791 1722 ore
2841 1665 3081 1744 proprio
3125 1664 3282 1744 apud
3339 1663 3730 1726 Mabilonium
3762 1665 3826 1726 in

440 1753 772 1816 Annalibus
806 1755 1030 1817 Bmed.
1069 1763 1110 1816 t.
1142 1753 1238 1835 IV,
1278 1774 1334 1835 p.
1374 1756 1531 1831 1'74;
1581 1772 1700 1835 quo
1737 1753 1868 1814 loco
1918 1752 2103 1811 miror
2145 1750 2477 1813 Maurinum
2530 1749 2940 1814 doctissimum
2989 1751 3081 1812 vix
3133 1771 3310 1813 unam
3343 1770 3824 1815 commemorare

439 1841 794 1903 Theodorici
814 1841 1396 1904 lucubratiunculam
1419 1843 1494 1904 de
1517 1843 1634 1904 vita
1666 1850 1724 1904 et
1755 1839 2059 1902 miraculis
2092 1836 2149 1900 S.
2173 1838 2331 1900 Celsi
2353 1838 2645 1919 episcopi,
2669 1857 2802 1899 cum
2822 1839 2975 1918 apud
3001 1859 3108 1901 nos
3131 1840 3258 1902 loco
3285 1841 3566 1921 praedicto
3592 1849 3672 1904 tot
3704 1843 3826 1906 alia

441 1927 558 1989 Leo
591 1930 1285 1993 enumeretThcodorici
1331 1933 1594 2012 scripta;
1646 1929 1863 2011 quibus
1910 1928 2062 1989 adde
2119 1926 2221 1989 illa
2249 1945 2380 2007 quae
2436 1935 2714 1988 recenset
2767 1926 3149 2002 Trithemius,
3205 1929 3468 2002 itemque
3499 1931 3824 1994 Bollandus

441 2024 484 2078 t.
518 2015 618 2092 Ill,
653 2019 840 2080 Martii
873 2019 971 2080 die
999 2024 1096 2089 2t,
1134 2039 1194 2100 p.
1232 2020 1345 2082 199
1374 2028 1432 2082 et
1459 2019 1600 2096 200,
1627 2025 1892 2100 quorum
1928 2015 2215 2077 nonnulla
2245 2015 2306 2076 in
2341 2013 2644 2077 Vaticanis
2676 2035 2910 2097 quoque
2940 2017 3251 2080 codicibus
3275 2027 3727 2082 conservantur.

516 2107 686 2167 Nunc
716 2124 786 2169 ac
812 2110 1064 2170 Leonem
1093 2117 1158 2170 ut
1186 2109 1452 2191 redeam,
1478 2127 1683 2170 novam
1708 2108 1838 2187 ejus
1863 2105 2062 2186 aspexi
2117 2105 2178 2166 in
2209 2104 2432 2183 regina;
2471 2103 2670 2167 Svecae
2708 2106 2914 2168 codice
2955 2107 3459 2182 lucubrationem,
3481 2109 3660 2170 vitam
3695 2109 3822 2172 sci-

437 2193 576 2255 licet
604 2192 665 2256 S.
698 2196 946 2258 Joannis
976 2197 1402 2278 Chrysostomi,
1453 2216 1626 2278 quam
1673 2215 1780 2276 ego
1813 2194 2081 2256 lectitans
2107 2195 2298 2254 statim
2334 2193 2622 2273 comperi,
2677 2212 2804 2255 eam
2854 2194 2928 2255 de
2960 2194 3163 2258 Graeco
3195 2197 3595 2277 Metaphraste
3625 2197 3820 2278 potis-

429 2282 647 2344 simum
677 2303 711 2343 a
745 2283 942 2346 Leone
965 2285 1218 2365 ejusque
1247 2285 1516 2366 adjutore
1542 2283 1972 2364 ChristOphore
2004 2280 2567 2342 fuissederivantam
2597 2301 2763 2362 ;qu.'e
2780 2302 2911 2344 cum
2939 2284 3094 2362 apud
3119 2283 3356 2346 Surium
3371 2293 3558 2348 exstet
3576 2285 3812 2364 Latine,

430 2371 539 2430 etsi
571 2370 703 2432 aliis
733 2372 958 2444 verbis,
991 2373 1284 2435 nihilerat
1313 2391 1526 2448 causae,
1560 2392 1667 2434 cur
1701 2371 1915 2435 Leonis
1946 2368 2431 2449 compilationem
2492 2369 2552 2430 in
2585 2372 2792 2450 vulgus
2822 2371 3183 2434 amitterem.
3220 2373 3389 2435 Hunc
3415 2374 3563 2436 adeo
3596 2375 3820 2438 verbo-

425 2457 649 2545 riorem
683 2477 916 2540 quoque
947 2460 1110 2523 illam
1143 2461 1450 2542 multoque
1504 2460 1888 2540 prolixiorem
1921 2457 2320 2545 Chrysostomi
2352 2457 2684 2540 historiam,
2728 2478 2900 2540 quam
2954 2480 2987 2522 a
3033 2458 3454 2543 Christophoro
3484 2463 3820 2545 interprete

433 2544 544 2606 sibi
565 2545 843 2608 exibitam
878 2548 1021 2610 dicit
1049 2549 1191 2626 Leo,
1221 2549 1281 2610 in
1312 2549 1427 2611 alio
1457 2549 1745 2611 Vaticano
1777 2547 1984 2609 codice
2015 2543 2260 2620 otl'endi,
2293 2563 2468 2624 quam
2488 2545 2632 2608 item
2656 2547 2927 2609 consulto
2957 2551 3332 2628 praatermisi.
3355 2549 3540 2631 Igitur
3571 2543 3815 2615 exinni-

430 2651 600 2722 versa
625 2636 843 2722 Leonis
888 2637 1303 2701 incubratione
1341 2637 1647 2718 prologum
1693 2634 2102 2697 tantummodo
2144 2633 2460 2722 ineditum,
2485 2655 2590 2698 seu
2613 2635 2808 2717 potius
2833 2639 3106 2718 prmviam
3131 2640 3202 2701 ad
3225 2641 3543 2721 quemdam
3577 2641 3810 2722 Lupum

429 2720 738 2810 epistolam
766 2725 1008 2801 retinui,
1034 2726 1268 2806 adjecta
1293 2726 1470 2788 etiam
1510 2724 1684 2786 brevi
1727 2724 1924 2804 operis
1967 2721 2252 2784 clausula.
2300 2724 2454 2786 Sane
2492 2725 2632 2806 quia
2653 2725 2855 2787 Romae
2874 2746 3098 2801 versor,
3125 2737 3182 2790 et
3212 2720 3352 2810 quia
3385 2731 3634 2792 Romani
3659 2720 3818 2794 cleri

428 2809 638 2898 studiis
667 2813 935 2892 apprime
966 2813 1155 2890 faveo,
1188 2813 1339 2875 hanc
1369 2811 1622 2873 Romani
1657 2811 1882 2884 clerici,
1939 2811 2224 2872 hactenus
2251 2819 2316 2871 ut
2367 2821 2505 2892 puto
2538 2813 2847 2894 incogniti,
2885 2823 2944 2878 et
2975 2816 3160 2880 notita
3189 2809 3248 2880 et
3276 2817 3616 2898 religiosam
3649 2821 3815 2883 scri-

427 2897 795 2979 ptiuneulam
829 2901 1141 2964 celandam
1175 2921 1294 2964 non
1321 2899 1605 2982 judicavi.

1101 3212 1788 3390 1.130le
1921 3090 3134 3394 PRESBYTERI

1920 3489 2316 3553 PROLOGUS

748 3651 894 3758 IN
965 3649 1402 3752 VITAM
1469 3647 1574 3750 S.
1645 3646 2269 3759 JOANNIS
2336 3647 3450 3762 CHRYSOSTOMI.

503 4035 702 4098 Sacrae
728 4033 1026 4113 dignitatis
1071 4033 1286 4094 summi
1323 4031 1764 4112 presbyteratus
1801 4029 2334 4094 culmineAtulum
2366 4033 2890 4115 interpretaretur;
2944 4044 3003 4097 et
3043 4053 3152 4116 ego
3203 4035 3279 4098 ob
3311 4055 3502 4101 meam
3544 4040 3802 4107 nimiam

419 4123 735 4213 sublimato
765 4124 914 4204 viro,
970 4122 1266 4213 quondam
1297 4121 1530 4213 Juliano
1563 4138 1723 4213 nunc
1752 4118 1914 4200 Lupo
1945 4139 2058 4182 no-
2139 4135 2470 4188 exstantem
2499 4127 2879 4208 imperitiam,
2934 4129 3030 4190 his
3058 4128 3282 4192 eriduri
3336 4139 3400 4193 ut
3431 4149 3804 4213 congrueret

413 4212 574 4274 mine
604 4232 744 4301 non
795 4213 1002 4301 iniquo
1044 4218 1200 4301 actu,
1241 4212 1352 4301 Leo
1379 4207 1491 4301 qui
1533 4216 1594 4270 et
1641 4210 1900 4301 Joannes
1949 4228 2056 4301 co-
2137 4215 2558 4297 nequidquam.
2592 4207 2706 4278 Sed
2741 4217 2976 4280 tandem
3025 4217 3082 4280 vi
3118 4218 3316 4281 divina
3351 4207 3805 4301 quodammodo

419 4298 916 4393 gnomineinfeliif
936 4297 1229 4393 exsistens
1248 4298 1574 4393 clericusa
1599 4297 1788 4378 prima
1809 4298 2060 4362 infantia
2140 4314 2408 4393 cogente,
2445 4314 2504 4367 et
2545 4305 2871 4386 propriam,
2923 4315 2988 4368 ut
3034 4306 3246 4370 beatus
3282 4297 3644 4389 Augustinus
3683 4316 3798 4393 ait,

422 4386 622 4449 divino
639 4387 870 4468 judicio
902 4385 1394 4477 luminevisibilii
1426 4404 1658 4464 carens,
1693 4405 1761 4449 ex
1795 4394 1911 4450 toto
1943 4405 2054 4468 pe-
2141 4385 2460 4456 exhibente
2489 4385 2913 4473 dignationem,
2965 4414 3034 4458 ac
3065 4385 3800 4477 praebente'occasionern

415 4494 665 4576 rennem
693 4485 858 4558 optat
887 4479 958 4576 in.
979 4474 1230 4539 DOmino
1252 4475 1534 4576 _salltlef_l-
1707 4572 1715 4576 Δ
1830 4564 1899 4576 Η
2140 4494 2358 4566 aptam,
2419 4487 2802 4576 precantibus
2857 4488 3022 4553 vobis
3066 4474 3307 4570 praebui
3356 4511 3662 4556 assensum
3727 4508 3803 4560 et

492 4565 770 4658 Actiones
784 4565 1228 4658 passionesquc
1252 4563 1408 4658 beati
1442 4564 1846 4658 Chrysostonﬁ
1871 4567 2050 4658 Joanj
2135 4563 2309 4654 prout
2337 4563 2493 4655 quivi
2524 4575 2722 4637 verbis
2751 4563 3160 4658 interpretatis
3189 4597 3259 4641 ex
3304 4581 3494 4645 tribus
3529 4583 3803 4646 volumi-

412 4652 505 4715 nis
526 4651 599 4716 ab
622 4653 861 4748 exordio
886 4671 1072 4748 usque
1110 4653 1182 4713 ad
1217 4651 1558 4748 ξθτῐηίηυῐη,
1585 4653 1717 4714 Vita}
1757 4654 1910 4748 (illis;
1945 4653 2049 4715 38d
2135 4651 2312 4724 nibus
2342 4651 2524 4724 multo
2558 4673 2829 4744 tempore
2858 4651 3074 4746 capere
3104 4685 3173 4728 ea
3193 4667 3409 4748 quibus
3441 4671 3652 4734 instrui
3685 4692 3802 4734 ar-

410 4749 468 4840 et
496 4741 894 4840 post-obitum
947 4741 1134 4840 ipsius
1179 4741 1474 4822 aliquanta
1502 4741 1719 4840 Ade_eo
1767 4745 1944 4840 facta,
1979 4761 2048 4840 ex
2131 4751 2343 4813 denter
2371 4741 2781 4832 cupiebamus,
2825 4741 3093 4816 libellum
3143 4741 3228 4818 ex-
3246 4757 3336 4820 eis
3363 4760 3628 4840 quamvis
3667 4760 3805 4824 im-

406 4828 609 4892 Graeco
641 4832 700 4892 in
740 4831 977 4892 latinam
1025 4830 1287 4908 lingc,=am
1331 4830 1661 4912 transferri,
1705 4831 1846 4892 satis
1875 4833 2048 4894 anxie
2130 4840 2318 4918 perito
2354 4828 2630 4904 sermone
2661 4842 2971 4905 contexui.
3006 4845 3174 4915 Quod
3207 4863 3345 4907 vero
3374 4828 3448 4908 ne
3488 4847 3808 4916 accideret.

403 4919 686 5011 quaesisti,
718 4939 854 5011 quae
885 4928 946 4984 et
977 4938 1105 5011 ego,
1127 4938 1303 4980 nosse
1341 4939 1474 5011 cum
1507 4919 1843 5011 innumeris
1877 4920 2044 5011 sitie-
2126 4928 2602 5002 formidaveram,
2627 4930 3305 5011 acciditteperﬁciente.
3329 4934 3516 5007 Quam
3535 4935 3610 4998 ob
3652 4956 3804 5003 rem

401 5005 560 5071 bam.
619 5008 734 5071 Sed
784 5010 1050 5091 quamvis
1097 5010 1219 5102 haec
1277 5008 1430 5070 scire
1478 5008 1778 5102 vobiscum
1836 5010 2044 5071 avidus
2126 5017 2351 5096 praefati
2383 5018 2731 5099 interpretis
2763 5005 3174 5102 Christophori
3201 5005 3432 5086 scilicet
3468 5030 3808 5092 reverendi

400 5115 620 5195 essem,
657 5117 726 5160 ea
759 5107 953 5161 tamen
979 5098 1298 5195 transferre
1321 5105 1377 5159 te
1407 5097 1616 5160 crebro
1645 5117 1675 5158 a
1708 5118 1802 5195 me
1831 5109 2037 5178 postu-
2123 5106 2448 5167 sacerdotis
2482 5097 2588 5186 per
2619 5116 2810 5169 totum
2839 5097 3118 5172 volumen
3149 5130 3282 5173 cum
3317 5113 3464 5174 illud
3507 5113 3801 5195 ederem,

396 5189 578 5266 lante,
611 5201 669 5252 et
694 5192 968 5273 plurimis
1001 5193 1113 5253 hoc
1139 5191 1268 5252 ﬁeri
1299 5209 1458 5253 ame
1480 5190 1894 5281 poscentibus,
1931 5211 2034 5271 pro
2116 5194 2317 5256 addidi
2367 5213 2438 5257 ex
2495 5205 2696 5258 mente
2753 5205 2811 5259 et
2871 5197 3101 5261 ratione
3161 5200 3397 5281 propria
3459 5189 3804 5270 innumera

396 5298 490 5342 me
519 5281 816 5378 imperitia
845 5299 1268 5378 nequanquarn
1288 5279 1636 5359 gaudebam.
1662 5279 1725 5340 Id
1747 5280 1906 5378 enim
1930 5299 2034 5378 .me
2054 5319 2099 5378 B
2117 5282 2297 5344 verba
2325 5302 2458 5364 qua;
2486 5303 2750 5364 congrua
2804 5286 2951 5347 mihi
2999 5287 3122 5350 visa
3162 5279 3304 5351 eunt
3333 5289 3406 5351 ad
3447 5309 3798 5359 ornamen-

391 5385 570 5446 agere
617 5370 900 5461 idoneum
949 5371 1192 5461 minime
1239 5369 1369 5429 fore
1406 5387 1742 5461 noveram.”
1770 5367 2486 5461 Verebar"tum_favoris
2513 5372 2621 5434 Dei
2668 5375 2980 5455 sanctique
3030 5377 3296 5453 Joannis,
3351 5387 3412 5441 et
3440 5379 3513 5440 ad
3553 5379 3801 5461 depre-

399 5474 634 5538 quoque
668 5477 745 5521 ne
778 5458 928 5548 forte
958 5458 1278 5548 interpres,
1313 5475 1644 5538 quanquam
1687 5458 1944 5548 disertus
1977 5469 2035 5520 et.
2117 5459 2370 5548 candum
2403 5463 2703 5534 eumdem,
2742 5482 2811 5526 ac
2844 5463 3290 5545 vituperandam
3327 5458 3798 5548 imperatricem

397 5547 658 5641 prudens
683 5566 752 5610 ac
783 5547 996 5641 loquax
1015 5548 1188 5641 foret,
1218 5545 1478 5641 humana
1511 5557 1704 5641 tamen
1721 5545 2033 5641 oblivione
2115 5547 2628 5641 hujusiuimicam.
2663 5550 2928 5641 Plurima
2954 5562 3152 5617 tamen
3174 5573 3308 5636 quae
3330 5545 3801 5641 ab'interprete

393 5633 644 5714 quadam
696 5635 1077 5718 praepeditus,
1133 5635 1261 5697 haec
1291 5633 1543 5698 obscure
1591 5635 1738 5698 mihi
1767 5634 2034 5718 aliquan-
2115 5637 2190 5700 ad
2216 5636 2457 5718 plenum
2487 5649 2553 5701 ut
2579 5657 2644 5702 se
2686 5639 2915 5705 habent
2940 5642 3103 5709 dicta
3131 5633 3290 5725 sunt,
3323 5655 3567 5730 propter
3602 5633 3795 5714 Iasti—
