4068 6112
464 366 576 430 179

458 588 775 652 absurdam
798 605 930 649 esse
952 594 1231 667 reputans
1263 603 1467 647 servus
1491 592 1644 663 tuus,
1670 602 1848 644 ausus
1870 601 1999 644 sum
2023 580 2095 642 ad

462 687 517 741 te
548 677 841 740 scribere.

459 797 827 876 Responsum
859 794 1072 857 Leonis
1124 794 1523 856 Grammatici
1570 799 1630 854 el
1662 791 2101 872 archiepiscopi

1118 881 1451 945 Calabriw.

542 1004 659 1065 Leo
700 997 964 1072 humilis,
1015 997 1457 1076 grammaticus,
1508 1002 1566 1056 et
1614 993 2099 1076 archiepiscopus

460 1089 765 1166 Calabrize,
826 1086 1033 1150 Joanni
1065 1084 1353 1165 spirituali
1389 1083 1574 1157 fratri,
1626 1085 1695 1144 ad
1749 1082 1977 1144 domini
2007 1101 2100 1144 sa-

458 1179 707 1243 cerdoti;

538 1268 594 1332 Is
625 1268 726 1349 qui
780 1265 1035 1347 puellam
1079 1262 1365 1342 virginem
1423 1261 1482 1322 in
1538 1278 1812 1341 sponsam
1844 1259 2095 1339 accepit,

460 1359 617 1421 sicut
666 1354 949 1435 sripsisti,
992 1360 1193 1413 sancte
1235 1350 1341 1424 ﬁli,
1377 1358 1434 1411 et
1458 1360 1763 1431 postquam
1794 1349 2097 1411 ordinatus

460 1445 657 1519 fuerit,
688 1444 809 1506 vult
859 1461 989 1503 eam
1040 1439 1434 1517 devirginare,
1487 1438 1631 1499 nihil
1666 1437 1825 1499 aliud
1858 1438 2099 1499 exhibet

462 1553 638 1616 quam
670 1550 734 1594 se
748 1531 1047 1593 occultum
1067 1529 1512 1606 fornicatorem,
1540 1528 1630 1588 vel
1657 1546 1899 1616 uxorem
1931 1546 2096 1588 suam

460 1615 797 1704 s’uspectam
831 1629 893 1679 ut
915 1627 1087 1680 antea
1116 1625 1577 1697 constupratam.
1624 1615 1695 1676 Et
1732 1616 1781 1677 si
1810 1617 1938 1697 ipse
1963 1616 2098 1696 qui-

462 1713 596 1775 dem
610 1710 848 1774 Ghristo
866 1707 1163 1788 pollicitus
1181 1715 1267 1767 est
1281 1724 1345 1766 se
1359 1705 1416 1766 in
1435 1704 1767 1784 virginitate
1782 1705 2093 1778 victurum,

1680 361 2143 424 EPIPHANIUS
2183 359 2598 425 MONACHUS

457 499 728 579 virginet.
764 497 1058 578 Anitaque
1078 496 1344 572 idliceat,
1362 493 1745 558 mihiindic-a.
1770 493 1917 556 Rem
1939 492 2097 556 enim

2196 492 2417 550 >οτονίαν
2519 490 2918 579 ἐκπαρθενεῦσαι
3015 489 3201 560 αὖτήν.

3704 350 3822 419 180

3310 491 3367 545 Et
3474 485 3561 542 οὖν
3657 477 3822 544 ἔξεστι

2178 563 2356 648 ίεοῦτο,
2408 563 2668 649 δήλωσόῖ
2706 600 2816 653 μοι,
2883 563 3107 635 Ἄτοπον
3154 578 3253 657 γὰρ
3304 577 3429 633 αὔτὸ
3477 571 3822 652 γολισάμενος

2182 670 2322 726 εἶναι
2353 667 2535 732 δοῦλός
2565 691 2681 744 σου,
2711 667 2984 743 ἐτόλμησα
3015 667 3214 747 γράψαι
3244 689 3351 727 σοι,

2184 792 2545 872 Ἀντίγραμμα
2586 791 2809 854 Λέοντος
2852 795 3226 869 γραμματικοῦ
3270 790 3357 846 καὶ
3408 784 3827 868 ἀρχιεπισκὸπου

2844 876 3140 958 Καλαϐρίας
3151 921 3165 937 .

2260 992 2405 1050 Λέων
2462 994 2490 1049 ὁ
2542 991 2787 1052 ταπεινὸς
2863 991 3253 1068 γραμματικὸς,
3330 989 3417 1045 καὶ
3483 984 3827 1066 ἀρχιεπίσκο·

2180 1105 2278 1146 πος
2347 1077 2665 1159 Καλαϐρίας,
2748 1075 2969 1153 Ἰωάννῃ
3049 1085 3126 1151 τῷ
3200 1082 3541 1152 πνευματικῴ
3599 1072 3827 1149 ἀδελγῷν

2179 1173 2267 1228 καὶ
2291 1174 2424 1249 ἱερεῖ
2454 1168 2665 1247 Κυρίου.

2260 1260 2320 1316 Ὀ
2342 1246 2350 1249 ﬁ
2376 1246 2632 1337 παρθένον
2686 1254 2849 1335 κόρην
2927 1255 3291 1333 ὁρμασὰμενος
3365 1252 3479 1333 (2),
3553 1251 3686 1310 καθὰ
3744 1246 3833 1325 γέ-

2180 1369 2405 1427 γραφας,
2465 1345 2647 1401 τέκνον
2720 1343 2896 1422 ιὶίγιον³
2969 1343 3056 1399 καὶ
3131 1344 3265 1421 μετὰ
3318 1344 3416 1410 τὴν
3476 1337 3831 1422 χειροτονίαν,

2178 1426 2371 1502 ταῦνην
2427 1437 2828 1514 ἑκπαρθενεῦσαι
2903 1432 3246 1509 βουλόμενος,
3326 1430 3472 1487 οὒδὲν
3540 1429 3719 1508 ἕτερον
3796 1426 3832 1491 ἢ

2179 1524 2530 1602 κλεψίγαμον,
2588 1524 2772 1579 ἑαυτὸν
2824 1520 3162 1599 παρίστησιν,
3247 1520 3282 1587 ἢ
3336 1522 3435 1587 τὴν
3498 1521 3682 1575 ἑαυτοῦ
3743 1538 3834 1592 γ.)-

2181 1628 2340 1672 νατκα
2394 1610 2649 1683 ὕποπτον,
2708 1613 2781 1673 ὡς
2838 1612 3436 1688 προεκπορνευσθεῖσαν,
3494 1609 3591 1665 Καὶ
3637 1607 3683 1662 εἰ
3737 1605 3835 1680 μὲν

2184 1707 2391 1781 Χριστῷ
2444 1699 2683 1757 συνέθετο
2733 1697 3063 1777 παρθενεύειν
3134 1696 3313 1770 αὒτὸς,
3386 1717 3465 1759 τις
3523 1694 3678 1776 χρεία
3735 1698 3835 1758 τῆς

460 1801 602 1882 quid
626 1781 880 1860 necesse.
893 1796 1003 1858 fuit
1022 1815 1155 1857 cum
1175 1795 1402 1872 virgine
1424 1781 1686 1872 copulari
1702 1793 1727 1855 ἲ
1746 1792 1893 1854 Nam
1920 1794 2097 1854 etiam

2196 1792 2307 1869 πρὸς
2386 1788 2638 1867 παρθένον
2707 1786 2849 1860 αὒτῴ
2922 1784 3251 1864 συναφείαςς
3317 1786 3411 1841 Καὶ
3486 1784 3652 1864 χωρὶς
3737 1781 3837 1859 γὰρ

461 1866 685 1969 absque
705 1885 978 1961 muliere,
1007 1892 1240 1962 poterat
1265 1866 1423 1962 virgo
1446 1866 1697 1943 manens
1726 1882 2097 1943 ordinatione

2196 1866 2471 1955 (suum,
2542 1874 2767 1944 ἠδύνατο
2852 1873 3180 1952 παρθενεύων
3265 1872 3592 1953 χειροτονίας
3680 1869 3837 1933 ἀξιω-

461 1962 694 2048 donari,
721 1973 822 2037 Sin
844 1992 983 2034 vero
1011 1980 1255 2052 propter
1275 1980 1484 2032 nature
1506 1969 1974 2031 imbecillitatem
2003 1978 2095 2031 at-

2196 1971 2353 2033 ιῖιναι,
2412 1967 2469 2023 Ei
2526 1964 2580 2020 δὲ
2632 1962 2717 2020 διὰ
2770 1964 2831 2019 τὸ
2888 1967 2984 2029 τῆς
3067 1962 3271 2041 φύσεως
3330 1962 3542 2023 ἀσθενὲς
3598 1962 3685 2016 καὶ

460 2084 575 2147 que
594 2064 912 2125 affectuum
942 2049 1326 2122 incoercibile
1354 2079 1587 2136 agmen,
1609 2059 1769 2119 illam
1784 2058 2097 2138 sibijunxit

2196 2054 2545 2133 ἱκατάσχετον
2622 2051 2785 2127 ἐσμὸν
2838 2056 2942 2106 τῶν
3000 2053 3203 2130 παθῶν,
3261 2052 3545 2129 ὡρμάσατο
3603 2049 3831 2115 ταύτην,

461 2137 627 2237 prius
655 2170 789 2216 cum
822 2169 892 2212 ea
920 2149 1182 2227 legitime
1214 2147 1587 2226 concumbat,
1615 2166 1683 2237 ac
1705 2137 1923 2208 deinde
1941 2147 2097 2209 ordi-

2196 2143 2497 2222 τυγγινὲσθω
2542 2142 2791 2221 πρότερον
2822 2140 2984 2206 αὒτὴν
3040 2137 3171 2217 [109.
3224 2140 3385 2219 αὗτῇ]
3435 2138 3693 2214 νομίμως,
3751 2137 3839 2192 καὶ

461 2226 658 2306 betur.
684 2239 948 2302 Mulieris
968 2226 1127 2299 enim
1149 2238 1434 2315 patefacta
1455 2236 1807 2315 virginitate,
1826 2244 2097 2316 tanquam

2196 2233 2303 2289 τότε
2367 2233 2789 2311 χειροτονείσθω.
2879 2226 3188 2297 Καταδήλου
3275 2230 3375 2308 γὰρ
3458 2234 3553 2294 τῆς
3637 2229 3835 2305 παρθε-

464 2332 640 2394 unius
670 2329 868 2392 uxoris
896 2327 1007 2400 vir,
1041 2326 1111 2388 ad
1145 2326 1461 2389 sacerdotii
1492 2324 2097 2387 formidabilissimnm

2196 2323 2297 2384 νίας
2354 2321 2518 2387 αὐτῆς
2576 2318 2887 2400 γινομένης,
2948 2320 3020 2381 ὡς
3079 2324 3204 2392 μιᾶς
3253 2319 3501 2396 γυναικὸς
3551 2316 3706 2395 ἀνὴρ,
3764 2316 3838 2376 εἷς

464 2421 720 2502 gradum
754 2416 1218 2500 promovebitur.

2196 2412 2277 2466 τὸν
2332 2413 2430 2475 τῆς
2485 2409 2771 2488 ἱερωσύνης
2849 2403 3265 2485 φρικωδέστατον
3342 2407 3542 2482 βαθμὸν
3597 2404 3841 2483 ἀναχθή-

2188 2520 2359 2557 σεται.
3382 2518 3385 2525 ’

3746 1960 3836 2015 τὸν

548 2685 630 2767 (2)
696 2677 1110 2767 Ὀρμασάμενος.
1172 2681 1280 2743 Lst
1336 2685 1689 2767 ὁρμάς-ασθαι-
1716 2680 2097 2767 (lesppndere,

2196 2672 2648 2767 Apudeumdem
2668 2672 3062 2767 Epiphanium
3089 2677 3176 2767 De
3201 2673 3490 2767 laudatus
3518 2670 3829 2767 θείμαν-ω,

463 2753 852 2842 cuin'sponsa
880 2753 1130 2842 naptins
1159 2753 1554 2842 contrahere,
1584 2753 1950 2842 Epiphanius
1979 2760 2097 2820 hae-

2196 2753 2337 2837 ίίΠ,
2371 2776 2431 2838 p.
2464 2755 2636 2842 99:).L
2657 2753 2940 2834 ὡρμᾶσατο
2983 2757 3081 2842 τὴν
3136 2754 3388 2842 Παρθένον
3438 2756 3511 2816 εἷς
3559 2753 3646 2842 τον
3678 2772 3841 2840 μονο-

463 2784 602 2830 cum
703 2782 852 2826 ansa
880 2782 1130 2842 nupuus
1159 2782 1527 2824 contrahere.
1586 2782 1950 2842 npipnamus
1981 2782 2097 2820 nae-

463 2845 584 2908 resi
618 2782 716 2918 ig,
753 2855 816 2904 n°
849 2842 942 2917 l3,
975 2842 1051 2904 de
1080 2841 1258 2904 Maria
1279 2849 1341 2904 et
1362 2841 1645 2922 Josepbo,
1670 2843 1772 2897 ἀπὸ
1792 2852 1883 2900 τοῦ
1913 2842 2097 2920 ὀρμασ-

2196 2782 2231 2819 Ι..
2265 2782 2337 2837 ιι,
2371 2782 2431 2838 p.
2464 2782 2608 2828 23:1,
2657 2782 2940 2834 ωρμασατο
2983 2782 3081 2822 την
3137 2782 3388 2812 ιιαουενον
3438 2782 3511 2816 εις
3559 2782 3646 2807 τυν
3678 2782 3840 2826 μυνυ-

2196 2844 2319 2922 χενῇ
2352 2838 2468 2922 ι’ἱόν
2525 2851 2538 2865 ’
2598 2835 2773 2897 Pater
2801 2835 3123 2915 despondit
3172 2811 3336 2896 Filio
3365 2850 3475 2895 suo
3505 2830 3840 2912 uizigenilo

460 2932 616 2994 θῆναι
644 2925 807 2992 αὐτὴν
837 2927 1002 2998 αὐτῷ,
1037 2939 1104 2984 eo
1136 2922 1292 3001 quod
1321 2922 1435 2985 illa
1466 2918 1521 2985 ei
1549 2922 1901 3000 desponsata
1933 2918 2086 2982 esset

2203 2918 2529 2998 Virginem.

455 3165 3848 3196 ΜΨ*

1847 3323 2006 3371 ΔΝΝο
2048 3321 2255 3370 DOMINI
2298 3322 2451 3370 MXV.

933 3502 2094 3651 EPIPHANIUS
2252 3500 3371 3646 MONACHUS.

1902 3806 2391 3953 NOTI:I‘IA.

741 4058 1011 4118 Auctore
1040 4056 1277 4117 Joanne
1307 4048 1555 4132 Aloysio
1585 4046 2000 4129 Mingarellio,
2033 4045 2202 4128 apud
2232 4043 2634 4110 Amadutium
2662 4045 2963 4109 Anecdot.
2999 4044 3215 4121 littera,
3253 4050 3399 4108 tom.
3436 4045 3542 4105 IIl.

459 4463 867 4531 Illustrissimo
897 4482 967 4526 ac
992 4460 1492 4526 reverendissimo
1525 4460 1759 4543 praesuli
1789 4459 2090 4543 Stephano
2113 4462 2357 4543 Bargiaa,
2378 4480 2561 4526 sacrae
2579 4480 2782 4543 congr.
2811 4460 2889 4525 de
2915 4461 3293 4543 propaganda
3326 4462 3469 4526 Fide
3497 4481 3529 4527 a
3558 4465 3837 4541 secretis,

1505 4541 1573 4602 D.
1607 4541 1866 4605 Joannes
1897 4542 2169 4623 Aloysius
2197 4541 2597 4623 Mingarellius
2625 4541 2791 4606 S.‘D.

541 4653 741 4736 Optas,
776 4650 1132 4714 erudissime
1162 4650 1397 4731 praesul,
1433 4669 1537 4731 pro
1562 4657 1659 4712 tua
1686 4650 1747 4711 in
1778 4669 1874 4712 me
1904 4648 2293 4731 benignitate,
2326 4648 2708 4731 maximoque
2740 4649 2802 4711 in
2818 4649 3046 4712 litteras
3075 4667 3300 4726 amore,
3336 4658 3400 4714 ut
3425 4659 3713 4714 vetustum
3737 4652 3847 4715 ali—

461 4742 617 4826 quod
649 4740 1025 4824 opusculum,
1056 4739 1236 4820 idque
1265 4737 1553 4811 Grzecum,
1580 4738 1754 4800 tertio
1782 4739 2222 4801 Anecdotorum
2251 4738 2561 4813 volumini,
2588 4739 2743 4820 quod
2772 4739 3053 4804 Romanis
3071 4739 3418 4820 propediem
3434 4741 3605 4822 typis,
3631 4740 3849 4820 impri-

462 4839 677 4907 metur,
711 4828 1098 4891 inserendum
1131 4829 1447 4911 praebeam.
1482 4829 1602 4908 Ego
1631 4838 1829 4891 autem
1859 4830 2120 4910 cupienti
2150 4829 2200 4891 si
2229 4830 2369 4910 quid
2401 4848 2613 4908 negem
2642 4830 2801 4911 quod
2834 4839 3110 4911 praestare
3138 4849 3375 4910 queam,
3409 4831 3671 4911 ingratus
3699 4832 3850 4898 sim.

461 4919 724 4983 Necdum
748 4917 909 4980 enim
945 4918 1054 4982 tibi
1077 4919 1166 4981 vel
1189 4920 1263 4981 de
1295 4919 1445 4981 facie
1470 4929 1642 4982 notus
1672 4938 1861 5001 eram,
1897 4939 2029 4981 cum
2065 4919 2229 4981 omni
2250 4920 2631 4982 humanitatis
2651 4920 2845 4982 oﬂicio
2872 4938 2968 4981 me
2993 4920 3322 4981 devinxisti.
3350 4920 3637 4983 Memoria
3656 4921 3853 5001 probe

460 5017 657 5089 teneo,
688 5006 778 5069 vir
807 5007 1261 5085 humanissime,
1284 5008 1598 5071 duodecim
1631 5008 1872 5071 circiter
1892 5008 2108 5070 abhinc
2129 5008 2304 5070 annis
2326 5027 2460 5070 cum
2493 5011 2901 5073 Beneventum
2932 5009 3085 5070 forte
3115 5012 3436 5089 venissem,
3456 5027 3632 5090 quam
3662 5019 3725 5072 tu
3749 5013 3853 5073 ci-

459 5096 700 5161 vitatem
727 5095 978 5158 mirifica
1008 5116 1112 5178 per
1140 5096 1198 5159 id
1234 5106 1465 5179 tempus
1486 5098 1834 5161 dexteritate
1863 5097 2132 5177 regebas,
2166 5107 2341 5178 atque
2367 5098 2700 5182 prudentia,
2734 5119 2907 5181 quam
2942 5098 3318 5161 liberalitera
3352 5106 3434 5174 te,
3470 5099 3856 5183 comiterque

460 5196 747 5267 exceptus
769 5186 978 5248 fuerim
1005 5205 1119 5248 una
1144 5205 1276 5248 cum
1301 5206 1582 5268 supremo
1606 5195 1745 5249 tunc
1767 5195 1949 5250 coetus
1966 5186 2148 5247 nostri
2169 5190 2547 5250 moderatore
2563 5190 2790 5252 Joanne
2808 5186 3620 5270 ChrysostomoTrombellio,
3636 5209 3857 5271 quam-

457 5294 572 5357 que
583 5274 851 5357 jucunde
875 5293 1092 5356 paucos
1117 5276 1251 5338 illos
1271 5275 1421 5339 dies.
1449 5278 1664 5357 quibus
1694 5276 1776 5339 ibi
1808 5294 2049 5338 manere
2080 5276 2270 5356 licuit,
2301 5279 2714 5358 transegerim,
2754 5286 2911 5340 tuam
2945 5288 3003 5340 et
3033 5280 3089 5341 in
3119 5277 3549 5341 consuetudine
3580 5279 3854 5343 suavita-

459 5372 578 5425 tem
611 5371 911 5443 expertus,
947 5363 1080 5425 etin
1103 5365 1397 5445 colloquio
1426 5365 1779 5440 doctrinam,
1809 5373 1984 5446 atque
2008 5363 2407 5428 eruditionem
2430 5367 2773 5430 admiratus.
2803 5368 3199 5441 Quamobrem
3228 5367 3380 5430 nihil
3406 5377 3516 5443 est,
3540 5369 3695 5449 quod
3720 5389 3856 5434 nou

461 5451 545 5513 tui
574 5468 753 5539 causa
770 5451 1038 5539 facturus
1082 5452 1338 5515 libenter
1364 5453 1498 5514 sim.
1535 5454 1580 5515 E
1608 5456 1854 5533 vestigio
1886 5455 2084 5536 itaque
2113 5454 2382 5517 converti
2413 5473 2447 5517 e
2478 5458 2679 5520 Graeco
2714 5457 2981 5519 libellum
3013 5456 3331 5539 quemdam
3364 5456 3683 5538 Epiphanii
3714 5479 3852 5521 mo-

460 5538 637 5627 nachi
666 5538 741 5599 de
930 5539 1217 5622 Deiparaa,
1252 5542 1420 5623 cujus
1450 5544 1848 5623 apograpbum
1879 5544 2038 5624 apud
2070 5561 2166 5604 me
2195 5542 2485 5605 ineditum
2510 5545 2873 5625 jampridem
2907 5537 3072 5621 latet,
3102 5537 3457 5627 semperque
3479 5550 3721 5608 forsitan
3755 5549 3857 5611 la-

460 5626 687 5698 tuisset,
723 5626 838 5686 nisi
870 5629 1018 5720 hanc
1049 5638 1110 5690 tu
1135 5629 1280 5691 mihi
1312 5632 1688 5693 occasionem
1720 5632 2097 5713 praebuisses.
2131 5638 2195 5720 ut
2223 5649 2431 5694 rursus
2461 5635 2520 5693 in
2573 5653 2784 5697 manus
2832 5653 3133 5697 sumerem
3171 5653 3186 5694 :
3224 5633 3331 5695 diu
3359 5626 3518 5697 enim
3555 5634 3854 5720 dubitavi,

457 5734 533 5807 an
556 5734 691 5807 eum
709 5719 1081 5807 supprimere
1111 5724 1442 5807 prmstaret,
1477 5738 1654 5801 quam
1688 5720 1750 5782 in
1774 5739 1981 5783 manus
2011 5718 2278 5781 omnium
2311 5720 2590 5786 emittere
2617 5746 2629 5784 :
2672 5731 2991 5806 propterea
3024 5728 3180 5807 quod
3224 5741 3257 5784 e
3287 5723 3696 5787 monumentis
3726 5718 3855 5789 non

457 5803 712 5868 sinceris
738 5803 937 5885 modo,
971 5818 1146 5888 atque
1173 5805 1542 5891 indubitatis,
1574 5809 1681 5872 sed
1712 5809 2063 5892 apocryphis
2096 5807 2307 5886 etiam,
2334 5803 2904 5891 utipsemetvauctor
2925 5803 3258 5895 profitetur,
3293 5835 3360 5878 ac
3381 5814 3581 5878 dubiis
3601 5821 3854 5878 contex~
