4068 6112
363 299 480 377 1'83

1647 317 1977 385 EPIPHAN
1980 320 2033 385 ΙΙ
2076 325 2422 391 MONACHI
2437 378 2450 391 .

3617 333 3734 398 184

363 435 608 545 Decenti
630 439 869 542 dicendi
893 439 1166 542 libertate
1188 442 1259 545 ad
1269 461 1475 545 versus
1495 445 1768 545 nomines
1788 464 1928 545 omn
1939 463 2002 508 es
2017 455 2067 515 A
2084 460 2208 516 tout
2237 475 2348 519 son
2379 459 2781 534 extérieurlB.
2807 463 3072 542 Virginis
3091 463 3337 539 scilicet)
3355 463 3456 545 qui
3474 463 3734 527 estbelle

359 545 467 588 usa
489 535 602 602 est,
636 528 766 591 sine
793 529 944 612 risu,
977 530 1106 592 sine
1134 531 1600 612 perturbatione,
1635 541 1693 595 et
1721 534 1851 596 sine
1879 535 2002 596 ira-

356 615 575 677 cundia
607 617 883 682 maxime.
915 617 1126 682 Colore
1139 621 1248 683 fuit
1269 621 1526 684 triticum
1551 622 1870 697 referente,
1897 641 2000 685 ca-

359 701 500 792 pillo
531 704 701 780 flavo,
735 707 923 768 oculis
971 708 1232 784 acribus,
1265 710 1582 783 subﬂavas,
1638 720 1696 772 et
1724 719 2001 792 tanquam

359 790 506 853 oleae
535 793 735 856 colore
763 796 1015 876 pupillas
1066 797 1128 859 in
1175 797 1262 859 eis
1306 798 1554 861 habens.
1589 790 1916 881 Supercilia
1947 800 2004 861 ei

361 892 532 946 erant
559 887 797 966 inﬂexa,
830 895 888 950 et
943 889 1227 952 decenter
1275 892 1481 972 nigra;
1536 910 1713 954 nasus
1742 892 1997 974 longior,

359 972 518 1035 labia
545 975 778 1052 ﬂorida,
808 985 864 1039 et
892 980 1204 1040 verborum
1232 981 1520 1044 suavitate
1553 982 1766 1062 plena;
1813 972 2001 1044 facies

357 1079 475 1123 non
505 1066 790 1152 rotunda,
823 1073 881 1128 et
908 1077 1098 1144 acuta,
1119 1068 1222 1130 sed
1246 1069 1558 1152 aliquando
1579 1069 1812 1148 longior
1836 1086 1852 1143 ;
1879 1087 1998 1131 ma-

354 1169 466 1211 nus
499 1151 702 1234 simul,
727 1160 787 1215 et
815 1155 982 1233 digiti
1006 1155 1326 1237 longiores.
1361 1159 1504 1221 Erat
1527 1158 1787 1239 denique
1817 1156 1998 1218 fastus

353 1239 549 1328 omnis
566 1258 800 1322 expers,
822 1242 1095 1324 simplex,
1114 1245 1476 1328 minimeque
1489 1248 1711 1309 vultum
1732 1246 1964 1324 ﬁngens
1986 1265 2002 1322 ;

245 1372 252 1378 .
355 1327 504 1388 nihil
565 1330 836 1394 mollitiei
879 1350 1082 1394 secum
1129 1327 1395 1411 trahens,
1456 1337 1560 1399 sed
1611 1334 2005 1398 humilitatem

357 1417 796 1506 praecellentem
828 1421 1071 1498 colens;
1105 1422 1494 1500 vestimentis,
1521 1443 1652 1506 quae
1673 1423 2007 1505 ipsagesta-

353 1505 454 1578 vit,
480 1505 698 1568 coloris
727 1509 907 1570 nativi
932 1519 1212 1574 contenta
1237 1512 1344 1574 fuit
1371 1532 1383 1576 :
1406 1514 1463 1575 id
1493 1505 1650 1594 quod
1675 1511 2000 1574 etiamnum

357 1601 622 1687 sanctum
656 1595 865 1687 capitis
886 1600 1025 1687 ejus
1054 1600 1323 1687 velamen
1352 1601 1633 1667 ostendit.
1655 1600 1746 1676 Et,
1779 1607 1844 1662 ut
1864 1617 2002 1681 pau-

353 1769 547 1835 inerat
575 1773 781 1853 gratia.

356 1900 468 1963 Leo
493 1901 752 1966 Allatius
778 1909 846 1967 in
875 1909 1196 1984 Συμμίκτοις
1245 1909 1398 1974 libro
1444 1928 1492 1973 ι.
1507 1928 1654 1992 pag.
1685 1908 1790 1990 48,
1827 1907 1994 1990 Opu-

577 1992 812 2056 sculum
833 1995 1042 2068 edidit,
1075 1999 1236 2080 quod
1263 2003 1351 2063 sic
1379 2000 1774 2064 inscribitur:

431 2093 737 2180 Ἐπιφανίου
789 2112 1030 2184 μοναχοῧ
1076 2113 1169 2162 τοῦ
1206 2097 1571 2185 Ἀγιοπολίτου
1617 2114 1709 2164 τοῦ
1749 2126 1991 2180 πνευμα-

350 2192 495 2242 νικοῦ
548 2189 701 2262 ἡμῶν
754 2194 956 2271 Πατρὸς
1019 2191 1285 2273 διήγησις,
1359 2198 1431 2260 εἷς
1503 2198 1660 2254 τύπον
1719 2217 1990 2276 περιηγη-

352 2281 467 2355 τοῦ,
525 2278 643 2356 περὶ
687 2288 782 2346 τῆς
839 2283 1048 2362 Συρίας,
1107 2285 1195 2339 καὶ
1249 2289 1348 2351 τῆς
1406 2285 1556 2363 ἁγίας
1612 2283 1843 2364 πόλεως,
1903 2282 1991 2339 καὶ

347 2367 450 2452 τῷν
481 2363 545 2452 ἐν-
565 2369 696 2442 αὐτῃ
727 2369 889 2444 ἁγίων
918 2372 1094 2428 τόπων
1124 2388 1138 2433 :
1170 2371 1515 2452 Epiphanii
1548 2363 1835 2436 monachi
1853 2371 1989 2434 Ha-

342 2449 672 2538 giopolitm,
702 2457 1048 2535 spiritualis
1100 2449 1311 2524 Patris
1349 2463 1571 2538 nostri,
1614 2463 1696 2524 ad
1740 2462 1989 2526 modum

345 2535 766 2620 descriptionis
791 2546 945 2609 situs
975 2546 1180 2620 Orbis,
1208 2535 1782 2631 Enarratio'Syriaa,
1813 2551 1991 2614 Urbis

345 2632 590 2700 sanctae.
623 2636 680 2692 et
700 2648 1010 2696 sacrorum
1039 2637 1127 2699 ibi
1156 2639 1443 2702 locorum.

346 2729 516 2794 Idem
544 2733 815 2800 Allatius
843 2741 909 2801 in
938 2739 1226 2805 Diatriba
1254 2743 1326 2806 de
1361 2742 1718 2806 Simeonum
1745 2745 1991 2825 scriptis

428 2916 747 3010 Epiphanii
776 2831 1522 3010 monachfaea.:1:sbyteri
1574 2927 1835 3010 (Sermo)
1867 2931 1990 3010 Περί

344 3013 436 3064 τοῦ
489 3009 604 3085 βίου
654 3013 740 3068 καὶ
795 3013 1052 3093 πράξεων,
1111 3009 1207 3075 καὶ
1258 3009 1438 3082 τέλοὺς
1506 3028 1597 3076 τοῦ
1652 3009 1825 3099 ἁγίουν
1857 3009 1990 3080 ἀπὸ·

343 3095 532 3153 στόλου
563 3095 825 3186 ξΑνδρέου.
859 3102 960 3174 (De
986 3105 1113 3166 vita
1157 3112 1215 3168 et
1260 3108 1467 3186 gestis,
1499 3115 1554 3170 et
1594 3095 1760 3170 obitu
1787 3114 1988 3173 sancti

351 1681 439 1742 cis
470 1681 690 1766 dicam,
723 1685 785 1747 in
813 1686 995 1750 rebus
1025 1683 1153 1769 ejus
1181 1690 1460 1754 omnibus
1493 1690 1678 1753 multa
1719 1688 2000 1753 divinitus
2081 1681 2826 1769 A‘?_°.':°'§,Vefs'°“e
2855 1681 2988 1769 ,ΡΨ
3031 1681 3313 1769 έυξῗυῗξῖἶ
3344 1681 3564 1769 “imi”,

2015 1771 2061 1832 Β
2080 1746 2452 1835 interpolata.
2475 1747 2756 1830 Ejusdem
2769 1754 3078 1832 scriptoris
3105 1755 3189 1815 De
3217 1752 3726 1835 VitaS.Deiparw

2085 551 2144 606 et
2171 554 2566 626 avantageuse
2595 548 2644 610 si
2677 549 2792 612 elle
2823 550 3000 613 estoit
3029 552 3228 615 mieux
3261 551 3583 616 autorisée.
3618 551 3734 616 Car

2083 631 2123 693 il
2153 653 2186 714 y
2215 653 2248 695 a
2278 633 2416 697 bien
2448 636 2522 698 de
2553 637 2930 718 l'apparence
2962 641 3141 722 qu'on
3171 641 3247 703 l’a
3279 641 3561 722 dépeinte
3587 641 3728 704 telle

2085 723 2261 801 qu’on
2291 742 2324 783 a
2348 724 2489 804 jugé
2519 725 2738 806 qu’elle
2767 727 2969 790 devoit
2998 737 3177 792 estre.
3203 729 3358 791 Pour
3381 748 3449 791 ce
3479 729 3625 810 qu’il
3645 729 3734 791 dit

2085 810 2159 900 de
2188 829 2295 872 son
2325 813 2550 892 visage,
2601 813 2641 875 il
2689 815 2767 877 l’a
2815 835 2894 898 pu
2941 817 3088 880 tirer
3140 819 3222 880 du
3269 817 3520 900 portrait
3548 819 3731 900 qu'un

2084 897 2371 987 historien
2403 901 2482 963 du
2511 919 2571 964 vr
2601 902 2783 966 siécle
2811 897 2897 968 dit
2940 925 3054 987 que
3101 897 3408 970 saint'Luc
3450 925 3527 967 en
3566 897 3732 968 avoit

2082 984 2206 1063 fait,
2240 995 2300 1052 et
2326 990 2504 1070 qu’on
2545 1008 2768 1073 envoya
2813 993 2888 1056 de
2935 984 3260 1058 Jerusalem
3311 997 3348 1057 ὲ
3374 994 3726 1077 Pulquerie.

2083 1178 2350 1242 Joannes
2368 1180 2658 1246 Albertus
2672 1184 2987 1248 Fabricius
3005 1186 3073 1248 in
3095 1185 3466 1250 Bibliotheca
3489 1187 3726 1264 Graeca,

2625 1271 2742 1336 vol.
2776 1274 2836 1350 6,
2868 1291 3011 1356 pag.
3046 1273 3187 1339 705.

2168 1390 2488 1480 Epiphanii
2517 1395 2791 1458 monachi
2823 1415 2892 1458 ac
2938 1396 3269 1479 presbyteri
3313 1395 3722 1480 Hagiopolitaa,

2085 1476 2208 1569 sive
2254 1479 2792 1565 Hierosolymitani,
2844 1476 3090 1548 incerta
3125 1476 3346 1565 aetatis,
3397 1476 3610 1569 Syria,
3665 1476 3727 1552 et

2092 1566 2244 1630 Urbs
2270 1579 2507 1647 sancta,
2558 1574 2761 1636 Graece
2793 1592 2826 1636 e
2854 1575 3061 1640 codice
3089 1576 3395 1652 Vaticano,
3430 1566 3565 1638 cum
3597 1578 3720 1641 Fe-

2083 1653 2273 1745 derici
2301 1658 2529 1722 Morelli
2557 1662 2826 1726 versione
2879 1681 2988 1745 per
3038 1663 3313 1726 Allatium
3344 1663 3546 1727 multis
3575 1665 3726 1730 locis

2078 1832 2281 1923 l_audat
2300 1836 2545 1899 Allatius
2565 1838 2640 1901 de
2662 1838 3010 1902 Simeonum
3043 1841 3279 1923 scriptis
3307 1861 3364 1922 p.
3406 1842 3540 1913 106.
3559 1832 3626 1904 et
3647 1845 3719 1906 ad

2077 1921 2365 2012 Eustathii
2379 1925 2788 1991 Hexaemeron
2812 1948 2949 2010 pag.
2977 1930 3097 1994 285
3120 1921 3249 2012 sep.
3271 1921 3615 1996 Homiliam
3643 1935 3719 1998 de

2077 2009 2142 2074 S.
2173 2013 2424 2077 Andrea
2444 2016 2730 2096 apostolo,
2749 2009 2913 2081 idem
2932 2019 3007 2082 de
3027 2009 3429 2098 Simeonibus,
3458 2040 3589 2103 pag.
3612 2024 3716 2087 90.

2077 2188 2502 2281 Codicem,quo
2520 2197 3060 2278 usussum,quique
3080 2196 3190 2260 hoc
3209 2197 3546 2280 Epiphanii
3560 2217 3718 2281 opu-

2151 2279 2384 2370 sculum
2409 2281 2582 2348 habe.
2616 2302 2759 2366 pag.
2792 2285 2934 2367 237,
2964 2287 3054 2350 sic
3073 2279 3366 2368 descripsi
3394 2279 3625 2370 egomet
3648 2295 3719 2352 in

2149 2369 2432 2450 Epistola
2451 2373 2531 2436 ad
2547 2373 2869 2454 Egidium
2887 2378 3146 2456 fratrem
3171 2395 3389 2452 meum,
3423 2369 3718 2442 Bononiae

2154 2460 2448 2540 impressa
2477 2480 2640 2526 anno
2663 2465 2844 2540 i770,
2869 2484 3006 2530 cum
3026 2467 3321 2532 ineditum
3337 2469 3402 2533 S.
3433 2467 3720 2547 Gregorii

2159 2550 2607 2636 Thaumaturgi
2638 2554 2993 2621 Sermonem
3020 2561 3088 2619 in
3135 2557 3326 2621 lucem
3350 2559 3714 2639 proferrem.

2151 2667 2371 2733 Horum
2418 2691 2555 2753 ergo
2605 2675 2875 2738 codicum
2929 2679 3258 2757 (Naniano:
3297 2677 3709 2755 Bibliotheca)

2071 2776 2279 2840 unum,
2312 2761 2412 2841 qui
2443 2781 2600 2824 nunc
2629 2763 2707 2826 22
2738 2773 2850 2841 est,
2882 2765 3024 2827 dum
3065 2765 3416 2841 evolverem,
3451 2767 3513 2828 in
3545 2765 3709 2830 illam

2069 2845 2252 2908 incidi
2280 2849 2791 2931 scriptiunculam,
2817 2853 2891 2916 de
2913 2873 3027 2935 qua
3044 2855 3319 2935 superius
3339 2873 3710 2917 commemo-

2069 2935 2292 2998 rabam.
2320 2939 2737 3004 Membraneus
2765 2941 2817 3004 is
2841 2952 2952 3020 est,
2980 2965 3048 3006 ea
3070 2944 3554 3007 membranarum
3579 2963 3708 3007 ma-

2073 3025 2378 3105 gnitudine
2398 3037 2462 3091 ut
2482 3047 2846 3112 unaquaeque
2863 3052 2932 3094 ex
2955 3034 3228 3096 ducentis
3245 3033 3564 3113 nonaginta
3593 3034 3709 3098 tri-

2068 3113 2177 3176 bus
2206 3116 2449 3193 chartis,
2481 3120 2698 3200 quibus
2741 3122 2985 3183 omnino
3032 3131 3282 3198 constat,
3332 3142 3466 3186 cum
3502 3131 3713 3204 quarta

345 3185 608 3294 appstoli
635 3188 948 3294 ii'ndrem.)
980 3190 1193 3274 Incipit
1224 3213 1238 3258 ζ
1263 3180 1610 3294 ζἘπειδήπερ
1638 3197 1982 3294 πολλοὶ-ἆνε-

2085 3203 2383 3294 nediocris
2411 3180 2537 3272 folii
2587 3218 2754 3290 parte
2807 3212 3084 3274 nostratis
3133 3180 3349 3275 chartae
3391 3231 3462 3274 ex
3501 3180 3708 3294 lineis,

342 3274 612 3352 γράψαντο
639 3277 780 3353 βίους
813 3279 1135 3360 (Quoniam
1164 3283 1342 3346 multi
1367 3274 1739 3366 scripserunt
1776 3287 1977 3367 vitas).

942 3369 1024 3432 Et
1046 3389 1192 3454 pag.
1226 3372 1364 3434 106.

421 3458 736 3554 Epiphanii
764 3467 1039 3528 monachi
1089 3476 1148 3530 et
1193 3469 1522 3550 presbyteri
1571 3469 1823 3554 (Sermo)
1857 3475 1980 3554 Περὶ

341 3556 435 3606 τοῦ
490 3552 602 3626 βίου
657 3563 754 3624 τῆς
811 3556 962 3633 ἁγίας
1011 3561 1291 3630 Θεοτόκου,
1339 3563 1424 3616 καὶ
1478 3566 1575 3628 τῆς
1622 3569 1765 3633 ζωῆς
1804 3552 1978 3631 -αὖτῆς

341 3639 571 3717 χρόνων.
649 3639 920 3722 Incipit:
979 3648 1102 3726 Περὶ
1177 3653 1275 3715 τῆς
1335 3651 1522 3727 κυρίως
1605 3652 1692 3706 καὶ
1767 3651 1978 3719 ἀληθῶς

339 3727 596 3784 Θεοτόκου
652 3733 740 3788 καὶ
818 3732 1154 3814 ἀειπκρθένου
1225 3738 1422 3816 Μαρίας
1471 3736 1657 3794 πολλοὶ
1712 3737 1974 3808 διεξῆλθον

336 3820 442 3909 τεῶν
497 3816 662 3874 πάλαι
717 3818 1063 3885 διδασκάλων.
1143 3821 1312 3886 Unde
1367 3842 1474 3885 sua
1529 3825 1791 3889 hauserit
1848 3829 1976 3909 ipse

336 3900 400 3994 in
460 3905 751 3986 principio
795 3906 1092 3972 Orationis
1148 3911 1235 3974 sic
1292 3921 1529 3975 narrat:
1585 3900 1975 3994 Ἐγκωμιαᾶταὶ

333 3987 389 4045 δὲ
419 3995 582 4060 αὐτῆς
612 3994 798 4053 πολλοὶ
828 3998 888 4054 ἐκ
916 4001 1075 4076 ἁγίων
1105 4002 1417 4082 πατέρων...
1435 4047 1475 4066 ..

341 4085 966 4159 TillemontiuslomJ
989 4097 1513 4164 Monumentorum
1538 4102 1621 4162 ad
1640 4100 1977 4166 Historiam

406 4179 878 4271 @clesiasticam
921 4190 1340 4265 spectantium,
1390 4208 1532 4271 pag.
1579 4190 1680 4267 70,
1733 4192 1798 4254 in
1841 4192 1969 4256 Vita

408 4263 483 4326 B.
515 4264 731 4331 Mariae
767 4263 1057 4352 Virginis.

2062 3293 2396 3384 vilibusque
2418 3299 2634 3361 scrutis
2649 3300 2934 3363 confectae
2955 3310 3312 3384 exaequetur.
3338 3301 3558 3364 Harum
3588 3293 3714 3381 ple-

2061 3399 2282 3464 raeque,
2333 3383 2453 3446 imo
2499 3385 2689 3449 ferme
2735 3407 3018 3452 omnes...
3073 3383 3410 3472 quingentis
3463 3388 3712 3452 circiter

2063 3479 2198 3532 ante
2227 3472 2398 3533 annis
2429 3483 2680 3538 exarata:
2726 3484 2886 3552 sunt,
2939 3478 3043 3540 sed
3091 3479 3164 3541 ab
3194 3478 3530 3556 excriptore
3557 3477 3708 3539 adeo

2063 3559 2225 3641 rudi,
2260 3570 2321 3622 ut
2345 3561 2491 3624 nihil
2507 3563 2825 3627 admodum
2854 3565 2995 3647 quid
3025 3567 3322 3630 scriberet
3343 3565 3712 3628 intellexisse

2063 3649 2425 3715 videatur....
2458 3654 2641 3715 Totus
2660 3662 2858 3717 autem
2881 3655 3066 3719 codex
3082 3677 3114 3719 e
3137 3657 3326 3730 libris,
3353 3675 3502 3737 quos
3524 3657 3713 3718 eccle-

2055 3741 2334 3804 siasticos
2359 3761 2660 3818 vocamus,
2696 3764 2852 3807 unus
2881 3753 3007 3809 est:
3053 3764 3230 3828 quem
3255 3745 3445 3808 Latini
3465 3745 3709 3826 quidem

2057 3829 2397 3893 sacerdotes
2411 3829 2850 3895 Homiliarium
2864 3834 3160 3913 dicerent,
3178 3834 3364 3898 Graeci
3381 3851 3520 3897 vero
3537 3841 3711 3901 Πανη-

2057 3921 2265 3999 γυρικὸν
2298 3920 2620 4002 appellant.
2650 3921 2814 3986 Nihil
2850 3942 3105 4006 namque
3134 3925 3295 3987 aliud
3325 3942 3400 3987 eo
3432 3921 3710 3986 contine-

2059 4017 2174 4084 tur,
2208 4011 2320 4072 nisi
2368 4020 2597 4093 septem
2649 4021 2706 4076 et
2752 4015 3138 4096 quadraginta
3187 4016 3308 4079 sive
3359 4013 3705 4090 Orationes,

2057 4100 2179 4164 sive
2220 4103 2580 4169 Homilite...
2628 4124 2878 4186 quarum
2926 4109 3228 4170 nonnullae
3274 4105 3518 4189 quidem
3567 4112 3712 4167 sunt

2056 4195 2423 4279 ἀνεπίγραφοι,
2445 4209 2678 4261 caeteras
2701 4207 2894 4262 autem
2927 4201 3214 4282 Gregorio
3243 4198 3701 4265 Nazianzeno...

2053 4293 2386 4375 Epiphanio
2439 4297 2728 4358 monacho
2775 4316 2843 4360 ac
2891 4298 3263 4381 bresbytero,
3314 4305 3374 4360 et
3402 4296 3704 4362 Germano

409 4358 748 4444 Nicéphore
766 4367 876 4431 tire
891 4371 1029 4433 d'un
1045 4371 1356 4454 Epiphane
1378 4396 1494 4440 une
1515 4379 1879 4462 description
1894 4381 1969 4447 de
2049 4358 2330 4464 episcopo
2360 4358 3481 4468 Constantinopolitano
