4068 6112
317 315 416 382 185

1565 326 1664 390 DE
1698 324 1886 390 VITA
1930 328 2002 390 Β.
2039 327 2410 396 VIRGINIS.

3571 324 3684 391 186

903 617 1995 786 ΕΠΙΦΑΝΙΟΥ
2138 623 3076 789 ΜΟΝΑΧΟΥ

1451 893 1639 980 ΚΑΙ
1727 893 2538 981 ΠΡΕΣΒΥΤΕΡΟΥ

1894 1076 2108 1132 ΛΟΓΟΣ

669 1221 938 1307 ΠΕΡΙ
1009 1222 1236 1310 ΤΟΥ
1293 1224 1560 1312 ΒΙΟΥ
1642 1226 1856 1310 ΤΗΣ
1927 1223 2549 1309 ΥΠΕΡΑΓΙΑΣ

2642 1223 3283 1311 ΘΕΟΤΟΚΟΥ.

1483 1422 1597 1472 ΚΑΙ
1628 1423 1760 1474 ΤΩΝ
1789 1419 1923 1472 ΤΗΣ
1956 1418 2180 1471 ΑΥΤΗΣ
2213 1418 2505 1471 ΧΡΟΝΩΝ.

997 1751 1945 1900 ΕΡΙΡΗΑΝΙῘ

2102 1751 2990 1899 MONACHI

1678 2015 1778 2078 ET
1819 2015 2298 2082 PRESBYTERI

796 2201 1173 2289 SERMO
1256 2202 1399 2288 DE
1486 2200 1746 2288 VITA
1835 2201 2598 2291 SANCTISSIMZE
2685 2200 3192 2284 DEIPARAE

1511 2407 1623 2470 ET
1658 2408 1764 2471 DE
1804 2407 2072 2475 IPSIUS
2116 2408 2355 2473 ANNIS
2398 2408 2480 2490 (1)

619 2720 959 2800 Εὒλόγησον,
993 2719 1254 2798 Δέσποτα,
1288 2722 1458 2801 Λόγος
1491 2712 1608 2798 μα’.
1955 2724 2005 2786 Α

374 2826 494 2904 Περὶ
551 2830 656 2892 τῆς
725 2826 919 2904 κυρίως
974 2827 1062 2882 καὶ
1113 2824 1324 2892 ἀληθῶς
1382 2826 1640 2884 Θεοτόκου
1693 2831 1780 2885 καὶ
1836 2829 1944 2885 ἀει-

296 2913 554 2992 πιρθένου
613 2912 844 2992 Μαρίας,
901 2912 1091 2971 πολλοὶ
1158 2911 1424 2981 διεξῆλθον
1476 2920 1580 2972 τῶν
1637 2915 1799 2973 πάλαι
1859 2915 1943 2973 δι-

296 3000 579 3059 δασκάλων
653 3016 669 3030 ⁶
743 3005 790 3058 οἱ
863 3003 960 3077 μὲν
1023 3017 1375 3082 προφητικοϊς
1447 3002 1711 3084 διαφόροις
1781 3004 1944 3061 εἴδεσι

292 3092 379 3146 καὶ
433 3091 665 3184 ὀγόμασι
734 3091 802 3147 τὰ
868 3091 1058 3170 τέρατα
1115 3090 1326 3166 ἑαυτῆς,
1387 3093 1475 3148 καὶ
1529 3099 1622 3150 τοῦ
1678 3092 1729 3159 ἐξ
1786 3093 1950 3161 αὐτῆς

294 3178 702 3258 ἆνερμῆνεύτως
757 3178 1037 3260 τεχθέντος
1094 3187 1318 3259 Χριστοῦ
1374 3187 1465 3236 τοῦ
1518 3180 1765 3248 ἀληθινοῦ
1822 3189 1951 3238 Θεοῦ

293 3269 450 3342 ἡμῶν
498 3280 763 3346 προεῖπον
820 3286 834 3300 ·
888 3270 935 3324 οἱ
985 3265 1039 3323 δὲ
1086 3269 1227 3345 ἅγιοι
1274 3266 1560 3325 ἀπόστολοι
1597 3270 1713 3349 περὶ
1759 3276 1852 3326 τοῦ
1899 3267 1950 3334 ἐξ

296 3355 463 3422 αὐτῆς
517 3355 878 3434 σαρκωθέντος
927 3363 1058 3412 Θεοῦ
1107 3356 1278 3433 Λόγου
1324 3355 1422 3422 τὴν
1471 3357 1702 3424 σποδδὴν
1753 3358 1947 3427 ἐποιή-

294 3464 457 3499 σαντο
491 3457 508 3472 ⁸
543 3445 634 3499 καὶ
680 3446 752 3508 εἰς
802 3445 894 3507 τὰς
944 3445 1126 3502 τούτου
1175 3443 1384 3524 πράξεις
1433 3443 1731 3524 ἐσχόλασαν
1783 3461 1796 3474 '
1830 3447 1948 3525 περὶ

292 3532 494 3598 ταύτης
527 3529 580 3587 δὲ
611 3530 765 3610 ὀλίγα
791 3533 907 3588 τινὰ
935 3534 979 3588 εἰ
1028 3534 1216 3596 πόντες
1273 3549 1287 3563 '
1343 3531 1529 3596 εὐθέως
1559 3532 1889 3613 παρέδραμον
1927 3552 1944 3569 ·

291 3622 430 3675 οὓτω
485 3626 583 3676 τοῦ
641 3621 944 3694 Πνεόματος
1002 3620 1458 3697 οἶκονομέσαντος.
1520 3623 1592 3679 Οὐ
1642 3623 1834 3686 πάντες
1891 3620 1946 3678 δὲ

292 3707 399 3762 ἀπὸ
431 3704 604 3763 Δαυῖδ
652 3709 969 3786 κατάγεσθαι
1019 3709 1182 3776 αὐτὴν
1223 3710 1473 3789 γάγουσιν
1522 3730 1537 3746 ο
1589 3710 1946 3789 ἐγχωμιασταὶ

295 3792 344 3850 δὲ
404 3795 572 3861 αὐτῆς
620 3795 681 3851 ἐκ
718 3803 822 3852 τῶν
872 3798 1034 3876 ἁγίων
1086 3797 1331 3877 Πατέρων
1379 3798 1656 3877 γεγόνασιν
1712 3814 1726 3828 ⁸
1783 3797 1946 3861 οὐδεὶς

426 3884 479 3951 ἐξ
553 3885 725 3942 αὐτῶν
794 3889 911 3966 περὶ
983 3893 1088 3950 τῶς
1160 3887 1397 3964 βιώσεως
1468 3889 1631 3954 αὐτῆς
1701 3889 1788 3944 καὶ
1841 3894 1948 3944 τῶν

241 4019 252 4024 -
292 3973 540 4053 χρόνων,
585 3975 623 4043 ἢ
668 3979 766 4042 τῆς
817 3975 1115 4056 ἀνατροφῆς
1164 3976 1200 4044 ἢ
1247 3983 1340 4034 τοῦ
1391 3975 1596 4052 τέλους,
1647 3978 1809 4056 ὀρθῶς
1861 3977 1949 4032 καὶ

289 4062 665 4126 εὖπποδέκτως
721 4064 984 4140 ἐσήμανεν
1040 4081 1054 4095 ⁸

287 4172 382 4214 τες
458 4154 552 4208 καὶ
636 4151 773 4232 μέρη
839 4155 959 4215 τινὰ
1035 4153 1288 4231 εἰπόντες,
1363 4155 1456 4211 οὐκ
1540 4156 1940 4234 ὠρθοτόμησαν,

287 4237 417 4296 ἀλλ’
476 4242 691 4306 ἑαυτοῖς
751 4242 992 4321 ἐγένοντο
1038 4246 1348 4322 κατήγοροι,
1409 4248 1549 4307 οἷον,
1607 4243 1856 4308 Ἰάκωϐος
1919 4247 1947 4300 ὁ

291 4326 576 4408 Ἐὅριϊος,
608 4333 696 4388 καὶ
745 4329 1140 4412 Ἀφροδισιανὸς
1181 4333 1414 4412 Πέρσης,
1466 4335 1554 4391 καὶ
1583 4330 1734 4391 ἄλλοι
1778 4334 1942 4408 τινὲς,

290 4420 454 4492 μόνον
528 4421 646 4499 περὶ
714 4425 812 4489 τῆς
871 4423 1163 4500 γεννήσεως
1223 4422 1389 4490 αὐτῆς
1440 4423 1698 4500 εἰπόντες,
1757 4421 1944 4485 εὐθέως

2269 2724 2553 2799 Benedic,
2585 2723 2837 2786 Domine
2870 2723 2979 2805 (2).
3016 2723 3222 2788 Sermo
3251 2722 3399 2786 XLI.

2108 2833 2190 2892 De
2248 2831 2453 2900 Maria,
2505 2848 2636 2910 quae
2684 2830 2938 2910 propriae
2982 2849 3049 2892 ac
3094 2848 3232 2892 vere
3279 2829 3554 2910 Deipara,
3614 2835 3674 2888 et

2028 2917 2494 2999 Semper-Virgo
2523 2920 2612 2996 (3)
2640 2918 2884 2999 dicitur,
2916 2919 3085 2980 multi
3113 2936 3147 2980 e
3178 2916 3421 2980 vetustis
3452 2916 3666 2978 docto-

2027 3007 2193 3069 ribus
2217 3025 2552 3069 sermonem
2581 3005 2948 3069 habuerunt:
2976 3025 3111 3068 nam
3128 3004 3399 3067 nonnulli
3419 3004 3664 3086 quidem

2030 3097 2207 3158 variis
2236 3094 2596 3176 propheticis
2649 3094 2856 3174 ﬁguris
2904 3114 2970 3156 ac
3013 3093 3352 3156 nominibus
3401 3093 3517 3169 usi,
3554 3092 3670 3154 mi-

2031 3185 2246 3247 rabilia
2272 3202 2406 3245 cum
2443 3184 2517 3244 de
2547 3183 2675 3263 ipsa
2725 3183 2832 3262 (4),
2886 3191 3007 3244 tum
3058 3181 3132 3244 de
3179 3202 3271 3257 eo,
3307 3182 3404 3263 qui
3437 3200 3507 3244 ex
3541 3181 3668 3260 ipsa

2034 3272 2412 3336 ineﬂ‘abiliter
2453 3281 2622 3334 natus
2672 3281 2780 3343 est,
2833 3271 3065 3334 Christo
3114 3291 3253 3334 vero
3303 3272 3425 3334 Deo
3469 3282 3673 3333 nostro

2031 3361 2500 3444 przenuntiarunt
2527 3381 2538 3422 :
2562 3361 2748 3422 sancti
2772 3379 2906 3422 vero
2933 3361 3182 3442 apostoli
3217 3360 3292 3422 de
3321 3359 3446 3422 Deo
3471 3358 3671 3422 Verbo

2029 3469 2099 3517 ex
2131 3454 2258 3532 ipsa
2289 3451 2591 3512 incarnato
2618 3449 2880 3511 studiose
2912 3458 3180 3529 egerunt,
3232 3467 3300 3510 ac
3329 3448 3406 3511 de
3434 3447 3508 3509 iis
3539 3464 3671 3528 quae

2027 3542 2100 3603 ab
2141 3541 2270 3619 ipso
2321 3548 2482 3620 gesla
2530 3548 2709 3613 sunt;
2763 3538 2836 3599 de
2884 3537 3065 3601 Maria
3110 3555 3250 3600 vero
3299 3554 3434 3598 cum
3485 3554 3674 3616 pauca

2029 3630 2294 3712 quaedam
2341 3628 2648 3703 dixissent,
2683 3627 2757 3688 ad
2788 3626 2902 3688 alia
2929 3625 3127 3689 statim
3183 3623 3564 3700 transierunt,
3595 3624 3678 3685 ita

2029 3719 2254 3798 Spiritu
2285 3725 2488 3780 sancto
2539 3716 2913 3796 disponente.
2966 3715 3084 3779 Sed
3139 3733 3346 3776 omnes
3398 3713 3556 3774 illam
3607 3731 3678 3774 ex

2032 3806 2215 3869 David
2263 3805 2552 3884 originem
2603 3804 2840 3865 duxisse
2893 3804 2981 3884 (5)
3032 3803 3216 3864 aiunt.
3268 3802 3535 3864 Fuerunt
3588 3802 3672 3881 (6)

2031 3902 2228 3958 autem
2263 3913 2296 3956 e
2347 3893 2568 3955 sanctis
2616 3891 2893 3956 Patribus
2942 3891 3098 3952 haud
3157 3890 3348 3968 pauci,
3399 3890 3502 3969 qui
3546 3908 3673 3951 eam

2033 3983 2320 4046 encomiis
2349 3981 2757 4044 celebrarent:
2781 3979 2884 4040 sed
2909 3979 3172 4060 ipsorum
3204 3978 3401 4040 nullus
3421 3978 3496 4038 de
3517 3976 3677 4039 illius

1125 4064 1261 4122 ἆλλᾶ
1316 4069 1402 4123 καὶ
1458 4069 1504 4122 οἱ
1562 4065 1945 4147 ἐπιχειρήσαν-

2041 4072 2170 4147 vita,
2207 4080 2266 4133 el
2314 4070 2505 4143 annis,
2559 4076 2656 4129 aut
2705 4067 3081 4141 educatione,
3136 4073 3236 4129 aut
3287 4065 3475 4142 obitu,
3510 4072 3676 4127 recte

2029 4180 2097 4223 ac
2131 4159 2521 4240 probabiliter
2549 4155 2808 4237 scripsit.
2843 4155 2968 4216 Imo
3000 4154 3101 4237 qui
3131 4155 3192 4216 id
3240 4155 3438 4216 facere
3483 4154 3680 4236 aliqua

2030 4269 2098 4312 ex
2159 4256 2322 4329 parte
2368 4245 2592 4326 agressi
2640 4251 2797 4325 sunt,
2859 4263 2894 4305 a
2945 4253 3106 4305 recta
3151 4244 3246 4306 via
3296 4243 3671 4318 aberrarunt,

2031 4358 2099 4401 ac
2127 4335 2533 4418 unusquisque
2563 4334 2655 4397 sui
2684 4332 2872 4415 ipsius
2900 4333 3079 4394 veluti
3127 4345 3437 4397 accusator
3466 4331 3672 4406 extitit,

2029 4435 2094 4489 ut
2149 4424 2431 4506 exempli,
2489 4422 2697 4504 gratia,
2773 4420 3032 4486 Jacobus
3105 4421 3390 4484 Hebrzeus
3448 4423 3556 4503 (7),
3619 4425 3679 4481 et

1718 4573 2075 4656 Mingarellii
2103 4578 2272 4649 notaej

376 4675 758 4765 (t)_Allatius
796 4678 883 4765 _i_n_
913 4677 1166 4765 diatriba
1191 4679 1286 4765 _de
1331 4678 1680 4765 Simeonum
1713 4680 1949 4765 scriptis

307 4759 534 4837 p.i06,
567 4759 839 4839 Opusculi
867 4759 1048 4841 hujus
1078 4761 1313 4841 titulum
1339 4761 1599 4841 aﬂ'erens
1631 4760 1774 4838 legit
1798 4778 1812 4822 :
1836 4759 1949 4821 ’Καὶ

300 4844 392 4922 ἵξις
422 4844 572 4909 ζωῆς
603 4841 766 4922 αὐτῆς
797 4839 1202 4922 χρόνωνζριιω
1228 4840 1410 4922 verba
1427 4841 1734 4922 Fabricius
1750 4841 1815 4922 fin
1841 4861 1948 4904 co-

303 4917 432 5010 dice
444 4917 1400 5010 qucrypho'lﬁoviTestamenti,
1424 4941 1555 5010 pag.
1584 4921 1686 4998 43,
1713 4921 1798 5010 sic
1820 4941 1946 5010 ver-

306 4998 406 5088 tit:
431 4999 518 5060 Et
543 4998 627 5088 de
643 4998 781 5088 ejus
809 5002 952 5063 vitae
979 4998 1689 5088 temporibusQAtt'amen
1721 4999 1946 5088 Graecis

309 5078 506 5217 pennas
535 5078 798 5159 antiquis
831 5097 986 5162 saepe
1004 5078 1188 5162 χρόνοι
1209 5089 1348 5143 sunt
1367 5081 1560 5163 potius
1581 5085 1753 5158 anni,
1774 5101 1947 5164 quam

363 5174 592 5217 moora.

363 5174 592 5237 mpora.

394 5235 477 5318 (2)
514 5235 793 5320 Indicant
837 5237 962 5320 haec
1012 5239 1200 5303 verba
1247 5240 1364 5320 legi
1397 5241 1536 5302 olim
1569 5241 1952 5303 consuevisse

312 5333 644 5400 sermonem
678 5319 908 5380 huncce
928 5318 990 5380 in
1008 5323 1213 5385 Graeca
1232 5318 1430 5400 aliqua
1450 5321 1720 5385 Ecclesia
1744 5343 1756 5382 :
1785 5321 1943 5384 idem

316 5397 468 5458 enim
495 5399 717 5474 valent,
751 5416 820 5461 ac
875 5407 1077 5463 nostra
1130 5397 1382 5464 formula
1415 5419 1429 5465 :
1480 5400 1650 5480 Juba,
1685 5403 1940 5485 Domne,

316 5474 679 5541 benedicere.

413 5495 679 5542 carcere.

2028 4678 2395 4761 Epiphanius
2426 4683 2627 4739 noster
2657 4675 2731 4738 de
2760 4674 3054 4737 sermonis
3079 4675 3369 4757 elegantia
3385 4673 3678 4738 sollicitus

2033 4770 2218 4824 esset.

2114 4840 2196 4921 (5)
2230 4838 2319 4901 De
2343 4838 2448 4899 hac
2481 4854 2547 4898 re
2569 4835 2902 4921 aliisquead
2924 4834 3194 4921 opusculi
3217 4833 3396 4921 huius
3414 4835 3675 4921 illustra-

2033 4914 2252 4986 tioném
2286 4916 2633 5000 opport_unis
2663 4914 2803 5000 fuse
2818 4923 2875 4977 et
2895 4914 3130 5000 erudite
3153 4916 3269 4992 agit
3289 4914 3676 5000 diligentissi-

2032 5020 2164 5064 mus
2194 4993 2449 5080 scriptor
2478 4995 2884 5080 Trombellius
2927 4996 2988 5057 in
3043 4993 3568 5058 Dissertationibus
3599 4995 3678 5057 de

2033 5082 2148 5144 vita
2179 5089 2236 5143 et
2264 5076 2450 5158 gestis
2479 5078 2548 5140 Β.
2582 5076 2801 5158 Μεινίῳ.

2119 5161 2202 5243 (6)
2236 5153 2653 5243 Fragmentum
2685 5156 2758 5243 ab
2812 5155 3029 5243 Allatio
3072 5154 3336 5243 edi_tum,_
3371 5161 3426 5215 et
3457 5153 3612 5216 notis
3642 5174 3676 5243 a

2032 5234 2304 5304 Fabricio
2333 5234 2691 5300 illustratum
2712 5235 2931 5318 incipit
2960 5254 2992 5297 a
3023 5235 3218 5318 verbis
3251 5253 3265 5297 :
3319 5234 3677 5318 ἐγκωμιαστριὶ

2028 5321 2083 5380 δὲ
2114 5326 2274 5390 αὐτῆς
2306 5317 2493 5377 πολλοὶ
2554 5337 2569 5354 ο
2623 5315 2728 5398 sed
2750 5395 2760 5398 Α
2779 5313 3254 5398 postrema”th
3282 5331 3388 5374 vox
3418 5313 3587 5377 deest
3615 5313 3675 5376 in

2029 5421 2160 5464 meo
2190 5398 2553 5491 apographo,
2587 5396 2715 5491 siv'e
2747 5393 3048 5491 in_codice
3077 5393 3370 5491 N'aniano.

2111 5484 2200 5564 (7)
2230 5474 2513 5564 Quisnam
2545 5484 2634 5538 est
2638 5476 2927 5564 _.la_co_bus_
2948 5475 3061 5537 iste
3108 5474 3448 5564 Hebraeus?
3492 5474 3676 5564 Multo

386 5557 455 5634 ('3)
492 5558 1153 5644 Devetustissimohoc
1199 5557 1620 5644 Mariaetitulo,
1657 5554 2200 5644 semper-Galiter
2248 5563 2588 5644 loqueretur
2638 5555 3284 5644 Epiphanius-noster,
3325 5554 3673 5644 si_san_ctum

312 5633 502 5722 Virgo,
534 5640 656 5722 dixi
684 5641 745 5704 id
775 5639 935 5704 notis
966 5638 1042 5702 ad
1073 5638 1285 5701 librum
1315 5659 1354 5704 ιι
1385 5633 1639 5722 Didymi,
1681 5643 1765 5707 De
1802 5633 1937 5707 Tri-
2019 5633 2784 5722 Jacobum'Minorem,__qui
2826 5634 3301 5722 Adelphotheus,
3336 5633 3464 5696 sive
3494 5634 3676 5722 frater

309 5721 734 5879 miliarii?
786 5805 1020 5868 ἑαυτῆς.
1078 5798 1410 5881 Legendum
1462 5803 1613 5867 foret
1669 5806 1855 5881 αὐτῆς,
1890 5804 1940 5868 si

2025 5723 2262 5790 Domini
2291 5721 2530 5794 dicitur,
2564 5713 2828 5778 indicare
2854 5713 3050 5794 vellet.
3082 5720 3280 5779 Exstat
3304 5722 3496 5794 tamen
3525 5713 3675 5774 liber

2022 5802 2392 5887 apocryphus
2403 5791 2612 5861 sancto
2626 5796 2764 5857 huic
2775 5793 3041 5876 apostolo
3055 5810 3372 5874 perperam
3387 5791 3666 5866 tributus,
