4068 6112
286 325 390 393 191

278 473 499 521 nomen
529 454 692 522 illius
721 458 966 525 Mariam
999 460 1146 544 (25),
1206 462 1429 526 sororis
1472 479 1595 525 suae
1621 478 1818 527 causa.
1852 461 1910 524 Ει

2007 468 2094 524 καὶ
2170 468 2345 528 ἔτεκεν
2400 467 2601 528 παιδίον
2655 468 2787 538 θῆλυ
2846 485 2860 500 ⁵

276 547 672 626 congratulati
702 557 840 613 sunt
868 569 1003 614 cum
1037 569 1106 614 ea
1147 550 1471 633 propinqui
1513 569 1723 614 omnes
1746 559 1925 633 atque

277 654 452 699 amlCl
466 686 480 700 .

357 725 430 789 V.
464 726 610 791 Cum
640 735 763 790 tres
785 729 912 810 jam
960 747 1148 792 annos
1198 737 1332 792 nata
1378 736 1537 792 esset
1568 726 1766 809 puella
1797 730 1923 791 Ma-

278 813 388 890 ria,
424 814 722 878 duxerunt
750 836 879 879 eam
910 817 1102 898 ipsius
1130 821 1433 898 [parentes
1470 817 1532 879 in
1562 815 1921 890 Jerusalem,

278 910 337 965 et
365 912 794 984 praesentarum
830 924 960 969 eam
997 906 1249 971 Domino
1278 925 1415 969 cum
1449 904 1819 967 muneribus.
1856 906 1929 966 Et

277 991 512 1072 excepit
529 992 712 1068 illam,
727 993 1038 1076 ipsiusque
1053 1013 1298 1057 munera
1314 994 1593 1057 sacerdos
1605 992 1770 1055 Jodae
1797 992 1924 1074 (26)

276 1080 380 1162 qui
434 1082 747 1144 Barachias
819 1102 1053 1165 quoque
1100 1083 1321 1147 dicitur
1376 1082 1675 1148 Zachariae
1732 1090 1920 1163 pater.

279 1170 356 1233 Et
382 1188 591 1233 omnes
620 1171 962 1237 sacerdotes
990 1172 1174 1252 gavisi
1231 1181 1388 1249 sunt,
1445 1179 1503 1234 et
1549 1179 1791 1233 orantes
1816 1170 1923 1233 be-

278 1261 902 1347 nedixeruntJoacim,
929 1275 987 1327 et
1016 1267 1274 1341 Annam,
1310 1273 1368 1328 et
1393 1265 1627 1347 puelam
1648 1263 1921 1328 Mariam.

279 1349 356 1413 Hi
384 1370 521 1414 vero
555 1353 835 1417 abierunt
862 1354 924 1416 in
953 1353 1264 1420 Nazareth.
1319 1357 1585 1437 Cumque
1616 1353 1923 1435 septennis

278 1440 431 1504 facta
459 1450 550 1505 est
581 1442 781 1520 Maria,
817 1462 1026 1506 rursus
1072 1451 1346 1526 parentes
1378 1462 1508 1506 eam
1535 1443 1833 1505 duxerunt
1857 1442 1921 1504 in

277 1528 630 1614 Jerusalem,
665 1541 724 1595 et
753 1533 1120 1597 donaverunt
1145 1550 1274 1596 eam
1304 1532 1580 1609 Domino,
1608 1548 1922 1596 consecra~

282 1627 400 1681 tam
430 1620 546 1701 ipsi
575 1639 685 1702 per
715 1640 923 1684 omnes
966 1623 1097 1686 dies
1145 1623 1278 1685 vitae
1323 1640 1469 1685 suae.
1511 1624 1779 1703 Cumque
1809 1621 1923 1686 hoc

281 1706 584 1788 fecissent,
620 1710 796 1792 paulo
830 1718 961 1792 post
1000 1711 1231 1775 Joacim
1279 1719 1448 1793 pater
1495 1711 1627 1792 ejus
1658 1718 1923 1772 mortuus

1568 332 1966 398 EPIPHANII
2007 334 2381 400 MONACHI.

3558 325 3677 395 192

2930 470 3019 528 καὶ
3077 466 3328 527 ἐκάλεσεν
3383 469 3446 526 τὸ
3502 465 3673 544 ὄνομα

2006 558 2171 626 αὐτῆς
2217 560 2454 639 Μαριᾶμ,
2514 557 2598 617 διὰ
2650 560 2749 629 τὴν
2797 556 3032 640 ἀδελφὴν
3086 560 3252 626 αὐτῆς
3305 576 3318 592 ’
3356 558 3460 639 ικαὶ
3508 555 3666 615 συνέε-

2007 667 2195 730 χαιρον
2230 648 2362 725 αὖτῇ
2385 648 2577 712 πάντες
2606 651 2654 705 οἱ
2681 661 2958 729 συγγενεῖς
2985 648 3075 706 καὶ
3105 647 3246 730 φίλοι
3274 649 3460 716 οὖτῆς.

2091 725 2175 798 Δ’.
2246 736 2544 813 Γενομένης
2599 742 2697 804 τῆς
2749 725 2934 801 παιδὸς
2994 725 3195 817 Μαρίας
3252 742 3510 817 τριετοῦς,
3563 736 3665 793 ἂν·

2007 825 2210 903 ἤγαγον
2267 826 2430 893 αὒτὴν
2490 827 2537 882 οἷ
2593 838 2773 905 γονεῖς
2820 827 2986 892 αὐτῆς
3038 816 3110 890 είς
3146 816 3514 906 Ἰερουσαλὴμ,
3571 825 3661 882 καὶ

2008 913 2346 991 παρέστησαν
2404 915 2568 982 αὖτὴν
2642 921 2720 989 τῷ
2798 914 2969 994 Κυρίῳ
3048 914 3185 990 μετὰ
3258 912 3438 994 δώρων
3486 930 3514 994 4⁸
3579 915 3672 971 καὶ

2011 1002 2217 1069 ἐδέξατο
2273 1003 2437 1071 αὐτὴν
2501 1004 2589 1061 καὶ
2641 1004 2709 1060 τὰ
2765 992 2907 1082 δῶρα
2964 1004 3128 1071 αὖτῆς
3185 1005 3214 1060 6
3266 992 3428 1083 ἱερεὺς
3482 992 3659 1082 Ὀδαὲ,

2007 1095 2036 1150 6
2091 1093 2178 1150 καὶ
2230 1094 2523 1172 Βαραχίας,
2585 1095 2612 1149 6
2665 1092 2844 1172 πατὴρ
2902 1092 3191 1172 Ζαχαρίου.
3246 1092 3347 1151 Καὶ
3392 1090 3562 1149 πάντε
3615 1092 3665 1147 οἱ

2005 1185 2164 1260 ἱερεῖς
2220 1181 2354 1248 ἦσαν
2425 1180 2727 1261 χαίροντες,
2799 1181 2888 1238 καὶ
2955 1177 3298 1256 ἐπευξάμενοι
3355 1177 3666 1256 ηὗλόγησαν

2004 1271 2094 1327 τὸν
2125 1267 2368 1345 Ἰωακεὶμ
2394 1272 2481 1326 καὶ
2511 1271 2608 1338 τὴν
2663 1279 2858 1345 Ανναν,
2907 1269 2995 1327 καὶ
3048 1270 3150 1337 τὴν
3197 1265 3366 1325 παῖδα
3412 1266 3617 1347 Μαρίαν
3650 1285 3663 1300 ο

2004 1361 2091 1415 καὶ
2157 1357 2389 1426 ὒπῆλθον
2439 1361 2511 1423 εἰς
2558 1357 2794 1439 Ναζαρέτ
2866 1377 2884 1395 ⁶
2960 1359 3048 1415 καὶ
3098 1365 3177 1433 τῷ
3226 1354 3434 1434 ἑϐδόμῳ
3492 1357 3660 1439 αὐτῆς

2004 1445 2107 1503 ἔτει
2151 1445 2309 1505 πάλιν
2367 1447 2636 1526 ἀνήγαγον
2692 1434 2856 1515 αὐτὴν
2902 1449 2950 1506 οἱ
2997 1459 3178 1525 γονεῖς
3228 1448 3393 1513 αὐτῆς
3448 1446 3521 1509 εἷς
3571 1434 3667 1503 Ἰε·

2003 1534 2281 1616 ρουσαλήμ
2340 1554 2356 1570 ’
2415 1537 2503 1593 καὶ
2554 1533 2872 1616 ἐχαρίσαντο
2926 1535 3091 1603 αὐτὴν
3139 1540 3217 1611 τῷ
3278 1534 3449 1613 Κυρίὼ
3505 1531 3665 1614 ἀφιέ-

2004 1645 2157 1703 ρωμα
2212 1623 2384 1686 πάσας
2439 1623 2533 1687 τὰς
2599 1623 2801 1703 ἡμέρας
2869 1628 2970 1691 τῆς
3039 1627 3183 1695 ζωῆς
3252 1624 3417 1690 αὗτῆς
3494 1641 3506 1654 ·
3570 1623 3661 1678 καὶ

2002 1721 2158 1770 τοῦτο
2212 1712 2553 1791 ποιήσαντες,
2613 1709 2728 1787 μετ’
2790 1711 2966 1791 ὀλίγον
3016 1708 3263 1787 Ἰωακεὶμ
3319 1708 3660 1777 ἐτελεύτησεν

281 1804 373 1858 est
429 1790 637 1861 annos?
678 1790 875 1873 natus,
948 1809 1012 1863 ut
1081 1790 1301 1877 ferunt,
1364 1790 1679 1880 octoginta.
1738 1798 1910 1861 Maria

2005 1802 2033 1856 6
2088 1800 2265 1879 πατὴρ
2319 1804 2506 1876 αὐτῆς,
2538 1790 2634 1865 ίῶς
2687 1823 2842 1882 φασιν
2892 1790 3023 1859 ἐτῶν
3071 1798 3425 1878 ὀγδοήκοντα,
3485 1790 3550 1855 ’Π
3605 1794 3661 1854 δὲ

282 1903 422 1948 vero
477 1905 511 1949 e
569 1888 790 1970 templo
842 1908 964 1951 non
1018 1889 1338 1954 recedebat
1378 1908 1490 1951 nec
1549 1896 1749 1962 noctu,
1810 1907 1924 1951 nec

282 1973 566 2040 interdiu.
616 1976 693 2039 At
738 1976 931 2054 Anna,
982 1978 1287 2060 reliquens
1331 1977 1640 2059 Nazaretb,
1672 1975 1833 2039 venit
1859 1976 1922 2038 in

280 2063 634 2141 Jerusalem,
669 2073 729 2127 et
774 2065 1119 2130 convivebat
1160 2085 1299 2130 cum
1339 2066 1462 2129 [ilia
1488 2066 1712 2130 Maria:
1747 2082 1918 2127 cum-

277 2168 395 2232 que
422 2152 854 2232 supervixisset
900 2174 1088 2218 annos
1131 2154 1302 2233 duos,
1357 2163 1591 2219 mortua
1620 2161 1710 2218 est
1735 2171 1924 2216 annos

276 2247 415 2304 nata
444 2242 824 2323 septuaginta
852 2243 1021 2306 duos.

355 2330 431 2395 V.
462 2331 649 2395 Maria
699 2341 898 2397 autem
954 2331 1299 2415 parentibus
1356 2331 1580 2408 orbata,
1641 2329 1743 2412 qui
1791 2330 1921 2410 ejus

275 2435 477 2481 curam
510 2419 828 2503 haberent,
859 2440 891 2484 e
913 2422 1135 2503 templo
1167 2420 1404 2483 Domini
1424 2439 1543 2482 non
1565 2419 1800 2482 exibat:
1826 2436 1918 2494 ac,

274 2504 326 2567 si
353 2524 469 2587 qua
495 2524 563 2569 re
591 2506 907 2588 indigeret,
950 2509 1024 2572 ad
1079 2508 1383 2572 Elisabeth
1412 2515 1645 2571 tantum
1675 2525 1740 2570 se
1769 2525 1916 2569 con-

274 2595 535 2659 ferebat:
566 2615 751 2679 prope
794 2598 954 2660 enim
1008 2597 1333 2660 habitabat.
1376 2596 1596 2660 Didicit
1634 2612 1778 2661 vero
1808 2594 1922 2658 He-

276 2683 511 2748 braicas
549 2685 775 2750 litteras
823 2686 1090 2749 Joacimo
1140 2693 1303 2768 patre
1352 2705 1458 2749 suo
1507 2687 1702 2749 adhuc
1750 2685 1913 2747 vivo:

283 2782 529 2856 eratque
560 2775 801 2855 ingenio
851 2776 1119 2858 praedito,
1169 2793 1239 2840 ac
1287 2774 1559 2838 discendi
1589 2774 1827 2857 cupida,
1861 2781 1920 2836 et

281 2864 553 2945 quamvis
596 2865 884 2946 orphana,
946 2883 1188 2947 operam
1245 2884 1314 2928 ac
1361 2864 1626 2929 studium
1674 2865 1733 2925 in
1772 2863 1918 2925 divi-

282 2971 388 3015 nas
430 2950 762 3034 Scripturas
807 2953 1186 3017 conferebat:
1236 2963 1294 3017 et
1340 2954 1403 3015 in
1447 2954 1685 3035 opiﬁcio
1742 2954 1913 3029 lanae,

281 3049 343 3104 et
371 3041 502 3119 lini,
536 3049 596 3104 et
624 3042 822 3119 serici,
857 3051 915 3105 et
945 3043 1104 3123 byssi
1157 3043 1232 3105 ob
1263 3061 1425 3105 suam
1459 3042 1789 3119 scientiam,
1825 3052 1916 3104 at-

274 3149 393 3212 que
425 3101 882 3211 intelligenliam
908 3101 1277 3195 admirabilis
1299 3141 1424 3194 erat
1447 3133 1577 3214 plus
1594 3101 1910 3214 quam’alia

2008 3101 2385 3211 augeam

2006 1890 2177 1969 Μαρία
2207 1889 2298 1982 Ex.”
2314 1898 2405 1949 τοῦ
2448 1898 2573 1949 ναοῦ
2613 1894 2707 1949 οὒκ
2744 1891 2998 1971 ἀφίςτατο
3044 1891 3206 1948 νύκτα
3251 1889 3340 1946 καὶ
3388 1887 3594 1967 ἡμέραν
3639 1902 3655 1919 ⁸

2002 1980 2090 2059 καὶ
2171 1980 2206 2046 ἡ
2275 1976 2432 2035 ’⁷Αννα
2485 1977 2848 2038 καταλιποῦσα
2902 1978 3002 2047 τὴν
3046 1977 3304 2059 Νόιζαρὲτ³
3363 1976 3521 2046 ἦλθεν
3581 1979 3658 2042 είς

2006 2057 2376 2148 Ἰορουσαλὴμ,
2456 2069 2545 2124 καὶ
2618 2074 2779 2137 συνῆν
2854 2075 2923 2146 τῇ
2993 2057 3207 2148 θυγατρὶ
3286 2057 3482 2146 Μαρίᾳ.
3557 2067 3660 2126 Καὶ

2004 2154 2299 2228 ἐπιζήσασα
2341 2154 2436 2224 ἔτη
2482 2154 2590 2231 δύο,
2649 2157 2927 2239 ἀπέθανεν,
2982 2156 3242 2236 γενοπένη
3304 2157 3437 2217 ἐτῶν
3497 2152 3653 2213 ἑϐδο-

2004 2246 2246 2321 μήκοντα
2269 2244 2383 2306 δύο.

2085 2323 2170 2394 Ε’.
2229 2327 2292 2392 (Η
2346 2333 2406 2390 δὲ
2484 2337 2655 2415 Μαρία
2728 2335 2981 2392 πάντοθεν
3036 2334 3492 2416 ἆπορφανευθετσα
3548 2332 3649 2413 γέ-

2003 2444 2154 2501 γονεν
2224 2424 2578 2505 ἆπρονόητος,
2665 2424 2742 2501 μὴ
2825 2421 3150 2504 ἐξερχομένη
3230 2422 3291 2481 ἐκ
3359 2432 3451 2484 τοῦ
3524 2431 3653 2481 ναοῦ

2002 2513 2186 2591 Κυρίου
2234 2528 2250 2542 ⁸
2299 2514 2387 2570 καὶ
2443 2511 2497 2569 εἴ
2555 2535 2697 2578 τινος
2748 2513 2801 2569 ἐν
2857 2514 3011 2593 χρείᾳ
3067 2512 3299 2593 ἐγένετο,
3354 2513 3488 2592 πρὸς
3552 2511 3651 2579 τὴν

1996 2598 2280 2695 ’ξΕλισάϐετ
2310 2600 2514 2695 Δᾶπῇει
2580 2605 2679 2695 .xari
2757 2603 2918 2679 μόνον
2998 2616 3012 2630 ⁸
3097 2601 3255 2681 ἐγγὺς
3290 2602 3428 2695 ’γὰρ
3497 2599 3649 2676 ᾤκει.

2020 2694 2223 2768 Εμαθεν
2306 2688 2360 2747 δὲ
2436 2692 2502 2748 τὰ
2580 2682 2835 2771 Ἑϐραϊκὰ
2917 2690 3205 2770 γράμματα
3290 2689 3365 2746 ἔτι
3450 2695 3649 2762 ζῶντος

2002 2776 2248 2856 Ἰωακεὶμ
2304 2789 2396 2839 τοῦ
2450 2781 2648 2860 πατρὸς
2706 2781 2869 2848 αὐτῆς
2933 2794 2948 2810 ⁸
3004 2779 3094 2835 καὶ
3150 2777 3215 2847 ἧν
3271 2778 3505 2854 εὐμαθὴς
3562 2779 3652 2834 καὶ

1999 2867 2323 2949 φιλομαθὴς,
2374 2870 2563 2949 καίπερ
2620 2873 2944 2949 μονωθεῖσα,
3003 2877 3238 2928 πονοῦσα
3291 2869 3381 2924 καὶ
3433 2864 3647 2947 σχολᾶ-

1999 2964 2157 3029 ζουσα
2213 2961 2330 3039 περὶ
2385 2959 2477 3023 τὰς
2534 2958 2674 3023 θείας
2730 2959 2938 3039 Γραφάς
2992 2973 3007 2988 '
3069 2962 3139 3033 τῇ
3183 2977 3241 3014 τε
3291 2956 3508 3035 ἐργασίᾳ
3553 2963 3646 3014 τοῦ

2001 3045 2138 3126 ἐρίου
2191 3049 2279 3103 καὶ
2333 3056 2428 3107 τοῦ
2479 3045 2645 3119 λινοῦ,
2702 3048 2791 3103 καὶ
2844 3051 2943 3113 τῆς
2996 3044 3226 3121 μετάξης
3290 3046 3379 3101 καὶ
3455 3045 3648 3120 βυσσου

2458 3151 2473 3166 ⁸
2539 3134 2624 3190 ἐπὶ
2693 3140 2761 3211 τῇ
2837 3135 2995 3214 σοφίᾳ
3059 3135 3148 3190 καὶ
3217 3132 3442 3207 συνέσει,
3510 3132 3639 3211 ὑπὲρ

283 3238 494 3282 omnes
550 3222 818 3300 ejusdem
870 3222 1056 3284 mtatis
1099 3221 1598 3285 adolescentulaaz
1657 3221 1806 3284 adeo
1862 3234 1910 3282 ul

2009 3223 2179 3287 πάσας
2229 3224 2324 3287 τὰς
2377 3223 2431 3280 ἐν
2483 3228 2549 3299 τῇ
2613 3228 2769 3301 γενεᾷ
2840 3223 3015 3298 ἐκείνῃ
3069 3219 3329 3300 νεάνιδας,
3388 3223 3462 3284 ὡς
3512 3221 3645 3298 πρὸς

279 3307 352 3371 de
403 3309 534 3390 ipsa
579 3309 740 3371 illius
788 3328 1036 3391 proavus
1088 3308 1370 3373 Salomon
1423 3309 1640 3373 dixerit
1690 3310 1910 3391 (revera

2002 3311 2165 3378 αὐτὴν
2234 3310 2406 3389 λέγειν
2475 3312 2562 3368 τὸν
2635 3311 2940 3391 προπάτορα
3020 3313 3182 3377 αὐτῆς
3254 3307 3579 3384 Σολομῶντα
3627 3326 3643 3343 ⁸

276 3397 434 3460 enim
461 3397 535 3460 de
563 3397 692 3479 ipsa
719 3398 1090 3480 loquebatur)
1119 3419 1133 3462 :
1179 3398 1496 3462 Mulierem
1533 3400 1749 3480 fortem
1779 3401 1919 3480 quis

274 3486 548 3549 inveniet
576 3488 603 3530 2
633 3486 659 3549 ?
688 3495 746 3549 et
773 3507 905 3568 quae
934 3493 1265 3568 sequuntur
1294 3487 1515 3550 omnia.

353 3574 454 3637 VI.
485 3574 627 3637 Erat
653 3584 848 3638 autem
881 3576 943 3637 in
988 3576 1217 3656 templo
1262 3575 1494 3638 Domini
1527 3577 1694 3638 locus
1718 3594 1915 3656 segre—

277 3669 444 3740 gatus
475 3683 660 3745 prope
709 3663 1002 3745 porticum
1057 3663 1182 3747 (‘27)
1233 3683 1304 3728 ex
1351 3673 1517 3746 parte
1564 3664 1790 3729 altaris.
1827 3663 1914 3727 [bi

273 3752 415 3814 solae
442 3752 701 3832 virgines
747 3752 1082 3833 degebant:
1134 3764 1196 3815 et
1236 3752 1368 3815 aliae
1414 3753 1654 3834 quidem
1681 3752 1911 3834 vigines

271 3848 405 3920 post
433 3839 743 3905 dimissum
779 3850 1134 3906 conventum
1166 3842 1238 3905 ad
1281 3861 1421 3904 suos
1446 3851 1676 3904 cunctae
1705 3860 1911 3904 rever-

272 3929 582 3993 tebantur:
620 3930 798 3993 Maria
839 3950 978 3993 vero
1031 3932 1326 4006 manebat,
1379 3931 1720 3993 custodiens
1768 3950 1911 3993 san-

271 4019 584 4095 ctuarium,
610 4020 988 4101 ettemplum,
1014 4039 1084 4083 ac
1109 4019 1518 4095 sacerdotibus
1543 4019 1909 4084 ministrans.

270 4107 417 4186 Ejus
444 4116 642 4170 autem
691 4126 890 4171 mores
935 4117 1103 4171 erant
1153 4109 1523 4189 hujusmodi.
1556 4108 1764 4173 Gravis
1795 4111 1916 4188 (28)

269 4202 447 4277 atque
505 4204 750 4274 augusta
802 4207 931 4260 erat
975 4197 1041 4260 in
1092 4198 1368 4261 omnibus
1411 4197 1772 4274 actionibus,
1806 4215 1914 4280 pa-

348 4335 375 4380 ε
402 4338 574 4400 Prov.
607 4355 769 4413 xxxx,
808 4338 900 4403 10.

1998 3402 2085 3456 καὶ
2139 3401 2239 3480 γὰρ
2293 3402 2365 3464 ὡς
2419 3399 2629 3467 ἀληθῶς
2678 3401 2808 3479 πρὸς
2863 3399 3021 3467 οὖτὴν
3051 3397 3228 3477 ’έλεγεν
3275 3415 3287 3430 ·
3343 3420 3372 3452 α
3406 3402 3636 3454 Γυναῖκα

1996 3486 2237 3569 ὓνδρείανῌ
2254 3490 2330 3552 τίς
2363 3490 2566 3569 εὑρήσει
2616 3509 2640 3546 ι)
2676 3508 2692 3569 ς
2727 3489 2815 3544 καὶ
2843 3488 2910 3544 τὰ
2937 3485 3059 3554 ἑξῆς
3091 3486 3320 3546 ἅπαντα.

2073 3565 2176 3652 ς’,
2207 3565 2305 3636 Ἦν
2346 3565 2806 3657 δὲαφωρισμένος
2847 3576 3014 3638 τόπος
3062 3575 3115 3632 ἐν
3173 3582 3249 3651 τῷ
3295 3582 3407 3650 ναῷ
3455 3578 3645 3655 Κυρίου

1995 3665 2206 3727 πλεσίον
2287 3675 2380 3726 τοῦ
2460 3663 2689 3744 ἐμϐόλου
2755 3673 2848 3724 τοῦ
2935 3665 3304 3744 θυσιαστηρίου
3370 3663 3561 3743 μέρους
3625 3682 3639 3696 ’

1996 3754 2132 3814 ἔνθεν
2199 3757 2501 3825 ἱστήκεισαν
2549 3758 2601 3811 αἱ
2671 3752 2913 3833 παρθένοι
2985 3752 3141 3828 μόναι
3202 3769 3219 3785 ⁸
3278 3754 3369 3811 καὶ
3440 3755 3492 3809 αἱ
3548 3753 3645 3830 μὲν

1993 3844 2148 3902 ἄλλαι
2217 3845 2461 3925 παρθένοι
2532 3844 2665 3921 μετὰ
2746 3843 2845 3910 τὴν
2936 3840 3141 3908 σύναξιν
3226 3844 3312 3898 καί
3383 3840 3638 3901 ἀπόλυσιν

1993 3941 2155 3992 πᾶσαι
2224 3934 2485 4011 ἆπῄεισαν
2550 3935 2680 4013 πρὸς
2750 3933 2874 3988 τοὺσ
2942 3928 3099 3996 ἰδίους
3161 3947 3175 3961 ⁸
3255 3932 3291 4001 ᾗ
3360 3927 3415 3986 δὲ
3472 3933 3645 4010 Μαρία

1994 4023 2393 4104 προσεκαρτέρει
2489 4021 2815 4104 φυλάττουσα
2923 4021 2984 4077 τὸ
3084 4020 3449 4097 θυσιαστήριον
3551 4021 3641 4076 καὶ

1998 4114 2087 4170 τὸν
2141 4114 2265 4171 ναόν
2326 4128 2340 4143 ⁸
2393 4110 2776 4192 ἐξυπηρετοῦσα
2828 4110 2918 4167 καὶ
2973 4122 3090 4173 τοῖς
3147 4112 3366 4188 ἱερεῦσιν
3399 4147 3420 4167 .
3452 4108 3523 4166 Τὸ
3586 4105 3642 4163 δὲ

1995 4202 2123 4270 ἦθος
2194 4208 2360 4271 αὐτῆς
2417 4202 2482 4270 ἧν
2553 4210 2758 4260 τοιῦτον
2829 4214 2841 4231 ⁸
2907 4199 3077 4275 σεμνή
3132 4198 3270 4274 κατῂ
3324 4196 3497 4254 πάντα
3552 4199 3641 4257 καὶ

1676 4474 2021 4557 Mingarellii
2051 4491 2225 4547 notae.

348 4598 465 4680 (25)
483 4595 848 4680 Epiphanius
868 4603 1072 4680 noster
1091 4597 1205 4659 hoc
1228 4603 1453 4661 tantum
1480 4595 1541 4656 in
1564 4593 1695 4680 loco
1714 4594 1902 4680 beatas
1919 4607 1966 4669 D
1984 4600 2231 4680 ἐμϐόλου,
2267 4601 2498 4666 Emboli
2544 4608 2742 4667 autem
2790 4619 2825 4662 a
2871 4598 3097 4680 Graecis
3114 4679 3119 4680 ί
3136 4597 3333 4680 minus
3365 4594 3633 4680 antiquis

268 4674 772 4758 Virginis'nomen
804 4676 1095 4758 Hebraico
1115 4684 1386 4758 accentu,
1411 4684 1469 4736 et
1492 4674 1911 4740 terminatione

265 4756 498 4822 scribit.
529 4756 714 4820 Maria
734 4756 895 4819 enim
926 4756 1220 4820 Hebraice
1249 4756 1472 4819 dicitur
1491 4772 1687 4825 manu
1713 4804 1727 4828 ,
1764 4758 1907 4818 Mir-

262 4842 422 4921 jam,
443 4856 547 4900 seu
577 4838 847 4918 Marjam.
877 4839 1107 4921 Exiguo
1123 4838 1363 4899 nomine
1379 4834 1614 4900 Hebrmi
1639 4834 1906 4901 Hellenis

265 4919 370 4983 Sta:
397 4919 667 4981 fecerunt
697 4937 912 4980 nomen
943 4919 1297 4983 Marinum.

348 4999 478 5080 (26)
505 4998 704 5080 codex
734 4998 935 5074 habet,
972 4993 1143 5062 Ὀδπέ.
1179 4997 1297 5059 Sed
1327 5014 1542 5080 nomen
1572 4996 1758 5057 hocce
1788 4995 1901 5058 Ho-

264 5077 376 5170 dae
404 5079 736 5170 inauditum
767 5081 942 5160 plane
966 5087 1074 5170 est,
1123 5097 1193 5170 a_c
1238 5077 1615 5170 mendosum.
1642 5084 1704 5136 ut
1735 5086 1896 5170 puto.

265 5160 572 5234 Quomodo
601 5156 805 5222 autem
836 5156 1305 5234 emendandum,
1356 5159 1431 5221 sit
1479 5156 1693 5236 colligo
1724 5156 1794 5218 ex
1824 5156 1899 5220 iis

263 5260 394 5322 quas
424 5239 486 5304 S.
520 5240 1181 5322 Hieronymusscripsit
1205 5239 1278 5301 ad
1309 5246 1486 5322 caput
1507 5238 1584 5299 23
1614 5237 1892 5322 Matthaai.

269 5317 984 5401 ilnEvangeliolinquit)
1020 5317 1134 5401 quo
1165 5317 1411 5401 utuntur
1437 5317 1744 5401 Nazareni,
1788 5336 1897 5398 pro

263 5400 386 5463 lilio
396 5397 716 5463 Baracbim.
733 5397 918 5463 ﬁlium
931 5397 1155 5465 Joiadaa
1175 5399 1510 5478 reperimus
1527 5397 1839 5478 scriptum.
1865 5423 1889 5458 ο

262 5481 462 5561 Itaque
473 5479 912 5562 Barachiasiste
933 5500 967 5542 a
986 5476 1548 5562 quibusdamdictus
1568 5476 1893 5562 estloiada.

261 5555 408 5626 Cum
438 5577 579 5640 ergo
609 5563 679 5623 is.
713 5561 813 5640 qui
843 5561 903 5622 in
938 5555 1159 5624 [.atinis
1190 5558 1392 5620 Bibliis
1413 5557 1630 5640 dicitur
1648 5555 1891 5640 Joiadq,

262 5649 319 5705 et
348 5641 410 5702 in
433 5637 749 5720 Hebraicis
766 5640 1123 5715 Jahoiadah,
1182 5647 1559 5720 nuncupetur
1585 5637 1647 5699 in
1677 5637 1896 5700 Graecis

261 5720 441 5809 ξιευδκὲ
499 5719 852 5809 εἰνε-Ιοέῑιξέ.
867 5720 1270 5809 Epiphanium
1294 5719 1529 5809 quoque
1550 5726 1819 5809 nostrum
1840 5726 1900 5780 et

258 5802 380 5883 hic,
415 5809 474 5884 et
503 5801 675 5884 paulo
705 5796 957 5884 inferius
987 5796 1296 5884 scripsisse
1311 5796 1582 5884 'arbiiror
1611 5796 1810 5884 ἰῳβαὰ

340 5877 466 5967 ('27)
497 5877 691 5950 Codex
722 5881 1050 5947 mendose:
1085 5877 1317 5946 Mdvou.
1350 5877 1674 5945 Emendavi
1691 5878 1894 5958 legens

1989 4674 2271 4821 dicunﬂtug
2294 4685 2588 4821 porticus.
2643 4681 2792 4746 Vide
2840 4679 3128 4760 Ducangii
3177 4674 3543 4743 Glossarium
3572 4674 3634 4737 in

1992 4781 2133 4821 VOCB
2166 4787 2232 4821 ευ.
2267 4787 2295 4820 O
2333 4787 2413 4821 ος.

1992 4781 2133 4826 voce
2165 4763 2413 4827 ἕμϐολος.

2064 4789 2527 4920 ῗὲὃῖμῖίίέοδέιιάε
2558 4840 2759 4905 afﬁnia
2787 4839 3110 4920 scripserat
3159 4838 3223 4903 S.
3264 4834 3633 4920 Ambroisius

1985 4917 2086 4985 lib
2107 4942 2147 4987 II
2166 4917 2251 4986 De
2270 4922 2647 5005 virginibus,
2667 4941 2721 4983 c.
2740 4920 2812 4984 2:
2843 4944 2869 5005 ιι
2897 4917 3074 5005 Virgo
3102 4927 3229 4981 erat
3246 4917 3629 5005 (inquit)._....

1982 5005 2163 5069 corde
2192 4997 2460 5075 humilis,
2490 5001 2683 5065 verbis
2699 5002 2914 5081 gravis.
2928 5046 2940 5059 .
2956 5050 2968 5062 .
2982 4997 3029 5062 ,ξ
3052 4997 3342 5081 loquendi
3360 4997 3626 5081 parcior,

1982 5083 2217 5165 legendi
2242 5082 2582 5147 studiosior.
2598 5132 2610 5146 .
2624 5131 2637 5145 .
2649 5131 2662 5145 .
2674 5130 2688 5144 .
2705 5078 2940 5165 intenta
2950 5078 3631 5165 operi,'v_erecu'udaser-

1982 5159 2285 5249 mone”...
2340 5181 2660 5249 assurgere.
2705 5159 3300 5249 (solita/majoribus
3347 5166 3625 5249 natu._....

1981 5245 2130 5307 nihil
2162 5254 2388 5308 torvum
2419 5246 2479 5307 in
2509 5236 2824 5307 6culis.....
2849 5236 3004 5313 Quid
3022 5236 3131 5321 ego
3150 5236 3623 5321 exsequarcibo-

1979 5343 2113 5406 rum
2129 5324 2573 5406 parcitnoniam.
2588 5368 2682 5406 Ἦ.
2700 5318 3383 5406 congeminatosjejunio
3396 5318 3617 5406 dies?)

1979 5398 2354 5487 Nicephorus
2383 5412 2579 5487 euntem
2608 5402 2715 5487 lib.
2751 5419 2772 5464 1
2804 5398 2958 5487 Hist.
2983 5398 3335 5487 ecclesiastn
3361 5398 3620 5487 cap.23,

1978 5482 2186 5573 locum
2208 5487 2367 5573 nunc
2387 5482 3144 5573 _Epipbanii_nostri~citat.,
3177 5500 3246 5573 ac
3268 5482 3404 5573 fere
3433 5486 3619 5573 totum

1978 5565 2258 5628 exscribit
2284 5567 2346 5628 in
2385 5559 2551 5629 hunc
2597 5563 2875 5627 modum:
2927 5559 3023 5619 Ἦν
3071 5561 3126 5618 δὲ
3172 5565 3235 5619 τὸ
3265 5566 3416 5639 ἦθος,
3448 5562 3534 5617 καὶ
3582 5559 3618 5614 ἦ

1977 5646 2115 5727 θέσις
2184 5653 2282 5715 τῆς
2358 5651 2588 5727 μορφῆς-
2620 5646 2709 5700 καὶ
2760 5649 2862 5727 τῆς
2930 5641 3141 5727 ἡλικία-ς
3200 5644 3415 5727 αὐτῆς,Δ
3449 5639 3615 5727 οὕτως

1979 5725 2199 5808 ἔχοντα,
2237 5729 2323 5808 ὥς
2362 5721 2529 5808 ⁷φησιν
2562 5722 2903 5808 ἓᾜπιφάνιος.
2922 5723 3161 5808 ’Σιεμνὴ
3188 5725 3368 5808 φησὶν,
3387 5721 3451 5808 ᾖν
3481 5721 3616 5777 κατὰ

1976 5800 2169 5890 πάντα,
2187 5800 2356 5890 ’ὀλίγα
2383 5800 2470 5890 τε-
2493 5806 2579 5862 καὶ
2608 5800 2875 5884 ἀναγκαῖα
2922 5800 3175 5863 λαλοῦσαι.
3202 5800 3295 5866 Ἐἴ
3319 5800 3551 5883 reliqua
3580 5816 3616 5863 a

1976 5904 2073 5952 me
2099 5886 2374 5972 superius
2396 5886 2596 5951 allata.
