4068 6112
326 244 445 315 195

1636 253 1919 318 EPIPAN
1922 253 1981 315 II
2021 253 2395 319 MONAGHI.

3588 251 3701 321 196

328 385 412 466 pit
452 383 752 465 Josephus
795 384 985 461 faber,
1035 385 1195 447 ﬁlius
1243 384 1359 465 Eli,
1405 391 1465 446 et
1515 383 1799 465 patruelis
1844 384 1959 447 Ma-

2053 382 2161 465 σὴφ
2220 387 2248 441 6
2298 384 2518 462 τέκνων,
2574 388 2602 442 6
2655 389 2763 450 υἱὸς
2830 384 2946 445 Ἠλὶ
3000 390 3028 444 6
3085 385 3360 469 ἐξάδελφος
3421 388 3620 466 Μαρίας
3682 402 3697 418 ⁸

318 474 464 536 riae:
521 486 580 537 et
630 473 834 553 genuit
908 492 979 536 ex
1057 474 1189 556 ipsa
1257 492 1359 536 sex
1416 474 1592 549 ﬁlios,
1655 471 1966 547 Jacohum,

321 563 654 637 Simonem,
710 560 948 635 Judam,
1000 564 1180 626 Josen
1225 561 1373 643 (36),
1425 560 1644 637 Soben,
1678 561 1966 624 Martham

320 661 380 715 et
412 652 674 715 Mariam.
725 653 800 714 Et
849 661 1079 714 mortua
1129 661 1217 715 est
1259 651 1496 715 Salome
1545 670 1694 712 uxor
1724 653 1876 731 ejus,
1912 657 1970 712 et

318 742 611 822 Josephus
666 740 1013 804 viduitatem
1074 749 1133 803 et
1180 739 1607 804 continentiam
1655 738 1961 801 servabat:

318 851 508 896 annos
535 831 693 894 enim
726 841 898 893 natus
941 840 1070 895 erat
1116 831 1356 893 circiter
1403 830 1796 911 septuaginta,
1830 828 1962 908 opi-

322 922 433 985 bus
462 939 709 1003 pauper,
740 930 864 983 arte
912 921 1076 983 faber
1119 922 1271 1001 (37),
1326 921 1551 999 degens
1579 918 1636 980 in
1670 918 1964 980 Nazareth

321 1011 555 1075 civitate
601 1008 818 1073 Galilae.
874 1010 1055 1072 Maria
1102 1028 1236 1071 vero
1288 1008 1568 1070 manebat
1615 1008 1676 1069 in
1726 1009 1968 1071 Jerusa-

321 1100 437 1165 lem
470 1100 533 1161 in
557 1100 737 1162 domo
784 1100 1046 1165 Domini.
1097 1102 1173 1163 Et
1222 1118 1355 1160 cum
1405 1098 1557 1160 facta
1589 1104 1967 1161 essetanno-

320 1208 451 1253 rum
484 1189 913 1271 quatordecim,
958 1209 1074 1271 qua
1117 1197 1285 1251 aetate
1334 1185 1712 1249 imbecillitas
1741 1195 1968 1248 naturae

322 1279 672 1342 mulieribus
711 1278 1143 1353 manifestatur,
1194 1276 1533 1339 sacerdotes
1565 1274 1967 1337 existimantes

320 1387 448 1430 eam
500 1386 632 1429 esse
679 1368 906 1430 caeteris
952 1368 1196 1430 feminis
1244 1366 1502 1429 similem
1551 1365 1772 1445 (adhuc
1802 1364 1962 1427 enim

318 1456 518 1536 ignota
546 1464 718 1518 erant
748 1458 1024 1535 mysteria
1052 1456 1126 1519 ad
1157 1456 1317 1518 illam
1350 1454 1730 1536 spectantia),
1766 1452 1962 1517 consi-

319 1547 400 1608 lio
431 1555 654 1617 coacto,
692 1546 1019 1609 orationem
1053 1566 1161 1628 pro
1195 1548 1296 1608 illa
1326 1544 1675 1608 fundebant.

396 1636 550 1700 VIII.
602 1637 911 1699 Zacharias
967 1647 1162 1700 autem
1225 1639 1506 1717 princeps
1557 1634 1955 1708 sacerdotum,

2051 473 2139 529 καὶ
2196 471 2369 531 ἔτεκεν
2423 472 2475 540 ἐξ
2524 473 2687 542 αὐτῆς
2743 474 2795 541 ἓξ
2842 473 3020 532 παιδία
3075 493 3089 507 ⁸
3152 475 3425 552 ’[άκωϐον,
3485 478 3699 552 Σίμωνα

2052 558 2269 634 Ἰούδαν,
2330 561 2540 636 Ἰωσήν,
2601 561 2818 639 Σωϐἦν,
2878 566 3115 644 Μάρθαν,
3170 568 3259 622 καὶ
3314 566 3415 633 τὴν
3470 565 3695 643 Μαρίαν.

2052 652 2151 708 Καὶ
2179 650 2440 727 ἀμάθανεν
2496 651 2732 728 Σαλώμη
2780 655 2815 722 ἡ
2861 653 2995 730 γυνὴ
3042 653 3226 728 αὐτοῦ,
3275 656 3363 711 καὶ
3410 651 3588 730 διῆγεν
3644 652 3699 706 ἐν

2049 739 2244 817 χηρείᾳ
2268 742 2356 797 καὶ
2407 743 2717 821 σωφροσύνη
2759 743 2787 798 6
2840 739 3036 821 Ἰωσήφ
3092 760 3104 775 ⁸
3159 742 3292 799 ἐτῶν
3339 744 3440 821 γὰρ
3486 741 3550 809 ἧν
3582 740 3700 819 περί

2046 849 2148 883 που
2217 826 2576 905 ἑϐδομήκοντα
2650 850 2666 866 ⁸
2740 837 2809 907 τῇ
2875 833 3143 910 περιουσίᾳ
3216 830 3407 903 πένης,
3481 830 3576 897 τὴν
3645 825 3699 883 δὲ

2053 915 2250 995 τέχνην
2304 919 2501 976 τέκτων
2572 920 2892 1000 ἀκράτητος,
2966 917 3162 998 διάγων
3234 921 3308 984 εἷς
3374 920 3529 976 πόλιν
3598 922 3696 983 τῆς

2052 1003 2332 1070 Γαλιλαίας
2364 999 2735 1088 ΝαζαρέτςἩ
2784 1006 2839 1063 δὲ
2891 1009 3063 1087 Μαρία
3114 1009 3179 1076 ἧν
3226 1007 3280 1063 ἐν
3325 1005 3694 1088 Ἰερουσαλὴμ,

2051 1094 2123 1156 είς
2192 1096 2279 1152 τὸν
2351 1098 2503 1154 οἶκον
2576 1100 2786 1177 Κυρίου.
2844 1098 2944 1155 Καὶ
2999 1096 3288 1175 γενομένης
3343 1101 3506 1163 αὐτῆς
3564 1094 3695 1151 ἐτῶν

2050 1179 2466 1264 δεκατεσσάρων,
2514 1184 2602 1242 ὅτε
2648 1188 2737 1242 καί
2785 1190 2883 1252 τῆς
2930 1191 3036 1243 τῶν
3084 1192 3345 1264 γυναικῶν
3403 1185 3604 1265 φύσεως
3661 1185 3696 1250 ἡ

2048 1270 2286 1329 ἀσθένεια
2355 1271 2612 1334 δείκνυται
2690 1291 2702 1304 '
2779 1296 3088 1349 νομισαντες
3160 1275 3321 1337 αὐτὴν
3394 1275 3516 1348 μίαν
3591 1277 3697 1327 τῶν

2046 1358 2261 1417 πολλῶν
2308 1363 2565 1443 ὑπάρχειν
2616 1366 2661 1420 οἱ
2705 1366 2867 1442 ἱερεῖς
2921 1381 2935 1396 ⁸
2986 1361 3061 1418 ἔτι
3125 1364 3225 1442 γὰρ
3276 1359 3443 1428 ἄδηλα
3485 1362 3551 1417 τὰ
3578 1362 3694 1439 περὶ

2045 1447 2209 1516 αὐτὴν
2266 1452 2508 1532 ὑπῆρχεν
2578 1454 2838 1531 μυστήρια
2895 1467 2908 1480 ⁹
2970 1448 3281 1528 συμϐούλιον
3338 1453 3690 1526 ποιήσαντες,

2044 1535 2269 1605 ἔστησαν
2302 1541 2374 1603 είς
2405 1541 2714 1621 προσευχὴν
2744 1541 2862 1620 περὶ
2891 1540 3082 1608 αὐτῆς.

2128 1618 2216 1688 11⁸.
2270 1630 2534 1709 Ζαχαρίας
2588 1618 2645 1685 δέ
2694 1632 2721 1686 6
2779 1618 3076 1710 ἀρχιερεὺς,
3137 1633 3165 1686 6
3220 1630 3395 1708 πατὴρ
3450 1626 3693 1687 Ἰωάννου

316 1734 485 1808 pater
507 1727 752 1789 Joannis
781 1726 1078 1806 Baptism.
1142 1707 1396 1806 sumpsit
1425 1707 1741 1787 duodecim
1771 1723 1959 1803 virgas

2051 1726 2134 1774 τοῦ
2190 1707 2509 1793 Βαπτιστοο,
2559 1717 2745 1775 ἔλαϐεν
2802 1707 3001 1775 δωδεκα
3047 1716 3288 1798 ῥάϐδους,
3351 1707 3410 1774 ἐκ
3465 1723 3569 1772 τῶν
3620 1718 3692 1773 ἰε-

314 1817 488 1896 (38)a
517 1814 923 1876 sacerdotibus
950 1815 1411 1894 consanguineis
1435 1813 1710 1890 Virgines
1742 1829 1962 1892 easque

316 1904 515 1984 posuit
542 1904 764 1965 circum
796 1903 999 1975 alt-are,
1051 1904 1296 1965 dicens:
1352 1901 1641 1966 Ostendet
1672 1901 1961 1963 Dominus

318 1993 508 2070 signo.
545 1993 857 2071 cujusnam
917 1993 1114 2055 futura
1157 1993 1234 2053 sit
1283 1993 1461 2070 Virgo
1520 1991 1671 2051 Dum
1705 2007 1844 2049 vero
1876 1989 1960 2051 illi

315 2087 576 2151 orarent,
635 2075 989 2159 germinavit
1059 2081 1220 2157 virgo
1279 2079 1521 2159 Iosephi
1576 2077 1750 2139 fabri.
1808 2076 1957 2138 Tum

309 2168 537 2249 judicio
553 2168 1122 2245 Deidesponderunt
1144 2172 1195 2230 ei
1227 2168 1351 2250 (39)
1382 2167 1684 2246 Virginem
1717 2166 1955 2226 Mariam

312 2273 431 2318 non
461 2256 533 2318 ad
579 2256 834 2337 nuptias,
884 2258 990 2319 sed
1040 2259 1110 2319 ad
1171 2256 1505 2318 custodiam
1548 2267 1607 2318 et
1638 2272 1960 2316 conserva-

314 2347 539 2408 tionem
565 2348 931 2407 intemaratae
950 2347 1340 2426 virginitatis:
1367 2345 1548 2422 idque
1581 2343 1960 2406 manifestum

313 2442 404 2495 est
449 2452 517 2496 ex
567 2433 717 2515 ipsis
765 2434 962 2496 verbis
1018 2445 1237 2498 sancta;
1290 2433 1553 2512 Virginis
1600 2433 1809 2511 angelo
1841 2431 1960 2494 Ga-

316 2521 494 2583 brieli
525 2522 698 2584 dictis
720 2524 880 2598 (40):
919 2543 1054 2586 cum
1105 2525 1264 2585 enim
1314 2523 1366 2583 is
1415 2525 1468 2584 ei
1505 2531 1636 2602 post
1665 2522 1962 2584 salutatio-

312 2627 451 2673 nem
483 2610 952 2673 dixisset:Ec«:e
1009 2613 1317 2690 concipias
1365 2611 1590 2689 ﬁlium,
1642 2620 1696 2672 et
1724 2612 1963 2673 vocabis

2044 1806 2174 1885 ρέων
2217 1813 2324 1862 τῶν
2371 1828 2635 1886 συγγενων
2684 1813 2783 1874 τῆς
2832 1808 3114 1887 Παρθένου,
3164 1808 3251 1864 καὶ
3297 1806 3479 1873 ἔθηκεν
3533 1806 3691 1868 αὐτὰς

2142 1897 2156 1916 κ
2262 1897 2276 1915 κ
2833 1896 2843 1913 ι
3176 1896 3211 1913 υ.
3378 1897 3390 1917 ,

2044 1915 2159 1973 περι
2226 1917 2288 1951 το
2357 1898 2719 1975 θυσιαστήριον
2786 1895 2958 1975 λεγων
3020 1912 3032 1925 ⁸
3100 1906 3262 1962 Δειςει
3322 1905 3507 1974 Κυριος
3581 1916 3688 1961 σηι-

2043 1996 2219 2063 μεϊον,
2277 1986 2415 2047 τίνος
2469 1984 2613 2041 ἔσται
2664 1988 2698 2054 ἡ
2784 1984 3063 2064 Παρθένος.
3136 1983 3585 2064 Προσευχομένων
3640 1980 3694 2037 δὲ

2042 2075 2234 2145 αὐτῶν,
2297 2070 2621 2140 ἐϐλάστησεν
2679 2076 2713 2143 ἡ
2773 2071 2957 2152 ῥάϐδος
3021 2071 3216 2153 Ἰῶσὴφ
3275 2083 3364 2132 τοῦ
3421 2072 3691 2144 τέκτονος,

2044 2162 2131 2216 καὶ
2186 2160 2371 2217 λοιπόν
2418 2163 2582 2242 κρίσει
2638 2170 2791 2239 Θεοῦ,
2850 2165 3089 2240 ἥρμοσαν
3147 2168 3289 2236 αυτῷ
3335 2163 3433 2228 τὴν
3485 2159 3690 2239 Παρθέ-

2046 2272 2132 2305 νον
2168 2250 2371 2329 Μαρίαν
2422 2241 2548 2307 ⁸7οὒ
2596 2254 2726 2332 πρὸς
2776 2253 2970 2331 γάμον,
3024 2241 3147 2306 ἀλλ’
3197 2253 3271 2314 εἰς
3324 2248 3550 2331 φυλακὲν
3603 2250 3689 2305 καὶ

2045 2340 2360 2417 συντήρησιν
2438 2345 2536 2407 τῆς
2609 2342 2906 2416 ἀμωμήτου
2972 2341 3275 2420 παρθενίας,
3365 2340 3462 2396 Καὶ
3537 2347 3688 2396 τοῦτο

2043 2425 2205 2493 δῆλον
2263 2427 2311 2492 ἐξ
2368 2433 2536 2487 αὐτῶν
2590 2437 2696 2487 τῶν
2750 2430 3004 2508 ῥημάτων
3059 2433 3156 2495 τῆς
3217 2428 3368 2507 ἁγίας
3428 2427 3688 2508 Πκρθένου

2044 2522 2149 2571 τῶν
2196 2516 2496 2594 λεγομένων
2543 2521 2674 2598 πρὸς
2732 2522 2823 2575 τὸν
2854 2516 3078 2597 άγγελον
3127 2514 3362 2596 Γαϐριήλ
3396 2531 3409 2544 ⁸
3448 2517 3684 2579 εἰπόντος

2044 2605 2142 2684 γὰρ
2199 2610 2358 2665 αὖτοῦ
2412 2609 2543 2685 πρὸς
2599 2608 2789 2685 αὐτὴν,
2850 2609 2985 2681 μετὰ
3032 2609 3122 2664 τὸν
3183 2606 3462 2681 ἀσπασμον
3510 2622 3526 2639 ⁸
3606 2604 3685 2660 ὅτι

312 2716 530 2762 nomen
556 2702 683 2778 ejus
706 2703 937 2776 Iesum,
960 2708 1015 2764 et
1029 2701 1197 2764 dabit
1221 2706 1278 2759 ei
1298 2702 1589 2761 Domivus
1602 2700 1768 2760 Deus
1790 2699 1958 2761 thro-

2051 2718 2077 2749 α
2133 2693 2262 2752 Ἰδοὺ
2332 2696 2581 2773 συλλήψῃ
2649 2700 2780 2773 υἱὸν,
2826 2699 2913 2754 καὶ
2954 2695 3194 2760 καλέσεις
3264 2698 3325 2754 τὸ
3391 2692 3557 2770 ὄνομα
3597 2693 3685 2750 αὖ·

311 2806 461 2850 num
491 2788 696 2851 David
723 2791 919 2869 patris
949 2790 1103 2861 eius.
1167 2798 1225 2850 et
1274 2796 1527 2849 caetera:
1563 2788 1873 2868 respondit
1904 2789 1959 2850 ei

2051 2793 2131 2841 τοῦ
2200 2782 2427 2865 Ἰησοῦν,
2490 2788 2579 2842 καὶ
2638 2784 2792 2842 δώσει
2866 2786 3011 2842 αὒτω
3084 2795 3267 2863 Κυριος
3326 2787 3355 2840 6
3412 2785 3540 2846 Θεὸς
3595 2785 3685 2838 τὸν

312 2873 489 2955 Virgo
517 2894 530 2938 :
570 2876 877 2950 Quomodo
906 2877 1011 2956 ﬁet
1040 2877 1193 2939 mihi
1222 2877 1408 2953 istud,
1443 2878 1726 2954 quoniam
1758 2878 1959 2939 virum

2051 2872 2218 2950 θρόνον
2294 2872 2461 2929 Δαυ“ιδ
2528 2884 2620 2933 τοῦ
2675 2877 2873 2954 πατρὸς
2929 2874 3094 2933 αὐτοὺ
3129 2896 3153 2930 ι
3191 2889 3204 2903 ·
3258 2874 3346 2930 καὶ
3391 2873 3457 2928 τὰ
3497 2870 3617 2938 ἑξῆς
3664 2889 3684 2907 ⁸

312 2982 435 3027 non
461 2982 747 3045 cognosco
774 2967 807 3016 3
834 2965 864 3026 ‘I
895 2964 1041 3027 Nam
1095 2966 1146 3027 si
1191 2963 1488 3046 Josephus
1519 2965 1959 3042 conjunctionis

2051 2959 2288 3040 ἷιπεκρίθη
2346 2966 2489 3037 αὑτῷ
2527 2964 2562 3030 ἡ
2624 2963 2984 3046 Παρθένοςξι(
3019 2969 3141 3026 Ηῶς
3193 2962 3336 3018 ἔσται
3387 2983 3476 3037 μοι
3508 2971 3684 3041 τοῦτο,

309 3053 465 3134 (41),
519 3042 579 3115 et
629 3054 915 3118 connubii
975 3054 1105 3133 lege
1161 3073 1291 3116 eam
1338 3042 1793 3133 despondisset,
1839 3073 1958 3116 non

2051 3047 2153 3105 ἐπεὶ
2210 3047 2369 3128 ἄνδρα
2424 3054 2483 3109 οὐ
2530 3052 2776 3129 γινώσκω
2812 3074 2835 3109 ι)
2874 3071 2891 3131 ;
2928 3042 2984 3109 (Ο
3017 3052 3117 3131 γὰρ
3151 3049 3348 3130 Ἰωσὴφ
3392 3049 3540 3125 νόμῳ
3589 3071 3686 3106 συ-

314 3142 398 3204 ita
424 3142 550 3222 ipsa
606 3144 1040 3224 respondisset,
1094 3143 1202 3205 sed
1253 3141 1538 3204 dixisset:
1574 3141 1657 3203 Ex
1688 3142 1835 3218 viro,
1863 3139 1959 3204 cui

2051 3139 2217 3214 ζυγίας
2272 3140 2360 3194 καὶ
2414 3139 2571 3216 γάμῳ
2615 3140 2777 3207 αὐτὴν
2820 3139 3215 3219 ἧρμοσάμενος,
3267 3143 3361 3197 οὐκ
3411 3136 3473 3193 ἂν
3515 3137 3682 3200 οὕτως

313 3239 497 3312 nupta
543 3249 697 3305 sum,
744 3240 845 3293 aut
891 3236 1270 3311 desponsata,
1320 3231 1565 3292 omnino
1597 3231 1953 3311 concipiam.

2051 3226 2354 3306 ὶπεκρίνατο
2399 3244 2414 3259 ⁸
2472 3226 2590 3285 ἀλλ’
2641 3230 2796 3286 εἶπεν
2845 3230 2933 3286 οὖν
2980 3248 2996 3265 ⁸
3048 3228 3127 3285 ὅτι
3176 3226 3271 3286 Ἐκ
3315 3236 3405 3285 τοῦ
3455 3227 3688 3306 ἁρμοσα-

312 3319 430 3383 Sed
473 3339 607 3381 cum
637 3319 840 3403 sciret,
896 3322 1052 3402 quod
1113 3320 1165 3381 is
1222 3320 1411 3400 ipsam
1468 3329 1781 3399 acceperat
1837 3339 1956 3381 non

2051 3316 2199 3387 αένου
2256 3313 2460 3394 ἀνδρὸς,
2523 3317 2559 3383 ἢ
2613 3324 2704 3374 τοῦ
2771 3317 3231 3393 μνηστευσαμένου
3286 3317 3496 3377 πάντῶς
3554 3313 3685 3371 συλ-

310 3407 599 3470 connubii
655 3428 854 3479 causa,
913 3408 1018 3470 sed
1076 3409 1151 3470 ad
1202 3427 1334 3470 eam
1391 3408 1839 3471 custodiendam
1899 3417 1958 3471 et

310 3495 798 3572 conservandam,
826 3496 973 3559 dixit
993 3515 1062 3558 ea
1087 3496 1267 3559 verba
1287 3495 1554 3558 veritatis
1577 3496 1698 3578 (42)
1732 3497 1907 3576 plena
1935 3515 1949 3560 :

313 3584 616 3660 Quomodo
645 3585 751 3662 ﬁet
775 3586 928 3647 mihi
950 3587 1133 3659 istud,
1159 3586 1445 3667 quoniam
1480 3588 1683 3648 virum
1711 3603 1836 3648 non
1863 3604 1954 3648 co-

307 3672 578 3752 gnosco?
607 3671 738 3733 Non
783 3692 916 3736 sum
960 3674 1174 3736 tradita
1223 3674 1346 3735 viro
1395 3674 1675 3754 nuptialis
1700 3675 1954 3754 conjun-

308 3760 523 3824 ctionis
566 3779 766 3836 causa,
819 3764 924 3825 sed
973 3771 1038 3824 ut
1094 3772 1382 3843 perpetuo
1442 3763 1666 3824 munda
1713 3762 1874 3842 virgo
1900 3770 1959 3826 et

308 3852 571 3913 intancta
603 3869 893 3915 servarer.
930 3849 1284 3932 Hujusmodi
1315 3870 1459 3932 ergo
1485 3852 1597 3914 fuit
1625 3853 1955 3933 desponsa-

314 3938 493 4003 tionis
523 3958 726 4003 causa.

388 4112 484 4180 IX.
519 4121 774 4201 Accepta
800 4127 997 4181 autem
1016 4117 1313 4200 Josephus
1338 4119 1606 4199 patruele
1642 4137 1749 4180 sua
1776 4119 1960 4183 Maria

2038 3402 2279 3479 λήψομαι
2338 3423 2350 3436 ⁸
2403 3403 2522 3461 ἀλλ’
2578 3405 2744 3463 εἰδυῖα
2799 3403 3053 3487 ἀκριϐῶς,
3106 3403 3185 3461 ἵτί
3231 3410 3290 3464 οὗ
3332 3407 3462 3484 πρὸς
3512 3405 3683 3483 γάμον

2036 3492 2202 3559 αυτὴν
2273 3490 2481 3570 ἔλαϐεν,
2548 3493 2667 3551 ἀλλ’
2745 3497 2818 3559 εἰς
2884 3493 3124 3574 φυλακὴν
3183 3495 3271 3550 καὶ
3340 3494 3682 3572 συντήρησιν,

2035 3580 2191 3636 εἶπεν
2235 3579 2409 3637 ἐκεῖνο
2454 3583 2599 3658 ῥῆμα
2647 3584 2708 3639 τὸ
2763 3583 2928 3660 γέμον
2952 3589 3127 3639 πᾶσαν
3172 3581 3420 3652 ἀλήθειαν
3453 3600 3471 3616 ⁸
3510 3603 3534 3637 ιι
3562 3587 3682 3643 Πῶς

2036 3668 2179 3727 ἔσται
2238 3692 2326 3746 μοι
2380 3681 2557 3752 τοῦτο,
2633 3673 2746 3728 ἐπεὶ
2815 3669 2970 3751 ἄνδρα
3002 3676 3062 3730 οὒ
3103 3672 3349 3749 γινώσκω
3396 3694 3421 3727 ιο
3459 3691 3477 3751 ;
3524 3693 3681 3730 τουτ-

2038 3758 2179 3815 έστιν
2241 3777 2256 3793 ⁸
2309 3759 2404 3816 οὒκ
2451 3759 2689 3829 ἐξεδόθην
2744 3758 2888 3840 ἀνδρὶ
2942 3762 3074 3840 πρὸς
3126 3762 3361 3839 γαμικὴν
3418 3761 3682 3839 συνυσίαν,

2036 3846 2174 3904 ἀλλὰ
2216 3849 2278 3904 τὸ
2333 3847 2671 3927 φυλάττεσθαι
2725 3847 2980 3917 διηνεκῶς
3030 3870 3096 3925 με
3150 3849 3406 3928 παρθένον
3457 3849 3683 3928 καθαρὰν

2038 3938 2125 3993 καὶ
2180 3936 2467 4017 ἀνέπαφον.
2529 3943 2627 3997 Καὶ
2682 3938 2816 4005 αὕτη
2868 3938 2964 4014 μὲν
3029 3938 3118 3996 οὖν
3175 3938 3240 4003 ἦν
3286 3939 3322 4006 ἡ
3379 3942 3478 4004 τῆς
3535 3960 3681 4013 μνη-

2039 4026 2213 4089 στιίας
2248 4027 2404 4088 αἰτία.
2860 4086 2867 4094 _

2124 4106 2207 4177 ϐ’.
2262 4114 2587 4195 Παραλαϐὼν
2643 4114 2698 4172 δὲ
2749 4113 2947 4197 Ἰωσὴφ
2992 4116 3091 4183 τὴν
3141 4113 3423 4196 ἐξαδέλφην
3483 4117 3683 4193 Μαρίαν

310 4222 531 4302 emanu
550 4206 809 4280 Domini,
828 4207 1165 4269 etomnium
1188 4207 1562 4271 sacerdotum
1584 4206 1674 4271 rei
1691 4207 1953 4283 testium,

2051 4205 2101 4262 ἐκ
2167 4208 2350 4286 χειρὸς
2423 4206 2606 4285 Κυρίου
2674 4206 2762 4261 καὶ
2825 4205 3096 4283 μαρτύρων
3169 4205 3381 4260 πάντων
3450 4210 3558 4261 τῶν
3614 4207 3685 4260 ἱε-

309 4292 553 4355 deduxit
584 4314 715 4356 eam
747 4295 808 4355 in
839 4295 1083 4355 domum
1116 4312 1306 4376 suam,
1343 4305 1401 4356 et
1429 4296 1674 4357 tradidit
1703 4296 1756 4358 ei
1788 4295 1957 4359 binas

2051 4294 2193 4367 >έων,
2266 4295 2570 4373 κατήγαγεν
2639 4294 2803 4360 αὐτὴν
2860 4296 2931 4357 εἰς
2988 4295 3078 4350 τὸν
3134 4293 3290 4350 οἶκον
3348 4293 3529 4369 αὐτοῦ,
3596 4296 3683 4349 καὶ

310 4382 463 4445 ﬁlias
494 4400 652 4457 suas,
700 4390 762 4443 ut
808 4400 910 4443 eas
957 4382 1126 4463 quasi
1180 4401 1321 4443 suas
1373 4383 1498 4463 (43)
1548 4384 1862 4465 sapientia,
1899 4393 1959 4446 et

306 4470 701 4550 intelligentia
721 4470 1064 4534 instrueret.
1086 4469 1216 4550 Ipsa
1233 4479 1431 4534 autem
1444 4472 1766 4550 degebatin
1778 4472 1954 4535 domo

303 4557 549 4640 Josephi
582 4578 715 4620 cum
748 4558 911 4620 omni
942 4559 1299 4641 humilitate,
1356 4567 1415 4621 et
1444 4560 1748 4639 gravitate.
1773 4561 1956 4623 Cum-

303 4670 422 4734 que
448 4651 533 4712 ibi
562 4651 849 4715 manisset
878 4668 982 4713 sex
1035 4670 1296 4729 menses,
1328 4660 1387 4714 et
1438 4653 1513 4715 de
1561 4672 1725 4716 more
1746 4655 1957 4735 jejuna

306 4744 460 4808 foret
513 4743 674 4809 circa
721 4745 928 4807 horam
973 4763 1190 4807 nonam
1239 4744 1619 4828 diei'orante
1669 4747 1821 4828 ipsa,
1850 4767 1952 4811 re-

382 4904 417 4955 3
441 4903 582 4967 Luc.
615 4921 657 4982 ι,
687 4903 900 4969 31-34.

2037 4381 2337 4462 παρέδωκεν
2389 4383 2523 4460 αὐτῇ
2569 4385 2663 4446 τὰς
2734 4381 2823 4438 δύο
2890 4382 3179 4463 θυγατέρας
3243 4384 3422 4463 αὐτοῦ,
3476 4382 3680 4461 σοφίσαι

2037 4474 2124 4529 καὶ
2195 4474 2453 4531 συνετίσαι
2525 4472 2688 4539 αὐτὴν
2757 4474 2830 4535 ὡς
2900 4471 3113 4544 ἑαυτάς,
3169 4462 3231 4527 ’Π
3283 4468 3340 4526 δὲ
3393 4468 3570 4548 διῆγεν
3626 4469 3687 4523 ἐν

2036 4570 2113 4638 τῷ
2166 4573 2259 4622 τοῦ
2318 4559 2511 4642 Ἰωσὴφ
2563 4561 2701 4636 οἴκῳ
2772 4561 2905 4637 μετὰ
2968 4561 3146 4627 πάσης
3201 4558 3677 4638 ταπεινοφροσύνης

2036 4673 2093 4708 τε
2151 4653 2239 4708 καὶ
2294 4652 2619 4728 σεμνότητος
2673 4667 2687 4681 ⁸
2735 4652 3005 4721 ποιήσασα
3047 4647 3101 4705 δὲ
3149 4649 3202 4706 ἐν
3232 4651 3373 4723 αὖτῷ
3403 4653 3573 4724 μῆνας
3602 4645 3678 4727 ἒξ,

2034 4743 2123 4798 καὶ
2192 4742 2428 4811 συνήθως
2492 4742 2834 4814 νηστεύουσα,
2906 4739 3024 4817 περὶ
3094 4736 3235 4817 ὥραν
3310 4737 3531 4805 ἐννάτην
3582 4740 3677 4800 τῆς

1704 5052 2063 5135 Mingarellii
2095 5057 2271 5114 notre.

386 5157 523 5245 (36)_
571 5155 728 5220 Vide
784 5163 968 5225 Marc.
1030 5178 1110 5240 v1,
1167 5166 1205 5226 3
1253 5184 1269 5245 ς
1325 5169 1579 5245 quatuor
1623 5160 1686 5224 hi
1742 5160 1953 5226 fratres

305 5238 528 5303 Christi
558 5252 976 5318 recensentur,
1009 5238 1517 5305 ac'nomina'utur.

387 5322 511 5405 (3i)
546 5318 842 5405 Ip_Grzeco
875 5322 1135 5398 additur,
1165 5326 1484 5405 ἀκράτητος.
1514 5323 1656 5405 Quae
1678 5339 1789 5405 vox
1813 5321 1954 5403 quid

305 5400 409 5484 hic
420 5399 750 5484 signiﬁcet,
777 5408 877 5462 aut
896 5405 1192 5484 quomodo
1220 5399 1591 5468 emendanda
1604 5403 1701 5475 sit,
1722 5399 1950 5484 ignoro.

390 5478 509 5562 (38i
547 5480 632 5541 Ex
662 5489 888 5543 vetusta
913 5478 1141 5562 "haece,
1189 5485 1300 5548 etsi
1349 5485 1599 5559 incerta,
1631 5478 1955 5545 traditione

308 5559 612 5646 derivatus
661 5567 751 5620 est
801 5579 935 5623 mos
985 5559 1270 5646 pingendi
1321 5563 1384 5629 S.
1444 5562 1769 5645 Josephum
1817 5581 1955 5626 cum

307 5641 476 5720 virga
491 5640 940 5720 reﬂorescente.

383 5717 507 5803 (39)
571 5719 818 5785 Codex:
879 5724 1189 5803 δρμώσαντο
1245 5727 1345 5795 τὴν
1410 5725 1687 5806 παρθένον.
1744 5723 1947 5804 Lego:

2032 5157 2444 5241 ἥρμοσαν-αὖτῷ
2473 5158 2571 5221 τὴν
2600 5153 2873 5241 παρθένον.

2118 5240 2238 5321 (40)
2276 5226 2472 5298 Codex
2498 5251 2542 5321 :_
2569 5237 2629 5291 τὸ
2672 5226 2979 5321 γενόμενον.
3009 5226 3354 5309 Legendum
3379 5232 3487 5286 τῶν
3515 5248 3678 5305 γενο-

2039 5313 2235 5399 μένων,
2264 5322 2366 5377 aut
2390 5322 2498 5399 τῶν
2526 5313 2851 5399 λεγομένων,

2122 5396 2250 5482 (4t)
2269 5397 2481 5482 _Codex
2504 5412 2518 5457 :
2553 5396 2848 5482 συνζυγίας.

2117 5465 2242 5557 (‘42;
2269 5479 2335 5541 In
2366 5477 2581 5557 Graeco,
2602 5465 2921 5557 dicendum
2965 5477 3141 5557 erat:
3190 5469 3372 5557 nam
3401 5465 3675 5557 ἀλῃθειας.

2039 5547 2162 5624 Sed
2209 5547 2314 5623 aut
2362 5556 2644 5638 auctoris,
2687 5564 2801 5638 aut
2817 5552 3058 5638 librarii
3106 5548 3414 5614 oscitantis
3457 5547 3674 5610 factum

2039 5649 2153 5719 est,
2186 5647 2252 5701 ut
2275 5638 2507 5719 legatur
2533 5653 2546 5699 ε
2580 5635 2754 5719 πᾶσαν
2781 5635 3052 5719 ἀλήθειαν,

2115 5709 2239 5802 (ita)
2265 5709 2592 5796 In'Gx-aaco,
2622 5720 2696 5782 ὡς
2728 5717 2944 5783 ἑαυτάς.
2973 5709 3252 5783 Barbare.
