4068 6112
334 281 433 351 197

1558 266 1656 348 DE
1700 266 1893 347 VITA
1937 254 2423 343 BgvaINIs.

3568 279 3679 343 198

322 419 528 498 ἡμέρας,
585 417 1032 500 προσευχομένης
1097 424 1281 493 αυτῆς,
1342 417 1683 498 ἀπεκαλύφθη
1739 418 1873 492 αὒτῇ
1928 416 1977 473 6.

2064 410 2271 473 relatus
2302 418 2391 473 est
2419 413 2471 473 ei
2506 411 2895 487 archangelus
2943 411 3191 474 Gabriel
3241 413 3458 474 missus
3486 428 3520 475 a
3548 411 3697 488 Deo,

318 506 644 587 ἀρχάγγελος
716 505 952 588 Γαϐριὴλ
1024 506 1334 571 ἀποσταλεὶς
1406 508 1549 586 παρὰ
1608 514 1737 565 Θεοῦ
1806 522 1819 536 ⁸
1877 504 1965 561 καὶ

318 594 522 661 ἐξεῖπεν
547 600 683 672 αὐτῇ
727 597 903 653 πάντα
961 597 1031 653 τὰ
1082 597 1343 675 μυστήρια
1392 596 1459 651 τὰ
1497 597 1617 674 περὶ
1664 604 1757 654 τοῦ
1805 615 1965 669 μονο-

316 694 497 759 γενοῦς
569 687 690 741 (to?)
761 690 857 741 τοῦ
927 692 1083 755 Θεοῦ,
1153 682 1246 747 ὅςα
1315 684 1401 740 καὶ
1449 696 1569 746 τοῖς
1627 681 1963 760 Εὐαγγελίοις

314 772 728 853 ἀναγέγροπται.
779 798 807 829 α
856 776 955 833 Καὶ
1018 771 1179 837 οὐδεὶς
1209 770 1345 852 ἔγνω
1401 775 1462 829 τὸ
1502 774 1720 852 γεγονὸς
1764 772 1822 828 έκ
1876 776 1967 827 τοῦ

316 861 470 918 οἴκου
535 865 700 931 αὒτῆς
769 862 886 923 οὖδέ
957 862 1252 941 ἀπήγγειλέ
1318 885 1444 933 τινι,
1501 862 1618 918 οὔτε
1675 863 1770 937 μὲν
1829 866 1969 934 αὖτῷ

317 957 397 1025 τῷ
452 950 675 1033 Ἰωσὴφ,
734 953 837 1017 ἕως
896 955 956 1010 οὗ
1011 950 1125 1008 ἴδεν
1175 954 1247 1016 εἷς
1308 951 1557 1035 ούρανοὺς
1612 950 1971 1029 ἀνερχόμενον

318 1040 410 1095 τὸν
464 1043 584 1096 Υἱὸν
657 1044 846 1110 αὖτῆς.
924 1042 1023 1099 Διὰ
1090 1048 1245 1097 τοῦτο
1311 1040 1454 1120 λέγει
1520 1043 1549 1097 6
1596 1038 1970 1116 εὒαλγελιστὴς

318 1131 591 1193 Πατθαῖος
665 1147 679 1161 ·
758 1132 858 1190 Καὶ
940 1133 1034 1190 οὐκ
1116 1130 1395 1208 ἐγίνωσκεν
1476 1129 1662 1208 αὐτὴν³
1741 1125 1840 1190 ἕως
1914 1129 1973 1182 οὗ

313 1215 494 1273 ἔτεκεν
575 1220 666 1275 τὸν
735 1222 843 1276 υἱον
914 1219 1078 1287 αύτῆς
1131 1222 1221 1275 τὸν
1273 1220 1607 1297 πρωτότοκον
1661 1240 1683 1274 e
1737 1232 1751 1246 '
1827 1238 1974 1271 τουτ-

314 1305 459 1360 έστιν
508 1325 527 1342 ο
583 1306 677 1364 οέκ
729 1307 1010 1385 ἐγίνωσκεν
1061 1309 1126 1364 τὰ
1177 1309 1436 1386 μυςτήρια
1492 1314 1583 1363 τοῦ
1641 1312 1795 1379 Θεοῦ,
1857 1302 1972 1360 οὒδὲ

312 1395 376 1450 τὸ
444 1395 810 1475 κεκρυμμένον
896 1397 1054 1473 βάθος
1124 1403 1229 1454 τῶν
1313 1393 1397 1452 ἐπ’
1458 1395 1591 1471 αὗτῇ
1645 1392 1972 1469 τελουμένων

314 1474 675 1561 πραγμάτων.
727 1474 824 1541 Ἠν
880 1484 935 1541 δὲ
989 1485 1162 1565 ἡμέρα
1217 1491 1317 1552 τῆς
1375 1482 1657 1560 ἑϐδομάδος
1715 1483 1901 1562 πρώτη
1957 1498 1969 1511 ⁸

310 1573 454 1628 κατὰ
513 1571 569 1627 δὲ
627 1574 716 1630 τὸν
774 1574 1087 1640 σεληνιακὸν
1135 1572 1328 1630 κύκλον
1374 1574 1480 1648 μὴν
1532 1579 1762 1652 πρῶτος,
1807 1570 1970 1648 ἤγουν

312 1657 630 1738 Ἀπρίλλιος
695 1678 709 1692 ⁸

314 1749 565 1807 ἐνιαυτού
619 1770 635 1786 ⁸
684 1752 842 1807 air-:05
888 1751 1073 1829 πρώτη
1123 1749 1320 1831 ἡμέραῖ
1367 1749 1419 1805 ἐν
1480 1755 1515 1826 ᾗ
1568 1751 1631 1805 τὸ
1676 1748 1973 1827 πρωτόκτιο

310 1859 440 1894 στον
497 1837 674 1907 ἠλάθη
718 1842 905 1903 σκότος
961 1856 975 1870 ·
1028 1840 1296 1896 καὶεῖπεν
1345 1841 1374 1895 6
1417 1840 1545 1902 Θεός
1584 1854 1597 1868 ⁸
1634 1859 1656 1893 (ι
1694 1839 1975 1906 Γενηθήτω

308 1932 451 2005 φῶς,
516 1928 608 1983 καὶ
663 1928 869 2006 ἐγένετο
927 1933 1040 2008 φῶς
1071 1952 1099 1983 ››
1144 1949 1154 1959 ·
1219 1928 1325 2002 μὴν
1376 1925 1430 1982 δὲ
1485 1926 1661 2001 ἕκτος,
1697 1923 1976 2005 ἀφἐοὗπερ

314 2013 581 2082 ἰωᾶννης
643 2019 671 2072 6
731 2018 1032 2084 Βαπτιστὴς
1091 2015 1388 2096 συνελήφθη
1425 2034 1437 2047 ’
1497 2023 1575 2090 τῷ
1618 2016 1719 2094 γάρ
1770 2013 1977 2090 ἑϐδόμῳ

317 2105 449 2177 μηνὶ
506 2110 609 2172 τῆς
668 2108 1069 2183 Σκηνοπηγίας.
1132 2104 1546 2179 ἐπιτελουμένων
1597 2111 1702 2161 τῶν
1750 2102 1973 2182 Ἐγκαι-

315 2192 442 2248 νίων
521 2195 610 2249 καὶ
679 2200 777 2260 τῆς
847 2195 1228 2274 καταπαύσεως
1299 2200 1400 2260 τῆς
1469 2191 1720 2274 κιϐωτοῦ,
1791 2192 1974 2249 λοιπὸν

314 2281 568 2348 εἰσῆλθεν
624 2285 696 2345 εἷς
752 2284 818 2339 τὰ
873 2267 1025 2360 Ἅγια
1077 2289 1181 2340 τῶν
1226 2283 1387 2360 ἁγίων
1459 2283 1789 2360 μονώτατος,
1842 2283 1977 2339 κατὰ

313 2372 408 2426 τὸν
474 2371 644 2446 νόμον
714 2379 807 2428 τοῦ
878 2375 1145 2447 θυμιᾶσαι.
1217 2373 1306 2428 καὶ
1359 2370 1509 2451 ὤιρθη
1561 2373 1700 2447 αύτῷ
1751 2371 1975 2450 ἅγγελος

318 2456 586 2538 Γαϐριή).,
646 2458 779 2516 Ἀπὸ
830 2460 950 2516 τότε
995 2460 1082 2517 οὖν
1142 2464 1187 2517 οἱ
1236 2465 1399 2535 μῆνες
1445 2459 1802 2538 ἀριθμοῦνται,
1842 2460 1978 2516 κατὰ

314 2548 407 2603 τὸν
453 2546 780 2614 σεληνιακὸν
824 2547 1015 2605 κύκλον
1058 2565 1071 2578 '
1132 2549 1344 2628 ὕστερον
1403 2546 1458 2603 δὲ
1515 2547 1874 2618 ἐπενοήθησαν
1929 2551 1975 2603 οἳ

318 2633 680 2716 ἐνδικτιῶνες,
712 2638 801 2693 καὶ
830 2640 879 2693 οἱ
909 2643 1071 2713 μῇνες
1101 2639 1243 2716 παρὰ
1277 2629 1573 2712 Ῥωμαίοις.

399 2715 468 2782 ι’.
506 2727 579 2783 Τὸ
629 2724 683 2781 δὲ
730 2727 900 2782 εἰπεῖν
955 2726 1053 2792 τὴν
1098 2715 1252 2804 ἅγιαν
1300 2725 1556 2805 Παρθένον
1608 2728 1738 2805 πρὸς
1769 2728 1858 2781 τὸν
1888 2725 1979 2805 ἆρ-

318 2814 601 2897 χάγγελον
654 2816 669 2831 ’
710 2837 739 2869 α
762 2821 884 2877 HG);
915 2813 1057 2871 ἔσται
1088 2838 1177 2890 μοι
1225 2825 1397 2890 τοῦτο,
1446 2814 1558 2872 ἐπεὶ
1595 2813 1751 2895 ἄνδρα
1780 2818 1840 2872 οὗ
1886 2839 1976 2893 γι·

317 2906 518 2961 νώσκω
560 2927 582 2957 n
622 2921 641 2981 ς
695 2904 869 2965 καθὼς
895 2905 985 2959 καὶ
1039 2901 1389 2982 προλαϐόντες
1448 2905 1730 2982 εἰρήκαμεν
1790 2919 1802 2932 ·
1864 2901 1980 2983 ἔχει

318 2996 405 3051 καὶ
464 2993 657 3071 ἑτέραν
714 2993 832 3048 τινὰ
888 2991 1114 3063 ἔννοιαν,
1172 2996 1265 3050 οὒκ
1320 2990 1617 3064 ἂπᾴδουσαν
1673 2998 1771 3060 τῆς
1827 2993 1978 3071 πρώ-

318 3105 417 3150 της
444 3084 546 3138 καὶ
586 3082 842 3159 προτέρας
885 3082 1040 3154 ἡμῶν
1082 3078 1382 3157 διηγήσεως
1434 3096 1448 3109 ⁸
1500 3081 1763 3137 τουτέστιν
1805 3099 1818 3113 ·

320 3170 416 3250 δρα
478 3172 583 3225 οὒκ
636 3168 875 3243 ἐπιθυμῶ
916 3183 931 3198 ⁸
992 3167 1176 3247 ἀνδρὸς
1225 3168 1499 3244 ἐπιθυμίαν
1547 3172 1606 3226 οὗ
1663 3170 1928 3245 κέκτημαι
1964 3185 1978 3199 ⁹

319 3264 417 3320 οὒκ
480 3259 613 3317 οἶδα
664 3257 870 3333 θέλημα
939 3265 1192 3338 σαρκικῆς
1266 3258 1537 3334 ἐπιθυμίας
1605 3259 1786 3340 ἀνδρός
1848 3276 1862 3290 ·
1925 3262 1985 3316 οὗ

1870 3048 1978 3138 in-
1997 3048 2041 3111 α

2047 510 2107 564 et
2160 500 2480 562 declaravit
2533 502 2590 562 ei
2649 500 2850 561 omnia
2926 500 3204 582 mysteria
3259 501 3333 563 de
3391 501 3697 581 unigenito

2048 589 2200 652 Filio
2235 588 2360 660 Dei,
2391 607 2523 668 quae
2553 598 2610 650 et
2654 588 2715 650 in
2766 589 3104 667 Evangeliis
3128 668 3131 671 δ
3154 588 3376 670 scripta
3419 598 3559 650 sunt
3592 607 3607 651 :
3642 599 3701 653 et

2048 696 2223 739 nemo
2277 676 2517 738 rescivit
2575 677 2730 757 quod
2789 677 3006 737 factum
3062 690 3188 739 erat
3236 696 3303 739 ex
3354 678 3531 739 domo
3564 696 3691 755 sua,

2050 785 2162 828 nec
2190 767 2315 846 ipsa
2345 765 2404 827 id
2435 765 2707 847 cuiquam
2762 766 3148 840 annuntiavit,
3202 785 3277 828 ne
3308 765 3421 847 ipsi
3454 765 3695 847 quidem

2050 853 2334 936 Joseplio,
2379 855 2571 915 donec
2591 853 2806 914 viditin
2839 855 3453 916 cmlosascendentem
3479 854 3694 918 Filium

2056 960 2251 1006 suum.
2285 942 2426 1005 Ideo
2457 942 2603 1003 dicit
2631 943 2989 1022 evangelista
3040 944 3351 1005 Matthazus
3386 964 3398 1003 :
3452 944 3534 1006 Et
3580 962 3703 1008 non

2055 1032 2435 1113 cognoscebat
2451 1048 2577 1093 eam
2590 1078 2604 1105 ,
2620 1030 2805 1093 donec
2818 1033 3054 1112 peperit
3069 1032 3267 1111 ﬁlium
3286 1050 3460 1094 suum
3471 1035 3703 1113 primo-

2054 1121 2421 1201 genitum4:
2472 1119 2584 1181 hoc
2633 1129 2752 1181 est:
2798 1138 2915 1180 non
2965 1120 3361 1198 cognoscebat
3422 1122 3701 1203 mysteria

2056 1209 2188 1283 Dei,
2222 1228 2331 1270 nec
2361 1206 2769 1270 absconditam
2811 1208 3267 1288 profunditatem
3311 1228 3534 1292 rerum,
3568 1230 3698 1293 quae

2056 1298 2116 1359 in
2148 1316 2218 1360 ea
2267 1297 2748 1378 perﬁciebantur.
2794 1298 2936 1358 Erat
2985 1306 3181 1357 autem
3209 1297 3338 1360 dies
3368 1299 3699 1361 hebdoma-

2059 1386 2149 1447 dis
2180 1385 2370 1467 prima
2398 1405 2412 1445 :
2447 1393 2505 1447 et
2528 1386 2695 1464 juxta
2725 1384 2993 1446 lunarem
3050 1386 3281 1466 cyclum
3314 1388 3541 1449 mensis
3574 1388 3700 1469 pri-

2060 1493 2215 1547 mus,
2273 1493 2490 1554 nempe
2543 1473 2763 1554 Aprilis
2824 1474 2942 1554 (hic
2981 1482 3070 1535 est
3120 1476 3341 1537 mensis
3382 1477 3612 1556 primus
3639 1479 3699 1540 in

2059 1563 2365 1624 mensibus
2394 1561 2560 1642 anni)
2593 1579 2606 1624 :
2644 1562 2772 1623 dies
2831 1563 3019 1642 prima
3067 1562 3278 1643 ipsius,
3313 1583 3429 1644 qua
3457 1566 3555 1628 die
3586 1567 3702 1648 pri-

774 1664 925 1725 οὗτος
984 1662 1090 1737 μὴν
1147 1663 1353 1742 πρῶτος
1402 1661 1455 1717 ἐν
1502 1675 1622 1725 τοῖς
1671 1662 1830 1736 μησὶν
1880 1667 1973 1715 τοῦ

2064 1652 2328 1730 migenim
2376 1650 2635 1712 tenebrae
2679 1652 2937 1732 expulsae
2981 1662 3139 1723 sunt,
3187 1653 3450 1733 dixitque
3498 1655 3696 1735 Deus;

2064 1744 2202 1803 Fiat
2235 1743 2372 1810 tux,
2407 1748 2459 1803 et
2488 1742 2653 1818 facta
2686 1747 2773 1802 est
2821 1743 2965 1802 lux:
3003 1741 3226 1801 mensis
3267 1752 3468 1805 autem
3499 1754 3701 1808 sextus

2058 1836 2135 1896 ab
2157 1853 2226 1895 eo
2273 1842 2563 1915 tempore,
2615 1853 2731 1913 quo
2775 1832 3035 1895 Joannes
3086 1835 3344 1915 Baptista
3373 1849 3699 1921 conceptus

2058 1927 2202 1989 fuit:
2242 1946 2376 1987 nam
2423 1927 2677 2007 septimo
2727 1946 2933 1989 mense
2984 1926 3390 2011 Scenopegiw,
3424 1931 3563 1993 dum
3595 1952 3699 1995 ce-

2058 2015 2429 2076 lebrarentur
2481 2015 2778 2090 Encaenia,
2847 2022 2905 2076 et
2960 2016 3195 2096 requies
3243 2037 3417 2092 arcae,
3477 2020 3700 2085 Zacha-

2057 2105 2176 2166 rias
2205 2106 2329 2184 «44)
2360 2106 2666 2184 ingressus
2698 2120 2788 2167 est
2816 2104 2875 2165 in
2902 2107 3114 2167 Sancta
3146 2114 3484 2168 sanctorum
3513 2111 3698 2192 solus,

2057 2197 2308 2271 utjuxta
2339 2195 2528 2272 legem
2562 2193 2920 2255 sufﬂimenta
2949 2194 3215 2274 ollerret,
3251 2204 3306 2256 et
3342 2198 3622 2277 apparuit
3650 2200 3706 2262 ei

2060 2283 2261 2361 agelus
2300 2282 2561 2346 Gabriel.
2619 2286 2697 2344 Ex
2745 2302 2815 2344 eo
2857 2291 3121 2362 tempore
3168 2285 3349 2361 igitur
3382 2305 3705 2350 numeran—

2063 2380 2157 2432 tur
2186 2390 2444 2452 menses,
2476 2371 2641 2451 juxta
2690 2371 2956 2431 lunarem
3009 2371 3275 2452 cyclum:
3330 2382 3533 2453 postea
3563 2395 3700 2439 vero

2063 2461 2405 2539 excogitatae
2479 2467 2616 2520 sunt
2687 2459 3049 2522 indictiones
3123 2479 3192 2522 ac
3260 2480 3499 2526 menses
3577 2464 3701 2528 Ro-

2062 2567 2245 2612 mam.

2143 2728 2219 2790 Χ.
2251 2725 2418 2799 Quod
2477 2744 2617 2788 vero
2675 2726 2755 2787 ait
2812 2734 3012 2788 sancta
3069 2726 3245 2807 Virgo
3302 2729 3704 2809 archangelo:

2066 2817 2375 2891 Quomodo
2388 2815 2491 2895 ﬁet
2506 2816 2660 2877 mihi
2672 2817 2859 2891 istud,
2874 2819 3711 2902 quoniamvimmnoncogno-

2062 2904 2205 2965 sco?
2235 2904 2386 2964 sicut
2411 2911 2583 2964 antea
2631 2904 2910 2979 diximus,
2964 2905 3145 2966 habet
3194 2905 3370 2967 etiam
3412 2910 3705 2988 quandam

2065 2992 2219 3054 alian
2248 2992 2761 3070 signiﬁcationem,
2795 3011 2927 3073 quae
2954 2993 3149 3055 aliena
3179 3014 3294 3055 non
3329 3004 3417 3056 est
3445 3014 3478 3056 a
3512 2997 3703 3077 prima

2068 3093 2269 3145 nostra
2297 3083 2782 3164 interpretatione
2829 3084 3105 3164 superius
3155 3085 3390 3148 tradita.
3426 3087 3547 3150 lloc
3578 3096 3703 3151 est:

2065 3171 2274 3234 Virum
2298 3191 2415 3235 non
2439 3172 2797 3255 concupisco
2823 3191 2837 3236 :
2865 3172 2974 3233 viri
2990 3192 3222 3254 concup
3241 3174 3464 3235 scentia
3488 3194 3663 3239 careo
3689 3195 3704 3236 :

2072 3278 2190 3322 non
2240 3261 2375 3322 novi
2415 3261 2712 3322 voluntate
2761 3260 3017 3322 carnalis
3055 3262 3541 3343 concupiscentia
3569 3263 3707 3330 viri.

317 3353 420 3430 γὰρ
499 3347 667 3427 ἔσχεν
732 3348 831 3414 τὴν
901 3349 1176 3426 παρθενίαν
1241 3349 1331 3404 καὶ
1386 3349 1483 3415 τὴν
1541 3348 1845 3428 ἐγκράτειαν
1902 3361 1977 3409 καὶ

2070 3348 2190 3411 Nec
2208 3351 2366 3411 enim
2385 3348 3045 3427 habebatvirginitatem
3065 3359 3120 3413 et
3135 3351 3559 3413 continentiam
3574 3370 3707 3415 cum

319 3442 543 3519 ἀγῶνα,
598 3436 773 3516 ὥςπερ
841 3442 947 3492 τῶν
1012 3443 1272 3514 γυναικῶν
1352 3440 1403 3493 αἱ
1472 3439 1825 3517 κοσμιώτεραι
1901 3446 1977 3494 καῖ

2072 3439 2398 3502 tentatione
2429 3447 2493 3500 ut
2521 3439 2802 3501 mulieres
2823 3438 3244 3513 modestiores,
3267 3458 3337 3501 ac
3367 3440 3440 3502 de
3471 3450 3701 3522 tempe-

318 3532 420 3598 τὴν
504 3527 836 3606 συφροσύνην
911 3526 1323 3603 ἐπιμελούμεναι
1386 3546 1401 3562 ⁸
1461 3527 1580 3583 ἀλλ’
1653 3527 1713 3586 ἐκ
1762 3550 1985 3608 φυσεως,

317 3620 451 3698 ὅπερ
534 3617 673 3673 ἐστὶν
745 3615 1015 3696 ὲξαίρετων
1084 3624 1266 3673 πασῶν
1336 3623 1442 3673 τῶν
1509 3624 1770 3695 γυναικῶν
1803 3666 1818 3692 ,
1892 3619 1980 3674 καὶ

318 3709 469 3774 ξένον
543 3710 643 3772 τῆς
702 3705 1027 3784 ἀνθρωπίνης
1078 3706 1306 3784 φύσεως.
1369 3707 1465 3763 Καὶ
1515 3707 1668 3763 τοῦτό
1725 3706 1864 3762 ἐστιν
1919 3708 1981 3762 τὸ

316 3798 465 3876 παρὰ
530 3793 787 3865 Ἰεζεκιὴλ
842 3801 933 3850 τοῦ
989 3795 1257 3874 προφήτου
1287 3794 1562 3874 εἰρημένον
1596 3810 1609 3824 ·
1654 3814 1678 3851 α
1714 3793 1892 3852 Ἔσται
1947 3797 1983 3862 ἦ

316 3885 468 3952 πύλη
548 3884 585 3950 ἡ
656 3884 791 3940 κατὰ
860 3882 1115 3947 ἁνατολὰς
1198 3881 1570 3958 κεκλεισμένη,
1656 3883 1742 3940 καὶ
1824 3882 1983 3946 οὐδεὶς

317 3977 380 4032 οὔ
437 3973 533 4048 μὴ
579 3970 754 4048 διέλθῃ
814 3972 860 4028 έῖ
910 3974 1097 4052 αύτῆς,
1148 3974 1190 4027 εἰ
1246 3973 1324 4046 μὴ
1384 3972 1570 4050 Κύριος
1620 3975 1647 4028 6
1705 3974 1833 4037 Θεὸς
1888 3970 1986 4030 Ἰσ-

320 4061 467 4143 ραήλ
550 4080 565 4095 ·
642 4063 791 4123 αὖτὸς
878 4061 1038 4137 μόνος
1120 4059 1462 4117 εἰσελεύσεται
1546 4063 1634 4118 καὶ
1716 4061 1982 4127 ἐξελεύσε-

319 4174 411 4209 ται
490 4147 561 4206 δι’
636 4151 823 4228 αὖτῆς,
895 4151 983 4205 καὶ
1033 4149 1176 4205 ἔσται
1232 4151 1266 4218 ἡ
1339 4148 1479 4217 πύλη
1540 4149 1912 4225 κεκλεισμένη,
1954 4173 1977 4206 u

325 4243 431 4299 Καὶ
533 4239 725 4300 πάντες
813 4237 867 4293 δὲ
954 4241 1001 4295 οἱ
1080 4244 1346 4317 προφῆται
1426 4242 1473 4295 οἱ
1548 4238 1834 4296 ἀπόστολοι
1921 4241 1985 4295 τὸ

326 4329 462 4385 αὐτὸ
494 4337 844 4406 μαρτυροῦσιν
881 4346 891 4358 ’
929 4326 1063 4382 ἀλλὰ
1110 4330 1197 4384 καὶ
1248 4331 1295 4383 οἱ
1347 4332 1621 4407 φωστῆρες
1669 4330 1716 4383 οἱ
1758 4327 1983 4405 Πατέρες

327 4420 491 4493 ἡμῶν
557 4416 649 4472 καὶ
718 4418 765 4472 οἱ
834 4413 1132 4471 διδάσκαλοι
1203 4421 1301 4482 τῆς
1358 4414 1643 4482 καθολικῆς
1702 4417 1789 4471 καὶ
1844 4415 1984 4471 ἀπο-

328 4504 594 4571 στολικῆς
655 4502 968 4570 Ἐκνλησίας
1021 4507 1162 4578 αὐτῷ
1216 4514 1596 4585 ωμφωνοῦςιν.
1665 4504 1758 4560 Διὺ
1815 4505 1900 4559 καὶ
1957 4506 1985 4559 6

334 4594 507 4671 μέγας
582 4592 849 4672 Διονύςιος
922 4594 951 4648 6
1021 4588 1404 4670 Ἀρεοπαγίτης
1476 4616 1637 4672 φησιν
1708 4592 1825 4670 μερὶ
1894 4599 1986 4649 τοῦ

334 4670 589 4761 Χριστοῦ,
645 4679 726 4736 ὅτι
785 4670 944 4759 ’Υπὲρ
1000 4679 1267 4760 ἄνθρωπον
1324 4681 1391 4736 τὰ
1446 4670 1742 4760 ἀνθρώπινα
1798 4677 1987 4758 ἔπρατ-

331 4789 419 4826 τεν
485 4785 501 4799 ·
561 4769 650 4825 καὶ
730 4780 985 4848 μαρτυρεῖ
1062 4768 1337 4847 παρθενίαν
1394 4767 1636 4848 γέννησιν
1688 4768 1777 4826 καὶ
1831 4766 1985 4831 τόκος

412 4886 447 4935 4
473 4884 643 4949 Matt.
676 4902 717 4948 ι.
800 4885 834 4935 5
860 4882 1078 4947 Ezech.
1110 4900 1271 4961 XLIV,
1298 4882 1356 4962 2,
1387 4886 1445 4947 3.

2072 3528 2264 3589 rantia
2308 3527 2597 3603 sollicitae,
2658 3528 2763 3589 sed
2817 3545 2887 3588 ex
2947 3536 3154 3588 natura
3206 3527 3368 3590 illam
3420 3528 3705 3607 habebat,

2071 3618 2227 3698 quod
2260 3616 2538 3678 eximium
2570 3626 2658 3679 est
2704 3636 2772 3678 ac
2823 3617 3121 3694 singulare
3166 3636 3346 3697 supra
3377 3637 3584 3680 omnes
3615 3620 3707 3681 fe-

2061 3706 2275 3778 minas,
2302 3714 2361 3767 et
2391 3704 2921 3769 extraordinarium
2940 3705 3210 3767 humanae
3233 3716 3478 3769 naturae.
3512 3708 3707 3789 Atque

2062 3802 2178 3863 hoc
2207 3800 2350 3862 illud
2383 3807 2494 3875 est,
2527 3798 2681 3880 quod
2699 3800 2771 3860 ab
2789 3798 3097 3860 Ezechiele
3144 3802 3435 3880 propheta
3485 3800 3709 3864 dictum

2065 3894 2212 3956 fuit:
2247 3892 2390 3956 Erit
2408 3900 2594 3974 porta
2613 3891 2926 3954 orientalis
2955 3894 3186 3968 clausa,
3218 3899 3273 3954 et
3304 3910 3477 3954 nemo
3502 3901 3708 3957 trans-

2067 3988 2181 4051 ibi!
2188 4004 2466 4066 peream,
2488 3987 2610 4048 nisi
2620 3984 2909 4046 Dominus
2926 3984 3084 4046 Deus
3099 3982 3343 4047 Israelis
3368 4001 3382 4047 :
3408 3984 3711 4064 ipsesolus

2070 4074 2467 4155 ingredietur,
2504 4074 2562 4135 ei
2591 4073 2934 4152 egredietur
2956 4091 3067 4153 per
3090 4090 3261 4134 eam:
3308 4080 3366 4136 et
3394 4076 3511 4136 erit
3534 4082 3715 4155 porta

2068 4163 2271 4227 clausa
2300 4164 2352 4221 5.
2385 4160 2605 4223 Omnes
2666 4161 2909 4241 insuper
2964 4160 3268 4241 prOphetae
3324 4171 3382 4224 et
3461 4162 3715 4242 apostoli

2068 4252 2228 4313 idem
2259 4258 2545 4311 testantur
2576 4266 2590 4311 :
2625 4248 2766 4329 quin
2800 4258 2858 4310 et
2900 4249 2941 4309 ii
2972 4249 3071 4328 qui
3118 4258 3257 4310 sunt
3285 4249 3621 4326 luminaria,
3655 4259 3721 4315 et

2068 4346 2277 4403 Patres
2296 4338 2500 4411 nostri,
2536 4346 2593 4399 et
2645 4336 2905 4417 magistri
2953 4338 3261 4399 catholicae
3283 4346 3340 4399 et
3376 4340 3717 4420 apostolicae

2067 4428 2347 4491 Ecclesiae
2396 4428 2504 4489 hac
2548 4427 2610 4487 in
2654 4445 2720 4488 re
2770 4426 3172 4489 consentiunt.
3220 4426 3427 4508 Itaque
3460 4447 3714 4508 magnus

2070 4519 2251 4582 etiam
2299 4515 2611 4596 Dionysius
2656 4517 3010 4597 Areopagita
3057 4517 3176 4594 (45)
3230 4516 3304 4577 de
3338 4516 3569 4579 Christo
3594 4516 3709 4580 ait:

2077 4628 2101 4663 ιι
2138 4608 2329 4686 Supra
2357 4604 2663 4668 hominem
2708 4604 2968 4666 humana
3011 4605 3393 4685 operabatur.
3434 4629 3457 4663 ι)
3491 4604 3562 4667 Εῑ
3592 4605 3714 4667 vir-

2069 4694 2250 4776 ginali
2268 4693 2635 4773 generationi
2656 4692 3060 4754 testimonium
3080 4692 3355 4774 perhibet
3378 4693 3553 4755 etiam
3571 4713 3712 4776 par-

2072 4792 2164 4846 tus
2192 4782 2501 4846 doloribus
2521 4800 2764 4846 vacuus.
2799 4782 3157 4845 Athanasius
3204 4783 3308 4862 (46
3336 4793 3535 4847 autem
3566 4784 3711 4846 Ale-

1726 5065 2077 5147 Mingarellii
2106 5073 2280 5130 notae.

420 5188 547 5269 (44)
572 5186 962 5251 Desideratur
989 5187 1052 5249 in
1082 5187 1291 5251 codice
1318 5206 1536 5252 nomen
1570 5187 1889 5269 Zachariae.

423 5267 729 5349 (45)Citat,
755 5269 989 5350 opinor,
1015 5269 1338 5350 Monachus
1354 5282 1559 5332 noster
1581 5268 1889 5350 epistolam
1922 5267 1984 5350 {1,

337 5339 441 5413 ad‘
472 5339 726 5430 Caium,
761 5339 823 5410 in
872 5339 989 5430 qua
1030 5349 1172 5430 haec
1238 5357 1467 5412 exstant
1533 5339 1759 5430 verba:
1826 5339 1986 5430 Ὑπὲρ

339 5430 610 5510 ἄνθρωπον
644 5428 852 5509 ἐνήργει
1018 5429 1286 5511 ἀνθρώπου
1332 5448 1345 5462 '
1398 5433 1484 5488 καὶ
1530 5428 1689 5498 δηλοῖ
1726 5428 1983 5511 Παρθένος

340 5507 614 5592 ὑπερφυῶς
643 5507 859 5592 κύουσα.
890 5507 957 5570 Id
986 5517 1078 5592 e_s_t
1108 5507 1123 5573 Ξ
1175 5512 1379 5591 Supra
1411 5511 1746 5592 humauom
1775 5507 1981 5592 condi-

344 5587 585 5672 tionem,
598 5589 973 5672 operabatur
1006 5587 1221 5672 (Jesus)
1255 5587 1326 5655 ea
1353 5608 1486 5671 quae
1521 5597 1661 5653 sunt
1692 5590 1978 5672 hominis.

342 5669 845 5753 Quoddgélarat
864 5670 1047 5750 Virgo
1074 5669 1210 5750 qua?
1229 5669 1430 5753 supra
1458 5679 1750 5753 naturain
1786 5669 1977 5749 parit.

420 5748 551 5829 (46)
579 5749 799 5815 Locum
828 5748 1017 5826 hunc,
1050 5748 1101 5814 α’
1125 5748 1344 5831 verbis,
1378 5750 1681 5814 Ἀθσνάσιος
1710 5748 1765 5807 δὲ
1788 5748 1982 5830 usque

2068 5185 2138 5246 ad
2173 5183 2607 5263 ἐπληροιρορήθη,
2657 5180 2832 5242 aﬂ‘ert
2878 5178 3252 5263 Allatiusia
3275 5175 3460 5263 Novis
3482 5177 3554 5241 ad
3586 5178 3714 5263 Eu-

2068 5262 2266 5327 stathii
2282 5259 2711 5341 Hexaemeron.
2734 5279 2859 5341 pag.
2878 5261 3000 5341 286
3013 5260 3289 5323 editionis
3303 5259 3717 5341 Lugdunensis

2068 5280 2266 5327 Statim
2282 5280 2711 5325 uexaemeron.
2734 5280 2859 5400 pag.
2878 5280 2997 5325 αδο
3013 5280 3289 5323 θαιιιοηιε
3304 5280 3709 5339 Lugdunensm

2067 5345 2207 5405 anni
2237 5342 2411 5424 1629.
2435 5340 2567 5424 Ipse
2592 5350 2790 5424 tamen
2843 5340 2959 5419 egit
2989 5340 3049 5399 in
3080 5359 3186 5402 suo
3217 5340 3423 5424 codice
3452 5339 3709 5421 ὒρθόδοξοι

2066 5443 2173 5506 pro
2202 5419 2484 5506 6909365ch
2519 5440 2533 5485 :
2566 5430 2628 5506 et
2656 5420 3075 5506 ξιξησλαφηθετσα
3124 5438 3248 5506 pro-
3280 5419 3658 5506 ψηλαφηθεῖσα
3695 5439 3709 5479 :

2068 5497 2126 5584 ἐι
2180 5497 2348 5583 ῥουὲίν
2396 5521 2504 5584 pro
2555 5500 2738 5584 ῥουξίμ
2755 5519 2783 5584 _:
2831 5497 2899 5560 at:
2945 5497 3192 5584 demum
3223 5497 3708 5584 ⁸ὲπεξεργξιισείμενος

2065 5583 2148 5641 διὰ
2178 5577 2276 5653 τῆς
2309 5577 2497 5663 μαρὶας
2532 5577 2633 5663 pro
2657 5578 3136 5659 ἒπεξεργασάμενος
3167 5577 3249 5634 διὰ
3280 5577 3588 5657 τῆςνμαίας.
