4068 6112
404 276 556 362 '203

1728 298 2130 365 EPIPHANII
2156 297 2504 365 MONACHI

3682 296 3801 363 204
3878 364 3881 365 ν

522 430 673 497 XIV.
705 430 777 495 Et
807 432 1100 516 Josephus
1126 433 1344 497 mansit
1385 433 1451 497 in
1510 433 1755 515 [Egypto
1787 450 1924 496 cum
1953 431 2087 494 ﬁliis

2251 420 2363 495 IA'.
2399 422 2456 489 Ὀ
2484 428 2541 487 δὲ
2597 427 2792 512 Ἰωσὴφ
2848 431 3092 498 ἐποίησεν
3145 432 3219 497 εἰς
3271 431 3540 511 Αἴγυπτον
3573 432 3663 488 σὺν
3692 444 3811 496 τοῖς

439 521 585 600 suis,
624 531 682 585 et
736 520 992 598 ﬁliabus,
1054 531 1113 587 et
1169 522 1444 605 Deipara,
1502 533 1561 587 et
1614 522 1847 588 Christo
1899 538 2087 584 annos

440 610 745 691 quinque:
785 618 906 672 tum
940 610 1015 673 ob
1045 612 1465 676 revelationem
1494 611 1763 689 recessit,
1798 620 1856 673 et
1877 627 2084 672 rever-

439 716 542 762 sus
568 698 731 760 venit
758 698 822 760 in
874 698 1163 762 Nazareth
1209 699 1484 767 Galilmaa.
1542 701 1617 765 Et
1644 698 1873 781 accepit
1904 698 2082 760 ﬁliam

439 787 688 852 Mariam
714 787 897 851 frater
925 788 1191 870 ipsorum
1222 788 1466 872 Cleopas
1522 790 1585 853 in
1612 807 1857 852 uxorem
1891 805 2073 850 suam.

440 872 689 956 Cleopas
713 884 909 939 autem
931 878 1117 940 frater
1134 878 1324 959 ipsius
1343 878 1590 961 Josephi
1614 879 1732 959 (54)
1770 897 1839 940 ex
1873 875 2081 938 eodem

440 964 677 1027 Patrem
705 965 921 1030 Iacobo
950 966 1100 1030 nati.
1130 966 1203 1029 Et
1255 967 1457 1048 genuit
1507 987 1577 1031 ex
1609 986 1677 1030 ea
1706 969 2080 1048 Symeonem.

442 1054 702 1133 Symeon
728 1073 868 1117 vero
897 1055 1009 1118 iste
1050 1063 1182 1136 post
1226 1055 1511 1119 Jacobum
1544 1056 1783 1118 fratrem
1820 1050 2080 1127 Domini,

443 1142 758 1225 episc0pus
786 1143 983 1206 fuitin
1036 1143 1420 1208 Jerusalem:
1482 1152 1541 1207 et
1588 1144 1699 1208 sub
1745 1143 2081 1206 Domitiano

442 1227 1065 1313 Romaimperatore,
1112 1240 1245 1315 post
1302 1235 1484 1297 multa
1544 1239 1834 1296 tormenta
1880 1238 2084 1312 postea

2165 522 2304 582 υἱοτς
2371 521 2529 578 αὐτοῦ
2595 520 2684 576 καὶ
2750 531 2872 599 ταῖς
2941 520 3252 598 θυγατράσιν
3309 522 3397 577 καὶ
3451 527 3520 599 τῇ
3571 521 3814 593 Θεοτόκῳ

2166 609 2358 683 καὶτῷ
2412 611 2620 687 Χριστῴ
2675 606 2768 675 ἔτη
2816 597 2883 684 ε’,
2943 610 3031 666 καὶ
3086 607 3271 666 λοιπὸν
3328 607 3394 664 δι’
3425 597 3813 685 ἀπ-οκαλυψεως

2166 697 2510 778 ἀνεχώρησεν
2547 716 2560 730 ·
2650 699 2738 754 καὶ
2808 697 3142 778 ἀποστρέψας
3210 697 3366 767 ἦλθεν
3436 701 3509 764 εἰς
3579 699 3816 779 Ναζαρὲτ

2164 791 2264 854 τῆς
2321 784 2624 852 Γαλιλαίας.
2688 788 2787 845 Καὶ
2842 783 3024 843 ἔλαϐεν
3080 787 3178 855 τὴν
3233 787 3488 869 θυγατέρα
3533 790 3732 868 Μαρίαν
3785 791 3814 846 6

2164 872 2385 955 ἀδελφὸς
2416 878 2586 933 αὐτῶν
2617 873 2847 937 Κλωπᾶς
2898 887 3124 953 γυναῖκα
3180 876 3350 950 ἑαυτῷ
3383 892 3396 906 ⁸
3458 875 3701 942 Κλεόπας
3755 876 3810 933 δὲ

2164 965 2193 1019 6
2262 961 2482 1043 ἀδελφὸς
2537 966 2715 1043 αὐτοϋ,
2762 960 2953 1019 Ἰακὼϐ
3018 963 3340 1043 ὁμοπάτριος
3404 964 3465 1021 ἐκ
3531 971 3622 1022 τοῦ
3695 963 3809 1023 Ἰα-

2162 1047 2299 1125 κὼϐ,
2354 1053 2443 1107 καὶ
2497 1050 2776 1129 ἐγέννησεν
2833 1048 2883 1116 ἐξ
2940 1054 3101 1118 αὐτῆς
3156 1052 3246 1107 τὸν
3304 1058 3577 1129 Συμεῶνα.
3643 1056 3807 1116 Οὗτος

2163 1139 2218 1196 δὲ
2270 1142 2298 1196 6
2370 1142 2587 1216 Συμεὼν
2647 1141 2781 1218 μετὰ
2839 1138 3087 1225 Ἰάκώϐον
3144 1143 3234 1198 τὸν
3282 1140 3504 1225 ἀδελφὸν
3549 1150 3640 1202 τοῦ
3698 1156 3808 1204 Κυ-

2164 1227 2272 1307 ρίου
2301 1227 2587 1293 ἐπίσκοπος
2646 1227 2863 1307 γέγονεν
2919 1229 2992 1292 εἷς
3052 1220 3386 1308 Ἰεροσόλυμα
3420 1220 3436 1268 ί
3468 1233 3554 1289 καὶ
3584 1231 3668 1288 ἐπὶ
3701 1242 3809 1288 Δο-

443 1319 605 1381 cruci
634 1309 838 1383 afﬁxus
867 1330 958 1384 est
985 1309 1131 1405 (55),
1185 1341 1371 1384 annos
1428 1331 1599 1386 natus
1656 1322 1796 1403 120,
1827 1309 2080 1383 Jacobus

2178 1323 2407 1374 ιετιανοῢ
2464 1316 2724 1394 βασιλέως
2782 1309 2993 1394 Ῥώμης
3030 1333 3044 1349 ⁶
3105 1320 3239 1405 μετὰ
3295 1319 3499 1385 πολλὰς
3551 1322 3811 1398 βασάνους

443 1415 636 1470 autem
667 1409 825 1473 ﬁlius
877 1397 1142 1492 Josepbi',
1202 1419 1267 1473 ut
1321 1410 1560 1492 quidam
1618 1397 1843 1486 dicunt,
1876 1408 2082 1471 habuit

2178 1406 2368 1486 ἱστερον
2406 1405 2729 1486 ἐσταυρώθη,
2802 1404 2877 1464 ὢν
2936 1407 3067 1464 ἐτῶν
3125 1397 3228 1487 ρκ’.
3289 1406 3537 1475 Ἰάκωϐος
3555 1397 3621 1464 δὲ
3650 1413 3677 1466 6
3706 1412 3817 1469 υἱὸς

442 1514 687 1561 uxorem
718 1498 868 1561 duos
899 1491 1109 1577 annos,
1136 1507 1196 1561 et
1222 1499 1324 1561 illa
1344 1491 1586 1562 mortua
1613 1499 1785 1561 aliam
1819 1516 1938 1559 non
1969 1499 2077 1558 ha-

2178 1494 2375 1576 Ιωσὴφ,
2448 1493 2522 1559 ὥς
2578 1495 2730 1574 φασίν
2786 1517 2945 1569 τινες,
3021 1493 3180 1576 ἔσχεν
3234 1499 3375 1574 αύτῷ
3431 1513 3657 1578 γυναῖκα
3704 1500 3829 1568 ᾇέπὶ

442 1585 594 1650 huit.
625 1587 806 1651 Judas
834 1606 973 1651 vero
1027 1588 1209 1651 frater
1262 1588 1392 1668 ejus
1447 1587 1597 1650 duos
1645 1588 1798 1649 filios
1854 1585 2075 1665 genuit,

2178 1580 2251 1648 ἷτη
2279 1580 2367 1639 δύο
2403 1601 2418 1616 ’
2453 1584 2540 1639 καὶ
2592 1581 2984 1650 τελευτησάσης
3032 1588 3220 1662 αὐτῆς,
3281 1585 3462 1666 ἑτέραν
3511 1592 3605 1648 οὒκ
3632 1587 3817 1671 ἔσχεν.

443 1674 729 1739 Zocerum
760 1683 819 1740 et
843 1676 1177 1754 Jacobum;
1235 1667 1322 1739 sic
1376 1676 1538 1738 enim
1595 1675 1788 1739 vocati
1816 1682 1975 1736 sunt.
2009 1673 2081 1735 Hi

2179 1667 2354 1735 Ιούδας
2385 1668 2441 1727 δὲ
2505 1673 2533 1727 6
2589 1667 2810 1751 ἀδελφὸς
2871 1675 3026 1731 αὐτοῦ
3083 1672 3330 1740 ἐποίησεν
3385 1673 3473 1732 δύο
3500 1677 3662 1753 υἱοὺς,
3687 1667 3818 1735 ξω-

442 1773 702 1829 astantes
730 1764 1065 1831 Domitiano
1113 1765 1461 1848 imperatori
1508 1766 1738 1840 Romae,
1771 1762 1847 1825 ob
1879 1781 2083 1824 eorum

2178 1758 2266 1837 ιὴρ
2322 1760 2410 1814 καὶ
2467 1755 2739 1835 Ἰάκωϐον,
2813 1758 2949 1817 οὕτω
3014 1763 3591 1842 προσαγορευομένους.
3657 1770 3814 1826 Οὗτοι

441 1856 718 1918 virtutem
753 1862 813 1916 et
840 1853 1189 1935 sapientiam
1221 1871 1456 1918 cessare
1501 1853 1769 1915 fecerunt
1798 1869 2084 1934 persecu-

443 1944 667 2006 tionem
698 1943 1057 2007 Christianis
1084 1943 1331 2006 illatam.
1383 1941 1636 2004 Jacobus
1667 1949 1864 2004 autem
1896 1947 1953 2003 et
1980 1937 2086 2002 Ju-

443 2031 553 2095 das
608 2031 820 2096 fratres
869 2030 1111 2095 Domini
1159 2031 1222 2093 in
1272 2049 1522 2093 numero
1579 2037 1718 2092 sunt
1771 2028 2086 2093 duodecim

442 2123 866 2204 apostolorum.
897 2123 1066 2184 Joses
1094 2140 1233 2184 vero
1288 2129 1348 2184 et
1402 2123 1657 2202 Symeon
1710 2126 2089 2200 sumpserunt

447 2212 563 2276 sibi
583 2230 818 2274 uxores.
843 2209 915 2272 Et
933 2209 1091 2275 Sobe
1119 2208 1464 2273 convivebat
1491 2228 1623 2271 cum
1653 2208 1908 2290 Deipara
1938 2225 2087 2268 con-

455 2302 642 2365 tinue.
673 2299 843 2364 Joses
872 2308 1069 2362 autem
1098 2318 1133 2362 a
1160 2308 1352 2362 matre
1378 2298 1624 2360 relictus
1655 2306 1745 2360 est
1772 2297 1965 2360 adhuc
1994 2296 2084 2357 la-

451 2399 639 2465 ctens,
675 2399 733 2452 et
760 2388 1041 2451 enutrivit
1071 2406 1207 2452 eum
1261 2387 1443 2451 Maria
1491 2387 1613 2449 ﬁlia
1641 2385 1911 2450 Salomes
1937 2404 2086 2448 con-

451 2480 709 2545 sobrina:
737 2480 1029 2561 Deiparae.

532 2657 656 2721 XV.
681 2656 746 2720 In
770 2656 1139 2721 solemnitate
1160 2662 1355 2718 autem
1375 2653 1677 2718 Paschatis
1698 2653 1924 2718 reversi
1954 2660 2090 2716 sunt

2164 1848 2524 1926 παραστάντες
2599 1856 2908 1925 Δομετιανῷ
2982 1849 3197 1926 βασιλεῖ
3274 1844 3503 1929 Ῥώμης,
3572 1852 3656 1912 διὰ
3711 1856 3815 1924 τὴν

2163 1934 2356 2013 ἀρετὴν
2415 1939 2581 1994 αὒτῶν
2638 1938 2726 1992 καὶ
2782 1939 2988 2017 σοφίαν,
3045 1939 3137 1995 τὸν
3187 1941 3324 1996 κατὰ
3392 1948 3498 1998 τῶν
3554 1950 3812 2023 Χριστια-

2163 2028 2266 2079 νῶν
2339 2022 2630 2080 ἐπαύσαντο
2701 2023 2955 2104 διωγμόν.
3034 2024 3282 2092 Ἰάκωϐος
3351 2027 3405 2084 δὲ
3473 2032 3559 2087 καὶ
3617 2029 3813 2097 Ἰούδας

2162 2109 2374 2191 ἀδελφοὶ
2401 2118 2494 2169 τοῦ
2554 2114 2761 2192 Κυρίου,
2823 2116 2896 2179 εἰς
2951 2116 3039 2172 τὸν
3096 2115 3315 2195 ἀριθμόν
3370 2119 3496 2176 εἰσιν
3553 2126 3658 2177 τῶν
3701 2119 3814 2178 δώ-

2162 2199 2287 2258 δεκα
2339 2201 2674 2266 ἀποστόλων,
2728 2204 2915 2272 Ἰωσῆς
2971 2203 3026 2260 δὲ
3081 2207 3169 2262 καὶ
3225 2207 3442 2282 Συμεὼν
3497 2206 3683 2267 ἔλαϐον
3714 2211 3817 2268 αύ-

2162 2303 2281 2354 τοτς
2311 2303 2568 2369 γυναῖκας
2602 2307 2617 2321 '
2649 2294 2685 2360 ἡ
2718 2289 2774 2348 δὲ
2821 2290 2981 2361 Σωϐἦ
3034 2298 3196 2360 συνῆν
3255 2301 3322 2372 τῇ
3378 2303 3619 2373 Θεοτοκῳ
3646 2300 3820 2356 πάντα

2161 2380 2251 2435 τὸν
2307 2380 2502 2459 χρόνον
2536 2397 2550 2412 ’
2626 2378 2813 2448 Ἰωσῆς
2872 2380 2931 2437 δὲ
2985 2383 3274 2459 ὑπομάζιος
3330 2385 3638 2468 κατελήφθη
3713 2391 3820 2447 ὑπὸ

2164 2468 2387 2559 μητρος,
2601 2468 2933 2559 ,ἀνεθρέψατο
3003 2470 3159 2529 αὐτὸν
3236 2474 3407 2553 Μαρία
3461 2477 3496 2543 ἡ
3585 2477 3820 2559 θυγάτηρ

2169 2554 2438 2638 Σαλώμης
2468 2553 2751 2638 ἐξαδέλφης
2781 2564 2878 2625 τῆς
2910 2559 3192 2619 Θεοτόκου.

2247 2632 2352 2705 ΙΕ’.
2418 2645 2563 2702 Κατὰ
2588 2632 2672 2733 ,δέ
2730 2646 2916 2725 ἑορτὴν
2978 2655 3070 2706 τοῦ
3127 2648 3320 2730 Πάσχα
3375 2650 3675 2733 ἀνήρχοντο
3705 2652 3813 2710 ἀπὸ

446 2767 517 2812 ex
544 2747 832 2811 Nazareth
862 2746 925 2808 in
953 2746 1301 2822 Jerusalem,
1335 2764 1470 2808 cum
1500 2752 1659 2806 esset
1683 2743 1856 2808 Jesus
1910 2762 2087 2805 anno-

2178 2735 2401 2815 NaCapE'c
2454 2738 2526 2801 εἷς
2588 2727 2949 2817 Ἰεροσόλυμα,
3006 2727 3284 2822 δεκαετοῦς
3334 2727 3488 2806 ὄντος.
3513 2727 3623 2800 ντοῦ
3695 2742 3815 2811 Ἰη-

450 2856 581 2900 rum
613 2837 846 2900 decem.
874 2837 1138 2916 Cumque
1170 2821 1393 2897 reversi
1414 2834 1607 2895 forent
1644 2833 1706 2894 in
1730 2832 2084 2909 Jerusalem,

2178 2834 2311 2916 τοῦη
2341 2823 2692 2916 Ἀνελθᾷντων
2744 2826 2799 2884 δὲ
2855 2829 3025 2886 αὐτῶν
3080 2832 3152 2894 εἰς
3211 2821 3562 2913 Ἱεροσόλυμα,
3638 2833 3813 2912 ἐγνώ-

451 2947 487 2990 a
514 2926 710 2989 multis
745 2925 1012 3004 cognitus
1039 2913 1170 3001 fuit,
1229 2923 1330 3004 qui
1358 2922 1628 2985 admirati
1659 2930 1796 2985 sunt
1826 2922 1955 3002 ejus
1992 2919 2087 2981 in-

2178 2915 2396 3004 πθηᾼῦπὸ
2424 2913 2637 2974 πολλῶν
2678 2936 2690 2949 ⁶
2749 2918 2835 2974 καὶ
2888 2918 3262 2994 ἐθαυμάστώθη
3317 2922 3351 2988 ἡ
3408 2921 3632 3004 σύνεσις.
3660 2923 3749 2979 καὶ
3778 2925 3815 2991 ἡ

449 2998 858 3094 ῐθιιίεοιιῐίοιῐῖ,
892 3020 950 3074 et
970 2998 1345 3094 sapientiam,
1367 3011 1517 3074 adeo
1540 3018 1605 3073 ut
1629 3012 1845 3073 multos
1859 2998 2084 3072 vobstu-

2178 3002 2324 3081 σοφία
2392 3004 2569 3078 αὐτοῦ,
2644 3006 2717 3068 ὣς
2788 3007 2876 3063 καὶ
2945 3005 3173 3072 πολλοὺς
3244 3006 3540 3076 ἐξέστησεν,
3601 2998 3697 3067 Ἠν
3762 3009 3820 3067 δὲ

448 3067 1345 3185 mag:iai'giags‘sn;
1364 3067 1538 3180 ιῖιῖῐέιι
1545 3067 2087 3191 ἑῇᾞεῖἆὲὲὶᾳῖεἶέιζιι

2178 3067 2372 3191 ὡραῖος
2426 3097 2493 3169 τῇ
2724 3093 2942 3191 σφόδρα,
2998 3067 3170 3191 καθὼς
3202 3099 3229 3153 6
3282 3067 3575 3177 "mpm-prjch
3646 3097 3814 3178 λέγει.

447 3180 746 3276 Pmpheta
756 3193 854 3254 ait:
877 3191 1193 3272 Speciosus
1203 3191 1396 3268 formo
1412 3206 1541 3269 pm
1552 3189 1698 3269 ﬁliis
1709 3186 2082 3252 hominum}:

2180 3202 2209 3235 α
2263 3180 2478 3260 Ὡρατος
2547 3180 2729 3238 κάλλει
2800 3184 2941 3263 παρὰ
3022 3185 3144 3248 τοὺς
3233 3186 3371 3250 υἱοὺς
3437 3194 3540 3245 τῶν
3610 3188 3819 3267 ἀνθρώ-

450 3268 673 3343 statura
701 3268 1066 3358 longus-erat
1094 3297 1195 3340 sex
1228 3268 1433 3358 pedes,
1458 3268 1622 3339 flavis
1649 3276 1914 3340 crinibus
1944 3278 2083 3353 (56),

2178 3292 2290 3358 πων
2323 3287 2337 3303 ⁸
2378 3293 2406 3358 υ
2535 3268 2740 3358 ἡλικίᾳ,
2764 3269 2816 3338 ἓξ
2863 3271 3027 3337 πόδας
3086 3273 3231 3354 ἔχων
3282 3277 3343 3332 τὸ
3400 3281 3597 3353 μῆκος,
3630 3275 3822 3343 ξανθό-

444 3370 606 3450 justo
636 3356 1019 3445 naso,_flavis
1063 3356 1272 3442 oculis,
1334 3365 1588 3427 suaviter
1637 3366 1878 3428 intuens
1937 3365 2083 3447 (57),

2178 3356 2304 3450 θριξ,
2378 3357 2655 3450 ἐπίρρινος,
2731 3357 3117 3445 ξανθόμματος,
3192 3363 3545 3446 εύόφθαλμος,
3615 3367 3820 3445 μαυρό-

450 3457 720 3520 subﬂava
744 3455 947 3531 barba,
968 3456 1159 3535 longis
1172 3452 1431 3535 capillis:
1476 3473 1777 3535 nunquam
1804 3454 2087 3517 novacula

448 3546 716 3609 ascendit
738 3547 801 3607 in
830 3551 1006 3626 caput
1035 3544 1188 3625 ejus,
1247 3562 1360 3604 nec
1417 3561 1626 3605 manus
1657 3543 1937 3621 hominis,
1970 3543 2088 3605 nisi

449 3636 654 3699 matris
684 3636 815 3716 ejus
843 3652 978 3696 cum
1010 3641 1168 3695 esset
1194 3632 1409 3694 infans.
1444 3630 1516 3694 Et
1543 3650 1680 3694 cum
1709 3632 1818 3693 fuit
1847 3633 2088 3712 triginta

448 3743 764 3801 annorum,
822 3723 1145 3805 baptizatus
1201 3729 1289 3784 est
1332 3740 1367 3783 a
1416 3719 1645 3784 Joanne
1696 3719 1757 3781 in
1813 3722 2087 3783 Jordanis

445 3813 717 3877 ﬂumine.

529 3904 679 3969 XVI.
715 3904 863 3968 Cum
892 3921 1032 3965 vero
1059 3901 1322 3966 Joannes
1353 3907 1481 3962 erat
1514 3899 1573 3962 in
1607 3899 1868 3975 deserto,
1902 3918 2087 3962 annos

449 4003 621 4058 natus
650 4002 708 4057 et
736 3994 865 4076 ipse
895 3991 1133 4073 triginta
1161 3999 1225 4053 et
1252 4003 1437 4051 unum
1473 3988 1839 4070 (incipiendo
1872 4007 2089 4070 nempe

445 4103 665 4147 annum
683 4102 717 4146 a
743 4101 950 4146 mense
977 4078 1333 4161 Septembri)
1362 4078 1549 4139 factus
1578 4084 1669 4139 est
1699 4077 1754 4139 ei
1784 4096 1982 4139 sermo
2014 4076 2089 4139 de

444 4171 738 4253 baptismo
776 4194 792 4254 ;
826 4179 885 4233 et
913 4169 1071 4231 venit
1101 4170 1160 4230 in
1206 4166 1467 4228 Judaaam
1532 4164 1860 4247 praedicans
1890 4164 2089 4246 bapti-

450 4261 668 4322 simum
699 4253 1060 4340 ptenitentiaa
1085 4265 1143 4320 et
1164 4253 1577 4317 remissionem
1603 4269 2007 4337 peccatorum,
2035 4264 2092 4318 et

448 4367 555 4430 per
584 4347 943 4429 baptismum
975 4346 1152 4407 etiam
1184 4362 1433 4422 regnum
1464 4343 1750 4405 caelorum
1785 4365 1803 4404 :
1851 4363 1967 4405 non
2000 4352 2089 4406 ta-

451 4456 589 4499 men
622 4437 801 4499 etiam
830 4434 1189 4516 baptismum
1218 4432 1281 4493 in
1335 4430 1557 4513 Spiritu
1603 4441 1825 4494 sancto.
1861 4431 2095 4496 Etcum

447 4525 653 4608 populi
681 4525 971 4587 vidissent
1000 4524 1131 4603 ejus
1162 4523 1336 4582 vitam
1396 4521 1748 4598 terribilem,
1782 4529 1958 4603 atque
1984 4523 2095 4584 ad—

2173 3441 2302 3524 θριξ,
2398 3446 2731 3519 ἐπιξανθίζων
2823 3451 2884 3505 τὸ
2969 3441 3194 3532 γένείον,
3283 3441 3583 3533 μακρόθρίξ,
3663 3441 3820 3512 οὐδέ-

2169 3556 2299 3591 ποτε
2353 3534 2499 3615 ξυρὸς
2554 3536 2776 3605 ἀνῆλθεν
2833 3539 2918 3597 ἐπὶ
2971 3546 3070 3607 τῆς
3139 3541 3376 3621 κεφαλῆς
3448 3547 3625 3618 αὐτοῦ,
3701 3541 3820 3601 οὐδὲ

2171 3624 2291 3703 χεὶρ
2321 3623 2614 3705 ἀνθρώπου,
2666 3630 2708 3684 εἰ
2766 3634 2842 3704 μὴ
2898 3634 2997 3696 τῆς
3054 3632 3254 3709 μητρὸς
3304 3634 3461 3690 αὐτοῦ
3515 3631 3809 3703 νηπιάζον-

2169 3734 2280 3800 τος.
2354 3715 2453 3771 Καὶ
2507 3716 2787 3796 τριάκοντα
2841 3717 2972 3775 ἐτῶν
3028 3720 3334 3800 γενόμενος,
3371 3718 3657 3788 ἐϐαπτίσθη
3714 3721 3818 3776 ὑπὸ

2174 3798 2419 3885 Ἰωάννου
2446 3802 2502 3885 ἐν
2533 3808 2610 3880 τῷ
2639 3802 2871 3885 Ἰορδάνῃ
2902 3814 3151 3883 ποταμῷ,

2254 3881 2378 3965 ις’,
2443 3882 2500 3950 εΟ
2529 3891 2584 3948 δὲ
2613 3881 2861 3962 Ἰωάννης
2892 3894 2965 3955 ὢν
3019 3881 3072 3953 ἐν
3105 3881 3197 3973 τῇ
3254 3897 3462 3976 ἐρήμῳ,
3520 3900 3609 3955 καὶ
3663 3899 3821 3963 αὒτὸς

2174 3980 2454 4060 τριάκοντα
2524 3984 2612 4040 καὶ
2682 3984 2798 4048 ἑνὸς
2866 3984 3064 4066 χρόνου
3127 3986 3381 4067 ὑπάρχων
3415 4003 3429 4017 ·
3519 3986 3825 4068 ἀρχομένου

2175 4076 2266 4126 τοῦ
2338 4069 2484 4134 ἔτους
2549 4069 2713 4149 ’ἤγουν
2770 4073 2876 4130 ἀπὸ
2927 4076 3097 4150 μηνὸς
3154 4072 3512 4156 Σεπτεμϐρίου
3546 4092 3560 4106 ·
3615 4076 3827 4154 ἐγένετο

2176 4160 2309 4238 πρὸς
2350 4161 2503 4216 αὐτὸν
2548 4158 2707 4240 λόγος
2756 4163 2874 4242 περὶ
2928 4173 3022 4222 τοῦ
3074 4165 3441 4240 βαπτισματος
3477 4184 3494 4200 ·
3552 4167 3641 4222 καὶ
3666 4164 3823 4233 ἦλθεν

2179 4249 2250 4311 εἷς
2318 4247 2418 4315 τὴν
2487 4246 2758 4327 Ἰουδαίαν,
2843 4252 3116 4331 κηρύσσων
3188 4253 3461 4329 βάπτισμα
3543 4256 3822 4330 μετανοίας

2180 4337 2270 4393 καὶ
2326 4334 2509 4417 ἄφεσιν
2565 4339 2856 4421 ἁμαρτίῶν,
2912 4342 3002 4397 καὶ
3058 4339 3142 4396 διὰ
3197 4347 3287 4398 τοῦ
3342 4342 3704 4419 βαπτίσματος
3733 4344 3823 4398 καὶ

2177 4424 2276 4491 τὴν
2348 4424 2613 4500 βασιλείαν
2681 4433 2786 4483 τῶν
2868 4428 3121 4509 οὐρανῶν,
3207 4429 3267 4487 ού
3346 4430 3520 4505 μέντοι
3587 4432 3675 4487 καὶ
3743 4431 3820 4493 εἰς

2177 4518 2390 4589 Πνεῦμα
2416 4513 2592 4592 ἅγιον.
2650 4523 2974 4597 Θεωροῦντες
3027 4517 3082 4574 δὲ
3138 4521 3185 4575 οἱ
3235 4518 3350 4574 λαοὶ
3404 4518 3501 4587 τὴν
3556 4518 3820 4597 ἀναστρο-

450 4604 809 4690 mirabilem,
842 4615 1030 4676 secuti
1062 4620 1200 4673 sunt
1230 4630 1365 4673 eum
1424 4609 1613 4685 multi,
1678 4618 1736 4673 et
1790 4610 1929 4673 facti
1960 4618 2087 4673 sunt

2178 4604 2282 4680 φὴν
2340 4605 2497 4660 αὐτοῦ
2522 4615 2533 4623 “
2564 4604 2661 4673 τὴν
2713 4606 2936 4686 φοβερὰν
2992 4609 3078 4664 καὶ
3132 4607 3460 4688 θαυμαστὴν,
3519 4605 3822 4674 ἠκολούθη-

450 4705 578 4785 ejus
600 4702 898 4784 discipuli.
923 4701 991 4764 In
1012 4700 1108 4763 his
1129 4700 1381 4776 fuereet
1401 4698 1673 4761 Andreas
1711 4718 1747 4761 a
1777 4700 2087 4763 Bethsaida

2180 4713 2277 4747 σαν
2332 4694 2473 4785 αὐτῆς
2522 4691 2732 4754 πολλοὶ.
2786 4697 2872 4752 καὶ
2927 4696 3168 4775 ἐγένοντο
3221 4698 3378 4755 αὐτοῦ
3429 4698 3705 4772 μαθηταί·
3767 4695 3823 4752 ἐν

448 4791 602 4854 urbe
630 4791 905 4873 Galilmze,
940 4796 1000 4852 et
1025 4791 1281 4851 Joannes
1308 4806 1344 4849 a
1371 4786 1624 4849 Zebeda.
1659 4787 1966 4869 Principes
1994 4808 2094 4851 au-

452 4889 574 4945 tem
603 4880 992 4944 Sacerdotum
1022 4897 1156 4941 cum
1186 4876 1556 4939 audivissent
1604 4895 1734 4958 quas
1762 4878 1837 4939 de
1865 4877 2093 4940 Joanne

450 4968 1000 5052 promulgabantur,
1034 4976 1094 5030 et
1121 4966 1196 5029 de
1222 4965 1494 5031 doctrina
1537 4966 1690 5048 ejus,
1721 4966 1822 5028 alii
1849 4965 2091 5047 quidem

454 5059 770 5125 dicebant:
798 5056 908 5122 Hic
932 5065 1023 5122 est
1037 5056 1337 5139 Christus;
1362 5055 1466 5119 alii
1486 5073 1655 5120 vero:
1680 5057 1813 5120 Non
1827 5064 1918 5118 est
1949 5056 2091 5137 (58).

2174 4784 2260 4844 οἷς
2311 4782 2398 4836 καὶ
2455 4777 2701 4862 Ἀνδρέας
2748 4787 2776 4841 6
2829 4785 2935 4842 ἀπὸ
2992 4782 3263 4852 Βηθσαϊδὰ
3321 4790 3420 4853 τῆς
3471 4784 3678 4849 πόλεως
3721 4790 3824 4853 τῆς

2175 4867 2479 4945 Γαλιλαίας,
2511 4872 2599 4928 καὶ
2632 4869 2878 4941 Ἰωάννης
2910 4877 2938 4930 ὁ
2963 4874 3068 4930 ἀπὸ
3118 4872 3372 4942 Σεϐεδῆς.
3432 4878 3492 4933 Οἱ
3521 4872 3575 4930 δὲ
3626 4874 3825 4953 ἀρχιε-

2176 4971 2289 5039 ρεῖς
2363 4959 2471 5017 τῶν
2542 4957 2802 5022 Ἰουδαίων
2859 4963 3172 5028 ἀκούσαντες
3242 4964 3307 5020 τὰ
3377 4965 3496 5044 περὶ
3553 4961 3820 5039 Ἰωάννου,

2174 5056 2264 5115 καὶ
2329 5052 2429 5114 τῆς
2497 5045 2831 5118 διδασκαλίας
2898 5053 3078 5134 αὐτοῦ²
3150 5053 3196 5110 οἱ
3264 5051 3361 5128 μὲν
3417 5051 3600 5132 ἔλεγον
3657 5050 3736 5108 ὅτι
3797 5054 3829 5109 6

1862 5188 2215 5271 Mingarellii
2240 5198 2415 5257 notae.

539 5304 666 5385 (54)
696 5302 763 5366 In
806 5302 1009 5385 Graeco
1038 5300 1273 5385 videtur
1325 5296 1642 5381 legendum
1693 5296 1850 5356 αὐτοῦ
1879 5294 2097 5379 Ἰωσὴφ,

455 5382 518 5445 id
548 5382 659 5465 est,
690 5382 1171 5465 ipsiuslosephi.

2184 5300 2375 5382 punxi
2395 5294 2953 5382 vocemsecundam
2981 5297 3202 5382 ᾡρατος.

2266 5381 2388 5462 (57)
2420 5379 2536 5442 Aut
2555 5376 2665 5462 hic
2695 5395 2803 5462 vox
2835 5372 3133 5462 patupdqptg,
3194 5382 3292 5439 aut
3348 5374 3522 5458 paulo
3551 5372 3833 5457 superius

686 5438 1337 5528 e’o'lisiﬁié'iai'é'v'iérium
1365 5458 1697 5523 Romanum
1726 5457 1801 5520 ad
1829 5457 1986 5521 diem
2024 5438 2087 5524 18

2179 5438 2954 5544 νοιξξξνᾷἆόριξὶιλάυοθὶιᾶέ
2976 5438 3232 5544 γὶὶίέὶιῃε.

455 5541 789 5607 Februarii.

540 5622 669 5705 (56)
698 5621 943 5687 Codex:
994 5620 1250 5703 ξανθάθριξ
1283 5637 1298 5652 ·
1358 5623 1555 5702 ὡραῖος
1589 5633 1603 5649 ·
1665 5617 1915 5700 ἐπίρινος.
1970 5620 2094 5691 Εχτ

538 5790 573 5843 θ
598 5789 754 5862 Ρω.
785 5807 945 5875 xm,
974 5791 1035 5856 3.

2265 5541 2389 5623 (58)
2423 5534 2724 5623 Iu'Graaco
2782 5535 3098 5616 legendum
3153 5534 3399 5599 fortasse
3431 5558 3446 5597 :
3504 5534 3586 5594 ὅτι
3615 5537 3696 5599 οἷ’).
3730 5538 3839 5594 Καὶ

2179 5618 2456 5695 ζητήσεως
2487 5618 2717 5688 πολλῆς.
