  <div class='ocr_page' id='page_1' title='image "/cluster/home/n/w/nwhite01/storage/ocr_20150623/120/mdp.39015008866736/108.png"; bbox 0 0 4068 6112; ppageno 0'>
   <div class='ocr_carea' id='block_1_1' title="bbox 266 292 368 359">
    <p class='ocr_par' dir='ltr' id='par_1_1' title="bbox 266 292 368 359">
     <span class='ocr_line' id='line_1_1' title="bbox 266 292 368 359; baseline 0.01 -1"><span class='ocrx_word' id='word_1_1' title='bbox 266 292 368 359; x_wconf 59' lang='lat'><strong>905</strong></span> 
     </span>
    </p>
   </div>
   <div class='ocr_carea' id='block_1_2' title="bbox 280 431 1303 510">
    <p class='ocr_par' dir='ltr' id='par_1_2' title="bbox 280 431 1303 510">
     <span class='ocr_line' id='line_1_2' title="bbox 280 431 1303 510; baseline 0.006 -24"><span class='ocrx_word' id='word_1_2' title='bbox 280 433 489 509; x_wconf 67' lang='grc' dir='ltr'>Χριστός</span> <span class='ocrx_word' id='word_1_3' title='bbox 541 431 714 510; x_wconf 81' lang='grc' dir='ltr'>ἐστιν,</span> <span class='ocrx_word' id='word_1_4' title='bbox 779 438 833 493; x_wconf 82' lang='grc' dir='ltr'>οἱ</span> <span class='ocrx_word' id='word_1_5' title='bbox 905 433 963 491; x_wconf 75' lang='grc' dir='ltr'>δὲ</span> <span class='ocrx_word' id='word_1_6' title='bbox 1034 432 1114 491; x_wconf 60' lang='grc' dir='ltr'>ὅτι</span> <span class='ocrx_word' id='word_1_7' title='bbox 1183 433 1242 492; x_wconf 70' lang='grc' dir='ltr'>οὔ</span> <span class='ocrx_word' id='word_1_8' title='bbox 1285 451 1303 467; x_wconf 76' lang='grc'><strong>⁸</strong></span> 
     </span>
    </p>
   </div>
   <div class='ocr_carea' id='block_1_3' title="bbox 288 519 1935 603">
    <p class='ocr_par' dir='ltr' id='par_1_3' title="bbox 288 519 1935 603">
     <span class='ocr_line' id='line_1_3' title="bbox 288 519 1935 603; baseline -0.001 -26"><span class='ocrx_word' id='word_1_9' title='bbox 288 519 479 589; x_wconf 75' lang='grc' dir='ltr'>πολλῆς</span> <span class='ocrx_word' id='word_1_10' title='bbox 507 523 809 601; x_wconf 76' lang='grc' dir='ltr'><strong>γενομένης</strong></span> <span class='ocrx_word' id='word_1_11' title='bbox 871 521 1166 601; x_wconf 81' lang='grc' dir='ltr'>ἆναμεταξὺ</span> <span class='ocrx_word' id='word_1_12' title='bbox 1220 523 1391 580; x_wconf 67' lang='grc' dir='ltr'>αὐτῶν</span> <span class='ocrx_word' id='word_1_13' title='bbox 1446 524 1565 603; x_wconf 86' lang='grc' dir='ltr'>περὶ</span> <span class='ocrx_word' id='word_1_14' title='bbox 1621 528 1712 578; x_wconf 88' lang='grc' dir='ltr'><strong>τοῦ</strong></span> <span class='ocrx_word' id='word_1_15' title='bbox 1765 522 1935 599; x_wconf 77' lang='grc' dir='ltr'>ῥήμα-</span> 
     </span>
    </p>
   </div>
   <div class='ocr_carea' id='block_1_4' title="bbox 286 609 1933 691">
    <p class='ocr_par' dir='ltr' id='par_1_4' title="bbox 286 609 1933 691">
     <span class='ocr_line' id='line_1_4' title="bbox 286 609 1933 691; baseline -0.002 -26"><span class='ocrx_word' id='word_1_16' title='bbox 286 632 366 673; x_wconf 82' lang='grc' dir='ltr'><strong>τος</strong></span> <span class='ocrx_word' id='word_1_17' title='bbox 394 611 600 686; x_wconf 83' lang='grc' dir='ltr'>τούτου,</span> <span class='ocrx_word' id='word_1_18' title='bbox 644 611 973 669; x_wconf 79' lang='grc' dir='ltr'><strong>ἀπέστειλαν</strong></span> <span class='ocrx_word' id='word_1_19' title='bbox 1019 614 1147 691; x_wconf 86' lang='grc' dir='ltr'>πρὸς</span> <span class='ocrx_word' id='word_1_20' title='bbox 1201 609 1474 685; x_wconf 80' lang='grc' dir='ltr'><strong>Ἰωάννην,</strong></span> <span class='ocrx_word' id='word_1_21' title='bbox 1535 611 1624 666; x_wconf 80' lang='grc' dir='ltr'><strong>καὶ</strong></span> <span class='ocrx_word' id='word_1_22' title='bbox 1652 609 1933 689; x_wconf 78' lang='grc' dir='ltr'><strong>ἠρώτησαν</strong></span> 
     </span>
    </p>
   </div>
   <div class='ocr_carea' id='block_1_5' title="bbox 287 699 1930 776">
    <p class='ocr_par' dir='ltr' id='par_1_5' title="bbox 287 699 1930 776">
     <span class='ocr_line' id='line_1_5' title="bbox 287 699 1930 776; baseline -0.001 -22"><span class='ocrx_word' id='word_1_23' title='bbox 287 699 435 756; x_wconf 72' lang='grc' dir='ltr'>αὒτόν</span> <span class='ocrx_word' id='word_1_24' title='bbox 469 718 486 734; x_wconf 77' lang='grc'>⁸</span> <span class='ocrx_word' id='word_1_25' title='bbox 544 702 633 757; x_wconf 82' lang='grc' dir='ltr'><strong>καὶ</strong></span> <span class='ocrx_word' id='word_1_26' title='bbox 685 701 842 759; x_wconf 77' lang='grc' dir='ltr'>εἶπεν</span> <span class='ocrx_word' id='word_1_27' title='bbox 904 704 1118 775; x_wconf 73' lang='grc' dir='ltr'>αὐτοῖς,</span> <span class='ocrx_word' id='word_1_28' title='bbox 1175 700 1255 757; x_wconf 80' lang='grc' dir='ltr'><strong>ὅτι</strong></span> <span class='ocrx_word' id='word_1_29' title='bbox 1314 703 1420 758; x_wconf 68' lang='grc' dir='ltr'>Οὔκ</span> <span class='ocrx_word' id='word_1_30' title='bbox 1476 700 1581 774; x_wconf 79' lang='grc' dir='ltr'>εἰμὶ</span> <span class='ocrx_word' id='word_1_31' title='bbox 1625 701 1653 754; x_wconf 99' lang='lat'><strong>6</strong></span> <span class='ocrx_word' id='word_1_32' title='bbox 1684 699 1930 776; x_wconf 81' lang='grc' dir='ltr'>Χριστὸς,</span> 
     </span>
    </p>
   </div>
   <div class='ocr_carea' id='block_1_6' title="bbox 288 786 1930 869">
    <p class='ocr_par' dir='ltr' id='par_1_6' title="bbox 288 786 1930 869">
     <span class='ocr_line' id='line_1_6' title="bbox 288 786 1930 869; baseline 0.001 -26"><span class='ocrx_word' id='word_1_33' title='bbox 288 786 401 844; x_wconf 76' lang='grc' dir='ltr'>ἀλλ’</span> <span class='ocrx_word' id='word_1_34' title='bbox 463 789 634 845; x_wconf 82' lang='grc' dir='ltr'><strong>ὀπίσω</strong></span> <span class='ocrx_word' id='word_1_35' title='bbox 706 811 808 866; x_wconf 88' lang='grc' dir='ltr'><strong>μου</strong></span> <span class='ocrx_word' id='word_1_36' title='bbox 862 788 1103 869; x_wconf 71' lang='grc' dir='ltr'>ἔρχεται,</span> <span class='ocrx_word' id='word_1_37' title='bbox 1163 788 1323 865; x_wconf 75' lang='grc' dir='ltr'>μέσος</span> <span class='ocrx_word' id='word_1_38' title='bbox 1375 786 1429 844; x_wconf 72' lang='grc' dir='ltr'>δὲ</span> <span class='ocrx_word' id='word_1_39' title='bbox 1482 789 1629 863; x_wconf 77' lang='grc' dir='ltr'>ὑμῶν</span> <span class='ocrx_word' id='word_1_40' title='bbox 1685 786 1930 853; x_wconf 74' lang='grc' dir='ltr'>ἕστηκεν.</span> 
     </span>
    </p>
   </div>
   <div class='ocr_carea' id='block_1_7' title="bbox 295 874 1935 960">
    <p class='ocr_par' dir='ltr' id='par_1_7' title="bbox 295 874 1935 960">
     <span class='ocr_line' id='line_1_7' title="bbox 295 874 1935 960; baseline -0.003 -25"><span class='ocrx_word' id='word_1_41' title='bbox 295 875 537 955; x_wconf 80' lang='grc' dir='ltr'><strong>Ἐγένετο</strong></span> <span class='ocrx_word' id='word_1_42' title='bbox 564 878 762 960; x_wconf 75' lang='grc' dir='ltr'>ἡμέρα,</span> <span class='ocrx_word' id='word_1_43' title='bbox 818 880 906 935; x_wconf 85' lang='grc' dir='ltr'><strong>καὶ</strong></span> <span class='ocrx_word' id='word_1_44' title='bbox 954 877 1188 958; x_wconf 78' lang='grc' dir='ltr'><strong>ἤρχοντο</strong></span> <span class='ocrx_word' id='word_1_45' title='bbox 1246 876 1364 934; x_wconf 84' lang='grc' dir='ltr'>λαοὶ</span> <span class='ocrx_word' id='word_1_46' title='bbox 1398 876 1586 934; x_wconf 85' lang='grc' dir='ltr'>πολλοὶ</span> <span class='ocrx_word' id='word_1_47' title='bbox 1614 878 1702 932; x_wconf 82' lang='grc' dir='ltr'><strong>καὶ</strong></span> <span class='ocrx_word' id='word_1_48' title='bbox 1732 874 1935 955; x_wconf 73' lang='grc' dir='ltr'>ἄρχον-</span> 
     </span>
    </p>
   </div>
   <div class='ocr_carea' id='block_1_8' title="bbox 295 961 1938 1046">
    <p class='ocr_par' dir='ltr' id='par_1_8' title="bbox 295 961 1938 1046">
     <span class='ocr_line' id='line_1_8' title="bbox 295 961 1938 1046; baseline -0.001 -26"><span class='ocrx_word' id='word_1_49' title='bbox 295 986 377 1028; x_wconf 86' lang='grc' dir='ltr'><strong>τες</strong></span> <span class='ocrx_word' id='word_1_50' title='bbox 425 965 483 1021; x_wconf 85' lang='grc' dir='ltr'><strong>ἐν</strong></span> <span class='ocrx_word' id='word_1_51' title='bbox 659 967 863 1046; x_wconf 75' lang='grc' dir='ltr'>ἐρήμῳ,</span> <span class='ocrx_word' id='word_1_52' title='bbox 922 968 996 1030; x_wconf 75' lang='grc' dir='ltr'><strong>εἰς</strong></span> <span class='ocrx_word' id='word_1_53' title='bbox 1036 969 1126 1023; x_wconf 83' lang='grc' dir='ltr'>τὸν</span> <span class='ocrx_word' id='word_1_54' title='bbox 1186 964 1452 1045; x_wconf 75' lang='grc' dir='ltr'>Ἰορδάνην</span> <span class='ocrx_word' id='word_1_55' title='bbox 1505 967 1636 1045; x_wconf 83' lang='grc' dir='ltr'>πρὸς</span> <span class='ocrx_word' id='word_1_56' title='bbox 1683 966 1774 1021; x_wconf 83' lang='grc' dir='ltr'><strong>τὸν</strong></span> <span class='ocrx_word' id='word_1_57' title='bbox 1824 961 1938 1020; x_wconf 83' lang='grc' dir='ltr'><strong>ἰω-</strong></span> 
     </span>
    </p>
   </div>
   <div class='ocr_carea' id='block_1_9' title="bbox 296 1053 1940 1133">
    <p class='ocr_par' dir='ltr' id='par_1_9' title="bbox 296 1053 1940 1133">
     <span class='ocr_line' id='line_1_9' title="bbox 296 1053 1940 1133; baseline -0.001 -24"><span class='ocrx_word' id='word_1_58' title='bbox 296 1054 453 1121; x_wconf 83' lang='grc' dir='ltr'>άννην</span> <span class='ocrx_word' id='word_1_59' title='bbox 522 1053 990 1133; x_wconf 74' lang='grc' dir='ltr'><strong>ἐξομολογούμενοι</strong></span> <span class='ocrx_word' id='word_1_60' title='bbox 1067 1057 1162 1119; x_wconf 78' lang='grc' dir='ltr'><strong>τὰς</strong></span> <span class='ocrx_word' id='word_1_61' title='bbox 1248 1056 1503 1133; x_wconf 74' lang='grc' dir='ltr'>ἁμαρτίας</span> <span class='ocrx_word' id='word_1_62' title='bbox 1588 1053 1781 1128; x_wconf 72' lang='grc' dir='ltr'>αὐτῶν,</span> <span class='ocrx_word' id='word_1_63' title='bbox 1853 1053 1940 1108; x_wconf 85' lang='grc' dir='ltr'><strong>καὶ</strong></span> 
     </span>
    </p>
   </div>
   <div class='ocr_carea' id='block_1_10' title="bbox 296 1140 1941 1218">
    <p class='ocr_par' dir='ltr' id='par_1_10' title="bbox 296 1140 1941 1218">
     <span class='ocr_line' id='line_1_10' title="bbox 296 1140 1941 1218; baseline -0.001 -20"><span class='ocrx_word' id='word_1_64' title='bbox 296 1143 664 1218; x_wconf 74' lang='grc' dir='ltr'><strong>βαπτισθέντες</strong></span> <span class='ocrx_word' id='word_1_65' title='bbox 713 1141 802 1199; x_wconf 79' lang='grc' dir='ltr'><strong>ὑπ’</strong></span> <span class='ocrx_word' id='word_1_66' title='bbox 859 1144 1040 1204; x_wconf 76' lang='grc' dir='ltr'>αὐτοῦ.</span> <span class='ocrx_word' id='word_1_67' title='bbox 1094 1153 1196 1203; x_wconf 91' lang='grc' dir='ltr'>Τοῦ</span> <span class='ocrx_word' id='word_1_68' title='bbox 1252 1142 1306 1198; x_wconf 77' lang='grc' dir='ltr'><strong>δέ</strong></span> <span class='ocrx_word' id='word_1_69' title='bbox 1367 1141 1608 1199; x_wconf 80' lang='grc' dir='ltr'>Ἰωάννου</span> <span class='ocrx_word' id='word_1_70' title='bbox 1666 1144 1756 1197; x_wconf 78' lang='grc' dir='ltr'><strong>τὸν</strong></span> <span class='ocrx_word' id='word_1_71' title='bbox 1812 1140 1941 1197; x_wconf 85' lang='grc' dir='ltr'>λαὸν</span> 
     </span>
    </p>
   </div>
   <div class='ocr_carea' id='block_1_11' title="bbox 296 1227 1941 1313">
    <p class='ocr_par' dir='ltr' id='par_1_11' title="bbox 296 1227 1941 1313">
     <span class='ocr_line' id='line_1_11' title="bbox 296 1227 1941 1313; baseline -0.003 -24"><span class='ocrx_word' id='word_1_72' title='bbox 296 1243 665 1313; x_wconf 68' lang='grc' dir='ltr'>κπηχοῦντος</span> <span class='ocrx_word' id='word_1_73' title='bbox 713 1233 764 1289; x_wconf 82' lang='grc' dir='ltr'><strong>ἐν</strong></span> <span class='ocrx_word' id='word_1_74' title='bbox 812 1231 1097 1312; x_wconf 82' lang='grc' dir='ltr'>Βηθαράκα</span> <span class='ocrx_word' id='word_1_75' title='bbox 1149 1232 1348 1312; x_wconf 75' lang='grc' dir='ltr'>χωρίον</span> <span class='ocrx_word' id='word_1_76' title='bbox 1403 1231 1562 1310; x_wconf 74' lang='grc' dir='ltr'>πέραν</span> <span class='ocrx_word' id='word_1_77' title='bbox 1618 1241 1711 1290; x_wconf 84' lang='grc' dir='ltr'><strong>τοῦ</strong></span> <span class='ocrx_word' id='word_1_78' title='bbox 1741 1227 1941 1308; x_wconf 83' lang='grc' dir='ltr'>Ἰορδά-</span> 
     </span>
    </p>
   </div>
   <div class='ocr_carea' id='block_1_12' title="bbox 296 1317 1943 1400">
    <p class='ocr_par' dir='ltr' id='par_1_12' title="bbox 296 1317 1943 1400">
     <span class='ocr_line' id='line_1_12' title="bbox 296 1317 1943 1400; baseline -0.003 -23"><span class='ocrx_word' id='word_1_79' title='bbox 296 1343 404 1393; x_wconf 72' lang='grc' dir='ltr'>νου,</span> <span class='ocrx_word' id='word_1_80' title='bbox 467 1320 626 1389; x_wconf 78' lang='grc' dir='ltr'>ἦλθεν</span> <span class='ocrx_word' id='word_1_81' title='bbox 679 1324 707 1378; x_wconf 88' lang='lat'><strong>6</strong></span> <span class='ocrx_word' id='word_1_82' title='bbox 765 1319 967 1388; x_wconf 87' lang='grc' dir='ltr'>Ἰησοῦς</span> <span class='ocrx_word' id='word_1_83' title='bbox 1024 1323 1097 1385; x_wconf 77' lang='grc' dir='ltr'>εἷς</span> <span class='ocrx_word' id='word_1_84' title='bbox 1151 1319 1347 1400; x_wconf 80' lang='grc' dir='ltr'>ἔρημον</span> <span class='ocrx_word' id='word_1_85' title='bbox 1399 1329 1491 1378; x_wconf 88' lang='grc' dir='ltr'><strong>τοῦ</strong></span> <span class='ocrx_word' id='word_1_86' title='bbox 1548 1317 1829 1399; x_wconf 82' lang='grc' dir='ltr'>Ἰορδάνου,</span> <span class='ocrx_word' id='word_1_87' title='bbox 1856 1318 1943 1374; x_wconf 86' lang='grc' dir='ltr'><strong>καὶ</strong></span> 
     </span>
    </p>
   </div>
   <div class='ocr_carea' id='block_1_13' title="bbox 292 1406 1944 1490">
    <p class='ocr_par' dir='ltr' id='par_1_13' title="bbox 292 1406 1944 1490">
     <span class='ocr_line' id='line_1_13' title="bbox 292 1406 1944 1490; baseline -0.002 -24"><span class='ocrx_word' id='word_1_88' title='bbox 292 1410 545 1477; x_wconf 73' lang='grc' dir='ltr'>ἐποίησεν</span> <span class='ocrx_word' id='word_1_89' title='bbox 594 1410 708 1467; x_wconf 77' lang='grc' dir='ltr'>ἐκεῖ</span> <span class='ocrx_word' id='word_1_90' title='bbox 760 1410 964 1490; x_wconf 80' lang='grc' dir='ltr'>ἡμέρας</span> <span class='ocrx_word' id='word_1_91' title='bbox 1012 1410 1423 1488; x_wconf 75' lang='grc' dir='ltr'>τεσσαράκοντα,</span> <span class='ocrx_word' id='word_1_92' title='bbox 1482 1410 1570 1465; x_wconf 85' lang='grc' dir='ltr'><strong>καὶ</strong></span> <span class='ocrx_word' id='word_1_93' title='bbox 1626 1407 1782 1465; x_wconf 88' lang='grc' dir='ltr'>πάλιν</span> <span class='ocrx_word' id='word_1_94' title='bbox 1811 1406 1944 1463; x_wconf 82' lang='grc' dir='ltr'><strong>ὺπέ-</strong></span> 
     </span>
    </p>
   </div>
   <div class='ocr_carea' id='block_1_14' title="bbox 293 1491 1945 1577">
    <p class='ocr_par' dir='ltr' id='par_1_14' title="bbox 293 1491 1945 1577">
     <span class='ocr_line' id='line_1_14' title="bbox 293 1491 1945 1577; baseline 0.003 -23"><span class='ocrx_word' id='word_1_95' title='bbox 293 1504 521 1577; x_wconf 81' lang='grc' dir='ltr'>στρεψεν</span> <span class='ocrx_word' id='word_1_96' title='bbox 550 1502 680 1577; x_wconf 82' lang='grc' dir='ltr'>πρὸς</span> <span class='ocrx_word' id='word_1_97' title='bbox 711 1501 801 1556; x_wconf 84' lang='grc' dir='ltr'>τὸν</span> <span class='ocrx_word' id='word_1_98' title='bbox 850 1497 1121 1566; x_wconf 83' lang='grc' dir='ltr'>Ἰωάννην.</span> <span class='ocrx_word' id='word_1_99' title='bbox 1188 1491 1277 1561; x_wconf 79' lang='grc' dir='ltr'>Ὧς</span> <span class='ocrx_word' id='word_1_100' title='bbox 1328 1495 1382 1554; x_wconf 72' lang='grc' dir='ltr'>δὲ</span> <span class='ocrx_word' id='word_1_101' title='bbox 1440 1495 1580 1554; x_wconf 74' lang='grc' dir='ltr'>εἶδεν</span> <span class='ocrx_word' id='word_1_102' title='bbox 1638 1500 1666 1553; x_wconf 79' lang='grc' dir='ltr'>ὁ</span> <span class='ocrx_word' id='word_1_103' title='bbox 1698 1495 1945 1562; x_wconf 80' lang='grc' dir='ltr'>Ἰωάννης</span> 
     </span>
    </p>
   </div>
   <div class='ocr_carea' id='block_1_15' title="bbox 292 1586 1476 1668">
    <p class='ocr_par' dir='ltr' id='par_1_15' title="bbox 292 1586 1476 1668">
     <span class='ocr_line' id='line_1_15' title="bbox 292 1586 1476 1668; baseline -0.002 -25"><span class='ocrx_word' id='word_1_104' title='bbox 292 1589 382 1643; x_wconf 68' lang='grc' dir='ltr'>τὸν</span> <span class='ocrx_word' id='word_1_105' title='bbox 458 1586 670 1668; x_wconf 60' lang='grc' dir='ltr'>Ἰησοῦν</span> <span class='ocrx_word' id='word_1_106' title='bbox 738 1587 1027 1668; x_wconf 77' lang='grc' dir='ltr'>ἐρχόμενον</span> <span class='ocrx_word' id='word_1_107' title='bbox 1096 1589 1227 1667; x_wconf 83' lang='grc' dir='ltr'>πρὸς</span> <span class='ocrx_word' id='word_1_108' title='bbox 1298 1587 1476 1661; x_wconf 73' lang='grc' dir='ltr'>αὒτὸν,</span> 
     </span>
    </p>
   </div>
   <div class='ocr_carea' id='block_1_16' title="bbox 1554 296 2372 365">
    <p class='ocr_par' dir='ltr' id='par_1_16' title="bbox 1554 296 2372 365">
     <span class='ocr_line' id='line_1_16' title="bbox 1554 296 2372 365; baseline 0.001 -1"><span class='ocrx_word' id='word_1_109' title='bbox 1554 301 1654 364; x_wconf 90' lang='lat' dir='ltr'><strong>DE</strong></span> <span class='ocrx_word' id='word_1_110' title='bbox 1681 296 1872 365; x_wconf 85' lang='lat' dir='ltr'><strong>VITA</strong></span> <span class='ocrx_word' id='word_1_111' title='bbox 1900 300 1966 361; x_wconf 90' lang='lat' dir='ltr'><strong>B.</strong></span> <span class='ocrx_word' id='word_1_112' title='bbox 1999 298 2372 365; x_wconf 83' lang='lat' dir='ltr'><strong>VIBGINIS.</strong></span> 
     </span>
    </p>
   </div>
   <div class='ocr_carea' id='block_1_17' title="bbox 1375 426 1965 510">
    <p class='ocr_par' dir='ltr' id='par_1_17' title="bbox 1375 433 1965 504">
     <span class='ocr_line' id='line_1_17' title="bbox 1375 433 1965 504; baseline -0.008 -13"><span class='ocrx_word' id='word_1_113' title='bbox 1375 436 1462 491; x_wconf 89' lang='grc' dir='ltr'><strong>καὶ</strong></span> <span class='ocrx_word' id='word_1_114' title='bbox 1527 433 1587 491; x_wconf 73' lang='grc' dir='ltr'>οὒ</span> <span class='ocrx_word' id='word_1_115' title='bbox 1656 433 1930 504; x_wconf 85' lang='grc' dir='ltr'>ζητήσεως</span> <span class='ocrx_word' id='word_1_116' title='bbox 1950 454 1965 492; x_wconf 68' lang='grc' dir='ltr'><em>λ</em></span> 
     </span>
    </p>
   </div>
   <div class='ocr_carea' id='block_1_18' title="bbox 2056 426 3660 510">
    <p class='ocr_par' dir='ltr' id='par_1_18' title="bbox 2056 426 3660 510">
     <span class='ocr_line' id='line_1_18' title="bbox 2056 426 3660 510; baseline 0.001 -20"><span class='ocrx_word' id='word_1_117' title='bbox 2056 431 2169 491; x_wconf 73' lang='lat' dir='ltr'><strong>ium</strong></span> <span class='ocrx_word' id='word_1_118' title='bbox 2203 428 2446 509; x_wconf 75' lang='lat' dir='ltr'><strong>quaestio</strong></span> <span class='ocrx_word' id='word_1_119' title='bbox 2478 428 2685 509; x_wconf 82' lang='lat' dir='ltr'><strong>Magna</strong></span> <span class='ocrx_word' id='word_1_120' title='bbox 2713 433 2843 491; x_wconf 88' lang='lat' dir='ltr'><strong>orta</strong></span> <span class='ocrx_word' id='word_1_121' title='bbox 2872 433 3029 490; x_wconf 88' lang='lat' dir='ltr'><strong>esset</strong></span> <span class='ocrx_word' id='word_1_122' title='bbox 3073 426 3231 489; x_wconf 87' lang='lat' dir='ltr'><strong>inter</strong></span> <span class='ocrx_word' id='word_1_123' title='bbox 3258 426 3419 510; x_wconf 90' lang='lat' dir='ltr'><strong>ipsos</strong></span> <span class='ocrx_word' id='word_1_124' title='bbox 3443 428 3521 492; x_wconf 90' lang='lat' dir='ltr'><strong>de</strong></span> <span class='ocrx_word' id='word_1_125' title='bbox 3547 431 3660 492; x_wconf 87' lang='lat' dir='ltr'><strong>hac</strong></span> 
     </span>
    </p>
   </div>
   <div class='ocr_carea' id='block_1_19' title="bbox 3536 296 3658 364">
    <p class='ocr_par' dir='ltr' id='par_1_19' title="bbox 3536 296 3658 364">
     <span class='ocr_line' id='line_1_19' title="bbox 3536 296 3658 364; baseline 0.008 -1"><span class='ocrx_word' id='word_1_126' title='bbox 3536 296 3658 364; x_wconf 79' lang='lat'><strong>206</strong></span> 
     </span>
    </p>
   </div>
   <div class='ocr_carea' id='block_1_20' title="bbox 2017 517 3662 597">
    <p class='ocr_par' dir='ltr' id='par_1_20' title="bbox 2017 517 3662 597">
     <span class='ocr_line' id='line_1_20' title="bbox 2017 517 3662 597; baseline 0.001 -18"><span class='ocrx_word' id='word_1_127' title='bbox 2017 536 2107 592; x_wconf 91' lang='lat' dir='ltr'><strong>re,</strong></span> <span class='ocrx_word' id='word_1_128' title='bbox 2167 517 2456 579; x_wconf 89' lang='lat' dir='ltr'><strong>miserunt</strong></span> <span class='ocrx_word' id='word_1_129' title='bbox 2511 518 2582 579; x_wconf 84' lang='lat' dir='ltr'><strong>ad</strong></span> <span class='ocrx_word' id='word_1_130' title='bbox 2644 517 2956 597; x_wconf 81' lang='lat' dir='ltr'><strong>Joannem,</strong></span> <span class='ocrx_word' id='word_1_131' title='bbox 3028 523 3087 577; x_wconf 90' lang='lat' dir='ltr'><strong>et</strong></span> <span class='ocrx_word' id='word_1_132' title='bbox 3152 517 3662 597; x_wconf 80' lang='lat' dir='ltr'><strong>interrogaverunt</strong></span> 
     </span>
    </p>
   </div>
   <div class='ocr_carea' id='block_1_21' title="bbox 2019 604 3665 689">
    <p class='ocr_par' dir='ltr' id='par_1_21' title="bbox 2019 604 3665 689">
     <span class='ocr_line' id='line_1_21' title="bbox 2019 604 3665 689; baseline 0.001 -21"><span class='ocrx_word' id='word_1_133' title='bbox 2019 625 2177 668; x_wconf 91' lang='lat' dir='ltr'><strong>eum.</strong></span> <span class='ocrx_word' id='word_1_134' title='bbox 2213 605 2283 666; x_wconf 90' lang='lat' dir='ltr'><strong>Et</strong></span> <span class='ocrx_word' id='word_1_135' title='bbox 2313 604 2460 668; x_wconf 85' lang='lat' dir='ltr'><strong>dixit</strong></span> <span class='ocrx_word' id='word_1_136' title='bbox 2491 605 2617 668; x_wconf 87' lang='lat' dir='ltr'><strong>eis:</strong></span> <span class='ocrx_word' id='word_1_137' title='bbox 2682 604 2811 667; x_wconf 88' lang='lat' dir='ltr'><strong>Non</strong></span> <span class='ocrx_word' id='word_1_138' title='bbox 2867 623 3001 668; x_wconf 89' lang='lat' dir='ltr'><strong>sum</strong></span> <span class='ocrx_word' id='word_1_139' title='bbox 3052 605 3343 680; x_wconf 86' lang='lat' dir='ltr'><strong>Christus,</strong></span> <span class='ocrx_word' id='word_1_140' title='bbox 3393 606 3500 669; x_wconf 89' lang='lat' dir='ltr'><strong>sed</strong></span> <span class='ocrx_word' id='word_1_141' title='bbox 3532 614 3665 689; x_wconf 90' lang='lat' dir='ltr'><strong>post</strong></span> 
     </span>
    </p>
   </div>
   <div class='ocr_carea' id='block_1_22' title="bbox 2020 693 3659 776">
    <p class='ocr_par' dir='ltr' id='par_1_22' title="bbox 2020 693 3659 776">
     <span class='ocr_line' id='line_1_22' title="bbox 2020 693 3659 776; baseline 0.001 -21"><span class='ocrx_word' id='word_1_142' title='bbox 2020 704 2117 757; x_wconf 90' lang='lat' dir='ltr'><strong>me</strong></span> <span class='ocrx_word' id='word_1_143' title='bbox 2149 694 2330 776; x_wconf 84' lang='lat' dir='ltr'><strong>venit,</strong></span> <span class='ocrx_word' id='word_1_144' title='bbox 2363 695 2595 757; x_wconf 89' lang='lat' dir='ltr'><strong>medius</strong></span> <span class='ocrx_word' id='word_1_145' title='bbox 2650 702 2845 757; x_wconf 89' lang='lat' dir='ltr'><strong>autem</strong></span> <span class='ocrx_word' id='word_1_146' title='bbox 2902 693 3059 755; x_wconf 83' lang='lat' dir='ltr'><strong>inter</strong></span> <span class='ocrx_word' id='word_1_147' title='bbox 3113 713 3215 756; x_wconf 88' lang='lat' dir='ltr'><strong>vos</strong></span> <span class='ocrx_word' id='word_1_148' title='bbox 3244 700 3377 757; x_wconf 84' lang='lat' dir='ltr'><strong>stat.</strong></span> <span class='ocrx_word' id='word_1_149' title='bbox 3411 694 3659 758; x_wconf 91' lang='lat' dir='ltr'><strong>Factum</strong></span> 
     </span>
    </p>
   </div>
   <div class='ocr_carea' id='block_1_23' title="bbox 2021 782 3663 866">
    <p class='ocr_par' dir='ltr' id='par_1_23' title="bbox 2021 782 3663 866">
     <span class='ocr_line' id='line_1_23' title="bbox 2021 782 3663 866; baseline 0.001 -21"><span class='ocrx_word' id='word_1_150' title='bbox 2021 792 2107 845; x_wconf 90' lang='lat' dir='ltr'><strong>est</strong></span> <span class='ocrx_word' id='word_1_151' title='bbox 2133 786 2384 864; x_wconf 89' lang='lat' dir='ltr'><strong>quadam</strong></span> <span class='ocrx_word' id='word_1_152' title='bbox 2418 783 2538 864; x_wconf 89' lang='lat' dir='ltr'><strong>die,</strong></span> <span class='ocrx_word' id='word_1_153' title='bbox 2570 791 2633 844; x_wconf 88' lang='lat' dir='ltr'><strong>ut</strong></span> <span class='ocrx_word' id='word_1_154' title='bbox 2662 790 2861 846; x_wconf 85' lang='lat' dir='ltr'><strong>essent</strong></span> <span class='ocrx_word' id='word_1_155' title='bbox 2888 782 3057 844; x_wconf 91' lang='lat' dir='ltr'><strong>multi</strong></span> <span class='ocrx_word' id='word_1_156' title='bbox 3113 783 3313 864; x_wconf 86' lang='lat' dir='ltr'><strong>populi</strong></span> <span class='ocrx_word' id='word_1_157' title='bbox 3345 791 3406 846; x_wconf 89' lang='lat' dir='ltr'><strong>et</strong></span> <span class='ocrx_word' id='word_1_158' title='bbox 3435 784 3663 866; x_wconf 88' lang='lat' dir='ltr'><strong>princi-</strong></span> 
     </span>
    </p>
   </div>
   <div class='ocr_carea' id='block_1_24' title="bbox 2022 870 3666 953">
    <p class='ocr_par' dir='ltr' id='par_1_24' title="bbox 2022 870 3666 953">
     <span class='ocr_line' id='line_1_24' title="bbox 2022 870 3666 953; baseline 0.002 -21"><span class='ocrx_word' id='word_1_159' title='bbox 2022 890 2126 953; x_wconf 92' lang='lat' dir='ltr'><strong>pes</strong></span> <span class='ocrx_word' id='word_1_160' title='bbox 2153 872 2215 933; x_wconf 90' lang='lat' dir='ltr'><strong>in</strong></span> <span class='ocrx_word' id='word_1_161' title='bbox 2241 872 2475 934; x_wconf 85' lang='lat' dir='ltr'><strong>deserto</strong></span> <span class='ocrx_word' id='word_1_162' title='bbox 2506 871 2579 933; x_wconf 77' lang='lat' dir='ltr'><strong>ad</strong></span> <span class='ocrx_word' id='word_1_163' title='bbox 2611 871 2925 934; x_wconf 86' lang='lat' dir='ltr'><strong>Jordanem</strong></span> <span class='ocrx_word' id='word_1_164' title='bbox 2957 870 3111 951; x_wconf 92' lang='lat' dir='ltr'><strong>apud</strong></span> <span class='ocrx_word' id='word_1_165' title='bbox 3155 874 3446 935; x_wconf 83' lang='lat' dir='ltr'><strong>Joannem</strong></span> <span class='ocrx_word' id='word_1_166' title='bbox 3474 874 3666 935; x_wconf 81' lang='lat' dir='ltr'><strong>conﬁ-</strong></span> 
     </span>
    </p>
   </div>
   <div class='ocr_carea' id='block_1_25' title="bbox 2022 958 3667 1045">
    <p class='ocr_par' dir='ltr' id='par_1_25' title="bbox 2022 958 3667 1045">
     <span class='ocr_line' id='line_1_25' title="bbox 2022 958 3667 1045; baseline 0.002 -24"><span class='ocrx_word' id='word_1_167' title='bbox 2022 967 2212 1022; x_wconf 80' lang='lat' dir='ltr'><strong>tentes</strong></span> <span class='ocrx_word' id='word_1_168' title='bbox 2244 969 2481 1041; x_wconf 89' lang='lat' dir='ltr'><strong>peccata</strong></span> <span class='ocrx_word' id='word_1_169' title='bbox 2537 978 2665 1041; x_wconf 89' lang='lat' dir='ltr'><strong>sua,</strong></span> <span class='ocrx_word' id='word_1_170' title='bbox 2721 970 2778 1022; x_wconf 90' lang='lat' dir='ltr'><strong>et</strong></span> <span class='ocrx_word' id='word_1_171' title='bbox 2831 958 3105 1040; x_wconf 90' lang='lat' dir='ltr'><strong>baptizati</strong></span> <span class='ocrx_word' id='word_1_172' title='bbox 3151 958 3224 1021; x_wconf 88' lang='lat' dir='ltr'><strong>ab</strong></span> <span class='ocrx_word' id='word_1_173' title='bbox 3273 979 3367 1024; x_wconf 90' lang='lat' dir='ltr'><strong>eo.</strong></span> <span class='ocrx_word' id='word_1_174' title='bbox 3400 962 3667 1045; x_wconf 87' lang='lat' dir='ltr'><strong>Cumque</strong></span> 
     </span>
    </p>
   </div>
   <div class='ocr_carea' id='block_1_26' title="bbox 2019 1048 3664 1131">
    <p class='ocr_par' dir='ltr' id='par_1_26' title="bbox 2019 1048 3664 1131">
     <span class='ocr_line' id='line_1_26' title="bbox 2019 1048 3664 1131; baseline 0 -19"><span class='ocrx_word' id='word_1_175' title='bbox 2019 1048 2278 1114; x_wconf 73' lang='lat' dir='ltr'><strong>Joannes</strong></span> <span class='ocrx_word' id='word_1_176' title='bbox 2310 1050 2592 1131; x_wconf 89' lang='lat' dir='ltr'><strong>populum</strong></span> <span class='ocrx_word' id='word_1_177' title='bbox 2648 1048 2891 1111; x_wconf 86' lang='lat' dir='ltr'><strong>doceret</strong></span> <span class='ocrx_word' id='word_1_178' title='bbox 2920 1048 2982 1110; x_wconf 89' lang='lat' dir='ltr'><strong>in</strong></span> <span class='ocrx_word' id='word_1_179' title='bbox 3033 1049 3365 1112; x_wconf 90' lang='lat' dir='ltr'><strong>Betharaca</strong></span> <span class='ocrx_word' id='word_1_180' title='bbox 3391 1050 3533 1128; x_wconf 86' lang='lat'><strong>(59),</strong></span> <span class='ocrx_word' id='word_1_181' title='bbox 3563 1051 3664 1131; x_wconf 86' lang='lat' dir='ltr'><strong>qui</strong></span> 
     </span>
    </p>
   </div>
   <div class='ocr_carea' id='block_1_27' title="bbox 2025 1135 3665 1213">
    <p class='ocr_par' dir='ltr' id='par_1_27' title="bbox 2025 1135 3665 1213">
     <span class='ocr_line' id='line_1_27' title="bbox 2025 1135 3665 1213; baseline 0.002 -15"><span class='ocrx_word' id='word_1_182' title='bbox 2025 1139 2188 1199; x_wconf 91' lang='lat' dir='ltr'><strong>locus</strong></span> <span class='ocrx_word' id='word_1_183' title='bbox 2218 1145 2307 1199; x_wconf 88' lang='lat' dir='ltr'><strong>est</strong></span> <span class='ocrx_word' id='word_1_184' title='bbox 2336 1146 2496 1200; x_wconf 89' lang='lat' dir='ltr'><strong>trans</strong></span> <span class='ocrx_word' id='word_1_185' title='bbox 2525 1136 2867 1213; x_wconf 88' lang='lat' dir='ltr'><strong>Jordanem,</strong></span> <span class='ocrx_word' id='word_1_186' title='bbox 2900 1137 3059 1198; x_wconf 88' lang='lat' dir='ltr'><strong>venit</strong></span> <span class='ocrx_word' id='word_1_187' title='bbox 3080 1135 3256 1199; x_wconf 84' lang='lat' dir='ltr'><strong>Jesus</strong></span> <span class='ocrx_word' id='word_1_188' title='bbox 3282 1141 3342 1201; x_wconf 93' lang='lat' dir='ltr'><strong>in</strong></span> <span class='ocrx_word' id='word_1_189' title='bbox 3364 1138 3665 1201; x_wconf 89' lang='lat' dir='ltr'><strong>desertum</strong></span> 
     </span>
    </p>
   </div>
   <div class='ocr_carea' id='block_1_28' title="bbox 2023 1224 3670 1307">
    <p class='ocr_par' dir='ltr' id='par_1_28' title="bbox 2023 1224 3670 1307">
     <span class='ocr_line' id='line_1_28' title="bbox 2023 1224 3670 1307; baseline 0.002 -20"><span class='ocrx_word' id='word_1_190' title='bbox 2023 1224 2322 1306; x_wconf 88' lang='lat' dir='ltr'><strong>Jordanis,</strong></span> <span class='ocrx_word' id='word_1_191' title='bbox 2356 1233 2412 1289; x_wconf 88' lang='lat' dir='ltr'><strong>et</strong></span> <span class='ocrx_word' id='word_1_192' title='bbox 2444 1225 2661 1288; x_wconf 85' lang='lat' dir='ltr'><strong>mansit</strong></span> <span class='ocrx_word' id='word_1_193' title='bbox 2702 1225 2784 1287; x_wconf 88' lang='lat' dir='ltr'><strong>ibi</strong></span> <span class='ocrx_word' id='word_1_194' title='bbox 2834 1225 2962 1286; x_wconf 89' lang='lat' dir='ltr'><strong>dies</strong></span> <span class='ocrx_word' id='word_1_195' title='bbox 3017 1225 3119 1307; x_wconf 78' lang='lat'><strong>40,</strong></span> <span class='ocrx_word' id='word_1_196' title='bbox 3170 1234 3228 1288; x_wconf 90' lang='lat' dir='ltr'><strong>et</strong></span> <span class='ocrx_word' id='word_1_197' title='bbox 3254 1244 3464 1289; x_wconf 85' lang='lat' dir='ltr'><strong>rursus</strong></span> <span class='ocrx_word' id='word_1_198' title='bbox 3495 1228 3670 1290; x_wconf 84' lang='lat' dir='ltr'><strong>rediit</strong></span> 
     </span>
    </p>
   </div>
   <div class='ocr_carea' id='block_1_29' title="bbox 2026 1312 3669 1379">
    <p class='ocr_par' dir='ltr' id='par_1_29' title="bbox 2026 1312 3669 1379">
     <span class='ocr_line' id='line_1_29' title="bbox 2026 1312 3669 1379; baseline 0.001 -3"><span class='ocrx_word' id='word_1_199' title='bbox 2026 1314 2098 1376; x_wconf 92' lang='lat' dir='ltr'><strong>ad</strong></span> <span class='ocrx_word' id='word_1_200' title='bbox 2126 1313 2443 1377; x_wconf 87' lang='lat' dir='ltr'><strong>Joannem.</strong></span> <span class='ocrx_word' id='word_1_201' title='bbox 2483 1312 2558 1376; x_wconf 92' lang='lat' dir='ltr'><strong>Ut</strong></span> <span class='ocrx_word' id='word_1_202' title='bbox 2586 1322 2781 1375; x_wconf 82' lang='lat' dir='ltr'><strong>autem</strong></span> <span class='ocrx_word' id='word_1_203' title='bbox 2813 1313 2959 1375; x_wconf 86' lang='lat' dir='ltr'><strong>vidit</strong></span> <span class='ocrx_word' id='word_1_204' title='bbox 2987 1314 3246 1377; x_wconf 85' lang='lat' dir='ltr'><strong>Joannes</strong></span> <span class='ocrx_word' id='word_1_205' title='bbox 3272 1314 3477 1378; x_wconf 87' lang='lat' dir='ltr'><strong>Jesum</strong></span> <span class='ocrx_word' id='word_1_206' title='bbox 3508 1316 3582 1378; x_wconf 90' lang='lat' dir='ltr'><strong>ad</strong></span> <span class='ocrx_word' id='word_1_207' title='bbox 3601 1335 3669 1379; x_wconf 87' lang='lat' dir='ltr'><strong>se</strong></span> 
     </span>
    </p>
   </div>
   <div class='ocr_carea' id='block_1_30' title="bbox 2028 1403 3672 1485">
    <p class='ocr_par' dir='ltr' id='par_1_30' title="bbox 2028 1403 3672 1485">
     <span class='ocr_line' id='line_1_30' title="bbox 2028 1403 3672 1485; baseline 0.001 -19"><span class='ocrx_word' id='word_1_208' title='bbox 2028 1404 2387 1479; x_wconf 74' lang='lat' dir='ltr'><strong>venientem,</strong></span> <span class='ocrx_word' id='word_1_209' title='bbox 2415 1404 2496 1465; x_wconf 87' lang='lat' dir='ltr'><strong>ait</strong></span> <span class='ocrx_word' id='word_1_210' title='bbox 2515 1403 2590 1465; x_wconf 89' lang='lat' dir='ltr'><strong>de</strong></span> <span class='ocrx_word' id='word_1_211' title='bbox 2612 1403 2738 1484; x_wconf 89' lang='lat' dir='ltr'><strong>ipso</strong></span> <span class='ocrx_word' id='word_1_212' title='bbox 2760 1421 2773 1466; x_wconf 91' lang='lat'>:</span> <span class='ocrx_word' id='word_1_213' title='bbox 2797 1404 2955 1466; x_wconf 85' lang='lat' dir='ltr'><strong>Ecce</strong></span> <span class='ocrx_word' id='word_1_214' title='bbox 2986 1421 3180 1485; x_wconf 84' lang='lat' dir='ltr'><strong>agnus</strong></span> <span class='ocrx_word' id='word_1_215' title='bbox 3208 1406 3344 1481; x_wconf 79' lang='lat' dir='ltr'><strong>Dei,</strong></span> <span class='ocrx_word' id='word_1_216' title='bbox 3374 1408 3479 1484; x_wconf 82' lang='lat' dir='ltr'><strong>qui</strong></span> <span class='ocrx_word' id='word_1_217' title='bbox 3508 1405 3672 1469; x_wconf 71' lang='lat' dir='ltr'><strong>tollit</strong></span> 
     </span>
    </p>
   </div>
   <div class='ocr_carea' id='block_1_31' title="bbox 2021 1491 3673 1574">
    <p class='ocr_par' dir='ltr' id='par_1_31' title="bbox 2021 1491 3673 1574">
     <span class='ocr_line' id='line_1_31' title="bbox 2021 1491 3673 1574; baseline 0.001 -19"><span class='ocrx_word' id='word_1_218' title='bbox 2021 1502 2352 1574; x_wconf 80' lang='lat' dir='ltr'><strong>peccatum</strong></span> <span class='ocrx_word' id='word_1_219' title='bbox 2382 1494 2597 1555; x_wconf 74' lang='lat' dir='ltr'><strong>mundi</strong></span> <span class='ocrx_word' id='word_1_220' title='bbox 2626 1493 2692 1553; x_wconf 86' lang='lat'><strong>7:</strong></span> <span class='ocrx_word' id='word_1_221' title='bbox 2744 1492 2864 1555; x_wconf 91' lang='lat' dir='ltr'><strong>vidi</strong></span> <span class='ocrx_word' id='word_1_222' title='bbox 2897 1491 3053 1554; x_wconf 90' lang='lat' dir='ltr'><strong>enim</strong></span> <span class='ocrx_word' id='word_1_223' title='bbox 3088 1492 3371 1574; x_wconf 90' lang='lat' dir='ltr'><strong>Spiritum</strong></span> <span class='ocrx_word' id='word_1_224' title='bbox 3402 1502 3673 1557; x_wconf 90' lang='lat' dir='ltr'><strong>sanctum</strong></span> 
     </span>
    </p>
   </div>
   <div class='ocr_carea' id='block_1_32' title="bbox 1569 1581 1965 1664">
    <p class='ocr_par' dir='ltr' id='par_1_32' title="bbox 1569 1585 1950 1664">
     <span class='ocr_line' id='line_1_32' title="bbox 1569 1585 1950 1664; baseline -0.005 -22"><span class='ocrx_word' id='word_1_225' title='bbox 1569 1585 1747 1663; x_wconf 73' lang='grc' dir='ltr'>ἔλεγεν</span> <span class='ocrx_word' id='word_1_226' title='bbox 1831 1586 1950 1664; x_wconf 84' lang='grc' dir='ltr'>περὶ</span> 
     </span>
    </p>
   </div>
   <div class='ocr_carea' id='block_1_33' title="bbox 2056 1581 3674 1664">
    <p class='ocr_par' dir='ltr' id='par_1_33' title="bbox 2056 1581 3674 1663">
     <span class='ocr_line' id='line_1_33' title="bbox 2056 1581 3674 1663; baseline 0.004 -22"><span class='ocrx_word' id='word_1_227' title='bbox 2056 1581 2488 1644; x_wconf 88' lang='lat' dir='ltr'><strong>lescendentem</strong></span> <span class='ocrx_word' id='word_1_228' title='bbox 2520 1600 2550 1642; x_wconf 94' lang='lat' dir='ltr'><strong>e</strong></span> <span class='ocrx_word' id='word_1_229' title='bbox 2586 1582 2757 1656; x_wconf 62' lang='lat' dir='ltr'><strong>caelo,</strong></span> <span class='ocrx_word' id='word_1_230' title='bbox 2792 1590 2848 1642; x_wconf 92' lang='lat' dir='ltr'><strong>et</strong></span> <span class='ocrx_word' id='word_1_231' title='bbox 2870 1590 3207 1643; x_wconf 81' lang='lat' dir='ltr'><strong>manentem</strong></span> <span class='ocrx_word' id='word_1_232' title='bbox 3237 1600 3419 1663; x_wconf 86' lang='lat' dir='ltr'><strong>super</strong></span> <span class='ocrx_word' id='word_1_233' title='bbox 3436 1593 3674 1661; x_wconf 88' lang='lat' dir='ltr'><strong>eum,et</strong></span> 
     </span>
    </p>
   </div>
   <div class='ocr_carea' id='block_1_34' title="bbox 291 1659 1965 1753">
    <p class='ocr_par' dir='ltr' id='par_1_34' title="bbox 291 1659 1947 1753">
     <span class='ocr_line' id='line_1_34' title="bbox 291 1659 1947 1753; baseline -0.002 -21"><span class='ocrx_word' id='word_1_234' title='bbox 291 1679 448 1733; x_wconf 62' lang='lat' dir='ltr'><strong>who)</strong></span> <span class='ocrx_word' id='word_1_235' title='bbox 486 1696 503 1711; x_wconf 74' lang='grc'><strong>⁸</strong></span> <span class='ocrx_word' id='word_1_236' title='bbox 539 1700 567 1732; x_wconf 80' lang='grc' dir='ltr'><strong>ιι</strong></span> <span class='ocrx_word' id='word_1_237' title='bbox 599 1659 697 1734; x_wconf 50' lang='grc' dir='ltr'><strong>ἰδε</strong></span> <span class='ocrx_word' id='word_1_238' title='bbox 726 1659 981 1753; x_wconf 48' lang='grc' dir='ltr'>δ”λμνὸς</span> <span class='ocrx_word' id='word_1_239' title='bbox 1010 1686 1102 1735; x_wconf 89' lang='grc' dir='ltr'><strong>τοῦ</strong></span> <span class='ocrx_word' id='word_1_240' title='bbox 1140 1659 1310 1750; x_wconf 50' lang='grc' dir='ltr'>’Θεοῦ,</span> <span class='ocrx_word' id='word_1_241' title='bbox 1372 1679 1400 1731; x_wconf 94' lang='lat'><strong>6</strong></span> <span class='ocrx_word' id='word_1_242' title='bbox 1451 1659 1620 1751; x_wconf 76' lang='grc' dir='ltr'>αἴρων</span> <span class='ocrx_word' id='word_1_243' title='bbox 1647 1659 1947 1753; x_wconf 56' lang='grc' dir='ltr'>ἢνξὰμαρ-</span> 
     </span>
    </p>
   </div>
   <div class='ocr_carea' id='block_1_35' title="bbox 2056 1659 3675 1753">
    <p class='ocr_par' dir='ltr' id='par_1_35' title="bbox 2056 1659 3675 1751">
     <span class='ocr_line' id='line_1_35' title="bbox 2056 1659 3675 1751; baseline 0.004 -19"><span class='ocrx_word' id='word_1_244' title='bbox 2056 1689 2234 1732; x_wconf 74' lang='lat' dir='ltr'><strong>&#39;ocem</strong></span> <span class='ocrx_word' id='word_1_245' title='bbox 2267 1670 2461 1732; x_wconf 88' lang='lat' dir='ltr'><strong>audivi</strong></span> <span class='ocrx_word' id='word_1_246' title='bbox 2491 1670 2786 1732; x_wconf 87' lang='lat' dir='ltr'><strong>dicentem</strong></span> <span class='ocrx_word' id='word_1_247' title='bbox 2841 1671 2945 1732; x_wconf 83' lang='lat' dir='ltr'><strong>ei:</strong></span> <span class='ocrx_word' id='word_1_248' title='bbox 3002 1670 3123 1733; x_wconf 77' lang='lat' dir='ltr'><strong>Hic</strong></span> <span class='ocrx_word' id='word_1_249' title='bbox 3177 1680 3264 1732; x_wconf 82' lang='lat' dir='ltr'><strong>est</strong></span> <span class='ocrx_word' id='word_1_250' title='bbox 3311 1659 3477 1751; x_wconf 71' lang='lat' dir='ltr'><strong>ﬁlius</strong></span> <span class='ocrx_word' id='word_1_251' title='bbox 3507 1659 3675 1738; x_wconf 70' lang='lat' dir='ltr'><strong>meus</strong></span> 
     </span>
    </p>
   </div>
   <div class='ocr_carea' id='block_1_36' title="bbox 297 1745 1965 1844">
    <p class='ocr_par' dir='ltr' id='par_1_36' title="bbox 297 1761 1947 1844">
     <span class='ocr_line' id='line_1_36' title="bbox 297 1761 1947 1844; baseline -0.002 -24"><span class='ocrx_word' id='word_1_252' title='bbox 297 1766 408 1821; x_wconf 73' lang='grc' dir='ltr'>τίαν</span> <span class='ocrx_word' id='word_1_253' title='bbox 437 1772 537 1821; x_wconf 89' lang='grc' dir='ltr'><strong>τοῦ</strong></span> <span class='ocrx_word' id='word_1_254' title='bbox 587 1767 788 1842; x_wconf 84' lang='grc' dir='ltr'>κόσμου</span> <span class='ocrx_word' id='word_1_255' title='bbox 820 1782 835 1796; x_wconf 85' lang='grc'>⁶</span> <span class='ocrx_word' id='word_1_256' title='bbox 900 1788 924 1823; x_wconf 77' lang='grc' dir='ltr'>ι)</span> <span class='ocrx_word' id='word_1_257' title='bbox 990 1764 1105 1822; x_wconf 78' lang='grc' dir='ltr'>ἴδον</span> <span class='ocrx_word' id='word_1_258' title='bbox 1167 1766 1266 1844; x_wconf 74' lang='grc' dir='ltr'><strong>γαρ</strong></span> <span class='ocrx_word' id='word_1_259' title='bbox 1321 1765 1381 1820; x_wconf 85' lang='lat'><strong>16</strong></span> <span class='ocrx_word' id='word_1_260' title='bbox 1439 1771 1650 1839; x_wconf 79' lang='grc' dir='ltr'>Πνεῦμα</span> <span class='ocrx_word' id='word_1_261' title='bbox 1704 1765 1764 1819; x_wconf 84' lang='grc' dir='ltr'>τὸ</span> <span class='ocrx_word' id='word_1_262' title='bbox 1794 1761 1947 1841; x_wconf 76' lang='grc' dir='ltr'>ἅγιον</span> 
     </span>
    </p>
   </div>
   <div class='ocr_carea' id='block_1_37' title="bbox 2056 1745 3669 1844">
    <p class='ocr_par' dir='ltr' id='par_1_37' title="bbox 2056 1745 3669 1842">
     <span class='ocr_line' id='line_1_37' title="bbox 2056 1745 3669 1842; baseline 0.002 -20"><span class='ocrx_word' id='word_1_263' title='bbox 2056 1761 2288 1822; x_wconf 65' lang='lat' dir='ltr'><strong>illectus</strong></span> <span class='ocrx_word' id='word_1_264' title='bbox 2335 1759 2386 1818; x_wconf 88' lang='lat'><strong>8.</strong></span> <span class='ocrx_word' id='word_1_265' title='bbox 2420 1757 2492 1820; x_wconf 92' lang='lat' dir='ltr'><strong>Et</strong></span> <span class='ocrx_word' id='word_1_266' title='bbox 2520 1758 2837 1820; x_wconf 89' lang='lat' dir='ltr'><strong>audierunt</strong></span> <span class='ocrx_word' id='word_1_267' title='bbox 2864 1759 3084 1839; x_wconf 74' lang='lat' dir='ltr'><strong>populi,</strong></span> <span class='ocrx_word' id='word_1_268' title='bbox 3123 1767 3181 1820; x_wconf 92' lang='lat' dir='ltr'><strong>et</strong></span> <span class='ocrx_word' id='word_1_269' title='bbox 3213 1745 3669 1842; x_wconf 81' lang='lat' dir='ltr'><strong>obstupuerunt.</strong></span> 
     </span>
    </p>
   </div>
   <div class='ocr_carea' id='block_1_38' title="bbox 296 1842 1965 1935">
    <p class='ocr_par' dir='ltr' id='par_1_38' title="bbox 296 1842 1950 1935">
     <span class='ocr_line' id='line_1_38' title="bbox 296 1842 1950 1935; baseline -0.002 -25"><span class='ocrx_word' id='word_1_270' title='bbox 296 1852 552 1910; x_wconf 84' lang='grc' dir='ltr'>κατελθὸν</span> <span class='ocrx_word' id='word_1_271' title='bbox 582 1852 635 1920; x_wconf 83' lang='grc' dir='ltr'>ἐξ</span> <span class='ocrx_word' id='word_1_272' title='bbox 684 1855 925 1935; x_wconf 75' lang='grc' dir='ltr'>ούρανοῦ,</span> <span class='ocrx_word' id='word_1_273' title='bbox 982 1856 1070 1910; x_wconf 83' lang='grc' dir='ltr'><strong>καὶ</strong></span> <span class='ocrx_word' id='word_1_274' title='bbox 1127 1842 1283 1928; x_wconf 79' lang='grc' dir='ltr'>μένον</span> <span class='ocrx_word' id='word_1_275' title='bbox 1340 1842 1425 1909; x_wconf 76' lang='grc' dir='ltr'><strong>ἐπ’</strong></span> <span class='ocrx_word' id='word_1_276' title='bbox 1482 1853 1660 1927; x_wconf 76' lang='grc' dir='ltr'>αὐτὸν,</span> <span class='ocrx_word' id='word_1_277' title='bbox 1719 1853 1807 1908; x_wconf 82' lang='grc' dir='ltr'><strong>καὶ</strong></span> <span class='ocrx_word' id='word_1_278' title='bbox 1831 1872 1950 1932; x_wconf 77' lang='grc' dir='ltr'>φω-</span> 
     </span>
    </p>
   </div>
   <div class='ocr_carea' id='block_1_39' title="bbox 2056 1842 3674 1935">
    <p class='ocr_par' dir='ltr' id='par_1_39' title="bbox 2056 1846 3674 1913">
     <span class='ocr_line' id='line_1_39' title="bbox 2056 1846 3674 1913; baseline 0.004 -6"><span class='ocrx_word' id='word_1_279' title='bbox 2056 1847 2326 1910; x_wconf 54' lang='grc' dir='ltr'><strong>ἓοεῑτίἀὶθ</strong></span> <span class='ocrx_word' id='word_1_280' title='bbox 2354 1866 2495 1909; x_wconf 91' lang='lat' dir='ltr'><strong>vero</strong></span> <span class='ocrx_word' id='word_1_281' title='bbox 2525 1865 2731 1910; x_wconf 86' lang='lat' dir='ltr'><strong>rursus</strong></span> <span class='ocrx_word' id='word_1_282' title='bbox 2759 1846 2906 1909; x_wconf 91' lang='lat' dir='ltr'><strong>vidit</strong></span> <span class='ocrx_word' id='word_1_283' title='bbox 2933 1846 3195 1910; x_wconf 86' lang='lat' dir='ltr'><strong>Joannes</strong></span> <span class='ocrx_word' id='word_1_284' title='bbox 3221 1850 3425 1912; x_wconf 89' lang='lat' dir='ltr'><strong>Jesum</strong></span> <span class='ocrx_word' id='word_1_285' title='bbox 3458 1851 3674 1913; x_wconf 90' lang='lat' dir='ltr'><strong>ambu-</strong></span> 
     </span>
    </p>
   </div>
   <div class='ocr_carea' id='block_1_40' title="bbox 303 1935 1965 2023">
    <p class='ocr_par' dir='ltr' id='par_1_40' title="bbox 303 1941 1954 2023">
     <span class='ocr_line' id='line_1_40' title="bbox 303 1941 1954 2023; baseline 0 -26"><span class='ocrx_word' id='word_1_286' title='bbox 303 1943 395 2008; x_wconf 83' lang='grc' dir='ltr'><strong>νήν</strong></span> <span class='ocrx_word' id='word_1_287' title='bbox 425 1942 688 2021; x_wconf 73' lang='grc' dir='ltr'><strong>λέγουσαν</strong></span> <span class='ocrx_word' id='word_1_288' title='bbox 716 1947 848 2023; x_wconf 79' lang='grc' dir='ltr'>πρὸς</span> <span class='ocrx_word' id='word_1_289' title='bbox 906 1943 1058 1999; x_wconf 64' lang='grc' dir='ltr'>αὐτόν</span> <span class='ocrx_word' id='word_1_290' title='bbox 1082 1958 1095 1973; x_wconf 89' lang='grc'><strong>’</strong></span> <span class='ocrx_word' id='word_1_291' title='bbox 1159 1962 1187 2000; x_wconf 68' lang='grc' dir='ltr'><strong>ε</strong></span> <span class='ocrx_word' id='word_1_292' title='bbox 1246 1941 1408 2005; x_wconf 77' lang='grc' dir='ltr'>Οὗτός</span> <span class='ocrx_word' id='word_1_293' title='bbox 1465 1941 1608 1997; x_wconf 85' lang='grc' dir='ltr'>ἐστιν</span> <span class='ocrx_word' id='word_1_294' title='bbox 1644 1943 1672 1997; x_wconf 87' lang='lat'><strong>6</strong></span> <span class='ocrx_word' id='word_1_295' title='bbox 1704 1941 1821 2002; x_wconf 80' lang='grc' dir='ltr'><strong>Υἱὸς</strong></span> <span class='ocrx_word' id='word_1_296' title='bbox 1853 1960 1954 2015; x_wconf 88' lang='grc' dir='ltr'><strong>μου</strong></span> 
     </span>
    </p>
   </div>
   <div class='ocr_carea' id='block_1_41' title="bbox 2056 1935 3677 2023">
    <p class='ocr_par' dir='ltr' id='par_1_41' title="bbox 2057 1935 3677 2019">
     <span class='ocr_line' id='line_1_41' title="bbox 2057 1935 3677 2019; baseline 0.004 -21"><span class='ocrx_word' id='word_1_297' title='bbox 2057 1946 2276 2011; x_wconf 90' lang='lat' dir='ltr'><strong>antem,</strong></span> <span class='ocrx_word' id='word_1_298' title='bbox 2313 1946 2373 2000; x_wconf 80' lang='lat' dir='ltr'><strong>et</strong></span> <span class='ocrx_word' id='word_1_299' title='bbox 2401 1936 2483 1998; x_wconf 85' lang='lat' dir='ltr'><strong>ait</strong></span> <span class='ocrx_word' id='word_1_300' title='bbox 2512 1936 2587 1998; x_wconf 93' lang='lat' dir='ltr'><strong>de</strong></span> <span class='ocrx_word' id='word_1_301' title='bbox 2617 1935 2748 2015; x_wconf 92' lang='lat' dir='ltr'><strong>ipso</strong></span> <span class='ocrx_word' id='word_1_302' title='bbox 2781 1956 2796 1997; x_wconf 90' lang='lat'>:</span> <span class='ocrx_word' id='word_1_303' title='bbox 2829 1935 2987 1999; x_wconf 85' lang='lat' dir='ltr'><strong>Ecce</strong></span> <span class='ocrx_word' id='word_1_304' title='bbox 3014 1954 3209 2016; x_wconf 76' lang='lat' dir='ltr'><strong>agnus</strong></span> <span class='ocrx_word' id='word_1_305' title='bbox 3233 1936 3375 2019; x_wconf 79' lang='lat' dir='ltr'><strong>Dei,</strong></span> <span class='ocrx_word' id='word_1_306' title='bbox 3397 1944 3503 2018; x_wconf 73' lang='lat' dir='ltr'><strong>qui</strong></span> <span class='ocrx_word' id='word_1_307' title='bbox 3523 1939 3677 2004; x_wconf 78' lang='lat' dir='ltr'><strong>tollit</strong></span> 
     </span>
    </p>
   </div>
   <div class='ocr_carea' id='block_1_42' title="bbox 301 2025 1965 2108">
    <p class='ocr_par' dir='ltr' id='par_1_42' title="bbox 301 2027 1949 2108">
     <span class='ocr_line' id='line_1_42' title="bbox 301 2027 1949 2108; baseline -0.002 -22"><span class='ocrx_word' id='word_1_308' title='bbox 301 2033 328 2086; x_wconf 97' lang='lat'><strong>6</strong></span> <span class='ocrx_word' id='word_1_309' title='bbox 354 2031 661 2108; x_wconf 80' lang='grc' dir='ltr'>ἀγαπητός,</span> <span class='ocrx_word' id='word_1_310' title='bbox 693 2050 725 2090; x_wconf 80' lang='grc'><strong>)</strong></span> <span class='ocrx_word' id='word_1_311' title='bbox 766 2032 867 2089; x_wconf 78' lang='grc' dir='ltr'>Καὶ</span> <span class='ocrx_word' id='word_1_312' title='bbox 894 2029 1124 2098; x_wconf 75' lang='grc' dir='ltr'>ἤκουσαν</span> <span class='ocrx_word' id='word_1_313' title='bbox 1176 2034 1222 2086; x_wconf 81' lang='grc' dir='ltr'>οἱ</span> <span class='ocrx_word' id='word_1_314' title='bbox 1275 2029 1392 2087; x_wconf 84' lang='grc' dir='ltr'>λαοὶ</span> <span class='ocrx_word' id='word_1_315' title='bbox 1420 2031 1507 2085; x_wconf 86' lang='grc' dir='ltr'>καὶ</span> <span class='ocrx_word' id='word_1_316' title='bbox 1536 2027 1949 2095; x_wconf 80' lang='grc' dir='ltr'>ἐξεπλὼσσοντο,</span> 
     </span>
    </p>
   </div>
   <div class='ocr_carea' id='block_1_43' title="bbox 2056 2025 2669 2108">
    <p class='ocr_par' dir='ltr' id='par_1_43' title="bbox 2056 2025 2669 2088">
     <span class='ocr_line' id='line_1_43' title="bbox 2056 2025 2669 2088; baseline -0.002 -2"><span class='ocrx_word' id='word_1_317' title='bbox 2056 2035 2347 2088; x_wconf 64' lang='lat' dir='ltr'><strong>recoetum</strong></span> <span class='ocrx_word' id='word_1_318' title='bbox 2374 2026 2589 2088; x_wconf 77' lang='lat' dir='ltr'><strong>mundi</strong></span> <span class='ocrx_word' id='word_1_319' title='bbox 2617 2025 2669 2085; x_wconf 86' lang='lat'><strong>9.</strong></span> 
     </span>
    </p>
   </div>
   <div class='ocr_carea' id='block_1_44' title="bbox 300 2114 3680 2199">
    <p class='ocr_par' dir='ltr' id='par_1_44' title="bbox 300 2114 3680 2199">
     <span class='ocr_line' id='line_1_44' title="bbox 300 2114 3680 2199; baseline 0 -24"><span class='ocrx_word' id='word_1_320' title='bbox 300 2125 376 2195; x_wconf 78' lang='grc' dir='ltr'><strong>Τῇ</strong></span> <span class='ocrx_word' id='word_1_321' title='bbox 418 2117 476 2175; x_wconf 78' lang='grc' dir='ltr'>δὲ</span> <span class='ocrx_word' id='word_1_322' title='bbox 506 2120 751 2199; x_wconf 72' lang='grc' dir='ltr'>ἐπαύριον</span> <span class='ocrx_word' id='word_1_323' title='bbox 793 2118 951 2177; x_wconf 85' lang='grc' dir='ltr'>πάλιν</span> <span class='ocrx_word' id='word_1_324' title='bbox 980 2117 1092 2175; x_wconf 79' lang='grc' dir='ltr'>ἴδεν</span> <span class='ocrx_word' id='word_1_325' title='bbox 1134 2121 1163 2175; x_wconf 87' lang='lat'><strong>6</strong></span> <span class='ocrx_word' id='word_1_326' title='bbox 1193 2116 1442 2185; x_wconf 77' lang='grc' dir='ltr'>Ἰωάννης</span> <span class='ocrx_word' id='word_1_327' title='bbox 1474 2120 1565 2175; x_wconf 80' lang='grc' dir='ltr'>τὸν</span> <span class='ocrx_word' id='word_1_328' title='bbox 1594 2117 1798 2187; x_wconf 79' lang='grc' dir='ltr'>Ἰησοῦν</span> <span class='ocrx_word' id='word_1_329' title='bbox 1828 2125 2235 2197; x_wconf 87' lang='grc' dir='ltr'>περιπατοῦντα,</span> <span class='ocrx_word' id='word_1_330' title='bbox 2277 2117 2362 2173; x_wconf 86' lang='grc' dir='ltr'>καὶ</span> <span class='ocrx_word' id='word_1_331' title='bbox 2418 2114 2561 2195; x_wconf 78' lang='grc' dir='ltr'>λέγει</span> <span class='ocrx_word' id='word_1_332' title='bbox 2615 2117 2732 2196; x_wconf 82' lang='grc' dir='ltr'>περὶ</span> <span class='ocrx_word' id='word_1_333' title='bbox 2787 2118 2943 2176; x_wconf 70' lang='grc' dir='ltr'>αὐτοῦ</span> <span class='ocrx_word' id='word_1_334' title='bbox 2975 2135 2991 2150; x_wconf 88' lang='grc'><strong><em>⁸</em></strong></span> <span class='ocrx_word' id='word_1_335' title='bbox 3057 2138 3083 2173; x_wconf 71' lang='grc' dir='ltr'><strong>α</strong></span> <span class='ocrx_word' id='word_1_336' title='bbox 3131 2115 3208 2176; x_wconf 86' lang='grc' dir='ltr'>Ιδε</span> <span class='ocrx_word' id='word_1_337' title='bbox 3250 2119 3279 2173; x_wconf 92' lang='lat'><strong>6</strong></span> <span class='ocrx_word' id='word_1_338' title='bbox 3331 2115 3527 2193; x_wconf 80' lang='grc' dir='ltr'>Ἀμνὸς</span> <span class='ocrx_word' id='word_1_339' title='bbox 3587 2128 3680 2179; x_wconf 86' lang='grc' dir='ltr'><strong>τοῦ</strong></span> 
     </span>
    </p>
   </div>
   <div class='ocr_carea' id='block_1_45' title="bbox 302 2207 1575 2287">
    <p class='ocr_par' dir='ltr' id='par_1_45' title="bbox 302 2207 1575 2287">
     <span class='ocr_line' id='line_1_45' title="bbox 302 2207 1575 2287; baseline 0.002 -24"><span class='ocrx_word' id='word_1_340' title='bbox 302 2214 455 2277; x_wconf 83' lang='grc' dir='ltr'>Θεοῦ,</span> <span class='ocrx_word' id='word_1_341' title='bbox 489 2210 518 2264; x_wconf 88' lang='lat'><strong>6</strong></span> <span class='ocrx_word' id='word_1_342' title='bbox 562 2208 728 2287; x_wconf 77' lang='grc' dir='ltr'>αἴρων</span> <span class='ocrx_word' id='word_1_343' title='bbox 756 2207 855 2274; x_wconf 79' lang='grc' dir='ltr'><strong>τήν</strong></span> <span class='ocrx_word' id='word_1_344' title='bbox 886 2207 1142 2286; x_wconf 81' lang='grc' dir='ltr'>ἁμαρτίαν</span> <span class='ocrx_word' id='word_1_345' title='bbox 1172 2216 1263 2266; x_wconf 87' lang='grc' dir='ltr'><strong>τοῦ</strong></span> <span class='ocrx_word' id='word_1_346' title='bbox 1290 2207 1512 2282; x_wconf 87' lang='grc' dir='ltr'>κόσμου.</span> <span class='ocrx_word' id='word_1_347' title='bbox 1552 2228 1575 2264; x_wconf 74' lang='grc' dir='ltr'>ι)</span> 
     </span>
    </p>
   </div>
   <div class='ocr_carea' id='block_1_46' title="bbox 382 2286 1953 2373">
    <p class='ocr_par' dir='ltr' id='par_1_46' title="bbox 382 2286 1953 2373">
     <span class='ocr_line' id='line_1_46' title="bbox 382 2286 1953 2373; baseline -0.002 -20"><span class='ocrx_word' id='word_1_348' title='bbox 382 2286 493 2359; x_wconf 74' lang='grc' dir='ltr'><strong>ιζ’.</strong></span> <span class='ocrx_word' id='word_1_349' title='bbox 567 2299 667 2355; x_wconf 79' lang='grc' dir='ltr'><strong>Καὶ</strong></span> <span class='ocrx_word' id='word_1_350' title='bbox 736 2297 1051 2360; x_wconf 79' lang='grc' dir='ltr'>ἀκούσαντες</span> <span class='ocrx_word' id='word_1_351' title='bbox 1109 2298 1156 2353; x_wconf 80' lang='grc' dir='ltr'>οἱ</span> <span class='ocrx_word' id='word_1_352' title='bbox 1215 2297 1443 2371; x_wconf 84' lang='grc' dir='ltr'>μαθηταὶ</span> <span class='ocrx_word' id='word_1_353' title='bbox 1497 2300 1654 2354; x_wconf 71' lang='grc' dir='ltr'>αὐτοῦ</span> <span class='ocrx_word' id='word_1_354' title='bbox 1708 2292 1953 2373; x_wconf 82' lang='grc' dir='ltr'>Ἀνδρέας</span> 
     </span>
    </p>
   </div>
   <div class='ocr_carea' id='block_1_47' title="bbox 2116 2290 3684 2373">
    <p class='ocr_par' dir='ltr' id='par_1_47' title="bbox 2116 2290 3684 2373">
     <span class='ocr_line' id='line_1_47' title="bbox 2116 2290 3684 2373; baseline 0 -19"><span class='ocrx_word' id='word_1_355' title='bbox 2116 2290 2292 2354; x_wconf 84' lang='lat' dir='ltr'>XVII.</span> <span class='ocrx_word' id='word_1_356' title='bbox 2326 2292 2401 2354; x_wconf 92' lang='lat' dir='ltr'><strong>Et</strong></span> <span class='ocrx_word' id='word_1_357' title='bbox 2429 2292 2631 2354; x_wconf 90' lang='lat' dir='ltr'><strong>audito</strong></span> <span class='ocrx_word' id='word_1_358' title='bbox 2661 2292 2777 2355; x_wconf 88' lang='lat' dir='ltr'><strong>hoc</strong></span> <span class='ocrx_word' id='word_1_359' title='bbox 2826 2291 3104 2373; x_wconf 87' lang='lat' dir='ltr'><strong>discipuli</strong></span> <span class='ocrx_word' id='word_1_360' title='bbox 3146 2292 3274 2373; x_wconf 89' lang='lat' dir='ltr'><strong>ejus</strong></span> <span class='ocrx_word' id='word_1_361' title='bbox 3326 2292 3597 2355; x_wconf 83' lang='lat' dir='ltr'><strong>Andreas</strong></span> <span class='ocrx_word' id='word_1_362' title='bbox 3622 2300 3684 2354; x_wconf 85' lang='lat' dir='ltr'><strong>et</strong></span> 
     </span>
    </p>
   </div>
   <div class='ocr_carea' id='block_1_48' title="bbox 300 2380 1965 2466">
    <p class='ocr_par' dir='ltr' id='par_1_48' title="bbox 300 2380 1949 2466">
     <span class='ocr_line' id='line_1_48' title="bbox 300 2380 1949 2466; baseline -0.001 -24"><span class='ocrx_word' id='word_1_363' title='bbox 300 2388 388 2442; x_wconf 81' lang='grc' dir='ltr'>καὶ</span> <span class='ocrx_word' id='word_1_364' title='bbox 417 2384 697 2458; x_wconf 81' lang='grc' dir='ltr'>Ἰωάννης,</span> <span class='ocrx_word' id='word_1_365' title='bbox 751 2385 969 2466; x_wconf 68' lang='grc' dir='ltr'>ἀφέντες</span> <span class='ocrx_word' id='word_1_366' title='bbox 1026 2384 1180 2441; x_wconf 73' lang='grc' dir='ltr'>αὐτὸν</span> <span class='ocrx_word' id='word_1_367' title='bbox 1235 2382 1596 2453; x_wconf 75' lang='grc' dir='ltr'>ἠκολούθησαν</span> <span class='ocrx_word' id='word_1_368' title='bbox 1648 2390 1726 2458; x_wconf 82' lang='grc' dir='ltr'>τῷ</span> <span class='ocrx_word' id='word_1_369' title='bbox 1756 2380 1949 2462; x_wconf 88' lang='grc' dir='ltr'>Ἰησοῦ,</span> 
     </span>
    </p>
   </div>
   <div class='ocr_carea' id='block_1_49' title="bbox 2056 2380 3684 2466">
    <p class='ocr_par' dir='ltr' id='par_1_49' title="bbox 2056 2380 3684 2459">
     <span class='ocr_line' id='line_1_49' title="bbox 2056 2380 3684 2459; baseline 0.004 -23"><span class='ocrx_word' id='word_1_370' title='bbox 2056 2382 2294 2443; x_wconf 87' lang='lat' dir='ltr'><strong>Ioannes</strong></span> <span class='ocrx_word' id='word_1_371' title='bbox 2325 2381 2532 2445; x_wconf 90' lang='lat' dir='ltr'><strong>relicto</strong></span> <span class='ocrx_word' id='word_1_372' title='bbox 2568 2380 2655 2442; x_wconf 89' lang='lat' dir='ltr'><strong>illi</strong></span> <span class='ocrx_word' id='word_1_373' title='bbox 2675 2381 2864 2443; x_wconf 88' lang='lat' dir='ltr'><strong>secuti</strong></span> <span class='ocrx_word' id='word_1_374' title='bbox 2884 2388 3020 2444; x_wconf 90' lang='lat' dir='ltr'><strong>sunt</strong></span> <span class='ocrx_word' id='word_1_375' title='bbox 3056 2382 3281 2459; x_wconf 89' lang='lat' dir='ltr'><strong>Jesum,</strong></span> <span class='ocrx_word' id='word_1_376' title='bbox 3312 2391 3373 2445; x_wconf 90' lang='lat' dir='ltr'><strong>et</strong></span> <span class='ocrx_word' id='word_1_377' title='bbox 3396 2390 3684 2445; x_wconf 90' lang='lat' dir='ltr'><strong>venerunt</strong></span> 
     </span>
    </p>
   </div>
   <div class='ocr_carea' id='block_1_50' title="bbox 302 2468 1965 2551">
    <p class='ocr_par' dir='ltr' id='par_1_50' title="bbox 302 2471 1954 2551">
     <span class='ocr_line' id='line_1_50' title="bbox 302 2471 1954 2551; baseline -0.001 -22"><span class='ocrx_word' id='word_1_378' title='bbox 302 2477 388 2530; x_wconf 85' lang='grc' dir='ltr'>καὶ</span> <span class='ocrx_word' id='word_1_379' title='bbox 414 2473 577 2542; x_wconf 78' lang='grc' dir='ltr'>ἦλθον</span> <span class='ocrx_word' id='word_1_380' title='bbox 615 2471 731 2549; x_wconf 84' lang='grc' dir='ltr'>μετ’</span> <span class='ocrx_word' id='word_1_381' title='bbox 789 2478 946 2533; x_wconf 72' lang='grc' dir='ltr'>αὐτοῦ</span> <span class='ocrx_word' id='word_1_382' title='bbox 1003 2475 1076 2537; x_wconf 79' lang='grc' dir='ltr'>εἷς</span> <span class='ocrx_word' id='word_1_383' title='bbox 1133 2474 1194 2530; x_wconf 89' lang='lat'><strong>16</strong></span> <span class='ocrx_word' id='word_1_384' title='bbox 1244 2473 1605 2551; x_wconf 80' lang='grc' dir='ltr'>καταγώγιον,</span> <span class='ocrx_word' id='word_1_385' title='bbox 1669 2474 1757 2528; x_wconf 83' lang='grc' dir='ltr'>καὶ</span> <span class='ocrx_word' id='word_1_386' title='bbox 1813 2471 1954 2547; x_wconf 77' lang='grc' dir='ltr'>ἔμει-</span> 
     </span>
    </p>
   </div>
   <div class='ocr_carea' id='block_1_51' title="bbox 2056 2468 3681 2551">
    <p class='ocr_par' dir='ltr' id='par_1_51' title="bbox 2056 2468 3681 2551">
     <span class='ocr_line' id='line_1_51' title="bbox 2056 2468 3681 2551; baseline 0.001 -21"><span class='ocrx_word' id='word_1_387' title='bbox 2056 2488 2173 2530; x_wconf 83' lang='lat' dir='ltr'><strong>:um</strong></span> <span class='ocrx_word' id='word_1_388' title='bbox 2205 2487 2275 2530; x_wconf 90' lang='lat' dir='ltr'><strong>eo</strong></span> <span class='ocrx_word' id='word_1_389' title='bbox 2306 2468 2366 2530; x_wconf 92' lang='lat' dir='ltr'><strong>in</strong></span> <span class='ocrx_word' id='word_1_390' title='bbox 2399 2469 2815 2551; x_wconf 86' lang='lat' dir='ltr'><strong>diversorium,</strong></span> <span class='ocrx_word' id='word_1_391' title='bbox 2863 2478 2922 2532; x_wconf 90' lang='lat' dir='ltr'><strong>et</strong></span> <span class='ocrx_word' id='word_1_392' title='bbox 2979 2478 3320 2532; x_wconf 88' lang='lat' dir='ltr'><strong>manserunt</strong></span> <span class='ocrx_word' id='word_1_393' title='bbox 3356 2469 3512 2550; x_wconf 90' lang='lat' dir='ltr'><strong>apud</strong></span> <span class='ocrx_word' id='word_1_394' title='bbox 3546 2488 3681 2531; x_wconf 91' lang='lat' dir='ltr'><strong>eum</strong></span> 
     </span>
    </p>
   </div>
   <div class='ocr_carea' id='block_1_52' title="bbox 306 2557 1965 2641">
    <p class='ocr_par' dir='ltr' id='par_1_52' title="bbox 306 2557 1957 2641">
     <span class='ocr_line' id='line_1_52' title="bbox 306 2557 1957 2641; baseline -0.004 -20"><span class='ocrx_word' id='word_1_395' title='bbox 306 2586 398 2621; x_wconf 83' lang='grc' dir='ltr'><strong>ναν</strong></span> <span class='ocrx_word' id='word_1_396' title='bbox 470 2560 597 2641; x_wconf 81' lang='grc' dir='ltr'>παρ’</span> <span class='ocrx_word' id='word_1_397' title='bbox 668 2566 810 2637; x_wconf 70' lang='grc' dir='ltr'>αὐτῷ</span> <span class='ocrx_word' id='word_1_398' title='bbox 893 2562 991 2629; x_wconf 85' lang='grc' dir='ltr'><strong>τήν</strong></span> <span class='ocrx_word' id='word_1_399' title='bbox 1077 2560 1279 2640; x_wconf 79' lang='grc' dir='ltr'>ἡμέραν</span> <span class='ocrx_word' id='word_1_400' title='bbox 1369 2560 1596 2628; x_wconf 81' lang='grc' dir='ltr'>ἐκείνην,</span> <span class='ocrx_word' id='word_1_401' title='bbox 1670 2557 1957 2632; x_wconf 72' lang='grc' dir='ltr'>Ἐζήτησεν</span> 
     </span>
    </p>
   </div>
   <div class='ocr_carea' id='block_1_53' title="bbox 2056 2557 3680 2641">
    <p class='ocr_par' dir='ltr' id='par_1_53' title="bbox 2056 2557 3680 2635">
     <span class='ocr_line' id='line_1_53' title="bbox 2056 2557 3680 2635; baseline 0.002 -18"><span class='ocrx_word' id='word_1_402' title='bbox 2056 2557 2137 2619; x_wconf 85' lang='lat' dir='ltr'><strong>lie</strong></span> <span class='ocrx_word' id='word_1_403' title='bbox 2158 2557 2278 2618; x_wconf 91' lang='lat' dir='ltr'><strong>illa.</strong></span> <span class='ocrx_word' id='word_1_404' title='bbox 2313 2557 2590 2630; x_wconf 69' lang='lat' dir='ltr'><strong>Quaesivit</strong></span> <span class='ocrx_word' id='word_1_405' title='bbox 2608 2558 2876 2621; x_wconf 86' lang='lat' dir='ltr'><strong>Andreas</strong></span> <span class='ocrx_word' id='word_1_406' title='bbox 2891 2577 3063 2621; x_wconf 92' lang='lat' dir='ltr'><strong>suum</strong></span> <span class='ocrx_word' id='word_1_407' title='bbox 3088 2559 3322 2621; x_wconf 81' lang='lat' dir='ltr'><strong>fratrem</strong></span> <span class='ocrx_word' id='word_1_408' title='bbox 3348 2559 3680 2635; x_wconf 91' lang='lat' dir='ltr'><strong>Simonem,</strong></span> 
     </span>
    </p>
   </div>
   <div class='ocr_carea' id='block_1_54' title="bbox 310 2649 1959 2731">
    <p class='ocr_par' dir='ltr' id='par_1_54' title="bbox 310 2649 1959 2731">
     <span class='ocr_line' id='line_1_54' title="bbox 310 2649 1959 2731; baseline -0.002 -23"><span class='ocrx_word' id='word_1_409' title='bbox 310 2651 362 2708; x_wconf 77' lang='grc' dir='ltr'>δὲ</span> <span class='ocrx_word' id='word_1_410' title='bbox 409 2649 658 2731; x_wconf 74' lang='grc' dir='ltr'>Ἀνδρέας</span> <span class='ocrx_word' id='word_1_411' title='bbox 727 2653 789 2708; x_wconf 89' lang='lat'><strong>16</strong></span> <span class='ocrx_word' id='word_1_412' title='bbox 846 2649 982 2707; x_wconf 81' lang='grc' dir='ltr'>ἴδιον</span> <span class='ocrx_word' id='word_1_413' title='bbox 1041 2649 1262 2731; x_wconf 72' lang='grc' dir='ltr'>ἀδελφὸν</span> <span class='ocrx_word' id='word_1_414' title='bbox 1332 2651 1569 2726; x_wconf 75' lang='grc' dir='ltr'>Σίμωνα,</span> <span class='ocrx_word' id='word_1_415' title='bbox 1643 2651 1731 2706; x_wconf 85' lang='grc' dir='ltr'><strong>καὶ</strong></span> <span class='ocrx_word' id='word_1_416' title='bbox 1799 2651 1959 2730; x_wconf 78' lang='grc' dir='ltr'>εὑρὼν</span> 
     </span>
    </p>
   </div>
   <div class='ocr_carea' id='block_1_55' title="bbox 2044 2646 3684 2712">
    <p class='ocr_par' dir='ltr' id='par_1_55' title="bbox 2044 2646 3684 2712">
     <span class='ocr_line' id='line_1_55' title="bbox 2044 2646 3684 2712; baseline 0.001 -4"><span class='ocrx_word' id='word_1_417' title='bbox 2044 2655 2100 2708; x_wconf 88' lang='lat' dir='ltr'><strong>et</strong></span> <span class='ocrx_word' id='word_1_418' title='bbox 2127 2646 2432 2711; x_wconf 87' lang='lat' dir='ltr'><strong>inventum</strong></span> <span class='ocrx_word' id='word_1_419' title='bbox 2460 2648 2624 2709; x_wconf 85' lang='lat' dir='ltr'><strong>duxit</strong></span> <span class='ocrx_word' id='word_1_420' title='bbox 2656 2648 2728 2709; x_wconf 89' lang='lat' dir='ltr'><strong>ad</strong></span> <span class='ocrx_word' id='word_1_421' title='bbox 2758 2648 2987 2712; x_wconf 90' lang='lat' dir='ltr'><strong>Jesum.</strong></span> <span class='ocrx_word' id='word_1_422' title='bbox 3022 2649 3097 2712; x_wconf 87' lang='grc' dir='ltr'><strong>Ει</strong></span> <span class='ocrx_word' id='word_1_423' title='bbox 3127 2667 3261 2710; x_wconf 90' lang='lat' dir='ltr'><strong>cum</strong></span> <span class='ocrx_word' id='word_1_424' title='bbox 3296 2649 3557 2710; x_wconf 90' lang='lat' dir='ltr'><strong>audisset</strong></span> <span class='ocrx_word' id='word_1_425' title='bbox 3578 2647 3684 2711; x_wconf 89' lang='lat' dir='ltr'><strong>Je-</strong></span> 
     </span>
    </p>
   </div>
   <div class='ocr_carea' id='block_1_56' title="bbox 311 2735 1965 2820">
    <p class='ocr_par' dir='ltr' id='par_1_56' title="bbox 311 2737 1964 2820">
     <span class='ocr_line' id='line_1_56' title="bbox 311 2737 1964 2820; baseline -0.001 -24"><span class='ocrx_word' id='word_1_426' title='bbox 311 2741 515 2819; x_wconf 78' lang='grc' dir='ltr'>ἦγαγεν</span> <span class='ocrx_word' id='word_1_427' title='bbox 584 2741 742 2797; x_wconf 68' lang='grc' dir='ltr'>αὐτὸν</span> <span class='ocrx_word' id='word_1_428' title='bbox 812 2741 941 2820; x_wconf 80' lang='grc' dir='ltr'>πρὸς</span> <span class='ocrx_word' id='word_1_429' title='bbox 1010 2740 1099 2796; x_wconf 79' lang='grc' dir='ltr'><strong>τὸν</strong></span> <span class='ocrx_word' id='word_1_430' title='bbox 1171 2737 1396 2806; x_wconf 86' lang='grc' dir='ltr'>Ἰησοῦν,</span> <span class='ocrx_word' id='word_1_431' title='bbox 1472 2742 1572 2798; x_wconf 83' lang='grc' dir='ltr'>Καὶ</span> <span class='ocrx_word' id='word_1_432' title='bbox 1639 2739 1866 2803; x_wconf 83' lang='grc' dir='ltr'>ἀκούσας</span> <span class='ocrx_word' id='word_1_433' title='bbox 1936 2741 1964 2795; x_wconf 96' lang='lat'><strong>6</strong></span> 
     </span>
    </p>
   </div>
   <div class='ocr_carea' id='block_1_57' title="bbox 2056 2735 3690 2820">
    <p class='ocr_par' dir='ltr' id='par_1_57' title="bbox 2056 2735 3690 2818">
     <span class='ocr_line' id='line_1_57' title="bbox 2056 2735 3690 2818; baseline 0 -21"><span class='ocrx_word' id='word_1_434' title='bbox 2056 2755 2142 2797; x_wconf 75' lang='lat' dir='ltr'><strong>sus</strong></span> <span class='ocrx_word' id='word_1_435' title='bbox 2161 2735 2449 2799; x_wconf 89' lang='lat' dir='ltr'><strong>Joannem</strong></span> <span class='ocrx_word' id='word_1_436' title='bbox 2479 2736 2758 2799; x_wconf 86' lang='lat' dir='ltr'><strong>traditum</strong></span> <span class='ocrx_word' id='word_1_437' title='bbox 2784 2737 2986 2818; x_wconf 83' lang='lat' dir='ltr'><strong>fuisse,</strong></span> <span class='ocrx_word' id='word_1_438' title='bbox 3014 2736 3288 2818; x_wconf 89' lang='lat' dir='ltr'><strong>sequenti</strong></span> <span class='ocrx_word' id='word_1_439' title='bbox 3319 2736 3417 2799; x_wconf 90' lang='lat' dir='ltr'><strong>die</strong></span> <span class='ocrx_word' id='word_1_440' title='bbox 3456 2736 3598 2797; x_wconf 85' lang='lat' dir='ltr'><strong>exiit</strong></span> <span class='ocrx_word' id='word_1_441' title='bbox 3624 2736 3690 2798; x_wconf 90' lang='lat' dir='ltr'><strong>in</strong></span> 
     </span>
    </p>
   </div>
   <div class='ocr_carea' id='block_1_58' title="bbox 317 2826 1965 2909">
    <p class='ocr_par' dir='ltr' id='par_1_58' title="bbox 317 2826 1965 2909">
     <span class='ocr_line' id='line_1_58' title="bbox 317 2826 1965 2909; baseline -0.002 -22"><span class='ocrx_word' id='word_1_442' title='bbox 317 2834 547 2903; x_wconf 80' lang='grc' dir='ltr'>Ἰησοῦς,</span> <span class='ocrx_word' id='word_1_443' title='bbox 606 2829 686 2885; x_wconf 79' lang='grc' dir='ltr'><strong>ὅτι</strong></span> <span class='ocrx_word' id='word_1_444' title='bbox 756 2826 1007 2896; x_wconf 77' lang='grc' dir='ltr'>Ἰωάννης</span> <span class='ocrx_word' id='word_1_445' title='bbox 1050 2826 1335 2909; x_wconf 80' lang='grc' dir='ltr'>παρεδόθη,</span> <span class='ocrx_word' id='word_1_446' title='bbox 1394 2834 1462 2905; x_wconf 78' lang='grc' dir='ltr'><strong>τῇ</strong></span> <span class='ocrx_word' id='word_1_447' title='bbox 1517 2828 1759 2908; x_wconf 79' lang='grc' dir='ltr'>ἐπαύριον</span> <span class='ocrx_word' id='word_1_448' title='bbox 1816 2826 1965 2894; x_wconf 78' lang='grc' dir='ltr'>ἐξῆλ-</span> 
     </span>
    </p>
   </div>
   <div class='ocr_carea' id='block_1_59' title="bbox 315 2908 1969 2998">
    <p class='ocr_par' dir='ltr' id='par_1_59' title="bbox 315 2908 1969 2998">
     <span class='ocr_line' id='line_1_59' title="bbox 315 2908 1969 2998; baseline -0.001 -24"><span class='ocrx_word' id='word_1_449' title='bbox 315 2923 399 2975; x_wconf 90' lang='grc' dir='ltr'><strong>θεν</strong></span> <span class='ocrx_word' id='word_1_450' title='bbox 429 2921 506 2983; x_wconf 77' lang='grc' dir='ltr'>εἷς</span> <span class='ocrx_word' id='word_1_451' title='bbox 537 2908 657 2986; x_wconf 50' lang='lat' dir='ltr'><strong>vim;</strong></span> <span class='ocrx_word' id='word_1_452' title='bbox 673 2916 955 2975; x_wconf 78' lang='grc' dir='ltr'>Γαλιλαίαν</span> <span class='ocrx_word' id='word_1_453' title='bbox 984 2918 1075 2974; x_wconf 77' lang='grc' dir='ltr'><strong>σὺν</strong></span> <span class='ocrx_word' id='word_1_454' title='bbox 1125 2931 1243 2981; x_wconf 82' lang='grc' dir='ltr'>τοῖς</span> <span class='ocrx_word' id='word_1_455' title='bbox 1298 2919 1461 2998; x_wconf 85' lang='grc' dir='ltr'>τρισὶν</span> <span class='ocrx_word' id='word_1_456' title='bbox 1517 2920 1783 2992; x_wconf 74' lang='grc' dir='ltr'>μαθηταῖς</span> <span class='ocrx_word' id='word_1_457' title='bbox 1817 2933 1830 2947; x_wconf 82' lang='grc'><strong><em>⁸</em></strong></span> <span class='ocrx_word' id='word_1_458' title='bbox 1879 2917 1969 2973; x_wconf 80' lang='grc' dir='ltr'><strong>καὶ</strong></span> 
     </span>
    </p>
   </div>
   <div class='ocr_carea' id='block_1_60' title="bbox 2044 2824 3741 2907">
    <p class='ocr_par' dir='ltr' id='par_1_60' title="bbox 2044 2824 3741 2907">
     <span class='ocr_line' id='line_1_60' title="bbox 2044 2824 3741 2907; baseline -0.001 -20"><span class='ocrx_word' id='word_1_459' title='bbox 2044 2824 2337 2887; x_wconf 66' lang='lat' dir='ltr'><strong>Galilaeam</strong></span> <span class='ocrx_word' id='word_1_460' title='bbox 2361 2844 2497 2887; x_wconf 92' lang='lat' dir='ltr'><strong>cum</strong></span> <span class='ocrx_word' id='word_1_461' title='bbox 2529 2826 2715 2887; x_wconf 90' lang='lat' dir='ltr'><strong>tribus</strong></span> <span class='ocrx_word' id='word_1_462' title='bbox 2738 2826 3073 2907; x_wconf 89' lang='lat' dir='ltr'><strong>discipulis.</strong></span> <span class='ocrx_word' id='word_1_463' title='bbox 3099 2825 3170 2887; x_wconf 91' lang='lat' dir='ltr'><strong>Et</strong></span> <span class='ocrx_word' id='word_1_464' title='bbox 3200 2825 3508 2888; x_wconf 88' lang='lat' dir='ltr'><strong>inveniens</strong></span> <span class='ocrx_word' id='word_1_465' title='bbox 3543 2824 3688 2889; x_wconf 89' lang='lat' dir='ltr'><strong>Phi-</strong></span> <span class='ocrx_word' id='word_1_466' title='bbox 3737 2842 3741 2847; x_wconf 73' lang='grc'><em>’</em></span> 
     </span>
    </p>
   </div>
   <div class='ocr_carea' id='block_1_61' title="bbox 2044 2912 3691 2996">
    <p class='ocr_par' dir='ltr' id='par_1_61' title="bbox 2044 2912 3691 2996">
     <span class='ocr_line' id='line_1_61' title="bbox 2044 2912 3691 2996; baseline 0 -22"><span class='ocrx_word' id='word_1_467' title='bbox 2044 2912 2269 2995; x_wconf 93' lang='lat' dir='ltr'><strong>lippum</strong></span> <span class='ocrx_word' id='word_1_468' title='bbox 2294 2914 2470 2977; x_wconf 81' lang='lat' dir='ltr'><strong>traxit</strong></span> <span class='ocrx_word' id='word_1_469' title='bbox 2491 2933 2649 2996; x_wconf 89' lang='lat' dir='ltr'><strong>eum,</strong></span> <span class='ocrx_word' id='word_1_470' title='bbox 2680 2920 2738 2976; x_wconf 89' lang='lat' dir='ltr'><strong>et</strong></span> <span class='ocrx_word' id='word_1_471' title='bbox 2755 2914 2805 2975; x_wconf 93' lang='lat' dir='ltr'><strong>is</strong></span> <span class='ocrx_word' id='word_1_472' title='bbox 2832 2914 3255 2977; x_wconf 89' lang='lat' dir='ltr'><strong>Nathanaelem</strong></span> <span class='ocrx_word' id='word_1_473' title='bbox 3281 2936 3295 2975; x_wconf 89' lang='lat'><strong>:</strong></span> <span class='ocrx_word' id='word_1_474' title='bbox 3322 2923 3381 2976; x_wconf 90' lang='lat' dir='ltr'><strong>et</strong></span> <span class='ocrx_word' id='word_1_475' title='bbox 3398 2920 3691 2977; x_wconf 88' lang='lat' dir='ltr'><strong>venerunt</strong></span> 
     </span>
    </p>
   </div>
   <div class='ocr_carea' id='block_1_62' title="bbox 316 3001 1965 3086">
    <p class='ocr_par' dir='ltr' id='par_1_62' title="bbox 316 3004 1965 3086">
     <span class='ocr_line' id='line_1_62' title="bbox 316 3004 1965 3086; baseline -0.002 -22"><span class='ocrx_word' id='word_1_476' title='bbox 316 3009 474 3085; x_wconf 73' lang='grc' dir='ltr'>εὑρὼν</span> <span class='ocrx_word' id='word_1_477' title='bbox 534 3009 627 3063; x_wconf 82' lang='grc' dir='ltr'><strong>τὸν</strong></span> <span class='ocrx_word' id='word_1_478' title='bbox 679 3005 966 3086; x_wconf 81' lang='grc' dir='ltr'>Φίλιππον,</span> <span class='ocrx_word' id='word_1_479' title='bbox 1025 3005 1250 3077; x_wconf 73' lang='grc' dir='ltr'>ἥλκυσεν</span> <span class='ocrx_word' id='word_1_480' title='bbox 1303 3005 1482 3078; x_wconf 70' lang='grc' dir='ltr'>αὐτὸν,</span> <span class='ocrx_word' id='word_1_481' title='bbox 1539 3004 1807 3069; x_wconf 77' lang='grc' dir='ltr'>κᾶκεϊνοις</span> <span class='ocrx_word' id='word_1_482' title='bbox 1876 3005 1965 3061; x_wconf 82' lang='grc' dir='ltr'>τὸν</span> 
     </span>
    </p>
   </div>
   <div class='ocr_carea' id='block_1_63' title="bbox 2056 3001 3693 3086">
    <p class='ocr_par' dir='ltr' id='par_1_63' title="bbox 2056 3001 3693 3083">
     <span class='ocr_line' id='line_1_63' title="bbox 2056 3001 3693 3083; baseline 0.001 -21"><span class='ocrx_word' id='word_1_483' title='bbox 2056 3002 2106 3062; x_wconf 73' lang='lat' dir='ltr'><strong>in</strong></span> <span class='ocrx_word' id='word_1_484' title='bbox 2135 3002 2351 3064; x_wconf 89' lang='lat' dir='ltr'><strong>Canam</strong></span> <span class='ocrx_word' id='word_1_485' title='bbox 2385 3001 2656 3066; x_wconf 66' lang='lat' dir='ltr'><strong>Galilaeaa.</strong></span> <span class='ocrx_word' id='word_1_486' title='bbox 2716 3002 2789 3065; x_wconf 93' lang='lat' dir='ltr'><strong>Et</strong></span> <span class='ocrx_word' id='word_1_487' title='bbox 2841 3011 2974 3083; x_wconf 91' lang='lat' dir='ltr'><strong>post</strong></span> <span class='ocrx_word' id='word_1_488' title='bbox 3032 3010 3151 3065; x_wconf 90' lang='lat' dir='ltr'><strong>tres</strong></span> <span class='ocrx_word' id='word_1_489' title='bbox 3198 3002 3328 3065; x_wconf 92' lang='lat' dir='ltr'><strong>dies</strong></span> <span class='ocrx_word' id='word_1_490' title='bbox 3357 3003 3524 3065; x_wconf 61' lang='lat' dir='ltr'><strong>facta;</strong></span> <span class='ocrx_word' id='word_1_491' title='bbox 3554 3009 3693 3064; x_wconf 84' lang='lat' dir='ltr'><strong>sunt</strong></span> 
     </span>
    </p>
   </div>
   <div class='ocr_carea' id='block_1_64' title="bbox 313 3092 1967 3164">
    <p class='ocr_par' dir='ltr' id='par_1_64' title="bbox 313 3092 1967 3164">
     <span class='ocr_line' id='line_1_64' title="bbox 313 3092 1967 3164; baseline -0.003 -11"><span class='ocrx_word' id='word_1_492' title='bbox 313 3095 600 3164; x_wconf 69' lang='grc' dir='ltr'>Ναθαναὴλ</span> <span class='ocrx_word' id='word_1_493' title='bbox 634 3115 649 3130; x_wconf 89' lang='grc'><strong>·</strong></span> <span class='ocrx_word' id='word_1_494' title='bbox 719 3097 807 3152; x_wconf 85' lang='grc' dir='ltr'><strong>καὶ</strong></span> <span class='ocrx_word' id='word_1_495' title='bbox 872 3094 1035 3163; x_wconf 73' lang='grc' dir='ltr'>ἦλθον</span> <span class='ocrx_word' id='word_1_496' title='bbox 1106 3096 1178 3158; x_wconf 85' lang='grc' dir='ltr'><strong>εἰς</strong></span> <span class='ocrx_word' id='word_1_497' title='bbox 1247 3094 1396 3152; x_wconf 72' lang='grc' dir='ltr'>Κανὰ</span> <span class='ocrx_word' id='word_1_498' title='bbox 1475 3098 1575 3160; x_wconf 83' lang='grc' dir='ltr'>τῆς</span> <span class='ocrx_word' id='word_1_499' title='bbox 1632 3092 1915 3156; x_wconf 82' lang='grc' dir='ltr'>Γαλιλαίας</span> <span class='ocrx_word' id='word_1_500' title='bbox 1951 3109 1967 3127; x_wconf 79' lang='grc'><strong>⁸</strong></span> 
     </span>
    </p>
   </div>
   <div class='ocr_carea' id='block_1_65' title="bbox 315 3181 1960 3265">
    <p class='ocr_par' dir='ltr' id='par_1_65' title="bbox 315 3181 1960 3265">
     <span class='ocr_line' id='line_1_65' title="bbox 315 3181 1960 3265; baseline -0.002 -24"><span class='ocrx_word' id='word_1_501' title='bbox 315 3187 403 3241; x_wconf 79' lang='grc' dir='ltr'><strong>καὶ</strong></span> <span class='ocrx_word' id='word_1_502' title='bbox 432 3191 506 3261; x_wconf 75' lang='grc' dir='ltr'><strong>τῇ</strong></span> <span class='ocrx_word' id='word_1_503' title='bbox 549 3186 701 3265; x_wconf 75' lang='grc' dir='ltr'>τρίτῃ</span> <span class='ocrx_word' id='word_1_504' title='bbox 745 3184 921 3264; x_wconf 76' lang='grc' dir='ltr'>ἡμέρᾳ</span> <span class='ocrx_word' id='word_1_505' title='bbox 976 3183 1185 3263; x_wconf 79' lang='grc' dir='ltr'>ἐγένετο</span> <span class='ocrx_word' id='word_1_506' title='bbox 1242 3184 1436 3262; x_wconf 85' lang='grc' dir='ltr'>γάμος,</span> <span class='ocrx_word' id='word_1_507' title='bbox 1500 3184 1589 3239; x_wconf 83' lang='grc' dir='ltr'>καὶ</span> <span class='ocrx_word' id='word_1_508' title='bbox 1617 3181 1916 3252; x_wconf 77' lang='grc' dir='ltr'>ἐκλήθησαν</span> <span class='ocrx_word' id='word_1_509' title='bbox 1947 3201 1960 3215; x_wconf 89' lang='grc'><strong>·</strong></span> 
     </span>
    </p>
   </div>
   <div class='ocr_carea' id='block_1_66' title="bbox 313 3269 1970 3353">
    <p class='ocr_par' dir='ltr' id='par_1_66' title="bbox 313 3269 1970 3353">
     <span class='ocr_line' id='line_1_66' title="bbox 313 3269 1970 3353; baseline 0 -23"><span class='ocrx_word' id='word_1_510' title='bbox 313 3277 402 3331; x_wconf 84' lang='grc' dir='ltr'>καὶ</span> <span class='ocrx_word' id='word_1_511' title='bbox 429 3274 681 3340; x_wconf 75' lang='grc' dir='ltr'>ἐποίησεν</span> <span class='ocrx_word' id='word_1_512' title='bbox 736 3275 798 3329; x_wconf 83' lang='grc' dir='ltr'>τὸ</span> <span class='ocrx_word' id='word_1_513' title='bbox 848 3272 984 3353; x_wconf 74' lang='grc' dir='ltr'>ὕδωρ</span> <span class='ocrx_word' id='word_1_514' title='bbox 1042 3273 1193 3330; x_wconf 76' lang='grc' dir='ltr'>οἶνον</span> <span class='ocrx_word' id='word_1_515' title='bbox 1225 3289 1240 3302; x_wconf 76' lang='grc'><strong><em>⁸</em></strong></span> <span class='ocrx_word' id='word_1_516' title='bbox 1301 3274 1362 3328; x_wconf 87' lang='lat'><strong>16</strong></span> <span class='ocrx_word' id='word_1_517' title='bbox 1418 3269 1473 3328; x_wconf 75' lang='grc' dir='ltr'>δὲ</span> <span class='ocrx_word' id='word_1_518' title='bbox 1520 3269 1688 3347; x_wconf 75' lang='grc' dir='ltr'>ὄνομα</span> <span class='ocrx_word' id='word_1_519' title='bbox 1716 3278 1808 3329; x_wconf 84' lang='grc' dir='ltr'><strong>τοῦ</strong></span> <span class='ocrx_word' id='word_1_520' title='bbox 1833 3295 1970 3348; x_wconf 85' lang='grc' dir='ltr'>νυμ-</span> 
     </span>
    </p>
   </div>
   <div class='ocr_carea' id='block_1_67' title="bbox 318 3358 1974 3443">
    <p class='ocr_par' dir='ltr' id='par_1_67' title="bbox 318 3358 1974 3443">
     <span class='ocr_line' id='line_1_67' title="bbox 318 3358 1974 3443; baseline -0.002 -25"><span class='ocrx_word' id='word_1_521' title='bbox 318 3365 457 3443; x_wconf 60' lang='grc' dir='ltr'>φίου,</span> <span class='ocrx_word' id='word_1_522' title='bbox 518 3363 719 3439; x_wconf 77' lang='grc' dir='ltr'>Σίμων,</span> <span class='ocrx_word' id='word_1_523' title='bbox 781 3363 840 3426; x_wconf 80' lang='grc' dir='ltr'>ὃς</span> <span class='ocrx_word' id='word_1_524' title='bbox 890 3363 979 3418; x_wconf 82' lang='grc' dir='ltr'>καὶ</span> <span class='ocrx_word' id='word_1_525' title='bbox 1040 3359 1154 3437; x_wconf 86' lang='grc' dir='ltr'>μεθ’</span> <span class='ocrx_word' id='word_1_526' title='bbox 1213 3359 1416 3440; x_wconf 74' lang='grc' dir='ltr'>ἡμέρας</span> <span class='ocrx_word' id='word_1_527' title='bbox 1473 3358 1828 3429; x_wconf 72' lang='grc' dir='ltr'>ἠκολούθησεν</span> <span class='ocrx_word' id='word_1_528' title='bbox 1898 3366 1974 3435; x_wconf 80' lang='grc' dir='ltr'>τῷ</span> 
     </span>
    </p>
   </div>
   <div class='ocr_carea' id='block_1_68' title="bbox 319 3446 1971 3523">
    <p class='ocr_par' dir='ltr' id='par_1_68' title="bbox 319 3446 1971 3523">
     <span class='ocr_line' id='line_1_68' title="bbox 319 3446 1971 3523; baseline -0.002 -15"><span class='ocrx_word' id='word_1_529' title='bbox 319 3450 523 3518; x_wconf 85' lang='grc' dir='ltr'>Ἰησοῦ.</span> <span class='ocrx_word' id='word_1_530' title='bbox 556 3450 814 3509; x_wconf 78' lang='grc' dir='ltr'>Κάκεῖθεν</span> <span class='ocrx_word' id='word_1_531' title='bbox 860 3453 934 3514; x_wconf 77' lang='grc' dir='ltr'>εἷς</span> <span class='ocrx_word' id='word_1_532' title='bbox 994 3446 1261 3516; x_wconf 73' lang='grc' dir='ltr'>Βηθσαϊδὰ</span> <span class='ocrx_word' id='word_1_533' title='bbox 1312 3448 1467 3506; x_wconf 84' lang='grc' dir='ltr'>πόλιν</span> <span class='ocrx_word' id='word_1_534' title='bbox 1522 3454 1621 3516; x_wconf 78' lang='grc' dir='ltr'><strong>τῆς</strong></span> <span class='ocrx_word' id='word_1_535' title='bbox 1665 3447 1971 3523; x_wconf 72' lang='grc' dir='ltr'>Γαλιλαίας,</span> 
     </span>
    </p>
   </div>
   <div class='ocr_carea' id='block_1_69' title="bbox 322 3538 1973 3620">
    <p class='ocr_par' dir='ltr' id='par_1_69' title="bbox 322 3538 1973 3620">
     <span class='ocr_line' id='line_1_69' title="bbox 322 3538 1973 3620; baseline -0.001 -23"><span class='ocrx_word' id='word_1_536' title='bbox 322 3543 408 3597; x_wconf 83' lang='grc' dir='ltr'>καὶ</span> <span class='ocrx_word' id='word_1_537' title='bbox 464 3539 705 3607; x_wconf 73' lang='grc' dir='ltr'>εἰσῆλθεν</span> <span class='ocrx_word' id='word_1_538' title='bbox 750 3543 823 3605; x_wconf 81' lang='grc' dir='ltr'><strong>εἰς</strong></span> <span class='ocrx_word' id='word_1_539' title='bbox 878 3542 967 3597; x_wconf 80' lang='grc' dir='ltr'>τὸν</span> <span class='ocrx_word' id='word_1_540' title='bbox 1025 3540 1178 3596; x_wconf 78' lang='grc' dir='ltr'>οἶκον</span> <span class='ocrx_word' id='word_1_541' title='bbox 1233 3538 1454 3620; x_wconf 81' lang='grc' dir='ltr'>Πέτρου,</span> <span class='ocrx_word' id='word_1_542' title='bbox 1512 3541 1599 3595; x_wconf 83' lang='grc' dir='ltr'><strong>καὶ</strong></span> <span class='ocrx_word' id='word_1_543' title='bbox 1660 3539 1973 3598; x_wconf 76' lang='grc' dir='ltr'>ἀσθενοῦσαν</span> 
     </span>
    </p>
   </div>
   <div class='ocr_carea' id='block_1_70' title="bbox 323 3627 1974 3710">
    <p class='ocr_par' dir='ltr' id='par_1_70' title="bbox 323 3627 1974 3710">
     <span class='ocr_line' id='line_1_70' title="bbox 323 3627 1974 3710; baseline -0.001 -24"><span class='ocrx_word' id='word_1_544' title='bbox 323 3632 420 3696; x_wconf 72' lang='grc' dir='ltr'>τὴν</span> <span class='ocrx_word' id='word_1_545' title='bbox 470 3630 726 3710; x_wconf 72' lang='grc' dir='ltr'>πενθερὰν</span> <span class='ocrx_word' id='word_1_546' title='bbox 778 3633 954 3705; x_wconf 73' lang='grc' dir='ltr'>αὐτοῦ,</span> <span class='ocrx_word' id='word_1_547' title='bbox 1018 3627 1234 3691; x_wconf 81' lang='grc' dir='ltr'>ἐπιστὰς</span> <span class='ocrx_word' id='word_1_548' title='bbox 1290 3631 1319 3685; x_wconf 88' lang='lat'><strong>6</strong></span> <span class='ocrx_word' id='word_1_549' title='bbox 1375 3627 1581 3696; x_wconf 84' lang='grc' dir='ltr'>Ἰησοῦς</span> <span class='ocrx_word' id='word_1_550' title='bbox 1637 3627 1974 3708; x_wconf 85' lang='grc' dir='ltr'>ἐθεράπευσεν</span> 
     </span>
    </p>
   </div>
   <div class='ocr_carea' id='block_1_71' title="bbox 326 3709 1975 3797">
    <p class='ocr_par' dir='ltr' id='par_1_71' title="bbox 326 3709 1975 3797">
     <span class='ocr_line' id='line_1_71' title="bbox 326 3709 1975 3797; baseline -0.001 -24"><span class='ocrx_word' id='word_1_551' title='bbox 326 3720 510 3788; x_wconf 71' lang='grc' dir='ltr'>αὖτήν.</span> <span class='ocrx_word' id='word_1_552' title='bbox 608 3709 1057 3797; x_wconf 69' lang='grc' dir='ltr'>’Ὑποστρέψαντες</span> <span class='ocrx_word' id='word_1_553' title='bbox 1147 3718 1220 3780; x_wconf 72' lang='grc' dir='ltr'>εἷς</span> <span class='ocrx_word' id='word_1_554' title='bbox 1304 3716 1561 3796; x_wconf 77' lang='grc' dir='ltr'>Ναζαρὲτ,</span> <span class='ocrx_word' id='word_1_555' title='bbox 1663 3713 1861 3796; x_wconf 76' lang='grc' dir='ltr'>Ἰωσὴφ</span> <span class='ocrx_word' id='word_1_556' title='bbox 1948 3718 1975 3772; x_wconf 92' lang='lat'><strong>6</strong></span> 
     </span>
    </p>
   </div>
   <div class='ocr_carea' id='block_1_72' title="bbox 329 3802 1979 3887">
    <p class='ocr_par' dir='ltr' id='par_1_72' title="bbox 329 3802 1979 3887">
     <span class='ocr_line' id='line_1_72' title="bbox 329 3802 1979 3887; baseline -0.001 -24"><span class='ocrx_word' id='word_1_557' title='bbox 329 3809 580 3887; x_wconf 70' lang='grc' dir='ltr'>μνηστωρ</span> <span class='ocrx_word' id='word_1_558' title='bbox 649 3813 741 3870; x_wconf 83' lang='grc' dir='ltr'>τᾶς</span> <span class='ocrx_word' id='word_1_559' title='bbox 816 3806 1076 3863; x_wconf 85' lang='grc' dir='ltr'>Θεοτόκου</span> <span class='ocrx_word' id='word_1_560' title='bbox 1145 3803 1483 3887; x_wconf 69' lang='grc' dir='ltr'>ἐτελεύτησεν</span> <span class='ocrx_word' id='word_1_561' title='bbox 1539 3802 1836 3882; x_wconf 73' lang='grc' dir='ltr'>πρεσϐύτης</span> <span class='ocrx_word' id='word_1_562' title='bbox 1890 3812 1979 3868; x_wconf 86' lang='grc' dir='ltr'><strong>καὶ</strong></span> 
     </span>
    </p>
   </div>
   <div class='ocr_carea' id='block_1_73' title="bbox 326 3883 1976 3976">
    <p class='ocr_par' dir='ltr' id='par_1_73' title="bbox 326 3883 1976 3976">
     <span class='ocr_line' id='line_1_73' title="bbox 326 3883 1976 3976; baseline 0.017 -50"><span class='ocrx_word' id='word_1_563' title='bbox 326 3883 562 3975; x_wconf 45' lang='grc' dir='ltr'><strong>πλήρηξ</strong></span> <span class='ocrx_word' id='word_1_564' title='bbox 597 3898 832 3975; x_wconf 58' lang='grc' dir='ltr'>ἡμερῶν,</span> <span class='ocrx_word' id='word_1_565' title='bbox 892 3894 966 3958; x_wconf 76' lang='grc' dir='ltr'>ὥς</span> <span class='ocrx_word' id='word_1_566' title='bbox 1023 3917 1178 3976; x_wconf 69' lang='grc' dir='ltr'>φασιν</span> <span class='ocrx_word' id='word_1_567' title='bbox 1234 3883 1324 3974; x_wconf 65' lang='grc' dir='ltr'>ρι’.</span> <span class='ocrx_word' id='word_1_568' title='bbox 1390 3897 1450 3952; x_wconf 90' lang='lat' dir='ltr'><strong>Ol</strong></span> <span class='ocrx_word' id='word_1_569' title='bbox 1507 3891 1562 3950; x_wconf 79' lang='grc' dir='ltr'>δὲ</span> <span class='ocrx_word' id='word_1_570' title='bbox 1608 3894 1705 3951; x_wconf 82' lang='grc' dir='ltr'>υἱοῖ</span> <span class='ocrx_word' id='word_1_571' title='bbox 1754 3891 1976 3973; x_wconf 73' lang='grc' dir='ltr'>Ἰωσὴφ,</span> 
     </span>
    </p>
   </div>
   <div class='ocr_carea' id='block_1_74' title="bbox 324 3981 1980 4060">
    <p class='ocr_par' dir='ltr' id='par_1_74' title="bbox 324 3981 1980 4060">
     <span class='ocr_line' id='line_1_74' title="bbox 324 3981 1980 4060; baseline -0.002 -17"><span class='ocrx_word' id='word_1_572' title='bbox 324 3983 581 4050; x_wconf 68' lang='grc' dir='ltr'>Ἰάκωϐος</span> <span class='ocrx_word' id='word_1_573' title='bbox 637 3990 724 4043; x_wconf 84' lang='grc' dir='ltr'><strong>καὶ</strong></span> <span class='ocrx_word' id='word_1_574' title='bbox 779 3985 972 4051; x_wconf 80' lang='grc' dir='ltr'>Ἰούδας</span> <span class='ocrx_word' id='word_1_575' title='bbox 1029 3985 1392 4053; x_wconf 80' lang='grc' dir='ltr'>ἠκολούθησαν</span> <span class='ocrx_word' id='word_1_576' title='bbox 1447 3992 1522 4060; x_wconf 83' lang='grc' dir='ltr'>τῷ</span> <span class='ocrx_word' id='word_1_577' title='bbox 1581 3981 1778 4052; x_wconf 86' lang='grc' dir='ltr'>Ἰησοῦ.</span> <span class='ocrx_word' id='word_1_578' title='bbox 1832 3983 1980 4051; x_wconf 78' lang='grc' dir='ltr'>Πλὴν</span> 
     </span>
    </p>
   </div>
   <div class='ocr_carea' id='block_1_75' title="bbox 2047 3089 3690 3173">
    <p class='ocr_par' dir='ltr' id='par_1_75' title="bbox 2047 3089 3690 3173">
     <span class='ocr_line' id='line_1_75' title="bbox 2047 3089 3690 3173; baseline 0 -20"><span class='ocrx_word' id='word_1_579' title='bbox 2047 3091 2290 3171; x_wconf 68' lang='lat' dir='ltr'><strong>nuptiae,</strong></span> <span class='ocrx_word' id='word_1_580' title='bbox 2334 3100 2391 3152; x_wconf 90' lang='lat' dir='ltr'><strong>et</strong></span> <span class='ocrx_word' id='word_1_581' title='bbox 2437 3092 2623 3154; x_wconf 88' lang='lat' dir='ltr'><strong>vocati</strong></span> <span class='ocrx_word' id='word_1_582' title='bbox 2665 3100 2836 3155; x_wconf 92' lang='lat' dir='ltr'><strong>sunt:</strong></span> <span class='ocrx_word' id='word_1_583' title='bbox 2888 3099 2946 3155; x_wconf 88' lang='lat' dir='ltr'><strong>et</strong></span> <span class='ocrx_word' id='word_1_584' title='bbox 2972 3091 3145 3156; x_wconf 87' lang='lat' dir='ltr'><strong>Jesus</strong></span> <span class='ocrx_word' id='word_1_585' title='bbox 3174 3111 3246 3154; x_wconf 82' lang='lat' dir='ltr'><strong>ex</strong></span> <span class='ocrx_word' id='word_1_586' title='bbox 3272 3110 3424 3173; x_wconf 90' lang='lat' dir='ltr'><strong>aqua</strong></span> <span class='ocrx_word' id='word_1_587' title='bbox 3444 3091 3584 3155; x_wconf 86' lang='lat' dir='ltr'><strong>fecit</strong></span> <span class='ocrx_word' id='word_1_588' title='bbox 3610 3089 3690 3153; x_wconf 86' lang='lat' dir='ltr'><strong>vi-</strong></span> 
     </span>
    </p>
   </div>
   <div class='ocr_carea' id='block_1_76' title="bbox 2048 3179 3689 3262">
    <p class='ocr_par' dir='ltr' id='par_1_76' title="bbox 2048 3179 3689 3262">
     <span class='ocr_line' id='line_1_76' title="bbox 2048 3179 3689 3262; baseline 0.001 -21"><span class='ocrx_word' id='word_1_589' title='bbox 2048 3198 2187 3241; x_wconf 92' lang='lat' dir='ltr'><strong>num</strong></span> <span class='ocrx_word' id='word_1_590' title='bbox 2219 3185 2460 3255; x_wconf 89' lang='lat' dir='ltr'><strong>(nomen</strong></span> <span class='ocrx_word' id='word_1_591' title='bbox 2490 3187 2686 3242; x_wconf 89' lang='lat' dir='ltr'><strong>autem</strong></span> <span class='ocrx_word' id='word_1_592' title='bbox 2712 3180 2917 3262; x_wconf 90' lang='lat' dir='ltr'><strong>sponsi</strong></span> <span class='ocrx_word' id='word_1_593' title='bbox 2945 3187 3072 3243; x_wconf 86' lang='lat' dir='ltr'><strong>erat</strong></span> <span class='ocrx_word' id='word_1_594' title='bbox 3116 3180 3347 3257; x_wconf 91' lang='lat' dir='ltr'><strong>Simon,</strong></span> <span class='ocrx_word' id='word_1_595' title='bbox 3381 3182 3484 3262; x_wconf 88' lang='lat' dir='ltr'><strong>qui</strong></span> <span class='ocrx_word' id='word_1_596' title='bbox 3513 3179 3689 3243; x_wconf 90' lang='lat' dir='ltr'><strong>etiam</strong></span> 
     </span>
    </p>
   </div>
   <div class='ocr_carea' id='block_1_77' title="bbox 2048 3268 3696 3352">
    <p class='ocr_par' dir='ltr' id='par_1_77' title="bbox 2048 3268 3696 3352">
     <span class='ocr_line' id='line_1_77' title="bbox 2048 3268 3696 3352; baseline 0.001 -22"><span class='ocrx_word' id='word_1_597' title='bbox 2048 3275 2178 3349; x_wconf 89' lang='lat' dir='ltr'><strong>post</strong></span> <span class='ocrx_word' id='word_1_598' title='bbox 2204 3268 2424 3349; x_wconf 91' lang='lat' dir='ltr'><strong>aliquot</strong></span> <span class='ocrx_word' id='word_1_599' title='bbox 2454 3269 2582 3331; x_wconf 88' lang='lat' dir='ltr'><strong>dies</strong></span> <span class='ocrx_word' id='word_1_600' title='bbox 2611 3278 2848 3331; x_wconf 88' lang='lat' dir='ltr'><strong>secutus</strong></span> <span class='ocrx_word' id='word_1_601' title='bbox 2897 3280 2986 3332; x_wconf 88' lang='lat' dir='ltr'><strong>est</strong></span> <span class='ocrx_word' id='word_1_602' title='bbox 3039 3271 3290 3351; x_wconf 85' lang='lat' dir='ltr'><strong>Jesum).</strong></span> <span class='ocrx_word' id='word_1_603' title='bbox 3350 3270 3496 3333; x_wconf 88' lang='lat' dir='ltr'><strong>Inde</strong></span> <span class='ocrx_word' id='word_1_604' title='bbox 3526 3270 3696 3352; x_wconf 89' lang='lat' dir='ltr'><strong>petiit</strong></span> 
     </span>
    </p>
   </div>
   <div class='ocr_carea' id='block_1_78' title="bbox 2047 3356 3693 3439">
    <p class='ocr_par' dir='ltr' id='par_1_78' title="bbox 2047 3356 3693 3439">
     <span class='ocr_line' id='line_1_78' title="bbox 2047 3356 3693 3439; baseline 0 -19"><span class='ocrx_word' id='word_1_605' title='bbox 2047 3356 2222 3420; x_wconf 89' lang='lat' dir='ltr'><strong>Jesus</strong></span> <span class='ocrx_word' id='word_1_606' title='bbox 2249 3356 2626 3420; x_wconf 90' lang='lat' dir='ltr'><strong>Bethsaidam</strong></span> <span class='ocrx_word' id='word_1_607' title='bbox 2659 3357 2955 3421; x_wconf 82' lang='lat' dir='ltr'><strong>civitatem</strong></span> <span class='ocrx_word' id='word_1_608' title='bbox 2983 3358 3259 3435; x_wconf 63' lang='lat' dir='ltr'><strong>Galilaeaa,</strong></span> <span class='ocrx_word' id='word_1_609' title='bbox 3293 3366 3353 3421; x_wconf 88' lang='lat' dir='ltr'><strong>et</strong></span> <span class='ocrx_word' id='word_1_610' title='bbox 3386 3358 3693 3439; x_wconf 83' lang='lat' dir='ltr'><strong>ingressus</strong></span> 
     </span>
    </p>
   </div>
   <div class='ocr_carea' id='block_1_79' title="bbox 2052 3446 3693 3528">
    <p class='ocr_par' dir='ltr' id='par_1_79' title="bbox 2052 3446 3693 3528">
     <span class='ocr_line' id='line_1_79' title="bbox 2052 3446 3693 3528; baseline 0.001 -22"><span class='ocrx_word' id='word_1_611' title='bbox 2052 3446 2230 3507; x_wconf 90' lang='lat' dir='ltr'><strong>estin</strong></span> <span class='ocrx_word' id='word_1_612' title='bbox 2262 3446 2501 3507; x_wconf 91' lang='lat' dir='ltr'><strong>domum</strong></span> <span class='ocrx_word' id='word_1_613' title='bbox 2561 3447 2736 3522; x_wconf 83' lang='lat' dir='ltr'><strong>Petri,</strong></span> <span class='ocrx_word' id='word_1_614' title='bbox 2801 3456 2860 3510; x_wconf 90' lang='lat' dir='ltr'><strong>et</strong></span> <span class='ocrx_word' id='word_1_615' title='bbox 2914 3456 3190 3528; x_wconf 64' lang='lat' dir='ltr'><strong>wgrotam</strong></span> <span class='ocrx_word' id='word_1_616' title='bbox 3249 3447 3425 3528; x_wconf 86' lang='lat' dir='ltr'><strong>hujus</strong></span> <span class='ocrx_word' id='word_1_617' title='bbox 3456 3466 3693 3510; x_wconf 89' lang='lat' dir='ltr'><strong>socrum</strong></span> 
     </span>
    </p>
   </div>
   <div class='ocr_carea' id='block_1_80' title="bbox 2055 3535 3694 3617">
    <p class='ocr_par' dir='ltr' id='par_1_80' title="bbox 2055 3535 3694 3617">
     <span class='ocr_line' id='line_1_80' title="bbox 2055 3535 3694 3617; baseline 0 -19"><span class='ocrx_word' id='word_1_618' title='bbox 2055 3536 2482 3616; x_wconf 85' lang='lat' dir='ltr'><strong>superveniens</strong></span> <span class='ocrx_word' id='word_1_619' title='bbox 2510 3536 2754 3600; x_wconf 88' lang='lat' dir='ltr'><strong>sanavit.</strong></span> <span class='ocrx_word' id='word_1_620' title='bbox 2790 3536 2934 3600; x_wconf 94' lang='lat' dir='ltr'><strong>Cum</strong></span> <span class='ocrx_word' id='word_1_621' title='bbox 2966 3536 3292 3600; x_wconf 86' lang='lat' dir='ltr'><strong>rediissent</strong></span> <span class='ocrx_word' id='word_1_622' title='bbox 3330 3537 3455 3617; x_wconf 88' lang='lat'><strong>(60)</strong></span> <span class='ocrx_word' id='word_1_623' title='bbox 3483 3538 3545 3599; x_wconf 92' lang='lat' dir='ltr'><strong>in</strong></span> <span class='ocrx_word' id='word_1_624' title='bbox 3573 3535 3694 3598; x_wconf 89' lang='lat' dir='ltr'><strong>Na-</strong></span> 
     </span>
    </p>
   </div>
   <div class='ocr_carea' id='block_1_81' title="bbox 2053 3624 3697 3708">
    <p class='ocr_par' dir='ltr' id='par_1_81' title="bbox 2053 3624 3697 3708">
     <span class='ocr_line' id='line_1_81' title="bbox 2053 3624 3697 3708; baseline 0.001 -24"><span class='ocrx_word' id='word_1_625' title='bbox 2053 3625 2278 3701; x_wconf 86' lang='lat' dir='ltr'><strong>zareth,</strong></span> <span class='ocrx_word' id='word_1_626' title='bbox 2310 3624 2601 3706; x_wconf 86' lang='lat' dir='ltr'><strong>Josephus</strong></span> <span class='ocrx_word' id='word_1_627' title='bbox 2653 3644 2907 3707; x_wconf 87' lang='lat' dir='ltr'><strong>sponsus</strong></span> <span class='ocrx_word' id='word_1_628' title='bbox 2962 3626 3231 3708; x_wconf 71' lang='lat' dir='ltr'><strong>Deiparaa</strong></span> <span class='ocrx_word' id='word_1_629' title='bbox 3287 3633 3556 3689; x_wconf 89' lang='lat' dir='ltr'><strong>mortuus</strong></span> <span class='ocrx_word' id='word_1_630' title='bbox 3607 3632 3697 3688; x_wconf 90' lang='lat' dir='ltr'><strong>est</strong></span> 
     </span>
    </p>
   </div>
   <div class='ocr_carea' id='block_1_82' title="bbox 2060 3714 3693 3795">
    <p class='ocr_par' dir='ltr' id='par_1_82' title="bbox 2060 3714 3693 3795">
     <span class='ocr_line' id='line_1_82' title="bbox 2060 3714 3693 3795; baseline -0.001 -19"><span class='ocrx_word' id='word_1_631' title='bbox 2060 3731 2264 3791; x_wconf 83' lang='lat' dir='ltr'><strong>senex,</strong></span> <span class='ocrx_word' id='word_1_632' title='bbox 2299 3722 2357 3775; x_wconf 92' lang='lat' dir='ltr'><strong>et</strong></span> <span class='ocrx_word' id='word_1_633' title='bbox 2384 3714 2595 3795; x_wconf 90' lang='lat' dir='ltr'><strong>plenus</strong></span> <span class='ocrx_word' id='word_1_634' title='bbox 2655 3714 2909 3795; x_wconf 84' lang='lat' dir='ltr'><strong>dierum,</strong></span> <span class='ocrx_word' id='word_1_635' title='bbox 2970 3733 3160 3778; x_wconf 88' lang='lat' dir='ltr'><strong>annos</strong></span> <span class='ocrx_word' id='word_1_636' title='bbox 3188 3722 3380 3791; x_wconf 91' lang='lat' dir='ltr'><strong>natus,</strong></span> <span class='ocrx_word' id='word_1_637' title='bbox 3415 3724 3479 3777; x_wconf 92' lang='lat' dir='ltr'><strong>ut</strong></span> <span class='ocrx_word' id='word_1_638' title='bbox 3508 3714 3693 3790; x_wconf 91' lang='lat' dir='ltr'><strong>aiunt,</strong></span> 
     </span>
    </p>
   </div>
   <div class='ocr_carea' id='block_1_83' title="bbox 2060 3801 3703 3885">
    <p class='ocr_par' dir='ltr' id='par_1_83' title="bbox 2060 3801 3703 3885">
     <span class='ocr_line' id='line_1_83' title="bbox 2060 3801 3703 3885; baseline -0.001 -21"><span class='ocrx_word' id='word_1_639' title='bbox 2060 3810 2297 3864; x_wconf 88' lang='lat' dir='ltr'><strong>centum</strong></span> <span class='ocrx_word' id='word_1_640' title='bbox 2328 3810 2386 3865; x_wconf 91' lang='lat' dir='ltr'><strong>et</strong></span> <span class='ocrx_word' id='word_1_641' title='bbox 2411 3804 2656 3881; x_wconf 72' lang='lat' dir='ltr'><strong>&quot;,‘decem.</strong></span> <span class='ocrx_word' id='word_1_642' title='bbox 2715 3802 2961 3885; x_wconf 89' lang='lat' dir='ltr'><strong>Josephi</strong></span> <span class='ocrx_word' id='word_1_643' title='bbox 3017 3822 3155 3865; x_wconf 87' lang='lat' dir='ltr'><strong>vero</strong></span> <span class='ocrx_word' id='word_1_644' title='bbox 3212 3802 3318 3863; x_wconf 84' lang='lat' dir='ltr'><strong>filii</strong></span> <span class='ocrx_word' id='word_1_645' title='bbox 3363 3801 3617 3865; x_wconf 88' lang='lat' dir='ltr'><strong>Jacobus</strong></span> <span class='ocrx_word' id='word_1_646' title='bbox 3642 3811 3703 3864; x_wconf 86' lang='lat' dir='ltr'><strong>et</strong></span> 
     </span>
    </p>
   </div>
   <div class='ocr_carea' id='block_1_84' title="bbox 2059 3890 3703 3957">
    <p class='ocr_par' dir='ltr' id='par_1_84' title="bbox 2059 3890 3703 3957">
     <span class='ocr_line' id='line_1_84' title="bbox 2059 3890 3703 3957; baseline 0.001 -3"><span class='ocrx_word' id='word_1_647' title='bbox 2059 3890 2242 3954; x_wconf 86' lang='lat' dir='ltr'><strong>Judas</strong></span> <span class='ocrx_word' id='word_1_648' title='bbox 2273 3892 2457 3953; x_wconf 86' lang='lat' dir='ltr'><strong>secuti</strong></span> <span class='ocrx_word' id='word_1_649' title='bbox 2487 3901 2623 3954; x_wconf 90' lang='lat' dir='ltr'><strong>sunt</strong></span> <span class='ocrx_word' id='word_1_650' title='bbox 2649 3891 2876 3957; x_wconf 90' lang='lat' dir='ltr'><strong>Jesum.</strong></span> <span class='ocrx_word' id='word_1_651' title='bbox 2934 3891 3045 3955; x_wconf 88' lang='lat' dir='ltr'><strong>Sed</strong></span> <span class='ocrx_word' id='word_1_652' title='bbox 3095 3910 3304 3953; x_wconf 86' lang='lat' dir='ltr'><strong>omnes</strong></span> <span class='ocrx_word' id='word_1_653' title='bbox 3332 3891 3510 3954; x_wconf 88' lang='lat' dir='ltr'><strong>simul</strong></span> <span class='ocrx_word' id='word_1_654' title='bbox 3538 3892 3703 3955; x_wconf 87' lang='lat' dir='ltr'><strong>ibant</strong></span> 
     </span>
    </p>
   </div>
   <div class='ocr_carea' id='block_1_85' title="bbox 2064 3979 3702 4062">
    <p class='ocr_par' dir='ltr' id='par_1_85' title="bbox 2064 3979 3702 4062">
     <span class='ocr_line' id='line_1_85' title="bbox 2064 3979 3702 4062; baseline 0.002 -21"><span class='ocrx_word' id='word_1_655' title='bbox 2064 3998 2172 4060; x_wconf 88' lang='lat' dir='ltr'><strong>per</strong></span> <span class='ocrx_word' id='word_1_656' title='bbox 2200 3979 2401 4062; x_wconf 89' lang='lat' dir='ltr'><strong>urbes,</strong></span> <span class='ocrx_word' id='word_1_657' title='bbox 2435 3988 2492 4042; x_wconf 90' lang='lat' dir='ltr'><strong>et</strong></span> <span class='ocrx_word' id='word_1_658' title='bbox 2548 3981 2848 4062; x_wconf 83' lang='lat' dir='ltr'><strong>regiones,</strong></span> <span class='ocrx_word' id='word_1_659' title='bbox 2913 3988 2973 4043; x_wconf 90' lang='lat' dir='ltr'><strong>et</strong></span> <span class='ocrx_word' id='word_1_660' title='bbox 3027 3980 3420 4062; x_wconf 61' lang='lat' dir='ltr'><strong>praedicantes</strong></span> <span class='ocrx_word' id='word_1_661' title='bbox 3450 3998 3702 4061; x_wconf 83' lang='lat' dir='ltr'><strong>regnum</strong></span> 
     </span>
    </p>
   </div>
   <div class='ocr_carea' id='block_1_86' title="bbox 327 4063 1965 4156">
    <p class='ocr_par' dir='ltr' id='par_1_86' title="bbox 327 4072 1965 4156">
     <span class='ocr_line' id='line_1_86' title="bbox 327 4072 1965 4156; baseline -0.002 -25"><span class='ocrx_word' id='word_1_662' title='bbox 327 4079 373 4131; x_wconf 79' lang='grc' dir='ltr'>οἱ</span> <span class='ocrx_word' id='word_1_663' title='bbox 441 4076 642 4139; x_wconf 82' lang='grc' dir='ltr'>πάντες</span> <span class='ocrx_word' id='word_1_664' title='bbox 711 4075 1134 4156; x_wconf 82' lang='grc' dir='ltr'>συνεπορεύοντο,</span> <span class='ocrx_word' id='word_1_665' title='bbox 1206 4075 1344 4131; x_wconf 81' lang='grc' dir='ltr'>κατὰ</span> <span class='ocrx_word' id='word_1_666' title='bbox 1409 4072 1563 4130; x_wconf 89' lang='grc' dir='ltr'>πόλιν</span> <span class='ocrx_word' id='word_1_667' title='bbox 1622 4074 1710 4129; x_wconf 88' lang='grc' dir='ltr'>καὶ</span> <span class='ocrx_word' id='word_1_668' title='bbox 1788 4074 1965 4154; x_wconf 73' lang='grc' dir='ltr'>χώραν</span> 
     </span>
    </p>
   </div>
   <div class='ocr_carea' id='block_1_87' title="bbox 2056 4063 3704 4156">
    <p class='ocr_par' dir='ltr' id='par_1_87' title="bbox 2062 4069 3704 4145">
     <span class='ocr_line' id='line_1_87' title="bbox 2062 4069 3704 4145; baseline 0.001 -13"><span class='ocrx_word' id='word_1_669' title='bbox 2062 4069 2190 4145; x_wconf 89' lang='lat' dir='ltr'><strong>Dei,</strong></span> <span class='ocrx_word' id='word_1_670' title='bbox 2227 4077 2284 4131; x_wconf 91' lang='lat' dir='ltr'><strong>et</strong></span> <span class='ocrx_word' id='word_1_671' title='bbox 2314 4078 2591 4132; x_wconf 89' lang='lat' dir='ltr'><strong>sanantes</strong></span> <span class='ocrx_word' id='word_1_672' title='bbox 2622 4089 2860 4132; x_wconf 91' lang='lat' dir='ltr'><strong>omnem</strong></span> <span class='ocrx_word' id='word_1_673' title='bbox 2893 4069 3191 4144; x_wconf 90' lang='lat' dir='ltr'><strong>morbum,</strong></span> <span class='ocrx_word' id='word_1_674' title='bbox 3221 4076 3278 4131; x_wconf 87' lang='lat' dir='ltr'><strong>et</strong></span> <span class='ocrx_word' id='word_1_675' title='bbox 3305 4088 3544 4132; x_wconf 89' lang='lat' dir='ltr'><strong>omnem</strong></span> <span class='ocrx_word' id='word_1_676' title='bbox 3575 4070 3704 4133; x_wconf 90' lang='lat' dir='ltr'><strong>lan-</strong></span> 
     </span>
    </p>
   </div>
   <div class='ocr_carea' id='block_1_88' title="bbox 324 4160 1980 4245">
    <p class='ocr_par' dir='ltr' id='par_1_88' title="bbox 324 4160 1980 4245">
     <span class='ocr_line' id='line_1_88' title="bbox 324 4160 1980 4245; baseline -0.002 -25"><span class='ocrx_word' id='word_1_677' title='bbox 324 4165 700 4245; x_wconf 83' lang='grc' dir='ltr'>πορευόμενοι,</span> <span class='ocrx_word' id='word_1_678' title='bbox 782 4166 870 4221; x_wconf 81' lang='grc' dir='ltr'><strong>καὶ</strong></span> <span class='ocrx_word' id='word_1_679' title='bbox 946 4165 1292 4243; x_wconf 84' lang='grc' dir='ltr'>κηρύσσοντες</span> <span class='ocrx_word' id='word_1_680' title='bbox 1362 4161 1461 4229; x_wconf 76' lang='grc' dir='ltr'>τὴν</span> <span class='ocrx_word' id='word_1_681' title='bbox 1531 4160 1820 4236; x_wconf 82' lang='grc' dir='ltr'>βασιλείαν,</span> <span class='ocrx_word' id='word_1_682' title='bbox 1892 4163 1980 4218; x_wconf 87' lang='grc' dir='ltr'><strong>καὶ</strong></span> 
     </span>
    </p>
   </div>
   <div class='ocr_carea' id='block_1_89' title="bbox 323 4248 1977 4328">
    <p class='ocr_par' dir='ltr' id='par_1_89' title="bbox 323 4248 1977 4328">
     <span class='ocr_line' id='line_1_89' title="bbox 323 4248 1977 4328; baseline -0.003 -18"><span class='ocrx_word' id='word_1_683' title='bbox 323 4254 549 4328; x_wconf 77' lang='grc' dir='ltr'>ἰώμενοι</span> <span class='ocrx_word' id='word_1_684' title='bbox 602 4260 776 4309; x_wconf 79' lang='grc' dir='ltr'>πᾶσαν</span> <span class='ocrx_word' id='word_1_685' title='bbox 844 4253 995 4309; x_wconf 83' lang='grc' dir='ltr'>νόσον</span> <span class='ocrx_word' id='word_1_686' title='bbox 1063 4253 1152 4309; x_wconf 85' lang='grc' dir='ltr'><strong>καὶ</strong></span> <span class='ocrx_word' id='word_1_687' title='bbox 1208 4258 1381 4308; x_wconf 80' lang='grc' dir='ltr'>πᾶσαν</span> <span class='ocrx_word' id='word_1_688' title='bbox 1439 4248 1722 4325; x_wconf 74' lang='grc' dir='ltr'>μαλακίαν,</span> <span class='ocrx_word' id='word_1_689' title='bbox 1792 4251 1894 4308; x_wconf 77' lang='grc' dir='ltr'><strong>Καὶ</strong></span> <span class='ocrx_word' id='word_1_690' title='bbox 1942 4251 1977 4317; x_wconf 81' lang='grc' dir='ltr'>ἡ</span> 
     </span>
    </p>
   </div>
   <div class='ocr_carea' id='block_1_90' title="bbox 327 4340 1983 4422">
    <p class='ocr_par' dir='ltr' id='par_1_90' title="bbox 327 4340 1983 4422">
     <span class='ocr_line' id='line_1_90' title="bbox 327 4340 1983 4422; baseline -0.002 -24"><span class='ocrx_word' id='word_1_691' title='bbox 327 4343 559 4421; x_wconf 75' lang='grc' dir='ltr'>πενθερὰ</span> <span class='ocrx_word' id='word_1_692' title='bbox 605 4349 699 4398; x_wconf 85' lang='grc' dir='ltr'><strong>τοῦ</strong></span> <span class='ocrx_word' id='word_1_693' title='bbox 755 4342 951 4422; x_wconf 80' lang='grc' dir='ltr'>Πέτρου</span> <span class='ocrx_word' id='word_1_694' title='bbox 1004 4342 1209 4397; x_wconf 80' lang='grc' dir='ltr'>ἶαθεϊσα</span> <span class='ocrx_word' id='word_1_695' title='bbox 1267 4340 1358 4395; x_wconf 84' lang='grc' dir='ltr'>σὺν</span> <span class='ocrx_word' id='word_1_696' title='bbox 1409 4344 1477 4415; x_wconf 81' lang='grc' dir='ltr'><strong>τῇ</strong></span> <span class='ocrx_word' id='word_1_697' title='bbox 1518 4340 1728 4418; x_wconf 84' lang='grc' dir='ltr'>θυγατρὶ</span> <span class='ocrx_word' id='word_1_698' title='bbox 1777 4340 1983 4417; x_wconf 87' lang='grc' dir='ltr'>γυναικὶ</span> 
     </span>
    </p>
   </div>
   <div class='ocr_carea' id='block_1_91' title="bbox 332 4428 1825 4511">
    <p class='ocr_par' dir='ltr' id='par_1_91' title="bbox 332 4428 1825 4511">
     <span class='ocr_line' id='line_1_91' title="bbox 332 4428 1825 4511; baseline -0.003 -23"><span class='ocrx_word' id='word_1_699' title='bbox 332 4431 536 4511; x_wconf 73' lang='grc' dir='ltr'>Πέτρου</span> <span class='ocrx_word' id='word_1_700' title='bbox 560 4430 916 4499; x_wconf 77' lang='grc' dir='ltr'>ἠκολούθησεν</span> <span class='ocrx_word' id='word_1_701' title='bbox 946 4430 1125 4493; x_wconf 74' lang='grc' dir='ltr'>αὐτοῖς</span> <span class='ocrx_word' id='word_1_702' title='bbox 1155 4430 1243 4486; x_wconf 83' lang='grc' dir='ltr'>καὶ</span> <span class='ocrx_word' id='word_1_703' title='bbox 1273 4433 1433 4495; x_wconf 78' lang='grc' dir='ltr'>συνῆν</span> <span class='ocrx_word' id='word_1_704' title='bbox 1462 4434 1531 4505; x_wconf 82' lang='grc' dir='ltr'><strong>τῇ</strong></span> <span class='ocrx_word' id='word_1_705' title='bbox 1562 4428 1825 4501; x_wconf 87' lang='grc' dir='ltr'>Θεοτόκῳ.</span> 
     </span>
    </p>
   </div>
   <div class='ocr_carea' id='block_1_92' title="bbox 414 4510 1981 4597">
    <p class='ocr_par' dir='ltr' id='par_1_92' title="bbox 414 4510 1981 4597">
     <span class='ocr_line' id='line_1_92' title="bbox 414 4510 1981 4597; baseline -0.003 -19"><span class='ocrx_word' id='word_1_706' title='bbox 414 4510 531 4579; x_wconf 82' lang='grc' dir='ltr'><strong>ΙΠ’.</strong></span> <span class='ocrx_word' id='word_1_707' title='bbox 566 4517 893 4597; x_wconf 81' lang='grc' dir='ltr'>Ἀπάραντες</span> <span class='ocrx_word' id='word_1_708' title='bbox 951 4516 1005 4574; x_wconf 77' lang='grc' dir='ltr'>δὲ</span> <span class='ocrx_word' id='word_1_709' title='bbox 1059 4518 1282 4593; x_wconf 77' lang='grc' dir='ltr'>ἐκεῖθεν,</span> <span class='ocrx_word' id='word_1_710' title='bbox 1342 4514 1501 4584; x_wconf 75' lang='grc' dir='ltr'>ἦλθον</span> <span class='ocrx_word' id='word_1_711' title='bbox 1560 4517 1634 4579; x_wconf 81' lang='grc' dir='ltr'><strong>εἰς</strong></span> <span class='ocrx_word' id='word_1_712' title='bbox 1662 4516 1852 4592; x_wconf 85' lang='grc' dir='ltr'>κώμην</span> <span class='ocrx_word' id='word_1_713' title='bbox 1882 4520 1981 4583; x_wconf 76' lang='grc' dir='ltr'><strong>τῆς</strong></span> 
     </span>
    </p>
   </div>
   <div class='ocr_carea' id='block_1_93' title="bbox 338 4603 1981 4686">
    <p class='ocr_par' dir='ltr' id='par_1_93' title="bbox 338 4603 1981 4686">
     <span class='ocr_line' id='line_1_93' title="bbox 338 4603 1981 4686; baseline -0.003 -22"><span class='ocrx_word' id='word_1_714' title='bbox 338 4606 609 4675; x_wconf 77' lang='grc' dir='ltr'>Βηθσαϊδὰ</span> <span class='ocrx_word' id='word_1_715' title='bbox 637 4606 792 4665; x_wconf 82' lang='grc' dir='ltr'>πόλιν</span> <span class='ocrx_word' id='word_1_716' title='bbox 819 4612 917 4675; x_wconf 75' lang='grc' dir='ltr'>τῆς</span> <span class='ocrx_word' id='word_1_717' title='bbox 962 4604 1267 4686; x_wconf 80' lang='grc' dir='ltr'>Γαλιλαίας,</span> <span class='ocrx_word' id='word_1_718' title='bbox 1318 4604 1372 4660; x_wconf 84' lang='grc' dir='ltr'><strong>ἐν</strong></span> <span class='ocrx_word' id='word_1_719' title='bbox 1429 4608 1467 4682; x_wconf 74' lang='grc' dir='ltr'><strong>ᾗ</strong></span> <span class='ocrx_word' id='word_1_720' title='bbox 1523 4603 1662 4661; x_wconf 84' lang='grc' dir='ltr'>ἐστιν</span> <span class='ocrx_word' id='word_1_721' title='bbox 1691 4604 1728 4673; x_wconf 83' lang='grc' dir='ltr'><strong>ἠ</strong></span> <span class='ocrx_word' id='word_1_722' title='bbox 1758 4604 1919 4682; x_wconf 76' lang='grc' dir='ltr'>λίμνη</span> <span class='ocrx_word' id='word_1_723' title='bbox 1947 4606 1981 4673; x_wconf 78' lang='grc' dir='ltr'><strong>ἡ</strong></span> 
     </span>
    </p>
   </div>
   <div class='ocr_carea' id='block_1_94' title="bbox 333 4692 1983 4776">
    <p class='ocr_par' dir='ltr' id='par_1_94' title="bbox 333 4692 1983 4776">
     <span class='ocr_line' id='line_1_94' title="bbox 333 4692 1983 4776; baseline -0.003 -22"><span class='ocrx_word' id='word_1_724' title='bbox 333 4697 638 4773; x_wconf 50' lang='grc' dir='ltr'>καλουμένη</span> <span class='ocrx_word' id='word_1_725' title='bbox 668 4696 1014 4776; x_wconf 77' lang='grc' dir='ltr'>Γεννησαρὲτ,</span> <span class='ocrx_word' id='word_1_726' title='bbox 1071 4696 1159 4752; x_wconf 83' lang='grc' dir='ltr'><strong>καὶ</strong></span> <span class='ocrx_word' id='word_1_727' title='bbox 1212 4693 1400 4774; x_wconf 80' lang='grc' dir='ltr'>φιάλη,</span> <span class='ocrx_word' id='word_1_728' title='bbox 1462 4692 1546 4749; x_wconf 79' lang='grc' dir='ltr'><strong>διὰ</strong></span> <span class='ocrx_word' id='word_1_729' title='bbox 1600 4696 1662 4750; x_wconf 87' lang='lat'><strong>16</strong></span> <span class='ocrx_word' id='word_1_730' title='bbox 1720 4694 1837 4750; x_wconf 81' lang='grc' dir='ltr'>ἴσον</span> <span class='ocrx_word' id='word_1_731' title='bbox 1890 4700 1983 4750; x_wconf 85' lang='grc' dir='ltr'><strong>τοῦ</strong></span> 
     </span>
    </p>
   </div>
   <div class='ocr_carea' id='block_1_95' title="bbox 336 4780 1983 4865">
    <p class='ocr_par' dir='ltr' id='par_1_95' title="bbox 336 4780 1983 4865">
     <span class='ocr_line' id='line_1_95' title="bbox 336 4780 1983 4865; baseline -0.004 -22"><span class='ocrx_word' id='word_1_732' title='bbox 336 4786 492 4865; x_wconf 81' lang='grc' dir='ltr'>γύρου</span> <span class='ocrx_word' id='word_1_733' title='bbox 522 4802 536 4815; x_wconf 79' lang='grc'><strong>⁸</strong></span> <span class='ocrx_word' id='word_1_734' title='bbox 568 4787 659 4842; x_wconf 83' lang='grc' dir='ltr'><strong>καὶ</strong></span> <span class='ocrx_word' id='word_1_735' title='bbox 702 4788 764 4842; x_wconf 85' lang='lat'><strong>16</strong></span> <span class='ocrx_word' id='word_1_736' title='bbox 809 4785 945 4864; x_wconf 78' lang='grc' dir='ltr'>ὕδωρ</span> <span class='ocrx_word' id='word_1_737' title='bbox 993 4784 1128 4842; x_wconf 86' lang='grc' dir='ltr'>πάνυ</span> <span class='ocrx_word' id='word_1_738' title='bbox 1184 4780 1392 4860; x_wconf 81' lang='grc' dir='ltr'>διαυγὲς</span> <span class='ocrx_word' id='word_1_739' title='bbox 1445 4782 1535 4838; x_wconf 87' lang='grc' dir='ltr'><strong>καὶ</strong></span> <span class='ocrx_word' id='word_1_740' title='bbox 1564 4781 1811 4861; x_wconf 79' lang='grc' dir='ltr'>καθάριον</span> <span class='ocrx_word' id='word_1_741' title='bbox 1847 4800 1862 4817; x_wconf 84' lang='grc'>⁶</span> <span class='ocrx_word' id='word_1_742' title='bbox 1894 4782 1983 4837; x_wconf 87' lang='grc' dir='ltr'><strong>καὶ</strong></span> 
     </span>
    </p>
   </div>
   <div class='ocr_carea' id='block_1_96' title="bbox 337 4869 1977 4952">
    <p class='ocr_par' dir='ltr' id='par_1_96' title="bbox 337 4869 1977 4952">
     <span class='ocr_line' id='line_1_96' title="bbox 337 4869 1977 4952; baseline -0.002 -22"><span class='ocrx_word' id='word_1_743' title='bbox 337 4875 471 4931; x_wconf 73' lang='grc' dir='ltr'>ἑπτὰ</span> <span class='ocrx_word' id='word_1_744' title='bbox 526 4873 676 4951; x_wconf 79' lang='grc' dir='ltr'>μίλια</span> <span class='ocrx_word' id='word_1_745' title='bbox 726 4872 1059 4931; x_wconf 77' lang='grc' dir='ltr'>κυκλεύεσθαι</span> <span class='ocrx_word' id='word_1_746' title='bbox 1094 4887 1109 4903; x_wconf 79' lang='grc'><strong>⁸</strong></span> <span class='ocrx_word' id='word_1_747' title='bbox 1169 4870 1348 4929; x_wconf 70' lang='grc' dir='ltr'>ἔλαιον</span> <span class='ocrx_word' id='word_1_748' title='bbox 1390 4869 1445 4927; x_wconf 80' lang='grc' dir='ltr'>δὲ</span> <span class='ocrx_word' id='word_1_749' title='bbox 1494 4869 1631 4927; x_wconf 84' lang='grc' dir='ltr'>πάνυ</span> <span class='ocrx_word' id='word_1_750' title='bbox 1658 4872 1977 4952; x_wconf 80' lang='grc' dir='ltr'>θαυμαστὸν,</span> 
     </span>
    </p>
   </div>
   <div class='ocr_carea' id='block_1_97' title="bbox 418 4972 1981 5057">
    <p class='ocr_par' dir='ltr' id='par_1_97' title="bbox 418 4972 1981 5057">
     <span class='ocr_line' id='line_1_97' title="bbox 418 4972 1981 5057; baseline -0.004 -13"><span class='ocrx_word' id='word_1_751' title='bbox 418 4979 449 5028; x_wconf 79' lang='grc'><strong>’⁷</strong></span> <span class='ocrx_word' id='word_1_752' title='bbox 479 4979 653 5044; x_wconf 83' lang='lat' dir='ltr'><strong>Joan.</strong></span> <span class='ocrx_word' id='word_1_753' title='bbox 682 4995 726 5057; x_wconf 81' lang='lat'><strong>1,</strong></span> <span class='ocrx_word' id='word_1_754' title='bbox 761 4977 859 5044; x_wconf 89' lang='lat'>33.</span> <span class='ocrx_word' id='word_1_755' title='bbox 942 4978 976 5029; x_wconf 85' lang='lat'>8</span> <span class='ocrx_word' id='word_1_756' title='bbox 999 4976 1208 5044; x_wconf 84' lang='lat' dir='ltr'><strong>Matth.</strong></span> <span class='ocrx_word' id='word_1_757' title='bbox 1241 4992 1328 5054; x_wconf 76' lang='lat' dir='ltr'><strong>tu,</strong></span> <span class='ocrx_word' id='word_1_758' title='bbox 1358 4976 1458 5040; x_wconf 76' lang='lat' dir='ltr'><strong>l7.</strong></span> <span class='ocrx_word' id='word_1_759' title='bbox 1543 4975 1577 5027; x_wconf 87' lang='lat'><strong>9</strong></span> <span class='ocrx_word' id='word_1_760' title='bbox 1602 4977 1772 5040; x_wconf 87' lang='lat' dir='ltr'><strong>Joan.</strong></span> <span class='ocrx_word' id='word_1_761' title='bbox 1803 4990 1847 5050; x_wconf 84' lang='grc' dir='ltr'><strong>ι,</strong></span> <span class='ocrx_word' id='word_1_762' title='bbox 1880 4972 1981 5038; x_wconf 87' lang='grc'><strong>36.</strong></span> 
     </span>
    </p>
   </div>
   <div class='ocr_carea' id='block_1_98' title="bbox 2062 4157 3706 4239">
    <p class='ocr_par' dir='ltr' id='par_1_98' title="bbox 2062 4157 3706 4239">
     <span class='ocr_line' id='line_1_98' title="bbox 2062 4157 3706 4239; baseline 0.002 -21"><span class='ocrx_word' id='word_1_763' title='bbox 2062 4175 2331 4239; x_wconf 84' lang='lat' dir='ltr'><strong>guorem.</strong></span> <span class='ocrx_word' id='word_1_764' title='bbox 2363 4157 2436 4220; x_wconf 92' lang='lat' dir='ltr'><strong>Et</strong></span> <span class='ocrx_word' id='word_1_765' title='bbox 2466 4177 2671 4220; x_wconf 90' lang='lat' dir='ltr'><strong>socrus</strong></span> <span class='ocrx_word' id='word_1_766' title='bbox 2722 4159 2885 4221; x_wconf 87' lang='lat' dir='ltr'><strong>Petri</strong></span> <span class='ocrx_word' id='word_1_767' title='bbox 2932 4166 3133 4221; x_wconf 89' lang='lat' dir='ltr'><strong>sanata</strong></span> <span class='ocrx_word' id='word_1_768' title='bbox 3189 4158 3365 4221; x_wconf 92' lang='lat' dir='ltr'><strong>simul</strong></span> <span class='ocrx_word' id='word_1_769' title='bbox 3396 4177 3529 4221; x_wconf 91' lang='lat' dir='ltr'><strong>cum</strong></span> <span class='ocrx_word' id='word_1_770' title='bbox 3562 4160 3706 4233; x_wconf 86' lang='lat' dir='ltr'><strong>ﬁlia,</strong></span> 
     </span>
    </p>
   </div>
   <div class='ocr_carea' id='block_1_99' title="bbox 2064 4247 3708 4325">
    <p class='ocr_par' dir='ltr' id='par_1_99' title="bbox 2064 4247 3708 4325">
     <span class='ocr_line' id='line_1_99' title="bbox 2064 4247 3708 4325; baseline 0.004 -18"><span class='ocrx_word' id='word_1_771' title='bbox 2064 4265 2246 4308; x_wconf 86' lang='lat' dir='ltr'><strong>uxore</strong></span> <span class='ocrx_word' id='word_1_772' title='bbox 2280 4247 2463 4325; x_wconf 87' lang='lat' dir='ltr'><strong>Petri,</strong></span> <span class='ocrx_word' id='word_1_773' title='bbox 2527 4254 2728 4309; x_wconf 89' lang='lat' dir='ltr'><strong>secuta</strong></span> <span class='ocrx_word' id='word_1_774' title='bbox 2783 4255 2874 4312; x_wconf 89' lang='lat' dir='ltr'><strong>est</strong></span> <span class='ocrx_word' id='word_1_775' title='bbox 2926 4266 3051 4324; x_wconf 90' lang='lat' dir='ltr'><strong>eos,</strong></span> <span class='ocrx_word' id='word_1_776' title='bbox 3112 4255 3169 4310; x_wconf 91' lang='lat' dir='ltr'><strong>et</strong></span> <span class='ocrx_word' id='word_1_777' title='bbox 3199 4247 3543 4311; x_wconf 84' lang='lat' dir='ltr'><strong>convivebat</strong></span> <span class='ocrx_word' id='word_1_778' title='bbox 3572 4268 3708 4313; x_wconf 91' lang='lat' dir='ltr'><strong>cum</strong></span> 
     </span>
    </p>
   </div>
   <div class='ocr_carea' id='block_1_100' title="bbox 2061 4333 2336 4415">
    <p class='ocr_par' dir='ltr' id='par_1_100' title="bbox 2061 4333 2336 4415">
     <span class='ocr_line' id='line_1_100' title="bbox 2061 4333 2336 4415; baseline -0.004 -16"><span class='ocrx_word' id='word_1_779' title='bbox 2061 4333 2336 4415; x_wconf 88' lang='lat' dir='ltr'><strong>Deipara.</strong></span> 
     </span>
    </p>
   </div>
   <div class='ocr_carea' id='block_1_101' title="bbox 2144 4511 3708 4591">
    <p class='ocr_par' dir='ltr' id='par_1_101' title="bbox 2144 4511 3708 4591">
     <span class='ocr_line' id='line_1_101' title="bbox 2144 4511 3708 4591; baseline 0.002 -17"><span class='ocrx_word' id='word_1_780' title='bbox 2144 4511 2351 4574; x_wconf 86' lang='lat' dir='ltr'><strong>XVIII.</strong></span> <span class='ocrx_word' id='word_1_781' title='bbox 2368 4511 2440 4576; x_wconf 91' lang='lat' dir='ltr'><strong>Et</strong></span> <span class='ocrx_word' id='word_1_782' title='bbox 2453 4512 2596 4576; x_wconf 90' lang='lat' dir='ltr'><strong>inde</strong></span> <span class='ocrx_word' id='word_1_783' title='bbox 2607 4512 3005 4591; x_wconf 86' lang='lat' dir='ltr'><strong>discedentes,</strong></span> <span class='ocrx_word' id='word_1_784' title='bbox 3022 4514 3382 4577; x_wconf 86' lang='lat' dir='ltr'><strong>veneruntin</strong></span> <span class='ocrx_word' id='word_1_785' title='bbox 3400 4515 3708 4578; x_wconf 85' lang='lat' dir='ltr'><strong>castellum</strong></span> 
     </span>
    </p>
   </div>
   <div class='ocr_carea' id='block_1_102' title="bbox 2065 4601 3713 4685">
    <p class='ocr_par' dir='ltr' id='par_1_102' title="bbox 2065 4601 3713 4685">
     <span class='ocr_line' id='line_1_102' title="bbox 2065 4601 3713 4685; baseline 0 -21"><span class='ocrx_word' id='word_1_786' title='bbox 2065 4601 2399 4665; x_wconf 75' lang='lat' dir='ltr'><strong>Bethsaidae</strong></span> <span class='ocrx_word' id='word_1_787' title='bbox 2425 4602 2675 4665; x_wconf 84' lang='lat' dir='ltr'><strong>civitatis</strong></span> <span class='ocrx_word' id='word_1_788' title='bbox 2694 4602 2968 4677; x_wconf 70' lang='lat' dir='ltr'><strong>Galilaeaa,</strong></span> <span class='ocrx_word' id='word_1_789' title='bbox 2992 4603 3095 4665; x_wconf 93' lang='lat' dir='ltr'><strong>ubi</strong></span> <span class='ocrx_word' id='word_1_790' title='bbox 3125 4611 3213 4666; x_wconf 89' lang='lat' dir='ltr'><strong>est</strong></span> <span class='ocrx_word' id='word_1_791' title='bbox 3241 4603 3406 4666; x_wconf 92' lang='lat' dir='ltr'><strong>lacus</strong></span> <span class='ocrx_word' id='word_1_792' title='bbox 3429 4604 3529 4685; x_wconf 92' lang='lat' dir='ltr'><strong>qui</strong></span> <span class='ocrx_word' id='word_1_793' title='bbox 3559 4602 3713 4667; x_wconf 90' lang='lat' dir='ltr'><strong>Gen-</strong></span> 
     </span>
    </p>
   </div>
   <div class='ocr_carea' id='block_1_103' title="bbox 2067 4691 3710 4772">
    <p class='ocr_par' dir='ltr' id='par_1_103' title="bbox 2067 4691 3710 4772">
     <span class='ocr_line' id='line_1_103' title="bbox 2067 4691 3710 4772; baseline 0.001 -22"><span class='ocrx_word' id='word_1_794' title='bbox 2067 4692 2368 4766; x_wconf 88' lang='lat' dir='ltr'><strong>nesareth,</strong></span> <span class='ocrx_word' id='word_1_795' title='bbox 2392 4710 2460 4753; x_wconf 90' lang='lat' dir='ltr'><strong>ac</strong></span> <span class='ocrx_word' id='word_1_796' title='bbox 2486 4692 2691 4754; x_wconf 90' lang='lat' dir='ltr'><strong>Phiala</strong></span> <span class='ocrx_word' id='word_1_797' title='bbox 2714 4700 2951 4754; x_wconf 87' lang='lat' dir='ltr'><strong>vocatur</strong></span> <span class='ocrx_word' id='word_1_798' title='bbox 2980 4691 3055 4753; x_wconf 89' lang='lat' dir='ltr'><strong>ob</strong></span> <span class='ocrx_word' id='word_1_799' title='bbox 3089 4692 3483 4772; x_wconf 81' lang='lat' dir='ltr'><strong>aequalitatem</strong></span> <span class='ocrx_word' id='word_1_800' title='bbox 3511 4691 3710 4753; x_wconf 89' lang='lat' dir='ltr'><strong>ambi-</strong></span> 
     </span>
    </p>
   </div>
   <div class='ocr_carea' id='block_1_104' title="bbox 2062 4778 3715 4861">
    <p class='ocr_par' dir='ltr' id='par_1_104' title="bbox 2062 4778 3715 4861">
     <span class='ocr_line' id='line_1_104' title="bbox 2062 4778 3715 4861; baseline 0 -21"><span class='ocrx_word' id='word_1_801' title='bbox 2062 4788 2181 4860; x_wconf 92' lang='lat' dir='ltr'><strong>tus,</strong></span> <span class='ocrx_word' id='word_1_802' title='bbox 2221 4786 2281 4842; x_wconf 92' lang='lat' dir='ltr'><strong>et</strong></span> <span class='ocrx_word' id='word_1_803' title='bbox 2307 4798 2520 4861; x_wconf 89' lang='lat' dir='ltr'><strong>aquam</strong></span> <span class='ocrx_word' id='word_1_804' title='bbox 2550 4780 2794 4842; x_wconf 89' lang='lat' dir='ltr'><strong>omnino</strong></span> <span class='ocrx_word' id='word_1_805' title='bbox 2825 4779 3179 4861; x_wconf 89' lang='lat' dir='ltr'><strong>pellucidam</strong></span> <span class='ocrx_word' id='word_1_806' title='bbox 3204 4796 3274 4845; x_wconf 91' lang='lat' dir='ltr'><strong>ac</strong></span> <span class='ocrx_word' id='word_1_807' title='bbox 3302 4781 3608 4842; x_wconf 90' lang='lat' dir='ltr'><strong>mundam.</strong></span> <span class='ocrx_word' id='word_1_808' title='bbox 3654 4778 3715 4840; x_wconf 91' lang='lat' dir='ltr'><strong>Is</strong></span> 
     </span>
    </p>
   </div>
   <div class='ocr_carea' id='block_1_105' title="bbox 2063 4867 3715 4951">
    <p class='ocr_par' dir='ltr' id='par_1_105' title="bbox 2063 4867 3715 4951">
     <span class='ocr_line' id='line_1_105' title="bbox 2063 4867 3715 4951; baseline 0 -21"><span class='ocrx_word' id='word_1_809' title='bbox 2063 4868 2241 4947; x_wconf 84' lang='lat' dir='ltr'><strong>habet</strong></span> <span class='ocrx_word' id='word_1_810' title='bbox 2266 4877 2495 4951; x_wconf 89' lang='lat' dir='ltr'><strong>septem</strong></span> <span class='ocrx_word' id='word_1_811' title='bbox 2516 4867 2794 4933; x_wconf 89' lang='lat' dir='ltr'><strong>milliaria</strong></span> <span class='ocrx_word' id='word_1_812' title='bbox 2817 4869 2879 4931; x_wconf 91' lang='lat' dir='ltr'><strong>in</strong></span> <span class='ocrx_word' id='word_1_813' title='bbox 2893 4868 3149 4933; x_wconf 88' lang='lat' dir='ltr'><strong>circuitu</strong></span> <span class='ocrx_word' id='word_1_814' title='bbox 3171 4869 3290 4951; x_wconf 74' lang='lat'><strong>(61)</strong></span> <span class='ocrx_word' id='word_1_815' title='bbox 3318 4887 3334 4932; x_wconf 85' lang='lat'>:</span> <span class='ocrx_word' id='word_1_816' title='bbox 3358 4868 3555 4933; x_wconf 88' lang='lat' dir='ltr'><strong>oleum</strong></span> <span class='ocrx_word' id='word_1_817' title='bbox 3577 4884 3715 4932; x_wconf 89' lang='lat' dir='ltr'><strong>vero</strong></span> 
     </span>
    </p>
   </div>
   <div class='ocr_carea' id='block_1_106' title="bbox 1737 5105 2289 5187">
    <p class='ocr_par' dir='ltr' id='par_1_106' title="bbox 1737 5105 2289 5187">
     <span class='ocr_line' id='line_1_106' title="bbox 1737 5105 2289 5187; baseline 0.004 -15"><span class='ocrx_word' id='word_1_818' title='bbox 1737 5105 2089 5187; x_wconf 84' lang='lat' dir='ltr'><strong>Mingarellii</strong></span> <span class='ocrx_word' id='word_1_819' title='bbox 2117 5115 2289 5174; x_wconf 74' lang='lat' dir='ltr'><strong>notae.</strong></span> 
     </span>
    </p>
   </div>
   <div class='ocr_carea' id='block_1_107' title="bbox 420 5213 1995 5299">
    <p class='ocr_par' dir='ltr' id='par_1_107' title="bbox 420 5213 1995 5299">
     <span class='ocr_line' id='line_1_107' title="bbox 420 5213 1995 5299; baseline -0.004 -18"><span class='ocrx_word' id='word_1_820' title='bbox 420 5218 549 5299; x_wconf 79' lang='lat'><strong>(59)</strong></span> <span class='ocrx_word' id='word_1_821' title='bbox 576 5217 925 5299; x_wconf 85' lang='lat' dir='ltr'><strong>Legendum</strong></span> <span class='ocrx_word' id='word_1_822' title='bbox 962 5217 1247 5299; x_wconf 84' lang='lat' dir='ltr'><strong>forsitan:</strong></span> <span class='ocrx_word' id='word_1_823' title='bbox 1296 5215 1349 5299; x_wconf 74' lang='lat' dir='ltr'><strong>’e’_v</strong></span> <span class='ocrx_word' id='word_1_824' title='bbox 1378 5213 1649 5299; x_wconf 73' lang='grc' dir='ltr'>βηθαράϐα</span> <span class='ocrx_word' id='word_1_825' title='bbox 1669 5213 1800 5295; x_wconf 88' lang='lat' dir='ltr'><strong>(aut</strong></span> <span class='ocrx_word' id='word_1_826' title='bbox 1827 5217 1995 5299; x_wconf 80' lang='grc' dir='ltr'>βηθα-</span> 
     </span>
    </p>
   </div>
   <div class='ocr_carea' id='block_1_108' title="bbox 351 5296 1463 5380">
    <p class='ocr_par' dir='ltr' id='par_1_108' title="bbox 351 5296 1463 5380">
     <span class='ocr_line' id='line_1_108' title="bbox 351 5296 1463 5380; baseline -0.006 -17"><span class='ocrx_word' id='word_1_827' title='bbox 351 5296 498 5380; x_wconf 70' lang='grc' dir='ltr'>εᾴρα)</span> <span class='ocrx_word' id='word_1_828' title='bbox 529 5296 738 5380; x_wconf 62' lang='grc' dir='ltr'>χωριὶρ.</span> <span class='ocrx_word' id='word_1_829' title='bbox 762 5297 1117 5380; x_wconf 70' lang='lat' dir='ltr'><strong>Betharabae</strong></span> <span class='ocrx_word' id='word_1_830' title='bbox 1145 5296 1463 5380; x_wconf 73' lang='lat' dir='ltr'><strong>mentioﬁt</strong></span> 
     </span>
    </p>
   </div>
   <div class='ocr_carea' id='block_1_109' title="bbox 2157 5215 3726 5301">
    <p class='ocr_par' dir='ltr' id='par_1_109' title="bbox 2157 5215 3726 5301">
     <span class='ocr_line' id='line_1_109' title="bbox 2157 5215 3726 5301; baseline -0.001 -21"><span class='ocrx_word' id='word_1_831' title='bbox 2157 5215 2279 5301; x_wconf 79' lang='grc' dir='ltr'><strong>(θο)</strong></span> <span class='ocrx_word' id='word_1_832' title='bbox 2314 5218 2512 5283; x_wconf 83' lang='lat' dir='ltr'><strong>Codex</strong></span> <span class='ocrx_word' id='word_1_833' title='bbox 2543 5238 2558 5280; x_wconf 89' lang='lat'><strong>:</strong></span> <span class='ocrx_word' id='word_1_834' title='bbox 2593 5221 3036 5301; x_wconf 65' lang='grc' dir='ltr'>ὑποστρέψαντες.</span> <span class='ocrx_word' id='word_1_835' title='bbox 3089 5217 3154 5301; x_wconf 83' lang='lat' dir='ltr'><strong>Si</strong></span> <span class='ocrx_word' id='word_1_836' title='bbox 3177 5226 3384 5301; x_wconf 84' lang='lat' dir='ltr'><strong>auctor</strong></span> <span class='ocrx_word' id='word_1_837' title='bbox 3424 5217 3726 5298; x_wconf 85' lang='lat' dir='ltr'><strong>eleganter</strong></span> 
     </span>
    </p>
   </div>
   <div class='ocr_carea' id='block_1_110' title="bbox 1548 5296 3721 5379">
    <p class='ocr_par' dir='ltr' id='par_1_110' title="bbox 1548 5296 3721 5379">
     <span class='ocr_line' id='line_1_110' title="bbox 1548 5296 3721 5379; baseline 0.002 -23"><span class='ocrx_word' id='word_1_838' title='bbox 1548 5311 1860 5379; x_wconf 80' lang='lat' dir='ltr'><strong>osu_e_xv1,</strong></span> <span class='ocrx_word' id='word_1_839' title='bbox 1889 5296 1993 5375; x_wconf 74' lang='lat'><strong>61,</strong></span> <span class='ocrx_word' id='word_1_840' title='bbox 2074 5296 2388 5376; x_wconf 79' lang='lat' dir='ltr'><strong>scriberet,</strong></span> <span class='ocrx_word' id='word_1_841' title='bbox 2468 5296 2935 5377; x_wconf 86' lang='lat' dir='ltr'><strong>emendandum,</strong></span> <span class='ocrx_word' id='word_1_842' title='bbox 3006 5318 3075 5363; x_wconf 89' lang='lat' dir='ltr'><strong>ac</strong></span> <span class='ocrx_word' id='word_1_843' title='bbox 3131 5298 3446 5379; x_wconf 87' lang='lat' dir='ltr'><strong>legendum</strong></span> <span class='ocrx_word' id='word_1_844' title='bbox 3514 5296 3721 5362; x_wconf 80' lang='lat' dir='ltr'><strong>esset:</strong></span> 
     </span>
    </p>
   </div>
   <div class='ocr_carea' id='block_1_111' title="bbox 351 5373 1965 5460">
    <p class='ocr_par' dir='ltr' id='par_1_111' title="bbox 351 5373 1965 5460">
     <span class='ocr_line' id='line_1_111' title="bbox 351 5373 1965 5460; baseline -0.001 -20"><span class='ocrx_word' id='word_1_845' title='bbox 351 5373 449 5441; x_wconf 76' lang='lat' dir='ltr'><strong>ubi</strong></span> <span class='ocrx_word' id='word_1_846' title='bbox 468 5373 721 5460; x_wconf 73' lang='lat' dir='ltr'><strong>legitur:</strong></span> <span class='ocrx_word' id='word_1_847' title='bbox 749 5378 821 5443; x_wconf 88' lang='lat' dir='ltr'><strong>In</strong></span> <span class='ocrx_word' id='word_1_848' title='bbox 840 5380 1076 5443; x_wconf 78' lang='lat' dir='ltr'><strong>deserto</strong></span> <span class='ocrx_word' id='word_1_849' title='bbox 1097 5375 1479 5460; x_wconf 41' lang='lat' dir='ltr'><strong>Betharabq,</strong></span> <span class='ocrx_word' id='word_1_850' title='bbox 1500 5374 1673 5460; x_wconf 83' lang='lat' dir='ltr'><strong>Apud</strong></span> <span class='ocrx_word' id='word_1_851' title='bbox 1703 5373 1965 5460; x_wconf 53' lang='lat' dir='ltr'><strong>Joan&#39;nen</strong></span> 
     </span>
    </p>
   </div>
   <div class='ocr_carea' id='block_1_112' title="bbox 2056 5373 2734 5460">
    <p class='ocr_par' dir='ltr' id='par_1_112' title="bbox 2073 5373 2734 5460">
     <span class='ocr_line' id='line_1_112' title="bbox 2073 5373 2734 5460; baseline 0.002 -25"><span class='ocrx_word' id='word_1_852' title='bbox 2073 5373 2510 5460; x_wconf 68' lang='grc' dir='ltr'>ὑποστρεψάντων</span> <span class='ocrx_word' id='word_1_853' title='bbox 2541 5381 2734 5443; x_wconf 72' lang='grc' dir='ltr'>αὐτῶν,</span> 
     </span>
    </p>
   </div>
   <div class='ocr_carea' id='block_1_113' title="bbox 353 5456 1997 5540">
    <p class='ocr_par' dir='ltr' id='par_1_113' title="bbox 353 5456 1997 5540">
     <span class='ocr_line' id='line_1_113' title="bbox 353 5456 1997 5540; baseline 0.001 -21"><span class='ocrx_word' id='word_1_854' title='bbox 353 5476 491 5521; x_wconf 79' lang='lat' dir='ltr'><strong>vero</strong></span> <span class='ocrx_word' id='word_1_855' title='bbox 524 5456 945 5540; x_wconf 76' lang='lat' dir='ltr'><strong>evangelistam</strong></span> <span class='ocrx_word' id='word_1_856' title='bbox 978 5477 1107 5540; x_wconf 87' lang='lat' dir='ltr'><strong>cap.</strong></span> <span class='ocrx_word' id='word_1_857' title='bbox 1142 5475 1184 5535; x_wconf 86' lang='grc' dir='ltr'><strong>ι,</strong></span> <span class='ocrx_word' id='word_1_858' title='bbox 1212 5475 1368 5519; x_wconf 83' lang='lat' dir='ltr'><strong>vers.</strong></span> <span class='ocrx_word' id='word_1_859' title='bbox 1384 5456 1515 5540; x_wconf 73' lang='lat'><strong>_27,_</strong></span> <span class='ocrx_word' id='word_1_860' title='bbox 1557 5456 1770 5536; x_wconf 84' lang='lat' dir='ltr'><strong>legitur</strong></span> <span class='ocrx_word' id='word_1_861' title='bbox 1793 5458 1997 5540; x_wconf 76' lang='lat' dir='ltr'><strong>_:_Haec</strong></span> 
     </span>
    </p>
   </div>
   <div class='ocr_carea' id='block_1_114' title="bbox 2163 5456 3726 5542">
    <p class='ocr_par' dir='ltr' id='par_1_114' title="bbox 2163 5456 3726 5542">
     <span class='ocr_line' id='line_1_114' title="bbox 2163 5456 3726 5542; baseline 0 -20"><span class='ocrx_word' id='word_1_862' title='bbox 2163 5456 2285 5540; x_wconf 80' lang='lat' dir='ltr'><strong>(6i)</strong></span> <span class='ocrx_word' id='word_1_863' title='bbox 2318 5459 2473 5542; x_wconf 82' lang='lat' dir='ltr'><strong>Lege</strong></span> <span class='ocrx_word' id='word_1_864' title='bbox 2503 5479 2635 5542; x_wconf 85' lang='lat' dir='ltr'><strong>quae</strong></span> <span class='ocrx_word' id='word_1_865' title='bbox 2657 5459 2885 5542; x_wconf 90' lang='lat' dir='ltr'><strong>_de_hoc</strong></span> <span class='ocrx_word' id='word_1_866' title='bbox 2914 5459 3045 5542; x_wconf 84' lang='lat' dir='ltr'><strong>lacu</strong></span> <span class='ocrx_word' id='word_1_867' title='bbox 3060 5456 3196 5542; x_wconf 88' lang='lat' dir='ltr'><strong>_fuse</strong></span> <span class='ocrx_word' id='word_1_868' title='bbox 3212 5456 3726 5542; x_wconf 76' lang='lat' dir='ltr'><strong>scﬁhitJosephus</strong></span> 
     </span>
    </p>
   </div>
   <div class='ocr_carea' id='block_1_115' title="bbox 352 5535 3726 5621">
    <p class='ocr_par' dir='ltr' id='par_1_115' title="bbox 352 5535 3726 5621">
     <span class='ocr_line' id='line_1_115' title="bbox 352 5535 3726 5621; baseline -0 -18"><span class='ocrx_word' id='word_1_869' title='bbox 352 5544 414 5621; x_wconf 59' lang='lat' dir='ltr'><strong>in</strong></span> <span class='ocrx_word' id='word_1_870' title='bbox 442 5535 751 5604; x_wconf 68' lang='lat' dir='ltr'><strong>Bethania</strong></span> <span class='ocrx_word' id='word_1_871' title='bbox 779 5542 947 5620; x_wconf 80' lang='lat' dir='ltr'><strong>facta</strong></span> <span class='ocrx_word' id='word_1_872' title='bbox 975 5535 1332 5621; x_wconf 55' lang='lat' dir='ltr'><strong>sentirem</strong></span> <span class='ocrx_word' id='word_1_873' title='bbox 1366 5535 2001 5621; x_wconf 36' lang='lat' dir='ltr'><strong>Iordanemtubierat</strong></span> <span class='ocrx_word' id='word_1_874' title='bbox 2078 5535 2184 5621; x_wconf 70' lang='lat' dir='ltr'><strong>lib.</strong></span> <span class='ocrx_word' id='word_1_875' title='bbox 2213 5535 2299 5621; x_wconf 53' lang='lat' dir='ltr'><strong>ut,</strong></span> <span class='ocrx_word' id='word_1_876' title='bbox 2328 5535 2430 5621; x_wconf 17' lang='lat' dir='ltr'><strong>ADé</strong></span> <span class='ocrx_word' id='word_1_877' title='bbox 2456 5535 2611 5621; x_wconf 70' lang='lat' dir='ltr'><strong>bello</strong></span> <span class='ocrx_word' id='word_1_878' title='bbox 2639 5539 2816 5621; x_wconf 62' lang='lat' dir='ltr'><strong>Ju§._</strong></span> <span class='ocrx_word' id='word_1_879' title='bbox 2847 5539 3109 5621; x_wconf 20' lang='lat' dir='ltr'><strong>capulo,</strong></span> <span class='ocrx_word' id='word_1_880' title='bbox 3171 5548 3329 5621; x_wconf 74' lang='lat' dir='ltr'><strong>etea</strong></span> <span class='ocrx_word' id='word_1_881' title='bbox 3354 5535 3726 5621; x_wconf 40' lang='lat' dir='ltr'><strong>conferfcum</strong></span> 
     </span>
    </p>
   </div>
   <div class='ocr_carea' id='block_1_116' title="bbox 343 5614 2003 5701">
    <p class='ocr_par' dir='ltr' id='par_1_116' title="bbox 343 5614 2003 5701">
     <span class='ocr_line' id='line_1_116' title="bbox 343 5614 2003 5701; baseline -0.001 -20"><span class='ocrx_word' id='word_1_882' title='bbox 343 5620 622 5684; x_wconf 76' lang='lat' dir='ltr'><strong>Joannes</strong></span> <span class='ocrx_word' id='word_1_883' title='bbox 637 5614 978 5701; x_wconf 70' lang='lat' dir='ltr'><strong>baptizans.</strong></span> <span class='ocrx_word' id='word_1_884' title='bbox 994 5618 1109 5701; x_wconf 85' lang='lat' dir='ltr'><strong>Sed</strong></span> <span class='ocrx_word' id='word_1_885' title='bbox 1130 5617 1192 5680; x_wconf 89' lang='lat' dir='ltr'><strong>in</strong></span> <span class='ocrx_word' id='word_1_886' title='bbox 1214 5618 1343 5680; x_wconf 61' lang='lat' dir='ltr'><strong>haec</strong></span> <span class='ocrx_word' id='word_1_887' title='bbox 1356 5614 1539 5701; x_wconf 76' lang='lat' dir='ltr'><strong>verba</strong></span> <span class='ocrx_word' id='word_1_888' title='bbox 1562 5615 2003 5701; x_wconf 79' lang='lat' dir='ltr'><strong>mendumirre-</strong></span> 
     </span>
    </p>
   </div>
   <div class='ocr_carea' id='block_1_117' title="bbox 338 5696 2004 5782">
    <p class='ocr_par' dir='ltr' id='par_1_117' title="bbox 338 5696 2004 5782">
     <span class='ocr_line' id='line_1_117' title="bbox 338 5696 2004 5782; baseline -0.002 -18"><span class='ocrx_word' id='word_1_889' title='bbox 338 5701 548 5782; x_wconf 75' lang='lat' dir='ltr'><strong>psisse</strong></span> <span class='ocrx_word' id='word_1_890' title='bbox 572 5696 747 5765; x_wconf 77' lang='lat' dir='ltr'><strong>multi</strong></span> <span class='ocrx_word' id='word_1_891' title='bbox 776 5700 1065 5782; x_wconf 82' lang='lat' dir='ltr'><strong>suspicati</strong></span> <span class='ocrx_word' id='word_1_892' title='bbox 1083 5705 1242 5782; x_wconf 70' lang='lat' dir='ltr'><strong>sunt,</strong></span> <span class='ocrx_word' id='word_1_893' title='bbox 1268 5705 1337 5782; x_wconf 63' lang='lat' dir='ltr'><strong>et</strong></span> <span class='ocrx_word' id='word_1_894' title='bbox 1347 5714 1459 5782; x_wconf 82' lang='lat' dir='ltr'><strong>pro</strong></span> <span class='ocrx_word' id='word_1_895' title='bbox 1477 5696 2004 5782; x_wconf 74' lang='lat' dir='ltr'><strong>Be_thania__legen-</strong></span> 
     </span>
    </p>
   </div>
   <div class='ocr_carea' id='block_1_118' title="bbox 2085 5616 3734 5700">
    <p class='ocr_par' dir='ltr' id='par_1_118' title="bbox 2085 5616 3734 5700">
     <span class='ocr_line' id='line_1_118' title="bbox 2085 5616 3734 5700; baseline -0.001 -19"><span class='ocrx_word' id='word_1_896' title='bbox 2085 5618 2201 5700; x_wconf 75' lang='lat' dir='ltr'><strong>his.</strong></span> <span class='ocrx_word' id='word_1_897' title='bbox 2229 5618 2483 5683; x_wconf 82' lang='lat' dir='ltr'><strong>Videtur</strong></span> <span class='ocrx_word' id='word_1_898' title='bbox 2504 5620 2681 5700; x_wconf 13' lang='lat' dir='ltr'><strong>enim,</strong></span> <span class='ocrx_word' id='word_1_899' title='bbox 2711 5616 3029 5700; x_wconf 79' lang='lat' dir='ltr'><strong>Epiphanii</strong></span> <span class='ocrx_word' id='word_1_900' title='bbox 3064 5619 3252 5700; x_wconf 88' lang='lat' dir='ltr'><strong>nostri</strong></span> <span class='ocrx_word' id='word_1_901' title='bbox 3294 5628 3485 5685; x_wconf 83' lang='lat' dir='ltr'><strong>textus</strong></span> <span class='ocrx_word' id='word_1_902' title='bbox 3510 5616 3734 5700; x_wconf 82' lang='lat' dir='ltr'><strong>alicubi</strong></span> 
     </span>
    </p>
   </div>
   <div class='ocr_carea' id='block_1_119' title="bbox 2085 5697 3727 5782">
    <p class='ocr_par' dir='ltr' id='par_1_119' title="bbox 2085 5697 3727 5782">
     <span class='ocr_line' id='line_1_119' title="bbox 2085 5697 3727 5782; baseline -0.001 -20"><span class='ocrx_word' id='word_1_903' title='bbox 2085 5698 2187 5782; x_wconf 77' lang='lat' dir='ltr'><strong>hic</strong></span> <span class='ocrx_word' id='word_1_904' title='bbox 2205 5708 2534 5782; x_wconf 79' lang='lat' dir='ltr'><strong>corruptus</strong></span> <span class='ocrx_word' id='word_1_905' title='bbox 2562 5719 2599 5764; x_wconf 89' lang='lat' dir='ltr'><strong>a</strong></span> <span class='ocrx_word' id='word_1_906' title='bbox 2617 5697 2889 5782; x_wconf 64' lang='lat' dir='ltr'><strong>librarii),</strong></span> <span class='ocrx_word' id='word_1_907' title='bbox 2922 5698 3025 5781; x_wconf 90' lang='lat' dir='ltr'><strong>qui</strong></span> <span class='ocrx_word' id='word_1_908' title='bbox 3052 5706 3112 5763; x_wconf 88' lang='lat' dir='ltr'><strong>et</strong></span> <span class='ocrx_word' id='word_1_909' title='bbox 3137 5699 3335 5782; x_wconf 88' lang='lat' dir='ltr'><strong>aliqua</strong></span> <span class='ocrx_word' id='word_1_910' title='bbox 3357 5700 3541 5766; x_wconf 82' lang='lat' dir='ltr'><strong>verba</strong></span> <span class='ocrx_word' id='word_1_911' title='bbox 3569 5697 3727 5766; x_wconf 90' lang='lat' dir='ltr'><strong>omi-</strong></span> 
     </span>
    </p>
   </div>
   <div class='ocr_carea' id='block_1_120' title="bbox 344 5775 3347 5877">
    <p class='ocr_par' dir='ltr' id='par_1_120' title="bbox 344 5775 3347 5877">
     <span class='ocr_line' id='line_1_120' title="bbox 344 5775 3347 5877; baseline 0 -33"><span class='ocrx_word' id='word_1_912' title='bbox 344 5775 492 5877; x_wconf 50' lang='lat' dir='ltr'><strong>&quot;slum</strong></span> <span class='ocrx_word' id='word_1_913' title='bbox 524 5798 660 5877; x_wconf 78' lang='lat' dir='ltr'><strong>esse</strong></span> <span class='ocrx_word' id='word_1_914' title='bbox 685 5775 1058 5849; x_wconf 78' lang='lat' dir='ltr'><strong>Bethabara.</strong></span> <span class='ocrx_word' id='word_1_915' title='bbox 1092 5775 1256 5862; x_wconf 85' lang='lat' dir='ltr'><strong>Lege</strong></span> <span class='ocrx_word' id='word_1_916' title='bbox 1298 5775 1704 5857; x_wconf 78' lang='lat' dir='ltr'><strong>Bonfrerium,</strong></span> <span class='ocrx_word' id='word_1_917' title='bbox 1737 5775 2004 5861; x_wconf 77' lang='lat' dir='ltr'><strong>aliosque</strong></span> <span class='ocrx_word' id='word_1_918' title='bbox 2054 5870 2059 5877; x_wconf 16' lang='grc' dir='ltr'><strong><em>Α</em></strong></span> <span class='ocrx_word' id='word_1_919' title='bbox 2092 5778 2172 5846; x_wconf 83' lang='lat' dir='ltr'><strong>sit</strong></span> <span class='ocrx_word' id='word_1_920' title='bbox 2194 5775 2462 5862; x_wconf 69' lang='lat' dir='ltr'><strong>fortasse,</strong></span> <span class='ocrx_word' id='word_1_921' title='bbox 2496 5786 2557 5848; x_wconf 89' lang='lat' dir='ltr'><strong>et</strong></span> <span class='ocrx_word' id='word_1_922' title='bbox 2581 5778 2698 5849; x_wconf 83' lang='lat' dir='ltr'><strong>alia</strong></span> <span class='ocrx_word' id='word_1_923' title='bbox 2725 5775 3041 5864; x_wconf 73' lang='lat' dir='ltr'><strong>perperam</strong></span> <span class='ocrx_word' id='word_1_924' title='bbox 3069 5775 3347 5849; x_wconf 57' lang='lat' dir='ltr'><strong>exaravit.</strong></span> 
     </span>
    </p>
   </div>
   <div class='ocr_carea' id='block_1_121' title="bbox 342 5857 735 5946">
    <p class='ocr_par' dir='ltr' id='par_1_121' title="bbox 342 5857 735 5946">
     <span class='ocr_line' id='line_1_121' title="bbox 342 5857 735 5946; baseline 0.005 -19"><span class='ocrx_word' id='word_1_925' title='bbox 342 5857 735 5946; x_wconf 76' lang='lat' dir='ltr'><strong>Interpretes.</strong></span> 
     </span>
    </p>
   </div>
  </div>
