4068 6112
381 267 500 336 207

1679 272 2018 339 EPIPHAN
2024 274 2082 339 II
2110 274 2459 342 MONAGHI

3637 274 3757 343 208

383 401 674 495 optimum
704 408 816 485 est,
847 408 906 465 et
933 401 1165 466 frﬁctus
1217 402 1593 495 autumnales
1622 403 1781 467 circa
1807 404 2025 484 lacum,

2124 411 2203 466 καὶ
2272 411 2454 490 ὀπώρα
2508 412 2625 492 περὶ
2680 416 2778 479 τῆς
2840 410 3053 488 λίμνης,
3110 412 3195 471 ἐπὶ
3222 412 3420 495 ἰχθύων
3491 411 3753 488 εὐόσμων-

383 499 442 554 et
462 491 657 573 pisces
678 492 833 554 bene
859 492 1110 555 olentes.
1134 491 1521 554 Venitautem
1542 491 1576 555 J
1583 511 1717 556 esus
1745 493 1804 554 in
1836 494 2028 555 Zebe-

384 580 522 642 dam
554 580 729 643 simul
748 596 893 642 tcum
926 588 1137 657 matre,
1176 587 1234 642 et
1256 580 1587 661 discipulis,
1614 588 1674 644 et
1702 582 2030 645 tliversatus

384 676 476 732 est
495 669 653 750 apud
676 668 1052 745 Zebedmum,
1086 668 1187 750 qui
1206 667 1462 731 habebat
1492 688 1763 743 uxorem,
1794 678 1852 733 et
1883 671 2030 733 duos

385 757 540 820 ﬁlios
567 757 856 820 Jacobum
886 765 945 820 et
972 760 1284 832 Joannem,
1315 767 1376 821 et
1395 760 1623 841 accepit
1648 779 1749 822 eos
1769 759 1828 822 in
1856 760 2033 823 disci-

386 847 582 928 pulos.
605 847 795 911 Mater
813 847 1051 909 illorum
1076 855 1288 929 putans
1322 866 1458 910 eum
1484 848 1749 931 polliceri
1779 867 2028 929 regnum

385 942 716 1012 terrenum,
747 936 917 1017 petiit
945 935 1020 997 ab
1051 954 1145 1008 eo,
1170 940 1241 997 ut
1295 955 1479 999 unus.
1506 955 1540 999 a
1568 936 1789 1000 dextris
1817 938 2027 1018 ipsius,

388 1032 451 1086 et
480 1043 634 1086 unus
663 1043 698 1086 a
727 1023 982 1086 sinistris
1011 1024 1249 1086 sederet
1301 1024 1365 1085 in
1392 1023 1576 1105 regno
1610 1028 1758 1106 ejus.
1792 1025 1863 1088 Et
1891 1026 2031 1087 inde

390 1113 616 1193 egressi
629 1122 920 1176 venerunt
939 1113 1000 1174 in
1023 1115 1391 1195 Capernaum
1425 1134 1441 1191 ;
1469 1123 1526 1176 et
1545 1116 1770 1177 sanavit
1798 1115 2031 1197 paraly-

387 1203 595 1285 ticum,
630 1211 689 1266 et
714 1202 864 1265 alios
896 1203 1136 1266 multos.
1170 1203 1518 1286 Ubicunque
1549 1213 1744 1267 autem
1776 1204 2033 1267 diversa-

387 1293 627 1371 bantur,
663 1303 874 1376 sponte
894 1294 1014 1357 illis
1052 1293 1377 1356 aﬂ‘erebant
1398 1295 1583 1356 multa
1609 1295 1711 1377 qui
1740 1294 2031 1357 careban-

385 1392 506 1461 tur,
539 1391 597 1446 et
622 1383 923 1466 principes
943 1384 1264 1446 civitatum.
1288 1383 1577 1465 Discipuli
1599 1384 1819 1446 multos
1848 1383 2031 1446 doce-

387 1471 554 1546 bant,
607 1480 665 1533 et
709 1471 1116 1553 baptizabant:
1163 1475 1333 1535 Jesus
1359 1489 1498 1533 vero
1529 1492 1646 1535 non
1676 1471 2028 1553 baptizabat,

390 1559 497 1623 sed
518 1567 742 1622 tantum
773 1560 1041 1637 docebat,
1064 1560 1377 1623 etsanabat
1395 1559 1665 1623 inﬁrmos
1681 1578 2034 1642 quocunque

387 1650 575 1713 ibant.
608 1650 933 1714 Zebedaeus
961 1662 1162 1715 autem
1212 1652 1480 1712 mortuus
1510 1659 1600 1712 est
1626 1672 1640 1712 :
1685 1670 1800 1733 qua
1826 1669 1894 1712 re
1922 1669 2032 1712 au-

2115 494 2313 556 Ἐλθὼν
2361 498 2416 555 δὲ
2474 502 2503 556 6
2559 498 2762 568 Ἰησοῦς
2820 502 2893 564 εἰς
2943 499 3143 569 Σεϐεδὴ
3202 503 3294 557 σὺν
3347 508 3414 579 τῇ
3464 502 3623 581 μητρὶ
3670 502 3760 557 καὶ

2109 600 2227 652 τοῖς
2285 591 2576 665 μαθηταῖς,
2636 589 2917 657 κατεκλίθη
2974 591 3116 669 παρὰ
3165 588 3451 670 Σεϐεδαίῳ,
3513 592 3569 654 ὃς
3629 587 3760 669 ’έσχε

2110 689 2338 754 γυναῖκα
2367 678 2453 734 καὶ
2506 675 2594 735 δύο
2649 678 2811 759 υἱοὺς,
2864 675 3121 759 ,Ἰάκωϐον
3176 680 3265 735 καὶ
3321 676 3573 744 Ἰωάννην
3609 697 3625 712 ⁸
3671 678 3762 733 καὶ
3849 740 3853 743 λ

2109 761 2293 823 ἔλαϐεν
2325 767 2510 830 αὐτοὺς
2540 758 2803 843 μαθητάς,
2860 758 2924 823 Ἡ
2980 765 3035 823 δὲ
3094 769 3275 847 μήτηρ
3302 766 3475 824 αὒτῶν
3503 767 3764 842 νομίσασα

2109 851 2190 911 ὅτι
2259 857 2377 936 περὶ
2445 855 2675 935 ἐπιγείου
2746 854 3012 932 βασιλείας
3069 854 3455 936 ἐπηγγέλλετο,
3513 856 3757 931 ᾐτήσατο

2109 944 2263 1001 αὐτὸν
2291 943 2385 1001 ⁹ίνα
2415 948 2497 1007 εἷς
2553 943 2613 1000 ἐκ
2667 942 2846 1010 δεξιῶν
2889 948 3065 1021 αὖτοῦ,
3120 947 3209 1002 καὶ
3265 948 3346 1008 εἰς
3396 942 3448 1009 ἐξ
3481 942 3761 1017 εὐωνύμων

2110 1033 2390 1089 καθίσωσιν
2446 1032 2501 1089 ἐν
2555 1039 2624 1110 τῇ
2679 1032 2917 1110 βασιλείᾳ
2970 1033 3150 1093 αὐτοῦ.
3213 1035 3310 1092 Καὶ
3366 1033 3569 1090 ἐκεῖθεν
3598 1029 3751 1097 ἐξελ-

2110 1118 2501 1214 θόντεςηῆλθον
2682 1122 3031 1214 Καπερν-αούμ
3063 1137 3116 1214 ⁸,,
3138 1123 3225 1177 καὶ
3279 1122 3466 1214 ἰασατο
3521 1121 3612 1177 τὸν
3644 1140 3759 1214 πα.-

2112 1206 2386 1286 ραλυτικὸν
2416 1210 2504 1266 καὶ
2532 1208 2724 1273 ἄλλους
2779 1209 3029 1289 πολλους.
3090 1205 3252 1267 ”Οπου
3307 1208 3362 1266 δὲ
3418 1209 3480 1266 ἂν
3509 1205 3763 1265 κατεκλί-

2112 1320 2288 1372 νοντο,
2321 1299 2369 1354 οἱ
2394 1298 2795 1377 θεραπευόμενοι
2824 1299 2911 1355 καὶ
2955 1301 3002 1355 οἱ
3054 1304 3255 1378 πρῶτοι
3283 1304 3387 1356 τῶν
3417 1297 3626 1355 πόλεων
3657 1295 3760 1353 αῦ-

2113 1385 2502 1466 τοπροαιρέτως
2557 1387 2877 1468 προσέφερον
2906 1387 3090 1450 αὐτοῖς
3141 1386 3500 1463 ἀναλωμάτων
3553 1384 3763 1456 πλήθη.

2113 1474 2347 1538 Πολλοὺς
2377 1473 2678 1555 ἐκατήχουν
2726 1478 2816 1533 καὶ
2869 1473 3146 1547 ἐϐάπτιζον
3205 1479 3252 1533 οἱ
3309 1476 3561 1555 μαθηταὶ,
3624 1476 3652 1530 ὁ
3708 1471 3766 1528 δὲ

2115 1562 2321 1631 Ἰησοῦς
2391 1564 2485 1620 οὐκ
2553 1562 2826 1636 ἐϐάπτιζεν
2860 1585 2876 1600 ο
2950 1565 3110 1640 μόνον
3197 1562 3252 1619 δέ
3320 1561 3604 1635 ἐδίδασκεν,
3676 1562 3767 1618 καὶ

2112 1653 2229 1709 ἰᾶτο
2284 1652 2405 1715 τοὺς
2461 1651 2802 1718 ἆσθενουντας
2859 1651 2990 1710 ὅπου
3046 1652 3136 1708 ἐὰν
3193 1652 3527 1733 ἐπορεύοντο.
3589 1642 3649 1708 Ὀ
3707 1647 3764 1705 δέ

388 1739 514 1803 dita
541 1739 795 1802 Jacobus
822 1741 1115 1803 accedens
1143 1739 1217 1802 ad
1245 1740 1565 1802 Dominum
1597 1740 1681 1802 ait
1714 1757 1729 1803 :
1773 1738 1938 1820 Sine,
1969 1744 2035 1800 ut

2124 1738 2406 1804 Σεϐεδαϊος
2459 1739 2713 1798 ἀπέθανεν
2747 1757 2762 1771 ⁸
2827 1743 2914 1798 καὶ
2968 1742 3196 1805 ἀκούσας
3255 1739 3528 1815 Ἰάκωϐος,
3589 1759 3763 1816 προσ-

388 1827 562 1891 beam
588 1831 661 1892 ad
687 1828 1099 1910 sepeliendum
1122 1835 1349 1911 patrem
1371 1847 1568 1891 meum
1597 1851 1611 1888 :
1665 1835 1724 1891 et
1752 1846 1872 1889 non
1901 1845 2035 1908 per-

390 1917 552 1980 misit
567 1918 703 2000 ipsi.
726 1917 803 1981 Et
826 1925 957 1999 post
975 1918 1156 1980 breve
1185 1924 1415 1998 tempus
1455 1916 1616 1979 misit
1634 1917 1796 1994 .duos
1825 1916 2034 1978 fratres

392 2005 676 2071 Iacobum
711 2014 770 2068 et
793 2005 1083 2069 Joannem
1117 2024 1132 2069 :
1189 2005 1252 2066 bi
1294 2023 1434 2067 vero
1491 2005 1776 2067 abeuntes
1806 2011 2031 2085 patrem

393 2095 634 2175 quidem
664 2093 1052 2175 sepelierunt,
1088 2100 1336 2155 matrem
1368 2111 1508 2155 vero
1559 2093 1930 2155 adduxerunt
1957 2090 2034 2153 ad

390 2184 692 2247 Christum
718 2202 731 2244 :
769 2189 827 2244 et
854 2182 1070 2244 mansit
1099 2200 1232 2244 cum
1263 2181 1517 2263 Deipara
1543 2181 1777 2260 reliquo
1805 2182 1937 2241 vitae
1966 2178 2033 2241 il-

391 2271 509 2334 lius
539 2279 830 2353 tempore.
865 2268 1343 2335 Possessionibus
1397 2288 1537 2332 vero
1593 2269 1718 2332 suis
1754 2268 2033 2345 venditis,

395 2376 532 2441 quae
561 2367 732 2421 erant
761 2357 981 2436 multae,
1013 2367 1302 2420 venerunt
1325 2358 1388 2420 in
1408 2360 1758 2432 Jerusalem,
1791 2364 1846 2422 et
1879 2374 2035 2419 eme-

384 2456 536 2511 ‘run’t
565 2446 736 2512 Sion.
769 2449 913 2511 Cum
942 2447 1203 2509 venisset
1244 2455 1441 2510 autem
1491 2446 1663 2511 Jesus
1693 2446 1868 2508 simul
1900 2464 2035 2507 cum

394 2545 603 2614 matre,
637 2543 698 2598 et
721 2534 868 2616 ipsis
896 2534 1204 2616 discipulis
1231 2536 1292 2597 in
1322 2535 1611 2617 Judaaam,
1645 2542 1705 2599 et
1728 2535 1787 2595 bi
1816 2534 2037 2615 ubique

394 2623 777 2703 Evangelium
808 2622 1222 2703 praedicarent,
1258 2630 1316 2686 et
1349 2622 1737 2703 baptizarent,
1771 2630 1831 2685 et
1859 2640 2035 2684 sana-

393 2720 552 2787 rent,
580 2711 983 2774 ascenderunt
1006 2711 1069 2773 in
1096 2711 1468 2788 Jerusalem;
1529 2720 1588 2773 et
1617 2711 1852 2774 Salome
1884 2729 2040 2772 uxor

396 2802 644 2865 Chuezaa
704 2800 833 2880 (63)
885 2800 1284 2881 procuratoris
1335 2800 1585 2862 Herodis
1634 2799 1887 2881 Philippi
1915 2799 2032 2879 (63)

397 2890 623 2952 habens
645 2894 871 2967 septem
892 2887 1137 2968 spiritus
1161 2889 1442 2970 nequitiae
1468 2897 1753 2964 accesset,
1778 2896 1836 2950 et
1857 2888 2043 2950 oravit

2118 1827 2281 1884 ελθὼν
2338 1827 2481 1907 λέγει
2534 1830 2613 1904 τῷ
2684 1831 2855 1909 Κυρίῳ
2889 1846 2903 1861 ⁸
2978 1828 3291 1911 Ἐπίτρεψόν
3362 1852 3454 1905 μοι
3512 1826 3765 1885 ἀπελθεῖν

2115 1917 2279 1992 θάψαι
2308 1918 2399 1973 τὸν
2457 1917 2658 1997 πατέρα
2715 1939 2816 1994 μου
2849 1935 2864 1950 ⁶
2925 1921 3012 1974 καὶ
3068 1918 3164 1975 οὐκ
3218 1916 3500 1997 ἐπέτρεψεν
3556 1916 3714 1972 αὐτόν
3743 1933 3762 1952 ο

2116 2005 2206 2061 καὶ
2236 2002 2351 2080 μετ’
2381 2004 2557 2083 ὀλίγον
2607 2004 2912 2062 ἀπέστειλεν
2963 2007 3083 2069 τοὺς
3142 2004 3233 2063 δύο
3287 2004 3538 2086 ἀδελφοὺς
3571 2001 3761 2062 Ἰάκω-

2117 2090 2208 2151 ϐον
2262 2095 2351 2150 καὶ
2404 2091 2655 2162 Ἰωάννην
2688 2111 2702 2127 °
2760 2098 2808 2151 οἱ
2862 2092 2918 2150 δέ
2974 2094 3288 2158 ἀπελθόντες
3337 2096 3428 2151 τὸν
3485 2093 3583 2170 μὲν
3649 2114 3764 2148 πα-

2118 2180 2242 2261 τέρα
2271 2181 2469 2257 έθαψαν
2506 2201 2520 2218 ’
2578 2184 2678 2251 τὴν
2734 2181 2789 2238 δὲ
2848 2183 3052 2264 μητέρα
3106 2185 3472 2263 προσήνεγκαν
3526 2188 3608 2257 τῷ
3635 2188 3761 2260 Χρι-

2118 2276 2228 2346 στῷ
2262 2289 2276 2304 ’
2326 2272 2414 2327 καὶ
2466 2270 2530 2339 ἧν
2586 2272 2677 2327 σὺν
2735 2277 2803 2349 τῇ
2861 2273 3101 2347 Θεοτόκῳ
3156 2275 3217 2329 τὸ
3269 2270 3457 2330 λοιπὸν
3484 2276 3583 2338 τῆς
3613 2274 3758 2342 ζωῆς

2119 2358 2299 2420 αὒτοῦ.
2372 2359 2481 2426 Τήν
2533 2357 2588 2414 δὲ
2654 2365 2844 2428 κτῆσιν
2914 2363 3085 2418 αὐτῶν
3154 2359 3501 2431 πωλήσαντες
3557 2357 3766 2426 πολλὴν

2120 2446 2302 2523 οὖσαν,
2386 2446 2622 2511 ἐλθόντες
2709 2451 2780 2512 εἰς
2876 2440 3245 2529 Ἰερουσαλὴμ,
3316 2450 3592 2529 ’ἠγόρασαν
3662 2448 3763 2515 τήν

2120 2535 2281 2594 Σιών.
2342 2531 2618 2601 Ἐλθόντος
2672 2534 2727 2592 δέ
2794 2544 2886 2594 τοῦ
2956 2537 3133 2606 Ἰησοῦ
3190 2539 3280 2595 σὺν
3336 2545 3406 2615 τῇ
3465 2538 3623 2616 μητρὶ
3678 2536 3768 2592 καὶ

2122 2625 2305 2688 αὐτοῖς
2378 2628 2646 2700 μαθηταῖς
2715 2627 2788 2690 εἰς
2858 2627 2957 2694 τήν
3016 2625 3290 2701 Ἰουδαίαν,
3348 2628 3437 2682 καὶ
3490 2630 3771 2704 πανταχοῦ

2122 2711 2601 2792 εὐαγγελιζομένων
2684 2715 2773 2771 καὶ
2853 2716 3212 2792 βαπτιζόντων
3291 2715 3378 2771 καὶ
3443 2713 3766 2793 θεραπευόν-

2121 2822 2250 2876 των,
2308 2799 2612 2859 ἀναϐάντων
2666 2806 2836 2861 αὐτῶν
2890 2805 2964 2869 εἰς
3024 2796 3379 2883 Ἱεροσόλυμα,
3440 2800 3677 2877 Σαλώμη
3723 2801 3761 2868 ἡ

2123 2890 2256 2968 γυνή
2322 2896 2524 2961 Χουεζᾶ
2619 2890 2900 2972 ἐπιτρόποῦ
2985 2883 3213 2971 Ἠρώδου
3295 2897 3388 2947 τοῦ
3471 2889 3760 2963 Φιλίππου,

398 2980 718 3054 Christum,
746 2983 805 3038 et
824 2975 1075 3039 liberata
1096 2986 1184 3039 est
1200 2996 1234 3038 a
1255 2976 1583 3060 spiritibus,
1620 2987 1680 3041 et
1710 2996 1830 3040 non
1847 2994 2036 3040 reces-

2124 2977 2324 3058 ἔχουσα
2393 2979 2667 3055 πνεύματα
2730 2980 2984 3058 πονηρίας
3054 2982 3208 3055 ἑπτὰ,
3284 2977 3640 3060 προσελθοῦσα
3711 2974 3768 3032 δὲ

398 3068 476 3132 sit
500 3068 754 3150 amplius
780 3084 816 3128 a
840 3064 1115 3144 Domino,
1147 3066 1253 3129 sed
1281 3073 1485 3130 secuta
1514 3075 1605 3129 est
1631 3085 1788 3129 eum.

480 3331 631 3399 XIX.
665 3333 811 3397 Cum
839 3351 978 3396 vero
1025 3332 1110 3395 ibi
1166 3332 1523 3395 mansissent
1581 3332 1804 3414 aliquot
1830 3331 2041 3395 diebus

406 3425 557 3506 (erat
587 3424 745 3487 enim
778 3423 1125 3485 solemnitas
1157 3420 1582 3503 Scenopegiaa),
1618 3429 1676 3483 et
1701 3422 1915 3484 multos
1933 3421 2039 3483 do-

402 3515 592 3574 ctrina
621 3511 1011 3573 illumiuasset
1037 3511 1331 3592 Christus,
1365 3519 1423 3572 et
1453 3530 1486 3573 e
1518 3511 1734 3590 templo
1759 3518 2045 3572 mercato-

399 3619 500 3663 res
520 3599 815 3681 ejecisset,
837 3617 909 3661 ac
932 3598 1147 3660 multos
1171 3599 1496 3663 sanavisset
1524 3617 1557 3660 a
1587 3599 1808 3674 multis,
1841 3598 2047 3660 variis-

402 3707 519 3771 que
548 3686 795 3765 morbis,
826 3686 1080 3749 rediitin
1106 3686 1427 3762 Galilaeam,
1467 3695 1526 3748 et
1551 3689 1712 3750 venit
1740 3705 1804 3748 1n
1829 3687 2042 3750 civita-

400 3785 519 3839 tem
545 3777 830 3856 Magdala.
851 3774 1125 3848 Quaedam
1141 3775 1357 3837 mulier
1368 3775 1610 3836 nomine
1622 3774 1805 3837 Maria
1821 3774 2048 3856 recepit

402 3884 538 3928 eum
559 3864 623 3926 in
651 3865 893 3927 domum
924 3881 1115 3938 suam,
1145 3871 1203 3925 et
1237 3863 1453 3925 auditis
1481 3862 1860 3924 sermonibus
1889 3865 2040 3944 ejus,

402 3962 576 4036 atque
606 3952 940 4034 conspectis
971 3952 1295 4029 miraculis,
1330 3971 1461 4033 qum
1490 3951 1583 4014 his
1611 3951 1866 4014 faciebat
1892 3952 2046 4013 vale-

2057 3052 2098 3115 G
2118 3052 2208 3124 καὶ
2302 3052 2551 3134 δεηθεῖσα
2632 3077 2725 3128 τοῦ
2805 3052 3030 3149 Χριστοῦ

3035 3118 3052 3151 ,
3140 3068 3469 3149 ἠλευθερώθη
3539 3067 3600 3124 ἐκ
3660 3069 3770 3122 τῶν

2118 3157 2455 3233 πνευμάτων,
2487 3158 2577 3214 καὶ
2629 3157 2803 3215 οὐκέτι
2855 3158 3060 3227 ἀπέστη
3117 3159 3223 3216 ἀπὸ
3277 3164 3370 3216 τοῦ
3399 3157 3612 3239 Κυρίου,
3642 3151 3764 3211 ἀλλ’

2119 3244 2395 3313 ἠκολούθει
2424 3249 2590 3310 αὐτῶ,

2202 3323 2310 3398 ΙΘ’,
2371 3335 2767 3414 Διατριψάντων
2820 3333 2874 3392 δὲ
2929 3335 3045 3393 ἐκεῖ
3098 3333 3306 3414 ἡμέρας
3360 3335 3507 3397 τινὰς
3557 3332 3639 3410 (ἦν
3672 3335 3773 3415 γὰρ

2123 3422 2210 3479 καὶ
2264 3423 2300 3490 ἡ
2361 3423 2516 3503 ἑορτὴ
2571 3428 2665 3492 τῆς
2722 3423 3151 3506 Σκηνοπηγίας),
3207 3425 3295 3481 καὶ
3349 3422 3578 3487 πολλοὺς
3604 3425 3772 3503 φωτί.

2124 3529 2219 3572 σας
2288 3514 2356 3586 τῇ
2427 3507 2731 3584 διδασκαλίᾳ
2788 3515 2816 3569 ὁ
2872 3514 3117 3593 Χριστὸς,
3191 3512 3252 3569 ἐκ
3300 3519 3394 3568 τοῦ
3448 3518 3573 3569 ναοῦ
3643 3514 3766 3576 τοὺς

2125 3593 2402 3666 καπήλους
2474 3595 2747 3675 ἐξελάσας,
2835 3602 2924 3657 καὶ
3018 3598 3247 3664 πολλοὺς
3317 3600 3598 3676 ἰασάμενος
3665 3598 3772 3656 ἆπὸ

2125 3683 2340 3742 πολλῶν
2407 3687 2495 3743 καὶ
2562 3687 2817 3745 ποικίλων
2888 3689 3080 3766 νόσων,
3149 3689 3471 3770 ὑπέστρεψεν
3543 3690 3615 3753 εἰς
3673 3689 3775 3755 τήν

2127 3771 2433 3850 Γαλιλαίαν,
2520 3778 2609 3833 καὶ
2677 3776 2835 3845 ἦλθεν
2905 3779 2977 3842 εἰς
3058 3776 3316 3857 Μαγδαλὸι
3387 3777 3562 3837 πόλιν.
3633 3778 3772 3848 Γυνή

2126 3885 2206 3927 τις
2264 3864 2483 3941 ὀνόματι
2555 3866 2730 3945 Μαρία
2779 3864 3058 3932 ὑπεδέξατο
3113 3869 3268 3923 αὐτὸν
3326 3869 3399 3931 εἰς
3465 3868 3554 3923 τὸν
3621 3866 3774 3924 οἶκον

2128 3955 2312 4029 αὐτῆς,
2375 3955 2464 4009 καὶ
2511 3953 2779 4012 ἀκούσασα
2834 3957 2923 4013 τὸν
2980 3954 3141 4034 λόγον
3195 3955 3377 4030 αὐτοῦ,
3435 3958 3523 4013 καὶ
3582 3959 3779 4013 θεασα-

401 4042 548 4104 dixit
577 4042 739 4103 omni
767 4040 970 4104 domui
1000 4059 1140 4115 sure,
1200 4040 1450 4103 accessit
1505 4041 1577 4102 ad
1634 4041 1955 4118 Christum,
1991 4048 2036 4102 e1

2129 4041 2265 4118 μένη
2335 4043 2400 4102 τὰ
2467 4044 2729 4119 θαυμάσια
2818 4046 2976 4102 αὐτοῦ
3062 4044 3096 4100 ἃ
3162 4043 3432 4117 ἐποίησεν,
3504 4043 3776 4110 ἀποταξα-

401 4137 605 4192 secuta
634 4137 725 4191 est
753 4147 911 4206 eum,
946 4138 1007 4190 et
1034 4128 1383 4192 convivebat
1411 4147 1544 4190 cum
1565 4129 1837 4210 Deipara,
1863 4136 1920 4190 et
1943 4146 2036 4190 re-

2130 4128 2265 4206 μένη
2295 4131 2386 4186 τὸν
2441 4131 2593 4189 οἷκον
2650 4133 2814 4200 αὐτῆς
2864 4134 3060 4214 πάντα,
3125 4132 3481 4212 προσελθοῦσα
3534 4140 3611 4210 τῷ
3641 4141 3778 4213 Χρι-

400 4217 579 4299 liquis
604 4217 861 4281 feminis.
895 4218 1039 4280 Erat
1066 4226 1262 4280 autem
1312 4217 1798 4298 prudentissima,
1836 4225 1896 4279 et
1922 4219 2036 4280 fer-

2130 4218 2240 4292 στῷ
2292 4218 2667 4299 ἠκολούθησεν,
2741 4224 2831 4279 καὶ
2889 4227 3053 4290 συτῆν
3108 4227 3176 4299 τῇ
3233 4222 3477 4295 Θεοτόκῳ
3524 4224 3613 4279 καὶ
3654 4235 3777 4285 ταῖς

401 4297 546 4367 vens
576 4305 788 4393 spiritu
819 4313 878 4393 et
919 4305 1208 4393 lacrymis
1232 4392 1237 4393 γ
1260 4297 1413 4368 εἰειιι
1466 4308 1701 4382 Petrus,
1738 4313 1797 4368 et
1823 4306 1897 4367 de
1923 4307 2036 4368 suis

2129 4305 2371 4393 λοιπαῖς.
2429 4297 2526 4366 Ἦν
2574 4308 2629 4366 δὲ
2685 4311 3060 4393 φρονιμωτάτη
3115 4297 3205 4367 καὶ
3259 4312 3427 4390 θερμὴ
3482 4314 3558 4386 τῷ
3614 4312 3779 4368 πνεύ-

404 4376 747 4454 substantiis
790 4376 1160 4481 ministrabat
1190 4392 1300 4453 eis.
1332 4393 1619 4474 Discipuli
1650 4376 1841 4456 autem
1876 4403 2036 4457 erant

2129 4376 2267 4473 ματιΙ
2307 4399 2479 4462 καθὼς
2550 4401 2638 4457 καὶ
2699 4376 2902 4480 ⁸Ιλέτροις
2961 4400 3015 4459 ἐν
3075 4412 3193 4462 τοῖς
3249 4397 3514 4481 δάκρυσιν,
3573 4401 3661 4455 καὶ
3715 4398 3776 4456 ἐκ

400 4480 694 4570 Andreas,
727 4487 787 4542 et
819 4479 1027 4570 Ijetrus
1058 4482 1268 4543 fratres
1316 4500 1375 4570 a_
1405 4483 1720 4545 Bethsaida
1753 4483 1990 4547 civitate
2022 4508 2036 4560 ;

2124 4493 2229 4543 τῶν
2258 4488 2610 4569 ὑπαρχόντων
2665 4479 2825 4570 αὖτῇγ
2856 4490 3089 4558 διηκόνει
3143 4479 3357 4555 αὐτοῖς,
3402 4493 3461 4549 Οἱ
3508 4487 3563 4545 δὲ
3595 4493 3776 4566 μαθη-

402 4568 712 4661 Philippus
742 4567 1312 4661 etBartholomaaus,
1343 4567 1601 4653 Jacobus
1630 4580 1688 4661 et
1712 4571 1890 4661 ludas
1920 4574 2036 4635 fra-

2124 4578 2207 4633 ταὶ
2277 4567 2437 4645 ἦσαν
2484 4578 2729 4661 Ἀνδρέας
2776 4567 2890 4638 ’καὶ
2960 4580 3179 4661 Πέτρος,
3254 4584 3301 4637 οἱ
3372 4578 3584 4660 ἀδελφοὶ
3671 4580 3778 4637 ἀπὸ

402 4666 525 4720 tres
543 4657 780 4749 Domini
799 4656 1188 4749 (namJoseph
1201 4667 1587 4738 crgnomento
1606 4660 1718 4733 (64)
1733 4659 2036 4724 dicebatur

2124 4667 2392 4749 βηθσαϊδὰ
2419 4675 2517 4735 τῆς
2545 4656 2753 4735 πόλεως
2789 4692 2804 4708 ο
2865 4656 3128 4735 Φίλιππος
3184 4671 3271 4726 καὶ
3325 4656 3726 4749 Βαρθολομαῖος
3763 4684 3777 4699 ⁹

403 4748 703 4831 Alphaeus)
742 4769 759 4828 ;
802 4746 1009 4813 Simon
1035 4769 1070 4813 a
1098 4751 1279 4826 Cana,
1340 4756 1400 4812 et
1450 4749 1755 4815 Matthaaus
1784 4770 2036 4833 ovange-

2127 4744 2375 4822 Ἰάκωϐος
2441 4761 2530 4817 καὶ
2601 4759 2821 4838 Ἰούδας,
2893 4758 3106 4840 ἀδελφοὶ
3158 4765 3254 4816 τοῦ
3308 4744 3495 4839 Κυρίου
3525 4744 3573 4793 ’Ψ
3604 4763 3632 4818 6
3684 4759 3786 4838 γὰρ

1803 4928 2158 5010 Mingarellii
2184 4939 2359 4998 notae.

487 5063 609 5141 (62)
636 5061 859 5138 Codex,
883 5068 1108 5135 Χουεζᾶ.
1133 5060 1254 5126 Sed
1274 5061 1595 5142 legendum
1611 5063 1850 5126 videtur
1886 5073 2059 5138 Χουζᾶ

407 5160 478 5236 εξ
504 5145 680 5206 Lucae
697 5142 1013 5236 Evangelia
1055 5161 1332 5236 cap_..v_1n,
1364 5161 1423 5206 v.
1459 5142 1520 5208 3.
1557 5143 1845 5236 Caeterum
1879 5146 2057 5236 hujus

407 5224 617 5287 Chuzae
641 5222 888 5287 uxorem
916 5223 1105 5286 Lucas
1130 5222 1360 5286 ibidem
1390 5242 1512 5286 non
1557 5222 1831 5286 Salomen
1861 5222 2052 5299 vocat,

406 5312 473 5366 ut
502 5305 829 5386 monachus
859 5311 1090 5386 noster,
1110 5305 1217 5386 sed
1239 5302 1572 5386 Joannam_:
1608 5303 2003 5386 scribitenim
2036 5323 2051 5370 :

408 5388 508 5467 K_ai
538 5384 757 5467 :loxiwa
783 5387 914 5467 γυνή
968 5377 1141 5456 Χουζᾶ
1196 5385 1479 5465 ἐπιτρόπου
1532 5377 1791 5467 Ἡρώδου,
1823 5385 1884 5447 id
1915 5394 2005 5449 est
2037 5403 2052 5449 ε

408 5462 770 5546 Etloanna
798 5462 967 5546 'uxor
998 5467 1223 5546 Chqzﬁw
1250 5462 1665 5546 procuratoris
1683 5462 1973 5530 Herodis.

496 5542 625 5626 (63)
654 5545 810 5623 Lege
858 5545 1058 5608 Noldii
1110 5542 1436 5607 Diatribam
1492 5544 1568 5607 de
1615 5545 1734 5626 vita
1789 5556 1850 5608 et
1872 5546 2054 5626 gestis

392 5618 718 5689 ’Herod'um
739 5618 927 5703 segni.
951 5627 1054 5708 31,
1078 5643 1212 5709 pag.
1235 5627 1377 5706 361,
1405 5632 1549 5692 tom.
1574 5626 1648 5704 Il,
1675 5618 1936 5708 Operuin
1959 5628 2049 5692 Fl.

2137 5063 2406 5129 Iosephi.

2224 5083 2587 5227 Ξὲἓῗιίἶοόεχ
2617 5162 2664 5227 εΔ
2693 5145 2754 5201 τὸ
2813 5142 3027 5227 enim.
3088 5141 3480 5227 Scribendum
3523 5150 3662 5227 put_o
3687 5151 3792 5227 aut

2138 5223 2540 5316 ξπίὲιληγκειιιι,
2588 5224 2784 5285 minus
2841 5224 3175 5316 eleganter,
3219 5227 3283 5282 τὸ
3312 5223 3566 5284 eadem.
3600 5223 3788 5316 Equi-

2138 5309 2277 5371 dem
2308 5273 2591 5371 ξδ’ὲπίκλη
2622 5273 3104 5385 ηυείιυαιηνδδιὶθί
3146 5273 3362 5384 Ἰεεειπθ
3393 5323 3489 5366 me
3515 5273 3788 5370 memimi.

2138 5388 2257 5450 Sed
2289 5384 2525 5447 mendis
2555 5385 2740 5447 multo
2758 5384 3136 5464 gravioribus
3182 5384 3529 5466 inquinatus
3553 5384 3792 5447 videtur

2141 5469 2239 5530 hic
2270 5467 2436 5528 locus
2468 5483 2484 5543 ;
2520 5483 2657 5527 nam
2697 5466 2794 5546 hic
2827 5473 2885 5528 et
2911 5467 3169 5530 Thomas
3194 5464 3507 5546 apostolus
3537 5473 3792 5546 praeter-

2140 5546 2413 5623 mittitur,
2449 5552 2655 5625 ettres
2696 5544 2868 5610 Judaa
2923 5544 3434 5625 nominantury-et
3459 5544 3796 5611 Thaddaaus

2136 5628 2480 5694 Edessenus
2505 5624 2693 5692 fuisse
2721 5625 2959 5693 dicitur.
