4068 6112
286 168 405 237 209

1594 181 1695 245 DE
1724 179 1913 249 VITA
1938 183 2006 246 B.
2040 179 2414 247 VIRGINIS.

3576 182 3697 248 210

309 300 504 396 Ἰωσὴφ
709 304 909 375 ἒπίκλη
994 307 1206 386 ἐλέγετο
1274 306 1534 396 ίΑλφατος
1587 309 1793 396 ,Σίμων
1861 307 1989 375 ἀπὸ,

2086 312 2206 390 ista,
2226 313 2259 377 J
2265 311 2409 376 udas
2431 312 3024 396 Hierosolymitanus,
3041 314 3375 379 Thaddzeus
3386 316 3460 379 ab
3471 314 3702 379 Edessa

316 393 482 477 Κανὰ,
511 394 603 451 καὶ
664 399 944 462 Ματθαῖος
1003 400 1032 453 6
1084 395 1459 477 εὐαγγελιστάς
1508 417 1522 431 ’

322 473 699 561 Ἱεροσολύμων
735 505 750 518 ’
849 485 1111 552 Θαδδαῖος
1191 473 1301 544 ἆπὸ
1389 486 1640 554 Ἐδέσσης
1729 488 1916 567 Συρίας
1955 507 1969 521 ⁸

321 569 519 657 ἰούθας
550 576 579 630 6
610 572 874 654 προδότης
905 575 1013 632 ἀπὸ
1068 576 1275 657 Σκάρας
1331 582 1428 645 τῆς
1483 575 1693 641 πόλεως
1729 592 1743 606 ·
1782 577 1969 634 Ἰάκω·

325 656 416 724 ϐος
444 662 535 718 καὶ
562 659 814 730 Ἰωάννης
844 663 951 720 ἀπὸ
981 662 1232 732 Σεϐεδῆς.

405 739 496 809 Κ’.
534 740 591 808 ιΟ
646 748 702 807 δὲ
756 749 1007 819 Ἰωάννης
1051 755 1081 809 6
1137 754 1245 817 υἱὸς
1299 759 1393 810 τοῦ
1447 751 1723 810 Σεϐεδαίοδ
1753 754 1886 829 μετὰ
1912 753 1973 809 τὸ

1584 395 1780 462 Ἰούδας
1810 400 1837 455 ὁ
1866 398 1973 455 ἀπὸ
2057 402 2258 483 Syriae,
2289 402 2471 466 Judas
2504 395 2772 483 proditur
2796 423 2831 467 a
2859 403 3040 469 Scara
3066 404 3325 483 civitate,
3354 404 3610 470 Jacobus
3640 411 3699 469 et

2057 490 2319 554 Joannes
2346 510 2381 553 a
2404 491 2659 555 Zebeda.

2139 748 2262 813 XX.
2290 752 2553 814 Joannes
2573 760 2767 815 autem
2788 751 3058 815 Zebedaai
3080 750 3259 826 ﬁlius,
3284 756 3418 832 post
3445 756 3701 812 mortem

326 837 615 895 ἀποθανεῖν
666 841 756 896 τὸν
806 841 1007 919 πατέρα
1064 841 1244 916 αὐτοῦ,
1303 841 1578 909 ἐπώλησεν
1636 841 1734 909 τὴν
1786 848 1974 909 κτῆσιν

2086 838 2245 899 iatris
2265 839 2528 901 vendidit
2554 842 2960 921 possessiones
2986 860 3143 918 suas,
3183 858 3329 920 quas
3357 838 3704 902 habebatin

326 928 488 1006 αὖτοῦ
531 927 630 994 τὴν
682 926 736 982 ἒν
787 926 985 1006 Σεϐεδῇ
1039 928 1248 997 πολλὴν
1302 931 1460 987 οὖσαν
1496 945 1510 959 ·
1566 932 1655 986 καὶ
1710 931 1870 987 ἐλθὼν
1903 933 1976 993 είς

2086 926 2294 988 lebeda
2327 928 2572 1004 multas;
2608 938 2667 990 et
2694 929 2940 993 veniens
2970 929 3033 989 in
3062 928 3392 991 Jerusalem
3406 929 3703 991 emitsan-

330 1004 681 1092 Ἰερουσαλὴμ
719 1004 979 1094 ἠγόρασεν
1037 1017 1138 1084 τὴν
1192 1018 1342 1095 ἁγίαν
1376 1019 1539 1098 ,Σιών
1575 1035 1589 1048 ⁸
1650 1018 1976 1097 ὑψηλότερον

2086 1022 2212 1075 μιεπι
2245 1014 2389 1077 Sion
2422 1016 2571 1096 (65),
2605 1036 2734 1098 quae
2781 1025 2872 1082 est
2924 1017 3217 1079 excelsior
3253 1035 3388 1097 pars
3416 1015 3703 1079 Hieroso-

328 1098 387 1156 δέ
442 1102 583 1158 ἐστιν
633 1112 787 1162 τοῦτο
842 1106 903 1160 τὸ
973 1104 1132 1184 μέρος
1198 1111 1297 1172 τῆς
1373 1097 1737 1185 Ἰερουσαλήμ.
1806 1111 1865 1166 Οἱ
1924 1105 1979 1163 δὲ

326 1189 608 1270 ἀρχιερεῖς
662 1192 781 1249 τότε
849 1190 967 1249 κατ’

326 1276 567 1334 ἐντόπιοι
599 1278 861 1357 ἐγένοντο,
907 1277 1024 1336 ἀλλ’
1083 1281 1142 1338 ἐκ
1191 1279 1449 1363 διαφόρων
1508 1283 1781 1363 ἐπαρχιῶν
1817 1301 1831 1316 ⁸
1865 1281 1980 1339 ὅθεν

324 1366 416 1420 καὶ
475 1369 507 1421 6
575 1368 818 1448 Καϊάφας
888 1368 994 1424 ἀπὸ
1065 1371 1188 1428 Κίου
1245 1375 1345 1438 τῆς
1402 1373 1629 1428 Βιθύνων
1689 1371 1976 1451 ἐπαρχίας,

322 1451 611 1532 ἀρχιερεὺς
680 1462 771 1511 τοῦ
840 1456 1075 1514 ἐνιαυτοῦ
1147 1457 1342 1517 ἐκείνου
1435 1462 1690 1540 γεγονὼς,
1778 1458 1981 1537 ἔμεινεν

2065 1102 2249 1182 Ιγιηεε.
2300 1101 2606 1184 Principes
2634 1113 2828 1167 autem
2876 1105 3253 1167 sacerdotum
3283 1112 3423 1166 tunc
3453 1102 3704 1181 singulis

1036 1194 1268 1251 ἐνιαυτὸν
1336 1193 1685 1270 ἠλλάσσοντο,
1732 1196 1818 1251 καὶ
1888 1197 1983 1252 οὐκ

2086 1191 2232 1251 mnis
2266 1190 2661 1267 mutabantur,
2698 1212 2891 1275 neque
2945 1193 3241 1270 indigenae
3270 1200 3459 1268 erant,
3493 1192 3601 1254 sed
3631 1209 3705 1254 ex

2066 1280 2243 1341 variis
2270 1281 2585 1361 provinciis
2611 1303 2623 1344 :
2649 1284 2806 1345 unde
2822 1295 2881 1345 et
2903 1282 3157 1363 Caiphas
3175 1299 3211 1342 a
3251 1283 3357 1344 Cio
3389 1280 3709 1362 provincias

2064 1368 2371 1449 Bithyniae,
2398 1389 2529 1431 cum
2554 1370 2739 1433 factus
2761 1379 2919 1436 esset
2947 1370 3211 1453 pontifex
3231 1370 3372 1431 anni
3392 1370 3708 1446 illius,mo-

2064 1456 2304 1518 rabatur
2331 1457 2392 1517 in
2421 1459 2549 1518 loco
2584 1469 2784 1541 empto
2814 1480 2849 1521 a
2901 1460 3129 1523 Joanne
3186 1458 3484 1538 Theologo
3520 1478 3534 1519 :
3567 1457 3705 1520 ideo

328 1540 387 1596 ἐν
439 1548 512 1618 τῇ
568 1542 823 1623 ἀγορασίᾳ
877 1544 1124 1601 Ἰωάννου
1178 1556 1272 1605 τοῦ
1327 1546 1610 1626 Θεολόγου,
1677 1549 1775 1604 Διὰ
1828 1558 1981 1606 τοῦτο

2086 1544 2277 1606 licitur
2301 1546 2481 1608 fuisse
2511 1540 2697 1609 notus,
2720 1548 3008 1629 Ponti/isi
3058 1547 3186 1630 (66)
3217 1547 3295 1610 ίο.
3342 1552 3414 1612 Ει
3436 1547 3520 1609 ibi
3552 1564 3707 1627 prae-

325 1627 478 1707 λέγει
515 1646 529 1659 ·
563 1630 647 1687 ὅτι
674 1621 712 1690 ἡ(
740 1632 805 1701 ἦν
833 1635 1069 1711 γνωστὸς
1092 1635 1170 1709 τῷ
1194 1635 1460 1716 ἀρχιερεῖ.
1507 1621 1542 1695 ἰ»
1592 1639 1692 1695 Καὶ
1720 1638 1786 1696 τὰ
1814 1635 1980 1712 ἥμισυ

2086 1645 2416 1698 paraverunt
2438 1640 2679 1713 Pascha,
2707 1639 2769 1701 id
2790 1651 2880 1701 est
2903 1621 3208 1720 mysticam
3232 1656 3460 1702 caenam
3474 1621 3706 1699 Christo

328 1719 632 1794 ἡτοίμασαν
700 1723 761 1777 τὸ
831 1723 1049 1802 Πάσχα,
1122 1722 1284 1803 ἤγουν
1334 1727 1396 1781 τὸ
1461 1727 1707 1801 μυστικὸν
1768 1723 1983 1783 δεῖπνον

330 1814 410 1900 Ξῴ
458 1816 671 1900 Χριστῷ
704 1826 719 1841 ⁶
778 1811 869 1868 σὺν
905 1824 1034 1900 ,τοῖς
1065 1817 1328 1889 μαθηταῖς
1385 1816 1473 1871 καὶ
1500 1827 1620 1878 ταῖς
1649 1815 1981 1895 μαθητρίαις,

355 1892 496 1952 Οταν
523 1895 578 1952 δὲ
606 1897 751 1977 λέγει
786 1916 801 1930 ⁸
841 1922 869 1955 α
905 1890 1162 1980 Ὑπάγετε
1189 1904 1320 1980 πρὸς
1377 1904 1468 1958 τὸν
1499 1900 1646 1959 δεῖνα
1680 1919 1692 1932 ·
1733 1927 1759 1957 )›
1795 1890 1985 1960 Ἰωάν-

331 2007 431 2051 νην
460 1986 555 2041 τὸν
612 1986 873 2066 Θεολόγον
929 1986 1095 2067 λέγει.
1149 1988 1300 2047 Ἐκεῖ
1347 1989 1588 2047 ἐτέλεσαν
1645 1992 1705 2047 τὸ
1735 1992 1984 2066 μυστικὸν

330 2071 575 2155 δεῖπνον,
636 2079 724 2134 καὶ
779 2076 895 2133 ἐκεῖ
952 2076 1163 2152 ἔμειναν
1219 2080 1352 2154 μετὰ
1407 2080 1505 2145 τὴν
1563 2079 1844 2134 ἀνάστασιν
1894 2084 1987 2135 τοῦ

336 2164 525 2241 Κῴου
557 2183 574 2198 ⁸
660 2163 980 2244 παραλαϐὼν
1063 2168 1162 2246 γὰρ
1252 2165 1501 2235 Ἰωάννης
1571 2169 1848 2246 παρεστὼς
1908 2173 1985 2242 τῷ

334 2254 547 2331 σταυρῷ
603 2252 663 2311 ἐκ
718 2261 812 2312 τοῦ
881 2252 1058 2322 Ἰησοῦ
1126 2256 1223 2324 τὴν
1283 2256 1505 2336 μητέρα,
1566 2255 1765 2335 ἤγαγεν
1821 2255 1985 2322 αὒτὴν

337 2342 412 2403 εἷς
455 2344 525 2397 τὰ
552 2340 688 2417 ἴδια,
721 2342 750 2398 ὅ
778 2342 917 2400 ἐστιν
972 2346 1009 2412 ἡ
1070 2345 1193 2422 ἁγία
1249 2344 1412 2406 Σιών,
1473 2342 1624 2402 Ἐκεῖ
1687 2366 1710 2400 (ι
1748 2342 1984 2412 εἰσῆλθεν

334 2430 366 2485 6
423 2433 649 2509 Χριστὸς
703 2437 810 2489 τῶν
882 2435 1047 2512 θυρῶν
1114 2430 1518 2514 κεκλεισμένων,
1591 2434 1679 2490 καὶ
1729 2431 1857 2500 ἔστη
1911 2433 1985 2497 εἷς

336 2519 398 2574 τὸ
428 2518 614 2602 μέσον,
653 2543 677 2578 ο
713 2523 802 2578 καὶ
828 2521 1008 2596 εἶπεν,
1063 2544 1085 2577 ι
1140 2524 1337 2602 Εἰρηνη
1380 2523 1531 2598 ὑμῖν,
1568 2545 1592 2580 υ
1626 2524 1713 2578 καὶ
1741 2523 1806 2580 τὰ
1835 2520 1981 2590 ἑξῆς,

419 2598 553 2667 ΚΑ’.
588 2598 885 2689 Μυροιρόροι
940 2608 997 2666 δὲ
1050 2598 1211 2678 ⁴ἦσαν’
1237 2610 1373 2670 ἑπτά
1406 2628 1420 2641 ·
1477 2611 1649 2689 Μαρία
1701 2612 1736 2681 ἡ
1767 2608 1991 2688 Μαγδα-

339 2693 505 2769 ληνὴ,
539 2698 626 2752 καὶ
653 2696 922 2774 Σαλώμη,
955 2699 1044 2755 καὶ
1071 2701 1107 2768 ἡ
1154 2701 1333 2778 μήτηρ
1386 2706 1491 2757 τῶν
1520 2702 1644 2756 υἱῶν
1691 2696 1990 2780 Σεϐεδαίου,

2065 1743 2197 1785 cum
2225 1724 2532 1806 discipulis
2590 1735 2649 1788 et
2690 1727 3115 1807 discipulabus.
3171 1729 3318 1791 Cum
3347 1734 3546 1788 autem
3569 1725 3653 1786 ait
3685 1742 3700 1787 :

2065 1811 2156 1874 Ite
2185 1813 2264 1874 ad
2292 1816 2628 1893 quemdam,
2662 1815 2949 1878 Joannem
3010 1816 3377 1895 Theologum
3422 1813 3588 1875 dicit.
3622 1811 3712 1874 Ibi

2070 1902 2448 1980 perfecerunt
2478 1906 2781 1984 mysticam
2830 1922 3083 1981 coenam,
3148 1913 3206 1965 et
3251 1904 3336 1965 ibi
3366 1907 3712 1963 manserunt

2070 1997 2199 2069 post
2225 1994 2726 2054 resurrectionem
2779 1992 3041 2054 Domini.
3094 1992 3358 2073 Cumque
3385 1990 3715 2069 accepisset

2066 2078 2324 2141 Joannes
2342 2081 2503 2142 cruci
2530 2092 2727 2143 astans
2752 2100 2786 2141 a
2821 2081 2963 2144 Jesu
3004 2082 3268 2157 Matrem,
3303 2078 3468 2142 duxit
3495 2096 3627 2140 eam
3648 2077 3713 2139 in

2067 2167 2308 2228 domum
2330 2186 2516 2243 suam,
2545 2188 2760 2249 nempe
2782 2169 2844 2231 in
2862 2178 3124 2233 sanctam
3150 2168 3316 2233 Sion.
3361 2166 3449 2229 Ibi
3472 2168 3710 2255 ingrcs-
3791 2240 3804 2255 ο

2065 2274 2170 2317 sus
2199 2262 2284 2317 est
2310 2256 2629 2339 Dominus,
2647 2260 2861 2338 jrmuis
2890 2258 3135 2334 clausis,
3164 2256 3474 2321 etsletitin
3490 2254 3712 2329 medio,

2072 2352 2130 2408 et
2158 2344 2351 2424 dixit_:
2389 2349 2524 2411 Pax
2551 2348 2757 2411 vobis:
2791 2355 2850 2411 et
2875 2348 3104 2430 reliqua
3128 2348 3204 2410 11.

2150 2606 2299 2669 ΧΧΙ.
2331 2604 2775 2685 Unguenliferae
2795 2614 2989 2669 autem
3018 2612 3189 2675 erant
3223 2614 3454 2687 septem
3482 2623 3496 2661 :
3530 2600 3719 2663 Maria

2075 2696 2436 2775 Magdalene,
2472 2702 2531 2757 et
2565 2693 2826 2771 Salome,
2853 2705 2909 2758 et
2928 2703 3116 2758 mater
3137 2694 3396 2757 ﬁliorum
3421 2689 3713 2766 Zebedaei,

338 2786 425 2838 καὶ
456 2787 631 2865 Μαρία
688 2784 938 2843 Ἰακώϐου
984 2796 1078 2847 τοῦ
1133 2795 1320 2867 μικροῦ
1379 2788 1581 2868 μήτηρ,
1643 2785 1812 2844 Ἰούδα
1859 2787 1989 2866 γυνὴ

2086 2793 2133 2845 et
2153 2784 2257 2846 Μᾶι
2275 2784 2334 2845 ia
2359 2782 2567 2845 Jacobi
2600 2785 2840 2846 Minoris
2870 2793 3082 2861 mater,
3146 2802 3295 2845 uxor
3322 2782 3491 2846 Judae
3520 2779 3719 2841 fratris

340 2858 564 2953 ἀδελφώ
590 2881 686 2932 τοῦ
731 2878 939 2955 Κυρίου,
1000 2872 1087 2933 καὶ
1134 2858 1302 2945 *Ἰωσῆ
1359 2858 1542 2956 μήτηρ
1568 2858 1622 2945 ’ἡ
1652 2858 1987 2955 ἆναθρέιῇασα

2086 2873 2326 2950 Domini,
2386 2881 2444 2934 et
2501 2876 2681 2936 Mater
2731 2876 2888 2950 Jose,
2953 2858 3083 2956 quae.
3140 2873 3421 2936 enutrivit
3477 2870 3718 2931 fratrem

339 2963 432 3016 τὸν
478 2960 700 3044 ἀδελφὸν
756 2974 850 3023 τοῦ
906 2966 1116 3045 Κυρίου,
1188 2967 1277 3022 καὶ
1333 2962 1549 3023 Ἰωάννα
1578 2980 1593 2995 ⁸
1653 2962 1806 3040 αὕτη,
1862 2964 1990 3045 φασί

340 3069 505 3122 τινες,
538 3052 671 3128 γυνὴ
696 3052 919 3132 Πέτρον,
952 3050 1104 3110 ἄλλοι
1157 3051 1235 3128 δὲ,
1300 3055 1478 3133 μήτηρ
1510 3052 1819 3130 Κλήμεντος
1851 3071 1866 3087 ⁸
1901 3054 1989 3109 καὶ

337 3138 377 3204 ἦ
431 3136 637 3218 ἆδελρὴ
704 3146 805 3209 τῆς
872 3145 1085 3221 Μητρὸς
1140 3148 1233 3199 τοῦ
1294 3144 1503 3223 Κύριου,
1574 3143 1746 3220 Μαρία
1800 3143 1836 3211 ἡ
1895 3148 1990 3200 τοῦ

347 3226 601 3312 Κλεωπᾶ,
668 3229 800 3307 γυνὴ
856 3228 1081 3311 ἀδελφοῦ
1130 3227 1328 3312 Ἰωσήφ
1362 3252 1376 3266 ’
1436 3231 1548 3288 ἐπεὶ
1605 3228 1850 3307 Ἰωακεὶμ
1903 3231 1992 3287 καὶ

340 3298 503 3375 Ἅννα
559 3316 691 3375 ἄλλο
744 3318 923 3376 τέκνον
971 3324 1066 3379 οὒκ
1118 3319 1395 3387 ἐποίησαν,
1454 3321 1615 3377 Αῶαι
1664 3323 1715 3378 αἱ
1765 3320 1993 3401 μυροφό-

348 3429 425 3485 po:
494 3406 713 3470 ἑπτάκις
778 3412 877 3474 τῆς
932 3410 1117 3471 νυκτὸς
1185 3406 1344 3476 ἦλθον
1400 3409 1473 3472 εἷς
1527 3409 1588 3465 τὸ
1647 3413 1834 3485 μνῆμα
1903 3417 1995 3468 τοῦ

354 3496 557 3574 Κυρίου,
618 3497 708 3551 καὶ
764 3496 826 3552 τὸ
880 3496 1011 3553 πότε
1066 3495 1265 3575 ἠγέρθη
1323 3500 1416 3555 οὐκ
1473 3493 1730 3553 οἴδεισαν.
1806 3487 1871 3554 Ἠ
1939 3495 1995 3552 δὲ

353 3586 608 3647 Θεοτὸκος
641 3585 713 3647 εἰς
742 3585 804 3640 τὸ
834 3590 1022 3661 μνῆμα
1068 3589 1163 3644 οὐκ
1217 3584 1449 3652 ἀπῆλθεν
1503 3591 1570 3662 τῇ
1601 3586 1743 3641 νυκτὶ
1772 3584 1943 3662 ἐκείνη
1973 3602 1993 3621 ·

354 3671 455 3727 ἀπὸ
623 3676 724 3739 τῆς
756 3671 927 3739 λύπης
972 3671 1167 3735 ἔκειτο,
1226 3670 1387 3730 Ἀλλὰ
1443 3671 1497 3728 ἐν
1551 3679 1631 3748 τῷ
1654 3674 1743 3730 τὸν
1773 3671 1998 3751 ἄγγελον

352 3757 537 3816 λαλεῖν
610 3761 747 3835 μετὰ
814 3760 1016 3841 Μαρίας
1085 3766 1185 3829 τῆς
1255 3758 1640 3838 Μαγδαληνῇ,
1696 3763 1724 3816 ὁ
1776 3762 1997 3841 Χριστὸς

352 3848 520 3928 ἐφάνη
579 3849 655 3911 εἷς
707 3850 799 3905 τὸν
856 3850 1008 3906 οἶκον
1056 3859 1148 3909 τοῦ
1204 3847 1488 3928 Θεολόγου,
1547 3847 1712 3927 ἤγουν
1781 3850 1853 3912 εἰς
1904 3849 2002 3917 τὴν

533 3937 702 3996 Σιών.
757 3934 910 3995 Ἐκεῖ
963 3937 1174 4014 ἔμειναν
1222 3938 1413 4003 πάντες
1471 3938 1563 3994 σὺν
1616 3938 1749 4015 αὖτῇ
1794 3941 1841 3995 οἱ
1869 3937 2001 3996 ἀπό-

351 4024 532 4083 στολοι
589 4025 681 4081 σὺν
737 4026 988 4107 γυναιξὶν,
1042 4027 1130 4082 καὶ
1188 4026 1278 4082 σὺν
1338 4038 1456 4089 τοῖς
1507 4024 1759 4106 ἀδελφοῖς
1818 4029 1997 4105 αὐτοῦ,

351 4113 403 4170 ὲν
473 4115 747 4181 νηστείαις
814 4116 901 4171 καὶ
969 4115 1281 4195 χαμευνίαις
1349 4116 1437 4170 καὶ
1506 4112 1714 4194 δάκρυσι
1771 4114 1996 4193 προσεύ-

354 4206 571 4282 χεσθαι,
645 4205 734 4259 καὶ
799 4202 1219 4266 ἆκαταπαύστοις
1289 4200 1569 4278 ὑμνῳδίαις
1636 4202 1771 4278 μετὰ
1825 4209 1996 4282 χαρᾶς

354 4290 588 4358 πολλῆς.
654 4293 752 4350 Καὶ
797 4292 911 4349 ἐκεῖ
964 4292 1269 4371 ἐπεφαίνετο
1324 4296 1506 4354 αὐτοῖς
1555 4294 1582 4348 6
1640 4294 1864 4372 Χριστὸς
1912 4314 2003 4348 πυο

719 4377 1191 4455 Ἀποστέλλόμενοι
1272 4381 1346 4443 εἷς
1430 4380 1550 4444 τοὺς
1637 4381 1833 4445 τόπους
1916 4382 2005 4439 καὶ

357 4381 631 4458 κνότερον.

357 4472 582 4551 πορενᾷμ
593 4492 723 4551 ενοι,
755 4472 869 4529 ἐκεῖ
895 4471 1054 4528 πάλιν
1085 4474 1401 4551 συνήγοντο.

440 4550 569 4622 ΚΒ’.
604 4550 804 4619 ’ἰδοῦσα
833 4558 887 4616 δὲ
940 4562 976 4630 ἡ
1033 4562 1155 4640 ἁγία
1210 4560 1465 4625 θεοτόκος
1518 4560 1618 4628 τὴν
1641 4570 1734 4621 τοῦ
1763 4563 1883 4618 Υἱοῦ
1915 4559 2006 4617 αὖ·

2067 2962 2327 3034 Domini,
2363 2969 2421 3024 et
2446 2963 2670 3024 Joanna
2703 2964 2832 3045 (6'7)
2861 2965 3036 3042 (haec,
3093 2968 3159 3023 ut
3208 2960 3447 3042 quidam
3480 2958 3712 3033 dicunt,

2070 3059 2196 3113 erat
2223 3069 2373 3113 uxor
2400 3051 2581 3131 Petri,
2616 3059 2677 3112 ut
2706 3070 2842 3113 vero
2872 3052 2974 3114 alii
3005 3050 3191 3124 aiunt,
3225 3057 3412 3111 mater
3442 3047 3718 3111 Clemen-

2073 3141 2173 3219 tis)
2210 3162 2221 3198 :
2255 3147 2312 3211 et
2340 3157 2510 3201 soror
2537 3139 2740 3204 Matris
2771 3139 3008 3201 Domini
3065 3141 3248 3202 Maria
3277 3136 3534 3218 Cleopaa,
3566 3152 3719 3197 uxor

2074 3228 2273 3290 fratris
2300 3228 2545 3308 Josephi
2579 3246 2592 3288 :
2628 3248 2763 3291 nam
2797 3229 3067 3293 Joachim
3122 3234 3180 3290 et
3236 3227 3412 3291 Anna
3439 3224 3621 3287 alium
3653 3224 3720 3285 ﬁ-

2075 3318 2221 3381 lium
2280 3337 2400 3379 non
2465 3327 2826 3398 genuerunt.
2881 3318 2986 3382 Hae
3035 3315 3465 3397 unguentiferze
3495 3312 3721 3395 septies

2077 3408 2633 3469 noctuvenernntad
2653 3417 3102 3470 monumentum
3114 3405 3376 3483 Domini,
3403 3410 3463 3467 et
3485 3402 3722 3478 quando

2077 3496 2352 3570 surrexit,
2373 3496 2732 3557 nescierunt.
2751 3496 2855 3558 Dei
2863 3515 3005 3577 para
3017 3514 3154 3558 vero
3165 3495 3236 3557 ad
3269 3499 3720 3555 monumentum

2081 3602 2197 3645 non
2228 3583 2331 3645 ivit
2375 3593 2546 3647 nocte
2575 3585 2717 3661 illa;
2765 3604 2901 3647 nam
2933 3603 3054 3665 prae
3085 3585 3288 3647 dolere
3312 3582 3569 3663 jacebat.
3605 3577 3725 3642 Sed

2080 3672 2221 3733 dum
2252 3673 2495 3752 angelus
2526 3672 2876 3754 loquebatur
2923 3692 3057 3735 cum
3113 3672 3301 3735 Maria
3357 3667 3720 3748 Magdalena,

2081 3760 2350 3823 Christus
2379 3762 2651 3842 apparuit
2703 3762 2766 3824 in
2821 3762 2998 3823 domo
3057 3758 3369 3840 Theologi,
3423 3757 3485 3819 id
3545 3756 3725 3818 estin

2082 3857 2283 3910 sancta
2314 3847 2479 3911 Sion.
2513 3848 2601 3911 Ibi
2632 3849 2950 3913 manebant
3005 3848 3203 3910 cuncti
3251 3866 3386 3908 cum
3432 3846 3561 3924 ipsa
3588 3863 3727 3924 apo-

2083 3939 2217 4001 stoli
2238 3939 2568 4019 simul,cum
2593 3939 2900 4014 uxoribns,
2929 3945 2985 4001 et
3007 3957 3141 4000 cum
3165 3936 3399 3999 Domini
3420 3934 3723 4016 fratribus,

2074 4027 2440 4107 jejunantes,
2502 4028 2667 4089 humi
2719 4029 3027 4103 cubantes,
3096 4027 3329 4100 ﬂentes,
3392 4030 3628 4086 orantes
3668 4030 3730 4085 et

2088 4121 2366 4182 continue
2391 4121 2637 4200 hymnos
2654 4130 2937 4185 canentes
2963 4138 3170 4199 magno
3193 4136 3328 4180 cum
3354 4115 3594 4197 gaudio.
3641 4114 3731 4184 lbi

2086 4209 2476 4291 apparuiLeis
2514 4210 2776 4272 Christus
2810 4209 3048 4289 saepius.
3099 4208 3263 4272 Missi
3293 4207 3366 4269 ad
3408 4205 3570 4269 varia
3601 4205 3732 4268 loca

2087 4305 2144 4360 et
2164 4304 2391 4376 euntes,
2425 4297 2548 4360 illic
2576 4317 2783 4362 rursus
2814 4299 3345 4379 congregabantur.

2166 4557 2344 4620 XXII.
2377 4557 2605 4621 Videns
2661 4568 2857 4624 autem
2914 4567 3116 4623 sancta
3169 4557 3424 4638 Deipara
3475 4551 3565 4615 sui
3596 4549 3734 4613 Filii

363 4654 456 4716 τῆς
526 4651 600 4713 εἷς
669 4649 915 4729 οὖρανοὺς
986 4648 1278 4732 ἀνάληψιν,
1346 4649 1433 4706 ἐπὶ
1489 4646 1679 4705 πλεῖον
1743 4648 1989 4706 ἐπέδωκεη

2086 4647 2516 4711 Ascensionem
2541 4649 2598 4711 in
2618 4651 2817 4729 ccelos,
2844 4651 3030 4713 multa
3048 4646 3236 4728 magis
3259 4665 3324 4708 se
3356 4642 3529 4707 dedit
3559 4657 3735 4704 exer-

446 4808 503 4859 ‘0
519 4808 688 4873 Joan.
720 4824 884 4887 xvm,
915 4815 940 4873 t
957 4810 1015 4874 5.
1100 4808 1150 4852 υ
1181 4808 1324 4873 Luc.
1354 4823 1515 4872 xxxv.
1547 4806 1643 4872 36.

1777 4973 2126 5056 Mingarellii
2155 4982 2332 5038 notae.

451 5115 570 5198 (65)
602 5116 1189 5200 Anonquus‘auctor
1226 5112 1410 5200 libelli
1439 5112 1515 5176 de
1543 5112 1689 5200 locis
1718 5112 2007 5200 Hieroso-
2095 5109 2449 5193 fragmento,
2475 5110 2630 5200 quod
2650 5110 2925 5192 superius
2940 5109 3136 5200 citavi.
3154 5107 3221 5171 In
3246 5102 3451 5200 codice
3472 5101 3742 5200 Naniano

374 5192 659 5274 lymitanis
685 5197 759 5260 ab
776 5192 1007 5260 'Allatio
1041 5193 1233 5256 editus
1281 5194 1343 5255 in
1375 5192 1872 5274 Symmictispag.
1906 5193 2006 5274 84,

408 5272 616 5341 oannes
644 5278 877 5340 Phocas
901 5276 1136 5356 ibidem
1180 5294 1314 5356 pag.
1383 5272 1478 5355 19,
1530 5272 1923 5356 Nicephorus,
1949 5272 2012 5334 in

375 5355 512 5419 Hist.
547 5360 765 5423 eccles.
799 5357 1027 5439 aliique
1055 5354 1568 5439 similianarrant.

2136 5183 2460 5274 os'tvocen'i
2493 5183 2761 5274 ’ἀρχιερὲῖ
2818 5199 2919 5253 aut
2964 5191 3160 5274 aliqua
3218 5183 3587 5264 exciderunt,
3640 5186 3744 5243 aut

2121 5270 2412 5352 egelidum
2447 5287 2460 5333 ε
2494 5268 2728 5329 καῖ’ἒκεϊ
2759 5290 2864 5352 pro
2891 5274 2978 5352 καὶ
3007 5268 3276 5352 τὰῖῆρισν.

2176 5339 2290 5425 ἰ68)
2319 5353 2606 5415 Joannem
2663 5339 2831 5414 vocat
2885 5339 3259 5432 Nicephorus
3286 5359 3533 5407 uxorem
3563 5339 3743 5404 Zebe-

446 5440 560 5522 (66)
588 5441 721 5507 Hoc
749 5431 953 5523 ipsum
987 5443 1194 5498 monet
1227 5433 1576 5517 Hippolytus
1604 5432 1921 5499 Thebanus
1949 5434 2011 5497 in
2094 5431 2230 5495 daei.
