4068 6112
350 166 473 233 215

1648 159 2050 226 ΕΡῙΡΗΑΝΠ
2075 157 2426 226 MONAGHI

3608 160 3727 226 216

350 306 492 363 runt
522 314 654 362 eam
678 299 741 361 in
769 303 1157 361 monumento
1187 314 1202 360 :
1256 310 1476 377 nempe
1516 293 1578 357 in
1607 290 1992 359 Getbsemani

2094 294 2161 352 ιαὶ
2219 292 2361 371 μετὰ
2415 291 2516 361 τὴν
2570 291 2797 369 ὕμνησιν
2883 292 3237 361 κηδεύσαντες
3295 294 3483 369 αότῆν,
3536 293 3730 361 ἔθηκαν

352 389 425 453 Ει
449 395 583 470 post
602 405 845 469 parvum
873 394 1128 466 tempus,
1153 383 1555 467 spectantibus
1584 381 1861 445 omnibus
1891 381 1998 461 qui

355 477 625 552 aderant,
654 491 869 557 corpus
924 475 1141 536 factum
1200 482 1292 537 est
1344 470 1643 535 invisibile
1690 470 1763 533 ab
1810 470 1998 533 oculis

357 584 592 630 eorum.
624 564 698 627 Et
724 582 936 626 rursus
962 570 1242 625 canentes
1299 563 1548 644 hymnos
1576 561 1851 623 abierunt
1879 560 1998 622 sin-

355 655 475 736 guli
506 654 580 715 ad
611 651 880 734 proprias
911 650 1142 713 domos.

435 742 634 806 XXVI.
645 742 800 803 Anni
813 759 950 802 vero
964 741 1093 820 ejus
1107 744 1494 800 numerantur
1513 737 1621 800 sic.
1637 741 2003 818 Septennem

356 839 633 915 parentes
664 849 794 893 eam
855 829 1104 893 Domino
1163 827 1505 889 obtulerunt
1561 827 1620 888 in
1646 826 2002 892 Jerusalem.

358 922 580 987 Mansit
608 920 671 982 in
703 919 926 1000 templo
957 936 1059 979 sex
1087 934 1297 990 annos,
1357 922 1417 977 et
1462 915 1774 977 dimidium
1809 933 1822 978 :
1859 925 1914 978 et
1942 916 2005 986 in

360 1014 542 1075 domo
570 1008 814 1089 Josepbi
857 1025 957 1069 sex
992 1023 1268 1068 menses:
1304 1013 1444 1066 tunc
1473 1006 1883 1067 annuntiatum
1916 1015 2004 1068 est

362 1099 420 1163 ei
448 1097 728 1179 gaudium
760 1095 940 1157 totius
972 1092 1435 1164 mundi.Quinto
1459 1092 1693 1157 decimo
1722 1113 1879 1156 anno
1910 1112 2008 1175 pe-

361 1187 541 1271 perit.
576 1187 653 1249 Et
683 1203 818 1247 cum
849 1184 996 1245 Filio
1026 1182 1136 1244 fuit
1187 1182 1427 1261 triginta
1457 1190 1577 1244 tres
1607 1202 1821 1244 annos.
1858 1182 2008 1245 Sunt

362 1276 538 1339 simul
569 1274 711 1337 anni
741 1273 845 1337 48.
894 1275 1035 1335 Post
1090 1271 1503 1334 ascensionem
1535 1272 1671 1335 Filii
1703 1273 1919 1334 mansit
1947 1273 2010 1334 in

358 1366 539 1428 domo
566 1362 815 1428 Joannis
843 1361 1130 1439 Theologi
1160 1361 1220 1422 in
1249 1363 1463 1423 Sancta
1495 1361 1633 1423 Sion
1667 1361 1840 1423 simul
1872 1380 2006 1423 cum

2076 382 2131 439 ἐν
2162 384 2404 460 μνημείῳ
2436 400 2451 416 ⁶
2509 380 2671 449 δῆλον
2716 380 2772 438 δὲ
2830 383 2902 447 είς
2960 387 3300 460 Γεθσημανη.
3334 385 3433 442 Καὶ
3462 380 3579 460 μετ’
3603 381 3726 438 ὀλι-

2077 493 2169 551 γον
2226 471 2437 528 πάντων
2506 470 2834 549 θεωρούντων
2914 476 3021 527 τῶν
3097 472 3392 552 παρόντων,
3453 473 3515 528 τὸ
3572 475 3729 545 σῶμα

2078 561 2294 639 γέγονεν
2324 559 2552 638 ἄφαντον
2580 558 2684 615 ἀπὸ
2713 565 2817 616 τῶν
2848 558 3129 638 ὀφθαλμῶν
3161 560 3332 617 αὐτῶν
3366 574 3381 590 ⁸
3430 561 3517 616 καὶ
3568 556 3730 619 πάλιν

2081 650 2433 727 ὑμνήσαντες,
2467 644 2701 713 ἀπῆλθεν
2730 646 2952 711 ἕκαστος
2982 649 3056 711 εἷς
3085 649 3152 705 τὰ
3180 646 3316 711 ἴδια,

2166 725 2317 811 κζ’.
2362 725 2728 815 Ἀριθμοῦνται
2779 733 2835 791 δὲ
2891 736 2957 792 τὰ
3011 735 3105 804 ἔτη
3159 741 3323 805 αὐτῆς
3354 736 3520 802 οὕτως
3552 755 3567 771 ·
3601 735 3736 792 ἐπτά

2086 824 2218 881 ἐτῶν
2268 822 2587 905 προσέφερον
2646 827 2693 880 οἱ
2766 836 2948 902 γονεῖς
3008 831 3086 901 τῷ
3140 828 3312 905 Κυρίῳ
3370 827 3445 888 εἷς
3502 817 3732 905 Ἱεροσό-

2086 913 2249 991 λυμα,
2282 916 2371 971 καὶ
2428 913 2482 969 ἐν
2537 920 2614 988 τῷ
2666 919 2778 989 ναῷ
2837 911 2888 979 ἓξ
2944 911 3132 995 ἥμισυ,
3190 915 3278 971 καὶ
3335 916 3410 979 εἰς
3457 916 3550 971 τὸν
3581 914 3738 970 οἷκον

2089 1001 2285 1082 Ἰωσὴφ
2338 1008 2511 1078 μῆνας
2565 999 2616 1068 ἓξ
2650 1022 2667 1040 ·
2725 1004 2813 1059 καὶ
2862 1002 3208 1082 εὒηγγελίσθη
3256 1004 3356 1071 τὴν
3399 1002 3735 1082 παγκόσμιον

2089 1092 2289 1172 χαρὰν,
2319 1093 2411 1149 καὶ
2435 1099 2512 1167 τῷ
2568 1089 3022 1165 πεντεκαιδεκάτῳ
3079 1091 3183 1148 ἔτει
3241 1091 3416 1150 ἔτεκεν
3447 1110 3464 1128 ⁸
3524 1092 3612 1147 καὶ
3642 1090 3732 1146 σὺν

2089 1190 2166 1257 τῷ
2195 1186 2301 1257 Υἱῷ
2329 1182 2423 1250 ἔτη
2474 1172 2584 1261 λγ’,
2644 1185 2776 1258 ὁμοῦ
2829 1183 3059 1262 γίνονται
3116 1182 3210 1251 ἔτη
3268 1174 3388 1261 pr...
3451 1185 3550 1243 Καὶ
3599 1181 3735 1258 μετὰ

2089 1281 2182 1331 τοῦ
2239 1275 2358 1328 Υἱοῦ
2414 1272 2509 1339 τὴν
2559 1270 2825 1347 ἀνάληψιν
2881 1274 2954 1336 είς
3013 1273 3102 1330 τὸν
3161 1274 3316 1331 οἶκον
3372 1271 3614 1331 Ἰωάννου
3642 1275 3737 1327 τοῦ

2092 1359 2354 1438 Θεολόγου
2383 1361 2455 1423 εἷς
2508 1358 2607 1438 τὴν
2660 1359 2812 1438 ἁγίαν
2869 1362 3025 1438 Σιὼν,
3063 1362 3154 1417 σὺν
3210 1362 3352 1435 αὐτῷ
3378 1363 3611 1424 καὶτοῖς
3643 1359 3737 1414 σὺν

358 1454 519 1535 ἱρεοε
552 1465 610 1515 et
636 1452 769 1514 aliis
798 1450 901 1531 qui
928 1449 1012 1510 ibi
1043 1437 1234 1524 erant,
1266 1467 1453 1510 annos
1484 1450 1580 1512 24.
1643 1452 1888 1512 Summa
1919 1459 2009 1514 est

2094 1453 2298 1529 αὐτοῖς,
2330 1446 2424 1515 ἔτη
2452 1437 2537 1504 κδ’
2571 1463 2585 1478 ·
2620 1437 2753 1524 ὁμοῦ
2795 1446 2887 1515 ἔτη
2941 1437 3046 1526 οβ’.
3106 1450 3252 1505 Μετὰ
3274 1448 3329 1504 δὲ
3357 1450 3455 1517 τὴν
3483 1449 3739 1524 κοίμησιν

359 1559 653 1604 annorum
691 1538 786 1602 72.
821 1541 963 1601 Post
991 1536 1410 1599 dormitionem
1441 1554 1578 1598 vero
1608 1546 1827 1599 sanctae
1858 1537 2000 1601 Dei-

2094 1542 2185 1604 τῆς
2242 1538 2421 1615 ἁγίας,
2449 1535 2707 1592 Θεοτόκου
2762 1537 2954 1600 πάντες
3013 1540 3060 1593 οἱ
3114 1535 3400 1594 ἀπόστολοι
3444 1535 3733 1614 διεσπαρη-

360 1649 519 1712 para;
539 1646 748 1691 omnes
764 1626 1013 1708 apostoli
1030 1625 1280 1706 dispersi
1302 1633 1441 1688 sunt
1466 1643 1480 1700 ;
1507 1633 1565 1687 et
1589 1625 1845 1688 Joannes
1873 1646 2003 1707 pro-

2094 1647 2202 1701 παν,
2263 1614 2351 1681 καὶ
2410 1614 2661 1691 Ἰωάννησ
2713 1624 2971 1692 κατῆλθεν
3049 1627 3162 1712 εἰς,
3201 1635 3403 1706 Εφεσον
3459 1628 3732 1687 Man-0110:;

356 1697 551 1782 iectus
577 1726 670 1781 est
699 1697 1025 1798 presum.
1060 1697 1361 1777 Mattbmus
1408 1697 1602 1775 autem
1635 1697 1997 1795 Evangelista

2094 1712 2140 1798 δὲ
2188 1697 2224 1771 ’ὁ
2280 1711 2663 1792 εὖαγγελιστὴς
2744 1712 2912 1792 λέγει,
2996 1713 3075 1771 ὅτι
3138 1697 3269 1779 "Em:-
3322 1720 3421 1782 τῆς
3481 1713 3733 1775 ἁλώσεως

358 1808 533 1872 dicit:
566 1794 768 1888 usque
784 1807 854 1869 ad
889 1803 1384 1885 expugnationem
1415 1801 1797 1883 Jerosolymaa
1825 1824 2000 1866 nemo

2094 1794 2452 1883 Ἰερουσαλὴμ,
2534 1799 2696 1866 οὖδεὶς
2783 1800 3009 1878 οὖδαμοῦ
3095 1802 3180 1860 ἐπὶ
3263 1803 3392 1879 ἐμοῦ
3458 1802 3724 1881 ἐπέμφθη.

359 1917 493 1961 meo
525 1887 796 1976 tempore
832 1894 952 1974 (87p
988 1892 1202 1953 missus
1259 1890 1391 1953 fuit.
1451 1890 1833 1970 Evangelium
1864 1912 2000 1955 vero

2094 1894 2161 1949 Τὸ
2225 1890 2280 1947 δὲ
2333 1887 2451 1947 κατ’
2508 1892 2665 1949 αὗτὸν
2722 1890 3039 1969 Εὖαγγέλιον
3097 1892 3232 1967 μετὰ
3301 1892 3581 1971 τριάκοντα
3637 1889 3733 1957 ἔτη

360 1986 517 2070 quod
549 1983 878 2047 secundum
910 1982 1106 2070 ipsum
1138 1987 1252 2070 est,
1288 1986 1422 2070 p_ost
1453 1979 1744 2070 30-annos
1772 1981 2009 2070 scripsit

2094 1980 2344 2061 ἔγραψεν,
2402 1977 2520 2037 κατ’
2571 1978 2861 2059 ἐπιτροπὴν
2917 1978 3166 2037 Ἰακώϐου
3221 1989 3313 2040 τοῦ
3370 1978 3592 2060 ἀδελφοῦ
3647 1986 3740 2037 τού

360 2067 430 2139 ex
461 2072 737 2137 mandato
794 2068 995 2134 Jacobi
1052 2068 1250 2129 fratris
1306 2067 1566 2142 Domini,
1618 2068 1911 2147 quivixit,
1946 2078 2009 2131 ut

2096 2071 2304 2150 Κυρίου,
2336 2070 2392 2131 ὂς
2422 2067 2628 2150 ἔζησεν,
2679 2071 2751 2134 ὡς
2808 2067 2973 2147 λέγει,
3036 2071 3171 2146 μετὰ
3225 2070 3325 2138 τὴν
3354 2068 3615 2143 ἀνάληψιν
3647 2074 3740 2123 τοῦ

361 2164 528 2240 dicit,
556 2168 688 2244 post
705 2158 1131 2228 Ascensionem
1162 2157 1398 2219 Domini
1426 2175 1616 2217 annos
1633 2157 1730 2220 ‘28.
1758 2157 2009 2219 Iacobus

2094 2148 2297 2240 Κυρίου
2342 2158 2435 2226 ’ἐτη
2489 2148 2606 2226 κη’.
2668 2162 2829 2225 Οὗτος
2914 2158 2968 2216 δὲ
3038 2158 3287 2225 Ἰάκώϐος
3345 2160 3581 2239 ἐμέρισεν
3638 2158 3736 2221 τὰς

363 2261 560 2317 autem
592 2251 705 2313 iste
732 2248 982 2330 partitus
1012 2254 1105 2308 est
1132 2245 1279 2326 ipsis
1334 2245 1625 2323 regiones.
1681 2254 1739 2306 et
1768 2246 2009 2309 mittens

2094 2255 2278 2331 χώρας
2323 2254 2507 2314 αὐτοῖς
2543 2269 2558 2285 ⁸
2614 2251 2702 2307 καὶ
2756 2249 3096 2308 ἀποστέλλων
3156 2251 3366 2326 αὐτοὺς,
3425 2251 3500 2307 ἐνὶ
3530 2248 3740 2323 ἑκάστῳ

364 2361 493 2418 eos,
512 2338 797 2422 praecepit
816 2335 1256 2416 unicuique,_ut
1286 2333 1534 2412 singulis
1563 2337 1736 2396 annis
1776 2336 1828 2397 ei
1861 2336 2009 2397 scri-

2097 2339 2475 2420 παρήγγειλεν,
2536 2339 2630 2396 ἵνα
2682 2341 2856 2403 καθὼς
2929 2338 3182 2420 διδάσκει,
3239 2338 3541 2417 ἀποστέλλῃ
3599 2339 3742 2412 αὐτῷ

364 2431 579 2493 berent
632 2427 755 2505 ('19)
814 2424 955 2507 quid
1006 2424 1297 2486 doceret:
1360 2424 1517 2504 quod
1551 2431 1610 2485 et
1636 2424 1923 2493 fecerunt.
1958 2429 2009 2508 υς

2099 2428 2219 2486 κατ’
2249 2428 2502 2508 ἐνιαυτὸν,
2564 2429 2592 2484 ὃ
2643 2430 2731 2485 καὶ
2780 2428 3009 2508 ἐποίουν,
3067 2426 3162 2485 ’ίνα
3231 2430 3469 2508 ὁμοφονῇ
3524 2430 3602 2501 τῷ
3629 2449 3738 2492 κη-

364 2535 576 2581 eorum
607 2500 880 2577 doctrina
937 2520 1338 2574 consentanea
1378 2500 1550 2573 'esset
1606 2500 2009 2590 praedicationi

2102 2518 2323 2598 ρύγματι
2348 2526 2440 2576 τοῦ
2468 2500 2691 2597 ὶξριστοΰ
2708 2533 2739 2596 ,⁸
2802 2521 2850 2593 ᾧ
2876 2520 2911 2587 ἡ
2944 2500 3065 2584 δόξα
3093 2517 3181 2574 καὶ
3207 2500 3275 2573 τδ
3296 2500 3484 2594 κράτος
3515 2500 3588 2581 εἰς
3617 2516 3740 2578 τοὺς

365 2604 613 2688 Christi,
644 2601 959 2684 cuifgloria
1006 2609 1066 2663 et
1122 2600 1383 2682 potentia
1442 2603 1497 2662 in
1532 2602 1769 2663 saecula.
1803 2604 2009 2666 Amen'

2101 2608 2318 2670 αἰῶνας.
2352 2603 2548 2682 Ἀμήν.

1786 2736 2138 2818 Mingarellii
2165 2745 2340 2803 notat.

445 2857 578 2939 ('78)
605 2854 820 2932 Voces,
855 2856 941 2939 ξπὶ
970 2856 1119 2933 ἐμοῦ,
1153 2855 1197 2917 i.
1231 2873 1285 2917 e.
1320 2853 1430 2939 sub
1462 2872 1581 2939 me,
1600 2874 1821 2938 nempe
1850 2875 2006 2934 meo,

372 2936 664 3021 tempere,
697 2936 1015 3001 mendosas
1042 2953 1175 2999 esse
1203 2936 1504 3019 suspicor.

2177 2859 2304 2940 (79)
2331 2857 2527 2923 Codex
2554 2878 2568 2925 ε
2602 2859 2926 2939 ἀποστέλλῃ.
2960 2857 3164 2937 Malin,
3196 2858 3500 2939 ἐπιστέλλῃ,

374 3094 3684 3129 w

835 3228 1463 3317 ΕΠΙΦΑΝΙΟΥ
1544 3231 2094 3318 ΜΟΝΑΧΟΥ
2190 3233 2378 3319 ΚΑΙ
2467 3234 3280 3322 ΠΡΕΣΒΥΤΕΡΟΥ

681 3417 831 3469 ΠΕΡΙ
864 3418 992 3470 ΤΟΥ
1022 3414 1174 3465 ΒΙΟΥ
1204 3414 1319 3468 ΚΑΙ
1348 3416 1483 3467 ΤΩΝ
1514 3414 1836 3468 ΠΡΑΞΕΩΝ
1865 3418 1980 3470 ΚΑΙ
2008 3415 2270 3469 ΤΕΛΟΥΣ
2300 3419 2428 3471 ΤΟΥ
2456 3419 2652 3471 ΑΓΙΟΥ
2682 3420 2795 3472 ΚΑΙ
2826 3420 3290 3473 ΠΑΝΕΥΦΗΜΟΥ
3323 3424 3437 3475 ΚΑΙ

1328 3550 1821 3603 ΠΡΩΤΟΚΛΗΤΟΥ
1850 3554 1985 3604 ΤΩΝ
2012 3550 2423 3613 ΑΠΟΣΤΟΛΩΝ
2446 3552 2777 3610 ΑΝΔΡΕΟΥ.

869 3931 1499 4029 EPIPHANII
1581 3929 2142 4027 MONACHI
2220 3935 2380 4030 ET
2466 3934 3248 4032 PRESBYTERI

369 4131 469 4193 DE
525 4129 713 4193 VITA
770 4128 868 4192 ET
918 4125 1243 4191 ACTIBUS
1293 4126 1393 4189 ET
1446 4124 1709 4188 MORTE
1766 4125 2065 4207 SANCTI,
2112 4128 2211 4191 ET
2268 4125 2513 4193 PLANE
2553 4129 2973 4204 LAUDANDI,
3030 4129 3131 4191 ET
3176 4128 3399 4192 PRIMI
3451 4127 3744 4195 VOCATI

1476 4257 1741 4323 \INTER
1798 4258 2226 4322 APOSTOLOS
2265 4259 2620 4323 ANDRE/E.

1972 4469 2056 4489 —

454 4630 747 4706 Quoniam
769 4630 938 4693 multi
957 4629 1326 4713 scripserunt
1346 4630 1495 4694 vitas
1515 4638 1573 4692 et
1595 4638 1722 4693 acta
1744 4632 1852 4696 Dei
1871 4630 2009 4694 ami-

2178 4627 2495 4712 Ἐπειδήπερ
2549 4631 2737 4691 πολλοὶ
2795 4633 3158 4714 ἀνεγράψαντο
3208 4634 3348 4712 βίους
3398 4633 3486 4691 καὶ
3531 4632 3746 4712 πράξεις

374 4739 580 4786 corum
612 4719 877 4782 vivorum
906 4739 976 4783 ac
1006 4720 1346 4793 mulierum,
1380 4720 1453 4783 ad
1482 4720 1919 4783 aemulationem
1959 4733 2019 4783 et

375 4808 771 4872 imitationem
804 4826 1009 4871 eorum
1040 4808 1142 4890 qui
1169 4808 1476 4871 caelestem
1500 4808 1769 4871 semitam
1800 4808 2016 4873 ambu-

372 4899 500 4962 lare
529 4897 756 4976 volunt,
790 4905 848 4960 et
879 4916 1046 4979 spem
1078 4896 1299 4959 habent
1347 4916 1530 4976 regna
1564 4897 1850 4959 caelorum
1880 4897 2014 4959 adi-

375 4987 645 5071 piscendi
669 5005 774 5069 per
793 4985 1097 5068 augustias
1126 4994 1183 5048 et
1211 4986 1443 5049 labores
1487 4987 1703 5048 multos
1734 5007 1750 5062 ;
1777 4987 1929 5048 sicut
1957 4994 2017 5049 et

376 5082 701 5158 martyrum
734 5074 923 5139 luctas
979 5084 1038 5139 et
1088 5076 1292 5158 praelia
1341 5084 1546 5139 contra
1597 5075 1924 5153 diabolum,
1958 5084 2019 5138 et

376 5166 688 5247 praeclaras
715 5165 961 5229 virtutes
992 5173 1051 5228 et
1078 5165 1401 5244 miracula;
1433 5184 1550 5227 non
1574 5165 1761 5226 solum
1792 5172 2013 5240 autem,

376 5254 482 5318 sed
502 5262 561 5317 et
578 5261 916 5317 sanctorum
940 5254 1321 5317 eremitarum
1352 5254 1471 5317 otia
1500 5263 1558 5317 et
1587 5253 1793 5317 mundi
1824 5255 2012 5333 fugas,

378 5348 437 5404 et
456 5360 774 5425 corporum
792 5343 1222 5425 ordinationes,
1240 5342 1551 5406 buatorum
1574 5351 1770 5406 antem
1787 5360 2017 5425 aposto-

375 5431 568 5494 lorum
600 5432 749 5494 vitas
780 5451 957 5495 nemo
987 5432 1272 5495 decenter
1312 5432 1587 5513 scripsit:
1622 5432 1809 5496 visum
1841 5441 1932 5495 est
1957 5441 2019 5498 et

381 5518 530 5581 mlhi
544 5519 833 5601 cupienti,
859 5528 920 5583 et
937 5521 1049 5583 hac
1070 5527 1130 5583 et
1148 5520 1286 5582 illac
1306 5521 1618 5602 quaerenti,
1637 5521 2014 5603 investigare,

380 5616 444 5671 et
459 5606 738 5691 excipere
757 5626 829 5672 ex
848 5608 1101 5673 oculatis
1127 5607 1376 5673 testibus
1399 5616 1457 5674 et
1475 5609 1693 5673 sanctis
1722 5610 1862 5677 viris
1890 5633 2020 5697 quae

2098 4718 2353 4800 θεοφιλῶν
2409 4719 2607 4801 ἀνδρῶν
2659 4744 2717 4780 τε
2774 4724 2863 4780 καὶ
2936 4730 3197 4803 γυναικῶν
3249 4725 3379 4802 πρὸς
3437 4728 3601 4794 ζῆλον
3659 4724 3748 4780 καὶ

2103 4809 2325 4885 μίμησιν
2379 4816 2484 4867 τῶν
2540 4811 2613 4874 εἷς
2691 4812 2925 4890 οὐράνιον
3005 4808 3179 4891 τρίϐον
3234 4809 3427 4868 ὁδεύειν
3484 4809 3744 4868 θελόντων

2095 4898 2183 4954 καὶ
2235 4895 2446 4961 ἐλπίδας
2504 4897 2741 4979 ἐχόντων
2816 4897 3084 4976 βασιλείας
3168 4904 3402 4978 οὖρανῶν
3459 4898 3743 4956 ἀπολαύειν

2096 4983 2179 5041 διὰ
2206 4984 2432 5061 θλίψεων
2487 4988 2575 5044 καὶ
2626 4987 2803 5044 πόνων
2858 4985 3093 5062 πολλῶν,
3149 4991 3266 5044 οἷον
3320 4988 3414 5051 τὰς
3466 4990 3571 5043 τῶν
3603 5010 3746 5067 μαρ-

2096 5074 2261 5153 τύρων
2317 5073 2640 5155 παλαίστρας
2696 5077 2785 5132 καὶ
2869 5076 3081 5155 ἀγῶνας
3164 5076 3300 5132 κατὰ
3354 5084 3447 5135 τοῦ
3503 5073 3747 5134 διαϐόλου

2097 5163 2187 5219 καὶ
2243 5159 2687 5242 ἀνδραγαθήματα
2763 5164 2851 5221 καὶ
2933 5163 3370 5243 θαυματουργίας,
3452 5166 3512 5222 οὗ
3587 5164 3748 5241 μόνον

2096 5248 2178 5327 δὲ,
2232 5248 2368 5307 ἀλλὰ
2423 5253 2510 5309 καὶ
2587 5254 2743 5310 ὁσίων
2829 5253 3077 5321 ἀσκητῶν
3148 5254 3381 5333 ἡσυχίας
3438 5253 3528 5308 καὶ
3581 5254 3751 5333 φυγὰς

2095 5342 2355 5418 κοσμικὰς
2412 5345 2513 5400 καὶ
2556 5342 2727 5412 τάξεις
2809 5344 3071 5422 σώμάτων
3105 5359 3121 5375 '
3204 5349 3310 5400 τῶν
3360 5341 3417 5401 δὲ
3475 5349 3749 5423 μακαρίων

2097 5430 2408 5491 ἀποστόλων
2466 5430 2630 5499 οὐδεὶς
2687 5435 2830 5512 βίους
2908 5433 3242 5515 ἀνεγράψατο
3295 5432 3475 5497 αἰσίως
3510 5451 3528 5470 ο
3608 5430 3750 5500 ἔδοξε

2100 5518 2261 5596 κάμοὶ
2314 5524 2557 5581 ποθοῦντι
2611 5524 2701 5581 καὶ
2755 5522 2995 5591 ξητοῦντι
3078 5519 3181 5579 ὦδε
3234 5520 3478 5595 κάκεῖσε,
3541 5518 3753 5600 ἐρευνῆ-

2099 5629 2188 5666 σαι
2238 5609 2327 5667 καὶ
2381 5608 2682 5678 ἐκλέξασθαι
2758 5611 2902 5691 παρὰ
2980 5614 3254 5672 αὐτοπτῶν
3338 5608 3427 5668 καὶ
3481 5610 3750 5692 θεοφόρων
