4068 6112
333 192 439 256 217
1642 192 1831 257 VITA
1858 192 1919 255 S.
1951 192 2310 256 ANDREE.
3551 187 3671 255 218

336 325 510 407 ἀνδρῶν
540 324 602 384 τὰ
650 329 768 407 περὶ
820 327 1045 401 τούτων,
1105 327 1209 385 ἀπό
1265 349 1322 384 τε
1378 327 1687 405 Κλήμεντος
1720 318 1973 403 Ῥώμης]

2065 344 2097 388 e
2127 325 2214 387 eis
2239 332 2398 403 sunt,
2431 343 2465 389 a
2494 324 2798 390 Clemente
2848 326 3142 399 Romano,
3206 334 3264 388 et
3287 324 3538 404 Evagrio
3571 322 3672 387 Si-

336 415 411 471 καὶ
461 414 698 494 Εὖαγρίου
756 414 981 471 Σικελοῦ
1036 419 1123 473 καὶ
1189 414 1501 497 Ἐπιφανίου
1552 422 1653 484 τῆς
1710 418 1939 496 Κύπρου.

2064 414 2157 475 ulo
2189 423 2247 476 et
2274 414 2603 496 Epiphanio
2662 414 2898 496 Cyprio.
2951 415 3048 478 Ait
3107 415 3268 475 enim
3298 414 3362 474 in
3392 415 3676 476 historica

340 502 468 581 Λέγει
515 503 608 582 γὰρ
663 502 716 559 ἐν
772 511 840 581 τῇ
898 504 1173 586 ἀναγραφῇ
1227 511 1331 563 τῶν
1388 504 1750 582 ἐϐδομήκοντα
1775 508 1944 581 μαθη-

2064 504 2349 584 criptione
2381 505 2456 565 de
2478 504 2846 585 septuaginta
2867 503 3178 584 discipulis
3199 503 3356 583 quod
3390 502 3542 563 sicut
3573 501 3679 582 qui

341 599 441 665 τῶν,
472 591 545 647 ὅτι
573 593 643 655 ὡς
675 594 721 649 οἱ
746 594 849 672 πρὸ
896 593 1026 669 ἐμοῦ
1059 617 1084 650 (ι
1145 593 1450 673 παρέδωκαν
1499 597 1635 670 ἡμῖν
1671 614 1687 629 ⁸
1725 617 1749 652 υ
1784 592 1943 661 δῆλον

2066 598 2163 653 nte
2186 591 2538 654 mefuerint.
2563 591 2613 654 Τ
2610 593 2974 655 radidertmt
2994 591 3215 654 nobis‘.
3239 589 3413 653 Haud
3425 588 3672 651 dubium

346 680 406 735 ὅτι
450 680 690 760 ἀγράφως
743 683 831 738 καὶ
882 680 934 748 ἐξ
1013 685 1420 764 ἱστοριογράφων
1494 684 1808 765 ἀποκρύφων
1857 683 1946 740 καὶ

2064 680 2168 757 ιιίη
2194 680 2323 741 sine
2352 680 2596 762 scripto,
2630 689 2688 742 et
2736 699 2804 741 ex
2857 679 3198 745 auctoribus
3228 677 3582 759 apocrypbis
3615 683 3676 738 et

340 768 684 847 ἐγκωμιαστῶν
713 767 932 848 ἀνδρῶν,
967 770 1102 827 ἀλλὰ
1129 773 1215 828 καὶ
1247 771 1298 838 ἐξ
1329 769 1505 828 ἄλλων
1531 770 1794 853 παρόδων.

2069 767 2396 848 anegyricis
2416 768 2691 849 viris,sed
2707 776 2763 830 et
2780 788 2849 830 ex
2862 769 2939 830 ali
2951 769 2998 828 is
3013 767 3330 830 viatoribus
3352 765 3674 853 (audierit).

403 854 629 935 Ἐγένετο
685 857 741 913 ἐν
790 873 934 941 ⁸’τταῗς
1017 859 1241 939 ἡμέραις
1323 852 1573 941 ’Υρκάνου
1614 852 1804 940 ἱερέως
1860 859 1949 915 καὶ

2107 855 2240 917 Fuit
2268 855 2329 916 in
2360 856 2569 918 diebus
2598 856 2853 937 Hyrcani
2902 856 3232 918 sacerdotis
3277 863 3337 917 et
3365 854 3521 933 regis
3552 852 3674 941 He-

332 944 567 1023 βασιλέως
623 954 729 1003 τῶν
789 938 1040 1028 Ἐϐραίων
1119 947 1302 1017 Ἰωνᾶς
1375 938 1454 1015 τις
1512 951 1572 1007 ἐκ
1626 938 1794 1031 φυλῆς
1858 953 1952 1004 τοῦ

2064 960 2348 1005 umorum.
2382 942 2563 1006 Jonas
2586 945 2825 1025 quidem
2841 963 2909 1006 ex
2936 943 3090 1005 tribu
3112 942 3353 1006 Simeon
3380 952 3437 1003 et
3460 939 3679 1022 oppido

334 1037 521 1110 Σιμεὼν
575 1035 683 1091 ἀπὸ
738 1036 930 1112 κώμης
997 1036 1264 1104 Βηθσαϊδὰ
1344 1039 1437 1117 (ἣν
1511 1037 1724 1118 ὕστερον
1778 1036 1953 1092 ἔκτισε

2064 1032 2349 1093 lethsaida
2370 1033 2549 1112 (quod
2581 1034 2789 1094 ultimo
2824 1032 3092 1094 condidit
3119 1031 3432 1113 Philippus
3464 1037 3679 1118 tetrar-

332 1121 573 1187 Φίλιππος
617 1126 647 1180 6
671 1123 997 1203 τετράρχης,
1056 1128 1084 1181 6
1137 1127 1245 1189 υἱὸς
1301 1122 1532 1205 Ἠρόδου
1564 1117 1952 1202 Ἀντιπάτρου),

2064 1121 2169 1195 :ha,
2206 1121 2360 1181 ﬁlius
2417 1119 2674 1183 Herodis
2732 1122 3096 1202 Antipatris),
3148 1121 3249 1202 qui
3298 1119 3499 1182 habuit
3530 1117 3681 1179 duos

330 1212 381 1296 ὃς
427 1210 549 1291 ἔσχε
604 1210 694 1269 δύο
763 1214 929 1275 υἱοὺς,
1018 1214 1232 1288 Σίμωνα
1315 1217 1401 1271 καὶ
1457 1212 1727 1294 Ἀνδρέαν.
1786 1211 1957 1296 Πένης

2064 1209 2193 1270 ilios
2223 1208 2526 1271 Simonem
2581 1219 2638 1271 et
2683 1209 3009 1271 Andream.
3070 1209 3299 1290 Pauper
3329 1216 3521 1270 autem
3556 1212 3684 1296 erat

329 1295 375 1354 δὲ
401 1300 461 1367 ἦν
513 1301 652 1357 πάνυ
706 1301 795 1356 καὶ
851 1298 1069 1380 ἄπορος.
1126 1299 1414 1374 Ἐπιζήσας
1468 1301 1523 1358 δὲ
1579 1293 1804 1383 χρόνους
1846 1293 1961 1355 ἱκα-

2064 1297 2214 1359 ralde
2245 1306 2301 1360 et
2334 1316 2536 1377 egens.
2574 1299 2719 1361 Cum
2751 1299 2989 1361 vixisset
3020 1308 3217 1361 autem
3252 1297 3454 1359 multis
3484 1293 3677 1371 annis,

325 1388 430 1451 νοὺς
483 1388 841 1469 ἐνελεύτησεν,
903 1389 1208 1447 καταλιπὼν
1258 1391 1381 1455 τοὺς
1443 1388 1636 1454 παῖδας
1695 1390 1748 1446 ἐν
1805 1410 1957 1444 πτω-

2064 1385 2211 1466 ὠὶὶι,
2237 1404 2453 1466 pueros
2474 1387 2535 1448 in
2555 1396 2813 1466 egestate
2837 1406 3045 1467 magna
3066 1389 3433 1468 relinquens.
3460 1384 3571 1457 Qui
3588 1387 3683 1444 lo-

326 1477 437 1557 χείᾳ
486 1477 690 1555 πολλῇ.
749 1481 808 1535 Οἱ
866 1475 920 1532 δὲ
977 1478 1267 1554 ἐμίσθωσαν
1320 1480 1560 1543 ἑαυτούς,
1617 1480 1717 1536 Καὶ
1774 1481 1803 1533 6
1862 1476 1958 1552 μὲν

2064 1482 2321 1536 :averunt
2350 1476 2600 1556 seipsos.
2623 1476 2692 1537 Et
2734 1477 2939 1539 Simon
2965 1478 3202 1558 quidem
3241 1492 3482 1536 uxorem
3515 1471 3685 1533 duxit

326 1567 517 1663 Ely.va
544 1565 719 1646 ἔγημε
760 1656 772 1663 ⁵
794 1568 894 1634 τὴν
944 1567 1201 1648 θυγατέρα
1255 1566 1676 1647 Ἀριστοϐούλου,
1735 1564 1959 1663 ἀδελφοῦ

2064 1564 2219 1663 iliam
2251 1558 2599 1663 Arinstobuli,
2632 1565 2826 1627 fratris
2884 1566 3170 1628 Barnabae
3220 1562 3494 1663 apostoli,
3528 1569 3588 1663 et
3618 1567 3686 1621 ut

326 1653 575 1734 Βαρνάϐου
604 1665 700 1715 τοῦ
750 1656 1069 1730 ἀποστόλου,
1127 1659 1213 1714 καὶ
1269 1658 1342 1722 ὥς
1400 1659 1526 1739 φασί
1580 1678 1745 1736 τινες,
1778 1654 1956 1720 ἐποίη-

2064 1655 2239 1714 “erunt
2264 1653 2529 1734 quidam,
2587 1655 2774 1715 ﬁlium
2832 1656 3037 1718 habuit
3092 1663 3151 1717 et
3178 1655 3381 1717 ﬁliam.
3416 1651 3684 1739 Andreas

326 1765 403 1799 σεν
452 1747 561 1800 υἱὸν
618 1746 708 1801 καὶ
784 1745 1039 1826 θυγατέρα
1073 1763 1088 1777 ·
1177 1749 1204 1803 6
1285 1746 1339 1802 δὲ
1397 1738 1614 1826 Ἀδρέας
1699 1742 1959 1801 ἐπέδωκεν

2064 1748 2238 1803 ιυῐθω
2271 1742 2523 1803 castitati
2553 1761 2617 1805 se
2649 1743 2837 1825 dedit,
2880 1746 3076 1806 nullus
3105 1762 3242 1806 vero
3273 1760 3478 1805 eorum
3507 1738 3683 1800 dedi-

328 1833 494 1889 ἑαυτὸν
520 1841 591 1911 τῇ
655 1836 837 1913 ἁγνείᾳ
870 1852 884 1867 ⁸
947 1833 1109 1898 οὐδεὶς
1153 1832 1206 1891 δὲ
1263 1837 1433 1893 αὐτῶν
1493 1835 1577 1917 (1)
1638 1834 1961 1910 ἐμεμαθήκει

2064 1838 2206 1893 :erat
2233 1831 2481 1909 litteras,
2512 1833 2616 1894 sed
2670 1833 2808 1894 facti
2865 1844 3001 1895 sunt
3055 1842 3180 1895 arte
3237 1834 3584 1913 piscatores.
3616 1826 3688 1887 Et

326 1923 624 2004 γράμματα,
681 1923 800 1980 ἀλλ’
859 1923 1102 2003 ἐγένοντο
1151 1925 1324 1989 ἁλιεῖς
1380 1932 1450 2003 τῇ
1499 1926 1692 2005 τέχνῃ.
1745 1923 1845 1981 Καὶ
1872 1926 1964 1978 τοῦ

2064 1921 2272 1982 loanne
2298 1920 2654 2001 baptismum
2682 1923 3056 2002 praedicante,
3079 1922 3346 1984 Andreas
3364 1919 3570 1980 videns
3586 1934 3688 1978 an-

326 2006 553 2067 ἰωάννου
645 2012 998 2091 κηρύττοντος
1076 2015 1138 2071 τὸ
1223 2015 1521 2091 βάπτισμα,
1612 2016 1640 2069 6
1721 2007 1968 2089 Ἀνδρέας

2064 2008 2295 2086 gelicam
2329 2010 2457 2089 ejus
2483 2011 2695 2089 agendi
2724 2013 3011 2074 rationem
3070 2020 3129 2074 et
3179 2009 3327 2071 recti
3355 2007 3684 2080 aemulator,

325 2101 516 2177 θεωρῶν
548 2099 710 2159 αὐτοῦ
763 2102 863 2168 τὴν
921 2101 1199 2181 ίσάγγελον
1257 2102 1550 2177 πολιτείαν,
1605 2102 1694 2158 καὶ
1740 2100 1800 2154 τὸ
1825 2102 1969 2175 εὖγε-

2064 2098 2234 2162 'actus
2254 2107 2341 2160 est
2361 2100 2491 2178 ejus
2511 2100 2857 2181 discipulus,
2891 2119 3023 2162 cum
3065 2111 3263 2161 autem
3300 2096 3560 2160 Joannes
3591 2092 3687 2155 di-

328 2187 403 2251 νὲς
431 2187 680 2259 ζηλώσας
734 2188 942 2267 ἐγένετο
998 2195 1155 2249 αὐτοῦ
1211 2193 1456 2267 μαθητής
1487 2206 1501 2220 ’
1560 2196 1653 2247 τοῦ
1709 2187 1764 2243 δὲ
1794 2185 1969 2244 Ἰωάν-

329 2298 408 2333 νου
458 2274 1013 2360 δακῖρλοδεικτοῦντος
1074 2278 1152 2360 (2)
1219 2281 1309 2335 τὸν
1368 2280 1590 2359 Χριστὸν
1643 2279 1732 2333 καὶ
1787 2273 1968 2331 εἰπόν-

328 2388 407 2429 τος
437 2382 453 2397 ⁶
514 2390 538 2421 l
574 2348 679 2425 Ἴδε
734 2369 763 2424 6
820 2368 987 2444 ἀμνὸς
1044 2348 1146 2425 τὸδ’
1188 2376 1320 2428 Θεοῦ
1366 2348 1621 2447 ὁιαῗρων
1671 2366 1769 2433 τὴν
1795 2366 1973 2441 ἁμαρ·-

328 2454 432 2512 τίαν
458 2466 548 2515 τοῦ
603 2456 834 2536 κόσμου,
902 2480 928 2511 ι
986 2460 1015 2513 6
1077 2455 1344 2537 Ἀνδρέας,
1404 2457 1629 2520 ἀκούσας
1686 2455 1774 2510 καὶ
1823 2450 1945 2508 ἰδὼν

338 2495 430 2512 ...υ
469 2495 548 2515 ην
607 2495 834 2536 “aut...”
903 2495 928 2511 .
986 2495 1015 2513 υ
1095 2495 1344 2537 δωρεάς,
1404 2495 1626 2520 MV...“
1689 2495 1774 2510 ην..
1826 2495 1942 2508 ην..

331 2543 627 2603 καταλιπὼν
674 2547 766 2600 τὸν
824 2543 1074 2613 Ἰωάννην
1137 2545 1462 2614 ἠκολούθησε
1516 2552 1591 2620 τῷ
1640 2541 1839 2610 Ἰησοῦ.
1876 2495 1974 2598 lia:3

332 2632 532 2712 ἐνέγκας
560 2636 657 2692 τὸν
707 2631 846 2692 ἴδιον
895 2633 1115 2716 ἀδελφὸν
1162 2633 1349 2700 ἔδειξεν
1404 2639 1544 2708 αὐτῷ
1596 2634 1689 2690 τὸν
1718 2631 1965 2709 Χριστὸν,

2051 2187 2171 2264 gito
2208 2187 2532 2250 indicasset
2578 2188 2876 2252 Christum
2905 2196 2964 2250 et
2992 2187 3272 2249 dixisset:
3306 2187 3460 2247 Ecce
3488 2197 3691 2262 agnus

2053 2275 2193 2352 Dei,
2237 2277 2348 2356 qui
2367 2277 2525 2339 tollit
2540 2286 2855 2358 peccatum
2878 2278 3115 2351 mundi,
3148 2274 3416 2337 Andreas
3443 2269 3693 2331 audiens

2054 2372 2112 2425 et
2140 2364 2376 2440 videns,
2400 2366 2639 2447 reliquit
2658 2368 2965 2439 Joannem,
2993 2373 3047 2427 et
3077 2372 3314 2427 secutus
3344 2368 3433 2423 est
3458 2359 3685 2447 Jesum.

2053 2452 2283 2515 Etcum
2312 2446 2650 2517 adduxiSset
2679 2455 2916 2516 fratrem
2950 2474 3145 2529 suum,
3179 2446 3695 2515 ostenditeiChri-

2056 2548 2211 2603 stum
2241 2543 2340 2623 qui
2372 2543 2808 2623 cognominavit
2836 2564 2969 2606 eum
3023 2547 3282 2605 Petrum.
3318 2542 3464 2603 Cum
3495 2543 3693 2599 autem

2055 2630 2492 2694 exiissetJesus
2520 2633 2580 2694 in
2612 2632 2910 2695 desertum
2946 2642 3009 2695 ut
3038 2639 3361 2694 tentaretur
3382 2625 3693 2701 adiabolo,

333 2724 383 2786 ὃς
436 2723 816 2800 μετωνόμασεν
864 2724 1021 2780 αὐτὸν
1077 2723 1297 2804 Πέτρον.
1349 2733 1454 2783 Τοῦ
1506 2721 1561 2778 δὲ
1608 2718 1783 2788 Ἰησοῦ
1829 2717 1969 2783 ἐξελ·

2064 2718 2259 2781 Petrus
2285 2727 2344 2781 et
2366 2720 2632 2783 Andreas
2656 2725 2879 2784 reversi
2912 2721 3133 2783 suntad
3154 2717 3412 2803 propria,
3437 2723 3691 2804 etexer-

331 2812 498 2877 θόντος
552 2816 633 2877 εἷς
688 2813 789 2879 τὴν
846 2812 1046 2892 ἔρημον
1099 2803 1443 2893 πειρασθῆναι
1493 2810 1598 2867 ὑπό
1653 2818 1746 2866 τοῦ
1794 2803 1971 2893 διαβό-

2052 2806 2263 2869 cebant
2289 2809 2675 2889 piscationem
2709 2829 2725 2886 ;
2756 2828 3034 2873 reversus
3062 2801 3257 2872 autem
3284 2806 3456 2869 Jesus
3485 2803 3559 2864 de
3590 2801 3695 2862 de-

334 2899 435 2975 λου,
496 2902 698 2976 Πέτρος
755 2903 844 2957 καὶ
901 2899 1145 2981 Ἀνδρέας
1196 2892 1527 2980 ὑπέστρεψαν
1586 2899 1660 2961 εἰς
1736 2896 1804 2952 τὰ
1858 2892 1970 2950 ἴδια

2064 2902 2211 2958 serto
2231 2898 2458 2959 vocavit
2478 2916 2602 2981 eos,
2648 2899 2749 2980 qui
2777 2898 3310 2981 relictis_omnibus
3339 2892 3529 2958 secuti
3559 2896 3697 2953 sunt

334 2969 432 3070 ξιαὶ⁷
462 2969 767 3070 εἰργάζοντο
822 2992 922 3057 τὴν
978 2969 1158 3048 ἁλιείαν
1189 3010 1205 3026 ’
1288 2969 1713 3068 ὑποστρέψαντος
1770 2982 1825 3039 δὲ
1878 2969 2213 3070 τοῦῧθυῐῐι.
2587 2969 2602 2981 ’
2668 2969 2685 2980 ’
3010 2971 3031 2981 ”

338 3064 658 3144 Ἰησοῦᾶπὸ
711 3083 811 3145 τῆς
884 3078 1107 3159 ἐρήμου,
1195 3064 1466 3135 ἐκάλεσεν
1514 3074 1701 3138 αὐτούς
1736 3095 1749 3108 ·
1813 3074 1860 3129 οἱ
1913 3068 1969 3127 δὲ

335 3165 704 3230 καταλιπόντες
736 3166 943 3224 ἅπαντα
970 3165 1333 3235 ἠκολούθησαν
1361 3165 1524 3240 αὐτῷ.

406 3257 501 3313 Καὶ
536 3259 565 3313 ὁ
629 3255 728 3333 μὲν
784 3255 979 3335 Πέτρος
1034 3259 1222 3335 θερμὸς
1269 3262 1347 3331 τῷ
1401 3255 1661 3331 πνεύματι
1715 3251 1780 3320 ἧν
1835 3249 1972 3308 πάνυ

335 3346 412 3402 καὶ
437 3349 505 3410 εἱς
560 3351 844 3420 κοσμικιῖω
902 3351 1096 3425 χρειῶν
1156 3345 1410 3423 μέριμναν
1462 3341 1782 3421 ἐπιτήδειος,
1836 3342 1864 3397 6
1919 3337 1974 3394 δὲ

338 3430 565 3515 Ἀνδρέας
628 3439 799 3514 πραῢς
850 3436 938 3490 καὶ
992 3432 1331 3512 ὀλιγολάλος.
1414 3435 1511 3491 Καὶ
1570 3438 1669 3500 τῆς
1725 3433 1974 3509 πενθερᾶς

342 3524 521 3601 Πέτρου
572 3524 973 3591 τελευτησάσης
1027 3523 1123 3591 τὴν
1180 3535 1407 3603 γυναῖκα
1473 3525 1502 3579 6
1559 3521 1754 3600 Πέτρος
1805 3519 1974 3600 παρέ-

341 3610 461 3671 δωκε
486 3621 556 3693 τῇ
586 3614 862 3689 Θεοτόκῳ.

409 3713 505 3763 Τοῦ
531 3690 622 3760 δὲ
684 3711 909 3783 Χριστοῦ
987 3701 1266 3779 παθόντος,
1340 3703 1427 3759 καὶ
1484 3698 1826 3777 ἀναστάντος,
1887 3690 1977 3754 καὶ

343 3790 724 3873 ἀναληφθέντος
807 3793 879 3856 εἷς
956 3790 1225 3871 οὐρανοὺς,
1301 3791 1391 3848 καὶ
1459 3790 1662 3847 Ματθία
1721 3786 1805 3870 (3)
1864 3787 1976 3845 ἀντὶ

342 3879 494 3939 Ἰούδα
592 3881 1068 3960 συναριθμηθέντος
1169 3895 1287 3946 τοῖς
1376 3877 1559 3937 ἕνδεκα
1634 3875 1973 3957 ἀποστόλοις,

342 3974 463 4045 μετᾶ
486 3982 583 4032 τοῦ
612 3971 681 4027 ἐκ
709 3976 925 4050 γενετῆς
981 3969 1164 4050 χωλοῦ
1217 3969 1362 4027 ἴασιν
1419 3967 1658 4048 δαρέντες
1700 3969 1788 4025 καὶ
1835 3967 1975 4024 ἀπο·-

342 4061 564 4125 λυθέντες
596 4063 653 4118 οἱ
699 4058 1006 4135 ἀπόστολοι,
1066 4061 1204 4116 κατὰ
1256 4059 1354 4126 τὴν
1409 4056 1646 4114 κέλευσιν
1704 4062 1796 4112 τοῦ
1825 4054 1977 4111 Διδα-

343 4149 526 4206 σκίλου
582 4147 681 4205 δύο
730 4145 820 4206 δύο
893 4147 1223 4227 πορεύεσθαι,
1303 4143 1551 4208 λαϐόντες
1605 4141 1719 4221 μεθ’
1778 4144 1976 4199 ἑαυτῶν

2004 4196 2055 4257 D

2134 3252 2205 3315 Et
2227 3251 2434 3316 Petrus
2446 3254 2686 3336 quidem
2702 3263 2828 3318 erat
2848 3256 3298 3321 ardentissimus
3310 3254 3540 3338 spiritu,
3563 3251 3694 3314 etin

2057 3343 2488 3406 mundanarum
2512 3345 3077 3410 necessitatumcura
3090 3347 3376 3409 sollicitus
3396 3343 3696 3421 ;Andreas

2057 3440 2251 3493 autem
2283 3432 2441 3494 mitis
2498 3442 2556 3496 et
2610 3436 3047 3518 parviloquens.
3108 3437 3180 3499 Et
3237 3435 3509 3498 defuncta
3536 3432 3697 3496 Petri

2058 3539 2253 3597 socru,
2289 3542 2533 3586 uxorem
2565 3525 2806 3588 tradidit
2832 3530 3044 3590 Petrus
3071 3527 3183 3591 Dei
3211 3523 3521 3591 Genitrici.

2138 3700 2368 3766 Christo
2398 3712 2590 3767 autem
2624 3724 2794 3787 passo
2823 3712 2882 3767 et
2936 3706 3217 3782 redivivo,
3278 3713 3337 3767 et
3374 3703 3602 3766 sublato
3633 3700 3696 3761 in

2059 3791 2260 3867 caelos,
2296 3799 2354 3853 et
2379 3792 2617 3855 Matthia
2644 3795 2773 3857 loco
2802 3795 2968 3858 Iudae
2986 3802 3394 3867 annumerato,
3413 3789 3694 3853 undecim

2057 3880 2308 3959 apostoli
2342 3891 2474 3964 post
2505 3883 2868 3945 curationcm
2903 3883 3100 3945 claudi
3128 3903 3163 3944 a
3213 3881 3535 3953 nativitate,
3570 3881 3695 3939 vir-

2057 3967 2145 4046 gis
2176 3969 2312 4030 caesi
2344 3978 2399 4031 et
2428 3971 3302 4054 liberatijapostoli,secundum
3333 3975 3695 4050 praeceptum

2057 4056 2293 4118 Domini
2325 4066 2385 4119 ut
2445 4059 2567 4120 bini
2625 4060 3020 4137 ambularent,
3072 4059 3434 4141 accipientes
3492 4074 3697 4117 secum

2061 4147 2366 4209 Matthiam
2406 4156 2463 4209 et
2492 4148 2695 4211 Caium
2729 4158 2786 4211 et
2842 4151 2987 4212 alios
3044 4148 3390 4229 discipulos,
3424 4145 3699 4208 abierunt

344 4240 559 4295 Ματθίαν
617 4240 712 4294 καὶ
764 4237 924 4295 Γάϊον
975 4239 1062 4294 καὶ
1116 4236 1320 4314 ἑτέρους
1379 4235 1640 4311 μαθητὰς,
1686 4231 1846 4320 ἦλθον
1901 4233 1973 4295 εἷς

2064 4235 2441 4298 Antiochiam
2470 4236 2680 4316 δρία).
2716 4239 2786 4301 Et
2815 4240 3198 4320 praedicantes
3244 4236 3488 4299 verbum
3521 4243 3578 4296 et
3605 4233 3695 4294 fa-

347 4324 674 4407 Ἀντιόχειαν
702 4330 802 4392 τῆς
855 4326 1067 4406 Συρίας.
1129 4327 1227 4383 Καὶ
1281 4322 1592 4403 κηρύξαντες
1648 4322 1739 4378 τὸν
1786 4317 1970 4399 λόγον,

345 4416 423 4472 καὶ
471 4417 796 4486 ποιήσαντες
850 4415 1087 4490 θαύματα
1138 4410 1334 4488 πολλὰ,
1403 4412 1491 4468 καὶ
1545 4407 1836 4476 διδάξαντες
1888 4414 1979 4468 καὶ

349 4505 773 4578 μαθητεύσαντες
829 4501 1057 4567 πολλοὺς
1109 4502 1268 4570 ἦλθον
1323 4501 1395 4563 εἷς
1451 4499 1643 4568 Τύανα,
1701 4495 1855 4553 πόλιν
1880 4500 1979 4562 τῆς

348 4590 739 4655 Καππαδοκίας.
853 4592 951 4649 Καὶ
1044 4589 1406 4670 ὑπεδέχθησαν
1505 4587 1647 4665 παρὰ
1750 4582 1982 4670 Ἰουδαίῳ

350 4682 549 4755 ὀνόματι
605 4679 964 4760 Ὀνησιφόρω.
1016 4680 1156 4738 Εἶτα
1202 4666 1392 4756 νεκρὸν
1446 4677 1835 4746 ἀναστήσαντες
1892 4666 1982 4731 καὶ

354 4768 563 4834 πολλοὺς
650 4770 1094 4845 μαθητεύσαντες,
1171 4768 1415 4824 κάκεῖθεν
1496 4763 1830 4845 διερχόμενοι
1884 4766 1979 4827 τὰς

354 4858 538 4933 πόλεις,
567 4859 870 4937 ἡρμήνευον
924 4857 1247 4921 διαλύοντεςί
1277 4857 1370 4919 τάς
1425 4855 1653 4936 Γραφας,
1715 4857 1802 4911 καὶ
1859 4858 1980 4910 θαυ-

354 4954 775 5026 ματουργοῦντες,
836 4948 923 5002 καὶ
996 4945 1224 5009 πολλοὺς
1304 4944 1568 5006 πείθοντες
1640 4944 1729 5000 καὶ
1783 4941 1976 5019 βαπτί-

352 5040 534 5115 ζοντες,
584 5035 676 5090 καὶ
734 5035 800 5091 τα
852 5038 971 5093 θεῖα
1028 5035 1287 5113 μυστήρια
1340 5028 1735 5112 παραδιδόντες,
1765 5031 1975 5100 κατῆλ-

420 5193 441 5237 ¹
465 5191 609 5260 Luc.
645 5212 691 5270 ι,
722 5191 783 5258 2.

2070 4324 2294 4386 cientes
2322 4326 2590 4406 prodigia
2621 4330 2819 4410 multa,
2858 4337 2915 4390 et
2944 4328 3248 4404 docentes,
3284 4335 3343 4388 et
3370 4322 3698 4404 discipulos

2061 4412 2606 4493 lucrantesmultos,
2633 4416 3216 4496 vevcruntTyanam,
3242 4415 3535 4477 civitatem
3553 4412 3702 4491 Cap-

2064 4502 2344 4583 padociae.
2379 4502 2451 4564 Et
2477 4505 2752 4586 hospitali
2783 4514 2923 4569 sunt
2976 4505 3131 4586 apud
3159 4505 3426 4567 Judaeum
3456 4503 3699 4564 nomine

2061 4590 2520 4672 Onesiphorum.
2553 4594 2780 4657 Deinde
2827 4604 3133 4677 postquam
3185 4604 3479 4656 mortuum
3506 4588 3701 4652 susci-

2062 4689 2304 4758 tasseut,
2337 4692 2396 4746 et
2425 4684 2748 4764 discipulos
2805 4685 3024 4747 multos
3081 4685 3447 4754 ascivissent,
3484 4678 3700 4741 exinde

2061 4770 2377 4833 lustrantes
2440 4772 2724 4846 civitates,
2799 4772 3342 4854 interpretabantur
3409 4769 3701 4830 Solventes

2061 4857 2398 4940 Scripturas
2422 4885 2436 4935 ;
2464 4861 2801 4943 etprodigia
2814 4861 3118 4933 facientes,
3146 4873 3205 4923 et
3227 4859 3439 4921 multos
3462 4874 3700 4937 persua-

2060 4946 2289 5025 dentes,
2324 4957 2381 5011 et
2412 4951 2791 5030 baptizantes,
2828 4959 2887 5012 et
2915 4951 3113 5011 divtna
3144 4948 3421 5029 mysteria
3454 4943 3699 5004 traden-

2061 5045 2172 5114 tes,
2204 5048 2491 5102 venerunt
2525 5039 2808 5124 Sinopem
2827 5040 3122 5104 civitatem
3144 5037 3312 5102 Ponti
3343 5035 3498 5095 inter
3523 5050 3699 5093 voca-

1775 5353 1965 5419 Variaa
1992 5354 2302 5429 lectiones.

424 5507 510 5673 EI;
543 5509 728 5570 Λῦτόν.
760 5510 895 5575 Vat.

447 5598 484 5652 2
544 5590 792 5652 Δακτύλω
819 5592 895 5651 δει

447 5590 508 5660 2)
544 5590 792 5652 Δακτύλω
819 5592 1168 5660 δεικτοῦντος.
1201 5593 1327 5658 Vat.

2142 5521 2213 5602 (3)
2248 5524 2476 5585 Ματθίαν
2493 5572 2503 5586 .
2533 5525 2665 5589 Vat.
