4068 6112
238 220 243 223 .
289 164 408 232 219
1585 171 1945 237 ΕΡΙΡΗΑΝ]

2031 173 2358 239 HONACHI
3537 185 3657 252 220

1692 272 1723 299 7/

288 309 381 398 tos
398 299 668 398 §cytltos,
692 300 846 364 sicut
865 302 951 398 ait
978 308 1036 398 et
1060 302 1191 398 ipse
1210 304 1421 398 lietrus
1441 303 1503 365 in
1536 302 1798 398 Epistola
1825 323 1928 367 ca-

2031 313 2101 365 lov
2133 310 2207 373 εἰς
2238 309 2508 381 Σινώπην,
2570 310 2726 370 πολιν
2780 321 2875 375 τοῦ
2926 316 3123 375 Πόντου
3182 318 3236 375 ἐν
3277 331 3393 385 τοῖς
3422 318 3656 398 λεγομέ-

292 389 513 485 tholica
533 389 783 485 Pontum
810 390 1194 485 et‘Galatiam.
1215 391 1353 485 Erat
1374 401 1571 485 autem
1596 394 1934 485 Judmorum

2031 419 2125 460 θοις
2183 397 2429 472 Σκύθαις,
2490 401 2564 464 ὡς
2622 403 2710 458 καὶ
2764 405 2920 468 αὒτὸς
2978 404 3170 485 Πέτρος
3228 407 3282 463 ἐν
3311 413 3378 484 τῇ
3405 389 3659 483 καθόλικῇ

292 479 605 541 multitudo
638 497 846 559 magna
875 479 936 540 in
968 479 1196 542 civitate
1227 480 1347 561 illa,
1385 481 1670 544 habentes
1693 482 1851 544 inter
1871 502 1935 544 se

2031 485 2306 563 Ἐπιστολῇ
2364 485 2553 564 λέγει’
2640 490 2834 547 Πόντον
2916 495 3003 550 καὶ
3083 479 3363 557 Γαλατίανξ
3454 487 3548 553 Ἠν
3604 479 3658 552 δέ

292 568 694 629 dissensiones
727 569 960 645 multas,
995 569 1104 630 viri
1132 570 1397 632 moribus
1411 570 1642 632 barbari
1660 580 1719 633 et
1743 572 1929 647 ctl'eri,

2031 571 2277 631 Ἰουδαίων
2308 574 2509 642 πλῆθος
2567 577 2700 634 πολὺ
2759 578 2812 634 ἐν
2867 587 2936 657 τῇ
2987 581 3139 638 πόλει
3172 583 3391 660 ἐκείνῃ,
3441 584 3658 665 ἔχοντες

294 657 394 738 qui
410 664 648 738 prepter
672 658 783 754 hoc
802 659 1592 754 vocanturantbropophagi.
1614 659 1935 754 venientes

2031 659 2133 754 ιαθ’
2184 664 2396 726 ἐαυτιὺς
2453 664 2675 745 ατρέσεις
2733 666 2958 749 πολλὰς,
3015 669 3193 751 ἄνδρες
3248 674 3314 728 τὰ
3343 657 3661 754 -ἤθηηβάρ-

292 754 490 808 autem
524 746 773 826 apostoli
802 746 1009 809 Petrus
1068 754 1126 808 et
1182 748 1475 824 Andreas,
1535 768 1654 811 non
1685 749 1935 828 ingressi

295 835 768 912 suntcivitatem,
802 836 905 897 sed
939 837 997 898 in
1032 838 1437 917 promontmio
1485 838 1697 900 insula:
1727 839 1938 901 morati

293 934 451 988 sunt.
475 925 613 986 Erat
632 934 825 986 autem
852 926 1149 990 desertum
1184 926 1348 1007 quasi
1382 927 1567 989 millia
1597 946 1698 989 sex
1725 947 1759 989 a
1789 926 1897 989 civi
1920 966 1934 974 -

293 1022 432 1075 tate.
462 1016 549 1076 Ad
572 1014 764 1095 ipsum
789 1023 986 1077 autem
1014 1036 1145 1078 cum
1164 1018 1659 1097 pervenissemus,
1679 1037 1785 1097 ego
1799 1017 1937 1098 qui-

294 1104 429 1165 dem
446 1104 1146 1185 Epiphaniusmonacbus
1159 1115 1217 1168 et
1238 1106 1564 1187 presbyter,
1599 1115 1659 1168 et
1684 1106 1939 1168 Jacobus

299 1195 646 1269 monachus,
676 1194 1011 1256 invenimus
1067 1193 1397 1257 Oratorium
1458 1197 1641 1257 sancti
1676 1194 1940 1277 Apostoli

294 1282 568 1349 Andreae.
606 1291 662 1344 et
692 1282 840 1344 duos
860 1286 1182 1346 monachos
1199 1285 1594 1365 presbyteros,
1620 1285 1939 1366 Theopha-

298 1389 433 1432 nem
459 1379 516 1432 et
536 1369 875 1433 Simeonem
906 1390 922 1447 ;
950 1382 1005 1435 et
1027 1374 1275 1454 efﬁgiem
1298 1375 1482 1436 sancti
1515 1376 1786 1448 Andreae,
1824 1373 1939 1434 mi-

294 1460 548 1522 rabilem
562 1460 756 1540 plane,
778 1460 839 1521 in
862 1479 1155 1523 marmore
1171 1463 1452 1524 caalatam.
1473 1463 1943 1543 EtTheophanes

298 1559 426 1611 erat
453 1569 639 1611 annos
663 1551 968 1630 plusquam
988 1553 1356 1633 septuaginta
1388 1561 1577 1629 natus,
1605 1553 1704 1633 qui
1734 1561 1940 1615 osten-

296 1640 384 1703 dit
415 1641 583 1701 nobis
614 1641 927 1703 cathedras
958 1642 1380 1721 apostolorum,
1417 1654 1476 1706 et
1508 1644 1740 1725 lapidea
1771 1643 1941 1706 cubi-

298 1732 454 1794 cula.
488 1732 557 1793 Et
615 1733 763 1795 dixit
817 1734 955 1814 quia
1011 1735 1119 1795 sub
1178 1735 1455 1797 Cabalino
1507 1736 1938 1817 (Copronymot,

300 1830 588 1882 venerunt
645 1823 881 1903 quidam
942 1823 1319 1886 iconoclastaa
1373 1826 1635 1888 volentes
1692 1834 1940 1887 statuam

301 1910 738 1992 comminuere,
770 1926 827 1973 et
862 1913 1040 1974 multa
1073 1921 1373 1975 tentantes
1390 1914 1819 1994 nilpotuerunt,
1839 1913 1942 1974 sed

302 1999 495 2079 potius
516 2000 767 2065 inﬁrma:
788 2003 956 2065 factae
975 2012 1332 2065 suntmanus
1353 2023 1579 2067 eorum.
1604 2004 1947 2066 Traditione

307 2100 500 2153 autem
527 2101 816 2168 tenemuz,
842 2093 980 2174 quia
1005 2093 1235 2155 vivente
1258 2093 1723 2174 adhueapostolo
1750 2094 1946 2174 imago

299 2181 450 2245 facta
482 2190 588 2258 est,
627 2191 683 2244 et
714 2183 1049 2245 curationes
1081 2183 1266 2246 multa
1294 2191 1593 2264 operatur.

387 2358 530 2422 Cum
551 2360 1053 2422 venissentautem
1079 2360 1327 2441 aposio'i
1344 2363 1552 2424 Petrus
1570 2370 1629 2424 et
1650 2362 1941 2443 Andreas,

303 2449 449 2511 etin
506 2449 722 2511 finibus
782 2449 989 2510 morati
1047 2462 1272 2526 essent,
1332 2453 1634 2512 daemones
1689 2449 1947 2529 regionis

303 2537 463 2600 illius
489 2540 887 2600 clamaverunt
920 2538 1186 2601 dicentes
1220 2559 1233 2599 :
1299 2539 1444 2611 Quia
1503 2540 1778 2620 discipuli
1807 2540 1947 2603 Jesu

303 2635 593 2688 venerunt
614 2626 834 2706 ejicere
859 2646 964 2687 nos
985 2646 1019 2688 a
1040 2628 1177 2688 viris
1201 2627 1526 2707 locihujus.
1548 2628 1628 2689 Ex
1658 2629 1806 2690 urbe
1835 2648 1945 2689 au-

305 2724 423 2777 tem
457 2715 695 2796 quidam
728 2716 1036 2778 audientes
1068 2716 1341 2778 exierunt
1384 2718 1455 2778 ad
1488 2735 1611 2779 eas.
1645 2714 1715 2778 Et
1745 2717 1950 2799 populi

302 2805 607 2866 venientes
629 2806 954 2868 aﬁ’erebant
975 2815 1210 2867 vexatos
1233 2825 1266 2867 a
1287 2806 1577 2881 daemone,
1600 2806 1948 2868 etlabnran-

2018 747 2167 829 ϐαροι
2221 754 2308 808 καὶ
2365 754 2643 835 ἀνήμεροι,
2699 758 2755 812 οἳ
2817 756 2894 836 (4)
2944 747 3126 817 ἕνεκεν
3182 762 3365 818 τούτου
3420 747 3663 840 λέγονται

2018 838 2442 931 ἅνθρωποφᾴγοι.
2505 840 2774 910 Ἐλθόντες
2841 845 2897 902 δὲ
2981 851 3029 904 οἱ
3111 849 3398 908 ἀπόστολοι
3470 838 3663 931 Πέτρος

2017 929 2105 984 καὶ
2133 925 2374 1008 Ἀνδρέας
2431 931 2526 988 οὒκ
2578 932 2818 1000 εἰσῆλθον
2876 934 2930 991 ἐν
2985 943 3052 1013 τῇ
3107 937 3283 1013 πόλει,
3343 937 3461 995 ἀλλ’
3492 925 3659 1002 εἷς’τὸ

2020 1015 2174 1093 ἀκρον
2203 1022 2299 1083 τῆς
2359 1020 2521 1088 νήσου
2580 1021 2890 1085 κατέλυσαν.
2948 1013 3045 1082 Ἦν
3100 1023 3154 1081 δὲ
3203 1025 3401 1106 ἕρημος
3456 1030 3529 1092 ὡς
3559 1028 3668 1084 ἀπὸ

2022 1104 2208 1194 μιλίων
2242 1111 2340 1172 τῆς
2398 1107 2605 1173 πόλεως
2663 1109 2740 1176 ἕξ,
2809 1109 2896 1170 Ἐν
2954 1117 3086 1190 αὐτῇ
3140 1112 3195 1170 δὲ
3231 1104 3522 1194 -γενόμενοι
3560 1114 3669 1194 ἐγώ

2020 1215 2077 1249 τε
2109 1192 2413 1276 Ἐπίφάνιος
2471 1202 2709 1279 μοναχὸς
2759 1203 2846 1257 καὶ
2901 1192 3274 1283 πρεσϐύτερος
3328 1207 3415 1261 καὶ
3471 1192 3664 1262 Ἰάκω-

2023 1280 2113 1347 ϐος
2173 1286 2437 1365 μοναχὸς,
2497 1286 2714 1366 εὕρομεν
2773 1280 3044 1371 εὖκτήριον
3104 1280 3197 1352 τοῦ
3252 1295 3400 1372 ἁγίου
3429 1293 3665 1350 ἀποστό-

2023 1371 2115 1428 λου
2178 1371 2416 1453 Ἀνδρέου
2471 1379 2558 1432 καὶ
2610 1375 2697 1435 δύο
2759 1381 3029 1459 μοναχοὺς
3086 1371 3483 1459 πρεσϐυτέρους,
3542 1389 3667 1438 Θεο-

2024 1461 2192 1537 φάνην
2249 1464 2336 1518 καὶ
2392 1466 2631 1540 Συμεὼν,
2690 1470 2779 1524 καὶ
2834 1471 3007 1527 εἰκόνα
3052 1480 3143 1529 τοῦ
3198 1471 3345 1549 ἁγίου
3398 1469 3665 1550 Ἀνδρέους

2024 1552 2337 1626 θαυμαστὴν
2426 1555 2585 1636 πάνυ,
2668 1559 2741 1621 εἰς
2824 1559 3098 1639 μάρμαρον
3178 1559 3664 1642 ὕλογραφουμένην.

2029 1642 2183 1697 Καὶὸ
2218 1643 2487 1722 Θεοφάνης
2539 1645 2671 1703 ἐτῶν
2725 1647 2793 1714 ἧν
2848 1647 3090 1705 ἐπέκεινα
3148 1657 3253 1706 τῶν
3310 1640 3398 1730 0',
3444 1652 3500 1713 ὃς
3528 1648 3667 1706 ἔδει-

2028 1725 2107 1793 ξεν
2166 1731 2299 1804 ἦμθν
2375 1733 2470 1796 τὰς
2553 1733 2802 1813 καθέδρας
2883 1744 2988 1793 τῶν
3073 1737 3382 1803 ἀποστόλων
3434 1740 3520 1795 καὶ
3574 1738 3668 1800 τὰς

2027 1815 2322 1883 ἀνακλίσεις
2370 1819 2453 1877 ἐπὶ
2509 1820 2684 1881 λίθων.
2749 1826 2845 1881 Καὶ
2902 1824 3102 1906 ἔλεγεν,
3159 1825 3237 1882 ὅτι
3294 1826 3378 1882 ἐπὶ
3431 1836 3523 1886 τοῦ
3556 1837 3669 1884 Κα-

2027 1903 2238 1964 ϐαλίνου
2292 1907 2379 1988 (5)
2426 1909 2584 1977 ἦλθόν
2638 1934 2774 1975 τινες
2834 1903 3173 1994 εἰκονομὶχοι
3236 1914 3472 1979 θέλοντες
3530 1912 3672 1980 ξέσαι

2029 1995 2127 2062 τὴν
2184 1998 2379 2055 εἰκόνα.
2438 2001 2536 2057 Καὶ
2594 1999 2765 2057 πολλά
2822 2004 3268 2082 μηχανησάμενοι
3327 2002 3469 2060 οῦδὲν
3501 2003 3672 2083 ἴσχυ-

2029 2105 2146 2163 σαν,
2206 2084 2408 2160 μᾶλλον
2464 2086 2518 2142 δὲ
2572 2090 2660 2145 καὶ
2714 2090 3075 2169 ἐκρατήθησαν
3126 2095 3177 2148 αἱ
3233 2106 3417 2172 χεῖρες
3474 2092 3670 2153 αὔτῶν.

2028 2172 2320 2253 Ηαράδοσιν
2371 2175 2423 2232 δὲ
2483 2175 2705 2256 ἔχομεν,
2767 2178 2848 2235 ὅτι
2904 2179 2979 2236 ἔτι
3037 2178 3182 2244 ὄντος
3240 2191 3335 2240 τοῦ
3370 2179 3668 2239 ἀποστόλου

2027 2263 2062 2330 ἡ
2095 2263 2246 2318 εἰκὼν
2278 2264 2504 2343 ἐγράφη,
2539 2272 2693 2322 Ποιεϊ
2721 2264 2766 2322 δὶ
2795 2267 2960 2331 ἰάσεις
2989 2266 3214 2332 πολλάς,

2109 2349 2398 2409 Ἐλθόντων
2456 2351 2510 2408 δὲ
2569 2360 2671 2410 τῶν
2758 2355 3067 2413 ἀποστόλων
3151 2357 3347 2437 Πέτρου
3401 2358 3488 2413 καὶ
3545 2354 3673 2413 Ἀν-

2027 2438 2174 2520 δρέου
2230 2442 2316 2497 καὶ
2371 2442 2775 2500 καταλυσάντων
2832 2447 2905 2508 εἷς
2962 2448 3022 2501 τὸ
3075 2445 3233 2525 ἄκρον
3317 2445 3429 2524 (6),
3487 2445 3673 2510 εὖθέως

2029 2530 2075 2583 οἱ
2132 2526 2375 2602 δαίμονες
2433 2534 2529 2596 τῆς
2587 2531 2769 2610 χώρας
2846 2530 3048 2599 ἐκείδης
3125 2531 3350 2599 ἐϐόησαν
3406 2531 3674 2613 λέγοντες,

2029 2616 2109 2671 ὅτι
2167 2620 2224 2673 Οἱ
2280 2624 2371 2674 τοῦ
2429 2616 2602 2685 ’1ησοῦ
2658 2622 2886 2694 μαθηταὶ
2936 2620 3095 2689 ἦλθον
3151 2620 3324 2687 διῶξαι
3374 2624 3515 2697 ἡμᾶς
3568 2621 3675 2678 ἀπὸ

2028 2712 2133 2761 τῶν
2189 2704 2312 2762 ὧδε.
2377 2705 2471 2763 Ἐκ
2522 2706 2576 2763 δὲ
2632 2713 2731 2775 τῆς
2805 2707 3015 2773 πόλεως
3087 2710 3403 2773 ἀκούσαντος
3460 2708 3673 2777 ἐξῆλθον

2030 2796 2160 2873 πρὸς
2217 2794 2428 2859 αὐτούς.
2489 2797 2547 2852 Οἱ
2604 2794 2661 2850 δὲ
2718 2795 2835 2853 λαοὶ
2894 2799 3267 2879 συνερχόμενοι
3324 2797 3503 2879 ἔφερον
3553 2795 3673 2854 δαι-

306 2904 397 2955 tes
444 2892 672 2955 morbis
702 2894 1089 2956 insanalibus.
1136 2894 1432 2956 Exeuntes
1469 2904 1660 2956 autem
1695 2894 1945 2975 apostoli

2033 2882 2466 2961 μονιῶνταςξ-καὶ
2523 2890 2803 2948 νοσοῦντας
2855 2886 3062 2948 ἀνίατα.
3141 2884 3465 2953 Ἐξελθόντες
3523 2884 3583 2983 δὲ
3625 2889 3673 2944 οἱ

304 3001 373 3044 ae
406 3000 532 3059 eos,
565 2981 855 3044 vocabant
885 2982 1190 3046 dicentes:
1262 2981 1402 3057 Viri,
1462 2990 1526 3044 ut
1549 2983 1691 3063 quid
1720 2982 1951 3046 habetis

304 3078 466 3133 secta
496 3072 734 3148 multas,
766 3069 1000 3132 Hebraei
1032 3091 1165 3133 cum
1196 3071 1345 3153 sitis,
1378 3085 1434 3133 et
1458 3091 1595 3132 nom
1626 3071 1950 3134 ambulatis

302 3158 365 3220 in
398 3160 529 3240 lege
555 3160 739 3242 Moysi
801 3180 1031 3237 omnes,
1089 3160 1398 3223 credentes
1450 3160 1526 3221 iis
1554 3179 1683 3240 quae
1711 3162 1951 3241 scripsit

303 3247 433 3328 ipse
461 3257 520 3310 et
549 3250 787 3312 tradidit
814 3250 843 3310 ?
881 3250 965 3311 Ea
995 3250 1153 3311 enim
1185 3269 1292 3311 nos
1324 3249 1733 3330 przedicamus.
1765 3249 1948 3322 Quem

305 3338 463 3401 enim
486 3338 684 3401 dicitis
709 3340 1052 3420 prophetam
1084 3347 1417 3411 venturum,
1446 3339 1639 3419 ipsum
1661 3357 1768 3400 nos
1796 3339 1949 3400 vidi-

307 3448 440 3493 mus
466 3439 524 3493 et
552 3431 711 3493 misit
739 3451 848 3493 uos
881 3432 1197 3511 prmdicare
1226 3431 1286 3493 in
1330 3430 1571 3493 nomine
1602 3431 1728 3511 ejus
1756 3430 1948 3511 poeni-

306 3521 551 3584 tentiam
583 3530 642 3584 et
665 3522 1081 3583 remissionem
1117 3528 1490 3601 peccatorum
1522 3518 1682 3582 omni
1704 3518 1944 3595 mundo,

305 3609 672 3674 abstinentes
699 3612 773 3673 ab
802 3609 966 3672 omni
996 3610 1244 3685 scelere,
1307 3616 1363 3670 et
1395 3608 1714 3689 baptizatos
1744 3608 1805 3669 in
1838 3627 1950 3669 no-

308 3699 469 3761 mine
494 3699 645 3780 eJ'us.
671 3698 814 3762 Cum
837 3707 1032 3761 autem
1054 3698 1247 3760 verbis
1268 3697 1434 3759 multi
1459 3697 1773 3777 paupulum
1800 3715 1948 3759 con-

307 3789 648 3851 lirmussent
677 3798 735 3851 et
760 3788 1196 3851 illuminassent
1242 3786 1481 3850 Judaeos
1511 3793 1569 3847 et
1597 3784 1854 3861 ercos,
1891 3793 1949 3847 et

305 3879 398 3940 bis
428 3879 618 3961 quiin
650 3879 764 3940 ﬁde
825 3895 1064 3939 manere
1121 3873 1563 3956 spoponderant
1590 3890 1800 3933 manus
1827 3871 1946 3933 im-

306 3968 667 4049 posuissent,
702 3976 761 4030 et
788 3975 1041 4045 aagrotos
1072 3971 1400 4038 sanassent,
1437 3961 1793 4023 dimiserunt
1820 3980 1942 4030 eos,

304 4065 375 4125 Et
397 4061 760 4124 venientium
787 4058 998 4119 multos
1022 4053 1458 4135 baptizaverunt
1477 4050 1537 4111 in
1569 4053 1811 4112 nomine
1838 4053 1935 4111 ινδ-

308 4153 415 4216 tris
445 4162 502 4214 et
532 4151 664 4213 Filii
689 4147 1015 4229 etSpiritus
1034 4143 1242 4217 sancti,
1267 4152 1325 4204 et
1348 4140 1662 4223 participes
1684 4140 1953 4204 fecerunt

306 4267 410 4310 eos
439 4244 773 4308 divinorum
807 4235 1025 4300 Christi
1055 4231 1488 4314 mysteriorum.

390 4514 533 4577 Cum
552 4516 746 4573 autem
772 4499 1366 4566 abiissetMatthiasin
1392 4495 1684 4558 civitatem
1707 4506 1951 4576 propter

309 4604 571 4683 aliquam
604 4594 1043 4665 necessitatem,
1105 4584 1691 4683 manus__injicientes
1719 4584 1781 4644 in
1812 4602 1946 4644 eum

307 4674 762 4772 conieceruntin
780 4677 1285 4772 carceremtribus
1298 4676 1532 4747 diebus,
1558 4674 1946 4772 vplentespo-

307 4761 864 4843 stridieinterﬁcere
878 4788 1037 4831 eum.
1064 4764 1332 4829 Andreas
1357 4771 1553 4825 autem
1578 4761 1950 4823 descendens

308 4871 384 4932 de
414 4873 614 4930 monte
646 4880 749 4944 per
778 4866 1036 4931 noctem,
1069 4855 1229 4917 venit
1256 4851 1693 4944 adcustodiam
1730 4868 1746 4926 ;
1780 4858 1948 4930 porta

306 4966 502 5023 autem
519 4940 777 5018 carceris
798 4949 950 5011 vltro
975 4953 1177 5028 aperta
1195 4951 1284 5006 est
1305 4941 1384 5007 ei.
1412 4940 1732 5004 Adducens
1748 4946 1945 5001 autem

2031 2972 2317 3030 ἀπόστολοι
2374 2976 2503 3051 πρὸς
2559 2976 2745 3040 αὐτοὺς
2802 2977 3131 3057 παρεκάλουν
3206 2977 3449 3057 λέγοντες
3480 2996 3498 3014 ο
3558 2972 3676 3034 ’Ἀν-

2028 3060 2167 3142 δρες,
2198 3061 2332 3120 διατί
2388 3062 2542 3144 ἔχετε
2596 3063 2746 3131 δόξας
2802 3066 3030 3148 πολλὰς,
3092 3058 3326 3147 Ἐϐραϊοι
3377 3066 3543 3143 ὄντες,
3591 3067 3680 3124 καὶ

2029 3156 2089 3210 οὗ
2118 3158 2426 3234 σταιχεϊσθε
2455 3161 2531 3229 τῷ
2559 3155 2708 3231 νόμῳ
2761 3155 2993 3222 Μωσέως
3050 3160 3097 3214 οἱ
3150 3158 3364 3231 πάντες,
3397 3157 3678 3214 πιστεύον-

2028 3263 2115 3305 τες
2171 3242 2304 3322 ἇίπερ
2360 3243 2515 3307 αὖτὸς
2573 3242 2770 3323 ἔγραψε
2824 3246 2912 3301 καὶ
2959 3243 3308 3325 παρέδωκενς
3387 3245 3529 3304 Αὒτά
3577 3244 3678 3323 γάρ

2031 3332 2195 3406 ἡμεῖς
2252 3332 2580 3411 κηρύττομεν
2614 3353 2628 3367 '
2705 3334 2764 3388 ὃν
2819 3334 2918 3413 γὰρ
2972 3333 3154 3412 λέγετε
3209 3335 3486 3415 προφήτην
3544 3333 3678 3388 ἀνα-

2033 3420 2383 3496 στησόμενον,
2469 3431 2648 3480 τοῦτον
2727 3423 2890 3497 ἡμεῖς
2970 3423 3277 3501 ἑωράκαμεν
3312 3438 3327 3458 ⁸
3414 3422 3503 3478 καὶ
3585 3416 3678 3476 ἀπ’

2034 3507 2260 3566 έστειλεν
2293 3511 2459 3585 ἡμᾶς,
2519 3509 2736 3589 κηρῦξαι
2793 3510 2845 3567 ὲν
2902 3519 2978 3586 τῷ
3034 3512 3253 3587 ὀνόματι
3310 3514 3464 3569 αὐτοῦ
3522 3509 3680 3584 μετά-

2031 3619 2176 3655 νοιαν
2205 3600 2291 3655 καὶ
2322 3598 2503 3679 ἔφεσιν
2533 3601 2802 3678 ἀμαρνιῶν
2858 3601 3012 3657 παντὶ
3067 3606 3143 3672 τῷ
3198 3599 3404 3674 κόσμῳ,
3464 3598 3676 3676 ἀπεχο-

2032 3685 2216 3760 μένους
2276 3687 2453 3754 πάσης
2510 3685 2831 3766 ῥᾳδιουργίας
2879 3689 2968 3743 καὶ
3022 3686 3433 3764 βαπτιζομένους
3489 3687 3561 3747 είς
3616 3685 3677 3740 τὸ

2031 3770 2195 3849 ὄνομα
2241 3775 2396 3831 αὐτοῦ
2454 3773 2684 3838 Πολλοῖς
2735 3772 2787 3829 δὲ
2844 3774 3023 3853 λόγοις
3075 3776 3165 3831 τὸν
3225 3773 3353 3853 λαὸν
3411 3769 3680 3851 στηρίξαν-

2028 3846 2132 3926 τες*
2167 3865 2255 3919 καὶ
2308 3864 2628 3943 φωτίσαντες
2688 3846 2963 3926 Ἰουδαίους
3047 3864 3136 3919 καὶ
3226 3846 3526 3941 Ἕλληνας,-
3591 3861 3680 3916 καὶ

2032 3951 2363 4028 συνθεμένοις
2421 3953 2665 4028 ἐμμένειν
2723 3959 2790 4029 τῇ
2868 3953 3039 4008 πίστει
3120 3964 3312 4031 χεῖρας
3391 3948 3675 4029 ἐπιθέντες,

2032 4042 2118 4097 καὶ
2198 4042 2319 4105 τοὺς
2391 4049 2669 4104 νοσοῦντας
2759 4041 3052 4115 ἰασάμενοι,
3142 4039 3407 4097 ἀπέλυσαν
3465 4038 3676 4101 αύτούς.

2034 4133 2132 4188 Καὶ
2183 4132 2287 4187 τῶν
2344 4130 2746 4211 συνερχομένων
2826 4128 3055 4195 πολλοὺς
3142 4128 3425 4186 ἐϐάπτισαν
3481 4129 3557 4191 εἰς
3618 4127 3680 4183 τὸ

1963 4217 2202 4297 Βόνομα
2230 4226 2322 4276 τοῦ
2350 4222 2552 4298 Πατρὸς
2610 4222 2697 4277 καὶ
2753 4229 2846 4277 τοῦ
2903 4221 3022 4275 Υἱοῦ
3070 4219 3157 4274 καὶ
3208 4225 3301 4274 τοῦ
3331 4217 3478 4295 ἀγίο)
3509 4216 3677 4273 Πνεύ-

2029 4332 2221 4390 ματος,
2255 4310 2345 4365 καὶ
2398 4305 2697 4384 μετέδωκαν
2751 4309 2934 4371 αὺτοῖς
2992 4313 3084 4364 τοῦ
3141 4313 3366 4386 Χριστοῦ
3396 4311 3500 4362 τῶν
3526 4305 3676 4361 θείων

1977 4435 1981 4439 ι
2030 4402 2352 4480 μυστηρίων.

2113 4488 2466 4553 Κατελθόντος
2497 4487 2551 4544 δὲ
2580 4498 2672 4548 τοῦ
2729 4488 2927 4545 Ματθία
2984 4487 3056 4551 εἷς
3112 4486 3210 4553 τὴν
3266 4483 3418 4541 πόλιν
3449 4481 3532 4540 διά
3558 4506 3676 4539 τινα

2033 4581 2241 4660 χρείανί
2302 4582 2347 4636 οἱ
2405 4575 2649 4635 Ἰουδαῖοι
2732 4578 3089 4656 κρατήσαντες
3166 4575 3321 4632 αυτὸν
3378 4571 3547 4628 ἔθεντο
3603 4572 3673 4635 εἷς

2031 4668 2272 4748 φυλακὴν
2355 4679 2500 4747 τρεῖς
2542 4745 2552 4748 _
2584 4665 2810 4746 ἡμέρας³
2892 4663 3203 4741 βουλόμενοι
3285 4667 3353 4737 τῇ
3430 4660 3676 4739 ἐπαύριον

2032 4745 2241 4814 ἀνελεῖν
2298 4745 2477 4816 αὐτόν.
2540 4745 2597 4813 ιΟ
2655 4745 2710 4810 δέ
2794 4751 3038 4832 Ἀνδρέας
3115 4749 3378 4809 κατελθὼν
3429 4749 3533 4805 ἀπὸ
3589 4755 3680 4806 τοῦ

2031 4847 2177 4925 ὄρους
2235 4844 2317 4902 διὸ
2373 4850 2470 4912 τῆς
2526 4846 2710 4908 νυκτὸς
2766 4842 2921 4912 ἦλθεν
2993 4844 3066 4905 εἰς
3148 4842 3247 4908 την
3304 4837 3541 4916 φυλακήν
3569 4858 3583 4872 ·
3642 4840 3678 4907 ἡ

2027 4934 2081 4992 δὲ
2133 4933 2276 5002 πύλη
2332 4940 2430 5002 τῆς
2517 4931 2752 5013 φυλακῆς
2833 4930 3139 5007 αὖτόμάτως
3219 4928 3434 5007 ἐνοίχθη
3510 4928 3675 5003 αύτῷ,

1730 5120 1924 5185 Varia;
1950 5119 2256 5182 lectiones.

386 5271 682 5352 (4)_Pron.
747 5269 800 5325 οῗ
861 5265 1044 5329 textui
1103 5261 1483 5327 inserendum
1536 5266 1681 5323 erat.
1713 5257 1957 5321 Abesta

313 5349 948 5568 coiigg‘l’itustantiuum
994 5424 1428 5506 Copronymum
1459 5419 1753 5498 intelligit.
1786 5419 1873 5492 Τῷ
1902 5406 1957 5495 γ’

313 5512 414 5568 ἔτει
471 5511 639 5568 τέγθη
667 5512 745 5568 τῶ
775 5508 988 5568 Βασιλεῖ
1042 5508 1225 5564 Λέοντι
1274 5506 1382 5568 υἱὸς
1433 5499 1838 5565 δυσσεϐέστατος
1867 5498 1954 5555 καὶ

309 5498 414 5571 ’έτεί
444 5498 640 5590 ἐτέχθη
667 5512 745 5583 τῷ
775 5508 988 5583 βασιλεῖ
1042 5498 1249 5564 Λέοντι⁷
1274 5506 1382 5568 υἱὸς
1433 5499 1838 5565 δυσσεϐέστατος
1867 5498 1954 5555 καὶ

2037 5261 2127 5312 τοῦ
2185 5251 2546 5332 Ἀντιχρίστου
2587 5247 2902 5332 πρόδρομος,
2961 5258 3361 5332 ιςωνσταντϊνος
3415 5248 3443 5302 ὁ
3478 5242 3678 5332 £1161-

2035 5334 2209 5398 λϊνος.
2243 5323 2548 5396 Cedrenus
2589 5323 2650 5390 in
2707 5323 3034 5410 Co‘mpend.
3091 5325 3316 5389 Hister.
3369 5343 3424 5406 p.
3461 5323 3580 5387 452
3608 5324 3679 5386 (Σ.

2038 5414 2134 5477 ed.
2173 5412 2462 5476 Parisien.
2493 5429 2550 5471 a.
2594 5409 2766 5473 1647.

2119 5493 2204 5576 (6)
2236 5496 2306 5552 Τὸ
2332 5491 2507 5572 ἄκρος.
2543 5487 2671 5552 Vat.
