4068 6112
311 188 432 256 223
1603 198 1986 267 ΕΡΙΡΗΑΝΙ]

2068 203 2379 270 [ONACHI
3561 202 3683 272 224

309 341 611 424 carcerem
638 330 986 424 quem‘ultro
1007 330 1537 424 aperuitAndreas,
1558 330 1797 424 signans
1817 348 1958 424 cum
1970 350 1986 397 Α

2068 334 2304 417 ἰατριϐὰς
2353 336 2607 396 ἐδείκνυον
2652 341 2787 417 ἡμῖν
2841 342 2931 399 καὶ
2984 343 3080 406 τὰς
3135 341 3384 424 καθέδρας
3439 341 3527 400 καὶ
3582 339 3683 407 τὴν

311 412 729 509 siguocrucis,
765 427 826 509 et
854 412 1118 482 educens
1167 420 1468 484 Malthiam
1522 412 1581 481 et
1612 420 1836 509 vinctos
1862 421 1965 501 qui

2068 428 2219 484 ixo'vat
2272 434 2365 485 τοῦ
2410 428 2707 490 ἀποστόλου
2761 432 2900 491 πάνυ
2962 434 3268 509 θαυμαστὴν
3326 432 3507 503 οὖσαν,
3563 428 3685 496 ἥτις

312 504 605 599 postridie
637 506 908 599 morituri
925 517 1115 599 erant,
1136 517 1202 599 et
1226 509 1512 599 ﬁculneae
1534 508 1636 570 ubi
1654 507 1966 572 abscondit

2068 515 2316 593 περιόντος
2368 515 2522 571 αὐτοῦ
2579 517 2780 598 ἐγράφη
2816 535 2830 550 ’
2888 521 2975 576 καὶ
3025 521 3091 576 τὰ
3135 534 3363 599 σημεῖα,
3418 520 3451 575 ἃ
3508 517 3689 582 ἐποίη-

312 600 527 688 εοε,.θι
556 591 722 655 littus
750 595 812 656 in
844 616 958 688 quo
992 598 1302 677 baptizavit
1333 616 1434 659 eos
1469 620 1485 670 ;
1548 605 1715 688 erant
1744 606 1960 677 autem,

2068 624 2154 676 rev,
2189 604 2276 659 καὶ
2306 602 2406 669 τὴν
2456 603 2717 686 φυλακὴν,
2777 607 2842 673 ἣν
2898 606 3101 674 ἤνοιξεν
3157 611 3185 665 6
3238 606 3481 688 Ἀνδρέας
3526 605 3688 663 αὖτο-

311 686 378 777 ut
402 679 587 777 aiunt,
622 701 871 777 numero
901 686 1108 747 decem
1144 699 1200 747 et
1230 693 1459 766 septem
1496 705 1511 760 ;
1543 686 1708 777 etde
1733 693 1959 777 septem

2068 692 2254 772 ιάτως,
2332 679 2622 773 σφραγίσας
2697 679 2860 762 ain-iw
2917 699 3005 753 καὶ
3063 696 3333 777 ἐξαγαγὼν
3361 679 3475 754 ’τὸν
3532 702 3688 751 Ματ-

313 765 714 861 daemoniacis,
752 775 1049 853 quomodo
1079 775 1266 836 curati
1293 765 1464 854 Sunt;
1492 782 1550 835 et
1579 773 1653 835 de
1683 772 1823 835 feris
1842 791 1964 834 mo-

2068 780 2152 836 ίαν
2210 765 2298 837 καὶ
2351 765 2495 845 τοὺς.
2529 781 2925 860 συνδεδεμένους
2992 765 3283 861 μέλλοντας
3339 786 3423 842 ἐπὶ
3476 785 3537 840 τὸ
3596 781 3692 838 αὖ·

311 853 480 946 ribus
506 874 710 920 eorum
732 861 832 942 qui
857 869 995 924 tunc
1018 873 1213 945 erant,
1237 853 1493 925 maxime
1517 870 1713 925 autem
1758 880 1964 923 eorum

2068 890 2151 925 ιιον
2216 868 2564 940 ἀποθνήσκειν
2598 891 2614 908 ⁶
2698 874 2786 929 καὶ
2867 874 2961 936 τὰς
3044 882 3227 946 συκᾶς,
3315 873 3447 931 ὅπου
3502 871 3689 933 αὐτοὺς

267 938 605 1041 Χ(ιιιξιιιιηο
665 938 897 1014 exstant
952 938 1240 1015 virorum.
1301 952 1593 1014 Amisiani
1618 960 1817 1012 autem
1846 950 1962 1012 alia

2068 956 2264 1035 ἔκρυψεν
2299 973 2312 987 ’
2373 960 2460 1016 κπῖ
2514 960 2612 1027 τὴν
2667 957 2861 1041 δ’χθην,
2927 961 3058 1020 ὅπου
3113 964 3301 1027 αὖτοὺς
3358 959 3634 1019 ἐϐάπτισεν
3665 974 3679 986 ⁸

314 1031 486 1127 nobis
528 1038 868 1102 narrabant.
910 1040 1200 1104 Caeterum
1261 1040 1598 1102 invenimus
1665 1040 1964 1119 quomodo

2068 1045 2177 1113 ᾖσαν
2235 1043 2289 1101 δὲ
2362 1050 2536 1127 φασὶν,
2632 1052 2679 1105 οἱ
2760 1050 2954 1115 πάντες
3040 1050 3300 1109 δεκαεπτά
3332 1068 3346 1083 ⁶
3430 1051 3520 1107 καὶ
3574 1070 3694 1127 περι

316 1120 666 1220 duofratres
697 1129 897 1206 partiti
919 1131 1037 1193 sint
1058 1130 1262 1192 orbem
1293 1133 1665 1203 universum,
1694 1135 1751 1189 et
1788 1131 1964 1191 Petro

2068 1140 2149 1190 :ch
2206 1134 2339 1191 ἑπτα
2376 1120 2865 1220 δαιμονιζομένων,
2927 1140 3043 1204 πῶς
3113 1142 3329 1208 ἰάθησαν
3364 1157 3379 1172 ⁶
3437 1140 3525 1195 καὶ
3577 1120 3697 1216 περὶ

317 1208 558 1308 quidem
582 1213 869 1308 obtigerit
899 1226 957 1279 ut
987 1218 1386 1281 occidentales
1432 1218 1628 1299 plagas
1660 1217 1964 1279 illumina-

2068 1229 2136 1279 τοῦ
2192 1223 2372 1303 ἀγρίου
2432 1223 2587 1292 ἤθους
2669 1232 2777 1282 τῶν
2850 1208 2998 1308 ἰτότε,
3086 1228 3286 1305 μᾶλλον
3355 1226 3410 1284 δὲ
3463 1228 3552 1283 καὶ
3606 1233 3695 1281 νῦν

319 1305 431 1373 ret,
466 1299 721 1365 Andreae
752 1314 947 1368 autem
979 1309 1322 1371 orientales.

2068 1311 2353 1389 ινθρώπων,
2411 1310 2706 1390 Ἀμισιανοὶ
2778 1312 2833 1372 δὲ
2920 1316 3072 1395 ἕτερα
3148 1320 3284 1393 ἡμῖν
3355 1314 3636 1394 ἐξηγοῦντο
3671 1333 3688 1350 ⁸

318 1392 515 1446 Λοιπὸν
557 1392 795 1472 εὕρομεν,
829 1399 902 1460 ὡς
931 1400 978 1453 οἱ
1011 1396 1097 1454 δύο
1122 1396 1332 1478 ἀδελφοὶ
1361 1397 1664 1477 ἐμερίσαντο
1702 1396 1792 1451 τὸν
1821 1396 2019 1473 κόσμον
2076 1397 2199 1456 ὅλον
2234 1416 2248 1430 ⁸
2294 1403 2383 1458 καὶ
2438 1404 2527 1460 τὸν
2584 1403 2679 1479 μὲν
2736 1403 2929 1485 Πέτρον
2994 1392 3233 1486 λαχόντα
3260 1411 3358 1473 τῆς
3391 1392 3596 1468 Δύσεως
3626 1403 3694 1459 τὰ

318 1475 550 1552 κλίματα
575 1485 816 1562 φωτίσαι,
852 1488 940 1543 τὸν
972 1485 1026 1543 δὲ
1059 1475 1301 1566 Ἀνδρέαν
1332 1493 1429 1553 τῆς
1462 1475 1772 1552 ἽΑνατολῆς.

402 1565 716 1662 Postquam
749 1572 926 1652 igitur
953 1574 1025 1635 ab
1058 1565 1312 1635 invicem
1346 1572 1626 1652 disjuncti
1649 1580 1807 1646 sunt,
1843 1572 1986 1639 An-i

2128 1579 2274 1636 Μετὰ
2302 1580 2390 1636 οὗν
2434 1583 2496 1637 τὸ
2551 1579 2964 1662 διαχωρισθῆναι
3020 1584 3199 1648 αὒτοῦς
3259 1583 3352 1640 ἀπ’
3383 1581 3632 1652 ἀλλήλων
3661 1583 3689 1636 6

323 1653 775 1752 dreasaSinope
788 1662 1104 1752 discedens
1124 1682 1256 1725 cum
1289 1663 1680 1752 discipuliset
1707 1662 1967 1752 Matthia,

2068 1664 2300 1745 Ἀνδρέας
2353 1668 2458 1725 ἀπὸ
2514 1671 2763 1737 Σινώπης
2818 1672 3023 1752 ἀπάρας
3107 1673 3196 1729 σὺν
3251 1684 3369 1736 τοῖς
3427 1674 3692 1746 μαθηταῖς

319 1744 1083 1839 venitAmisummivitatem
1108 1749 1973 1829 maritimam,etdivertitapud

2068 1757 2144 1812 ιαὶ
2184 1744 2399 1830 Ματθίᾳ
2447 1757 2629 1826 ἦλθεν.
2682 1761 2753 1822 εἷς
2839 1744 3082 1837 Ἀμισὸν,
3146 1759 3300 1817 πόλιν
3355 1744 3700 1839 παραθαλασ-

323 1830 721 1898 Domitianum
736 1841 1050 1919 quemdam
1063 1838 1363 1903 Judaeum.
1382 1840 1451 1901 Et
1467 1840 1719 1927 Sabbato
1737 1839 1973 1917 ingres-

2068 1847 2172 1901 τίαν
2205 1862 2219 1875 ·
2280 1849 2367 1903 καὶ
2426 1847 2631 1914 εἰσῆλθε
2688 1850 2819 1927 πρὸς
2876 1851 3193 1926 Δομετιανόν
3248 1872 3363 1907 τινα
3420 1847 3699 1908 Ἰουδαῖον.

325 1938 427 1981 sus
451 1931 539 1983 est
555 1942 928 2006 synagogam.
954 1928 1290 1990 Viriautem
1312 1929 1429 1989 loci
1452 1930 1631 2007 hujus
1655 1926 1791 1988 boni
1812 1934 1977 1988 erant

328 2016 386 2068 et
434 2012 679 2090 optimi;
715 2016 880 2077 locus
910 2026 1107 2080 autem
1155 2018 1215 2078 in
1276 2018 1519 2079 veritate
1548 2016 1799 2096 Amysus
1835 2015 1977 2094 (non

325 2096 616 2181 odiosus),
649 2102 809 2166 ferax
840 2105 1148 2175 olivarum.
1213 2114 1272 2167 et
1331 2105 1526 2167 omnis
1580 2106 1815 2183 generis
1845 2103 1976 2163 fru-

332 2194 555 2274 ctuum.
577 2190 873 2255 Andream
896 2203 1091 2256 autem
1113 2196 1448 2273 ingressum
1473 2211 1825 2274 synagogam
1845 2209 1978 2254 cum

2061 1933 2159 1989 Καὶ
2239 1940 2314 2008 τῷ
2398 1932 2654 2009 Σαϐϐάτῳ
2735 1936 2970 2004 εἰσῆλθεν
3023 1940 3095 2000 εἷς
3178 1938 3276 2005 τὴν
3360 1937 3695 2015 συναγωγήν.

2060 2023 2119 2076 Οἱ
2193 2018 2247 2075 δὲ
2328 2021 2557 2079 ἐντόπιοι
2634 2023 2893 2103 ἅνθρωποι
2976 2024 3126 2082 καλοὶ
3180 2026 3267 2082 καὶ
3351 2026 3584 2104 ἀγαθοί·
3671 2026 3700 2080 6

2059 2105 2114 2163 δὲ
2170 2109 2329 2173 τόπος
2388 2112 2523 2167 κατᾶ
2576 2111 2824 2182 ἀλήθειαν
2879 2110 3087 2190 ἄμισος.
3158 2114 3453 2195 φυτοκόμος
3509 2112 3699 2169 ἐλαιῶν

2058 2199 2147 2254 ναὶ
2202 2201 2462 2257 παντοίων
2518 2224 2584 2257 κα
2668 2209 2693 2219 ⁵
2890 2211 2911 2220 “
2976 2202 3022 2237 ⁸⁵³
3084 2204 3099 2227 ’
3250 2205 3303 2245 '~

2079 2242 2094 2254 .
2376 2246 2387 2256 .
2587 2225 2754 2281 ρπων,
2814 2215 2916 2262 Του
2971 2224 3026 2260 οε,
3105 2203 3324 2285 Ανδρεοδ
3368 2202 3701 2267 συνελθόντος

333 2273 662 2357 discipulis,
695 2281 1211 2360 interrogaverunt
1268 2282 1432 2344 unde
1488 2273 1709 2361 essent,
1768 2280 1982 2361 etquis

2068 2290 2154 2344 σὺν
2211 2302 2329 2351 τοῖς
2385 2273 2649 2365 μαθηταῖς
2705 2293 2777 2356 εἰς
2861 2292 2954 2359 τὴν
3034 2273 3368 2371 συναγωγὴν,
3429 2290 3702 2372 διηρώτων

333 2380 554 2456 sermo.
586 2366 698 2439 Qui
756 2370 871 2433 ait:
930 2374 1072 2434 Jesu
1134 2371 1360 2436 Gali‘zei
1418 2369 1697 2451 discipuli
1727 2388 1976 2430 sumus:

2068 2377 2218 2432 πόθεν
2248 2379 2334 2433 καὶ
2362 2379 2439 2441 τίς
2495 2382 2523 2435 6
2576 2377 2734 2456 λόγος
2793 2380 2984 2441 αὐτῶν,
3046 2372 3103 2439 Ὀ
3163 2366 3218 2436 δὲ
3259 2366 3421 2438 ἐἶπεν
3457 2396 3471 2411 ‘

328 2451 575 2546 audistis
608 2456 779 2535 plane
810 2459 1053 2520 verbum
1086 2463 1241 2540 quod
1265 2479 1569 2538 egreSsum
1596 2468 1685 2520 est
1703 2457 1775 2520 ab
1797 2460 1976 2522 Jeru-

2068 2471 2149 2521 τοῦ
2194 2463 2472 2522 Γαλιλαίου
2557 2451 2785 2541 μαθηταί
2868 2466 3024 2543 ἐσμεν
3058 2512 3073 2527 .
3156 2468 3365 2533 πάντως
3439 2469 3501 2526 τὸ
3556 2470 3703 2546 ῥῆμα

329 2539 809 2636 salemAderant
824 2539 1443 2623 autemHerodiani,et
1462 2547 1805 2610 dixeruntzJ
1812 2566 1977 2609 esum

2068 2554 2320 2636 ᾖαούσατε
2399 2555 2461 2609 τὸ
2544 2539 2746 2619 ἐξελθὸν
2829 2539 2941 2612 ἀπὸ.
3024 2547 3388 2635 Ἰερουσαλήμ,
3450 2539 3705 2636 Παρῆσαν

330 2629 570 2709 quidem
587 2634 941 2713 audivimus;
961 2640 1066 2698 sed
1084 2638 1381 2699 Herodem
1402 2637 1657 2699 dicimus
1681 2636 1978 2699 Christum

2068 2640 2114 2697 δὲ
2148 2634 2450 2720 Ἠρωδιανοὶ
2506 2644 2591 2698 καὶ
2645 2644 2803 2700 εἶπον
2837 2659 2850 2673 ·
2912 2646 3013 2701 Τὸν
3070 2644 3165 2720 μὲν
3220 2642 3421 2711 Ἰησοῦν
3465 2645 3703 2712 ἠκούσα-

330 2736 484 2811 esse,
516 2723 619 2811 qui
649 2723 916 2805 deposito
948 2727 1233 2808 Hyrcaeo,
1292 2726 1690 2789 sacerdotium
1723 2725 1982 2805 suscepit

2068 2752 2183 2806 μεν,
2215 2732 2304 2787 τὸν
2361 2728 2417 2786 δὲ
2476 2723 2713 2809 Ἡρώδην
2769 2730 2993 2811 λέγομεν
3050 2733 3192 2789 εἶναι
3249 2734 3492 2811 Χριστὸν,
3530 2734 3588 2796 ὃς
3618 2733 3708 2789 τὸν

333 2815 393 2901 et
417 2808 717 2901 diadema,
740 2814 839 2893 qui
857 2823 916 2876 et
934 2817 1198 2896 trophaea
1224 2818 1403 2878 multa
1426 2816 1630 2878 erexit.
1654 2814 1985 2894 Respondit

2084 2828 2310 2897 Υρκανον
2412 2808 2645 2877 καθελὼν
2745 2808 3010 2900 περιέθετο
3108 2821 3207 2887 τὴν
3299 2808 3704 2901 ’ἀρχιερωσύνην

330 2898 599 2961 Andreas
627 2922 640 2960 :
665 2901 933 2965 Herodes
950 2903 1285 2984 alienigena
1305 2913 1434 2967 erat
1451 2905 1609 2966 ﬁlius
1633 2902 1978 2983 Antipatris,

2068 2910 2151 2964 καὶ
2176 2909 2238 2964 τὸ
2288 2904 2539 2983 διάδημα,
2593 2909 2651 2972 ὃς
2705 2910 2794 2966 καὶ
2818 2898 2824 2900 ﬁ
2848 2913 3072 2996 τρόπαια
3128 2907 3301 2966 πολλὰ
3345 2898 3704 2979 γᾶνεστήσατο.

3525 2380 3703 2448 Ἰησοῦ

331 2991 489 3050 servi
517 2992 843 3054 sacerdotis
898 2994 1301 3072 Ascalonitae;
1362 2994 1633 3058 Herodes
1684 2992 1985 3054 homicida

334 3085 486 3155 erat,
520 3099 840 3160 puerorum
874 3082 1242 3157 interfector,
1297 3092 1354 3146 et
1417 3084 1480 3145 in
1514 3082 1797 3144 mulieres
1828 3083 1983 3143 insa-

336 3167 532 3230 niens.
559 3167 689 3232 Non
711 3171 1092 3235 eratJudaeus
1120 3194 1136 3251 ;
1179 3173 1254 3235 de
1282 3172 1438 3235 tribu
1487 3172 1636 3235 Juda
1667 3172 1987 3251 loquuntur

336 3259 660 3338 prophetae.
719 3262 1185 3341 Responderunt
1240 3263 1339 3324 alii
1401 3270 1459 3324 et
1517 3262 1799 3323 dixerunt
1844 3259 1986 3340 quia

332 3345 626 3409 Joannem
660 3366 730 3410 ex
762 3349 917 3412 tribu
948 3350 1100 3413 Juda
1128 3361 1186 3414 et
1231 3351 1529 3414 Zachariae
1558 3349 1879 3412 sacerdotis
1910 3350 1985 3409 [i-

336 3434 453 3496 lius
476 3445 655 3501 esset.
681 3437 750 3499 Et
771 3439 1167 3502 aitAndreas:
1193 3439 1666 3515 Fratres,audile
1713 3457 1832 3501 me.
1864 3442 1985 3515 Ego

333 3521 579 3587 Joannis
605 3522 831 3607 primus
859 3528 1187 3609 discipulus
1234 3529 1429 3590 exstiti
1463 3551 1479 3601 ;
1540 3546 1648 3605 ego
1697 3546 1731 3588 a
1760 3528 1988 3589 Joanne

338 3612 595 3693 primum
651 3616 895 3677 edoctus
952 3635 1081 3677 sum
1140 3637 1277 3679 cum
1336 3617 1499 3679 aliis.
1560 3616 1631 3677 Et
1659 3614 1987 3696 praedicans

339 3702 597 3764 Joannes
627 3701 988 3784 baptismum
1045 3706 1426 3786 paenitentiae,
1477 3705 1851 3767 viditJesum
1883 3721 1986 3765 ve-

340 3790 607 3851 nientem
635 3791 709 3853 ad
741 3809 830 3865 se,
891 3801 951 3853 et
1007 3793 1189 3873 digito
1250 3794 1523 3857 indicans
1576 3793 1745 3855 illum
1806 3792 1888 3854 ait
1914 3793 1990 3854 de

337 3877 478 3941 Jesu
505 3897 519 3942 :
543 3880 698 3944 Ecce
719 3884 924 3961 Agnus
956 3882 1071 3946 Dei
1091 3886 1197 3964 qui
1220 3884 1377 3947 tollit
1405 3882 1989 3964 peccatummundi‘.

339 3966 413 4028 Et
433 3967 579 4030 dixit
600 3970 671 4031 ad
695 3972 927 4034 Jesum:
962 3971 1098 4051 Ego
1118 3973 1297 4036 debeo
1322 3980 1437 4036 ate
1457 3972 1779 4053 baptizari,
1835 3977 1893 4033 et
1925 3978 1993 4033 tu

341 4060 516 4120 uenis
544 4059 626 4120 ad
654 4077 747 4122 me
772 4059 844 4122 2?
867 4060 938 4122 Et
967 4062 1309 4125 testiﬁcatus
1322 4060 1679 4125 estJoannes
1696 4061 1771 4122 de
1801 4061 1937 4123 Jesu
1971 4078 1986 4126 :

347 4145 503 4219 Quia
514 4147 644 4210 vidi
664 4148 964 4228 Spiritum
983 4151 1433 4215 descendentem
1451 4158 1509 4214 et
1528 4157 1789 4215 stantem
1811 4166 1992 4230 super

2064 2995 2347 3076 Ἀπεκρίθη
2431 2999 2460 3052 6
2541 2994 2785 3078 Ἀνδρέας
2834 3016 2851 3033 ⁶

2065 3087 2173 3149 υἱὸς
2265 3083 2630 3165 Ἀντιπάτρου,

2942 2990 3182 3077 Ἡρώδης
3264 2996 3556 3078 ἀλλόφυλος
3638 2997 3704 3065 ἦν

2743 3084 2927 3144 δοῖ¹λου
3006 3086 3182 3168 ἱερέως
3269 3086 3655 3145 Ἀσκαλωνίτου
3688 3102 3703 3118 '

2070 3165 2307 3254 Ἡρώδης
2366 3175 2643 3255 μιαιφόνος
2725 3176 2813 3255 ἦν,
2903 3165 3241 3240 τεκνοκτόνος
3312 3177 3399 3233 καὶ
3454 3197 3709 3255 γυναικο-

2069 3265 2264 3338 μανής.
2326 3267 2433 3322 Οὔκ
2485 3263 2549 3331 ἦν
2607 3262 2860 3329 Ἰουδαῖος
2894 3283 2911 3300 ο
2989 3266 3105 3344 περὶ
3159 3271 3258 3333 τῆς
3312 3264 3479 3345 φυλῆς
3543 3263 3710 3322 Ἰούδα

2067 3353 2226 3409 εἷπον
2279 3354 2327 3409 οἱ
2379 3357 2669 3432 προφῆται.
2730 3351 3103 3433 Ἀνεκρίθησαν
3159 3352 3327 3433 ἕτεροι
3381 3355 3469 3410 καὶ
3524 3354 3705 3430 εἷπον,

2068 3438 2148 3496 ὅτι
2207 3440 2454 3505 Ἰωάννης
2512 3438 2572 3496 ἐκ
2654 3439 2824 3521 φυλῆς
2902 3439 3092 3510 Ἰούδα,
3171 3444 3258 3498 καὶ
3336 3444 3364 3498 6
3416 3441 3709 3521 ἀρχιερέως

2070 3531 2330 3610 Ζαχαρίου
2384 3530 2516 3594 υἱός.
2580 3534 2678 3589 Καὶ
2733 3532 2885 3588 εἶπεν
2944 3535 2972 3590 6
3059 3530 3301 3612 Ἀνδρέας
3336 3550 3350 3566 ·
3439 3531 3701 3611 ’Δδελφοὶ,

2068 3618 2325 3675 ἀκούσατέ
2383 3641 2506 3694 μου.
2595 3618 2737 3697 Ἐγὼ
2825 3618 3069 3678 Ἰωάννου
3147 3620 3389 3695 μαθητὴς
3442 3622 3649 3699 πρῶτος
3688 3636 3701 3651 ⁶

2070 3705 2178 3784 ἐγὼ
2232 3706 2475 3764 Ἰωάννου
2531 3714 2737 3787 πρῶτον
2818 3707 3181 3782 ἆμαθητεύθην
3252 3708 3385 3783 μετὰ
3438 3709 3525 3764 καὶ
3583 3706 3701 3763 ἑτέ-

2072 3818 2197 3876 ρων.
2234 3797 2333 3854 Καὶ
2382 3796 2659 3877 κηρύσσων
2713 3798 2741 3854 6
2791 3795 3040 3865 Ἰωάννης
3095 3798 3368 3874 βάπτισμα
3431 3798 3706 3873 μετανοίας

2073 3884 2215 3943 εἶδεν
2243 3888 2333 3943 τὸν
2386 3885 2588 3955 Ἰησοῦν
2645 3887 2935 3968 ἐρχόμενον
2992 3890 3123 3969 πρὸς
3180 3890 3357 3969 absim,
3416 3890 3502 3945 καὶ
3530 3886 3714 3944 δακτυ-

2072 3974 2355 4032 λοδεικτὼν
2388 3977 2543 4033 εἶπεν
2572 3979 2689 4056 περὶ
2714 3986 2807 4035 τοῦ
2863 3975 3039 4044 Ἰησοῦ
3070 3996 3087 4013 ⁶
3151 4000 3181 4033 α
3237 3959 3338 4035 Ἰδε
3369 3978 3397 4034 6
3425 3976 3591 4053 ἀμνὸς
3621 3985 3714 4035 τοῦ

2074 4071 2204 4121 Θεοῦ
2232 4066 2260 4119 6
2290 4063 2456 4145 αἴρων
2504 4065 2602 4132 τὴν
2659 4066 2913 4143 ἁμαρτίαν
2968 4073 3060 4124 τοῦ
3115 4066 3339 4142 κόσμου.
3402 4089 3430 4121 ι
3498 4067 3596 4123 Καὶ
3623 4065 3716 4122 εἶ-

2070 4174 2166 4209 πεν
2197 4159 2274 4227 τῷ
2304 4152 2480 4220 Ἰησοῦ
2515 4170 2530 4184 ⁸
2570 4177 2598 4209 α
2634 4154 2778 4232 Ἐγὼ
2827 4155 3009 4234 χρείαν
3067 4152 3183 4235 ἔχω
3240 4156 3338 4211 ὑπὸ
3396 4160 3488 4210 σοῦ
3515 4155 3710 4230 βαπτι-

342 4251 514 4324 eum;
544 4252 649 4315 ego
679 4238 923 4314 quidem
950 4240 1282 4301 nesciebam
1311 4257 1449 4302 eum
1480 4262 1496 4312 ;
1538 4242 1641 4302 sed
1674 4239 1784 4318 qui
1826 4241 1986 4300 misit

2072 4245 2282 4321 σθῆναι,
2315 4243 2493 4298 καὶσὺ
2550 4240 2686 4322 ᾢχῃ
2744 4245 2874 4323 πρὸς
2931 4243 3074 4324 ὲμέ;
3141 4267 3168 4298 ι
3232 4245 3329 4301 Καὶ
3356 4243 3713 4322 ἐμαρτύρησεν

344 4340 440 4385 me
469 4322 787 4403 baptizare
814 4326 912 4387 hic
944 4326 1093 4389 mihi
1120 4328 1301 4390 dixit.
1334 4331 1534 4409 Super
1560 4345 1732 4407 quem
1759 4328 1986 4389 videris

344 4409 644 4491 Spiritum
668 4411 782 4475 Dei
801 4414 1246 4479 descendentem
1267 4422 1420 4479 sicut
1441 4415 1777 4480 columbam
1789 4422 1847 4479 et
1862 4434 1987 4477 ma-

345 4505 580 4562 nentem
614 4518 799 4581 super
832 4516 991 4578 eum,
1041 4503 1137 4566 hic
1161 4512 1246 4568 est
1265 4504 1468 4568 Fitius
1493 4505 1605 4568 Dei
1619 4506 1813 4567 vivi3.
1847 4502 1986 4566 Haec

349 4588 605 4650 audiens
626 4606 733 4667 ego
753 4590 1336 4669 AndreasaJoanne,
1359 4594 1705 4675 relinquens
1721 4611 1861 4655 eum
1883 4611 1986 4653 se-

348 4685 517 4739 cutus
573 4695 704 4738 sum
751 4677 953 4741 Jesum
1006 4681 1179 4742 annis
1231 4681 1441 4746 tribus.
1500 4684 1573 4745 Et
1622 4681 1754 4762 plus
1809 4698 1985 4762 quam

348 4763 619 4847 prodigia
650 4767 1066 4847 Moysiscoram
1092 4769 1262 4832 nobis
1292 4769 1632 4834 fecitJesus.
1657 4772 1731 4835 Et
1762 4780 1892 4853 post
1918 4788 1993 4833 ea

349 4873 482 4936 quae
509 4855 839 4936 prescripta
867 4864 1037 4918 erant
1056 4875 1090 4918 a
1110 4859 1410 4938 prophetis
1432 4859 1505 4921 de
1529 4878 1621 4940 eo,
1650 4860 1991 4923 sacerdotes

349 4944 484 5006 odio
518 4943 802 5006 habentes
833 4962 967 5007 eum
1002 4946 1372 5010 tradiderunt
1411 4946 1594 5010 Pilato
1619 4949 1855 5030 praesidi
1882 4948 1989 5012 Ju-

350 5033 500 5107 deai,
535 5039 593 5094 et
624 5034 1047 5096 cruciﬁxerunt
1076 5053 1234 5113 eum,
1295 5037 1482 5100 Pilato
1523 5038 1749 5099 lavante
1783 5056 1990 5099 manus

350 5121 518 5202 quasi
546 5121 890 5185 innocente.
949 5124 1020 5187 Et
1067 5126 1336 5207 deposito
1396 5145 1466 5188 eo
1514 5126 1576 5187 in
1607 5134 1989 5189 monumento

351 5229 525 5285 novo,
554 5211 728 5272 tertia
749 5212 846 5275 die
866 5222 1001 5275 ante
1024 5232 1294 5276 auroram
1326 5215 1603 5291 surrexit,
1639 5222 1699 5276 et
1727 5233 1833 5295 per
1862 5215 1990 5277 dies

352 5299 743 5385 quadraginta
798 5302 956 5366 visus
1011 5312 1102 5366 est
1155 5304 1349 5380 nobis,
1407 5312 1466 5367 et
1506 5304 1684 5383 jussit
1729 5302 1900 5365 nobis
1928 5310 1993 5365 ut

2067 4332 2096 4386 6
2126 4327 2375 4396 Ἰωάννης
2406 4333 2523 4408 περὶ
2551 4339 2643 4388 τοῦ
2687 4331 2885 4406 Ἰησοῦ,
2940 4331 3021 4388 ὅτι
3086 4355 3112 4388 α
3173 4331 3433 4406 Τεθέαμαι
3463 4332 3524 4387 τὸ
3556 4331 3713 4387 Πνεῦ-

2069 4440 2144 4493 μα
2195 4415 2518 4475 καταϐαῒνον
2572 4421 2661 4476 καὶ
2743 4420 2900 4495 μένον
2970 4418 3054 4477 ἐπ’
3140 4421 3293 4477 αὐτόν
3337 4437 3354 4455 ⁸
3413 4418 3562 4497 κάγὼ
3616 4420 3711 4475 οὒκ

2069 4505 2212 4583 ᾔδειν
2266 4506 2421 4564 αὐτόν
2460 4526 2472 4539 ·
2534 4506 2654 4564 ἀλλ’
2715 4512 2744 4566 6
2784 4508 3019 4586 ,πέμψας
3094 4530 3160 4584 με
3210 4508 3495 4586 βαπτίζειν,
3559 4506 3709 4562 ἐκεῖ·

2068 4596 2155 4659 νός
2208 4617 2299 4672 μοι
2356 4597 2508 4653 εἶπεν
2544 4615 2558 4629 ·
2647 4594 2765 4677 Ἐφ’
2822 4598 2878 4654 ὃν
2935 4596 2996 4654 ἂν
3053 4595 3176 4674 ἴδῃς
3231 4598 3291 4653 τὸ
3348 4602 3558 4671 Πνεῦμα
3614 4600 3706 4651 τοῦ

2070 4692 2201 4743 Θεοῦ
2279 4682 2600 4741 καταϐαῖνον
2683 4688 2809 4743 ὡσεὶ
2881 4687 3189 4766 περιστερὰν
3270 4686 3356 4740 καὶ
3419 4684 3574 4759 μένον
3630 4680 3714 4740 ἐπ’

2071 4776 2249 4855 αὐτὸν,
2308 4774 2457 4837 οῦτός
2514 4772 2653 4833 ἐστιν
2713 4777 2741 4831 6
2800 4776 2917 4839 Υἱὸς
2957 4782 3049 4833 τοῦ
3108 4780 3238 4832 Θεοῦ
3288 4780 3381 4830 τοῦ
3427 4777 3645 4844 ζῶντος,
3682 4792 3708 4831 1

2071 4869 2245 4920 Ταῦτα
2298 4861 2524 4925 ἀκούσας
2581 4861 2689 4941 ἐγὼ
2742 4861 2985 4942 Ἀνδρέας
3041 4863 3182 4943 παρὰ
3238 4859 3503 4941 Ἰωάννου,
3554 4882 3717 4917 κατα-

2071 4949 2240 5008 λιπὼν
2297 4950 2454 5007 αὒτὸν
2506 4950 2838 5019 ἠκολούθησα
2899 4959 2975 5026 τῷ
3030 4951 3208 5018 Ἰησοῦ
3261 4948 3355 5017 ἔτη
3413 4954 3549 5028 τρία,
3616 4951 3714 5008 Καὶ

2072 5040 2201 5119 ὑπὲρ
2255 5040 2320 5094 τὰ
2370 5041 2606 5115 θαύματα
2667 5040 2900 5105 Μωσέως
2976 5040 3201 5098 ἐνώπιον
3266 5041 3418 5115 ἡμῶν
3470 5037 3715 5105 ἐποίησεν

2073 5130 2101 5184 6
2181 5127 2407 5194 Ἰησοῦς.
2469 5130 2613 5186 Μετὰ
2668 5127 2723 5185 δὲ
2805 5131 2870 5185 ’τὰ
2956 5128 3398 5208 προγεγραμμένα
3453 5128 3555 5183 ὑπὸ
3608 5134 3715 5183 τῶν

2071 5223 2357 5298 προφητῶν
2414 5219 2531 5294 περὶ
2586 5218 2741 5274 αὐτοῦ
2795 5221 2842 5274 οἱ
2896 5218 3167 5298 ἀρχιερεῖς
3224 5217 3574 5296 φθονήσαντες
3625 5216 3716 5273 αῦ-

2069 5308 2162 5362 τόν
2222 5302 2527 5392 παρέδωκαν
2587 5304 2817 5381 Πιλάτω,
2900 5311 2978 5381 τῷ
3034 5305 3258 5387 ᾑγεμόνι
3316 5309 3415 5371 τῆς
3466 5300 3717 5371 Ἰουδαίας

434 5466 480 5521 ν
506 5466 675 5545 Joan.
712 5486 754 5548 1,
787 5470 888 5535 99.
972 5472 1000 5516 9
1026 5473 1235 5547 Matth.
1265 5489 1355 5551 ιιι,
1390 5472 1489 5543 14,
1573 5473 1606 5524 5
1628 5471 1801 5539 Joan.
1834 5489 1878 5551 ι,
1912 5470 2011 5557 32,
2041 5472 2141 5539 33.
