4068 6112
332 235 448 302 225
1685 228 1875 297 VITA
1902 229 1964 292 Β.
1992 228 2351 294 ΑΝΒΒΕᾸὲ.
3593 230 3714 298 926

334 374 419 430 καὶ
500 371 829 451 ἐσταύρωσαν
918 372 1096 443 αὒτὸν,
1153 374 1246 426 τοῦ
1301 366 1531 424 Πιλάτου
1588 362 1986 439 ἀπονιψαμένου
2003 379 2020 426 1

2109 360 2527 424 rzedicaremus
2545 362 2957 444 paenitentiam
2974 371 3032 425 et
3058 363 3477 429 remissionem
3509 384 3718 446 pecca-

338 462 432 523 τάς
462 450 661 541 χεῖρας
703 464 780 525 ὡς
838 461 1032 520 ἀθώου.
1092 460 1191 517 Καὶ
1242 457 1478 521 τεθέντος
1540 457 1697 511 αὐτοῦ
1741 453 1795 509 ἐν
1846 475 1991 541 μνη-

2108 468 2267 510 orum
2292 450 2352 511 in
2373 453 2616 512 nomine
2654 453 2807 532 ejus,
2831 452 2891 513 in
2915 471 3122 514 omnes
3146 460 3373 531 gentes,
3409 453 3704 534 baptizan-

345 540 718 629 μεὲῳίκαινῷ,
778 557 850 626 τῇ
906 550 1053 628 τρῖτῃ
1136 547 1310 627 ἡμέρᾳ
1364 547 1466 625 πρὸ
1524 542 1704 622 ὄρθρου
1772 540 1987 606 ἀνέστη.

2108 556 2163 598 es
2193 540 2254 598 in
2307 558 2457 619 aqua
2499 540 2720 601 munda
2776 542 2835 601 in
2895 541 3139 602 nomine
3194 540 3382 603 Patris
3414 552 3472 603 et
3494 542 3624 604 Filii
3659 552 3718 605 et

351 640 444 696 Καὶ
496 636 646 717 ὤφθη
702 625 840 714 ῆμῗν
894 625 979 694 ἐπὶ
1033 625 1670 717 ἦμέραςήτεσσαράκοντα
1706 648 1720 661 ’
1774 631 1861 685 καὶ
1916 629 1996 685 ἐν-

2108 625 2328 717 Lpiritus
2349 628 2560 717 sancti,
2584 627 2884 717 absolutos
2902 648 2936 690 a
2969 628 3221 702 delictis,
3259 630 3528 692 haeredes
3549 632 3719 713 regni

354 701 578 784 ετείλατδ
643 730 781 802 ἡμῗν
848 726 1063 806 κηρῦξαι
1129 726 1409 803 μετάνοιαν
1454 723 1542 779 καὶ
1597 718 1778 800 ἄφεσιν
1834 719 2000 797 ἆμαρ-

2108 701 2392 806 inlorum.
2424 714 2494 776 Et
2522 716 2856 806 videntibus
2887 717 3056 779 nobis
3111 701 3255 780 abiit
3282 719 3341 779 in
3374 701 3721 786 οωῑυπηῖβλ

350 821 466 870 τιῶν
518 814 572 869 ἐν
627 821 704 889 τῷ
750 803 970 890 ὀνόματι
1028 818 1181 872 αὒτοῦ
1238 815 1312 876 εἷς
1367 810 1540 866 πάντα
1588 806 1737 886 ἔθνη,
1799 806 1997 881 βαπτι-

2114 803 2234 864 edit
2264 822 2296 865 a
2325 804 2548 866 dextris
2586 804 2732 881 Dei;
2777 806 2877 886 qui
2907 815 3186 868 venturus
3218 815 3306 868 est
3330 808 3601 888 judicare
3628 812 3717 873 vi-

346 902 593 978 ζομένους
624 901 679 958 ἐν
738 901 883 959 ὕδατι
930 905 1140 981 καθαρῷ
1196 902 1269 963 εἰς
1319 900 1381 955 τὸ
1438 895 1606 972 ὄνομα
1668 902 1762 952 τοῦ
1793 894 1996 972 Πατρὸς

2108 910 2179 953 ’08
2210 901 2270 953 et
2298 908 2581 970 mortuos,
2613 896 2938 956 secundum
2974 904 3263 976 praecepta
3290 914 3416 959 sua.

348 992 431 1045 καὶ
455 1001 551 1050 τοῦ
595 994 735 1062 Υἱοῦ,
785 993 871 1047 καὶ
912 992 1083 1071 ἁγίου,
1128 990 1451 1064 Πνεύματος,
1516 984 1825 1064 ἀφιεμένους
1868 983 1934 1037 τὰ
1986 985 2312 1057 πταίσματα,
2370 982 2729 1063 κληρονόμους
2786 990 3013 1064 οὐρανῶν
3072 987 3359 1063 βασιλείας,
3424 993 3520 1047 Καὶ
3566 994 3723 1067 ἡμῶν

347 1081 677 1158 θεωρούντῶν
703 1078 925 1146 ἀνῆλθεν
955 1081 1027 1143 εἷς
1058 1069 1324 1158 οὐρανούς.
1369 1076 1467 1133 Καὶ
1498 1074 1731 1131 ἐκάθισεν
1773 1072 1826 1127 ἐν
1857 1069 1992 1143 δεξίᾷ
2018 1080 2110 1129 τοῦ
2140 1078 2274 1130 [Ιεοῦ
2306 1087 2319 1101 ⁸
2354 1072 2411 1136 ὃς
2455 1072 2635 1149 μέλλει
2680 1073 2922 1154 ἔρχεσθαι
2963 1088 3139 1155 κρῖναι
3169 1083 3368 1147 ζωντας
3395 1080 3483 1136 καὶ
3510 1084 3723 1160 νεκροὺς

344 1169 480 1225 κατά
508 1170 600 1233 τὰς
632 1173 789 1228 αὐτοῦ
830 1166 1066 1231 ἐντολάς.

431 1256 683 1322 Ἐξελθὼν
712 1257 766 1313 δὲ
816 1257 921 1314 ἀπὸ
971 1262 1068 1324 τῆς
1125 1258 1437 1333 συναγωγῆς
1497 1255 1525 1309 ὁ
1573 1248 1820 1329 Ἀνδρέας
1851 1246 1993 1305 εἶδεν

2153 1247 2372 1310 Εχῖθιιε
2400 1256 2594 1312 autem
2628 1270 2661 1311 a
2688 1270 2985 1333 synagoga
3012 1251 3282 1316 Andreas
3314 1255 3457 1317 vidit
3485 1257 3723 1319 turbam

350 1346 516 1427 ὄχλον
606 1346 770 1404 πολὺν
850 1352 1175 1427 περιεστῶτα
1258 1345 1508 1425 φέροντας
1588 1342 1824 1404 ἀσθενεῖς
1907 1339 1995 1394 καὶ

2108 1356 2351 1400 uacuam
2416 1339 2923 1415 circumstantem,
2981 1350 3285 1420 portantes
3341 1343 3612 1407 infirmos
3670 1355 3728 1408 et

348 1416 709 1515 diloupévou;
791 1437 891 1492 ὑπὸ
974 1435 1284 1510 πνευμάτων
1370 1432 1698 1510 ἀκαθάρτων,
1783 1432 1837 1486 οἳ
1906 1428 1995 1515 καὶ

2113 1436 2312 1486 exatos
2333 1446 2365 1486 a
2388 1427 2694 1506 spiritibus
2718 1416 3065 1501 immundis,
3093 1430 3194 1511 qui
3232 1440 3287 1493 et
3316 1433 3728 1496 exclamabant

347 1514 761 1603 προανέκραγον,
798 1523 879 1580 ὅτι
937 1527 996 1582 Οἱ
1052 1529 1142 1579 τοῦ
1200 1520 1479 1578 Γαλιλαίου
1530 1516 1707 1585 ’[ησοῦ
1766 1514 1995 1592 μαθηταὶ

2108 1515 2213 1595 [uia
2235 1515 2511 1595 discipuli
2537 1518 2677 1580 Jesu
2700 1518 2924 1582 Galilasi
2951 1530 3243 1581 venerunt
3283 1523 3558 1603 persequi
3591 1544 3721 1585 nos.

346 1614 509 1682 ἦλθον
579 1612 756 1678 διῶξαι
821 1615 987 1688 ἡμᾶς.
1049 1614 1148 1670 Καὶ
1220 1611 1574 1691 προσέπιπτον
1631 1607 1773 1681 αὐτῷ
1828 1605 1993 1680 βοῶν-

2108 1603 2145 1663 It
2176 1604 2563 1684 prociderunt
2592 1624 2790 1667 coram
2822 1627 2892 1668 eo
2940 1608 3303 1670 clamantes:
3366 1610 3544 1672 Serve
3596 1612 3729 1692 Dei,

350 1725 436 1766 τες
471 1724 486 1738 ο
543 1704 765 1759 Διάκονε
820 1709 972 1781 Θεοῦ,
1033 1699 1117 1756 διὰ
1172 1707 1265 1756 σοῦ
1319 1701 1461 1774 ἡμᾶς
1520 1700 1548 1753 ὁ
1605 1697 1732 1759 Θεὸς
1764 1692 1993 1750 ἐλεείτω.

2108 1708 2191 1753 )Θῐ’
2215 1701 2271 1753 te
2330 1695 2486 1756 Deus
2541 1695 2895 1756 misereatur
2951 1697 3160 1757 nostri.
3222 1697 3494 1760 Andreas
3526 1689 3726 1761 autem

356 1784 413 1850 t0
471 1790 527 1848 δὲ
584 1790 828 1870 Ἀνδρέας
899 1786 1080 1853 ἐπιϐὰς
1150 1788 1279 1862 λίθῳ
1347 1789 1467 1855 τινὶ,
1543 1783 1897 1875 κατασείσας,⁹
1931 1788 1999 1857 τῇ

2108 1782 2488 1842 :onscendens
2519 1802 2698 1863 super
2729 1784 2985 1864 lapidem
3041 1786 3380 1866 quemdam,
3434 1806 3610 1849 manu
3643 1789 3730 1850 si-

353 1882 516 1962 χειρὶ,
588 1881 886 1960 ἡσύχασαν,
959 1880 1047 1936 καὶ
1111 1880 1268 1941 αὐτὸς
1321 1873 1512 1956 ἤρξατο
1568 1873 1746 1951 λέγειν
1782 1888 1795 1901 '
1844 1880 1999 1962 Ἀν-

2108 1871 2597 1962 entiumindixit,
2632 1881 2691 1934 et
2721 1874 2939 1935 sedatis
2968 1865 3085 1937 illis
3135 1876 3262 1955 ipse
3292 1878 3471 1957 coepit
3514 1879 3678 1959 loqui
3711 1896 3724 1941 :

358 1948 490 2048 Sps},
571 1972 619 2026 οἱ
714 1968 933 2048 ἔχοντες
1015 1968 1127 2023 ὦτα
1210 1965 1439 2043 ἀκούειν,
1527 1961 1782 2017 ἀκούσατε
1844 1958 2002 2036 λόγον

2108 1957 2231 2035 Iiri,
2267 1961 2366 2040 qui
2396 1961 2626 2023 habetis
2655 1981 2828 2024 aures
2885 1948 3190 2044 audiendi,
3253 1948 3453 2027 audite
3483 1948 3731 2028 verbum

355 2045 495 2126 ζωῆς
534 2072 550 2085 ⁶
602 2045 857 2111 ἀκούσατε
906 2055 995 2110 καὶ
1026 2054 1202 2109 σύνετε
1231 2053 1319 2108 καὶ
1345 2052 1654 2107 πιστεύσατε
1683 2045 1777 2102 ’ἕνα
1805 2047 2002 2117 ζήσητε

2108 2051 2217 2111 rita:
2246 2071 2261 2125 ;
2301 2051 2524 2132 audite,
2558 2052 2873 2132 intelligite
2904 2062 2962 2117 et
2991 2055 3236 2130 credite,
3272 2065 3337 2116 ut
3366 2057 3541 2118 vitam
3569 2057 3731 2119 viva-

358 2144 497 2214 ζωῆν
530 2144 807 2203 ἀθάνατον.
867 2139 1164 2207 Ἀπόστητε
1218 2147 1324 2196 τῶν
1380 2135 1592 2194 πολλῶν
1643 2133 1801 2199 δοξῶν
1831 2137 2000 2210 ὑμῶν,

359 2236 443 2288 καὶ
512 2233 881 2294 πιστεύσαντες
952 2228 1263 2308 προσέλθετε
1346 2228 1420 2283 ἐνὶ
1505 2232 1619 2299 Θεῷ
1695 2230 1849 2294 ζῶντι
1919 2223 2006 2278 καὶ

362 2320 611 2395 ἀληθινῲ,
673 2323 750 2394 τῷ
803 2325 908 2374 τῶν
969 2309 1222 2397 Ἐϐραίων
1280 2319 1419 2390 Θεῷ.
1474 2316 1637 2377 Αὖῑὸς
1696 2314 1795 2393 γὰρ
1847 2311 2005 2386 μόνος

364 2408 608 2475 ἀληθινὸς
679 2409 767 2464 καὶ
834 2408 1028 2486 ἀγαθὸς
1117 2403 1435 2484 δημιουργὸς
1519 2405 1695 2469 πάσης
1763 2403 1982 2464 κτίσεως
1990 2455 2007 2482 ,

366 2500 582 2579 ἐρευνῶν
647 2494 860 2575 καρδίας
928 2497 1017 2552 καὶ
1112 2495 1326 2574 νεφροὺς
1423 2493 1645 2549 ἑκάστου
1711 2491 2006 2570 ἀνθρώπου,

366 2587 508 2651 εἰδὼς
565 2588 630 2643 τα
687 2585 857 2641 πάντα
910 2585 1029 2663 πρὶν
1078 2583 1332 2661 γενέσεως
1392 2581 1587 2660 αὖτῶν,
1644 2583 1718 2643 ὡς
1777 2599 2010 2645 ποιητης

369 2684 468 2735 τῶν
538 2676 807 2733 ἁπάντων.
879 2678 1029 2748 Αὐτῷ
1083 2672 1229 2748 μόνῳ
1286 2672 1603 2743 ἀτενίζοντες
1661 2672 1732 2733 εἷς
1797 2668 2012 2747 οὒρανὸν

373 2765 727 2846 προσπίπτετε
771 2763 995 2841 ἑσπέρας
1079 2764 1165 2819 καὶ
1246 2764 1392 2841 πρωῒ
1472 2762 1563 2817 καὶ
1659 2755 2012 2846 μεσημϐρίας,

370 2858 456 2913 καὶ
484 2859 628 2927 αὖτῷ
684 2853 832 2927 μόνῳ
877 2851 1024 2907 θύετε
1078 2851 1252 2907 θυσίαν
1311 2847 1434 2927 (10)
1485 2847 1752 2917 αἰνέσεως,
1812 2845 2014 2925 ἀνεχό-

368 2967 509 3022 μενοι
540 2944 575 2998 ἃ
612 2941 778 3019 ⁵αὒτοὶ
833 2953 1061 3017 μισεῖτε,
1093 2941 1238 3014 ζοῖον
1272 2956 1285 2971 ’
1338 2938 1411 2995 Οὔ
1467 2936 1635 3001 θέλεις
1675 2934 2009 3013 ἀδικηθῆναι,

2088 2139 2163 2199 tis
2192 2147 2498 2201 aeternam.
2533 2141 2878 2222 Relinquite
2935 2142 3246 2223 opiniones
3276 2144 3463 2206 varias
3494 2146 3728 2225 multas,

2089 2236 2149 2289 et
2178 2229 2487 2290 credentes
2516 2230 2781 2291 accedite
2812 2230 2885 2292 ad
2951 2234 3136 2293 Deum
3195 2233 3388 2293 vivum
3423 2242 3482 2295 et
3506 2253 3729 2307 verum,

2090 2315 2276 2377 Deum
2301 2315 2705 2379 Hebraeorum.
2731 2318 2861 2398 Ipse
2886 2320 3045 2381 enim
3072 2320 3233 2382 solus
3255 2340 3428 2383 verus
3460 2332 3518 2384 et
3544 2323 3734 2385 bonus

2091 2404 2297 2466 artifex
2328 2406 2521 2466 omnis
2577 2415 2884 2483 meatum,
2943 2420 3213 2470 scrutans
3265 2410 3450 2472 corda
3480 2419 3536 2472 et
3563 2429 3742 2473 renes

2090 2493 2555 2574 uniuscujusque
2586 2495 2866 2571 hominis,
2919 2498 3116 2558 sciens
3147 2498 3347 2560 omnia
3376 2508 3512 2560 ante
3540 2508 3734 2561 ortum

2094 2601 2322 2655 eorum,
2347 2595 2406 2644 et
2428 2591 2660 2644 creator
2681 2585 2966 2648 omnium.
2992 2586 3160 2649 Hunc
3176 2588 3390 2663 solum,
3417 2588 3739 2649 intenden-

2099 2673 2255 2747 tes;in
2270 2672 2783 2749 ccclum,invocate
2795 2692 3041 2755 vespere
3056 2682 3112 2737 et
3128 2677 3673 2749 mane,etmeridie,
3685 2685 3741 2739 et

2099 2760 2151 2822 ei
2169 2761 2275 2823 soli
2291 2761 2981 2824 sacrificatesacriﬁcium
2998 2764 3209 2842 laudis,
3228 2765 3518 2844 fugientes
3531 2785 3601 2827 ea
3614 2785 3744 2846 quae

2096 2851 2209 2930 ipsi
2241 2849 2377 2912 odio
2411 2850 2660 2927 habetis,
2694 2853 2865 2914 verbi
2892 2853 3100 2930 gratia,
3132 2873 3252 2915 non
3280 2854 3366 2915 vis
3392 2854 3745 2934 injustitiam

2097 2939 2239 3020 pati,
2261 2958 2380 3000 non
2402 2939 2761 3021 laedesipse;
2806 2959 2924 3001 non
2944 2941 3221 3021 polluiux
3233 2961 3397 3005 orem
3418 2951 3600 3019 tuam,
3632 2961 3746 3005 nec

371 3036 445 3112 μὴ
510 3030 782 3102 ἀδικήσεις
817 3050 830 3064 ⁸
907 3027 1022 3087 οὐδὲ
1073 3029 1173 3097 τὴν
1235 3027 1464 3106 γυναῖκά
1521 3049 1614 3083 σου
1665 3028 2013 3105 μοιχευθῆναι

2108 3047 2156 3089 .u
2184 3047 2431 3090 uxorem
2461 3029 2750 3109 alicujus;
2785 3050 2915 3111 quae
2941 3050 3046 3093 vos
3075 3032 3477 3108 detestamini,
3513 3031 3747 3095 caeteris

373 3121 505 3200 μηδέ
550 3122 613 3177 σὺ
667 3121 767 3188 τῆν
820 3118 999 3199 ἑτέρου
1058 3137 1076 3155 ⁸
1128 3117 1261 3199 ἅπερ
1317 3119 1473 3193 ὑμεῖς
1533 3128 1762 3193 μισεῖτε,
1821 3112 2015 3193 ἑτέροις

374 3214 449 3290 μὴ
502 3223 710 3268 ποιεῖτε
745 3227 761 3244 ⁸
810 3206 1095 3274 ἐπιδείξατε
1145 3206 1273 3288 ’έργα
1332 3207 1609 3283 μετανοίας
1644 3225 1657 3239 ·
1717 3202 2016 3279 ἐλεημοσύ-

372 3325 464 3368 νην
522 3301 595 3363 εἷς
670 3305 791 3361 τοῦς
835 3296 1006 3363 ξένους
1062 3297 1149 3352 καὶ
1207 3297 1279 3358 εἰς
1334 3296 1454 3358 τοὺς
1511 3292 1748 3374 δούλους,
1804 3292 2018 3371 ἀγάπην

374 3391 547 3457 ἁπλῆν
616 3391 748 3469 πρὸς
820 3388 1045 3461 πάντας,
1105 3385 1292 3442 ἄδολον
1349 3386 1439 3440 καὶ
1491 3383 1875 3461 ἀμνησικακον,
1928 3381 2017 3438 καὶ

378 3480 612 3545 ὑπακοὴν
644 3479 715 3541 εἷς
744 3479 807 3533 τὸ
859 3475 1076 3554 ἀγαθόν.
1138 3476 1236 3531 Καὶ
1294 3473 1382 3529 ἐὰν
1437 3474 1502 3529 τὰ
1556 3475 1643 3529 ὑπ’
1701 3471 1829 3547 ἐμοῦ
1856 3469 2017 3547 λεγό-

379 3591 505 3644 μενα
577 3571 795 3640 ποιῆτε,
868 3567 956 3620 καὶ
1037 3569 1142 3621 τῶν
1224 3564 1393 3619 νόσων
1474 3562 1562 3619 καὶ
1642 3559 1845 3638 βλάϐης
1914 3564 2021 3616 τῶν

377 3658 635 3734 δαιμόνων
692 3654 1157 3733 ἀπαλλαγήσεσθε,
1215 3654 1302 3710 καὶ
1361 3652 1620 3727 εἰρηνικὸν
1678 3649 1870 3730 χρόνον
1921 3652 2022 3715 τῆς

379 3753 516 3817 ζωῆς
546 3747 696 3821 ὑμῶν
751 3742 1097 3800 διατελέσετε.
1149 3742 1301 3800 Οὕτω
1360 3740 1480 3821 (11)
1534 3741 1596 3796 τὸ
1624 3738 1809 3795 λοιπὸν
1837 3737 2022 3816 πορεύ-

383 3840 513 3909 εσθε,
547 3835 639 3890 καὶ
670 3831 840 3910 αὔριον
870 3833 1194 3912 συνάχθητε,
1228 3831 1321 3887 ἵνα
1374 3831 1461 3885 καὶ
1492 3834 1589 3896 τῆς
1619 3829 1809 3891 ἰάσεως
1840 3827 2022 3906 τύχη-

380 3948 454 4002 τε,
484 3927 575 3981 καὶ
601 3925 696 3986 τὰς
728 3923 908 4003 ψυχας
932 3925 1246 4003 φωτισθῆτε.
1274 3921 1374 3978 Καὶ
1403 3917 1659 3976 ἀπέλυσεν
1690 3918 1896 3981 αὐτούς,

462 4014 625 4075 Αὒτὸς
680 4009 734 4067 δὲ
787 4010 1006 4077 ἐξελθὼν
1060 4011 1151 4066 σὺν
1205 4021 1325 4071 τοῖς
1380 4010 1646 4083 μαθηταῖς
1705 4005 1968 4062 ἐπαύσατο
2000 4021 2016 4037 ⁸

382 4105 465 4160 καὶ
535 4101 918 4159 ἀνεπαύσαντο.
987 4087 1155 4156 Ἠσαν
1226 4096 1281 4153 δὲ
1352 4097 1604 4176 μαθηταὶ,
1700 4095 2021 4186 &¢;'<?t10'tv,

384 4192 522 4249 ὀκτώ
555 4209 570 4222 ·
631 4187 886 4253 Θαδδαῖος
943 4190 1030 4245 καὶ
1084 4187 1338 4249 Ματθίας.
1396 4185 1622 4264 Τύχικος
1679 4185 1767 4240 καὶ
1833 4185 2023 4240 Ἀστα-

384 4303 507 4361 χυς,
546 4275 780 4351 Εὒὼδιος
834 4280 923 4333 καὶ
980 4277 1181 4352 Σίμων,
1244 4273 1549 4353 ’Λγαπητὸς
1604 4274 1692 4328 καὶ
1745 4272 2021 4361 Δομέτιος.

388 4350 713 4450 ἦροσέφερον
770 4364 824 4422 δὲ
879 4350 1087 4436 αὐτοῖς,
1147 4350 1402 4444 χρήματα
1459 4360 1632 4419 πολλά
1690 4362 1788 4450 καὶ⁸
1824 4360 2029 4419 ἀναλώ-

387 4447 549 4534 ματα.
588 4449 644 4513 Ὀ
675 4454 729 4510 δὲ
772 4452 1017 4534 Ἀνδρέας
1072 4454 1244 4510 πάντα
1294 4464 1410 4515 τοῖς
1465 4462 1714 4529 πτωχοῖς
1770 4447 2024 4525 διένεμεν.

391 4549 487 4604 Καὶ
542 4543 746 4614 ἔκτιζεν
799 4542 1083 4610 ἐκκλησίας
1138 4542 1227 4598 καὶ
1283 4539 1522 4620 καθιέρου
1581 4537 1703 4616 (12)
1754 4540 2032 4608 θυσιαστή-

395 4656 475 4713 ρια
508 4651 526 4667 ⁶
585 4634 678 4690 καὶ
730 4634 947 4689 καθίστα
1009 4634 1192 4710 ἱερεῖς.
1255 4629 1411 4686 Αὐτοὶ
1464 4627 1517 4684 δὲ
1572 4626 1917 4707 μονιχίτωνες
1946 4628 2034 4683 καὶ

394 4712 707 4787 ἀνυπόδητοι
734 4721 869 4796 μετὰ
896 4717 1185 4776 σανδαλίων
1214 4715 1378 4797 ἄρτῷ,
1437 4717 1525 4772 καὶ
1552 4712 1697 4770 ὕδατι
1724 4713 2034 4795 τρεφόμενοι

393 4807 527 4875 ἅπαξ
555 4815 655 4876 τῆς
685 4809 912 4889 ἡμέρας,
943 4809 1032 4865 καὶ
1059 4807 1193 4882 μετὰ
1220 4804 1353 4885 (13)
1386 4804 1685 4885 χαμεύνης.
1850 4872 1853 4875 ν

470 4905 549 4976 Τῇ
602 4896 657 4953 δὲ
712 4897 957 4977 ἐπαύριον
1004 4894 1337 4958 συνελθόντος
1397 4900 1488 4950 τοῦ
1542 4890 1671 4950 λαοῦ
1716 4893 1804 4948 καὶ
1859 4891 2034 4967 μηνύ-

392 4988 575 5050 σαπός
642 5008 812 5067 τινος,
869 4989 898 5043 ὁ
957 4982 1197 5064 Ἀνδρέας
1254 4980 1470 5049 ἐξελθὼν
1521 4980 1650 5048 ἔστη
1707 4980 1792 5037 ἐπὶ
1843 4981 2035 5060 βάτρου

393 5078 523 5153 πρὸς
568 5083 670 5151 ’τῷ
712 5078 1044 5156 θεωρεῖσθαι.
1098 5071 1247 5131 θύδὲ
1302 5077 1371 5148 τῆ
1439 5069 1621 5143 ἡλικίᾳ
1679 5068 1746 5137 ἦν
1819 5070 2029 5149 μικρὸς,

2098 3116 2469 3195 nefeceritis;
2491 3118 2786 3180 ostendite
2803 3136 2980 3200 opera
2998 3121 3384 3201 poenitentiae,
3407 3121 3748 3201 eleemosy-

2098 3226 2235 3268 nam
2263 3205 2323 3267 in
2354 3206 2616 3288 hospites
2667 3219 2727 3271 et
2782 3226 3007 3288 servos,
3068 3210 3418 3273 charitatcm
3450 3209 3747 3271 sinceram

2098 3296 2160 3356 in
2191 3314 2422 3371 omnes,
2451 3315 2570 3358 non
2629 3296 2908 3379 fucatam,
2968 3298 3322 3377 injuriarum
3382 3318 3503 3361 non
3534 3316 3748 3360 recor-

2103 3384 2367 3461 dantem,
2404 3394 2461 3446 et
2490 3384 2893 3448 obedientiam
2924 3387 2984 3447 in
3016 3386 3262 3451 bonum.
3284 3390 3356 3449 Et
3377 3386 3574 3468 siquae
3594 3406 3628 3448 a
3654 3403 3748 3447 me

2102 3472 2260 3535 dicta
2286 3481 2422 3535 sunt
2450 3475 2840 3554 perfeceritis,
2872 3495 2908 3537 a
2964 3477 3188 3538 morbis
3243 3485 3302 3538 et
3350 3496 3384 3538 a
3412 3476 3750 3538 daemonum

2102 3562 2412 3625 vexatione
2440 3556 2738 3626 immunes
2765 3564 2952 3640 eritis,
2999 3574 3055 3628 et
3084 3565 3144 3626 in
3176 3584 3321 3646 pace
3354 3574 3587 3646 tempus
3618 3563 3751 3626 vitae

2103 3659 2309 3716 vestrae
2339 3654 2723 3716 consumetis.
2757 3652 2845 3715 Ita
2873 3654 3156 3735 deinceps
3187 3654 3505 3728 ambulate,
3540 3661 3598 3714 et
3618 3670 3754 3715 eras

2103 3740 2571 3822 congregamini,
2632 3751 2696 3802 ut
2751 3751 2808 3803 et
2864 3744 3233 3804 curationem
3287 3741 3631 3822 obtineatis,
3691 3748 3753 3804 et

2103 3827 2519 3890 illuminentur
2547 3829 2759 3891 animae
2789 3838 3013 3892 vestrae.
3049 3830 3120 3892 Et
3149 3829 3374 3893 dimisit
3406 3848 3532 3892 eos.

2186 3995 2320 4077 Ipse
2340 4004 2538 4058 autem
2566 3995 2770 4058 exiens
2794 4015 2928 4059 cum
2966 3995 3279 4076 discipulis
3301 3996 3425 4059 suis
3465 3996 3754 4075 constitit,

2109 4095 2167 4148 et
2195 4086 2547 4166 quieverunt
2603 4084 2805 4146 simul.
2866 4085 3046 4148 Erant
3102 4095 3301 4149 autem
3358 4086 3661 4169 discipuli,
3693 4094 3759 4150 ut

2107 4176 2313 4250 fertur,
2346 4182 2501 4254 octo,
2560 4174 2892 4238 Thaddaans
2940 4184 2998 4238 et
3026 4177 3316 4250 Matthias,
3378 4178 3673 4259 Tychicus
3703 4184 3763 4240 et

2043 4297 2094 4360 Β
2109 4265 2458 4360 Astarchps,
2485 4262 2742 4360 Evodius
2763 4273 2820 4325 et
2839 4265 3426 4360 SimonLAgAapetus
3453 4276 3513 4330 et
3541 4268 3764 4360 Doma-

2109 4353 2248 4417 tius.
2298 4351 2638 4416 Afferebant
2682 4361 2876 4415 autem
2931 4354 3017 4416 eis
3047 4354 3280 4418 divitias
3307 4357 3526 4420 multas
3558 4365 3616 4419 et
3641 4356 3761 4417 im-

2111 4440 2343 4522 pendia.
2376 4441 2643 4503 Andreas
2672 4452 2873 4505 autem
2904 4443 3103 4505 omnia
3132 4444 3494 4525 pauperibus
3521 4444 3756 4506 divide-

2112 4531 2263 4608 bat;
2322 4537 2381 4592 et
2433 4529 2759 4592 aedificabat
2837 4533 3121 4594 ecclesias
3198 4541 3258 4594 et
3316 4532 3522 4614 templi
3573 4533 3767 4594 sancti

2114 4619 2339 4696 altaria,
2367 4620 2826 4682 etconstituebat
2846 4622 3210 4695 sacerdotes,
3239 4621 3359 4702 Ipsi
3378 4640 3515 4684 vero
3540 4640 3659 4683 una
3681 4628 3768 4683 tu-

2116 4708 2251 4770 nica
2275 4708 2563 4783 contenti,
2590 4716 2648 4769 et
2667 4707 2841 4769 nudis
2863 4710 3115 4789 pedibus
3130 4729 3263 4772 cum
3287 4709 3592 4782 sandaliis,
3614 4725 3767 4787 pane

2117 4807 2176 4860 et
2197 4816 2350 4879 aqua
2365 4796 2693 4859 victitantes
2715 4798 2900 4858 semel
2935 4798 2996 4859 in
3013 4797 3133 4872 die,
3168 4805 3226 4859 et
3256 4798 3425 4858 humi
3453 4795 3761 4859 cubantes.

2194 4884 2488 4948 Postridie
2508 4892 2703 4945 autem
2727 4903 2862 4946 cum
2885 4886 3142 4948 venisset
3163 4886 3416 4967 populus
3435 4892 3491 4947 et
3509 4883 3768 4945 indicas-

2116 4983 2206 5038 set
2233 4975 2468 5056 aliquis,
2519 4973 2724 5035 exiens
2751 4973 3024 5038 Andreas
3054 4980 3215 5036 stetit
3245 4993 3428 5055 super
3456 4989 3765 5036 scamnum

2115 5072 2179 5126 ut
2199 5064 2518 5126 videretur.
2536 5063 2660 5125 Nec
2689 5070 3049 5127 eratstatura
3078 5079 3312 5144 parvus,
3343 5060 3449 5124 sed
3491 5077 3762 5137 magnus,

1811 5226 2009 5291 Variae
2041 5225 2345 5293 lectiones.

480 5367 601 5449 (10)
626 5367 696 5431 In
727 5368 863 5433 cod.
894 5371 1029 5432 Vat.
1061 5385 1096 5429 a
1134 5384 1234 5449 pr.
1287 5382 1465 5427 manu
1493 5363 1668 5428 θυσίας
1700 5360 1773 5424 ab
1806 5362 1932 5444 ipso
1962 5362 2040 5445 ﬁ-

399 5446 594 5512 braria
622 5458 913 5513 mutatum
940 5449 1003 5510 in
1031 5446 1228 5506 θυσίαν.

478 5529 531 5611 (t
551 5531 605 5612 t)
639 5529 799 5594 ὒΰτω
829 5528 1080 5605 inserui,
1112 5545 1190 5591 ne
1217 5523 1441 5589 hiantia
1494 5521 1710 5605 Epiph.
1742 5522 2038 5605 loquatur.

2124 5364 2193 5425 In
2226 5353 2526 5421 cod.'Vat.
2562 5372 2681 5415 non
2711 5354 2989 5417 occurrit.

2238 5437 2333 5515 12)
2369 5437 2670 5515 Καθιέρουνι
2696 5432 2828 5515 ναι.

2238 5442 2310 5499 12
2369 5437 2670 5515 Καθιέρουν.
2697 5437 2828 5495 Vat.

2209 5437 2337 5600 Emi
2366 5518 2508 5575 Μετᾶ
2538 5513 2725 5576 omitt.
2759 5513 2822 5576 in
2849 5515 2988 5576 Vat.
