4068 6112
403 330 519 397 227

1698 332 2070 398 ΕΡΙΡΗΑΝΙ
2120 333 2468 397 MONACHI

3658 319 3779 387 228

411 458 711 548 paululum
771 465 978 548 autem
1030 456 1376 548 inclinatus,
1438 464 1706 535 nasutus,
1741 459 2048 537 supercilia

2138 464 2273 523 ἀλλὰ
2328 469 2441 523 -καὶ
2510 466 2699 545 μέγας,
2770 468 2954 548 μικρὸν
3023 464 3078 522 δὲ
3156 464 3418 546 κεκυφὼς,
3498 461 3774 542 ἐπίῤῥινος,

413 546 639 609 habens
671 564 903 624 magna.
935 545 1004 607 Et
1034 546 1114 607 ait
1147 564 1160 609 :
1224 548 1542 626 Segregate
1599 556 1839 610 vexatos
1867 567 1900 609 a
1930 549 2056 610 dae-

412 635 694 698 monibus
723 638 784 696 in
816 653 997 697 unam
1057 641 1307 715 partem.
1366 633 1493 708 Quo
1549 636 1703 698 facto
1733 638 2055 699 tumultua-

408 724 623 786 bantur
651 725 954 786 daemones
987 745 1003 805 ;
1038 723 1313 793 Andreas,
1338 732 1529 786 autem
1563 744 1885 787 conversus
1913 726 2059 788 dixit

412 814 498 875 eis
528 835 540 876 :
575 812 1003 888 Obmutescite,
1061 820 1116 874 et
1168 812 1479 875 confestim
1538 819 1847 877 steterunt.
1878 814 1949 878 Et
1978 816 2058 876 ait

410 902 671 983 populis:
699 901 814 963 Pax
833 900 1021 978 vobis,
1050 901 1296 964 fratres:
1332 901 1446 982 ipsi
1468 911 1659 963 autem
1691 924 1704 965 :
1733 902 1803 964 Et
1835 912 2049 965 tecum.

408 991 482 1052 Et
517 991 732 1053 leniter
759 991 936 1071 coepit
964 991 1165 1053 dicere
1200 1009 1213 1053 :
1269 989 1332 1053 Si
1380 992 1750 1053 recesseritis
1778 992 1851 1054 ab
1884 993 2058 1055 idolis

405 1080 616 1141 vestris
644 1088 700 1139 et
729 1079 1143 1141 abominandis
1201 1079 1483 1141 conviviis
1542 1088 1601 1142 et
1629 1080 1863 1160 injustis
1906 1081 2055 1141 acti-

407 1167 519 1230 bus
545 1168 778 1245 vestris,
810 1167 1191 1230 credideritis
1235 1175 1434 1230 autem
1487 1174 1548 1229 in
1598 1178 1921 1231 creatorem
1952 1189 2056 1230 ve.-

409 1268 595 1320 strum
624 1257 839 1335 Deum,
876 1267 935 1320 et
964 1276 997 1319 a
1052 1256 1276 1319 morbis
1310 1258 1607 1319 immunes
1640 1257 1828 1334 eritis,
1864 1269 1923 1321 et
1954 1258 2048 1319 fu-

408 1347 569 1425 gient
602 1365 635 1407 a
663 1346 828 1408 vobis
859 1347 1161 1408 daemones
1188 1368 1201 1422 ;
1236 1355 1292 1407 et
1323 1347 1369 1407 si
1402 1365 1552 1427 aqua
1580 1348 1767 1409 sancti
1798 1347 2053 1428 Spiritus

410 1436 715 1499 ablueritis
773 1445 1030 1497 veterem
1093 1444 1342 1497 vestram
1402 1436 1851 1516 turpitudinem,
1885 1435 2051 1498 eritis

410 1527 729 1608 participes
760 1525 1087 1589 caelestium
1121 1524 1486 1603 angelorum.
1519 1524 1658 1586 Haec
1687 1525 1894 1587 dicens
1923 1525 2050 1587 An-

407 1611 784 1694 tlrcasjUSSit
837 1613 1048 1675 adduci
1102 1613 1171 1674 ad
1227 1632 1292 1675 se
1352 1613 1578 1691 turbas,
1643 1621 1701 1675 et
1730 1614 2051 1694 unicuique

2139 555 2419 635 κάτοφρυς.
2498 557 2596 613 Καὶ
2651 556 2805 613 εἶπεν
2838 574 2852 588 ⁸
2914 553 3228 636 Ἀφορίσατε
3278 554 3399 616 τοὺς
3457 551 3779 627 δαιμονιῶν-

2138 665 2231 709 τας
2288 644 2374 700 ἐπὶ
2428 647 2482 703 ἓν
2541 643 2722 724 μέρος.
2785 647 2882 702 Καὶ
2936 646 3117 701 τούτου
3170 643 3454 722 γενομένου
3509 638 3781 720 ἐθορύϐουν

2139 736 2185 788 οἱ
2257 731 2499 809 δαίμονες
2535 756 2546 769 ·
2610 738 2638 791 6
2692 733 2746 790 δὲ
2802 732 3047 814 Ἀνδρέας
3103 733 3434 813 ἐπιστραφεὶς
3477 730 3620 809 λέγει
3679 729 3780 786 ἆῦ-

2137 835 2254 886 τοῖς
2290 844 2304 859 ο
2369 824 2652 898 Φιμώθητε
2688 840 2702 854 ⁸
2762 825 2850 879 καὶ
2910 822 3097 887 εὐθέως
3153 820 3403 889 ἔστησαν,
3475 822 3573 877 Καὶ
3623 819 3778 876 εἶπεν

2137 912 2213 985 τῷ
2255 910 2368 986 λαῷ
2413 928 2428 943 ⁸
2478 913 2674 991 Εἰρήνη
2731 913 2881 991 ὑμῖν,
2927 908 3137 991 ἀδελφοί
3183 928 3195 941 ⁸
3258 914 3305 967 οἱ
3342 909 3396 966 δέ
3431 928 3444 941 ⁸
3516 911 3614 967 Καὶ
3644 909 3779 984 μετὰ

2138 1010 2251 1059 σοῦ.
2328 1001 2427 1057 Καὶ
2493 999 2702 1080 πραέως
2764 999 2957 1079 ἤρξατο
3025 998 3198 1078 λέγειν
3230 1015 3245 1030 ⁸
3327 996 3455 1057 Ἐὰν
3508 998 3778 1065 ἀποστῆτε

2137 1095 2241 1145 τῶν
2313 1087 2538 1144 εἰδώλων
2607 1090 2692 1144 καὶ
2760 1095 2864 1144 τῶν
2931 1095 3174 1168 μυσαρῶν
3229 1085 3448 1143 δείπνων
3518 1086 3605 1143 καὶ
3671 1091 3777 1142 τῶν

2138 1176 2429 1253 ἀθεμίστων
2497 1175 2603 1252 (14-
2669 1175 2904 1257 πράξεων
2972 1178 3141 1252 ὑμῶν,
3229 1176 3543 1242 πιστεύσητε
3594 1173 3650 1230 δὲ
3702 1178 3776 1238 εἰς

2136 1266 2226 1322 τὸν
2281 1268 2576 1335 ποιήσαντα
2622 1267 2758 1342 ὑμᾶς
2804 1267 2953 1346 Θεὸν,
3016 1266 3102 1321 καὶ
3149 1270 3256 1321 τῶν
3311 1265 3475 1321 νόσων
3527 1262 3777 1321 ἀπαλλα-

2134 1354 2381 1433 γήσεσθε,
2415 1354 2501 1410 καὶ
2560 1357 2606 1411 οἱ
2676 1353 2917 1429 δαίμονες
2987 1352 3253 1434 φεύξονται
3310 1350 3400 1430 ἀφ’
3449 1355 3594 1428 ὑμῶν
3627 1370 3645 1387 ⁸
3688 1354 3777 1409 καὶ

2134 1440 2221 1496 ἐὰν
2286 1440 2406 1521 (15)
2450 1449 2528 1517 τῷ
2590 1440 2735 1499 ὕδατι
2829 1449 2921 1500 τοῦ
2990 1444 3126 1499 θείου
3182 1443 3485 1518 Πνεύματος
3545 1440 3778 1498 ἀπολού-

2132 1533 2292 1596 σησθε
2346 1532 2435 1587 τὸν
2483 1529 2709 1587 παλαιὸν
2767 1530 3038 1608 μολυσμὸν
3081 1532 3250 1607 ὑμῶν,
3310 1530 3640 1610 συμμέτοχοι
3670 1536 3777 1587 τῶν

2134 1618 2383 1697 οὐρανίων
2452 1618 2693 1697 ἀγγέλων
2752 1622 3057 1699 γενήσεσθε.
3128 1630 3300 1679 Ταῦτα
3358 1621 3518 1676 εἰπὼν
3568 1622 3595 1676 6
3654 1618 3779 1677 Ἀν-

407 1722 647 1765 manum
682 1702 997 1783 imponens
1026 1701 1257 1763 sanavit
1288 1710 1535 1763 cunctos
1570 1718 1585 1776 ;
1618 1702 1920 1765 daemones
1949 1721 2048 1764 au-

2132 1704 2280 1786 δρέας
2354 1705 2592 1763 ἐκέλευσε
2648 1710 2998 1787 προσάγεσθαι
3055 1713 3196 1784 αὐτῷ
3251 1711 3373 1773 τοὺς
3425 1707 3619 1789 ὄχλους
3688 1710 3776 1765 καὶ

407 1803 525 1857 tem
562 1801 725 1855 torvo
760 1774 935 1853 oculo
966 1800 1191 1852 tantum
1225 1774 1594 1853 comminans
1620 1792 1797 1870 ejecit
1830 1811 1845 1869 ;
1880 1799 1938 1854 et
1963 1792 2048 1853 le-

2136 1797 2290 1860 τιθεὶς
2337 1796 2542 1871 ἑκάστῳ
2780 1774 2943 1878 χέῒρα
2996 1799 3197 1863 πάντας
3254 1800 3436 1856 ἰάσατο
3458 1774 3497 1832 ’ἶ
3557 1802 3678 1863 τοὺς
3722 1796 3776 1854 δὲ

406 1900 617 1964 prosos
675 1899 825 1962 aqua
884 1880 1115 1957 tingens
1193 1898 1368 1942 sanos
1435 1879 1576 1941 fecit
1630 1889 1689 1942 et
1745 1881 2048 1960 puerulos.

2134 1881 2382 1959 δαίμονας
2452 1884 2702 1962 βλοσυμῴ
2755 1894 2831 1962 τῷ
2886 1886 3085 1964 ὄμματι
3141 1885 3555 1968 ἐμϐριμούμενος
3615 1888 3774 1963 μόνον

407 1971 660 2035 Claudos
682 1979 883 2032 autem
908 1978 965 2031 et
986 1968 1264 2048 gibbosos
1288 1976 1345 2029 et
1363 1968 1802 2049 paralyticos,et
1823 1968 2048 2031 debiles

2134 1970 2393 2054 ἐξέϐαλεν,
2463 1975 2584 2038 τοὺς
2652 1972 2707 2030 δὲ
2775 1974 3179 2052 λελωϐημένους
3261 1975 3405 2032 ὕδατι
3474 1976 3775 2033 ἀπονίπτων

405 2069 463 2123 et
492 2080 679 2123 caecos
709 2060 981 2122 manibus
1014 2059 1308 2140 impositis
1351 2077 1558 2121 omnes
1585 2058 1658 2120 ab
1704 2058 2048 2139 aegritudine

2131 2063 2302 2141 ὑγιεῖς
2333 2061 2497 2119 ἐποίει
2529 2065 2601 2127 ὡς
2635 2062 2814 2120 παιδία
2845 2066 3027 2144 μικρά,
3062 2064 3279 2129 Χωλοὺς
3305 2063 3381 2140 δὲ,
3415 2065 3502 2120 καὶ
3529 2066 3769 2145 κυρτοὺς,

403 2150 705 2213 liberavit.
2128 2151 2216 2205 καὶ
2247 2148 2455 2230 ξηροὺς,
2516 2153 2603 2207 καὶ
2642 2151 2886 2233 κυλλοὺς,
2947 2155 3034 2209 καὶ
3091 2153 3393 2232 ἀναπήρους
3436 2154 3531 2218 τὰς
3581 2168 3774 2235 χεῖρας

2127 2237 2317 2303 ἐπιθεὶς
2351 2239 2552 2303 πάντας
2582 2247 2689 2297 τῶν
2715 2245 2894 2298 παθῶν
2936 2241 3291 2312 ἀπήλλαττεν.

481 2326 763 2392 Videntes
790 2335 985 2391 autem
1013 2327 1290 2389 homines
1330 2326 1628 2408 apostolos
1655 2325 1806 2387 fastu
1834 2344 2042 2388 caren-

2206 2331 2265 2387 Οἰ
2351 2327 2405 2384 δὲ
2490 2328 2751 2409 ἅνθρωποι
2836 2335 3149 2411 θεωροῦντες
3234 2333 3357 2397 τοὺς
3446 2330 3771 2397 ἀποστόλους

402 2424 513 2492 tes,
550 2418 775 2498 absque
803 2418 936 2479 cibo
967 2417 1270 2496 degentes,
1297 2415 1570 2496 pallidos,
1600 2415 1777 2477 nudis
1792 2414 2043 2496 pedibus

2130 2418 2368 2499 ἆτύφους,
2420 2418 2697 2500 ἀτρόφους,
2750 2421 2982 2500 ὠχροὺς,
3032 2419 3386 2491 ἀνυποδήτους
3458 2421 3591 2497 μετὰ
3647 2444 3770 2478 σαν-

399 2526 533 2569 cum
568 2507 849 2570 sandaliis
878 2505 1270 2580 ambulantes,
1306 2514 1362 2566 et
1399 2523 1515 2566 una
1546 2512 1770 2566 tantum
1804 2504 2040 2566 indutos

2130 2504 2336 2581 δαλίων,
2369 2509 2456 2564 καὶ
2512 2508 2671 2583 μόνον
2729 2511 3120 2590 μονοχίτωνας,
3174 2513 3262 2568 καὶ
3310 2513 3399 2568 τὸν
3426 2510 3770 2569 θεόπνευστον

399 2596 620 2677 tunica,
653 2605 710 2657 et
736 2595 1000 2655 divinum
1033 2592 1276 2655 verbum
1320 2593 1714 2669 ell'undentes,
1749 2602 1806 2655 et
1836 2594 2038 2656 laudes

2130 2595 2279 2674 λόγον
2335 2595 2568 2674 ῥέοντας,
2628 2600 2715 2654 καὶ
2766 2599 2864 2666 τὴν
2919 2597 3143 2675 ὅμνησιν
3200 2607 3292 2657 τοῦ
3348 2609 3478 2660 Θεοῦ
3540 2600 3763 2681 ἑσπέρας

394 2682 519 2745 Deo
551 2683 786 2764 vesperi
818 2689 878 2745 et
905 2700 1080 2745 mane
1129 2690 1186 2742 et
1216 2681 1467 2771 meridie
1516 2682 1943 2762 persolventes,
1981 2690 2040 2743 et

2130 2686 2207 2741 mi
2265 2689 2409 2764 πρωί
2483 2687 2570 2741 καὶ
2629 2685 2957 2766 μεσημϐρίας
3028 2687 3488 2771 ἆποπληροῦντας,
3532 2692 3618 2747 καὶ
3669 2692 3763 2754 τὰς

397 2771 709 2834 sanitatem
742 2773 1057 2848 donantes,
1120 2770 1584 2845 admirabantur,
1621 2790 1733 2832 nec
1763 2770 2041 2832 volebant

2130 2774 2283 2837 ἰάσεις
2353 2771 2613 2855 διδόντας,
2666 2775 3069 2859 ἐξεπλήττοντο,
3128 2780 3215 2836 καὶ
3272 2780 3364 2837 οὒκ
3418 2779 3602 2848 ἤθελον
3674 2781 3771 2860 ἀφ-

394 2862 681 2925 recedere
710 2860 782 2923 ab
840 2861 950 2924 eis.
1006 2864 1121 2921 Per
1175 2860 1303 2922 dies
1360 2868 1558 2921 autem
1590 2858 2037 2949 apponebantur

2130 2864 2350 2919 ἷστασθαι
2408 2867 2599 2926 αὐτῶν.
2675 2863 2801 2924 Καθ’
2872 2867 3073 2947 ἡμέραν
3141 2867 3197 2924 δὲ
3253 2870 3614 2949 προσετίθεντο
3669 2858 3766 2927 πι-

400 2951 766 3039 credentium
802 2950 1050 3013 Domino
1083 2949 1268 3011 turbae
1296 2949 1557 3011 virorum
1590 2967 1661 3010 ao
1694 2948 2033 3011 mulierum.

2130 2953 2386 3016 vatim-cs;
2456 2958 2532 3028 τῷ
2605 2955 2775 3034 Κυρίῳ
2833 2955 3012 3026 πλήθη
3069 2955 3266 3038 ἀνδρῶν
3300 2948 3378 3015 τε
3433 2961 3521 3015 καὶ
3578 2981 3764 3039 γυναι-

394 3038 465 3101 Ει
486 3041 665 3119 jussit
694 3039 959 3105 Andreas
987 3045 1053 3100 ut
1082 3038 1360 3119 discipuli
1413 3039 1697 3100 docerent
1725 3056 1827 3099 eos
1861 3058 1875 3119 ;
1909 3036 2038 3127 ipse

2130 3046 2251 3104 κῶν,
2327 3044 2426 3100 Καὶ
2495 3041 2766 3100 ἐκέλευσεν
2853 3048 2881 3101 6
2970 3036 3215 3127 Ἀνδρέας
3298 3062 3415 3113 τοῖς
3500 3036 3768 3123 μαθηταῖς

393 3100 593 3191 autem
652 3148 785 3192 cum
842 3128 1150 3209 discipulis
1207 3100 1437 3190 d‘uobus
1495 3127 1783 3190 circuibat
1809 3100 2035 3189 vicinos

2238 3100 2251 3104 -
2864 3100 2873 3101 κ
2990 3100 3085 3103 --ή-
3130 3100 3212 3112 ---ν
3311 3100 3413 3113 ---τ
3501 3100 3765 3123 ,πη-,ητα

2130 3145 2387 3211 κατηχεϊν
2421 3133 2603 3197 αύτούς
2638 3149 2651 3163 ⁸
2715 3135 2875 3198 αὐτὸς
2931 3133 2987 3191 δὲ
3044 3100 3177 3212 μέτὰ
3224 3135 3310 3194 δύο
3366 3141 3616 3213 μαθητῶν
3646 3135 3770 3217 (16)

396 3238 598 3300 pagos,
631 3218 691 3280 in
724 3218 970 3298 gratiam
1003 3235 1211 3280 eorum
1243 3218 1344 3298 qui
1372 3218 1444 3279 ad
1469 3236 1534 3279 se
1556 3219 1755 3279 venire
1786 3235 1904 3277 non
1938 3235 2040 3296 po-

2130 3222 2444 3300 περιήρχετο
2489 3222 2582 3284 τὰς
2640 3222 2816 3298 κύκλῳ
2870 3225 3056 3301 κώμας
3112 3227 3244 3302 πρὸς
3300 3228 3419 3290 τοὺς
3475 3227 3551 3303 μὴ
3606 3224 3767 3283 δυνα-

395 3316 609 3370 terant.
640 3310 716 3371 Et
745 3327 879 3370 cum
908 3307 1250 3371 docuissent
1292 3324 1396 3397 eos
1427 3306 1640 3397 diebus
1671 3306 1890 3397 multis.
1931 3305 2034 3397 ba:

2130 3309 2309 3385 μένους
2367 3308 2450 3366 ἐπ’
2511 3312 2668 3368 αὖτὸν
2719 3312 2915 3376 ἐλθεῖν.
2964 3316 3063 3373 Καὶ
3116 3318 3525 3397 κατηχήσαντες
3581 3316 3766 3380 αὐτοὺς

394 3397 762 3478 ptizaverunt
783 3397 982 3459 turbas
1020 3396 1262 3472 multas;
1289 3396 1393 3458 sed
1421 3404 1479 3457 et
1511 3395 1843 3476 principum
1871 3393 2037 3455 multi

2130 3398 2319 3479 ἡμέρας
2375 3398 2579 3463 πολλὰς
2635 3398 2919 3460 ἐϐαπτισαν
2975 3403 3155 3475 πλήθη
3213 3393 3386 3462 πολλά
3423 3427 3437 3442 ·
3498 3404 3635 3463 ἀλλὰ
3679 3407 3766 3463 καὶ

396 3487 781 3549 crediderunt
801 3494 859 3549 et
877 3485 1325 3566 baptizabantur
1347 3505 1360 3545 :
1390 3484 1557 3546 Tunc
1578 3484 1739 3546 enim
1772 3484 2035 3564 impera-

2130 3486 2179 3543 ἐκ
2237 3492 2343 3544 τῶν
2382 3487 2654 3568 ἆρχοντῶν
2712 3489 2899 3548 πολλοὶ
2953 3492 3257 3551 ἐπίστευσαν
3313 3496 3402 3551 καὶ
3454 3492 3765 3566 ἐϐαπτίζον-

399 3586 558 3638 tores
587 3576 858 3637 Tiberius
890 3585 948 3636 et
975 3574 1148 3638 Caius
1179 3583 1237 3637 et
1292 3574 1568 3638 Claudius
1601 3591 1718 3635 non
1750 3572 2035 3654 prohibe-

395 3664 569 3741 bant;
595 3664 699 3726 sed
721 3676 778 3726 et
798 3682 1222 3743 generosarum
1249 3662 1601 3723 feminarum
1625 3670 1684 3723 et
1699 3661 2032 3724 Judzearum

396 3756 595 3816 multa
618 3754 1022 3817 crediderunt.
1050 3754 1197 3816 Cum
1220 3751 1569 3833 baptizasset
1584 3771 1684 3813 eos
1703 3752 1766 3812 in
1798 3752 2037 3813 nomine

395 3845 590 3908 Patris
620 3852 679 3906 et
705 3842 840 3907 Filii
867 3851 926 3906 et
978 3843 1233 3923 Spiritus
1290 3841 1501 3914 sancti,
1536 3840 1829 3903 dedicavit
1858 3840 2039 3902 altare

395 3941 454 3995 et
481 3934 774 4014 templum
807 3931 992 3995 beatae
1019 3931 1128 3993 Dei
1157 3930 1442 3995 Genitrici
1476 3947 1492 4005 ;
1553 3937 1609 3992 et
1639 3948 1826 4010 usque
1856 3929 2037 3991 hodie

397 4023 626 4084 cunctis
657 4030 746 4086 est
802 4021 1201 4084 manifestum.
1256 4019 1565 4083 Ordinavit
1619 4025 1813 4079 autem
1849 4037 1919 4079 ex
1951 4018 2037 4079 eis

2118 3600 2179 3634 το
2214 3593 2227 3607 ⁸
2264 3580 2310 3633 οἱ
2340 3578 2440 3655 γὰρ
2489 3577 2608 3634 τότε
2662 3578 2926 3661 βασιλεῖς,
2988 3579 3243 3662 Τιϐέριος,
3302 3585 3390 3639 καὶ
3433 3584 3618 3658 Γάίος,
3677 3584 3763 3639 καὶ

2123 3664 2401 3746 Κλαύδιος,
2435 3666 2528 3723 οὒκ
2577 3666 2806 3727 ἐκώλυον
2841 3689 2854 3703 ⁸
2916 3668 3052 3726 ἀλλὰ
3107 3672 3195 3727 καὶ
3250 3670 3309 3726 ἐκ
3356 3678 3460 3731 τῶν
3490 3668 3761 3749 εὐγενίδων

2121 3761 2381 3831 γυναικῶν
2450 3756 2538 3812 καὶ
2594 3754 2851 3814 Ἰουδαίων
2907 3757 3100 3816 πολλαὶ
3156 3759 3482 3821 ἐπίστευσαν.
3558 3760 3760 3817 Βαπτί-

2122 3865 2219 3907 σας
2249 3845 2432 3909 αὐτοὺς
2490 3846 2562 3908 εἷς
2618 3848 2678 3901 τὸ
2729 3843 2896 3923 ὄνομα
2963 3855 3055 3904 τοῦ
3099 3850 3323 3927 Πατρὸς,
3379 3851 3468 3905 καὶ
3522 3859 3613 3909 τοῦ
3641 3853 3763 3909 Υἱοῦ

2118 3935 2206 3990 καὶ
2273 3942 2365 3993 τοῦ
2432 3934 2581 4012 ἁγίου
2676 3937 2979 4012 Πνεύματος
3046 3938 3329 4017 καθιέρωσε
3395 3942 3762 4020 θυσιαστήριον

2118 4024 2206 4078 καὶ
2248 4023 2371 4078 ναὸν
2402 4027 2501 4089 τῆς
2553 4024 2704 4102 ἁγίας
2760 4026 3017 4083 Θεοτόκου
3048 4044 3063 4059 ⁸
3110 4029 3198 4083 καὶ
3252 4025 3353 4091 ἕως
3403 4028 3499 4097 τὴν
3532 4030 3761 4109 σήμερον

393 4112 734 4173 sacerdotes
764 4119 824 4172 et
853 4110 1159 4173 diaconos.
1218 4107 1394 4170 Facta
1450 4114 1539 4167 est
1595 4115 1794 4196 autem
1839 4105 2039 4196 latitia

2130 4112 2273 4169 πᾶσίν
2316 4110 2427 4168 ἐστι
2456 4112 2675 4192 φανερόν
2708 4114 2847 4189 (17).
2910 4113 3317 4196 Ἐχειροτόνησε
3374 4114 3429 4173 δὲ
3486 4115 3537 4183 ἐξ
3592 4105 3762 4177 αὐτῶν

399 4217 612 4278 magna
639 4201 700 4261 in
731 4198 962 4261 civitate
987 4199 1088 4260 illa
1119 4216 1135 4274 ;
1195 4196 1515 4278 participes
1545 4195 1704 4258 enim
1737 4195 1873 4256 illos
1900 4194 2037 4256 fecit

2130 4198 2492 4281 πρεσϐυτέρους
2547 4204 2635 4258 καὶ
2690 4194 3014 4269 διανόνουςί
3043 4194 3285 4283 Ἐγένετο
3344 4205 3399 4262 δὲ
3457 4207 3600 4286 χαρὰ
3658 4229 3762 4284 με·

392 4287 725 4351 divinorum
758 4287 979 4350 Christi
1009 4285 1448 4374 mysteriorum,
1483 4291 1542 4345 et
1589 4283 1831 4347 tradidit
1860 4282 2035 4344 litur-

2130 4289 2258 4368 γάλη
2310 4289 2363 4345 ἐν
2392 4297 2459 4367 τῇ
2508 4289 2658 4348 πόλει
2713 4291 2885 4371 ἐκείνῃ
2915 4313 2929 4328 ⁸
2994 4282 3254 4370 μετέδωκε
3311 4296 3410 4374 γὰρ
3458 4282 3639 4361 αἶῦτοτς
3662 4282 3762 4354 τοῦ

391 4374 571 4455 giam,
605 4384 663 4437 et
690 4394 976 4437 canonem
1008 4373 1374 4456 psalmodiae,
1411 4380 1474 4435 ut
1502 4390 1748 4453 vespere
1777 4376 1835 4433 et
1864 4389 2037 4432 mane

2130 4385 2343 4458 Χριστοῦ
2412 4386 2516 4437 τῶν
2572 4381 2722 4437 θείων
2792 4388 3114 4464 μυστηρίων,
3185 4385 3273 4441 καὶ
3329 4373 3606 4463 παρέδωκε
3662 4386 3758 4453 τὴν

393 4474 917 4544 congregarentur,
952 4463 1025 4524 ad
1057 4462 1348 4553 orientem
1400 4480 1553 4553 genu
1602 4462 1942 4553 flecterent,
1976 4467 2036 4522 et

2130 4470 2442 4547 Ιιειτουργίαν
2472 4471 2559 4525 καὶ
2602 4472 2689 4527 τὸν
2745 4473 2940 4530 κανόνα
2993 4462 3107 4541 τῆς
3146 4462 3473 4549 ψαλμῳδίας,
3535 4474 3758 4553 ἑσπέρας

393 4553 479 4614 sic
509 4562 738 4615 stantes
768 4561 1033 4629 orarent,
1084 4551 1430 4633 psalterium
1477 4548 1713 4610 Davidis
1744 4548 2035 4630 praecine-

2130 4557 2204 4613 καὶ
2274 4561 2419 4636 πρωῒ
2482 4558 2845 4639 συνέρχεσθαι,
2916 4563 3049 4617 κατὰ
3104 4548 3359 4627 ἀνατολὰς
3430 4548 3756 4641 γονυκλινέῒν

390 4650 547 4720 rent,
576 4652 636 4705 et
657 4650 899 4705 caeteros
922 4641 1258 4731 prophetas,
1304 4658 1423 4731 nec
1447 4637 1662 4731 fabulis
1691 4636 2034 4731 Graecorum

2130 4644 2371 4701 καὶοῦτω
2457 4647 2481 4701 ἑ
2556 4636 2675 4662 ’νη
2918 4651 2930 4671 ’
3240 4653 3255 4671 ‘
3445 4636 3455 4641 ⁷
3730 4660 3753 4669 ”

2220 4730 2225 4731 7
2375 4668 2398 4709 ς
2484 4668 2689 4712 στωτας
2740 4654 3146 4731 προσεύχεσθαι,
3205 4673 3267 4709 το
3326 4649 3615 4729 ψαλτήριον
3664 4675 3757 4709 του

395 4730 792 4808 adhaererent,
827 4729 1358 4821 sedambularent
1408 4728 1470 4788 in
1524 4727 1672 4821 lege
1715 4727 2039 4821 Moysistet

2130 4730 2339 4797 Δαϐίδος
2370 4734 2590 4811 ψάλλειν
2636 4738 2724 4821 καὶ
2765 4727 2885 4803 τοὺς
2939 4727 3157 4803 λοιποὺς
3212 4727 3516 4821 προφήτας,
3569 4743 3758 4818 καὶμὴ

392 4827 607 4911 statuta
644 4820 717 4911 ad
748 4819 1048 4911 apostolis
1077 4817 1463 4911 custodirent.
1518 4815 1615 4879 Sic
1643 4815 1911 4878 Andreas
1942 4816 2035 4911 fa:

2130 4836 2235 4887 τοῖς
2265 4824 2440 4899 μύθοις
2468 4832 2573 4883 τῶν
2635 4817 2905 4898 Ἐλλήνων
2971 4815 3280 4910 προσέχειν,
3331 4815 3475 4886 ’ἀλλὰ
3497 4815 3757 4911 στοιχέῒ-

399 4908 565 4972 ciens
594 4918 651 4972 et
678 4909 901 4972 docens
931 4908 1145 4971 multas
1174 4907 1436 4970 civitates
1451 4912 1722 4986 etpagos,
1742 4905 2040 4969 convertit

2130 4915 2235 4969 σθαι
2291 4920 2368 4988 τῷ
2410 4915 2557 4990 νόμῳ
2612 4916 2870 4992 Μωσέως,
2915 4919 3002 4974 καὶ
3056 4919 3121 4975 τὰ
3174 4918 3454 4998 κεκριμένα
3509 4920 3610 4975 ὑπὸ
3653 4920 3757 4978 τῶν

392 4998 465 5061 ad
496 4998 812 5064 Christum.

2130 5000 2428 5088 ἐποστόλων
2459 5001 2757 5083 φυλάττειν.
2792 5004 2969 5071 Οὕτως
3012 5009 3041 5063 6
3097 5005 3342 5088 Ἀνδρέας
3390 5014 3556 5065 ποιῶν
3584 5030 3642 5066 τε
3671 5011 3757 5067 καὶ

2115 5086 2372 5149 διδάσκων
2429 5090 2631 5158 πολλὰς
2700 5092 2882 5159 πόλεις
2937 5096 3025 5153 καὶ
3075 5086 3260 5173 κώμας
3316 5098 3623 5178 προσήγαγε
3679 5106 3757 5175 τῷ

2116 5183 2348 5258 Χριστῷ.

466 5270 796 5337 Discedens
824 5280 1018 5338 autem
1048 5272 1122 5336 ab
1142 5268 2026 5359 Amyso,venitTrapezuntem,

2172 5264 2427 5359 Ilia-ipa;
2456 5267 2540 5347 ἰδὲ
2588 5270 2695 5327 ἀπὸ
2753 5268 2975 5349 Ἀμισοῦ
3027 5273 3183 5343 ἧλθεν
3237 5276 3310 5339 εἰς
3367 5281 3752 5359 Τραπεζοῦντα,

392 5360 685 5427 civitatem
714 5362 939 5429 Lazicaa
966 5371 1169 5428 terrae.
1225 5362 1358 5426 Viri
1408 5366 1606 5425 autem
1662 5356 1752 5420 illi
1779 5357 1943 5423 stulti
1973 5365 2032 5420 et

2130 5355 2264 5414 πόλιν
2318 5362 2420 5426 τῆς
2477 5364 2731 5430 Λαζικῆς.
2787 5364 2848 5420 Οἱ
2901 5360 2956 5417 δὲ
3012 5360 3270 5444 ἅνθρωποι
3328 5367 3468 5422 οἶτοι
3537 5355 3753 5433 ἀνόητοι

1802 5527 1997 5595 Variaa
2020 5526 2311 5590 lectones.

468 5663 589 5747 (14)
621 5665 953 5742 Ἀθεμήτων.
985 5662 1116 5731 Vat.

468 5746 576 5823 [15)
604 5748 687 5810 Et.
719 5743 851 5810 Vat.

2223 5661 2297 5721 16
2345 5662 2621 5733 Μαθήτας.
2655 5664 2779 5726 Vat.

2190 5658 2325 5823 £176
2351 5739 2602 5823 Scripsit
2641 5741 2779 5809 fort:

461 5739 581 5825 ('15;
604 5748 687 5810 Et.
719 5739 851 5810 Vat.

2192 5739 2325 5823 (17)
2351 5739 2602 5826 Scripsit
2641 5741 2889 5811 fortasse
2916 5747 3159 5831 φανερός.
