4068 6112
334 320 453 387 229
1684 330 1871 394 VITA
1913 332 1975 395 S.
2008 331 2361 397 ANDRE/E.
3599 333 3721 401 230

336 461 424 515 καὶ
475 455 756 525 κτηνωδῶς
812 457 928 530 (18)
986 458 1280 538 ἀλόγιστοι.
1345 458 1580 519 Ἐκεῖθεν
1640 462 1846 542 ἀπάρας
1904 465 1942 519 εί

2109 481 2323 526 ararum
2357 482 2523 528 more
2555 463 2736 527 bruti.
2802 464 2943 527 inde
3000 464 3318 528 discedens
3372 466 3431 528 in
3462 466 3715 530 Iberiam

340 546 566 626 Ἰϐηρίαν
599 545 891 636 ,διέτριψεν
928 569 940 582 ·
1007 551 1094 605 καὶ
1161 548 1409 636 πολλοὺς.
1462 552 1693 631 φωτίσας
1748 550 1833 609 διὰ
1888 559 1946 618 “si

2110 553 2336 627 ivertit;
2361 562 2417 615 et
2441 554 2656 616 multos
2680 554 3021 615 illuminans
3046 572 3153 634 per
3169 554 3316 616 viam
3337 573 3521 636 prope
3551 576 3714 620 mare

338 638 480 715 παρὰ
532 634 799 692 θάλασσαν
873 636 993 694 ὁδοῦ
1046 636 1204 704 ἦλθεν
1262 639 1334 703 εἰς
1396 629 1733 718 Ἰεροσόλυμα
1788 640 1871 698 διὰ
1926 665 1944 698 1

2107 642 2227 703 enit
2253 641 2680 722 Jerosolymam
2706 652 2944 723 propter
2969 629 3215 706 Pascha.
3242 648 3318 707 Et
3339 629 3713 724 ipos'tPente-

341 726 556 804 Πάσχα.
606 724 703 781 Καὶ
754 726 888 799 μετᾶ
929 725 1028 792 τὴν
1072 727 1442 792 Πεντηκοστῆν
1486 727 1708 807 Πέτρος,
1740 730 1829 784 καὶ
1857 728 1947 784 ’Av

2108 737 2300 804 osten,
2337 733 2547 793 Petrus
2577 740 2635 794 et
2664 731 2935 793 Andreas
2966 740 3023 792 et
3052 734 3311 795 Joannes
3341 731 3609 794 Zebedaei
3639 733 3710 794 fi-

338 814 488 894 δρὲας
557 816 645 870 καὶ
726 815 974 881 Ἰωάννης
1044 822 1137 871 τοῦ
1208 812 1498 889 Ζεϐεδαίου,
1572 819 1660 872 καὶ
1723 816 1944 874 Φίλιππε

2114 838 2206 899 us,
2237 827 2293 880 et
2320 818 2632 901 Philippus
2662 838 2815 882 unus
2845 838 2914 881 ex
2946 818 3287 892 duodecim,
3324 829 3383 881 et
3413 822 3717 883 Bartholo-

337 910 441 961 τῶν
500 902 698 960 δώδεκα
753 905 839 959 καὶ
890 903 1287 982 Βαρθολομαῖος
1343 905 1732 984 ὑπερέστρεψαν
1788 908 1859 970 εἰς
1889 909 1943 963 τὶ

2113 926 2251 968 naeus
2282 908 2656 970 deﬂexerunt
2712 908 2773 969 in
2828 908 3142 989 Phrygiam
3203 910 3599 988 superiorem.
3648 910 3719 973 Et

338 993 446 1050 ἄνω
505 992 755 1071 Φρυγίαν.
829 994 929 1050 Καὶ
992 992 1255 1057 Φίλιππος
1326 992 1584 1060 κατῆλθεν
1642 997 1715 1057 εἰς
1773 993 1944 1052 Ἀντιό

2114 995 2371 1075 hilippus
2394 996 2553 1057 venit
2592 996 2967 1058 Antiochiam
3007 997 3219 1077 Syriae.
3251 996 3322 1057 Et
3354 1000 3559 1059 Petrus
3589 999 3720 1079 qui-

337 1103 491 1161 χειαν
521 1086 618 1147 τῆς
667 1080 878 1159 Συρίας.
938 1083 1035 1138 Καὶ
1085 1084 1114 1137 6
1163 1083 1259 1156 μὲν
1318 1082 1509 1161 Πέτρος
1559 1082 1866 1159 ἐναπὲμεινε
1897 1106 1943 1139 κε

2111 1102 2202 1145 em
2238 1084 2478 1159 mansit,
2508 1093 2564 1145 et
2594 1105 2729 1147 cum
2789 1086 2970 1148 Paulo
3031 1086 3322 1147 ordinavit
3354 1089 3712 1149 Marcianum

338 1170 710 1250 ἐχειροτόνησε
780 1170 871 1224 σὺν
945 1168 1134 1244 Παύλῷ
1204 1174 1500 1249 Μαρκιανᾷν
1570 1173 1655 1227 καὶ
1733 1172 1944 1250 Παγκρά

2111 1171 2523 1234 tPancratium
2586 1174 2896 1255 episcopos
2953 1173 3192 1236 Sicilire.
3255 1176 3466 1238 Crateri
3522 1185 3717 1238 autem

336 1283 449 1316 τιον
505 1259 826 1321 ἐπισκόπους
883 1258 1148 1323 Σικελίας.
1220 1262 1279 1316 Οἱ
1349 1257 1403 1314 δὲ
1460 1259 1635 1316 λοιποὶ
1690 1260 1942 1339 ἆπάραντε

2111 1259 2356 1322 beuntes
2386 1262 2822 1341 perlustrabant
2878 1263 3146 1325 civitates
3201 1263 3263 1323 in
3306 1263 3501 1324 medio
3532 1273 3717 1325 terra-

336 1347 623 1428 διήρχοντο
650 1349 744 1410 τὰς
789 1346 970 1410 πόλεις
1019 1354 1125 1403 τῶν
1179 1348 1478 1424 μεσογαίων
1538 1347 1688 1427 (19).
1722 1348 1942 1405 Φίλιππε

2107 1368 2199 1410 um
2221 1350 2513 1429 jacentes.
2552 1351 2862 1431 Philippus
2890 1360 3084 1413 autem
3121 1370 3273 1414 unus
3300 1370 3369 1413 ex
3400 1352 3713 1415 duodecim

336 1436 391 1493 δὲ
444 1435 568 1516 (20)
623 1444 727 1492 τῶν
775 1434 975 1492 δώδεκα
1032 1438 1119 1493 καὶ
1190 1434 1585 1514 Βαρθολομαῖος
1644 1435 1855 1512 ἔμειναν
1914 1441 1942 1493 ε’

2112 1438 2613 1500 tBartholomaeus
2664 1446 3010 1501 manserunt
3046 1438 3107 1500 in
3139 1439 3383 1521 Phrygia
3411 1441 3718 1521 superiore

336 1529 437 1593 τὴν
508 1525 617 1583 ἄνω
687 1526 914 1605 Φρυγίαν
980 1526 1108 1615 καὶν
1132 1522 1387 1586 Πισιδίαν,
1462 1522 1705 1605 Ἀνδρέας
1776 1524 1830 1582 δὲ
1900 1549 1942 1582 κε

2114 1534 2133 1587 ι
2165 1526 2408 1590 Pisidia.
2444 1527 2711 1590 Andreas
2740 1535 2939 1589 autem
2971 1536 3029 1588 et
3055 1526 3319 1590 Joannes
3340 1528 3720 1590 morabantur

336 1616 591 1682 Ἰωάννης
651 1612 902 1695 διέτριϐον
960 1615 1032 1678 εἷς
1087 1612 1306 1695 Ἐφεσον
1358 1616 1446 1670 καὶ
1502 1613 1787 1672 ἐδίδασκον.
1849 1615 1942 1672 Ε’ίτ

2112 1613 2314 1695 iphesi,
2344 1623 2404 1679 et
2433 1615 2751 1679 docebant.
2808 1616 2966 1677 Dixit
3022 1625 3221 1679 autem
3278 1616 3562 1678 Dominus
3591 1620 3718 1679 An-

337 1704 391 1761 δὲ
459 1709 488 1762 6
561 1685 771 1784 Κύριος·
815 1712 892 1779 τῷ
948 1685 1171 1781 Ἀνδρέᾳ.
1196 1720 1210 1734 ·
1272 1685 1498 1760 νΑπελθε
1568 1706 1641 1767 εἷς
1700 1705 1933 1760 Βιθυνίαν

2114 1685 2231 1763 reae
2256 1723 2269 1764 :
2296 1685 2460 1802 Vade
2491 1703 2552 1764 in
2583 1703 2916 1808 Bithyniam
2950 1712 3008 1764 et
3038 1721 3148 1783 ego
3179 1713 3376 1766 tecum
3406 1724 3533 1808 sum
3565 1725 3718 1786 quo-

338 1795 489 1874 κέιγὼ
539 1796 672 1870 μετὰ
716 1801 810 1849 σοῦ
868 1795 974 1869 εἰμι
1028 1796 1088 1848 οὔ
1139 1792 1199 1850 ἂν
1256 1794 1508 1873 πορεύσῃ,
1572 1792 1652 1848 ὅτι
1705 1795 1739 1861 ἡ
1798 1796 1944 1849 Σκυθί

2113 1810 2305 1870 unque
2336 1792 2502 1866 ieris,
2540 1792 2676 1872 quia
2704 1790 2938 1871 Scythia
2966 1800 3022 1854 te
3054 1801 3382 1872 exspectat.
3415 1792 3492 1855 Ut
3525 1802 3719 1855 autem

337 1873 606 1962 περιμένει
654 1904 735 1943 σε.
786 1873 877 1946 Ὠς
935 1880 991 1937 δὲ
1048 1883 1203 1938 εἶπεν
1260 1884 1288 1938 6
1346 1879 1590 1959 Ἀνδρείας
1642 1889 1720 1956 τῷ
1768 1882 1943 1939 ’[ωάνν

2110 1879 2338 1941 .ndreas
2363 1888 2576 1941 cuncta
2603 1879 2747 1940 dixit
2767 1879 3003 1955 Joanni,
3031 1880 3278 1942 osculati
3296 1881 3716 1957 suntinvicem,

338 1974 533 2044 πάντα,
586 1972 897 2038 ἠσπάσαντο
947 1969 1232 2045 ἀλλήλους,
1295 1973 1381 2027 καὶ
1422 1968 1598 2029 λαϐὼν
1657 1972 1776 2034 τοὺς
1831 1968 1944 2026 ἷδίοι

2114 1975 2402 2029 tsumens
2460 1967 2728 2049 proprios
2786 1968 3137 2050 discipulos,
3198 1969 3343 2030 abiit
3376 1970 3720 2033 Laodiceam

342 2060 577 2136 μαθητὰς
609 2058 830 2126 ἀνῆλθεν
888 2061 960 2123 εἰς
1021 2057 1323 2116 Λαοδίκειαν
1378 2065 1477 2126 τῆς
1531 2060 1758 2139 Φρυγίας
1802 2066 1948 2115 Πακα

2118 2057 2335 2135 brygiae
2362 2056 2724 2131 Pacatianze,
2753 2066 2813 2119 et
2852 2058 3064 2119 exinde
3085 2058 3147 2118 in
3174 2058 3440 2137 Mysiam,
3473 2056 3722 2139 Odysso-

341 2154 524 2215 τιανῆς
564 2147 717 2227 (21),
768 2148 1011 2204 κάκεῖθεν
1060 2149 1131 2210 εἷς
1178 2148 1275 2214 τὴν
1334 2148 1532 2203 Μυσίαν
1586 2149 1658 2211 εἰς
1715 2145 1947 2205 Ὀδυσσοι

2117 2144 2251 2205 olim
2284 2144 2472 2224 petiit.
2506 2144 2576 2205 Et
2604 2144 2771 2207 factis
2802 2146 3026 2226 aliquot
3081 2145 3316 2221 diebus,
3358 2145 3723 2208 constituens

343 2236 678 2316 πολιν
716 2239 813 2294 Καὶ
867 2237 1096 2306 ποιήσας
1153 2235 1334 2314 ὀλίγας
1390 2235 1949 2316 ἡμέρας,’καταστήσα

2121 2233 2159 2293 is
2175 2232 2519 2312 episcopum
2545 2233 2867 2314 Apionem,
2896 2233 3129 2295 transiit
3149 2233 3460 2315 Olympum
3489 2243 3548 2296 et
3567 2236 3727 2297 venit

344 2328 525 2390 αὖτοϊς
596 2326 881 2381 ἐπίσκοπον
950 2324 1195 2403 Ἀπίονα,
1266 2322 1490 2404 ὑπερϐὰς
1563 2327 1651 2381 τὸν
1740 2322 1950 2400 Ολυμπο

2119 2321 2350 2398 icaaam,
2376 2322 2566 2405 vicum
2591 2322 2879 2403 Bithyniae
2905 2343 2920 2399 ;
2944 2327 3211 2386 nondum
3247 2325 3403 2385 enim
3439 2332 3579 2386 tunc
3602 2344 3725 2386 mu-

346 2415 495 2483 ἦλθεν
527 2418 599 2479 εἰς
654 2425 894 2487 Νικαιαν,
946 2413 1137 2489 κώμην
1191 2418 1291 2480 τῆς
1347 2413 1582 2476 Βιθυνίας
1614 2432 1627 2444 ·
1687 2414 1746 2469 οὔ
1797 2412 1952 2490 γὰρῆ

2118 2409 2194 2470 ita
2225 2410 2415 2471 fuerat
2446 2418 2503 2472 et
2530 2418 2758 2491 ornata,
2793 2412 2897 2473 sed
2933 2421 3134 2491 postea
3184 2431 3218 2473 a
3267 2411 3522 2493 Trajano
3557 2430 3724 2477 muro

344 2505 463 2560 τότε
503 2504 959 2583 περιτειχισθετσα
1011 2502 1099 2557 καὶ
1139 2500 1597 2580 καλλωπισθεῖσα,
1655 2497 1773 2555 ἀλλ’
1829 2498 1950 2555 ὕστε

2110 2497 2436 2560 ircumdata
2493 2507 2631 2574 est;
2688 2508 2748 2561 et
2804 2500 2968 2562 lacus
3033 2508 3169 2562 tunc
3222 2502 3542 2580 productus
3570 2509 3716 2577 erat,

348 2615 434 2670 ρον
488 2593 575 2648 ἐπὶ
631 2597 894 2670 Τραϊανοῦ
949 2590 1340 2669 περιετειχὶσθη
1377 2605 1390 2618 ⁸
1450 2590 1538 2645 καὶ
1591 2589 1626 2655 ἡ
1684 2586 1845 2663 λίμνη
1873 2587 1954 2643 τότ

2118 2606 2249 2666 )nge
2275 2586 2499 2648 distans
2519 2586 2845 2667 aboppido.
2883 2586 3229 2665 Ingrediens
3252 2597 3444 2649 autem
3457 2589 3724 2652 Andreas

351 2682 525 2760 μακρᾶ
594 2680 682 2753 ἧν,
759 2679 1034 2759 ἀπέχουσα
1104 2684 1204 2745 τῆς
1270 2678 1460 2754 κώμης
1516 2676 1672 2736 πολύ.
1734 2675 1957 2732 Εἷσελθὼ

2122 2676 2293 2746 deos,
2322 2676 2663 2756 praedicavit
2692 2676 2993 2739 Christum
3030 2686 3087 2739 et
3115 2677 3458 2739 hortabatur
3492 2687 3555 2739 ut
3578 2679 3728 2740 acci-

349 2769 402 2825 δὲ
432 2767 675 2844 Ἀνδρέας
731 2770 861 2847 πρὸς
916 2768 1101 2831 αὖτοὺς
1162 2767 1415 2846 ἐκήρυσσε
1470 2768 1560 2822 τὸν
1619 2767 1842 2844 Χριστὸν
1906 2787 1955 2820 κε

2116 2772 2285 2825 erent
2312 2765 2558 2826 verbum
2584 2764 2839 2826 Domini.
2877 2764 3001 2826 Viri
3032 2774 3227 2828 autem
3263 2766 3438 2845 hujus
3470 2766 3584 2828 loci
3612 2768 3722 2829 de-

348 2856 655 2938 παρεκάλει,
729 2856 965 2928 δέξασθαι
1021 2859 1110 2913 τὸν
1181 2855 1339 2936 λόγον
1391 2865 1484 2914 τοῦ
1554 2857 1762 2934 Κυρὶου,
1825 2857 1882 2911 Οἱ
1938 2851 1954 2909 ἓ

2118 2861 2363 2933 eptores,
2397 2852 2589 2929 bardi,
2648 2854 2895 2934 perjuri,
2932 2854 3174 2934 superbi
3203 2861 3261 2915 et
3290 2855 3509 2933 adjecti
3538 2874 3724 2937 usque

352 2947 578 3004 ἐντόπιοι
661 2944 921 3025 ἅνθρωποι
998 2949 1237 3020 ψεῦσται,
1318 2946 1474 3020 μυκοὶ
1527 2941 1673 3022 (23),
1735 2942 1958 3021 ἐπίορκοι

2110 2963 2136 3003 n
2167 2943 2519 3005 hodiernam
2549 2943 2732 3024 diem,
2767 2943 2953 3007 Judaei
2982 2952 3042 3006 et
3072 2944 3285 3008 Graeci.
3321 2946 3394 3008 Et
3425 2946 3581 3027 apud
3604 2946 3716 3009 Ju-

351 3040 695 3129 ὑπερήφανοι,
750 3034 1063 3116 ἀγυρτώδεις
1115 3036 1215 3101 ἕως
1286 3037 1385 3103 τὴν
1439 3037 1690 3115 σήμερον,
1749 3032 1957 3092 Ἰοοδαϊι

2120 3051 2235 3094 aeos
2264 3051 2555 3129 synagoga
2586 3051 2818 3112 magna,
2855 3034 3236 3129 erat_qu_ippe
3264 3051 3543 3129 magnum
3562 3038 3725 3129 oppif

352 3148 409 3183 τε
449 3109 555 3182 ’καὶ
614 3109 883 3193 Ἕλληνες.
948 3126 1047 3182 Καὶ
1102 3125 1242 3205 παρά
1299 3125 1396 3201 μὲν
1438 3109 1704 3186 Ἰουδαίοις
1760 3143 1958 3201 συναγα

2120 3140 2217 3182 um
2257 3109 2467 3203 {aptid
2489 3109 2730 3184 Crwcos
2760 3129 2955 3184 autem
2986 3109 3212 3185 idolum
3245 3109 3537 3203 Apollinis
3567 3109 3725 3205 quod

353 3213 711 3294 ﬂysycﬂn,
771 3212 953 3280 ἐπειδὴ
1008 3215 1095 3270 καὶ
1148 3216 1183 3282 ἡ
1226 3221 1385 3289 κώμη
1439 3211 1649 3290 μεγάλη
1703 3211 1790 3291 ἦν,
1854 3232 1959 3290 παρ

2117 3210 2315 3272 racula
2343 3210 2577 3286 edebat,
2611 3219 2672 3272 et
2699 3210 2978 3273 visiones.
3010 3211 3081 3272 Et
3109 3211 3211 3292 qui
3238 3211 3314 3272 ab
3348 3230 3416 3273 eo
3447 3213 3723 3277 vaticinia

353 3289 408 3359 δὲ
441 3289 689 3369 Ἕλλησιν
723 3300 944 3359 εἴδωλον
1000 3310 1093 3359 τοῦ
1139 3289 1531 3380 Ἀπόλλωνος,
1563 3302 1591 3356 ὃ
1641 3289 1805 3356 ἐποίει
1849 3289 1959 3378 χρη

2117 3298 2359 3375 debant,
2393 3300 2694 3361 oraculum
2728 3298 2966 3380 quidem
3001 3289 3404 3381 proferebant,
3436 3301 3595 3363 aliud
3624 3321 3723 3365 au-

357 3395 518 3468 σμοὺς
574 3395 662 3448 καὶ
733 3393 1043 3472 φαντασίας,
1104 3394 1164 3450 Οἱ
1232 3389 1286 3447 δὲ
1354 3389 1407 3456 ἐξ
1462 3394 1619 3449 αὐτοῦ
1677 3386 1963 3469 χρησδοτοί

2116 3405 2199 3448 em
2223 3387 2425 3450 dicere
2445 3387 2786 3469 nequibant,
2821 3388 3090 3449 daemone
3120 3406 3292 3450 aures
3316 3396 3374 3449 et
3391 3408 3493 3450 ora
3518 3408 3722 3453 eorum

356 3502 500 3556 μενοι
530 3482 623 3536 τὸν
652 3480 748 3557 μὲν
805 3482 1052 3561 χρησμὸν
1095 3478 1297 3559 ἔλεγον,
1343 3477 1474 3535 ἄλλο
1529 3476 1582 3534 δὲ
1644 3476 1873 3544 λαλῆσαι
1905 3480 1962 3535 οὗ

2121 3474 2416 3552 laudente,
2452 3484 2509 3538 et
2540 3476 2858 3538 manebant
2879 3476 3042 3537 surdi
3066 3477 3309 3539 etmuti.
3344 3477 3727 3541 Infirmitates

356 3568 630 3649 ἠδύναντο,
688 3575 778 3624 τοῦ
835 3566 1079 3644 δαίμονος
1135 3563 1456 3649 φράσσοντος
1509 3567 1575 3622 τὰ
1625 3566 1737 3622 ὦτα
1793 3567 1880 3621 καὶ
1933 3587 1962 3621 τ

2121 3572 2274 3626 utem
2307 3565 2463 3627 inter
2493 3583 2593 3627 eos
2626 3565 2844 3645 multas,
2879 3572 2937 3626 et
2988 3564 3337 3627 daemoniaci
3367 3566 3556 3630 multi.
3603 3568 3727 3628 An—

358 3659 593 3733 στόματα
662 3662 854 3733 αὐτῶν,
923 3660 1011 3715 καὶ
1081 3656 1314 3734 διέμενον
1392 3657 1557 3737 κωφοὶ
1626 3657 1717 3712 καὶ
1783 3651 1964 3710 ἅλαλοι

2123 3671 2254 3714 reas
2274 3662 2467 3715 autem
2501 3653 2648 3715 dixit
2667 3654 2753 3715 eis
2787 3671 2801 3714 :
2836 3652 2966 3714 Non
2998 3652 3267 3731 poteritis
3296 3672 3327 3714 a
3360 3652 3729 3717 daemonibus

358 3747 644 3803 Ἀσθένειαι
696 3745 750 3802 δὲ
805 3747 928 3826 παρ’
987 3749 1168 3811 αὐτοῖς
1222 3749 1311 3803 καὶ
1383 3744 1801 3821 δαιμονιζόμενοι
1857 3741 1961 3799 πολ

2125 3742 2384 3804 tmorbis
2425 3742 2691 3815 liberari,
2722 3740 2837 3802 nisi
2875 3741 3250 3803 accesseritis
3295 3740 3367 3801 ad
3399 3741 3731 3804 viviﬁcatri-

357 3835 459 3897 λοί,
523 3828 581 3893 Ὀ
638 3833 693 3891 δὲ
764 3834 1005 3915 Ἀνδρέας
1064 3834 1242 3914 ἔλεγεν
1300 3836 1484 3898 αὐτοῖς
1517 3852 1533 3870 ·
1601 3835 1674 3921 (ξιό
1721 3830 1963 3902 δυνήσεσθ

2118 3850 2215 3893 em
2246 3831 2599 3921 doctrinam.
2635 3831 2739 3921 Et_
2759 3831 2822 3892 hi
2878 3832 3117 3911 quidem
3172 3829 3720 3921 conscribebantur,

356 3923 724 4001 ἀπαλλαγῆναι
766 3929 871 3980 τῶν
927 3922 1188 4000 δαιμόνων
1245 3924 1334 3980 καί
1373 3917 1721 4001 τῶνινόσων,
1778 3921 1868 3976 ἐὰν
1922 3943 1960 3986 μ

2117 3923 2189 3984 ed
2212 3920 2672 3982 mantiebantur.
2696 3918 3045 3982 Eratautem
3075 3936 3253 3999 rupes
3275 3917 3507 3979 excelsa
3531 3920 3723 3998 valde,

356 4013 680 4094 προσέλθητε
747 4020 816 4091 τῇ
884 4014 1187 4092 ὑγιαινούσῃ
1256 4010 1586 4094 διδασκαλίᾳ.
1646 4014 1706 4072 Οἱ
1763 4008 1817 4065 δὲ
1871 4031 1961 4068 συν

2125 4010 2249 4072 nasi
2281 4009 2546 4071 millibus
2576 4026 2808 4071 novem.
2845 4007 2908 4069 [η
2937 4025 3027 4084 ea,
3061 4013 3127 4069 ut
3171 4006 3355 4086 aiunt,
3391 4006 3730 4071 morabatur

358 4090 581 4159 ετίθεντο
640 4103 758 4178 μὲν,
794 4090 799 4091 ⁷
832 4090 1107 4178 ὲψεῦδοντο
1166 4090 1249 4158 δέ.
1324 4090 1420 4157 Ἦν
1476 4099 1530 4156 δὲ
1598 4099 1763 4178 πέτρα
1816 4097 1960 4174 ὑψηλ

2124 4118 2259 4161 raco
2293 4097 2604 4179 maximus,
2640 4104 2698 4160 et
2745 4097 2962 4157 multos
3009 4095 3273 4157 vexabat.
3333 4094 3600 4158 Andreas
3630 4117 3730 4159 au-

358 4193 516 4264 πάνυ,
588 4193 662 4255 ὡς
717 4191 823 4247 ἀπὸ
879 4190 1060 4267 μὶλίων
1119 4189 1288 4251 ἐννέα,
1350 4187 1441 4246 Ἐν
1498 4190 1651 4265 αὐτῇ,
1712 4186 1785 4249 ὥς
1815 4208 1964 4265 φασιν

2122 4204 2199 4250 3m
2229 4186 2373 4249 abiit
2399 4186 2469 4247 ad
2503 4204 2661 4265 eum,
2719 4202 2962 4246 sumens
3020 4184 3279 4246 ferreum
3324 4181 3600 4246 baculum
3631 4188 3728 4248 cui

356 4280 483 4355 ᾤκει
568 4277 772 4359 δράκων
867 4277 1243 4359 παμμεγέθης,
1344 4279 1432 4333 καὶ
1499 4275 1725 4339 πολλοὺς
1808 4272 1962 4342 ἠδίκει

2125 4283 2141 4337 t
2164 4293 2402 4356 semper
2422 4273 2807 4349 innitebatur,
2837 4272 3015 4335 simul
3038 4279 3094 4334 et
3117 4272 3266 4334 duos
3287 4271 3634 4353 discipulos.
3658 4274 3731 4338 Et

361 4361 419 4426 Ὀ
445 4367 500 4424 δὲ
529 4366 776 4447 Ἀνδρείας
821 4366 1053 4434 ἀπῆλθεν
1110 4370 1242 4445 πρὸς
1296 4368 1476 4446 αὐτὸν,
1536 4372 1742 4445 κρατῶν
1797 4361 1850 4419 δὲ
1901 4364 1967 4430 τὴ

2127 4372 2147 4425 ι
2176 4372 2579 4444 accesserunt,
2616 4363 2756 4425 exiit
2787 4361 2859 4423 ad
2896 4380 2998 4423 eos
3055 4361 3234 4423 draco
3269 4378 3282 4422 :
3318 4361 3586 4424 Andreas
3620 4382 3729 4425 au-

360 4455 572 4537 σιδηρᾶν
631 4453 841 4536 ῥάϐδον,
898 4460 935 4533 ᾗ
990 4458 1077 4512 καὶ
1133 4457 1358 4513 πάντοτε
1411 4456 1803 4533 ὑπεστηρίζετο,
1864 4473 1965 4527 μετ

2128 4472 2203 4515 ιω
2235 4453 2426 4515 inﬁxit
2451 4452 2723 4514 baculum
2786 4451 2847 4513 in
2907 4451 3145 4512 oculum
3198 4449 3477 4512 draconis
3506 4458 3564 4512 et
3593 4454 3734 4515 exiit

357 4549 443 4602 καὶ
469 4544 559 4602 δύο
589 4547 865 4620 μαθητῶν.
929 4547 1025 4602 Καὶ
1079 4547 1150 4608 ὡς
1206 4546 1594 4624 προσήγγισαν,
1654 4540 1837 4608 ἐξῆλθε
1867 4543 1963 4620 πρὸ

2126 4560 2190 4604 er
2216 4542 2418 4621 alium,
2457 4549 2514 4602 et
2565 4540 2875 4602 confestim
2932 4538 3256 4619 exspiravit
3314 4537 3568 4621 (draco).
3601 4539 3726 4612 Quo

364 4634 542 4698 ὠτοὺς
576 4638 605 4690 6
636 4631 837 4712 δράκων
870 4652 884 4666 ⁶
947 4637 975 4691 6
1034 4631 1088 4690 δὲ
1145 4632 1388 4713 Ἀνδρέας
1444 4630 1603 4699 ἔπηξε
1661 4632 1757 4698 τὴν
1786 4628 1970 4709 σιδηρᾶ

2125 4638 2233 4693 tcto
2258 4629 2427 4691 multi
2452 4628 2839 4690 crediderunt
2866 4628 2928 4688 in
2961 4627 3306 4691 Dominum.
3331 4629 3604 4690 Andreas
3633 4648 3731 4693 au-

365 4720 542 4797 Wov
580 4725 653 4786 εἰς
708 4724 799 4779 τὸν
844 4721 1109 4802 ὀφθαλμὸν
1164 4732 1255 4781 τοῦ
1311 4720 1612 4800 δράκοντος,
1654 4721 1742 4775 καὶ
1793 4717 1971 4785 ἐξῆλθε

2127 4738 2206 4781 am
2233 4736 2507 4781 reversus
2539 4727 2627 4779 est
2655 4717 2933 4791 Nicaeam,
2969 4724 3027 4778 et
3085 4716 3260 4796 coepit
3288 4716 3527 4777 docere.
3563 4716 3733 4780 Post-

363 4812 432 4874 εἷς
458 4814 546 4867 τὸν
590 4811 786 4889 ἕτερον,
842 4813 933 4867 καὶ
1004 4811 1190 4874 εὐθέως
1236 4807 1495 4885 ἐξέψυξεν.
1553 4809 1749 4889 Τούτου
1790 4805 1845 4862 δὲ
1901 4828 1969 4884 γε

2123 4826 2258 4869 uam
2282 4815 2475 4869 autem
2502 4825 2535 4868 e
2554 4807 2798 4886 regione
2818 4806 2986 4885 rupis
3021 4805 3370 4868 interfectus
3411 4813 3499 4865 est
3527 4805 3728 4885 draco,

364 4900 579 4976 νομένου
606 4886 794 4957 πολλοὶ
823 4898 1131 4958 ἐπίστευσαν
1186 4901 1259 4963 εἷς
1314 4900 1405 4955 τὸν
1462 4898 1670 4977 Κύριον.
1719 4886 1776 4955 Ὀ
1808 4894 1862 4952 δὲ
1889 4904 1970 4952 Αν·

2125 4896 2458 4958 moluerunt
2481 4895 2676 4959 locum
2704 4903 2835 4957 octo
2860 4894 3164 4975 Patrones,
3185 4901 3311 4956 erat
3327 4893 3484 4955 enim
3518 4912 3731 4956 nemo-

364 4985 508 5067 δρέας
556 4990 877 5069 ὑπέστρεψεν
933 4992 1005 5054 εἰς
1056 4990 1273 5048 Νίκαιαν
1346 4988 1434 5044 καὶ
1490 4985 1691 5066 ἤρχετο
1757 4990 1854 5053 τῆς
1912 4982 1970 5040 δι·

2121 5002 2249 5046 osus
2285 5001 2301 5060 ;
2337 4990 2395 5046 et
2424 4984 2637 5047 multos
2666 4984 2826 5046 letho
2864 4984 3164 5047 dederunt
3197 5003 3213 5064 ;
3274 4983 3390 5044 duo
3422 4990 3621 5045 autem
3654 5003 3727 5046 ex

366 5076 662 5144 δασκαλίας.
707 5079 855 5138 Μετὰ
911 5077 965 5136 δὲ
1017 5080 1080 5136 τὸ
1128 5079 1519 5145 ἀποκτανθῆναι
1575 5076 1648 5140 εἰς
1698 5073 1885 5138 λόκους
1930 5080 1972 5130 τῆ

2111 5073 2168 5135 is
2187 5080 2354 5136 erant
2383 5092 2418 5136 a
2445 5073 2714 5136 daemone
2740 5073 2954 5139 vexati.
3000 5074 3331 5137 Advocatus
3359 5077 3557 5134 autem
3589 5072 3717 5134 An-

1674 5268 1701 5285 ~
1778 5240 1976 5306 Variae
2003 5241 2317 5309 lectiones.

472 5366 567 5449 18)
602 5367 917 5438 Κτηνώδης.
944 5366 1081 5431 Vat.
1780 5438 1781 5441 η

1780 5438 1781 5441 η
2088 5364 2224 5449 (3οᾶἐ
2240 5360 2387 5449 δίει.
2425 5369 2515 5449 e_s_t
2544 5362 2908 5449 Kaltattta'zvnc.

472 5436 563 5523 195
592 5436 903 5523 Μεσδγέων.
934 5450 1068 5509 Vat.
1780 5438 1781 5441 Ἴ

1780 5438 1781 5441 Ἴ
2170 5443 2297 5522 (22)
2330 5445 2414 5506 Ita
2441 5443 2880 5523 Vat.iFortasse
2910 5436 3167 5523 Οὒδυσσὸν
3190 5438 3370 5502 πόλιν.

468 5520 571 5610 20)
601 5532 673 5610 ᾼέ
706 5520 932 5610 addidi.
964 5525 1347 5610 Desideratur
1368 5524 1431 5589 iu
1460 5523 1760 5610 cod._V_at.
1834 5603 1847 5610 _
1939 5602 1965 5610 _

1690 5531 1760 5589 at.
1834 5603 1847 5610 _
1939 5602 1965 5610 _
2169 5520 2296 5603 (23)
2330 5524 2553 5589 Maximi.
2586 5522 2717 5587 Vat.
2746 5520 3027 5602 Suspicor
3055 5522 3296 5600 μυσαροί.

441 5602 565 5691 (2U
594 5609 637 5673 i.
675 5628 737 5674 e.
769 5608 1040 5692 Phrygiae
1065 5606 1394 5673 Pacatianae
1447 5605 1572 5671 sive
1597 5603 1907 5671 Salutaris.
1939 5602 2007 5667 In
