4068 6112
335 278 448 347 231
1619 278 1995 345 ΕΡΙΡΗΑΝΙ

2077 279 2422 346 MONACHI
3594 278 3715 347 232

339 416 515 479 dreas
526 411 598 476 ab
619 410 1023 492 indigentibus
1042 409 1274 487 incolis,
1293 409 1579 491 processit
1598 410 1668 473 ad
1702 428 1805 473 eos
1827 431 1844 488 ;
1874 409 1989 471 dae-

2077 411 2228 491 πέτρᾳ
2296 412 2414 494 (24)
2472 416 2563 473 τὸν
2619 415 2874 496 δράκοντα
2928 417 3070 474 ὀκτὼ
3125 413 3316 493 λῃσταὶ
3381 413 3600 490 ᾤκησαν
3657 414 3712 473 ἐν

341 504 594 568 moniaci
628 508 1019 564 occurrerunt
1071 499 1127 562 ei
1181 518 1316 562 cum
1348 498 1726 562 clamoribus.
1760 498 1832 560 Et
1857 497 1982 560 All-

2077 505 2197 578 κὺτῇ
2233 520 2244 534 ’
2278 503 2342 570 ἦν
2392 504 2491 583 γὰρ
2538 503 2781 572 ἀλσώδης
2818 521 2832 535 ·
2892 506 2978 562 καὶ
3020 504 3249 569 πολλοὺς
3307 506 3497 586 φόνους
3527 505 3713 584 εἰργά-

342 593 517 657 dreas
545 590 942 656 comminatus
973 595 1063 650 est
1092 588 1201 663 eis,
1238 595 1296 651 et
1324 596 1640 669 antequam
1673 586 1987 668 appropin-

2077 612 2223 647 παντο
2257 611 2269 624 ·
2303 589 2390 648 δύο
2418 591 2472 648 δὲ
2502 591 2552 658 ἐξ
2609 594 2779 650 αὒτῶν
2833 600 2970 661 ἦσαν
3029 592 3471 670 δαιμονιζόμενοι.
3524 600 3711 673 Παρα-

343 690 573 765 quaret,
608 681 909 742 daemones
956 677 1248 739 exierunt.
1303 677 1420 757 Ipsi
1477 693 1672 737 autem
1720 676 1985 765 astrictis

2077 678 2273 746 ιληθεὶς
2303 679 2359 736 δὲ
2387 684 2415 737 6
2471 680 2718 763 Ἀνδρέας
2773 685 2873 740 ὑπὸ
2917 690 3022 740 τῶν
3081 684 3343 741 ἀντοπίων
3398 683 3715 763 παρεγένετο

346 764 638 843 manibus,
672 787 706 830 a
733 765 1103 828 daemonibus
1158 764 1445 841 mundati,
1480 764 1732 826 modesti
1762 782 1983 845 appro-

344 860 778 942 pinquaverunt
843 854 1146 927 Andreae;
1208 854 1413 916 caeteri
1465 861 1662 915 autem
1722 853 1987 914 videntes

345 947 686 1029 compuncti
707 952 864 1016 sunt,
895 951 954 1005 et
976 943 1254 1023 projectis
1269 945 1449 1005 armis
1482 943 1812 1014 venientes,
1846 959 1987 1022 pro-

345 1038 623 1100 ciderunt
649 1034 720 1096 ad
748 1033 930 1114 pedes
950 1032 1226 1112 apostoli.
1266 1031 1375 1103 Qui
1398 1031 1615 1093 blanda
1641 1050 1783 1092 voce
1814 1034 1994 1095 coetui

346 1127 467 1188 ait:
506 1127 582 1188 Ut
609 1122 750 1204 quid
780 1123 883 1197 ita,
918 1121 1024 1182 lilii
1057 1121 1199 1197 mei,
1232 1120 1403 1198 agitis
1426 1122 1454 1181 ?
1480 1119 1621 1193 Qute
1650 1119 1785 1183 odio
1818 1117 1995 1180 babe-

346 1215 423 1276 tis
453 1231 576 1285 vos,
607 1229 788 1291 quare
831 1208 965 1270 aliis
1000 1207 1242 1270 facitis?
1271 1207 1524 1271 Nescitis
1555 1207 1693 1289 quia
1717 1206 1997 1271 Conditor

349 1311 439 1364 est
470 1317 784 1382 parvorum
821 1305 880 1358 et
911 1314 1277 1377 magnorum,
1316 1303 1377 1358 et
1429 1297 1645 1358 reddet
1674 1294 1996 1375 unicuique

349 1389 675 1453 secundum
709 1405 889 1468 opera
934 1384 1092 1446 sua?
1149 1384 1233 1446 Tu
1291 1385 1595 1447 verberari
1647 1403 1764 1445 non
1793 1383 1906 1458 vis,
1938 1389 1999 1444 et

350 1496 532 1560 quare
555 1476 833 1541 verberas
862 1474 874 1534 !
902 1473 1103 1534 Perire
1125 1493 1242 1534 non
1273 1474 1377 1545 vis,
1416 1483 1472 1535 et
1517 1491 1698 1553 quare
1728 1470 1942 1560 iuraris
1970 1468 1997 1533 ἲ

352 1559 511 1631 Deus
540 1565 705 1626 dedit
731 1562 897 1624 vobis
928 1561 1241 1625 sanitatem
1300 1570 1357 1623 et
1385 1562 1568 1623 robur
1595 1568 1660 1622 ut
1689 1559 1990 1635 laboretis,

2064 771 2196 848 πρὸς
2265 771 2451 834 αύτούς
2486 788 2500 804 ⁸
2574 775 2621 829 οἱ
2690 770 2744 828 δὲ
2812 771 3229 848 δαιμονιζόμενοι
3300 775 3713 853 προῦπήντησαν

2069 859 2210 933 αὒτῷ
2266 860 2399 936 μετὰ
2465 866 2729 940 κραυγθῦν.
2800 863 2898 919 Καὶ
2953 864 2980 917 6
3038 860 3280 942 Ἀνδρέας
3334 858 3716 941 ἐνεϐριμήσατο

2072 949 2278 1028 αὒτοϊς³
2307 951 2393 1005 καὶ
2421 951 2522 1028 πρὸ
2550 957 2641 1006 τοῦ
2708 948 2912 1028 ἐγγίσαι
2956 953 3002 1006 οἱ
3057 947 3298 1025 δαίμονες
3356 947 3592 1017 ἐξῆλθον.
3656 950 3716 1005 Οἱ

2074 1034 2130 1090 δὲ
2184 1034 2436 1106 δήσαντες
2486 1039 2580 1101 τὰς
2637 1051 2829 1118 χεῖρας
2871 1037 3263 1118 καθαρισθέντες
3321 1038 3382 1095 ἐκ
3433 1044 3538 1094 τῶν
3593 1035 3714 1092 δαι-

2078 1125 2251 1199 μόνων
2323 1126 2587 1206 σώφρονες
2656 1126 2992 1206 παρέστησαν
3060 1133 3138 1203 τῷ
3207 1124 3422 1206 Ἀνδρέᾳ
3454 1144 3467 1158 ·
3543 1128 3590 1183 οἱ
3663 1122 3719 1179 δὲ

2075 1211 2250 1270 λοιποὶ
2317 1216 2676 1294 θεωρήσαντες
2745 1216 3129 1295 κατενύγησαν,
3199 1216 3287 1271 καὶ
3343 1216 3585 1292 ῥίψαντες
3652 1213 3720 1269 τὰ

2077 1300 2217 1359 ὅπλα
2244 1301 2481 1367 ἐλθόντες
2511 1302 2724 1382 ἷέῤῥιψαν
2779 1305 2994 1368 ἑαυτοὺς
3050 1304 3192 1382 παρὰ
3242 1305 3365 1368 τοὺς
3419 1301 3582 1367 πόδας
3625 1311 3718 1360 τοῦ

2077 1390 2399 1473 ἆποστόλῌου.
2463 1383 2520 1450 (Ο
2565 1390 2619 1447 δὲ
2649 1393 2837 1472 πραείᾳ
2892 1398 2990 1459 τῆς
3050 1396 3232 1473 φωνῆς
3282 1392 3597 1449 καταστάσει
3629 1390 3721 1447 εῖ-

2077 1501 2172 1537 πεν
2208 1498 2221 1512 ·
2302 1464 2405 1538 Ἵνα
2460 1480 2511 1536 τί
2580 1480 2768 1556 οὕτως,
2844 1484 3021 1538 τεκτία
3091 1505 3214 1562 μου³
3272 1494 3525 1561 amem;
3584 1479 3720 1557 ἅπερ

2075 1570 2231 1645 ὑμεῖς
2304 1581 2535 1650 μισεῖτε,
2568 1568 2702 1626 διατί
2744 1570 2939 1650 ἑτέροις
2995 1570 3308 1652 παρέχετες
3364 1570 3459 1627 οὒκ
3512 1566 3717 1648 οἴδατε³

356 1653 705 1718 ethabeatis
728 1672 796 1715 ex
820 1650 1018 1712 labore
1038 1657 1253 1725 vestro,
1298 1660 1355 1712 et
1396 1651 1615 1712 nullius
1654 1648 1991 1729 indigeatis,

2079 1654 2161 1712 ὅτι
2186 1657 2417 1726 ποιητής
2463 1648 2573 1714 ἐστι
2629 1648 2840 1738 μικρῶν
2882 1658 2971 1715 καὶ
3027 1648 3302 1736 μεγάλωνξ
3353 1658 3441 1714 καὶ
3498 1653 3716 1713 ἀποδώ-

351 1744 456 1806 sed
490 1742 682 1823 potius
709 1749 773 1802 ut
802 1748 861 1802 et
911 1759 1029 1801 non
1085 1739 1442 1801 habentibus
1486 1739 1841 1826 largiamini.
1870 1737 1994 1826 Re-

2080 1767 2160 1801 σει
2216 1746 2422 1820 ἑκάστῷ
2489 1748 2626 1803 κατὰ
2679 1748 2745 1802 τὰ
2802 1745 2928 1826 ἔργα
2983 1747 3186 1826 οώτοῦς
3246 1747 3308 1802 σὺ
3347 1749 3599 1826 τυφθῖιναι
3656 1746 3717 1802 οὒ

354 1833 548 1894 cedite
578 1830 864 1909 deinceps
888 1827 962 1889 ab
992 1828 1042 1889 is
1074 1827 1245 1888 malis
1276 1847 1406 1908 qua;
1448 1827 1638 1907 agitis,
1667 1835 1725 1888 et
1751 1825 1908 1889 abite
1934 1825 1997 1887 in

352 1921 564 1983 domos
585 1927 831 1992 vestras,
866 1924 923 1977 et
949 1918 1108 1978 Deus
1131 1914 1777 1977 misericordiamvobis
1804 1920 1996 1993 potest

350 2006 666 2089 impertiri,
716 2012 800 2066 -et
869 2003 1167 2084 principes
1228 2003 1500 2065 laudibus
1554 2022 1656 2065 vos
1715 2001 1996 2064 extollere

352 2104 597 2177 queunt,
634 2102 692 2156 et
719 2112 822 2154 vos
880 2092 1122 2172 praemia
1176 2093 1459 2173 consequi
1512 2093 1773 2172 potestis.
1805 2090 1876 2152 Et
1900 2090 1991 2151 lo-

351 2194 523 2247 cutus
551 2192 641 2245 est
672 2184 758 2245 eis
794 2183 1035 2244 verbum
1084 2180 1212 2244 Dei.
1240 2180 1348 2253 Qui
1381 2181 1723 2262 compuncti
1751 2197 1995 2241 manse-

350 2280 491 2334 runt
518 2291 652 2334 cum
704 2289 774 2333 eo
806 2288 913 2351 per
943 2269 1123 2343 diem,
1186 2277 1244 2331 et
1296 2270 1381 2331 sic
1431 2268 1744 2349 baptizavit
1771 2286 1893 2328 eos.
1926 2265 1999 2328 Et

346 2362 671 2424 redeuntes
702 2360 1058 2421 invenerunt
1087 2377 1293 2439 rupem
1352 2377 1470 2420 non
1502 2359 1582 2419 ita
1612 2357 1905 2420 excelsam
1934 2356 1999 2417 in

350 2451 482 2531 ipsa
509 2451 624 2525 via,
658 2448 974 2510 habentem
1023 2447 1250 2508 idolum
1298 2447 1500 2509 Dianae
1533 2469 1549 2519 ;
1612 2448 1672 2508 in
1703 2465 1773 2508 ea
1799 2452 1995 2508 autem

350 2538 736 2601 morabantur
767 2535 1011 2616 spiritus
1039 2536 1232 2613 multi,
1266 2544 1325 2598 et
1373 2535 1665 2598 faciebant
1689 2534 1947 2597 visiones
1980 2552 1996 2610 ;

352 2635 412 2688 et
439 2626 780 2707 quaerebant
811 2624 1031 2685 hostias
1057 2642 1070 2686 :
1124 2627 1196 2685 ab
1226 2625 1371 2686 bora
1398 2634 1593 2686 autem
1626 2642 1784 2686 nona
1811 2641 1999 2704 usque

351 2714 424 2776 ad
455 2716 662 2776 horam
686 2712 944 2785 tertiam,
971 2730 1091 2773 non
1115 2711 1760 2793 sinebantquemquam
1794 2720 1995 2773 trans-

351 2803 442 2865 ire
472 2821 577 2884 per
607 2801 755 2864 viam
785 2802 988 2863 istam.
1017 2799 1272 2863 Veniens
1290 2801 1469 2881 igitur
1491 2801 1763 2863 Andreas
1780 2798 1999 2861 mansit

352 2892 416 2954 in
447 2910 518 2953 ea
545 2907 679 2955 cum
712 2888 1066 2969 discipulis;
1127 2889 1429 2951 daemones
1477 2897 1673 2951 autem
1726 2889 1998 2968 fugerunt

2074 1833 2266 1908 θέλεις,
2335 1836 2422 1891 καὶ
2493 1833 2577 1894 διὰ
2644 1836 2692 1891 τί
2760 1834 3008 1915 ἆδικεϊςς
3065 1834 3351 1892 Ἀπολέσαι
3406 1837 3466 1892 οὒ
3519 1831 3713 1907 θέλεις,

2074 1925 2164 1980 καὶ
2209 1920 2369 1979 διὰτί
2424 1922 2745 2005 κλέπτεις,;
2808 1917 2865 1982 “Ο
2927 1928 3058 1989 Θεὸς
3111 1922 3302 1981 ἔδωκεν
3351 1926 3479 2000 ὑμῖν
3519 1924 3717 2002 ὑγιείαν

2076 2012 2163 2069 καὶ
2231 2012 2440 2089 ῥώμην,
2523 2010 2616 2069 ἵνα
2704 2013 2989 2093 ἐργάζησθε
3083 2016 3170 2071 καὶ
3264 2013 3431 2094 ἔχητε
3500 2013 3561 2069 ἐκ
3626 2016 3720 2068 τοῦ

2077 2098 2229 2181 ’έργου
2297 2103 2442 2177 ὑμῶν
2518 2103 2605 2158 καὶ
2697 2101 2922 2179 μηδενὸς
3011 2101 3216 2182 δέησθε,
3313 2101 3448 2158 ἀλλὰ
3516 2100 3717 2177 μᾶλλον

2075 2192 2310 2255 καὶτοῖς
2358 2191 2434 2267 μὴ
2479 2189 2662 2271 ἔχουσι
2720 2192 3020 2273 παρέχητε,
3082 2193 3381 2259 Ἀπόστητε
3408 2201 3501 2249 τοῦ
3529 2190 3717 2259 λοιποῦ

2078 2278 2138 2335 ἐκ
2200 2286 2304 2335 τῶν
2373 2285 2550 2336 κακῶν
2605 2281 2826 2361 τούτων²
2879 2284 2953 2337 ὧν
3008 2281 3286 2362 πράττετε,
3342 2281 3431 2337 καὶ
3466 2278 3719 2336 ἀπέλθετε

2079 2368 2151 2431 εἷς
2179 2368 2272 2431 τὰς
2299 2368 2462 2432 οἰκίας
2490 2370 2659 2445 ὑμῶν,
2693 2371 2779 2426 καὶ
2808 2372 2837 2426 6
2881 2372 3009 2434 Θεὸς
3068 2369 3288 2436 ἐλεῆσαι
3350 2371 3511 2449 ὑμᾶς,
3572 2367 3712 2449 ἔχει,

2076 2457 2165 2512 καὶ
2220 2458 2268 2512 οἱ
2319 2454 2573 2536 ἄρχοντες
2625 2456 2887 2515 ἐπαινέσει
2942 2460 3079 2533 ὑμᾶς
3133 2455 3370 2538 ἔχουσιν,
3423 2458 3511 2513 καὶ
3567 2457 3717 2514 ἀντι-

2081 2543 2300 2625 λήχεων
2337 2544 2491 2625 ἔχετε
2523 2559 2735 2627 τυχεῖν.
2799 2548 2899 2605 Καὶ
2946 2546 3203 2614 ἐλάλησεν
3233 2549 3414 2611 αὒτοτς
3442 2548 3533 2602 τὸν
3562 2544 3721 2624 λόγον

2080 2641 2174 2690 τοῦ
2268 2642 2423 2696 Θεοῦ.
2491 2637 2551 2693 Οἱ
2622 2633 2676 2690 δὲ
2745 2636 3126 2715 κατανυγέντες
3196 2634 3514 2716 παρέμειναν
3579 2637 3723 2710 αὐτῷ

2079 2722 2303 2801 ἡμέρας,
2358 2724 2446 2779 καὶ
2487 2722 2654 2787 οὕτως
2710 2722 2986 2782 ἐϐάπτισεν
3044 2726 3250 2790 αὐτούς.
3311 2725 3410 2784 Καὶ
3464 2723 3723 2801 ὑποστρέ-

2081 2815 2273 2886 ψαντες
2330 2814 2475 2890 εὗρον
2526 2812 2720 2893 πέτραν
2779 2815 2839 2870 οὒ
2894 2814 3027 2871 πάνυ
3076 2812 3290 2889 ὑψηλὴν
3349 2812 3402 2870 ἐν
3461 2818 3529 2889 τῇ
3583 2816 3718 2889 αὐτῇ

2081 2900 2206 2978 ὁδῷ,
2240 2900 2469 2982 ἔχουσαν
2526 2900 2749 2960 εἴδωλον
2804 2909 2902 2971 τῆς
2958 2902 3262 2984 Ἀρτέμιδὸς
3297 2919 3311 2935 ⁸
3369 2904 3424 2960 ἐν
3478 2906 3611 2981 αὐτῇ
3662 2901 3719 2958 δὲ

354 2990 421 3044 ut
441 2981 623 3056 corvi,
654 2979 976 3041 clamantes
1001 2978 1041 3073 !_
1060 2976 1106 3041 Ο
1129 2978 1464 3040 violentiam
1492 2997 1527 3040 a
1553 2978 1696 3040 Jesu
1723 2977 1994 3054 Galilaeaz,

2077 2988 2246 3065 ᾤκουν
2341 2991 2612 3066 πνεύματα
2693 2991 2889 3069 πολλὰ,
2976 2994 3061 3049 καὶ
3130 2992 3335 3051 ἐποίοδν
3404 2991 3714 3073 φαντασίας,

352 3069 491 3150 quia
520 3067 798 3147 discipuli
828 3068 959 3145 ejus
987 3065 1207 3147 ubiqne
1239 3074 1675 3147 persequuntur
1704 3083 1833 3128 nos.
1866 3066 1993 3127 An-

353 3156 529 3218 dreas
554 3164 750 3217 autem
783 3153 1111 3236 projiciens
1165 3154 1389 3216 idolum
1425 3156 1613 3217 erexit
1642 3172 1904 3229 crucem,
1937 3160 1998 3214 et

354 3244 635 3307 mundata
659 3251 752 3308 est
778 3262 960 3325 rupes
1018 3252 1076 3305 et
1127 3243 1290 3323 regio
1344 3262 1381 3304 a
1436 3243 1824 3306 daemonibus.
1860 3245 1999 3304 Erat

354 3352 551 3395 autem
587 3334 754 3395 locus
781 3351 817 3393 a
872 3331 1110 3393 sinistra
1166 3340 1330 3412 parte
1378 3328 1610 3393 Nicaeae.
1647 3335 1833 3411 Prope
1865 3348 1997 3392 eam

356 3431 481 3484 erat
504 3421 668 3501 regio
692 3439 1008 3483 nemorosa
1029 3438 1202 3500 quam
1230 3420 1464 3482 tenebat
1483 3421 1663 3481 draco
1686 3427 1744 3480 et
1770 3420 1999 3480 daemo-

354 3529 497 3573 num
527 3509 864 3585 multitudo,
909 3517 965 3571 et
1022 3508 1212 3571 Graeci
1259 3508 1648 3570 immolabant
1682 3511 1818 3585 eis;
1877 3515 2003 3569 erat

357 3598 515 3661 enim
548 3597 936 3659 simulacrum
969 3597 1245 3660 Veneris.
1271 3596 1542 3660 Andreas
1567 3592 1767 3659 autem
1796 3596 2002 3658 abiens

354 3704 490 3753 cum
521 3687 828 3767 discipulis
848 3687 972 3749 suis
1000 3686 1064 3748 in
1095 3687 1253 3749 hunc
1291 3686 1510 3762 locum,
1550 3686 1800 3766 genibus
1831 3685 2002 3749 ﬂexis

353 3776 561 3857 oravit,
593 3784 652 3837 et
681 3794 932 3855 surgens
980 3795 1219 3838 manum
1273 3776 1562 3857 extendit,
1617 3784 1674 3838 et
1705 3794 1882 3837 cruce
1913 3775 1997 3837 si-

354 3865 551 3945 gnavit
581 3864 799 3940 locum,
835 3871 893 3926 et
916 3864 1094 3926 draco
1150 3873 1211 3926 et
1262 3865 1563 3927 daemones
1590 3864 1905 3945 fugerunt;
1939 3871 2000 3928 et

355 3973 426 4016 ex
458 3963 599 4015 tunc
628 3954 928 4016 habitatur
954 3954 1120 4016 locus
1150 3955 1272 4018 ille.

2076 3080 2165 3134 καὶ
2194 3078 2408 3149 ἐζήτουν
2462 3080 2638 3145 θυσίας
2668 3096 2685 3113 ⁶
2747 3080 2853 3138 ἀπὸ
2908 3078 2962 3137 δὲ
3019 3080 3157 3159 ὥρας
3214 3081 3433 3148 ἐννάτης
3475 3080 3575 3145 ἕως
3605 3081 3718 3137 πά-

2079 3164 2162 3222 λιν
2226 3166 2407 3247 τρίτης
2464 3167 2602 3245 ὥρας
2654 3169 2749 3226 οόκ
2805 3167 2914 3236 ἥων
2971 3170 3087 3230 τινὰ
3140 3167 3421 3248 παρελθεῖν
3480 3167 3566 3225 διὰ
3618 3175 3717 3237 τῆς

2080 3252 2200 3312 ὁδοῦ
2269 3254 2496 3321 ἐκείνης.
2570 3255 2769 3314 Ἐλθὼν
2838 3257 2924 3314 οῦν
2989 3260 3018 3315 6
3103 3256 3345 3337 Ἀνδρέας
3415 3255 3617 3333 ἔμεινεν
3672 3257 3725 3314 ἐν

2083 3346 2217 3420 αὐτῇ
2275 3344 2366 3400 σὺν
2423 3356 2541 3409 τοῖς
2601 3349 2868 3421 μαθηταῖς
2900 3364 2915 3380 ⁸
2988 3349 3036 3427 oi
3105 3345 3159 3403 δὲ
3212 3345 3452 3424 δαίμονες
3508 3345 3719 3427 ἔφυγον,

2081 3431 2258 3512 ὥσπερ
2313 3432 2558 3513 κόρακες,
2616 3435 2898 3515 κράσοντες
2931 3454 2946 3471 °
3006 3423 3070 3491 Ὠ
3126 3437 3213 3513 βία
3266 3423 3373 3493 ἀπὸ
3427 3446 3520 3495 τοῦ
3547 3423 3726 3493 Ταλι-

2081 3519 2228 3576 λαίου
2277 3519 2475 3602 Ἰησοῦ,
2536 3520 2616 3603 ὅτι
2674 3526 2720 3580 οἱ
2777 3525 3008 3599 μαθηταὶ
3062 3528 3220 3583 αὐτοῦ
3272 3531 3550 3603 πανταχοῦ
3606 3523 3726 3581 διώ-

2080 3630 2261 3665 κουσιν
2289 3611 2431 3686 ἡμᾶς
2460 3600 2481 3673 Vl
2545 3600 2603 3668 Ὀ
2633 3609 2688 3667 δὲ
2745 3610 2988 3691 Ἀνδρέας
3045 3612 3198 3691 ῥίψας
3226 3613 3288 3668 τὸ
3317 3600 3537 3669 εἴδωλον
3566 3610 3723 3681 ἕστη-

2082 3719 2169 3754 σεν
2235 3701 2477 3779 σταυρὸν,
2530 3701 2619 3757 καὶ
2666 3700 2974 3781 ἐκαθαρίσθη
3027 3703 3062 3769 ἡ
3120 3701 3284 3781 πέτρα
3337 3702 3424 3758 καὶ
3480 3704 3508 3757 6
3557 3702 3719 3767 τόπος

2078 3786 2138 3843 ἐκ
2165 3793 2271 3844 τῶν
2300 3786 2562 3865 δαιμόνων
2633 3796 2709 3848 Ην
2765 3787 2819 3844 δὲ
2876 3790 3069 3870 χωρίον
3127 3790 3250 3869 (25)
3315 3789 3577 3864 εὖωνύμου
3631 3788 3725 3865 μέ-

2080 3897 2199 3955 ρους
2229 3882 2326 3944 τῆς
2376 3878 2616 3943 Νικαίας.
2675 3876 2906 3946 Πλησίον
2964 3881 3126 3945 αὐτῆς
3182 3877 3248 3946 ἦν
3303 3877 3464 3942 τόπος
3535 3874 3714 3955 δασὺς,

2082 3963 2137 4019 ἐν
2165 3968 2211 4038 ᾧ
2257 3966 2486 4039 κατῴκει
2542 3964 2744 4045 δράκων
2800 3967 2888 4022 καὶ
2930 3965 3131 4033 πλῆθος
3183 3964 3469 4047 δαιμόνων,
3528 3969 3616 4023 καὶ
3675 3970 3723 4024 οἱ

355 4031 781 4134 θΕλληνεςλὲθυον
809 4048 991 4108 αὐτοῖς
1024 4061 1038 4076 ·
1084 4044 1150 4112 ἧν
1179 4045 1277 4123 γὰρ
1308 4043 1489 4134 ξόανον
1516 4050 1616 4134 τῆς
1647 4042 1980 4125 Ἀφροδίτης.
2018 4041 2075 4109 ⁸0
2132 4031 2194 4108 δὲ’
2245 4031 2488 4133 Ἀνδρέας
2519 4031 2760 4111 ἀπελθὼν
2788 4055 2879 4113 σὺν
2908 4031 3320 4131 τοϊς-μαθηταξς
3351 4031 3510 4114 animo?)
3537 4056 3610 4119 εἰς
3634 4057 3724 4113 τὸν

349 4134 533 4225 τόπον,
580 4131 759 4225 κλίνας
788 4134 854 4193 τὰ
884 4135 1081 4225 γόνατα
1122 4132 1471 4225 προσηύξατο,
1496 4131 1586 4225 val
1612 4135 1840 4199 ἀναστὰς
1881 4139 1977 4206 τὴν
2021 4153 2185 4221 χεῖρα
2215 4131 2447 4207 ἐκτείνας
2496 4142 2776 4224 ἐσφράγισε
2817 4146 2907 4204 τὸν
2935 4145 3117 4223 τόπον,
3150 4144 3240 4203 καὶ
3268 4146 3296 4202 6
3324 4142 3526 4225 δράκων
3554 4147 3641 4202 καὶ
3684 4148 3735 4204 οἱ

354 4221 596 4298 δαίμονες
626 4220 814 4302 ἔφυγον
850 4241 865 4256 ·
911 4224 1000 4279 καὶ
1029 4223 1208 4280 ἐκτότε
1237 4226 1264 4279 ὁ
1297 4223 1458 4287 τόπος
1489 4224 1692 4287 ἐκεῖνος
1723 4227 1970 4287 οἰκεῖται,

434 4300 704 4371 Andreas
733 4300 929 4370 autem
960 4329 1069 4390 per
1098 4310 1257 4372 diem
1287 4309 1559 4385 docebat,
1590 4312 1919 4390 venientes,
1946 4324 1995 4377 et

2162 4300 2220 4370 t0
2247 4310 2301 4368 δὲ
2339 4311 2615 4393 Ἀνδρέαςῖ
2640 4313 2738 4382 τὴν
2795 4313 2996 4392 ἡμέραν
3054 4311 3285 4375 ἐδίδασκε
3328 4313 3447 4377 τούς
3498 4336 3727 4394 προσερ-

354 4397 600 4461 curabat
626 4396 898 4459 inﬁrmos
924 4415 940 4473 ;
974 4407 1146 4460 nocte
1172 4405 1369 4460 autem
1400 4398 1594 4461 exibat
1621 4399 1694 4461 ad
1732 4411 1993 4483 montem

2075 4400 2363 4482 χομένους³
2393 4403 2481 4458 καὶ
2504 4404 2619 4459 ἰᾶτο
2673 4402 2794 4465 τοὺς
2846 4402 3178 4468 ἆσιενοῦντας
3215 4423 3229 4438 ⁸
3294 4403 3387 4467 τὰς
3444 4399 3499 4457 δὲ
3540 4403 3726 4468 νύκτας

353 4485 418 4548 in
448 4486 760 4562 orientem,
798 4495 858 4547 et
884 4485 968 4548 ibi
989 4505 1122 4548 cum
1159 4487 1467 4568 discipulis
1491 4488 1900 4551 orabatDeum
1931 4501 1995 4552 ut

2077 4488 2329 4570 ἐξήρχετο
2384 4492 2456 4554 εἷς
2480 4493 2542 4548 τὸ
2595 4490 2714 4571 ὅρος
2771 4493 2833 4550 τὸ
2889 4493 3018 4571 πρὸς
3073 4490 3354 4567 ἀνατολὰς,
3403 4490 3562 4547 κάκεῖ
3632 4493 3724 4548 σὺν

354 4575 468 4638 sibi
487 4576 923 4656 coope‘raretur,
949 4575 1087 4656 quia
1104 4576 1273 4639 multi
1289 4576 1646 4640 resistebant
1663 4579 1991 4641 ei.Factum

358 4672 449 4726 est
475 4672 671 4726 autem
719 4664 933 4725 festum
992 4662 1349 4740 Graecorum,
1409 4672 1468 4726 et
1519 4666 2000 4730 sacriﬁcaverunt

355 4753 494 4829 diis,
520 4760 578 4815 et
598 4753 878 4833 postridie
904 4753 1274 4816 intraverunt
1303 4753 1605 4817 daemones
1631 4755 1695 4817 in
1723 4756 1906 4828 vivos,
1940 4764 1999 4819 et

353 4842 662 4904 furibundi
690 4842 1082 4906 comedebant
1112 4840 1384 4924 proprias
1409 4860 1640 4920 carnes,
1674 4844 1869 4906 omnis
1887 4863 1997 4925 po-

353 4931 526 5013 pulus
564 4939 690 5008 ;.et
713 4932 828 4993 cito
857 4931 1131 4995 exierunt
1183 4932 1247 4993 in
1303 4939 1563 4994 montem
1595 4934 1669 4996 ad
1695 4934 1994 4999 Andream

2077 4590 2193 4642 τοῖς
2237 4581 2502 4653 μαθηταῖς
2544 4579 2885 4659 προσηύχετο
2925 4586 3003 4655 τῷ
3039 4586 3154 4654 Θεῷ
3196 4584 3509 4660 συνεργῆσαι
3560 4582 3727 4655 αὐτῷ,

2078 4664 2158 4747 ὅτι
2232 4664 2420 4723 πολλοὶ
2473 4666 2775 4724 ἀνθίσταντο
2819 4671 2984 4742 αὐτῷ.
3030 4666 3277 4746 Ἐγένετο
3320 4665 3375 4723 δὲ
3425 4668 3582 4747 ἑορτὴ
3621 4674 3729 4725 τῶν

2081 4745 2348 4824 Ἑλλήνων
2379 4757 2467 4811 καὶ
2499 4753 2681 4812 ἔθυσαν
2730 4756 2914 4820 αὒτοτς
2963 4755 3088 4835 (26)
3113 4745 3137 4790 γ’
3203 4758 3291 4814 καὶ
3345 4762 3414 4833 τῇ
3486 4745 3731 4836 ἐπαύριον

2078 4841 2316 4909 εἰσῆλθον
2366 4845 2414 4899 οἱ
2473 4841 2715 4920 δαίμονες
2772 4847 2845 4911 εἷς
2896 4846 3017 4909 τοὺς
3075 4844 3399 4925 ἀνθρώπους,
3461 4846 3548 4901 οιαὶ
3620 4867 3731 4921 μα-

2080 4933 2252 4997 νέντες
2282 4930 2463 4999 ἤσθιον
2492 4934 2584 4997 τὰς
2643 4932 2773 4999 ἰδίας
2829 4935 2999 4992 αὐτῶν
3056 4934 3252 5013 σάρκας
3299 4940 3404 4996 πᾶς
3455 4935 3484 4990 6
3547 4932 3674 4998 λαός
3711 4949 3725 4966 ·

351 5030 680 5099 gementes,
708 5020 1030 5085 clamantes
1088 5029 1148 5085 et
1204 5018 1645 5085 vociferantes:
1709 5022 1994 5085 Miserere

2077 5022 2162 5079 καὶ
2191 5019 2378 5085 εὐθέως
2413 5018 2626 5089 ἐξῆλθον
2683 5026 2813 5103 πρὸς
2870 5025 2929 5080 τὸ
2984 5023 3103 5103 ὄρος
3159 5024 3290 5102 πρὸς
3345 5024 3434 5078 τὸν
3483 5020 3729 5101 Ἀνδρέαν

352 5111 565 5185 nostri,
601 5112 850 5191 apostoli
878 5110 1016 5173 boni
1045 5111 1178 5175 Dei.
1212 5109 1352 5173 Haec
1382 5128 1453 5172 ex
1486 5112 1808 5175 traditione
1826 5112 1992 5174 aiunt

2077 5109 2396 5191 ὀδυρόμενοι,
2454 5110 2729 5191 κράζοντες
2778 5114 2865 5170 καὶ
2919 5113 3146 5190 βοῶντες
3180 5128 3194 5143 ⁶
3276 5109 3531 5178 Ἐλέησον
3582 5112 3729 5187 ἡμᾶς

354 5196 672 5279 indigenae,
702 5207 761 5262 et
788 5199 905 5262 alia
931 5203 1223 5283 quaedam.
1245 5201 1627 5266 Descendens
1655 5209 1853 5266 autem
1873 5203 1991 5263 An-

2077 5199 2334 5258 ἀπόστολε
2396 5210 2491 5260 τοῦ
2556 5201 2755 5282 ἀγαθοῦ
2823 5210 2974 5265 Θεοῦ.
3019 5208 3222 5283 ’Ταῦτα
3272 5204 3320 5260 οἱ
3374 5200 3603 5259 ἐντόπιοι
3672 5199 3728 5259 ἐν

1767 5369 1963 5437 Variae
1990 5368 2303 5432 lectiones.

438 5497 563 5586 (244)
600 5500 705 5586 Sic
722 5501 855 5586 Vat.
890 5505 1086 5569 Locus
1142 5505 1560 5572 emendatione
1591 5504 1840 5586 indiget.
1870 5505 2003 5569 Ma-

500 5501 563 5590 _4)
600 5501 855 5590 SicYat.
890 5505 1086 5590 Locus
1142 5505 1560 5572 emendatione
1591 5504 1840 5586 indiget.
1870 5505 1995 5569 Ma-

2168 5501 2288 5590 (ἓξί
2307 5504 2619 5590 fitﬁt-iens
2650 5506 2848 5590 χωρίον
2875 5504 3193 5590 (εἰσλένοι.

361 5578 579 5647 luerim
608 5582 661 5641 ἐν
690 5581 846 5664 λόχῳ
871 5592 970 5654 τῆς
996 5588 1216 5668 πέτρας.

2168 5528 2286 5578 (Ζθι
2320 5528 2619 5596 Μυῖιωμης
2650 5528 2848 5644 χωδῗον
2875 5528 3028 5587 (sm).
3071 5528 3193 5570 vat.
3556 5590 3585 5602 _

2166 5581 2274 5663 (26
2300 5582 2695 5665 Subtntelltgo
2790 5608 2991 5663 ιμοσιν.
3021 5589 3092 5650 In
3119 5584 3254 5650 cod.
3285 5585 3421 5648 Vat.
3452 5588 3646 5649 αὐτων.
