4068 6112
274 273 389 342 233

1623 273 1812 340 VITA
1852 272 1915 337 8.
1945 271 2301 337 ANDREE.

3542 259 3676 357 234‘

277 405 612 484 παραδόσεως
690 407 960 490 λέγουσιν,
1041 409 1130 466 καὶ
1213 408 1366 488 ἕτερά
1433 429 1572 470 τινα.
1648 405 1904 464 Κατελθὼ·

1987 400 2182 466 .dreas
2210 402 2286 466 de
2316 405 2543 478 monte,
2575 398 2784 464 abiens
2809 397 2972 462 stetit
2997 397 3064 490 in
3093 395 3293 490 medio
3335 414 3564 490 eorum,
3576 402 3660 490 _et

276 498 368 554 οῦν
433 499 462 554 6
519 495 766 578 ’Δνδρὲας
823 497 930 554 ἀπὸ
984 504 1076 554 τοῦ
1144 495 1320 578 ὄρους,
1381 496 1620 554 ἀπελθὼν
1681 495 1808 562 ἔστη
1866 493 1920 549 ἐν

275 587 422 662 μέσῳ
491 591 682 662 αὼῶν,
756 586 845 642 καὶ
909 587 1138 651 ἐκτείνας
1207 587 1306 654 τὴν
1381 599 1545 665 χεῖρα
1643 584 1919 665 ἐσφάγισεν

275 674 484 739 αὒνούς.
540 678 644 733 Καὶ
713 675 1009 732 ἐπαύσαντο
1065 675 1320 739 ἐσθίοντες
1378 676 1472 739 τὰς
1533 676 1729 734 ἑαυτῶν
1786 673 1919 750 σάρ-

271 784 372 826 κας
406 784 422 800 ⁶
470 766 557 820 καὶ
601 762 832 821 ἀνελθὼν
889 763 973 820 ἐπὶ
1026 765 1215 843 βάθρου
1269 761 1460 842 ἤρξατο
1520 761 1692 840 λέγειν
1724 777 1739 792 ⁸
1801 766 1922 824 Πῶς

275 851 409 926 ὒμᾶς
481 851 595 932 ἔχει
652 851 872 919 ἐλεῆσαι
936 854 964 909 6
1021 853 1148 915 Θεὸς
1207 853 1295 908 καὶ
1351 858 1546 908 παῦσαι
1602 851 1699 918 τὴν
1757 851 1922 928 ὀργὴν

273 942 468 1009 ταύτην
497 939 585 1021 ἀφ’
615 943 785 1019 ὑμῶν,
846 942 904 997 ὃν
960 941 1018 996 οὗ
1059 939 1234 997 θέλετε
1289 938 1545 1014 δέξασθαι,
1592 939 1628 1008 ἢ
1685 940 1772 995 καὶ
1828 939 1921 1013 ἐμὲ

274 1033 389 1092 πῶς
469 1030 752 1086 ὑπακούσει
834 1029 964 1106 ὑπὲρ
1060 1030 1206 1104 ὑμῶν
1292 1027 1406 1108 (27)
1493 1025 1918 1108 παρακαλοῦντα,

271 1116 415 1191 ὑμῶν
471 1119 548 1192 μὴ
605 1116 1008 1177 συνευδοκοῦντα
1187 1119 1410 1198 πίστει;
1475 1119 1576 1174 Καὶ
1623 1117 1919 1182 ἀποστῆναι

270 1205 694 1284 προαιρουμένων
745 1205 804 1261 ἐκ
872 1211 976 1262 τῶν
1033 1211 1280 1285 πονηρῶν
1335 1206 1482 1280 ὑμῶν
1551 1204 1717 1284 ἔργων
1773 1203 1919 1260 διδά-

268 1315 383 1349 σκω
451 1297 586 1369 ὑμᾶς
653 1293 770 1351 ὁδὸν
826 1295 1088 1372 σωτηρίας
1125 1310 1138 1323 ⁸
1217 1295 1305 1350 ααὶ
1361 1296 1516 1370 ὑμείς
1579 1293 1918 1372 μυκτηρίζετέ

267 1405 357 1459 με.
413 1382 592 1441 Πολλὰ
645 1384 803 1440 εἶπον
859 1383 986 1458 ὑμῖν
1020 1403 1032 1416 ⁸
1091 1381 1389 1452 Ἀπόστητε
1445 1383 1550 1439 ἀπὸ
1608 1389 1711 1439 τῶν
1761 1380 1916 1438 εἰδώ-

265 1471 373 1528 λων
433 1491 448 1508 ⁸
495 1473 583 1529 καὶ
611 1476 812 1552 οὗχρῆν
845 1469 1090 1552 εὔχεσθαι
1125 1471 1290 1551 (28),
1323 1482 1410 1535 οῦς
1439 1469 1714 1550 λατρεύετε
1741 1472 1909 1543 θεοὺς,

263 1559 462 1635 μᾶλλον
501 1559 555 1616 δὲ
611 1558 886 1636 δαίμονας,
947 1563 1098 1618 Οὗτοι
1133 1560 1206 1621 ὠς
1233 1562 1443 1623 οἰκείοις
1500 1557 1700 1623 δούλοις
1744 1561 1910 1615 εἰσοι-

2004 491 2334 556 extendens
2384 509 2624 552 manum
2687 490 2857 570 signo
2889 487 3085 551 crucis
3148 485 3399 568 signavit
3419 503 3543 548 eos.
3576 486 3660 549 Et

2004 579 2312 642 desierunt
2343 580 2706 642 manducare
2735 595 2947 640 carnes
2991 594 3128 639 suas
3161 595 3176 637 :
3230 584 3292 638 et
3319 573 3656 637 ascendens

2003 685 2185 749 super
2211 687 2519 731 scamnum
2557 667 2740 748 ccepit
2759 665 2987 729 dicere:
3014 663 3321 738 Quomodo
3345 662 3658 745 potestmi-

2004 757 2193 819 sereri
2219 757 2395 819 vestri
2409 759 2588 834 Deus,
2615 762 2675 819 et
2700 754 3013 819 continere
3045 754 3195 816 iram
3225 753 3380 815 hanc
3408 771 3444 816 a
3461 749 3652 836 vobis,

2004 864 2180 926 quem
2209 864 2328 908 non
2357 845 2532 908 vultis
2561 846 2838 926 accipere
2868 844 2900 906 ?
2925 843 3018 906 vel
3049 843 3344 926 quomodo
3375 841 3654 906 exaudiet

2003 951 2100 996 me
2116 935 2533 1015 deprecantem
2558 953 2662 1016 pro
2685 933 2857 999 vobis
2875 932 3014 996 ﬁdei
3032 952 3150 996 non
3163 929 3654 994 assentientibus?

2004 1026 2075 1087 Et
2096 1023 2507 1088 desiderantes
2527 1042 2628 1086 vos
2648 1026 2938 1087 recedere
2955 1041 2990 1085 a
3029 1021 3224 1104 pravis
3262 1020 3474 1084 vestris
3501 1039 3650 1102 ope-

1999 1111 2167 1174 ribus
2197 1113 2383 1176 doceo
2418 1113 2570 1175 viam
2623 1113 2851 1188 salutis,
2906 1119 2965 1176 et
3022 1109 3290 1174 irridetis
3319 1128 3438 1173 me.
3470 1108 3652 1172 Multa

1998 1199 2118 1262 dixi
2146 1201 2315 1264 vobis
2342 1222 2356 1263 :
2385 1201 2674 1266 Recedite
2699 1201 2773 1264 ab
2804 1201 3017 1279 idolis;
3054 1208 3113 1264 et
3141 1217 3264 1262 non
3290 1206 3523 1280 oportet
3551 1198 3651 1262 de-

1999 1289 2229 1369 precari
2241 1309 2388 1372 quos
2400 1290 2661 1352 odoratis
2674 1291 2844 1372 deos,
2871 1290 3066 1372 potius
3093 1295 3289 1351 autem
3319 1289 3645 1353 daemones.

1995 1377 2137 1458 Ipsi,
2171 1379 2234 1440 in
2263 1378 2427 1441 vobis
2458 1386 2522 1442 ut
2549 1378 2612 1440 in
2643 1379 2831 1442 servis
2888 1378 3014 1441 suis
3042 1377 3464 1452 inhabitantes,
3501 1395 3646 1460 pro-

1997 1467 2185 1546 priam
2235 1467 2627 1530 ostenderunt
2680 1467 3174 1549 improbitatem;
3234 1466 3454 1532 bonum
3484 1467 3646 1529 enim

1995 1555 2191 1618 facere
2218 1575 2336 1618 non
2383 1564 2653 1637 possunt.
2710 1555 3077 1619 Mundemini
3133 1563 3192 1618 et
3245 1557 3514 1619 accedite
3569 1555 3645 1619 ad

261 1649 526 1713 κισθέντες
597 1648 652 1704 ἐν
715 1651 844 1725 ὑμῖν
911 1649 1008 1716 τὴν
1078 1646 1206 1705 ἰδίαν
1273 1651 1459 1706 κακίαν
1529 1645 1854 1714 ἐπεδείξαντο
1887 1666 1904 1684 ⁸

1994 1643 2182 1708 Deum
2213 1645 2409 1707 vivum
2468 1653 2527 1708 et
2579 1662 2808 1727 verum,
2863 1643 3414 1742 signemiuiusigno
3447 1644 3644 1708 crucis

262 1736 456 1814 ἀγαθὸν
485 1739 586 1816 γὰρ
635 1743 858 1805 ποιῆσαι
923 1738 982 1794 οὗ
1032 1735 1298 1799 δύνανται.
1343 1739 1542 1812 Νίψατε
1596 1739 1684 1794 καὶ
1739 1760 1904 1817 προσ-

1995 1741 2052 1795 et
2083 1734 2369 1812 fugienta
2424 1733 2588 1796 vobis
2640 1733 2993 1812 daemones;
3047 1731 3361 1797 valedicite
3416 1733 3638 1812 verbis,

263 1825 432 1882 ἐλθετε
503 1833 618 1900 Θεῷ
659 1828 816 1898 ζῶντι
874 1828 960 1882 καὶ
1014 1824 1270 1906 ἀληθινῷ,
1332 1827 1419 1882 καὶ
1461 1826 1777 1906 σφραγίς-ατε
1834 1833 1904 1901 τῷ

1993 1841 2198 1884 eorum
2222 1823 2504 1905 operibus
2527 1831 2584 1885 et
2606 1822 2935 1904 obsequiis,
2961 1823 3097 1904 quia
3119 1822 3382 1886 tenebrae
3398 1831 3559 1901 sunt,
3581 1832 3646 1888 et

262 1916 466 1988 σημείῳ
534 1922 626 1972 τοῦ
695 1922 936 1995 σταυροῦ,
1009 1917 1097 1971 καὶ
1166 1914 1436 1994 φεύξονται
1506 1912 1594 1992 ἀφ’
1661 1915 1808 1990 ὑμῶν
1864 1919 1904 1972 οἳ

1990 1912 2237 1992 accipite
2272 1929 2438 1974 arma
2486 1911 2658 1990 lucis,
2690 1918 2758 1974 ut
2784 1917 2849 1976 et
2878 1930 3036 1974 nunc
3064 1913 3127 1974 in
3157 1930 3303 1993 pace
3330 1921 3389 1975 et
3415 1916 3640 1994 valetu-

261 2000 503 2077 δαίμονες
537 2022 552 2037 °
627 2001 952 2068 ἆποτάξασθε
1007 2003 1178 2059 αὐτῶν
1233 2017 1350 2066 τοῖς
1403 2002 1584 2081 λόγοις
1638 2004 1703 2063 τά
1757 2003 1904 2084 ἔργα,

1991 2001 2131 2065 dine
2150 2003 2320 2064 ﬁrma
2341 2002 2571 2080 vivatis,
2595 2009 2653 2064 et
2680 2002 2878 2065 futura
2905 2001 3063 2064 bona
3089 2002 3467 2082 possideatis.
3501 2003 3638 2070 Haec

259 2091 351 2153 τάς
402 2091 669 2172 λατρείας,
744 2091 824 2147 ὅτι
894 2092 1156 2148 σκοτειναί
1223 2093 1375 2172 εἰσιν,
1445 2093 1532 2148 καὶ
1589 2089 1904 2148 ἆναλάϐεσθε

1987 2091 2186 2154 animo
2201 2091 2438 2154 condite
2460 2099 2521 2153 et
2537 2090 2812 2170 cogitate,
2838 2099 2897 2154 et
2922 2109 3127 2153 eorum
3149 2090 3336 2154 Deum
3367 2091 3632 2173 adorato,

256 2178 395 2236 ⁴ὅπλα
424 2183 625 2260 φωτὸς,
683 2178 776 2237 ἵνα
833 2182 920 2237 καὶ
973 2189 1060 2239 νῦν
1116 2180 1171 2236 ἐν
1221 2182 1400 2259 εἰρήνη
1459 2181 1545 2236 καὶ
1598 2181 1744 2258 ὑγεία
1771 2181 1903 2257 βιώ-

1989 2187 2048 2242 et
2078 2179 2141 2240 in
2173 2178 2455 2242 omnibus
2483 2179 2703 2259 gratias
2756 2178 2908 2259 agite
2950 2179 3074 2243 Deo
3132 2186 3192 2243 et
3220 2179 3381 2242 Patri
3412 2179 3627 2246 Domin

257 2289 383 2335 σητε
410 2271 501 2325 καὶ
541 2275 650 2325 τῶν
680 2267 1004 2344 μελλόντων,
1063 2269 1273 2347 ἀγαθῶν
1330 2267 1688 2336 ἀπολαύσητε.
1730 2277 1903 2328 Ταῦτα

1987 2267 2173 2329 nostri
2197 2266 2342 2330 Jesu
2372 2267 2613 2346 Christi,
2659 2275 2720 2330 et
2773 2275 2976 2332 sancto
3039 2270 3169 2350 ejus
3207 2268 3504 2350 Spiritui;
3573 2289 3639 2344 et

255 2356 557 2434 ἐνθδμεϊσθε
629 2360 716 2415 καὶ
782 2371 1112 2432 κατανοεϊτε,
1188 2359 1276 2414 καὶ
1341 2359 1432 2414 τὸν
1504 2358 1700 2415 τούτων
1771 2361 1899 2416 Θεὸν

1987 2355 2206 2435 fugient
2233 2374 2268 2418 a
2294 2355 2462 2418 vobis
2487 2357 2787 2419 daamones
2818 2365 2879 2420 et
2909 2357 3106 2420 omnis
3137 2356 3448 2439 aegritudo.

251 2461 618 2526 προσκυνεῖτε,
648 2449 736 2504 καὶ
763 2447 1131 2528 ειόχαριστεϊτε
1162 2445 1245 2503 διὰ
1268 2446 1463 2510 πάντος
1493 2448 1584 2504 τὸν
1613 2449 1740 2504 Θεὸν
1783 2449 1872 2504 καὶ
1929 2444 2138 2525 Πατέρα
2193 2452 2282 2502 τοῦ
2341 2445 2525 2526 Κυρίου
2554 2446 2707 2522 ἡμῶν
2761 2440 2944 2514 Ἰησοῦ
2999 2453 3245 2527 Χριστοῦ,
3278 2448 3366 2505 καὶ
3393 2449 3454 2505 τὸ
3481 2450 3634 2530 ἅγιον

253 2541 405 2595 αἶιτοῦ
439 2543 653 2612 Πνεῦμα
686 2551 701 2566 ⁶
733 2537 822 2594 καὶ
851 2535 1119 2615 φεύξονται
1148 2533 1240 2616 ἀφ’
1267 2537 1412 2612 ὑμῶν
1443 2537 1489 2592 οἱ
1519 2532 1756 2610 δαίμονες
1785 2538 1873 2593 καὶ
1901 2541 2045 2593 πᾶσα
2074 2533 2248 2598 νόσος,

328 2626 667 2701 Συνθεμένων
752 2627 843 2682 οὖν
913 2625 1083 2682 αὖτῶν
1151 2625 1238 2681 καὶ
1301 2623 1742 2704 παρακαλούντων
1810 2623 1894 2681 ἐπὶ

2055 2621 2532 2685 Assentientibus
2561 2629 2762 2686 autem
2793 2622 2881 2687 eis
2911 2629 2970 2686 et
2996 2621 3396 2702 ﬂagitantibus
3426 2633 3491 2689 ut
3519 2645 3625 2692 oc-

252 2715 309 2769 τὸ
377 2713 690 2793 προσελθεῖν
759 2713 943 2778 αὐτοῖς
1013 2711 1168 2794 (29),
1228 2713 1428 2778 πάντας
1480 2715 1616 2776 ἰᾶτο.
1672 2714 1771 2770 Καὶ
1823 2720 1892 2790 τῇ

1987 2719 2250 2775 curreret
2273 2711 2383 2789 eis,
2417 2712 2646 2776 sanavit
2674 2730 2902 2775 omnes.
2955 2713 3031 2776 Et
3060 2713 3346 2794 postridie
3371 2734 3626 2797 congre-

253 2801 493 2879 ἐπαύριον
523 2804 764 2882 συνήχθη
795 2809 899 2866 πᾶς
957 2804 986 2858 6
1041 2801 1192 2876 λαὸς,
1255 2802 1430 2881 μικροί
1484 2823 1541 2857 τε
1590 2802 1687 2883 ⁸καὶ
1717 2802 1892 2880 μεγά-

1987 2807 2146 2880 gatus
2175 2807 2266 2862 est
2292 2801 2486 2862 omnis
2515 2800 2794 2882 populus,
2830 2800 3059 2883 parvuli
3089 2809 3152 2865 et
3181 2804 3404 2883 magni,
3433 2805 3542 2868 viri
3565 2814 3626 2869 et

251 2889 355 2965 λοι,
590 2874 699 2946 καῖ’
723 2903 995 2969 γυναῖκες,
1029 2874 1273 2947 Ἰουδαῖοί
1325 2874 1382 2946 τέ
1439 2891 1527 2946 καὶ
1589 2874 1837 2956 Ἕλληνες
1874 2909 1889 2925 ⁶

1987 2874 2283 2970 mulieres,
2316 2874 2810 2954 Judaei'et-Graeci
2830 2874 2862 2968 ’;
2891 2907 3101 2953 omnes
3130 2874 3624 2958 enim-convene-

252 2980 439 3044 πάντες
533 2980 633 3058 γὰρ
702 2980 1052 3059 συνήρχοντο.
1127 2970 1184 3036 ιΟ
1254 2977 1308 3034 δὲ
1377 2977 1618 3058 Ἀνδρέας
1678 2977 1892 3044 ἐξελθὼν

321 3069 336 3091 \
491 3072 505 3091 9
579 3070 593 3086 ‘
627 3090 630 3091 ,
691 3090 696 3091 ,
758 3069 774 3091 ἴ
839 3090 854 3091 κ
900 3071 910 3086 ‘
947 3090 950 3091 ,
1010 3070 1074 3091 _,,
1139 3069 1182 3091 7‘
1321 3069 1367 3091 ἢκ
1466 3090 1486 3091 7
1507 3068 1519 3091 Ι
1599 3090 1602 3091 ,
1689 3067 1739 3091 ,Ὺ
1789 3089 1802 3091 -
1871 3083 1886 3091 -

1987 2986 2129 3041 rant.
2177 2977 2445 3091 Andreas
2492 2987 2690 3091 autem
2741 2981 2944 3091 exieps
2989 2979 3063 3043 ad
3095 2997 3218 3057 eos,
3257 2987 3316 3043 et
3370 2989 3531 3046 stans
3557 2983 3621 3048 in

1990 3072 2247 3091 ,μμ-μ
2310 3067 2550 3091 --ηιμ
2724 3069 2874 3091 ψη,
3074 3070 3163 3091 με
3199 3067 3342 3091 --εέει
3405 3089 3414 3091 Α
3467 3089 3484 3091 ἑ

449 3070 636 3132 αὖτοὺς
688 3069 778 3124 καὶ
828 3071 956 3132 στὰς
1004 3070 1077 3132 εἷς
1133 3069 1222 3125 τὸν
1277 3069 1406 3148 χθὲς
1459 3068 1622 3124 τόπον
1685 3067 1838 3125 εἶπεν
1871 3083 1886 3098 ⁶

1990 3072 2252 3129 ιθειθηιο
2282 3066 2409 3129 loco
2431 3067 2514 3128 ait
2538 3085 2551 3130 :
2578 3067 2694 3130 Pax
2715 3067 3034 3146 omnibus;
3067 3070 3166 3150 qui
3199 3067 3425 3134 viribus
3460 3089 3614 3151 prae-

250 3159 444 3235 Εἰρήνη
473 3163 632 3214 πᾶσιν
664 3176 676 3190 ·
728 3159 776 3213 οἱ
828 3155 883 3212 δὲ
934 3156 1212 3234 ῥωσθέντες
1270 3163 1366 3233 μιᾷ
1408 3162 1556 3238 φωνῇ
1607 3155 1824 3235 ἔκραξαν
1870 3176 1886 3193 ⁸

1987 3155 2252 3235 valentes,
2284 3173 2402 3217 una
2429 3174 2572 3218 voce
2598 3157 2999 3220 clamaverunt
3029 3174 3044 3220 :
3098 3157 3172 3219 Et
3222 3157 3460 3238 spiritui
3489 3168 3614 3227 tuo.

251 3249 345 3303 Καὶ
397 3253 478 3321 τῷ
535 3246 796 3321 πνεύματί
845 3267 959 3306 σου.
1020 3245 1118 3304 Καὶ
1157 3247 1185 3302 ὁ
1243 3243 1487 3325 Ἀνδρέας
1545 3242 1736 3324 ἤρξατο
1791 3244 1887 3301 λέ-

1987 3243 2038 3304 Et
2063 3244 2330 3306 Andreas
2381 3245 2560 3325 cmpit
2615 3244 2861 3310 dicere:
2921 3249 3066 3307 Cum
3123 3243 3318 3308 bonus
3367 3255 3426 3309 et
3453 3250 3616 3314 solus

248 3355 356 3414 γειν
390 3352 403 3366 ⁸
440 3344 544 3394 Τοῦ
569 3335 766 3412 ἀγαθοῦ
813 3335 900 3390 καὶ
958 3333 1120 3410 μόνου
1175 3339 1307 3391 Θεοῦ
1356 3334 1446 3389 καὶ
1499 3339 1730 3400 Ποιητοῦ
1782 3339 1888 3389 τῶν

1987 3333 2128 3395 Deus
2158 3339 2216 3394 et
2246 3331 2490 3395 Creator
2517 3334 2786 3396 omnium
2837 3333 3143 3398 hominem
3173 3334 3433 3399 auxisset
3459 3337 3614 3401 ima-

1967 3420 2104 3500 gine
2133 3438 2259 3496 sua,
2317 3421 2600 3501 plantavit
2641 3423 2980 3503 paradisum
3040 3423 3117 3486 ad
3171 3421 3476 3488 Orientem
3509 3445 3526 3503 ;
3558 3435 3618 3491 et

1966 3508 2049 3570 ibi
2066 3509 2264 3591 posuit
2286 3511 2613 3586 hominem,
2639 3512 2788 3573 dans
2816 3511 2872 3574 ei
2894 3518 3253 3594 praeceptum
3271 3515 3616 3580 immortali-

1967 3600 2120 3660 tatis.
2171 3597 2494 3662 Perversus
2545 3600 2727 3680 igitur
2754 3600 3048 3677 diabolus,
3081 3601 3303 3664 invidia
3330 3603 3609 3684 ﬂagrans,

1965 3684 2108 3748 fecit
2128 3705 2236 3767 per
2266 3687 2604 3769 superbiam
2624 3696 2683 3751 et
2710 3691 3103 3768 arrogantiam
3130 3697 3195 3752 ut
3223 3709 3341 3753 non
3372 3703 3612 3773 pareret

1966 3775 2148 3837 homo
2170 3775 2292 3841 Deo
2337 3776 2628 3842 Creatori.
2659 3777 2818 3840 Dixit
2847 3778 3007 3841 enim
3037 3779 3174 3860 quia
3217 3779 3423 3843 Eritis
3451 3784 3613 3845 sicut

1965 3863 2055 3925 dii
2081 3865 2148 3942 4;
2182 3865 2340 3927 unde
2371 3883 2696 3928 conversus
2727 3873 2815 3929 est
2843 3867 2905 3928 in
2933 3869 3378 3946 corruptionem
3412 3889 3483 3932 ex
3509 3871 3610 3934 in-

249 3425 488 3481 ἁπάνθων
557 3423 880 3498 τιμήσαντος
943 3424 1034 3480 τὸν
1105 3421 1374 3501 ἄνθρωπον
1439 3427 1508 3498 τῇ
1561 3419 1660 3494 ἰδίᾳ
1728 3421 1885 3479 εἰκόνι

250 3511 485 3590 ἒγύτευσε
539 3509 851 3591 παραδεισω
903 3511 1038 3568 κατὰ
1091 3509 1371 3585 ἀνατολὰς,
1432 3511 1519 3566 καὶ
1561 3508 1703 3566 ἔθετο
1771 3510 1886 3568 ἐκεῖ

249 3589 330 3658 τδν
359 3589 628 3682 ἄνθρωπον
687 3599 807 3664 δοὺς
860 3600 1002 3676 αὒτῷ
1056 3599 1274 3668 ἐντολὴν
1332 3600 1639 3664 ἀθανασίας.
1703 3589 1758 3658 t0
1797 3599 1884 3656 οὗν

248 3692 470 3771 πονηρὸς
539 3687 782 3754 διάϐολος
849 3691 1112 3771 φθονήσας
1195 3689 1412 3756 ἐποίησε
1481 3685 1547 3743 δι’
1618 3689 1883 3769 ὑπερηφα-

243 3782 374 3844 Veia;
426 3779 518 3836 καὶ
586 3778 1023 3860 ὑψηλοφροσύνης
1079 3785 1403 3860 παρακοῦσαι
1471 3777 1594 3868 τὸνν
1617 3772 1886 3856 ἄνθρωπον

249 3877 372 3929 Θεοῦ
410 3879 507 3930 τοῦ
555 3869 934 3936 πεποιηκότος,
992 3868 1131 3926 Εῖπε
1187 3869 1308 3948 γὰρ,
1367 3865 1449 3923 ὅτι
1508 3889 1537 3921 α
1572 3865 1781 3923 Ἐσεσθε
1808 3867 1882 3930 ὡς

1963 3949 2368 4033 corruptione.
2400 3953 2472 4016 Et
2499 3953 2704 4032 genuit
2749 3954 2936 4017 ﬁlium
2980 3954 3404 4019 inobedientia;
3435 3959 3601 4039 Caio,

1961 4042 2063 4122 qui
2091 4041 2410 4121 imaginem
2444 4043 2737 4123 expressit
2781 4043 3026 4108 diaboli.
3085 4043 3293 4107 Factus
3323 4053 3415 4107 est
3444 4048 3606 4111 enim

237 4137 323 4192 τὸν
370 4133 638 4194 διάϐολον.
689 4133 930 4213 Ἐγένετο
985 4135 1086 4214 γὰρ
1142 4135 1278 4192 Κάῖν
1335 4133 1612 4214 ἐφευρετὴς
1665 4133 1876 4190 πάντων

1987 4130 2102 4192 lain
2131 4131 2402 4194 inventor
2426 4132 2690 4193 omnium
2713 4133 3030 4195 malorum.
3052 4131 3124 4194 Et
3162 4141 3471 4216 postquam
3501 4137 3604 4201 in-

235 4231 434 4283 κακῶν.
503 4224 606 4280 Καὶ
673 4223 925 4302 φονεύσας
994 4226 1085 4280 τὸν
1156 4221 1290 4280 ἴδιον
1360 4221 1606 4302 ἀδελφὸν,
1677 4219 1874 4279 δίκαιον

1987 4219 2193 4282 erfecit
2219 4219 2462 4282 fratrem
2489 4239 2659 4283 suum
2717 4221 2819 4302 qui
2859 4222 3056 4301 justus
3101 4229 3312 4286 eratet
3340 4235 3599 4305 sanctus,

235 4313 356 4370 ὄντα
395 4313 488 4370 καὶ
542 4312 720 4391 ἅγιον,
777 4309 975 4410 ἔλαϐενῇ
1015 4312 1150 4370 ἑπτᾶ
1202 4311 1505 4392 καταδίκας,
1560 4307 1741 4379 ἐπειδὴ
1785 4313 1904 4411 καὶ.1

1988 4316 2186 4412 eptem
2218 4325 2421 4411 poenas
2439 4309 2624 4411 dedit,
2644 4311 2931 4412 quoniam
2947 4319 3004 4374 et
3009 4311 3178 4412 lnala
3191 4323 3423 4412 septem
3442 4316 3600 4381 fece-

238 4402 367 4458 ἑπτὰ
389 4402 534 4458 κακὰ
582 4385 883 4480 εἰργάσατο.
950 4385 1064 4470 Ὅτε
1119 4402 1220 4481 γὰρ
1273 4402 1366 4464 τὰς
1419 4385 1666 4480 ἀπαρχὰς
1698 4385 1904 4480 προσ-³

1987 4385 2060 4460 at.
2083 4385 2236 4461 Cum
2251 4399 2410 4460 enim
2435 4385 2727 4480 primitias
2748 4399 2988 4480 frugum
3008 4400 3129 4463 Deo
3153 4385 3388 4480 obtulit,
3437 4407 3599 4487 opti-

235 4487 378 4572 ίῖερε
404 4497 485 4565 τῷ
513 4496 630 4560 Θεῷ
657 4495 762 4547 τῶν
815 4496 1054 4572 καρπῶν,
1100 4492 1252 4553 αὐτὸς
1315 4490 1381 4546 τὰ
1432 4487 1690 4546 κάλλιστα
1718 4494 1868 4568 πρῶ-

1987 4505 2046 4548 ia
2069 4486 2200 4568 ipse
2229 4487 2457 4568 primus
2483 4488 2758 4574 comedit,
2793 4497 2851 4551 et
2881 4507 3018 4551 ecce
3049 4489 3308 4571 primum
3339 4486 3595 4574 malum;

235 4599 318 4641 τος
346 4578 548 4655 ἤσθιεν,
599 4579 687 4634 καὶ
728 4576 894 4642 οὕτως
921 4586 998 4654 τῷ
1038 4571 1170 4654 Θεῷ
1209 4577 1523 4658 προσέφερεν
1559 4594 1573 4609 ⁶
1631 4575 1738 4633 ἰδοὺ
1767 4578 1866 4657 γὰρ

1987 4576 2274 4639 ecundum
2305 4576 2547 4654 invidia,
2583 4571 2890 4640 invidebat
2918 4579 3078 4640 enim
3106 4579 3280 4642 fratri
3306 4601 3326 4657 ;
3353 4571 3596 4647 tertium

235 4673 437 4745 πρῶτον
462 4667 647 4726 κακόν.
682 4667 932 4747 Δεύτερον
977 4665 1057 4749 δὲ,
1113 4668 1297 4748 φθόνον
1336 4683 1351 4698 ⁶
1415 4666 1617 4745 ἔφθόνει
1645 4666 1745 4745 γὰρ
1772 4667 1861 4724 τὸν

1987 4664 2139 4748 olus,
2169 4665 2357 4728 Deum
2389 4666 2546 4728 enim
2581 4666 2792 4728 fefellit
2818 4674 2876 4728 et
2933 4676 3210 4749 parentes
3240 4691 3258 4744 ;
3317 4679 3593 4752 quartum

239 4752 449 4836 ἆεελρόν
488 4775 503 4790 ⁸
554 4755 750 4835 τρίτον,
797 4754 970 4838 δόλον,
1004 4755 1085 4813 ὅτι
1126 4756 1212 4812 καὶ
1237 4762 1315 4831 τῷ
1356 4762 1472 4830 Θεῷ
1499 4755 1731 4818 καὶτοῖς
1761 4777 1864 4834 γο-

1987 4752 2168 4830 dium,
2203 4753 2535 4818 abhorrens
2566 4755 2726 4818 enim
2769 4755 3065 4836 cogitabat
3092 4760 3391 4839 quomodo
3421 4761 3592 4825 illum

241 4854 396 4902 νεῦσιν
467 4842 794 4902 ἐδολιεύσατο
823 4861 841 4878 ⁶
911 4844 1178 4926 τέταρτον,
1251 4857 1410 4922 μῖσος
1445 4860 1460 4876 ⁸
1537 4849 1706 4921 μισῶν
1762 4843 1862 4923 γὰρ

1987 4844 2305 4906 iterticeret
2332 4863 2349 4922 ;
2401 4843 2671 4926 quintum
2703 4844 3113 4909 inobedientia
3141 4865 3281 4927 erga
3307 4850 3499 4912 Deum
3533 4857 3594 4913 et

239 4931 474 5008 ἐμελέτα,
505 4939 621 4997 πῶς
647 4936 802 4991 αὐτὸν
849 4933 1134 4992 ἀποκτενεῖ
1162 4951 1178 4967 ·
1232 4933 1499 5015 πέμπτον,
1553 4935 1652 5002 τὴν
1678 4954 1858 5012 παρα-

1987 4939 2242 5009 arentes,
2276 4933 2467 4996 multa
2495 4933 2655 4994 enim
2685 4933 2770 4998 illi
2808 4934 3086 4998 dicebant
3113 4943 3180 4999 ut
3209 4955 3285 4998 ne
3316 4936 3587 5000 fraudem

238 5023 360 5090 κοὴν
385 5032 480 5084 τοῦ
532 5029 663 5080 Θεοῦ
718 5024 806 5080 καὶ
857 5030 963 5081 τῶν
1016 5023 1213 5104 γονέων
1247 5039 1262 5054 ⁸
1321 5022 1498 5082 πολλὰ
1564 5024 1664 5104 γὰρ
1717 5026 1858 5098 αὐτῷ

1987 5027 2162 5084 iceret
2213 5039 2352 5102 erga
2403 5021 2646 5100 Deum;
2704 5029 2934 5086 sextum
2991 5023 3314 5101 simulatio,
3349 5024 3589 5106 decepit

238 5108 463 5191 ἱλάλων,
497 5111 579 5190 μὴ
624 5124 803 5171 ποιεῖν
857 5111 1006 5171 δόλον
1046 5113 1124 5189 τῷ
1173 5118 1290 5190 Θεῷ
1320 5128 1336 5146 °
1389 5112 1566 5194 ἕκτον,
1600 5112 1698 5181 τὴν
1727 5109 1864 5174 πλά-

1987 5109 2377 5194 nim_fratrem
2405 5129 2578 5176 suum
2607 5111 2842 5192 dicens,
2871 5113 3184 5180 Exeamus
3215 5114 3283 5178 in
3309 5115 3580 5195 campo5,

243 3961 344 4017 θεοί
381 3977 395 3992 ·
429 3982 460 4015 n
513 3958 630 4016 ὅθεν
679 3957 880 4037 ἐτράπη
932 3958 1005 4021 εἷς
1063 3958 1254 4039 φθορὰν
1310 3954 1362 4023 ἐξ
1416 3955 1721 4036 ἀφθαρσίας.
1783 3957 1881 4013 Καὶ

243 4045 413 4104 ἔτεκεν
468 4049 580 4104 υἱὸν
635 4051 934 4127 παρακοῆς,
1001 4047 1093 4104 τὸν
1157 4047 1316 4127 Κάῖν,
1380 4045 1436 4109 ὃς
1492 4044 1878 4125 ἐχαρακτήρισε

305 5280 337 5332 4
361 5277 509 5347 Gen.
540 5296 629 5361 ω,
659 5280 722 5344 5.
804 5280 839 5335 ὅ
865 5277 1014 5347 Gen.
1042 5294 1127 5359 tv,
1155 5280 1220 5348 8.

1627 5455 1822 5525 Varia
1849 5456 2157 5526 lectiones.

292 5593 413 5677 (εἴ)
441 5585 802 5677 Ἡμεινᾞιο
1029 5669 1081 5677 _
1343 5669 1360 5677 _
1614 5670 1630 5677 -
1692 5669 1709 5677 -

1987 5613 2153 5677 χεσεε
2171 5590 2347 5677 isis)-

300 5669 419 5759 (28)
447 5669 548 5742 Si}:
577 5673 836 5760 ειριὶοο,
870 5687 1003 5757 qua
1029 5669 1164 5742 Vat.
1220 5669 1446 5759 praebet
1473 5689 1492 5736 :
1548 5670 1634 5733 καὶ
1659 5669 1754 5734 οῦκ
1779 5693 1848 5744 ην

2171 5669 2395 5753 Ἔπῖτῷ
2421 5671 2732 5756 προσελθεῖν
2762 5673 2905 5755 αῦτῷ
2931 5671 3065 5743 Vat.

796 5833 1054 5905 ΡΑτιιοιο
1081 5831 1196 5905 Gn.
1225 5823 1400 5900 CXX-
3168 5818 3208 5886 8
