4068 6112
382 191 504 261 235
1472 276 1475 283 ι
1674 180 2075 266 EPIPHANII
2101 194 2443 265 nomen]
3633 176 3779 261 2'36‘

384 325 556 413 quasi
579 325 730 390 utin
757 323 939 389 altum
977 323 1333 407 tolleretur;
1391 328 1711 410 septimum
1768 329 2022 393 menda-

2103 355 2198 399 νην
2235 352 2246 365 ·
2284 330 2548 400 ἐπλάνησε
2580 332 2678 411 γὰρ
2705 332 2796 389 τὸν
2848 330 2985 389 ἴδιον
3040 328 3263 412 ἀδελφὸν
3293 332 3456 388 εἰπών
3497 347 3508 359 ·
3551 354 3578 386 α
3617 330 3762 386 Διέλ-

383 418 565 496 cium,
598 422 907 498 postquam
940 414 1099 476 enim
1133 414 1451 493 interfecit,
1502 416 1653 479 dixit
1702 417 1758 480 ei
1814 417 1976 482 Deus
2008 436 2023 482 :

2109 424 2281 498 θωμεν
2310 423 2383 486 εἷς
2430 423 2491 478 τὸ
2539 419 2736 495 πεδ’ἰον,
2776 444 2801 476 ι)
2863 420 3017 488 δῆθεν
3073 423 3492 500 μετεωρισθῆναι
3528 440 3542 453 °
3606 417 3761 475 ἕϐδο-

389 506 497 587 Πιῃ
517 512 608 570 est
624 504 775 568 Abel
793 506 996 584 frater
1035 511 1175 569 tuus
1200 504 1231 566 ‘1
1269 525 1390 569 non
1417 507 1719 586 ignorans,
1751 508 1854 570 sed
1882 508 2029 570 dans

2111 532 2207 585 μον
2237 512 2297 566 τὸ
2329 508 2564 589 ψεῦδος;
2615 511 2749 585 μετά
2795 510 2894 588 γὰρ
2950 510 3011 565 τὸ
3040 518 3285 589 φονεῦσαι
3344 510 3500 565 εἶπεν
3545 512 3684 582 αὖτῷ
3733 511 3762 564 6

385 596 443 659 ei
472 581 669 679 locum
712 581 1115 677 poenitentiae;
1145 605 1201 656 at
1230 594 1334 658 ille
1362 581 1482 658 non
1513 581 1713 658 solum
1736 615 1854 658 non
1885 615 2028 659 cur-

2111 581 2239 661 Θεός
2268 614 2282 627 ⁶
2320 581 2354 659 ο-
2393 605 2501 657 Ποῦ
2535 581 2686 655 Ἅϐελ
2717 600 2744 654 6
2775 581 2996 677 ἀδελφός
3028 581 3120 653 σόυ
3154 616 3169 677 ;
3210 620 3235 652 ι
3273 599 3366 654 οὒκ
3395 598 3621 675 ἀγνοῶν,
3641 595 3759 652 ἀλλ’

380 691 551 748 vatus
571 691 685 761 est,
712 684 924 748 dolens
969 683 1047 747 de
1073 683 1394 748 solitudine
1422 692 1483 748 et
1511 684 1777 747 discessu
1806 684 2024 766 fratris,

2109 687 2252 761 αὖτῴ
2280 687 2463 767 χώραν
2494 685 2844 763 μεταμελείας
2902 684 3067 750 διδούς
3104 704 3118 717 ·
3169 688 3197 741 6
3250 684 3304 741 δὲ
3362 689 3423 744 06
3473 688 3633 762 μὸνον
3665 690 3760 744 οὒκ

379 773 489 836 sed
517 780 577 835 et
604 771 991 855 impudenter
1017 771 1303 835 mentitus
1337 780 1426 835 est
1452 772 1660 835 dicens
1692 791 1707 836 :
1758 772 1975 836 Nescio
2010 796 2026 847 ;

2111 775 2352 855 ἐκάμφθη
2395 774 2805 855 σπλαγχνισθεὶς
2856 775 2941 830 ἐπὶ
2981 780 3050 851 τῇ
3106 775 3332 850 μονώσει
3390 776 3478 830 καὶ
3520 782 3596 849 τῷ
3628 796 3753 853 χω-

378 861 685 943 mtmquid
707 869 905 926 custos
927 859 1115 941 fatris
1136 865 1260 925 mei
1281 880 1417 925 sum
1442 880 1548 943 ego
1566 860 1600 911 6
1625 860 1650 923 ?
1671 862 1756 924 sic
1769 861 2029 924 irridens

2111 870 2281 944 ρισμῷ
2334 870 2426 921 τοῦ
2481 862 2724 942 ἀδελφοῦ,
2787 862 2923 919 ἀλλά
2974 864 3062 919 καὶ
3118 860 3340 926 ἀναιδῶς
3385 861 3642 938 ἐψεύσατο
3685 863 3754 918 εἰ-

378 947 594 1012 Deum.
630 949 747 1013 Sed
770 950 971 1031 justus
997 948 1155 1013 Deus
1204 957 1433 1032 septem
1479 950 1766 1013 malorum
1800 957 2027 1032 septem

2109 953 2223 1010 πών
2259 969 2273 983 ⁵
2328 971 2359 1012 (
2388 956 2496 1011 Ούκ
2524 951 2647 1009 οῖδα
2684 968 2697 981 ⁸
2734 953 2811 1027 μὴ
2842 949 3003 1033 φύλαξ
3033 951 3138 1025 ἐῖμι
3167 961 3260 1010 τοῦ
3287 950 3510 1031 ἀδελφοῦ
3543 971 3683 1031 μου,
3722 973 3745 1006 ι)

380 1055 587 1120 paenas
612 1039 889 1121 sumpsit.
911 1038 983 1101 Et
1006 1039 1197 1120 prima
1218 1031 1483 1121 quidem,
1511 1039 1789 1103 alienatio
1817 1059 1852 1101 a
1874 1031 2028 1118 Deo;

2109 1043 2183 1104 ὡς
2237 1043 2328 1097 τὸν
2388 1044 2517 1097 Θεὸν
2566 1031 2917 1120 μυκτηρίζων.
2983 1031 3039 1096 Ὀ
3096 1038 3150 1095 δὲ
3207 1038 3403 1103 δίκαιος
3463 1042 3590 1102 Θεὸς
3645 1046 3752 1095 τῶν

381 1128 527 1192 exiit
553 1128 715 1192 enim
742 1128 889 1191 Cain
916 1146 952 1190 a
980 1127 1131 1191 facie
1158 1127 1269 1191 Dei
1300 1149 1317 1206 ;
1350 1129 1613 1192 secunda
1641 1137 1864 1210 autem,
1897 1147 2028 1191 ma-

2109 1132 2245 1187 ἑπτὰ
2284 1138 2460 1189 κακῶν
2520 1131 2651 1187 ἑπτὰ
2711 1128 2900 1186 ἔδωκεν
2952 1129 3046 1192 τὰς
3103 1129 3378 1207 τιμωρίας.
3439 1130 3537 1186 Καὶ
3564 1128 3751 1208 πρώτη

378 1213 659 1279 ledictam
688 1223 909 1279 terram
938 1214 1232 1293 incolens,
1284 1223 1348 1278 ut
1406 1216 1508 1298 qui
1555 1235 1685 1279 eam
1743 1216 2030 1297 sanguine

2111 1220 2230 1299 μὲν,
2262 1221 2297 1288 ἡ
2326 1229 2417 1278 τοῦ
2461 1226 2591 1277 Θεοῦ
2634 1217 2975 1297 ἀλλοτρίωσις
3014 1234 3026 1247 ⁶
3075 1215 3258 1283 ἐξῆλθε
3299 1218 3399 1296 γὰρ
3456 1218 3591 1274 Κάϊν
3649 1216 3756 1271 ἀπὸ

378 1302 576 1368 fratris
603 1304 897 1387 polluerat
933 1326 951 1381 ;
1013 1305 1186 1368 tertia
1239 1304 1602 1387 irrequietus
1632 1305 1820 1383 labor,
1855 1313 2029 1367 nocte

2108 1309 2395 1386 προσώπου
2419 1314 2512 1365 τοῦ
2556 1315 2687 1365 Θεοῦ
2720 1327 2733 1341 ’
2797 1304 3006 1385 δευτέρα
3058 1304 3133 1368 δὲ,
3196 1305 3281 1362 ἐπὶ
3334 1306 3626 1384 κατάρατον
3652 1309 3756 1383 γῆν

379 1391 541 1456 enim
560 1400 618 1456 et
636 1392 735 1458 die
760 1393 1030 1476 requiem
1060 1411 1182 1455 non
1212 1393 1459 1470 habuit;
1495 1401 1725 1475 quarta,
1750 1394 2030 1457 sterilitas

2108 1396 2455 1465 κατοικήσας,
2529 1397 2603 1458 ὡς
2675 1395 2864 1471 μιάνας
2950 1393 3113 1460 αὐτὴν
3182 1392 3371 1469 α’ίματι
3442 1392 3705 1473 ἀδελφικῷ
3738 1412 3751 1425 ·

378 1487 592 1546 terrae:
656 1482 981 1561 Tellurem,
1032 1482 1134 1564 ait,
1194 1482 1523 1561 exercebis,
1577 1502 1690 1546 nec
1732 1482 1922 1546 addet
1965 1491 2030 1547 ut

2108 1485 2282 1565 τρίτη,
2344 1487 2379 1554 ἡ
2446 1485 2848 1548 ἀκατάπαυστος
2919 1484 3132 1564 ἐργασία
3164 1502 3177 1515 ⁸
3255 1486 3441 1548 νυκτὸς
3507 1485 3607 1563 γὰρ
3670 1486 3760 1541 καὶ

375 1570 564 1634 robur
589 1589 761 1633 suum
791 1570 1078 1651 largiatur
1105 1569 1214 1632 tibi
1247 1591 1264 1649 ;
1323 1571 1527 1653 quinta
1554 1582 1620 1634 ut
1657 1570 1862 1634 ederet
1889 1571 2020 1634 sin-

2110 1574 2310 1653 ἡμέρας
2341 1578 2435 1633 06x
2463 1575 2619 1653 εἶχεν
2676 1573 2964 1631 ἀνάπαυσιν
2997 1590 3010 1602 ’
3046 1574 3270 1653 τετάρτη
3327 1571 3474 1652 (30),
3508 1576 3542 1640 ἡ
3575 1573 3747 1652 ἀκαρ-

378 1630 1264 1743 έίιῖιῐεξέῐὲἰιέῖἑιῖᾜιξοὲεῖεί
1291 1630 1729 1738 ίὲᾱὲὲἰιῖεἶιίἑξ
1742 1630 2023 1738 ὲὲᾷὶεῖξῖιι

2110 1630 2329 1731 πίαῑτῆς
2360 1668 2463 1742 γῆς
2497 1630 2811 1742 ΑΕργάσει,
2844 1664 2991 1743 φησὶΙ
3048 1663 3143 1730 τὴν
3174 1630 3344 1739 ιγῆν,Χ
3375 1630 3473 1718 καὶ.
3492 1666 3551 1720 o6
3578 1630 3750 1741 προὸ-

376 1748 737 1831 trepidaret:
788 1750 1048 1813 Gemens
1076 1755 1137 1811 et
1163 1747 1519 1812 tremiscens
1547 1749 1668 1811 eris
1697 1768 1875 1830 super
1903 1756 2020 1811 ter-

2107 1752 2255 1821 θήσει
2298 1749 2471 1810 δοῦναί
2498 1773 2581 1808 σοι
2610 1751 2706 1818 τὴν
2753 1752 2908 1829 ἰσχὺν
2956 1750 3121 1817 αὐτῆς
3155 1769 3169 1783 ·
3221 1750 3461 1825 πέμπτη,
3523 1751 3582 1805 τὸ
3625 1749 3751 1805 στέ-

372 1855 505 1901 ram
536 1857 564 1916 ;⁸
580 1846 851 1900 tremens
876 1838 1039 1901 enim
1070 1855 1184 1899 nec
1214 1837 1414 1900 cibum
1433 1857 1543 1900 nec
1566 1845 1768 1919 potum
1793 1846 2025 1919 poterat

2106 1860 2211 1896 νειν
2280 1840 2574 1916 στεναγμὸν
2629 1839 2715 1895 καὶ
2783 1839 3057 1918 συνάγχην
3114 1837 3378 1897 ἄπαυστον
3413 1858 3426 1874 ·
3470 1835 3622 1917 ἕκτη,
3683 1841 3746 1894 τὸ

375 1926 453 1989 ad
482 1945 550 1989 os
576 1926 916 2008 admovere,
961 1944 1074 1988 nec
1094 1925 1253 1988 aliud
1275 1926 1417 2007 quid
1448 1945 1555 2008 pro
1586 1944 1836 2008 corpore
1868 1946 1884 2003 ;
1920 1946 2021 1991 se-

2102 1927 2313 2007 τρέμειν
2348 1946 2366 1964 ο
2440 1926 2647 1983 Στένων
2714 1928 2802 1983 καὶ
2855 1927 3058 2005 τρέμων
3114 1926 3241 1993 ἔστη
3299 1925 3383 1983 ἐπὶ
3437 1932 3534 1994 τῆς
3588 1932 3692 2005 γῆς
3729 1946 3742 1960 ⁸

377 2013 584 2095 ptima,
609 2013 913 2095 prolixitas
928 2012 1096 2077 vitae:
1129 2013 1362 2076 volebat
1380 2013 1539 2076 enim
1561 2014 1663 2076 ille
1683 2014 1941 2077 interﬁci
1963 2022 2021 2077 et

2105 2017 2311 2097 τρέμων
2368 2017 2466 2095 γὰρ
2522 2015 2638 2071 οὔτε
2704 2016 2905 2095 βρωτὸν
2961 2017 3075 2071 οὔτε
3143 2016 3305 2071 ποτὸν
3361 2014 3522 2093 ἴσχυε
3576 2037 3746 2093 προσ-

375 2118 415 2164 a
440 2103 619 2165 tantis
648 2102 818 2165 malis
849 2101 1031 2164 eximi
1061 2123 1079 2181 ;
1129 2101 1361 2164 lucrum
1391 2103 1761 2184 enim'poena
1789 2104 2020 2166 atllictis

2104 2103 2312 2182 ενέγκαι
2341 2111 2418 2179 τῷ
2447 2102 2558 2178 ἰδίῳ
2586 2103 2832 2182 στόματι,
2865 2102 2981 2159 οὔτε
3011 2101 3142 2159 ἄλλο
3183 2125 3233 2159 τι
3264 2109 3340 2176 τῷ
3370 2102 3575 2177 σώματι
3605 2102 3744 2174 (31)*

379 2189 447 2252 ﬁt
472 2208 660 2273 mors,
681 2192 942 2254 celerem
960 2189 1265 2254 adducens
1298 2189 1746 2253 liberationem.
1769 2193 1844 2254 At
1862 2192 2019 2254 Deus

2101 2191 2323 2273 ἑϐδόμη,
2356 2192 2735 2270 ἡπαρέκτασις
2784 2197 2884 2259 τῆς
2932 2197 3075 2262 ζωῆς
3109 2208 3122 2221 ⁸
3185 2190 3390 2255 ἐκεῖνος
3448 2191 3545 2269 γὰρ
3604 2188 3751 2247 ἐϐού-

378 2277 466 2342 ait
485 2278 666 2367 :7Non
693 2280 819 2359 sic;
851 2279 1049 2342 omnis
1077 2298 1178 2367 qui
1204 2278 1600 2367 interfecerit,
1632 2280 1799 2355 Cain,
1833 2281 2020 2343 vindi-

2100 2281 2603 2363 1510-?0V800ﬁvat
2656 2283 2744 2338 καὶ
2814 2279 3186 2360 ἀπαλλαγῆναι
3242 2278 3455 2336 πολλῶν
3501 2287 3678 2337 κακῶν
3728 2298 3743 2314 ’
3790 2312 3797 2327 ~

374 2366 609 2430 camina
635 2378 863 2449 septem
891 2368 1037 2446 luet,
1070 2366 1132 2429 id
1181 2366 1289 2430 est
1314 2376 1541 2449 septem
1591 2368 1881 2431 vindictas
1910 2370 2018 2433 ab-

2100 2369 2279 2451 κέρδος
2349 2372 2448 2450 γὰρ
2520 2384 2638 2435 τοῖς
2710 2368 3085 2451 κολαζόμένοις
3155 2372 3184 2426 6
3237 2369 3457 2433 θάνατος
3524 2369 3746 2451 γίνεται,

374 2455 580 2532 solvet,
605 2456 891 2518 nimirum
926 2463 1254 2518 retrorsum
1295 2456 1412 2535 agit
1437 2456 1588 2519 Abel
1618 2456 2015 2522 interfectum.

2100 2450 2330 2540 ταχεῖαν
2358 2458 2571 2539 ἐπάγων
2601 2460 2696 2526 τὴν
2746 2457 2916 2518 λύσιν.
2966 2450 3023 2516 Ὀ
3074 2457 3129 2514 δὲ
3188 2460 3318 2520 Θεὸς
3379 2459 3533 2515 εἶπεν
3567 2477 3585 2495 ο
3632 2450 3748 2540 Οὐχ

374 2542 592 2609 Factus
620 2551 711 2607 est
730 2544 875 2608 Seth
894 2544 1108 2606 similis
1130 2544 1343 2606 Adami
1355 2545 1574 2625 justus,
1606 2545 1868 2626 sapiens,
1905 2545 2017 2607 bo-

2100 2546 2264 2611 οῧτως
2300 2565 2315 2582 ⁶
2386 2554 2491 2612 πᾶς
2561 2550 2589 2604 6
2646 2548 2958 2612 ἀποκτείνας
3015 2548 3151 2605 Κάΐν
3215 2547 3348 2603 ἑπτὰ
3405 2546 3744 2623 ἐκδικούμενα

376 2649 514 2727 nus,
547 2631 733 2727 mitis,
747 2631 1015 2727 _(_loctus_:
1063 2632 1192 2727 ipse
1212 2632 1679 2727 enimscientias
1709 2632 2013 2696 aﬁ‘erebat.

2098 2636 2408 2717 παραλύσει,
2478 2637 2766 2718 τουτέστιν,
2795 2638 2974 2727 ’,ἐπτά
3061 2635 3354 2707 ἐκδικήσεις
3426 2637 3741 2718 παραλύσει,

371 2706 907 2801 ΗὶοεειιιιὶιἘιιοε
963 2706 1219 2783 similem
1280 2719 1438 2796 sibi;
1498 2729 1743 2802 propter
1770 2723 2016 2784 virtutes

2097 2706 2215 2792 ἤτοι
2246 2706 2557 2806 ἀποστρέφει
2630 2731 2722 2782 τοῦ
2752 2706 2765 2718 ’
2795 2706 2949 2782 Ἅϐελ
3021 2725 3377 2807 φονευθέντος,
3454 2706 3738 2803 Ἰέγεννήθή

374 2808 538 2870 enim
566 2807 738 2870 illum
765 2808 946 2871 deum
1001 2808 1311 2872 vocabant.
1368 2807 1556 2888 Hujus
1612 2809 1715 2872 lilii
1745 2810 2014 2872 videntes

2096 2816 2125 2870 6
2180 2814 2292 2882 Σὴθ
2345 2814 2532 2888 ὅμοιος
2587 2822 2663 2889 τῷ
2712 2812 2904 2889 Ἀδὰμ,
2964 2813 3185 2885 δίκαιος,
3258 2816 3441 2895 σοφὸς,
3514 2813 3734 2891 ἄκακος,

373 2895 529 2985 ﬁlias
556 2895 719 2985 Cain
758 2903 1139 2981 sumpserunt
1190 2897 1254 2959 in
1278 2984 1281 2985 ν
1308 2914 1524 2961 uxores
1570 2897 1706 2985 sibi.
1742 2897 2036 2985 Leprosae‘

2094 2906 2282 2982 πραῢς,
2334 2901 2643 2979 ἐπιστήμων
2680 2922 2691 2935 ’
2754 2902 2908 2967 αὒτὸς
2979 2905 3078 2984 γὰρ
3132 2904 3226 2967 τὰς
3277 2903 3573 2980 ἐπιστήμας
3628 2903 3745 2985 ἔφε-

375 2953 537 3049 ἕῌῶπ
564 2953 1417 3067 ξῖυἶίβᾞῆεὲἷὶιῐοᾙνεῖειῖιῖἶ
1427 2953 2036 3058 ἓῖξιιῗόῌω-ἆὶὲῖιὲῖ

2103 2953 2133 2958 --
2171 2953 2282 2977 ﬂ“,
2337 2953 2523 2973 -.-----,
2575 2953 2637 2959 ...
2756 2953 2906 2967 τμη,
3145 2953 3225 2967 ,η
3279 2953 3571 2973 -.-πνρας
3631 2953 3652 2959 -
3696 2953 3717 2959 -

2099 2953 2208 3071 ρέν.
2282 2991 2443 3055 Οὗτος
2501 2953 2749 3071 ἐγέννησε
2799 2993 2889 3049 τὸν
2952 2953 3117 3055 ’ἐνῶς
3187 2990 3368 3069 ὅμοιον
3424 2957 3565 3069 αύτῴ
3598 3012 3613 3028 ·
3660 2953 3745 3052 διὰ

371 3082 515 3137 runt
543 3092 647 3137 eos
670 3081 916 3156 paterna
944 3073 1106 3151 vitia,
1142 3074 1347 3150 furari,
1372 3075 1736 3156 interﬁcere,
1758 3074 2014 3155 litigare,

2098 3081 2198 3159 γὰρ
2266 3080 2360 3143 τὰς
2429 3080 2615 3160 ἀρετὰς
2671 3081 2827 3138 αύτοῦ
2882 3081 2998 3138 θεὸν
3053 3081 3210 3138 αὐτὸν
3260 3080 3501 3142 ἐκάλουν.
3547 3083 3743 3141 Τούτου

372 3161 595 3254 limites
624 3180 869 3244 ponere,
927 3162 1198 3227 civitates
1246 3162 1541 3226 aediﬁcare
1575 3164 1827 3245 (primus
1856 3164 2017 3226 enim

2099 3175 2146 3230 οἱ
2197 3175 2300 3232 υἱοὶ
2348 3171 2543 3238 ἰδόντες
2602 3174 2696 3239 τὰς
2749 3174 3033 3254 θυγατέρας
3088 3182 3182 3232 τοῦ
3231 3176 3369 3234 Κάϊν
3425 3174 3610 3234 ἔλαϐον
3642 3176 3744 3232 a6-

372 3249 519 3315 Cain
546 3251 856 3352 aediﬁcavit
907 3251 1252 3352 civitatem),
1297 3251 1456 3352 bella
1510 3252 1737 3352 inferre
1779 3261 2021 3335 propter

2097 3280 2217 3331 τοῖς
2280 3264 2391 3343 (32)
2452 3281 2731 3346 γυναῖκας,
2789 3249 3022 3349 Κελεφοῦ
3071 3269 3170 3348 γὰρ
3228 3268 3410 3346 γένους
3465 3270 3742 3349 θυγατέρες

371 3357 557 3441 unam
577 3340 915 3441 mulierem,
934 3348 998 3403 'et
1019 3341 1301 3403 mulieres
1320 3349 1549 3404 certare
1570 3349 1813 3423 propter
1828 3360 2012 3403 unum

2097 3340 2293 3439 ὡραῖαι
2347 3340 2577 3440 γίνονται
2639 3368 2709 3438 τῇ
2764 3360 2908 3437 ὄψει.
2939 3340 3203 3420 ’Ἒκείῑν-αι
3243 3340 3298 3418 δέ
3353 3340 3583 3428 ἐδίδαξαν
3638 3340 3739 3423 αὖ·

369 3428 587 3530 virum.
619 3428 692 3537 lit
719 3429 1003 3537 deinceps
1032 3429 1155 3537 uati
1194 3436 1333 3537 sunt
1378 3431 1640 3537 gigantes
1645 3452 1690 3537 ti
1747 3430 2011 3493 nondum

2092 3455 2215 3519 τοὺς
2270 3455 2337 3511 τὰ
2391 3462 2609 3535 πατρῷα
2663 3456 2824 3536 κακὰ,
2881 3456 3151 3535 ἁρπάζειν,
3212 3457 3468 3537 φονεύειν,
3529 3455 3737 3536 ἐρίζειν,

371 3517 531 3581 enim
558 3518 707 3629 tales
730 3525 894 3619 terra
949 3517 1201 3629 ferebat,
1383 3519 1597 3620 videns
1645 3518 1805 3581 Deus
1834 3538 2012 3629 prava

2093 3517 2243 3627 ὅρους
2313 3517 2558 3624 τιθέναι,
2603 3547 2785 3613 πόλεις
2808 3517 2824 3536 1
2856 3517 3151 3623 οἰκοδομεῖν
3225 3517 3468 3629 ὶπρῶτοςι
3538 3517 3639 3628 γὰρ
3708 3517 3737 3605 6

370 3625 556 3722 opera
583 3607 918 3722 hominum,
949 3607 1195 3708 adduxit
1241 3606 1547 3722 diluvium,
1605 3616 1664 3672 et
1693 3627 1844 3690 aqua
1872 3608 2011 3671 lavit

2093 3606 2240 3699 Ιὲάϊν⁷
2297 3606 2613 3718 ᾠκοδόμησε
2660 3606 2862 3722 πόλιν),
2923 3606 3187 3718 πολέμους
3230 3606 3415 3699 κπόιεϊν
3443 3606 3563 3697 ,διάι
3611 3606 3735 3716 μίαν

370 3695 630 3778 culpam,
656 3704 715 3758 et
734 3695 1298 3758 mundavitterram.
1320 3695 1515 3760 Unum
1536 3704 1736 3759 autem
1778 3697 2006 3778 justum

370 3802 445 3848 ex
478 3786 639 3866 justo
668 3784 899 3848 semine
927 3792 1145 3862 ortum,
1175 3784 1301 3848 Noe
1329 3785 1570 3851 salvavit
1627 3805 1761 3849 cum
1794 3806 2003 3870 uxore,

372 3882 435 3937 et
458 3872 647 3936 tribus
672 3872 810 3936 ﬁliis
829 3893 964 3936 cum
984 3873 1287 3946 uxoribus,
1301 3874 1523 3955 jubens
1559 3883 1624 3937 ut
1650 3874 1871 3939 faceret
1898 3895 2009 3938 na-

367 3960 488 4023 vim
511 3961 819 4042 grandem.
850 3961 1085 4026 Etcum
1134 3982 1207 4026 eo
1264 3963 1586 4026 introduxit
1634 3983 1705 4027 ex
1734 3965 2011 4028 omnibus

370 4049 779 4115 animantibua
806 4057 866 4115 et
887 4052 1216 4116 seminibus
1261 4052 1515 4117 cunctis.
1551 4053 1868 4135 Reliquum
1899 4074 2010 4117 au-

372 4144 493 4202 tem
523 4139 811 4203 mundum
865 4141 1174 4204 destruxit.
1231 4141 1308 4204 Et
1364 4141 1766 4223 multiplicatis
1794 4143 2008 4205 iterum

371 4226 737 4292 hominibus.
774 4229 1159 4310 pravissimns
1187 4229 1462 4295 diabolus
1490 4250 1609 4292 non
1630 4232 1881 4295 cessavit
1902 4232 2068 4317 im-_
2501 4226 2561 4317 ελξ
2617 4226 2817 4317 οικαξιου
2859 4226 3197 4317 (σῖτερματτξςι
3263 4226 3708 4317 ωδεχπεριεῖωῗ

367 4334 638 4408 pugnans
652 4293 1217 4408 gen6shumauum;
1237 4293 2009 4383 docuitenimidololatriam
2028 4310 2036 4370 Ῑ

2096 4294 2187 4350 σὺν
2215 4296 2420 4373 γυναικὶ
2474 4296 2562 4351 καὶ
2608 4296 2772 4373 τρισὶν
2828 4298 2964 4358 υἱοῖς
3023 4296 3159 4371 μετά
3215 4300 3496 4374 γυναικῶν,
3558 4293 3741 4351 κελεύ-

2296 4392 2309 4408 9
2354 4390 2370 4408 \
2577 4394 2603 4404 ευ
2812 4387 2833 4408 Χ
2879 4401 2904 4408 ,ι
3086 4388 3096 4407 1
3256 4399 3291 4408 r-
3337 4391 3352 4408 \
3524 4386 3538 4408 9
3622 4390 3636 4408 9
3710 4394 3733 4404 ·-·

369 4387 568 4468 ὸιιὸοο
583 4387 729 4469 boni
746 4405 856 4470 Dei
885 4408 1168 4473 creatoris
1189 4387 1479 4485 omnium,
1508 4417 1867 4471 venerantur
1896 4410 2009 4472 ho-

2091 4409 2187 4451 σας
2255 4390 2410 4447 αὐτὸν
2480 4394 2701 4456 ποιῆσαι
2770 4387 2963 4445 πλοῖον
3032 4388 3193 4466 μέγα.
3255 4391 3354 4447 Καὶ
3422 4387 3538 4463 μετ’
3582 4390 3737 4445 αὐτοῦ

368 4492 565 4556 mines
593 4502 916 4572 creaturas,
949 4497 1144 4577 potius
1168 4504 1363 4560 autem
1396 4480 1752 4580 dzemonem,
1772 4498 1914 4561 boni
1953 4506 2012 4561 et

2091 4482 2393 4559 εἰσήνεγκεν
2445 4480 2551 4538 ἀπὸ
2609 4482 2803 4560 φαντὸς
2854 4481 2991 4552 ζώου
3046 4483 3133 4537 καὶ
3187 4482 3291 4538 ἀπὸ
3345 4482 3541 4545 πάντὸς
3583 4480 3739 4560 σπέρ-

363 4582 665 4664 sapientes
694 4583 872 4647 stulta
899 4571 970 4647 et
986 4604 1185 4667 prava.
1240 4586 1541 4648 Abraham
1593 4571 1790 4649 autem
1822 4587 2005 4665 solus,

2092 4596 2283 4649 ματος.
2316 4575 2425 4641 Τὴν
2454 4571 2509 4628 δὲ
2562 4572 2747 4631 λοιπὸν
2803 4574 3011 4631 ἅπαντα
3065 4574 3264 4651 κόσμον
3320 4573 3619 4633 ἀπώλεσεν.
3648 4576 3738 4631 καὶ

361 4670 762 4737 idololatriam
784 4665 1038 4756 lugiens,
1057 4674 1247 4739 Deum
1260 4693 1466 4737 verum
1477 4674 1762 4749 adoravit,
1780 4683 2004 4739 creato-

2091 4665 2249 4725 πάλιν
2319 4665 2711 4748 φληθυνθέντων
2781 4674 2887 4726 τῶν
2982 4667 3267 4746 ἀνθρώπων
3340 4670 3368 4723 6
3436 4667 3738 4748 ἀρχέκαγος

361 4777 491 4824 rem
512 4761 646 4824 coeli
674 4770 736 4825 et
764 4768 939 4826 terra;
966 4772 1028 4826 et
1054 4764 1318 4826 siderum
1348 4764 1638 4827 omnium.
1675 4763 1815 4828 Haec
1847 4766 2007 4828 enim

2093 4757 2335 4824 διάϐολος
2391 4760 2487 4817 οὔκ
2537 4760 2799 4818 ἐπαύσατο
2840 4759 3089 4837 πολεμῶν
3150 4762 3210 4818 τὸ
3270 4760 3420 4839 γένος
3479 4768 3584 4819 τῶν
3640 4762 3740 4818 ἀν-

358 4849 569 4914 videns
592 4853 953 4934 etcogitans,
976 4854 1214 4932 agnovit
1230 4854 1445 4917 horum
1467 4852 2009 4918 Creatorem.Unde

2091 4856 2310 4934 θρώπων
2345 4874 2361 4891 ⁸
2421 4851 2613 4921 ἐδίδαξε
2665 4856 2765 4936 γὰρ
2821 4856 2915 4921 τὰς
2975 4852 3401 4935 εἷδωλολατρείας
3435 4868 3455 4888 ⁶
3511 4857 3598 4913 καὶ
3628 4856 3743 4913 ἀντὶ

362 4937 632 5005 delectus
650 4949 744 5007 est
759 4961 795 5006 a
812 4941 961 5023 Deo,
987 4950 1047 5007 et
1065 4942 1450 5008 benedictum
1474 4950 1565 5006 est
1592 4960 1803 5007 semen
1827 4944 1953 5025 ejus
1988 4966 2004 5007 :

2091 4958 2179 5007 τοῦ
2229 4948 2425 5028 ἀγαθοῦ
2482 4956 2614 5008 Θεοῦ
2667 4959 2760 5009 τοῦ
2815 4949 3173 5017 πεποιηκότος
3227 4950 3293 5006 τὰ
3350 4950 3523 5009 πάντα
3577 4972 3739 5027 προσ-

2088 3747 2337 3815 γυναϊκα,
2368 3736 2456 3791 καὶ
2513 3747 2767 3814 γυναῖκας
2824 3733 3082 3809 πολεμεῖν
3140 3733 3223 3791 διὰ
3263 3734 3353 3792 ἕνα
3411 3731 3588 3815 ἄνδρα.
3637 3745 3739 3802 Καὶ

2092 3825 2304 3885 λοιπὸν⁵
2342 3828 2694 3907 ἐγεννήθησαν
2746 3830 2793 3884 οἱ
2848 3829 3111 3907 γίγαντες,
3173 3829 3273 3886 Καὶ
3329 3827 3502 3887 οὐκέτι
3560 3826 3740 3909 ἔφερεν

2092 3921 2126 3989 ἡ
2288 3922 2388 3979 Καὶ
2416 3919 2536 3978 ἰδὼν
2582 3924 2610 3978 6
2661 3922 2788 3986 Θεὸς
2817 3922 2883 3977 τὰ
2938 3921 3076 3978 κακὰ
3132 3918 3260 4001 ἔργα
3315 3928 3420 3977 τῶν
3449 3921 3740 4000 ἀνθρώπων

2093 4013 2333 4093 ἐπήγαγε
2404 4013 2527 4095 (33)
2595 4017 2685 4072 τὸν
2755 4014 3150 4096 κατακλυσμὸν,
3220 4016 3309 4071 καὶ
3363 4012 3547 4096 661'ct__
3575 4014 3740 4071 κατέ-

2090 4106 2250 4164 πλυνε
2296 4109 2393 4176 τὴν
2452 4109 2708 4189 ἁμαρτίαν
2761 4110 2850 4166 καὶ
2906 4107 3123 4188 ἐκάθαρε
3176 4108 3272 4176 τὴν
3328 4114 3454 4187 γῆν.
3522 4090 3642 4167 εἘνα
3687 4106 3741 4164 δὲ

2091 4198 2287 4258 δίκαιον
2334 4202 2459 4258 ὄντα
2501 4202 2561 4259 ἐκ
2617 4199 2817 4260 δικαίου
2874 4200 3197 4282 σπέρματος,
3263 4201 3404 4277 Νωὲ,
3454 4201 3740 4282 περιέσωσε

443 5099 479 5153 θ
505 5100 660 5169 Gen.
687 5118 770 5184 ιν,
800 5102 863 5169 9.

1805 5293 1999 5360 Varia
2026 5294 2336 5363 lectiones.

609 5426 868 5512 Τέταρτον
894 5427 1030 5512 γει.
1177 5508 1187 5512 Α
1395 5505 1448 5512 _
1886 5408 1903 5429 ‘
2094 5433 2211 5498 τάς.

446 5424 579 5650 ξο)
609 5426 868 5512 Τέταρτον
894 5427 1030 5496 νει.
1890 5424 1903 5429 ⁷

478 5506 575 5587 31)
605 5507 735 5568 Οδδὲ
763 5510 865 5568 ἄλλ
892 5510 974 5573 ὅτι
1001 5517 1093 5570 τοῦ
1119 5508 1367 5589 σώματος
1395 5505 1530 5575 Vat.
1656 5582 1659 5583 ν
1696 5550 1705 5557 .
2011 5572 2015 5577 η

440 5593 460 5667 (
503 5586 562 5666 2)
593 5589 790 5658 Δδτοτς
818 5588 951 5657 Vat.
977 5588 1349 5667 -Le¢endum
1402 5597 1504 5655 aut
1555 5589 1738 5657 αὺτοῖς
1795 5596 1898 5655 aut
1924 5594 2012 5652 αὖ·

2094 5433 2407 5595 τάίθΒηΙιι
2437 5508 2573 5574 cod.
2604 5507 2735 5574 Vat.
2768 5508 2868 5572 hic
2897 5508 3045 5573 ordo
3098 5507 3293 5576 vbb..:
3321 5501 3411 5585 ,τᾶ
3451 5514 3589 5581 κακᾶ
3619 5511 3749 5594 ἔργα

2099 5593 2523 5667 τῶνάνθρώπων
2556 5608 2572 5625 ⁸
2602 5592 2693 5649 καὶ
2720 5587 2844 5667 Ξδόζν
2878 5594 2913 5649 6
2937 5592 3067 5657 Θεὸς
3096 5591 3387 5667 ἐπήγαγεν,
3446 5624 3459 5631 ο

542 5582 790 5666 Minor:
818 5588 951 5657 Vat.
977 5582 1349 5675 ~Legendum
1402 5597 1504 5655 aut
1555 5582 1738 5657 «eum
1795 5596 1898 5655 aut
1924 5594 2012 5652 a6-

2099 5582 2523 5675 τῶνάνθρώπων
2556 5608 2572 5625 ο
2602 5592 2693 5649 καὶ
2720 5587 2844 5668 mp
2878 5594 2913 5649 δ
2937 5592 3067 5657 Θεὸς
3096 5582 3387 5673 ἐπήγαγεν,
3446 5624 3459 5631 ο

834 5766 865 5785 κο
