4068 6112
413 270 531 336 239

1695 260 2099 328 EPIPHANII
2148 259 2498 326 MONAGHI

3669 252 3790 322 240

409 408 542 453 rum
574 388 638 451 in
681 403 890 451 omnes
951 384 1243 462 nationes,
1301 384 1672 466 baptizantes
1719 385 1781 446 in
1812 391 2072 455 nomine

2156 393 2240 449 (αὶ
2266 393 2439 457 θέντες
2496 395 2568 458 εἷς
2626 407 2891 470 μνημεῖον
2946 395 3126 450 καινὸν
3189 394 3566 473 ἐσφραγίσαντο
3607 412 3785 470 παρα-

410 479 603 542 Patris
633 486 690 541 et
716 477 852 540 Filii
883 484 941 538 et
969 475 1228 557 Spiritus
1261 474 1470 538 sancti.
1497 482 1555 537 et
1577 474 1914 539 videntibus
1938 498 2050 541 no-

410 568 507 630 bis
536 569 684 630 hora
697 566 817 630 diei
845 566 1016 628 tertia
1036 565 1296 626 elevatus
1318 571 1428 641 est,
1460 571 1519 626 et
1549 565 1693 626 abiit
1715 565 1777 626 iu
1811 567 2049 644 coelum,

412 663 471 720 et
491 657 659 719 sedet
680 655 752 718 ad
778 655 1078 718 dexteram
1105 653 1300 716 Patris
1319 653 1436 716 sui.
1481 652 1599 716 Nos
1621 661 1814 716 autem
1841 674 2055 738 exspe-

411 753 642 810 ctamus
672 763 807 807 eum
836 744 899 806 in
955 741 1525 805 consummationem
1585 742 1949 806 aeternitatis.
1985 743 2056 807 Et

412 852 571 898 nunc
599 834 662 896 in
692 833 936 896 nomine
966 832 1095 913 ejus
1124 836 1390 894 mortuos
1420 829 1799 908 suscitemus,
1818 832 2056 896 daemo-

412 943 520 987 nes
552 923 845 1004 ejicimus,
881 931 942 984 et
973 919 1244 983 morbum
1279 937 1518 982 omnem
1549 938 1850 984 curamus.

412 1016 484 1078 εἷς
513 1016 574 1071 τὸ
605 1024 872 1090 μνημεῖον
903 1011 1035 1088 μετὰ
1064 1011 1238 1090 μύρων
1268 1011 1408 1090 ταχὺ
1438 1008 1575 1100 λίαν,
1636 1011 1943 1100 Καὶν-εἶπεν
1997 1010 2184 1076 αὐταῖς
2245 1011 2368 1100 (39)
2433 1018 2460 1072 6
2516 1015 2740 1096 ἅγγελος
2773 1037 2786 1052 ο
2841 1035 2868 1076 (
2928 1015 3149 1084 Ἀνέστη
3212 1019 3239 1073 6
3298 1017 3484 1096 Κύριος
3518 1031 3533 1046 '

411 1124 493 1159 σιν
556 1101 674 1181 (40)
727 1100 916 1158 εἴπατε
962 1113 1080 1162 τοῖς
1139 1103 1449 1175 μαθηταῖς,
1488 1098 1581 1156 ’ίνα
1664 1098 1958 1156 ἀπέλθωσιν
2040 1101 2113 1164 εἷς
2194 1102 2292 1169 τὴν
2352 1098 2677 1178 Γαλιλαίαν,
2765 1105 2924 1162 κάκεῖ
3003 1127 3068 1181 με
3149 1103 3367 1180 ὄψονται

2135 482 2424 551 στήσαντες
2457 483 2717 564 φύλακας,
2773 484 2913 540 Εἷπε
2971 484 3094 563 γὰρ,
3155 483 3236 539 ὅτι
3294 488 3372 558 Τῇ
3426 482 3574 562 τρίτη
3615 480 3786 558 ἡμέρα

2136 569 2434 648 ἐγείρομαι,
2468 578 2545 649 Τῇ
2575 571 2629 627 δὲ
2687 575 2829 628 νυκτὶ
2884 573 3309 652 ἐπιφαυσκούσης
3368 570 3486 652 (38)
3545 575 3645 636 τῆς
3673 578 3786 648 τρί-

2135 680 2235 724 της
2296 659 2500 738 ἡμέρας
2543 660 2759 741 ἀνέστη,
2813 660 3137 737 καταλείψας
3195 662 3456 741 μάρτυρας
3516 663 3671 717 αὐτοῦ
3723 658 3791 714 τὰ

2139 745 2376 827 ἐντάφια,
2466 748 2704 828 Αγγελος
2771 748 2824 805 δὲ
2866 752 2955 806 τὸν
3015 749 3155 807 λίθον
3196 758 3288 807 τοῦ
3334 750 3590 826 μνημείου
3646 747 3789 804 ἀπο·

2137 833 2375 908 κυλίσας,
2436 837 2674 896 ἐκάθισεν
2743 838 2920 894 ἐπάνω
2978 841 3153 913 αὐτοῦ,
3221 840 3341 903 τοὺς
3411 837 3644 919 φύλακας
3713 843 3791 911 τῷ

2137 922 2283 998 ὕπνῳ
2352 925 2750 1006 ἀπονεκρώσας,
2813 934 3063 992 Γυναῖκες
3119 925 3174 984 δὲ
3229 926 3279 993 ἐξ
3345 929 3499 1003 ἡμῶν
3555 924 3793 992 ἀπῆλθεν

3592 1017 3794 1070 «000-3-

3374 1154 3390 1186 ,
3467 1107 3539 1166 ὡς
3596 1114 3796 1180 προετ-

411 1214 511 1251 πον
567 1194 771 1254 αὐτοῖς.
835 1213 865 1247 ι
927 1190 1028 1247 Καὶ
1085 1187 1404 1265 ἐθεασάμεθα
1461 1189 1616 1246 αὐτὸν
1670 1187 1928 1252 πολλάκις
2013 1188 2309 1247 ἀναστάντα
2389 1191 2448 1250 ἐκ
2532 1201 2728 1272 νεκρῶν
2795 1195 2879 1251 κοὶ
2962 1193 3345 1274 συνεφάγομεν,
3404 1194 3491 1248 καὶ
3546 1193 3790 1247 συνεπίο-

413 1303 508 1358 μεν
567 1283 709 1355 αύτῷ
760 1279 847 1336 ἐπὶ
901 1277 1104 1357 ἡμέρας
1185 1277 1594 1356 τεσσαράκοντα.
1682 1276 1782 1335 Καὶ
1863 1273 2218 1355 παρήγγειλεν
2301 1281 2459 1361 ἡμῖν,
2546 1282 2762 1360 κηρῦξαι
2847 1281 2932 1338 ἐπὶ
3016 1273 3108 1357 τῴγ
3149 1282 3366 1358 ὀνόματι
3423 1284 3578 1338 αὐτου
3635 1277 3799 1354 μετέ-

411 1393 555 1429 νοιαν
611 1370 703 1426 καὶ
752 1367 934 1448 ἄφεσιν
993 1368 1261 1446 ἁμαρτιῶν
1319 1368 1391 1430 εἰς
1447 1367 1618 1423 πάντα
1673 1367 1739 1424 τὰ
1801 1365 1946 1439 ἔθνη,
2011 1365 2422 1442 βαπτιζομένους
2480 1373 2552 1434 εἷς
2607 1374 2668 1427 τὸ
2753 1371 2920 1446 ὄνομα
2975 1381 3065 1431 τοῦ
3125 1372 3327 1450 Πατρὸς
3383 1371 3471 1424 καὶ
3525 1374 3618 1424 τοῦ
3669 1370 3792 1423 Υίοῦ

413 1460 501 1517 καὶ
553 1467 647 1518 τοῦ
702 1458 850 1536 ἁγίου
907 1457 1229 1532 Πνεύματος,
1291 1456 1390 1513 Καὶ
1443 1455 1772 1534 θεωρούντων
1837 1457 1992 1531 ἡμῶν
2049 1452 2160 1533 ὥρᾳ
2234 1461 2380 1536 τρίτῃ
2462 1465 2560 1528 τῆς
2641 1459 2840 1540 ἡμέρας
2928 1459 3131 1540 ἐπήρθη
3167 1475 3181 1490 ⁸

413 1549 504 1606 τὸν
561 1548 800 1627 οὐρανὸν,
861 1547 949 1603 καὶ
1005 1545 1238 1606 ἐκάθισεν
1295 1545 1350 1601 ἐν
1405 1542 1544 1616 δεξιᾷ
1598 1554 1691 1603 τοῦ
1745 1546 1948 1624 Πατρὸς
2006 1544 2184 1601 αὐτοῦ.

3270 1460 3359 1515 καὶ
3441 1455 3661 1524 ἀνῆλθεν
3719 1456 3791 1519 εἷς

2285 1554 2459 1624 Ημετς
2541 1547 2596 1604 δὲ
2657 1547 2980 1629 ἐκδεχόμεθα
3061 1549 3216 1607 αὐτὸν
3272 1549 3358 1606 ἐπὶ
3413 1547 3651 1621 συτελείᾳ
3703 1556 3799 1605 τοῦ

414 1638 628 1700 αἰῶνος.
687 1636 788 1694 Καὶ
843 1640 934 1691 νῦν
988 1639 1066 1709 τῷ
1121 1633 1342 1708 ὀνόματι
1423 1632 1578 1693 αὐτοῦ
1656 1634 1868 1712 νεκροὺς
1951 1629 2240 1710 ἐγείρομεν,
2327 1638 2415 1693 καὶ
2493 1635 2742 1715 δαίμονας
2828 1635 3185 1719 φυγαδεύομεν
3270 1637 3358 1694 καὶ
3415 1642 3586 1694 πᾶσαν
3641 1635 3794 1692 νόσον

414 1723 635 1800 ἰώμεθα,

496 1812 636 1876 Haec
667 1830 800 1875 cum
833 1810 1079 1874 dixisset
1105 1810 1399 1893 Andreas,
1424 1810 1695 1874 clamavit
1718 1811 1914 1873 omnis
1945 1830 2058 1890 po-

2223 1821 2421 1907 Tai’rra"
2461 1824 2552 1874 τοῦ
2623 1812 2863 1894 Ἀνδρέου
2932 1815 3168 1878 εἰπόντος
3251 1812 3496 1894 ἀνέκραξε
3576 1817 3679 1875 πᾶς
3764 1813 3792 1867 6

417 1903 629 1984 pulus:
657 1901 909 1983 Spiritus
931 1906 1168 1962 sanctus
1184 1900 1246 1962 in
1296 1918 1547 1981 corpore
1577 1907 1675 1963 tuo
1703 1922 1720 1978 ;
1751 1919 1890 1963 vere
1919 1900 2061 1963 boni

419 1997 477 2054 et
507 1991 692 2053 sancti
722 1989 832 2053 Dei
859 1990 1156 2072 apostolus
1205 2007 1295 2066 es,
1351 1989 1567 2051 festina
1609 1997 1676 2052 ut
1705 1990 1895 2053 salves
1924 2008 2057 2052 nos.

416 2079 551 2162 Ipse
573 2087 768 2142 autem
791 2079 867 2142 de
899 2097 1064 2141 more
1093 2098 1228 2141 cum
1258 2085 1506 2158 orasset,
1540 2085 1600 2140 et
1627 2096 1836 2142 manus
1867 2078 2061 2159 impo-

420 2171 656 2247 suisset,
682 2169 1054 2250 dimisitcos.
1080 2168 1181 2230 Sic
1221 2167 1486 2230 Andreas
1508 2167 1730 2230 faciens
1751 2174 1810 2230 et
1840 2167 2062 2229 docens

421 2265 540 2320 toto
571 2256 838 2322 biennio.
864 2265 924 2320 et
946 2258 1111 2337 leges
1133 2256 1419 2333 condens,
1454 2265 1510 2318 et
1534 2257 2059 2337 sananshomines,

423 2344 632 2406 evertit
673 2344 970 2407 idolorum
1016 2343 1288 2422 delubra,
1323 2351 1382 2407 et
1409 2362 1758 2425 synagogam
1789 2345 1928 2407 fecit
1958 2363 2060 2406 ec-

425 2433 691 2510 clesiam,
728 2433 1027 2496 aediﬁcans
1058 2452 1188 2496 eam
1217 2432 1282 2494 in
1336 2433 1519 2496 altare
1574 2435 1794 2515 (potius
1828 2451 1842 2498 :
1902 2433 1964 2494 in
1996 2453 2065 2496 ea

422 2523 658 2604 altare),
678 2531 736 2586 et
755 2523 1305 2602 nomenimponens
1333 2521 1442 2584 Dei
1467 2522 1786 2589 Genitricis
1820 2545 1835 2601 ;
1867 2524 2061 2606 bapti-

425 2613 572 2674 zavit
598 2629 834 2692 quoque
866 2611 1145 2692 populum
1180 2611 1456 2693 multum,
1514 2620 1573 2676 et
1600 2613 1892 2675 ordinavit
1919 2631 2062 2694 pre-

421 2701 688 2782 sbyteros
717 2707 775 2762 et
798 2701 1102 2774 diaconos,
1150 2707 1210 2762 et
1259 2700 1643 2763 Dracontium
1695 2703 2062 2784 episcopum.

425 2789 780 2853 Dracontius
807 2797 1004 2851 autem
1036 2795 1240 2870 postea
1266 2789 1611 2869 martyrium
1637 2789 1839 2867 subiit,
1873 2792 2066 2854 circa-

426 2879 839 2943 duodecimam
879 2880 1103 2940 mensis
1121 2878 1468 2959 Maiiidiem.
1502 2878 1670 2942 Unde
1701 2881 1905 2944 clerici
1934 2885 2066 2945 Ma-

425 2986 554 3048 gnae
583 2967 865 3031 Eaclesiae
893 2968 1020 3029 haec
1044 2966 1192 3028 mihi
1220 2977 1628 3048 narraverunt,
1662 2969 1767 3032 sed
1799 2978 1858 3032 et
1885 2971 2071 3035 multa

427 3057 544 3120 alia
573 3057 739 3138 signa
768 3057 1045 3120 Andreae.

509 3149 554 3208 A
585 3146 781 3209 Nicma
807 3154 1004 3210 autem
1029 3145 1294 3208 “solvens
1343 3144 1491 3208 abiit
1541 3144 1970 3226 Nicomediam,
2013 3155 2130 3219 etC.

2142 1899 2270 1966 λαός
2306 1921 2320 1938 ⁸
2396 1890 2570 1982 Ἀγιον
2615 1890 2827 1979 Πνεῦμα
2877 1903 2930 1958 ἐν
2994 1910 3069 1978 τῷ
3124 1904 3330 1979 σώματί
3380 1890 3478 1960 ’σου
3510 1920 3529 1941 ⁸
3585 1900 3794 1967 ἀληθῶς

2145 1991 2293 2070 ἁγίου
2358 1995 2446 2049 καὶ
2501 1993 2698 2072 ἀγαιθοῦ
2756 2000 2886 2051 Θεοῦ
2927 1990 3220 2055 ἀπόστολος
3277 1993 3331 2048 εἶ
3367 2011 3382 2026 ο
3438 1991 3667 2071 τάχυνον
3723 1991 3796 2052 εἰς

2142 2081 2203 2135 τὸ
2248 2084 2479 2148 σωθῆναι
2528 2084 2694 2156 ἡμᾶς,
2725 2123 2732 2129 -
2759 2073 2814 2139 Ὀ
2874 2079 2928 2136 δὲ
2972 2083 3208 2151 συνήθως
3267 2079 3612 2154 ἐπευξάμενος
3668 2099 3794 2158 χει-

2145 2173 2368 2248 ροθετῶν
2406 2171 2660 2231 ἀπέλυσεν
2705 2171 2889 2234 αύτούς
2924 2190 2942 2208 ⁶
3017 2171 3193 2235 Οὕτως
3258 2173 3286 2227 6
3330 2169 3573 2250 Ἀνδρέας
3630 2173 3795 2226 ποιῶν

2142 2259 2231 2314 καὶ
2287 2257 2539 2317 διδάσκων
2588 2259 2779 2316 διετίαν
2838 2259 2968 2327 ὅλην
3012 2261 3100 2317 καὶ
3155 2263 3451 2336 νομοθετῶν
3509 2261 3597 2315 καὶ
3637 2259 3796 2333 ἰώμε-

2145 2369 2230 2411 νος
2297 2350 2417 2411 τοὺς
2485 2349 2785 2428 ἀνθρώπους
2853 2347 3133 2404 κατέλυσεν
3207 2346 3472 2428 είδωλεῖα,
3543 2348 3630 2404 καὶ
3697 2346 3798 2414 τὴν

2145 2437 2456 2515 συναγωγὴν
2526 2437 2770 2504 ἐποίησεν
2843 2437 3149 2504 ἐκκλησίαν,
3221 2436 3427 2517 ἱδρύσας
3501 2436 3662 2502 αὐτὴν
3725 2436 3800 2498 εἷς

2146 2527 2511 2603 θυσιαστήριον
2562 2527 2649 2582 καὶ
2692 2526 2957 2601 ὀνομάσας
3019 2531 3126 2593 Τῆς
3183 2526 3440 2582 Θεοτόκου
3476 2541 3489 2555 ’
3552 2521 3801 2580 ἐϐάπτισέ

2147 2634 2204 2668 τε
2261 2613 2386 2672 λαὸν
2456 2613 2643 2694 πολὺν,
2715 2615 2803 2670 καὶ
2858 2614 3229 2694 ἐχειροτόνησε
3283 2611 3658 2694 πρεσϐυτέρους
3715 2612 3803 2667 καὶ

2148 2699 2415 2767 διακόνους
2480 2704 2567 2758 καὶ
2624 2703 2936 2781 Δρακόντιον
3006 2703 3312 2762 ἐπίσκοπον.
3376 2702 3690 2783 Δρακόντιος
3747 2698 3802 2756 δὲ

2150 2788 2330 2860 ἔπειτα
2387 2791 2712 2870 ἐμαρτύρησε
2766 2792 2901 2847 κατά
2967 2793 3066 2859 τὴν
3123 2789 3420 2859 δωδεκάτην
3463 2797 3554 2847 τοῦ
3623 2791 3801 2845 Μαΐου

2150 2881 2343 2955 μηνός.
2417 2880 2494 2936 Δι’
2586 2883 2632 2936 οἱ
2701 2878 2940 2960 κληρικοὶ
3021 2885 3122 2948 τῆς
3207 2880 3458 2960 Μεγάλης
3513 2876 3799 2945 ἐκκλησίας

2147 2969 2311 3025 ταῦτά
2354 2992 2444 3045 μοι
2504 2966 2805 3048 διηγοῦντο,
2863 2967 3000 3026 ἀλλὰ
3051 2970 3139 3027 καὶ
3193 2967 3364 3026 πολλά
3418 2968 3657 3044 θαύματα
3710 2972 3802 3024 τοῦ

2151 3054 2410 3138 Ἀνδρέου.

2231 3145 2364 3204 Ἀπὸ
2433 3145 2488 3204 δὲ
2571 3145 2790 3212 Νικαίας
2860 3146 3064 3227 ἀπάρας
3133 3145 3366 3215 ἀπῆλθεν
3427 3146 3498 3211 εἰς
3557 3145 3805 3222 Νικομή-

374 3220 638 3298 Ἲτοῑιιθε
669 3234 1051 3298 obviaverunt
1075 3234 1152 3298 ei.
1187 3234 1330 3298 Cum
1373 3235 1574 3316 paucis
1606 3236 1817 3300 diebus
1847 3220 2072 3301 con'ﬁra

2156 3235 2315 3312 δειαν,
2375 3237 2464 3294 καὶ
2513 3238 2561 3293 οἱ
2616 3234 2828 3318 ἀδελφοὶ
2881 3220 3292 3317 προϋπήντησαν
3349 3240 3512 3312 αὐτῷ.
3571 3220 3806 3314 Ὀλίγαις

432 3331 650 3387 masset
673 3342 796 3399 eos,
823 3342 1061 3404 aequora
1086 3323 1414 3404 corripiens
1445 3324 1587 3386 abiit
1610 3324 2071 3390 Chalcedonem.

429 3414 508 3477 Et
536 3431 671 3475 cum
703 3413 974 3476 Callistus
1008 3412 1249 3493 quidam
1270 3431 1305 3474 a
1324 3412 1593 3477 daemone
1616 3434 1802 3478 caesus
1831 3423 1988 3480 esset
2017 3424 2076 3479 et

431 3501 809 3578 decessisset,
841 3501 1112 3563 Andreas
1140 3501 1307 3564 illum
1353 3521 1461 3583 per
1512 3523 1718 3584 preces
1747 3505 2074 3580 suscitavit,

432 3597 491 3654 et
513 3599 670 3653 artes
688 3591 974 3672 principis
999 3590 1428 3653 daemoniorum
1451 3592 1696 3656 infamia
1737 3596 1979 3660 notavit.
2013 3595 2080 3658 In

430 3680 561 3761 ipsa
587 3687 785 3743 autem
815 3680 1047 3742 civitate
1078 3680 1366 3762 Bithyniae
1413 3701 1810 3766 commorans,
1862 3684 2083 3765 Tychi-

377 3835 406 3844 κ
433 3788 566 3831 cum
591 3769 897 3831 constituit
920 3770 1287 3851 episcopum.
1313 3769 1384 3831 Et
1405 3789 1612 3832 rursus
1637 3773 1892 3851 solvens,
1926 3775 2087 3835 Pon-

435 3858 618 3920 ticum
649 3877 813 3920 mare
844 3857 1080 3937 navigio
1114 3876 1382 3937 currens,
1418 3859 1764 3923 Heracleam
1795 3863 1979 3924 venit.
2015 3862 2088 3930 Et

435 3945 521 4008 ibi
554 3965 689 4033 cum
723 3945 1023 4010 docuisset
1065 3947 1379 4030 quosdem,
1441 3947 1584 4010 abiit
1612 3952 1926 4013 Cromnam
1954 3969 2087 4032 quae

353 4036 360 4040 ”
435 4054 596 4098 nunc
626 4037 902 4098 Amastra
941 4043 1209 4100 vocatur.
1268 4039 1339 4098 Et
1389 4037 1736 4117 ingrediens
1763 4042 2082 4114 civitatem,

435 4124 658 4188 invenit
678 4125 1002 4207 discipulos
1023 4144 1264 4206 paucos,
1292 4131 1351 4187 et
1372 4127 1590 4190 mansit
1627 4129 1782 4210 apud
1825 4148 1949 4192 eos.
1985 4127 2085 4190 Ci-

437 4213 584 4275 vitas
612 4221 811 4276 autem
843 4215 1104 4278 solorum
1161 4214 1501 4278 Judaeorum
1561 4216 1738 4298 plena
1784 4225 1929 4280 erat.
1963 4217 2082 4280 Au-

355 4302 359 4305 ’
442 4301 675 4363 dientes
702 4309 902 4364 autem
951 4302 1090 4383 quia
1131 4301 1407 4366 Andreas
1437 4305 1618 4380 venit,
1655 4306 1755 4386 qui
1787 4323 2086 4368 carcerem

442 4389 638 4464 solvit,
664 4396 722 4450 et
741 4389 968 4452 vinctos
989 4390 1254 4467 adduxit,
1286 4394 1624 4472 congregati
1644 4402 1802 4471 sunt,
1831 4405 1891 4457 et
1921 4401 2084 4458 stan-

443 4486 534 4539 tes
564 4477 807 4540 domum
832 4486 998 4542 erant
1025 4481 1350 4543 incensnri.
1383 4483 1686 4545 Andream
1718 4492 1913 4546 autem
1938 4483 2089 4545 acci-

2155 3326 2210 3388 δὲ
2277 3324 2500 3406 ἡμέραις
2569 3323 2903 3405 ἐπιστηρίξας
2960 3325 3145 3390 αὐτοὺς
3201 3324 3520 3406 παραπλέων
3577 3323 3811 3392 ἀπῆλθεν

2157 3417 2231 3479 εἷς
2289 3412 2634 3496 Καλχηδόνα.
2707 3417 2807 3474 Καὶ
2879 3413 3170 3476 Καλλίστου
3221 3417 3361 3478 τινὸς
3412 3416 3514 3471 ὑπὸ
3565 3411 3810 3490 δαίμονος

2159 3503 2456 3582 πληγέντος
2521 3505 2610 3560 καὶ
2668 3504 3042 3578 ἀποθανόντος,
3103 3507 3131 3561 6
3201 3501 3442 3585 Ἀνδρέας
3495 3509 3676 3560 τοῦτον
3741 3499 3810 3558 δι’

2165 3593 2336 3673 εὒχῆς
2383 3592 2690 3666 ἀνέστησεν,
2737 3594 2826 3650 καὶ
2880 3594 2974 3657 τὰς
3017 3592 3215 3675 τέχνας
3251 3599 3343 3649 τοῦ
3400 3589 3658 3672 ἄρχοντος
3704 3597 3810 3648 τῶν

2165 3681 2426 3758 δαιμόνων
2513 3681 2896 3750 ἐστηλίτευσεν.
2984 3685 3073 3747 Εἷς
3157 3681 3210 3739 δὲ
3288 3683 3388 3750 τὴν
3441 3681 3604 3745 αὐτὴν
3654 3679 3809 3736 πόλιν

2166 3777 2266 3839 τῆς
2344 3771 2579 3836 Βιθυνίας
2663 3769 2936 3851 διατρίψας
3029 3771 3322 3839 κατέστησε
3418 3771 3507 3827 τὸν
3577 3768 3809 3848 Τυχικὸν

2170 3861 2479 3921 ἐπίσκοπον.
2527 3862 2627 3919 Καὶ
2679 3860 2858 3941 πάλιν,
2907 3861 3110 3941 ἀπάρας
3165 3859 3341 3918 πλέων
3397 3859 3494 3927 τὴν
3550 3857 3813 3925 Ποντικὴν

2169 3948 2431 4007 θάλασσαν
2489 3947 2647 4018 ἦλθεν
2703 3951 2775 4014 εἷς
2850 3940 3183 4030 Ἡράκλειαν,
3263 3949 3433 4006 Κάκεῖ
3504 3968 3650 4010 τινας
3701 3967 3812 4022 μα-

2165 4040 2419 4118 θητεύσας
2477 4038 2700 4107 ἀνῆλθεν
2757 4042 2832 4103 εἰς
2888 4045 3168 4118 Κρῶμναν,
3229 4045 3318 4096 νῦν
3373 4035 3428 4093 δὲ
3484 4035 3816 4113 καλουμένην

2168 4113 2492 4208 Ἄμαστριν.
2550 4129 2649 4186 Καὶ
2697 4113 2944 4186 εἰσελθὼν
3005 4113 3078 4194 εἷς
3146 4113 3246 4198 τὴν
3302 4126 3459 4186 πόλιν
3519 4130 3658 4208 εὗρεΔ
3702 4147 3814 4202 μα-

2166 4219 2330 4285 θητὰς
2377 4205 2608 4296 ηόλίγους
2644 4239 2656 4252 ·
2742 4221 2830 4275 καὶ
2912 4217 3086 4295 ἔμεινε
3163 4215 3288 4298 παρ’
3362 4205 3587 4280 αὐτοῖς..
3645 4205 3706 4272 Ἦ
3763 4212 3819 4269 δὲ

2167 4307 2322 4370 πόλις
2394 4305 2605 4385 πλήρης
2665 4305 2927 4365 Ἰουδαίων
2972 4309 3171 4384 μόνων,
3233 4305 3577 4369 Ἀκούσαντες
3621 4301 3696 4384 δὲ,
3737 4302 3819 4360 ὅτι

2174 4392 2416 4475 Ἀνδρέας
2464 4394 2804 4476 παρεγένετο,
2859 4399 2887 4452 6
2943 4395 3148 4461 ἀνοίξας
3203 4397 3264 4451 τὸ
3320 4392 3678 4471 δεσμωτήριον
3732 4391 3821 4447 καὶ

2175 4481 2443 4563 ἐξαγαγὼν
2504 4484 2628 4548 τοὺς
2697 4483 2990 4561 δεσμώτας,
3065 4481 3500 4562 ἐπισυναχθέντες
3552 4480 3640 4536 καὶ
3694 4479 3820 4535 ἐπι-

447 4566 699 4647 pientes,
734 4575 1161 4648 percusserunt
1186 4569 1483 4650 lapidibus
1506 4572 1832 4635 trahentes.
1849 4571 2069 4634 etvelut

2173 4572 2387 4636 στάντες
2443 4570 2663 4648 ἕμελλον
2723 4575 2811 4630 καὶ
2863 4574 2962 4640 τῆν
3015 4573 3180 4630 οἰκίαν
3229 4571 3523 4650 ἐμπρῆσαι.
3594 4570 3693 4626 Τὸν
3764 4565 3820 4623 δὲ

447 4672 624 4716 canes
656 4673 896 4718 carnem
928 4657 1058 4737 ejus
1089 4658 1457 4722 mordentes.
1489 4659 1654 4722 Unus
1681 4669 1878 4723 autem
1907 4680 1977 4724 ex
2006 4660 2072 4722 ei:

2173 4657 2420 4740 Ἀνδρέαν
2487 4659 2860 4738 ἐπιλαϐόμενοι
2936 4659 3154 4718 ἔτυπτον
3233 4659 3367 4736 μετὰ
3417 4655 3572 4714 λίθων
3629 4656 3822 4736 σύρον-

450 4743 775 4806 momordit
807 4753 865 4807 et
912 4747 1235 4827 amputavit
1290 4747 1537 4828 digitum
1595 4751 1858 4813 dexterae
1886 4770 2072 4813 manu:

2177 4770 2265 4813 τες
2291 4750 2378 4805 καὶ
2415 4751 2488 4813 ὡς
2543 4749 2628 4806 ἐπὶ
2683 4757 2851 4807 κυνῶν
2909 4746 3183 4812 δάκνοντες
3225 4748 3320 4809 τὰς
3390 4744 3584 4824 σάρκας
3639 4748 3821 4806 αὐτοῦ.

452 4833 600 4914 ejus.
634 4836 700 4895 Et
727 4851 918 4914 usque
947 4834 1125 4897 hodie
1173 4844 1416 4918 propter
1464 4839 1576 4900 hoc
1631 4840 2072 4921 anthropophag

2181 4843 2278 4902 Εἷς
2310 4835 2366 4894 δὲ
2408 4835 2458 4903 ἐξ
2500 4837 2668 4895 αὐτῶν
2729 4837 2909 4896 ἔδακεν
2963 4839 3051 4894 καὶ
3104 4835 3370 4910 ἀπέκοψεν
3425 4836 3517 4890 τὸν
3573 4831 3827 4893 δάκτυλον

448 4930 754 4986 vocantur.
782 4923 1114 4988 Trahentes
1153 4933 1348 4988 autem
1381 4945 1516 4990 eum
1548 4948 1653 5010 per
1683 4949 1920 4992 omnem
1951 4929 2072 4992 civil

2180 4932 2280 4994 τῆς
2328 4925 2496 4993 δεξιᾶς
2541 4929 2724 5007 χειρὸς
2781 4932 2962 4990 αὐτοῦ.
3011 4928 3110 4985 Καὶ
3151 4925 3254 4990 ἕως
3307 4929 3406 4991 τῆς
3465 4923 3695 5003 σήμερον
3742 4922 3828 4981 διὰ

453 5022 655 5096 tatem,
691 5021 1120 5096 percuttentes,
1156 5015 1509 5097 lapidantes,
1531 5019 1898 5095 mordentes,
1926 5019 2104 5082 semi-

2183 5022 2338 5074 τοῧτο
2409 5016 2811 5097 ἀνθρωποφάγοι
2892 5014 3198 5075 καλοῦνται.
3277 5013 3535 5094 Σύραντες
3603 5011 3658 5067 δὲ
3726 5017 3828 5072 αὒ-

456 5114 760 5168 mortuum
790 5105 1171 5185 projecerunt
1230 5113 1392 5169 extra
1444 5107 1759 5170 civitatem.
1796 5109 1870 5171 Et
1903 5108 2072 5171 statin

2182 5109 2272 5162 τὸν
2327 5103 2442 5163 καθ’
2503 5103 2634 5172 ὅλης
2690 5111 2788 5174 τῆς
2850 5105 3082 5183 πόλεως,
3141 5104 3450 5180 τύπτοντες,
3505 5100 3827 5178 λιθάζοντες,

455 5194 727 5276 apparuit
755 5193 812 5259 ei
841 5194 1128 5259 Dominus
1145 5194 1352 5260 dicens
1380 5217 1394 5262 :
1428 5195 1637 5278 Surge,
1673 5197 1966 5280 discipule
1994 5196 2099 5274 mi,

2184 5193 2483 5272 δάκνοντες,
2527 5192 2714 5255 λοιπὸν
2757 5197 2992 5272 ἧμιθαθῆ
3058 5193 3392 5275 τυγχάνοντα
3461 5189 3674 5270 testem.
3730 5189 3832 5258 ἔξω

1884 5369 2075 5436 Variae
2101 5368 2412 5436 lectiones.

545 5528 665 5612 (38)
693 5527 1118 5612 Ἐπιφοσζρύσης
1147 5527 1284 5597 Vat.

545 5608 669 5691 (39)
703 5608 895 5676 Αὒτοτς
924 5608 1057 5674 Vat.

2277 5529 2392 5609 (40)
2427 5529 2668 5595 Correxi
2695 5527 2834 5596 lect.
2865 5525 3003 5598 Vat.
3033 5533 3304 5594 ποθετσαι.
