4068 6112
277 277 382 338 241

277 416 372 477 τῆς
441 409 678 475 πόλεως.

275 497 439 577 λέγων
472 517 490 535 ⁸
521 496 778 580 Ἀνάστα,
812 501 1024 576 μαθητά
1048 523 1173 578 μου,
1233 501 1323 557 καὶ
1379 497 1585 557 εἴσελθε
1643 499 1776 577 πρὸς
1819 500 1919 554 αὒ-

275 589 416 662 τοὺς,
447 589 535 644 καὶ
593 588 672 664 μὴ
717 588 953 670 φοϐηθῇς
1009 591 1193 654 αὐτούς
1230 605 1244 624 ⁶
1303 589 1412 667 ἐγὼ
1466 589 1565 668 γάρ
1622 589 1728 664 εἰμι
1788 587 1921 663 μετὰ

273 685 386 736 σοῦ.
451 678 550 735 Καὶ
602 679 696 734 τὸν
746 677 994 736 δάκτυλον
1052 676 1480 745 ἀποκατέστησεν
1536 678 1699 750 αὐτῷ.
1749 673 1920 733 Ἀνα-

275 765 403 829 στας
475 765 562 822 οὖν
617 768 646 824 6
700 764 942 847 Ἀνδρέας
999 767 1235 836 εἰσῆλθεν
1297 769 1371 831 εὶς
1426 769 1525 833 τὴν
1581 764 1755 825 πόλιν.
1821 764 1920 822 Καὶ

271 850 470 917 ἰδοντες
499 854 598 922 τὴν
653 856 926 932 ὑπομονὴν
980 855 1136 916 αὐτοῦ
1191 857 1278 912 καὶ
1331 857 1394 911 τὸ
1437 860 1603 934 πρᾶον
1659 855 1746 911 καὶ
1800 858 1915 916 πῶς

271 939 558 1019 παρεκάλει
607 942 816 1024 αὖτοὺς,
877 944 1244 1022 κατενύγησαν(
1293 943 1378 999 καὶ
1430 941 1651 1021 ἤρξαντο
1706 940 1915 998 ἀκούειν

272 1030 452 1092 αότοῦ.
513 1033 612 1089 Καὶ
667 1032 982 1098 ἀκούσαντες
1033 1040 1131 1101 τῆς
1203 1030 1535 1096 διδασκαλίας
1611 1029 1913 1108 ἐξεπλάγη-

269 1141 388 1181 σαν.
457 1110 747 1200 Ἠρμήνευε
791 1122 890 1204 γὰρ
945 1125 1038 1188 τὰς
1102 1123 1334 1203 Γραφὲις,
1393 1123 1478 1178 καὶ
1533 1118 1768 1187 ἐδέξαντο
1823 1120 1914 1174 τὸν

227 1265 238 1274 ,
269 1207 433 1287 λόγον
493 1216 584 1267 τοῦ
644 1219 890 1289 Χριστοῦ,
944 1213 1101 1270 ἕωθεν
1158 1211 1620 1291 ἐπισωρευόμενοι,
1672 1209 1914 1290 φέροντες

268 1297 537 1380 ἀσθενεῖς,
571 1307 659 1364 οὓς
715 1303 744 1358 6
789 1300 1032 1382 Ἀνδρέας
1089 1307 1158 1378 τῇ
1213 1299 1486 1369 ἐπικλήσει
1542 1305 1636 1356 τοῦ
1690 1307 1916 1376 Χριστου

265 1387 405 1448 ἶᾶτο.
471 1389 776 1466 Εὑρεθέντος
848 1389 903 1447 δὲ
963 1389 1346 1472 πεφονευμένου
1417 1388 1688 1466 ἀνθρώπου
1757 1385 1916 1461 μέσον

263 1481 369 1542 τῆς
431 1476 669 1560 πόλεως,
726 1482 814 1537 καὶ
870 1479 1190 1557 ζητουμένου
1245 1487 1338 1536 τοῦ
1391 1477 1616 1556 φονέως,
1666 1480 1765 1542 τῆς
1821 1498 1914 1552 γυ-

262 1566 455 1629 ναικὸς
485 1565 641 1626 αὗτοῦ
695 1566 1014 1648 ὀδυρομένης
1070 1571 1157 1626 καὶ
1209 1576 1303 1627 τοῦ
1356 1565 1486 1626 λαοῦ
1534 1563 1914 1646 περιῤῥέοντος,

1623 276 1811 342 VITA
1837 275 1900 340 Β.
1927 275 2282 342 ΑΝΒΗΕιΕ.

770 413 870 470 Καὶ
941 411 1126 477 εὐθέως
1205 413 1373 492 ἐφάνη
1444 411 1587 486 αὐτῷ
1641 412 1670 466 6
1728 411 1912 488 Κύριος

1999 415 2058 469 et
2081 407 2396 487 ingredere
2418 409 2491 471 ad
2516 426 2643 492 eos,
2670 415 2729 471 et
2747 425 2824 470 ne
2849 408 3117 471 timueris
3159 427 3262 471 eos
3290 428 3306 488 ;
3345 428 3453 490 ego
3477 411 3638 473 enim

3525 277 3644 343 242

2004 504 2198 558 tecum
2223 516 2379 562 sum.
2399 497 2468 558 Et
2489 497 2738 576 digitum
2757 498 3018 559 restituit
3058 498 3136 562 ei.
3178 499 3442 576 Surgens
3463 499 3642 578 igitur

2002 585 2274 648 Andreas
2305 586 2608 665 ingressus
2639 593 2726 650 est
2757 586 3074 651 civitatem.
3129 588 3204 650 Et
3232 587 3502 650 videntes
3533 608 3640 669 pa-

2005 675 2269 737 tientiam
2304 676 2429 755 ejus
2461 684 2518 737 et
2546 675 3088 754 mansuetudinem,
3121 684 3178 738 et
3209 676 3506 758 quomodo
3535 696 3642 739 vo-

2002 766 2170 827 cabat
2201 783 2326 840 eos,
2358 767 2698 847 compuncti
2746 772 2902 843 sunt,
2957 773 3016 829 et
3070 774 3380 846 coeperunt
3436 765 3645 829 audire

2001 874 2160 917 eum.
2188 859 2261 918 Et
2277 854 2585 918 audientes
2606 855 2936 917 doctrinam
2955 855 3237 917 commoti
3257 862 3415 918 sunt.
3447 854 3644 918 Inter-

1999 945 2336 1025 pretabatur
2358 945 2517 1007 enim
2541 944 2872 1026 Scripturas
2896 962 2912 1019 ;
2947 952 3004 1007 et
3020 952 3379 1024 acceperunt
3397 944 3642 1007 verbum

1996 1033 2237 1108 Christi,
2275 1032 2347 1094 ab
2379 1052 2592 1095 aurora
2647 1034 2995 1108 coacervati,
3030 1041 3332 1114 povtantes
3361 1033 3634 1096 inﬁrmos

2000 1138 2147 1202 quos
2168 1121 2437 1184 Andreas
2457 1122 2830 1184 invocatione
2855 1122 3072 1185 Christi
3119 1122 3363 1184 sanavit.
3395 1124 3642 1186 Invento

1997 1220 2192 1273 autem
2249 1212 2557 1274 interfecto
2613 1213 2856 1274 homine
2904 1213 2966 1272 in
3026 1209 3223 1273 medio
3271 1211 3553 1288 civitatis,
3587 1219 3645 1274 et

1997 1300 2241 1380 quaesito
2270 1301 2653 1362 interfectore
2683 1301 2835 1380 ejus,
2898 1307 2955 1362 et
2998 1319 3182 1362 uxore
3212 1298 3372 1361 illius
3402 1300 3637 1362 lamen-

1999 1395 2157 1450 tante
2184 1396 2240 1450 et
2267 1389 2483 1470 populo
2526 1389 2908 1461 circumfuso,
2953 1389 3116 1450 venit
3166 1389 3481 1450 advocatus
3509 1389 3638 1451 An-

1999 1474 2197 1557 dreas,
2223 1485 2281 1538 et
2301 1496 2434 1539 cum
2457 1485 2701 1554 orasset,
2722 1477 3092 1539 invocatione
3111 1477 3328 1540 Christi
3343 1485 3639 1539 mortuum

1999 1564 2290 1639 excitavit,
2323 1571 2380 1626 et
2410 1567 2580 1628 multi
2611 1566 2992 1628 crediderunt
3042 1565 3104 1627 in
3161 1565 3506 1629 Dominum.
3541 1567 3641 1629 Sic

261 1653 622 1731 παρακληθεὶς
692 1659 721 1713 6
783 1656 1025 1736 Ἀνδρέας
1078 1656 1417 1737 παρεγένετο,
1476 1655 1563 1712 καὶ
1623 1651 1912 1733 προσευξά-

1998 1671 2192 1714 sermo
2238 1654 2347 1715 Dei
2401 1654 2707 1716 crescebat
2755 1663 2812 1716 et
2841 1653 3274 1732 divulgabatur.
3333 1652 3639 1717 Ordinavit

265 1764 455 1817 μενος,
489 1749 556 1820 τῇ
584 1744 858 1817 ἐπικλήσει
906 1757 1001 1806 τοῦ
1055 1751 1280 1825 Χριστοῦ
1331 1744 1512 1823 ἤγειρε
1564 1745 1655 1800 τὸν
1685 1741 1864 1821 νεκρόν
1896 1757 1910 1772 ·

1998 1748 2192 1802 autem
2223 1761 2290 1804 ex
2327 1741 2412 1804 eis
2444 1743 2817 1824 presbyteros
2866 1751 2924 1805 et
2978 1743 3261 1805 diaconos
3293 1749 3350 1806 et
3378 1743 3465 1804 sic
3495 1742 3641 1805 abiit

262 1831 359 1888 καὶ
411 1831 601 1890 πολλοὶ
654 1835 961 1892 ἐπίστευσαν
1034 1834 1119 1892 ἐπὶ
1187 1836 1278 1890 τὸν
1363 1835 1571 1912 Κύριον.
1654 1831 1833 1894 Οὕτως
1887 1833 1912 1888 6

1998 1829 2320 1894 Zalichum.
2374 1831 2445 1893 Et
2473 1832 2782 1894 audientes
2836 1831 3108 1894 Amiseni
3154 1831 3537 1894 obviaverunt
3585 1832 3642 1895 ei

263 1918 430 1998 λόγος
482 1929 573 1979 τοῦ
626 1925 814 2004 Κύριου
867 1922 1067 1995 ηὐξήθη
1153 1925 1241 1980 καὶ
1295 1919 1610 1989 ἒπλατύνθηο
1674 1919 1912 1999 Ἐχειρο-

1998 1918 2341 2002 gaudentes,
2377 1928 2436 1983 et
2463 1920 2897 2000 adgratulantes
2939 1920 3314 1986 adduxerunt
3340 1920 3402 1982 in
3432 1921 3640 2003 hospi-

261 2007 462 2074 τόνησε
518 2007 574 2066 δὲ
643 2009 694 2077 ἐξ
773 2011 944 2068 αὐτῶν
1024 2009 1397 2091 πρεσϐύτέρους
1480 2011 1568 2066 καὶ
1620 2007 1912 2081 διακόνους,
2002 2005 2170 2071 lium.

258 2099 352 2152 καὶ
380 2097 549 2161 οὕτως
579 2097 790 2166 ἐξῆλθεν
818 2102 890 2164 εἷς
920 2101 1009 2158 τὸν
1040 2099 1270 2180 Ζάλιχον
1301 2096 1454 2180 (41).
1485 2099 1584 2156 Καὶ
1613 2097 1936 2174 ἀμούσαντες
1994 2097 2040 2152 οἱ
2097 2093 2378 2174 Ἀμισηνοὶ
2419 2101 2829 2180 προϋπήντησαν
2858 2101 3000 2175 αὒτῴ
3029 2100 3329 2181 χαίροντες,
3353 2100 3442 2158 καὶ
3469 2100 3638 2182 εὒφη..

256 2192 485 2260 μοῦντες
511 2187 713 2267 ἤγαγον
743 2190 816 2252 εἷς
846 2190 943 2257 την
974 2187 1162 2256 ξενίαν.

261 2274 402 2331 Ἀπὸ
474 2274 529 2331 δὲ
589 2277 811 2360 Ἀμισῴ
869 2277 987 2359 (42)
1046 2279 1494 2360 προπεμπόμενος
1547 2274 1782 2344 ἀπῆλθεν
1838 2275 1910 2338 εἰς

2072 2274 2161 2337 Ab
2191 2276 2393 2340 Amiso
2452 2284 2649 2342 autem
2709 2295 2844 2340 cum
2901 2279 3131 2341 honore
3159 2276 3448 2339 deductus
3479 2277 3641 2340 venit

260 2349 668 2442 Τραπεζοῦνταί
746 2349 1035 2445 ’Ἄνθρωποι
1089 2349 1160 2424 ’δὲ
1420 2366 1636 2433 ἀνόητοι
1672 2379 1686 2395 ⁶
1771 2361 1912 2433 πλήν

1998 2362 2451 2445 Trapezuntem.
2485 2367 2615 2431 Viri
2644 2373 2841 2429 autem
2895 2367 2994 2429 hic
3052 2365 3214 2428 stulti
3269 2373 3486 2445 erant;
3543 2366 3640 2428 vix

258 2473 402 2515 τινες
463 2452 699 2519 ἐδέξαντο
754 2457 845 2512 τὸν
903 2455 1087 2535 λόγον.
1162 2457 1262 2514 Καὶ
1319 2455 1477 2524 ἦλθεν
1535 2456 1607 2518 εἷς
1679 2463 1910 2511 Νεοκαι-

1998 2454 2236 2533 quidam
2252 2455 2884 2538 acceperuntverbum.
2901 2456 2972 2518 Et
2993 2455 3632 2518 venitNeocaesaream.

255 2541 499 2619 σᾶρειαν.
559 2545 658 2601 Καὶ
730 2543 1074 2624 κηρύξαντος¹
1129 2544 1310 2609 αὐτοῖς
1389 2545 1478 2602 τὸν
1562 2542 1720 2620 λόγον
1773 2541 1911 2604 τινὲς

1998 2545 2071 2606 Ει
2096 2562 2231 2604 cum
2265 2545 2644 2624 praedicasset
2674 2545 2760 2606 eis
2781 2545 3047 2621 verbum,
3083 2543 3255 2624 pauci
3278 2543 3518 2624 quidam
3547 2563 3638 2607 re-

260 2627 434 2725 ὀλίγοι
509 2629 767 2697 ἐδέξαντο,
791 2720 804 2725 Α
849 2631 1082 2691 Ἐκεῖθεν
1140 2632 1394 2725 ἀνῆλθενῃ
1415 2635 1488 2696 εἷς
1559 2631 1907 2725 ’λ-μωδσάτον,

1998 2644 2304 2725 ceperunt.
2330 2634 2474 2725 Inde
2500 2633 2645 2725 abiit
2663 2635 3017 2725 Amusatum
3037 2633 3409 2725 civitatemlin
3441 2633 3638 2725 littore

263 2718 422 2802 ¹πόλιν
451 2725 551 2787 τῆς
581 2720 1008 2800 παραθαλασσίας
1040 2722 1305 2801 μεγάλην.
1369 2715 1544 2785 ’ἾΟντες
1589 2719 1643 2776 δὲ
1678 2715 1744 2776 Ἑν
1774 2719 1908 2796 αὐτῇ

1998 2723 2176 2783 maris
2195 2723 2500 2802 grandem.
2528 2722 2759 2786 Stantes
2785 2730 2980 2786 autem
3003 2722 3064 2783 in
3088 2739 3157 2786 eo
3185 2721 3373 2786 Graeci
3398 2722 3565 2784 multi
3579 2730 3636 2785 et

268 2790 521 2894 Ἐλληνες
578 2790 768 2868 πολλοὶ
823 2813 910 2868 καὶ
967 2790 1241 2894 φιλόσδιροι
1297 2810 1576 2890 ἀντέλεγον
1648 2816 1724 2884 τῷ
1793 2790 1912 2866 Ἀν-

1998 2790 2331 2893 ριιὶιοεδριιὶ
2361 2813 2847 2875 contradixerunt
2873 2811 3150 2875 Andreae.
3185 2810 3298 2884 Qui
3327 2810 3472 2872 dixit
3503 2811 3625 2875 eis:

263 2893 407 2974 δρέᾳ,
477 2889 534 2956 Ὀ
587 2895 641 2953 δὲ
725 2897 904 2978 ’έλεγεν
981 2889 1212 2965 αὐτοῖς·
1303 2899 1458 2957 Αὐτοὶ
1500 2889 1680 2975 ίὺμεῖς
1750 2918 1912 2954 κατα-

1998 2889 2110 2962 Vos
2141 2889 2254 2982 ipsi
2278 2901 2650 2964 considerate
2669 2900 3122 2964 inconstantiam
3147 2900 3396 2962 deorum
3415 2907 3638 2961 vestro-

266 2987 495 3055 νοήσατε
582 2987 642 3042 τὸ
720 2988 1006 3046 ἀσύστατον
1087 2994 1194 3046 τῶν
1276 2991 1405 3056 θεῶν
1461 2989 1605 3063 ὑμῶν
1616 3031 1631 3062 ,
1688 2985 1768 3042 ὅτι
1839 2987 1911 3049 εἰς

1998 3008 2151 3070 rum,
2176 2991 2310 3071 quia
2337 2991 2492 3053 inter
2504 3009 2568 3054 se
2585 2991 2920 3061 decertant;
2939 2990 3097 3070 quod
3117 2996 3313 3051 autem
3338 2995 3636 3070 pugnetur

261 3037 530 3144 agna.
595 3037 1072 3158 '.;..,;;t.;:"5~.
1100 3037 1204 3133 me:
1281 3037 1575 3156 ῌξέάμὲῖξ
1591 3037 1908 3151 "anns;

1998 3037 2124 3051 μμ..
2220 3037 2310 3052 .....
2504 3037 2920 3061 υνυυνν.
2983 3037 3097 3053 ..νυ
3117 3037 3313 3051 μων...
3382 3037 3413 3050 ..
3461 3037 3625 3050 ........

1998 3041 2151 3140 inter,
2170 3037 2293 3154 ξοδ,
2327 3079 2548 3142 invidia
2574 3079 2713 3142 facit
2751 3101 2766 3157 ;
2822 3037 2983 3141 Ded;
3014 3084 3212 3140 autem
3241 3037 3630 3140 boriusoexsi-

465 3185 482 3200 ·
540 3168 570 3222 6
617 3163 672 3222 δὲ
729 3169 812 3229 εἷς
871 3167 1000 3230 Θεὸς
1055 3165 1251 3243 ἀγαθὸς
1305 3164 1377 3223 ὢν
1435 3164 1605 3243 ἀγαθὰ
1659 3163 1905 3243 παράγει.

1998 3176 2176 3242 stens,
2217 3168 2370 3230 bona
2398 3168 2604 3250 gignit.
2635 3168 2898 3248 Cogitate
2947 3166 3049 3248 qui
3081 3167 3375 3229 elementa
3406 3165 3636 3229 creavit

263 3255 672 3329 Κατανοησατε,
726 3255 804 3317 τίς
863 3257 890 3311 6
961 3267 1210 3334 στοιχεῖα
1281 3254 1509 3322 ποιήσας
1565 3253 1654 3309 καὶ
1712 3252 1910 3316 ἐνώσας

1998 3264 2053 3318 et
2082 3256 2292 3321 univit.
2323 3265 2380 3320 et
2413 3277 2483 3320 ex
2541 3259 2625 3319 eis
2659 3256 2966 3319 constituit
2997 3264 3266 3320 terrenas
3297 3259 3626 3318 creaturas.

260 3343 350 3396 καὶ
405 3342 462 3407 ἐξ
531 3343 702 3399 αὐτῶν
778 3344 1171 3419 συστησάμενος
1249 3343 1350 3410 τὴν
1435 3340 1664 3420 ἐπίγειον
1719 3341 1908 3399 κτίσιν.

1998 3348 2191 3408 Mente
2223 3353 2466 3408 tractate
2497 3365 2735 3408 cursum
2767 3343 3149 3407 luminarium
3181 3352 3238 3407 et
3265 3343 3552 3420 siderum,
3580 3351 3638 3406 et

263 3433 646 3502 Κατανοήσατε
699 3432 790 3488 τὸν
843 3430 1032 3511 δρόμον
1105 3436 1208 3487 τῶν
1293 3431 1586 3511 φωστήρων
1669 3429 1755 3485 καὶ
1808 3434 1912 3484 τῶν

1998 3435 2096 3515 qui
2118 3436 2405 3498 ordinavit
2425 3436 2510 3498 eis
2532 3435 2953 3498 incessabilem
2977 3442 3036 3496 et
3057 3433 3342 3514 aequalem
3367 3451 3632 3510 cursum,

261 3518 522 3598 ἀστέρων,
594 3522 681 3577 καὶ
732 3522 810 3584 τίς
867 3523 895 3577 6
950 3520 1107 3586 τάξας
1161 3523 1343 3582 αὐτοῖς
1399 3521 1492 3575 τὸν
1538 3515 1769 3584 ἄληκτον
1826 3526 1912 3580 καὶ

1998 3524 2134 3605 quia
2162 3525 2424 3587 inanima
2469 3534 2627 3599 sunt,
2681 3544 2793 3586 nec
2851 3543 2886 3587 a
2940 3523 3274 3603 semetipsis
3301 3523 3633 3604 volvuntur,

257 3609 382 3664 ἴσον
440 3607 660 3688 δρόμον,
730 3609 811 3664 ὅτι
869 3608 1056 3688 ἄψυχα
1111 3609 1208 3664 εἶσι
1267 3608 1354 3664 καὶ
1410 3610 1503 3666 οὐκ
1557 3605 1645 3696 ἆφξ
1710 3606 1912 3696 ,ἑαυτῶν

1998 3623 2055 3676 et
2077 3614 2214 3695 quia
2234 3634 2266 3676 a
2289 3615 2559 3695 plurimis
2578 3621 2884 3696 reguntur,
2904 3632 3016 3676 nec
3034 3613 3190 3674 inter
3215 3630 3280 3674 se
3309 3613 3631 3674 cohaerent.

260 3707 552 3771 κινοῦνται,
635 3699 722 3754 καὶ
791 3696 871 3753 ὅτι
958 3698 1018 3753 τὸ
1091 3695 1400 3776 πολύαρχον
1467 3696 1554 3751 καὶ
1623 3695 1910 3752 ἀσύστατον

1998 3702 2164 3766 Viam
2197 3702 2408 3764 bonam
2441 3703 2691 3783 carpatis
2723 3721 2829 3784 per
2861 3695 3054 3782 legem
3087 3699 3320 3782 Moysis,
3355 3701 3493 3781 quia
3523 3718 3629 3780 pa-

262 3781 612 3842 Ἐπιλάϐεσθε
665 3783 784 3845 ὁδοῦ
857 3785 1059 3862 ἀγαθῆς
1141 3789 1218 3858 τῷ
1302 3782 1448 3859 νόμῳ
1522 3781 1780 3862 Μωσέως,
1834 3781 1912 3838 ὅτι

1998 3809 2123 3852 cem
2158 3789 2380 3870 praebet
2409 3781 2741 3852 ambulanti
2784 3791 2846 3850 in
2905 3781 3018 3865 ea;
3079 3781 3304 3850 credite
3329 3787 3634 3868 prophetis

261 3875 481 3952 εἰρήνην
536 3873 762 3954 παρέχει
839 3879 917 3947 τῷ
997 3879 1298 3952 ποιχοῦντι
1331 3892 1347 3906 ⁸
1432 3871 1742 3928 πιστεύσατε
1791 3885 1909 3936 τοῖς

1998 3879 2127 3960 quia
2141 3879 2444 3940 veritatem
2463 3879 2696 3955 docent,
2721 3885 2779 3940 et
2799 3878 2999 3952 vitam,
3019 3885 3078 3940 et
3099 3894 3303 3956 pacem
3326 3883 3626 3938 aeternam.

262 3963 593 4043 προφήταις,
651 3961 732 4018 ὅτι
789 3961 1036 4032 ἀλήθειαν
1091 3959 1437 4033 διδάσκουσιν,
1498 3961 1587 4017 καὶ
1628 3960 1772 4031 ζωὴν
1823 3961 1911 4018 καὶ

1998 3959 2375 4031 Considerate
2406 3967 2543 4046 quia
2575 3966 2635 4027 in
2683 3967 2926 4028 nomine
2979 3965 3190 4029 Christi
3220 3964 3437 4026 mortui
3468 3963 3632 4026 exci-

260 4052 482 4129 εἰρήνην
536 4051 769 4110 αἰώνιον.
847 4058 1128 4129 Θεωρεῖτε,
1215 4049 1296 4106 ὅτι
1377 4055 1454 4124 τῷ
1532 4047 1748 4123 ὀνόματι
1817 4054 1908 4105 τοῦ

1998 4063 2208 4134 lantur,
2235 4062 2292 4116 et
2312 4055 2612 4116 dmmones
2634 4063 2691 4116 et
2712 4054 2948 4116 dolores
2969 4055 3030 4114 in
3061 4052 3253 4130 fugam
3301 4059 3628 4114 vertuntur.

261 4146 492 4217 Χριστοῦ
568 4139 742 4219 νεκροὶ
811 4137 1117 4216 ἐγείρονται,
1182 4136 1264 4195 δαὶ
1331 4135 1570 4212 δαίμονες
1623 4137 1712 4192 καὶ
1764 4137 1906 4205 πάθη

1998 4145 2133 4207 Cum
2167 4144 2478 4206 mansisset
2511 4147 2664 4206 intcr
2694 4163 2796 4206 eos
2827 4143 3045 4206 diebus
3079 4142 3298 4218 multis,
3333 4149 3391 4204 et
3420 4141 3633 4205 multos

261 4225 665 4307 ᾳυγαδεύονται.
719 4228 1003 4306 Διατρίψας
1057 4224 1113 4282 δὲ
1166 4226 1219 4283 ἐν
1277 4227 1461 4290 αὐτοῖς
1516 4223 1718 4305 ἡμέρας
1766 4224 1906 4282 πολ-

1998 4233 2308 4311 docuisset,
2340 4233 2689 4316 relinquens
2710 4252 2812 4297 eos
2841 4232 2987 4296 abiit
3013 4231 3504 4314 Hierosolymam.

262 4314 383 4416 λὲιςι
402 4317 494 4372 καὶ
547 4316 880 4391 μαθητεύσας
935 4313 1185 4396 πολλοὺς,
1237 4315 1383 4396 ἀφεὶς
1441 4314 1629 4379 αὐτοὺς
1685 4313 1906 4382 ἀνῆλθεν
1924 4360 1977 4425 D

289 4406 304 4425 τ
388 4414 404 4425 .
551 4404 588 4425 n

264 4406 337 4468 ei;
368 4395 726 4484 Ἰεροσόλυμα.

345 4497 446 4552 Καὶ
503 4495 640 4570 μετὰ
692 4495 788 4563 τὴν
868 4494 1228 4562 Πεντεκοστήν
1281 4491 1524 4573 Ἀνδρέας
1578 4493 1668 4550 καὶ
1723 4495 1904 4570 Σίμων

264 4584 294 4638 6
362 4585 657 4651 Χανανίτης
738 4584 827 4641 καὶ
894 4585 1123 4648 Ματθίας
1191 4583 1278 4640 καὶ
1363 4578 1619 4644 Θαδδαῖος
1693 4579 1904 4658 ἔμειναν

269 4670 382 4728 ἐκεῖ
433 4673 566 4751 πρὸς
641 4670 874 4752 Αὕγαρον
907 4689 923 4705 ⁸
982 4675 1030 4729 οἱ
1083 4670 1139 4727 δὲ
1190 4670 1364 4729 λοιποὶ
1422 4667 1755 4750 διερχόμενοι
1809 4671 1904 4737 τὰς

273 4758 450 4823 πόλεις
525 4758 853 4824 διδάσκοντες
921 4761 1010 4818 καὶ
1063 4763 1574 4838 θαυματοεδργοῦντες
1641 4757 1907 4826 κατῆλθον

269 4849 339 4911 εἷς
393 4845 620 4927 Ἰϐηρίαν
674 4851 763 4906 καὶ
827 4851 900 4913 εἷς
953 4851 1046 4905 τὸν
1109 4849 1299 4922 Φάσιν,
1373 4848 1460 4926 καῇ
1528 4843 1636 4903 κεθ’
1705 4847 1906 4928 ἡμέρας

265 4940 335 5001 εἷς
383 4939 695 4999 Σουσανίαν.
753 4941 813 4997 Οἱ
854 4936 909 4994 δὲ
962 4936 1140 5018 ἄνδρες
1195 4943 1287 4994 τοῦ
1335 4936 1508 5000 ἔθνους
1551 4936 1750 4994 ἐκείνου
1805 4937 1907 4993 ὑπὸ

271 5034 370 5083 τῶν
424 5034 684 5106 γυναικῶν
740 5026 1072 5107 ἐκρατοῦντο.
1137 5025 1396 5093 Εὐπειθὴς
1453 5022 1508 5080 δὲ
1549 5026 1584 5092 ἡ
1640 5025 1909 5104 γυναικεία

271 5118 439 5199 φύσις,
483 5119 572 5175 καὶ
623 5119 766 5198 ταχὺ
820 5117 1121 5187 ὑπήκουσαν
1181 5113 1330 5195 (43).
1407 5123 1594 5191 Εμεινε
1615 5111 1670 5170 δὲ
1700 5116 1728 5170 6
1753 5121 1905 5171 Ματ-

274 5205 376 5271 θίας
419 5207 510 5264 σὺν
569 5209 826 5283 μαθεταῖς
884 5206 958 5269 εἰς
1005 5205 1100 5270 τὰς
1153 5204 1336 5285 χώρας
1391 5203 1594 5267 ἐκείνας
1652 5199 1908 5260 διδάσκων

2066 4490 2136 4552 Et
2163 4499 2293 4573 post
2323 4492 2737 4568 Pentecosten,
2777 4491 3051 4562 Andreas
3109 4497 3165 4554 et
3197 4487 3402 4553 Simon
3431 4492 3626 4555 Cana-

1986 4580 2161 4654 nites,
2225 4587 2283 4640 et
2335 4582 2608 4643 Matthias
2659 4589 2716 4643 et
2770 4579 3103 4643 Thaddaeus
3162 4585 3515 4642 manserunt
3547 4578 3634 4640 ibi

1989 4669 2268 4749 (Edessae)
2303 4670 2455 4750 apud
2486 4669 2786 4748 Augarum
2815 4691 2831 4748 ;
2864 4669 3063 4732 caeteri
3093 4677 3508 4750 percurrentes
3541 4669 3630 4730 ci-

1988 4759 2192 4819 vitates
2223 4763 2280 4818 et
2311 4757 2579 4838 prodigia
2632 4757 2920 4821 facientes
2973 4763 3368 4839 pervenerunt
3398 4756 3460 4817 in
3488 4755 3629 4818 Ibe—

1987 4847 2136 4908 riam
2168 4853 2226 4906 et
2255 4845 2316 4906 in
2347 4847 2584 4924 Phasin,
2621 4855 2683 4909 et
2713 4854 2848 4928 post
2876 4846 3005 4910 dies
3041 4847 3104 4908 in
3134 4845 3469 4908 Susaniam.
3504 4843 3634 4908 Viri

1989 4944 2186 4999 autem
2218 4937 2406 5014 gentis
2436 4939 2617 5018 hujus
2643 4937 2992 5000 mulieribus
3027 4936 3461 5017 mancipantur.
3489 4933 3630 4996 Per-

1989 5044 2164 5087 suasu
2217 5024 2404 5086 facilis
2433 5034 2532 5089 est
2569 5027 2827 5089 feminea
2875 5034 3107 5103 natura,
3145 5032 3202 5088 et
3231 5024 3352 5085 cito
3382 5023 3629 5104 acquie-

1992 5120 2220 5174 vcrunt.
2257 5115 2468 5178 Mansit
2500 5122 2696 5178 autem
2726 5114 2996 5178 Matthias
3025 5132 3160 5176 cum
3193 5111 3500 5192 discipulis
3529 5111 3628 5174 in-

1990 5201 2333 5282 regionibus
2363 5205 2480 5268 illis
2527 5205 2771 5286 docens,
2831 5212 2891 5268 et
2944 5204 3113 5286 signa
3165 5201 3390 5267 faciens
3419 5201 3627 5266 multa.

1691 5413 1884 5484 Variae
1905 5417 2214 5486 lectiones.

345 5579 463 5662 (tt)
490 5580 608 5662 Ap.
645 5579 1030 5662 Ptolemaum
1061 5580 1137 5646 de
1164 5578 1282 5645 situ
1315 5575 1557 5646 Galatiae
1585 5577 1861 5646 Ζαλίσκος.

343 5659 464 5746 (42)
495 5659 752 5743 'Kptwo6
778 5659 914 5730 Vat.

2073 5578 2191 5661 (43)
2225 5569 2546 5654 ’Υπήκουσεν
2577 5583 2708 5645 Vat.
