4068 6112
409 312 529 378 243

1707 314 2110 380 ΕΡΙΡΗΑΝΙΙ
2137 305 2490 381 MONACHI

3676 312 3796 378 244

414 447 620 512 Simon
639 454 837 511 autem
860 457 921 512 et
947 447 1219 512 Andreas
1245 447 1520 512 abierunt
1541 450 1602 510 in
1652 447 1972 530 Salaniam,
2007 456 2063 510 et

2148 452 2232 507 καὶ
2285 455 2454 508 ποιῶν
2511 451 2751 527 θαύματα
2803 451 2996 514 πολλά,
3063 443 3120 510 ιΟ
3171 451 3228 508 δὲ
3285 452 3464 528 Σίμων
3531 453 3620 508 καὶ
3677 449 3795 508 ’Λν-

409 536 471 599 in
497 535 794 599 civitatem
826 532 1134 601 Phusta‘m.
1167 538 1248 601 Et
1293 537 1477 600 multa
1505 536 1770 618 prodigia
1801 557 1937 600 cum
1969 537 2063 600 fe-

411 625 654 703 cissent,
691 633 751 688 et
776 627 992 688 multos
1052 625 1414 698 docuissent,
1475 626 1750 688 abierunt
1779 626 1840 687 in
1871 625 2062 688 Abas—

413 715 595 794 giam.
655 714 728 776 Et
783 713 1191 793 ingredientes
1269 714 1700 796 Sebastopolim
1763 733 2061 794 magnam,

413 803 744 866 docuerunt
765 804 1011 866 verbum
1033 803 1162 866 Dei.
1187 803 1456 866 Andreas
1481 813 1703 884 autem,
1727 803 1934 865 relicto
1983 802 2067 864 ibi

416 890 684 971 Simone,
718 891 868 953 abiit
894 892 1022 973 ipse
1077 911 1210 953 cum
1267 891 1574 972 discipulis
1631 893 1691 953 in
1728 893 2063 956 Zecchiam.

413 982 650 1044 Zecchii
679 988 876 1044 autem
899 981 1080 1044 rudes
1098 980 1370 1042 homines
1393 988 1451 1044 et
1481 981 1736 1058 barbari,
1783 989 1840 1044 et
1872 999 2058 1062 usque

412 1088 572 1134 nunc
600 1069 896 1132 increduli
925 1069 1180 1132 dimidii.
1214 1070 1511 1132 Andream
1545 1078 1738 1132 autem
1767 1079 1934 1132 erant
1962 1071 2057 1131 in-

413 1158 744 1232 terfecturi,
769 1157 883 1220 nisi
906 1158 1526 1238 vidissentegestatem
1549 1159 1674 1238 ejus
1698 1167 1754 1220 et
1780 1177 2056 1220 mansue-

413 1247 682 1310 tudinem
707 1254 767 1311 et
786 1246 1070 1310 studium.
1087 1247 1380 1310 Caeterum
1405 1247 1756 1328 relinquens
1774 1266 1898 1323 eos,
1915 1248 2061 1310 adiit

413 1337 690 1418 Sagdaeos
717 1337 1082 1418 superiores.
1112 1337 1244 1398 Viri
1292 1346 1488 1399 autem
1520 1337 1745 1400 dociles
1774 1346 1831 1400 et
1860 1337 2056 1414 mites,

415 1435 476 1489 et
529 1444 663 1488 cum
722 1425 935 1504 gaudio
997 1433 1390 1505 susceperunt
1443 1426 1712 1488 verbum.
1774 1431 1847 1490 Et
1905 1428 2064 1488 venit

317 1555 342 1572 ς
412 1519 744 1594 BOSporum
769 1515 1060 1576 civitatem
1095 1530 1282 1594 prope
1313 1533 1500 1596 mare,
1533 1535 1707 1596 quam
1741 1524 1798 1578 et
1826 1515 1940 1596 ipsi
1970 1523 2062 1576 at-

411 1605 674 1684 tigimus.
706 1603 777 1665 Et
803 1603 848 1664 ii
875 1602 1143 1664 videntes
1175 1601 1440 1682 prodigia
1503 1622 1633 1684 quas
1689 1604 1958 1680 faciebat,
2006 1611 2066 1665 et

412 1691 693 1754 divinitus
712 1691 1062 1771 inspiratum
1095 1689 1370 1766 verbum,
1403 1691 1518 1752 cito
1550 1692 1954 1770 crediderunt,
1999 1701 2064 1753 ut

413 1780 529 1862 ipsi
557 1779 729 1842 nobis
757 1787 1168 1842 narraverunt.
1219 1776 1623 1841 Ostenderunt
1665 1789 1860 1844 autem
1890 1781 2062 1842 nobis

413 1887 613 1933 arcam
643 1887 862 1931 nomen
887 1867 1208 1930 habentem
1235 1867 1590 1950 inscriptum
1622 1869 1880 1932 Simonis
1910 1878 2056 1950 apo-

413 1958 576 2033 stoli,
610 1957 1075 2022 contumulatam
1135 1955 1208 2018 ad
1264 1956 1650 2020 fundamenta
1681 1959 1888 2038 templi
1917 1957 2062 2020 San-

413 2055 643 2110 ctorum
665 2045 1084 2126 Apostolorum
1107 2044 1480 2124 amplissimi,
1509 2047 1794 2127 reliquias
1825 2045 2057 2108 hoben-

412 2141 556 2198 tem.
583 2133 1138 2197 Etdederuntnobis
1152 2152 1223 2196 ex
1238 2133 1346 2194 eis.
1366 2132 1707 2197 Estetaliud
1721 2136 2060 2216 sepulcrum

411 2223 652 2306 Nicopsi
681 2221 970 2294 Zecchiaa,
1005 2222 1236 2284 titulum
1291 2221 1518 2284 habens
1577 2223 1836 2286 Simonis
1866 2227 2060 2288 Cana-

415 2317 576 2391 nitae,
610 2314 876 2395 etipsum
911 2312 1138 2374 habens
1164 2312 1473 2388 reliquias.
1508 2315 1778 2378 Andreas
1803 2323 2000 2378 autem
2029 2335 2064 2378 a

414 2403 683 2484 Bosporo
709 2402 887 2464 venit.
913 2400 1314 2464 Theudesiam
1350 2402 1670 2481 civitatem,
1691 2403 1837 2468 viris
1860 2422 2063 2466 nume-

415 2510 634 2568 rosam,
697 2491 1090 2571 philosophiae
1145 2490 1428 2569 deditam,
1491 2511 1690 2573 regem
1746 2493 2063 2556 habentem

415 2578 770 2644 Sarmatam.
805 2575 982 2640 Pauci
1011 2584 1225 2640 «autem
1287 2597 1360 2640 ex
1420 2581 1508 2644 eis
1565 2581 1967 2657 crediderunt,
2006 2591 2064 2645 et

417 2670 768 2750 relinquens
788 2685 890 2730 eos
911 2667 1054 2728 abiit
1074 2667 1463 2752 Chersonem,
1489 2682 1553 2734 ut
1575 2673 1686 2753 ipsi
1717 2673 1888 2735 nobis
1918 2691 2058 2736 nar-

413 2765 716 2820 raverunt.
750 2756 1092 2819 Theudesia
1119 2764 1318 2818 autem
1373 2760 1552 2822 hodie
1610 2779 1722 2822 nec
1753 2762 2061 2841 vestigium

414 2846 678 2908 hominis
725 2845 787 2906 in
842 2863 906 2907 se
961 2844 1160 2908 habet.
1219 2846 1417 2910 Facile
1474 2849 1876 2912 circumventa
1918 2868 2062 2930 gens

415 2935 801 3011 Chersacum,
837 2940 896 2995 et
922 2950 1110 3014 usque
1155 2933 1334 2996 hodie
1384 2936 1570 2999 fortes
1628 2947 1832 3000 contra
1857 2938 2059 3012 ﬁdem,

2146 537 2297 619 δρέας
2327 537 2560 606 ἀπῆλθον
2619 541 2693 602 εἷς
2751 539 3012 597 Σαλανίαν
3067 541 3158 597 καὶ
3215 542 3289 604 εἰς
3345 547 3584 599 Φοῦσταν
3613 538 3790 600 πόλιν.

2148 630 2248 687 Καὶ
2348 627 2522 684 πολλὰ
2607 629 2846 704 θαύματα
2931 629 3277 708 ἐργασάμενοι
3372 631 3460 685 καὶ
3567 627 3794 691 πολλοὺς

2148 717 2566 793 μαθητεύσαντες
2597 716 2835 784 ἀπῆλθον
2893 719 2966 782 εἷς
3029 715 3338 796 Ἀϐασγίαν.
3402 719 3499 776 Καὶ
3530 715 3796 774 εἰσελθόν-

2147 829 2234 870 τες
2293 809 2366 872 εἷς
2437 805 2828 864 Σεϐαστόπολιν
2915 807 3012 875 τὴν
3085 806 3326 884 μεγάλην
3405 804 3638 871 ἐδίδαξαν
3705 807 3796 862 τὸν

2147 895 2306 974 λόγον
2361 903 2454 953 τοῦ
2510 903 2662 958 Θεοῦ.
2751 887 2808 954 εΟ
2899 893 2953 952 δὲ
3037 892 3279 975 Ἀνδρέας
3335 893 3659 970 καταλείψας
3706 896 3797 950 τὸν

2148 985 2363 1060 Σίμωνα
2446 983 2582 1062 ἐκεῖ,
2673 985 2764 1040 σὺν
2847 987 3114 1059 μαθηταῖς
3187 985 3342 1048 αὗιὸς
3425 981 3636 1050 ἐξῆλθεν
3723 984 3796 1047 εἷς

2141 1073 2400 1152 Ζηκχίαν.
2449 1076 2508 1130 Οἱ
2552 1071 2608 1128 δὲ
2658 1074 2864 1152 Ζηκχοὶ
2919 1071 3138 1151 σκληροὶ
3214 1071 3474 1150 ἅνθρωποι
3526 1073 3614 1164 καὶ
3663 1071 3797 1150 βάρ-

2141 1159 2291 1240 ϐαροι
2346 1162 2435 1218 καὶ
2495 1160 2597 1225 ἕως
2667 1167 2759 1216 τοῦ
2829 1166 2919 1217 νῦν
2973 1159 3184 1217 ἄπιστοι
3237 1162 3474 1236 ἡμίσεις.
3538 1158 3796 1236 νἘμελλον

2142 1247 2198 1304 δὲ
2255 1249 2346 1305 τὸν
2411 1247 2658 1328 Ἀνδρέαν
2712 1249 2970 1329 φονεύειν,
3031 1251 3074 1305 εἰ
3131 1248 3208 1325 μὴ
3269 1248 3444 1329 ἐώρων
3485 1248 3586 1316 τὴν
3631 1249 3796 1316 ἀκτη-

2144 1339 2379 1413 μοσύνην
2425 1338 2516 1394 καὶ
2569 1340 2629 1392 τὸ
2685 1344 2850 1416 πρᾶον
2907 1339 2995 1393 καὶ
3049 1338 3148 1404 τὴν
3204 1334 3428 1405 ἄσκησιν
3485 1338 3663 1394 αὐτοῦ.
3699 1334 3798 1394 Καὶ

2143 1427 2328 1484 λοιπὸν
2397 1428 2544 1507 ἀφεὶς
2606 1427 2790 1490 αὐτοὺς
2854 1425 3112 1492 κατῆλθεν
3169 1427 3240 1490 εἷς
3301 1422 3617 1504 Σουγδαίους
3673 1425 3797 1488 τοὺς

2145 1515 2276 1574 ἅνω.
2312 1519 2370 1574 Οἱ
2403 1514 2457 1571 δὲ
2503 1511 2764 1594 ἅνθρωποι
2809 1514 3069 1578 εὐπειθεῖς
3129 1515 3218 1571 καὶ
3279 1513 3484 1594 ἥμεροι,
3544 1514 3632 1568 καὶ
3663 1513 3799 1588 μετὰ

2145 1611 2316 1686 χαρᾶς
2345 1602 2580 1670 ἐδέξαντο
2628 1607 2720 1660 τὸν
2767 1603 2947 1682 λόγον.
3009 1605 3107 1661 Καὶ
3161 1601 3320 1672 ἦλθεν
3372 1606 3444 1668 εἰς
3501 1602 3794 1682 Βόσπορον,

2145 1693 2299 1750 πόλιν
2328 1693 2490 1772 πέραν
2547 1702 2639 1752 τοῦ
2681 1693 2898 1764 πόντου,
2958 1693 3030 1756 εἷς
3085 1691 3150 1758 ἣν
3201 1693 3288 1748 καί
3345 1694 3508 1768 ἡμεῖς
3571 1691 3792 1771 ἐφθάσα-

2148 1805 2267 1859 μεν.
2329 1782 2581 1840 Κᾶκεϊνοι
2641 1784 3002 1861 θεωρήσαντες
3074 1782 3140 1838 τὰ
3196 1782 3458 1856 θαυμάσια
3514 1779 3547 1836 ἃ
3605 1779 3792 1854 ἐποίει,

2142 1873 2230 1928 καὶ
2284 1873 2375 1927 τὸν
2437 1872 2781 1928 θεόπνευστον
2863 1870 3044 1949 λόγον,
3126 1871 3270 1950 ταχύ
3335 1869 3650 1944 ὑπέκουσαν,
3723 1871 3796 1936 ὡς

2145 1961 2287 2017 αὒτοὶ
2355 1961 2492 2035 ἡμῖν
2561 1958 2864 2038 διηγοῦντο.
2966 1957 3177 2026 Εδειξαν
3247 1957 3301 2014 δὲ
3369 1961 3507 2034 ἡμῖν
3563 1957 3798 2038 λάρνακα

2145 2048 2442 2128 ἐπιγραφὴν
2511 2046 2742 2128 ἔχουσαν
2795 2049 3036 2124 Σίμωνος
3092 2046 3390 2106 ἀποστόλου
3447 2049 3520 2111 εἰς
3578 2046 3798 2123 θεμέλια

2143 2136 2498 2217 κεχωσμένην
2587 2146 2712 2196 ναοῦ
2791 2143 2896 2192 τῶν
2977 2128 3164 2215 Ἀγίων
3253 2133 3592 2193 Ἀποστόλων
3663 2135 3798 2194 πάνυ

2145 2225 2428 2316 μεγάλουδ,
2457 2224 2686 2306 ἔχουσαν
2746 2225 2992 2301 λείψανα.
3075 2225 3174 2283 Καὶ
3253 2223 3451 2282 ἔδωκαν
3537 2227 3674 2300 ἡμῖν
3745 2223 3796 2292 ἐξ

2146 2315 2342 2376 αὖτῶν.
2403 2297 2574 2371 Ἔστιν
2630 2311 2684 2368 δὲ
2758 2316 2844 2370 καὶ
2925 2313 3100 2393 ἕτερος
3175 2315 3339 2394 τάφος
3422 2315 3494 2377 εἰς
3575 2314 3795 2388 Νίκοψιν

2143 2410 2242 2472 τῆς
2305 2403 2544 2484 Ζηκχίας
2601 2403 2914 2490 ἐτιτιθραιρὴν⁵
2965 2402 3110 2483 ἔχων
3166 2403 3406 2478 Σίμωνος
3481 2403 3792 2477 Κανανίτου,

2143 2495 2232 2550 καὶ
2259 2493 2416 2555 αὐτὸς
2450 2490 2592 2572 ἔχων
2617 2483 2860 2568 λείψανα,
2899 2483 2955 2550 Ὀ
3015 2489 3068 2547 δὲ
3113 2489 3361 2572 Ἀνδρέας
3390 2491 3495 2547 ἀπὸ
3526 2491 3794 2568 Βοσπόρου

2143 2579 2405 2648 κατῆλθεν
2487 2582 2559 2644 εἷς
2619 2577 2892 2638 Θευδέσιαν
2941 2580 3040 2646 τὴν
3092 2577 3270 2654 πόλιν,
3331 2575 3651 2658 πολύανδρον
3707 2580 3793 2634 καὶ

2143 2669 2451 2758 φιλόσοφρν,
2537 2666 2768 2748 ἔχουσαν
2851 2667 3071 2745 βασιλέα
3159 2669 3528 2748 Σαυρομάτην.
3589 2665 3790 2744 Ὀλίγοι

2142 2759 2197 2814 δὲ
2247 2755 2300 2822 ἐξ
2370 2755 2542 2816 αὐτῶν
2619 2755 2946 2818 ἐπίστευσαν.
3033 2757 3134 2814 Καὶ
3217 2756 3526 2813 καταλιπὼν
3603 2755 3790 2816 αὐτοὺς

2143 2845 2376 2915 ἀπῆλθεν
2439 2847 2512 2909 εἷς
2571 2851 2840 2925 Χερσῶνα,
2895 2847 2969 2910 ὡς
3041 2846 3186 2904 αὐτοὶ
3226 2846 3352 2920 ὑμῖν
3443 2841 3786 2920 διηγήσαντο.

2146 2929 2209 2992 Ἢ
2266 2933 2322 2992 δὲ
2381 2932 2624 2991 Θευδέσια
2682 2935 2914 3014 σήμερον
3011 2931 3126 2990 οὺδὲ
3184 2932 3342 3013 ἴχνος
3411 2931 3680 3011 ἀνθρώπου
3737 2929 3792 2987 ἐν

413 3024 790 3105 deceptores,
813 3029 876 3123 et
909 3021 1072 3128 omnii
1121 3031 1295 3085 vento
1350 3026 1761 3089 circumducti.
1795 3027 2063 3090 Andreas

2148 3025 2279 3100 αὓτῇ
2333 3021 2473 3102 ἔχει,
2555 3021 2937 3100 Εὒπερίστατον
3007 3019 3060 3077 δε
3145 3020 3312 3098 ἔθνος,
3395 3023 3443 3077 οἱ
3501 3019 3789 3100 Χέρσακες,

2215 3113 2228 3128 .
2260 3113 2275 3128 .
2371 3111 2382 3128 ο
2449 3112 2464 3128 ι
2550 3109 2560 3127 .
2738 3115 2764 3124 η
2915 3111 2926 3128 .
3226 3111 3240 3128 κ
3389 3111 3399 3128 ι
3586 3113 3597 3128 .
3647 3114 3666 3122 ν

414 3121 611 3175 autem
639 3111 856 3174 mansit
909 3109 1065 3191 apud
1127 3129 1230 3173 eos
1285 3115 1690 3196 compluribus
1741 3115 1972 3190 diebus,
2007 3123 2063 3177 et

2148 3113 2232 3168 καὶ
2260 3111 2467 3192 ἶσχύροὶ
2497 3109 2657 3190 μέχρι
2705 3115 2802 3177 τῆς
2861 3111 3092 3187 σήμερον
3151 3111 3300 3196 πρὸς.
3341 3111 3538 3196 πίστιν,
3574 3113 3794 3196 ψεῦσται

413 3198 1143 3277 reversus'estBosporum
1169 3210 1226 3262 et
1241 3201 1482 3266 invento
1524 3203 1866 3266 Chersaimo
1905 3203 2058 3280 navi,

413 3289 648 3352 transiit
670 3287 979 3368 Sinopem.
1006 3284 1078 3346 Et
1105 3297 1235 3367 post
1256 3309 1475 3370 paucos
1501 3291 1652 3370 dies,
1699 3292 2064 3354 conﬁrmatis

413 3378 559 3452 illis,
592 3380 897 3443 constituit
925 3373 1276 3456 episcoiium
1306 3379 1702 3460 Philologum.

2145 3201 2234 3258 καὶ
2303 3189 2458 3256 παντὶ
2543 3189 2724 3274 ἀνέμῳ
2788 3198 3210 3278 περιφερόμενοι,
3288 3189 3346 3256 ιΟ
3403 3195 3458 3252 δὲ
3519 3193 3789 3276 Ἀνδρέας,

2144 3290 2375 3359 ποιήσας
2421 3285 2547 3366 παρ’
2605 3287 2787 3350 αὒτοϊς
2844 3287 3045 3366 ἡμέρας
3101 3286 3308 3360 ἱκανὰς,
3365 3285 3686 3365 ὑπέστρεψεν
3721 3286 3794 3348 εἷς

2145 3381 2436 3458 Βόσπορον,
2497 3378 2585 3433 καὶ
2637 3377 2798 3455 εὑρὼν
2884 3374 3076 3432 πλοῖον
3165 3377 3486 3455 Χερσακινὸν
3544 3373 3794 3453 ἐπέρασεν

415 3471 488 3533 εἷς
555 3471 827 3539 Σινώπην.
901 3473 1000 3530 Καὶ
1067 3471 1296 3540 ποιήσας
1364 3469 1544 3549 ὀλίγας
1612 3472 1814 3551 ἡμέρας
1883 3474 1972 3529 καὶ
2057 3466 2389 3548 ἐπιστηρίξας
2459 3463 2644 3529 αὐτοὺς
2711 3464 3036 3532 κατέστησεν
3106 3465 3290 3530 αὐτοῖς
3361 3465 3644 3522 ἐπίσκοπον
3703 3463 3794 3518 τὸν

414 3555 572 3614 Φιλό)
585 3582 708 3638 ογον
717 3609 731 3622 ,

497 3645 570 3706 Et
596 3645 682 3708 sic
727 3646 1085 3709 conﬁrmans
1135 3644 1486 3728 Ecclesiam,
1543 3647 1813 3730 pervenit
1839 3649 2060 3728 Bysan-
2119 3683 2122 3686 ~

415 3733 562 3798 tium
589 3753 604 3794 :
645 3740 783 3797 tunc
813 3743 1008 3798 autem
1039 3734 1288 3798 ﬂorebat
1314 3733 1712 3817 Argyropolis.
1747 3736 2064 3797 Constituit

415 3821 504 3886 eis
525 3821 781 3906 Stachyn
802 3825 1176 3906 episcopum,
1203 3823 1342 3886 etin
1371 3843 1508 3886 arce
1544 3825 1854 3906 Byzantina
1883 3824 2057 3886 dedi-

417 3912 574 3976 cavit
605 3914 929 3976 oratorium
961 3913 1150 3976 beatae
1177 3912 1284 3996 Dei
1323 3913 1658 3987 Genitricis,
1684 3913 1838 3994 quod
1872 3931 2062 3994 usque

421 3999 600 4062 hodie
657 4009 869 4064 exstat.
926 4002 1162 4066 Exinde
1234 3999 1442 4063 abiens
1498 4001 1660 4062 venit
1715 3999 2059 4062 Heracleam

417 4089 706 4153 Thraciae.
737 4090 811 4152 Et
839 4099 972 4172 post
1017 4090 1148 4153 dies
1203 4089 1428 4170 aliquot
1484 4089 1648 4154 abiit.
1704 4092 2064 4152 Percurrens

419 4185 617 4239 autem
647 4179 912 4241 civitates
949 4177 1328 4255 Macedoniae,
1367 4177 1630 4255 'docens,
1666 4179 1982 4240 exhortans
2009 4185 2067 4238 et

419 4281 658 4342 sanans,
690 4267 992 4330 eediﬁcans
1048 4285 1284 4348 quoque
1341 4267 1624 4328 ecclesias
1681 4275 1742 4330 et
1785 4267 2068 4328 dedicans

421 4352 646 4431 altaria,
680 4363 740 4416 et
766 4373 996 4434 ungens
1025 4353 1562 4436 sacerdotes,venit
1589 4355 2062 4436 Peloponnesum

417 4459 606 4524 usque
633 4445 859 4524 Patras,
892 4443 1001 4507 sub
1048 4442 1292 4523 Ailgeate
1347 4441 1651 4506 Patrarum
1685 4443 2061 4526 proconsule.

506 4697 816 4779 Ingressus
874 4709 965 4764 est
1021 4710 1216 4764 autem
1272 4699 1542 4762 Andreas
1599 4720 1734 4762 cum
1765 4700 2070 4782 discipulis

425 4787 571 4864 suis,
607 4795 666 4850 et
693 4790 924 4872 excepit
955 4808 1058 4852 eos
1083 4791 1175 4852 vir
1225 4786 1427 4852 Sosius
1474 4789 1739 4867 nomine,
1774 4809 1948 4872 quem
1979 4809 2070 4852 sa-

423 4876 586 4938 navit
604 4876 875 4940 Andreas
899 4879 1105 4942 lethali
1127 4877 1492 4940 inﬁrmitate.
1530 4880 1850 4959 Peragrans
1871 4887 2069 4942 autem

2223 3645 2324 3704 Καὶ
2382 3641 2546 3706 οὕτως
2614 3643 2960 3722 ἐπιστηρίζων
3028 3643 3122 3706 τὰς
3177 3640 3460 3707 ἐκκλησίας
3529 3635 3791 3704 κατῆλθεν

2145 3737 2217 3798 εἰς
2275 3734 2336 3789 τὸ
2394 3732 2672 3802 Βυζάντιον
2709 3747 2724 3762 ·
2781 3731 2901 3788 τότε
2951 3727 3006 3786 δὲ
3059 3731 3094 3798 ἦ
3175 3725 3554 3809 Ἀργυρόπολις
3617 3723 3784 3792 ἤνθει.

2143 3821 2448 3888 Κατέστησε
2493 3817 2547 3875 δὲ
2579 3819 2759 3884 αὐτοῖς
2805 3821 2896 3876 τὸν
2955 3817 3167 3898 Στάχυν
3224 3817 3532 3890 ἐπίσκοπον,
3585 3815 3672 3868 καὶ
3722 3815 3793 3876 εἷς

2141 3911 2241 3978 τὴν
2297 3906 2584 3988 ἀκρόπολιν
2640 3917 2732 3968 τοῦ
2795 3906 3076 3979 Βυζαντίου
3152 3904 3464 3986 καθιέρωσεν
3525 3901 3798 3980 εὒκτήριον

2143 4005 2243 4066 τῆς
2312 3999 2464 4075 ἁγίας
2543 3997 2827 4072 Θεοτόκου,
2915 3993 2942 4051 ὅ
2995 3993 3106 4050 ἐστι
3165 3993 3329 4075 μέχρι
3381 3997 3481 4058 τῆς
3537 3993 3792 4069 σήμερον.

2146 4072 2384 4145 Ἐκεῖθέν
2440 4107 2498 4143 τε
2556 4083 2772 4150 ἐξελθὼν
2831 4081 3090 4151 κατῆλθεν
3161 4072 3287 4146 εἲς-⁷
3317 4072 3630 4161 Ἡράκλειαν
3698 4083 3796 4144 τῆς

2150 4176 2384 4254 Θρᾴκης.
2448 4175 2548 4232 Καὶ
2606 4175 2836 4243 ποιήσας
2909 4171 3113 4252 ἡμέρας
3191 4171 3336 4234 τινάς
3394 4167 3626 4236 ἐξῆλθεν,
3687 4174 3794 4254 Πε-

2150 4253 2495 4344 ριερχόμενος
2523 4259 2578 4317 δὲ
2641 4261 2768 4342 (44)
2826 4261 2920 4324 τὰς
2979 4259 3161 4324 πόλεις
3195 4265 3313 4342 τῆς
3374 4256 3693 4344 Μακεδονίας
3724 4253 3796 4310 δι-

2151 4343 2378 4428 δάσκων,
2430 4350 2753 4430 παρακαλῶν
2801 4351 2888 4406 καὶ
2943 4349 3190 4424 ἰώμενος,
3249 4351 3436 4419 κτίζων
3492 4368 3548 4402 τε
3593 4343 3794 4410 ἐκκλη-

2147 4441 2264 4506 σίας
2314 4443 2402 4498 καὶ
2479 4441 2734 4518 καθιερῶν
2805 4439 3146 4516 θυσιασθήρια
3227 4438 3313 4492 καὶ
3395 4436 3560 4515 χρίων
3635 4435 3792 4509 ἱερεῖς

2147 4529 2376 4598 κανῆλθε
2434 4527 2597 4608 μέχρι
2658 4526 3064 4596 Πελοποννήσου
3122 4525 3176 4580 ἐν
3257 4525 3509 4602 Πάτραις,
3571 4519 3656 4576 ἐπὶ
3695 4521 3794 4576 Αἰ-

2148 4619 2338 4698 γεάτου
2366 4616 2660 4674 ἀνθυπάτου
2691 4620 2930 4692 Πατρῶν.

2231 4703 2450 4770 Εἷσῆλθε
2481 4700 2535 4758 δὲ
2585 4705 2613 4758 ὁ
2658 4699 2902 4780 Ἀνδρέας
2961 4701 3096 4776 μετὰ
3149 4703 3253 4755 τῶν
3311 4701 3560 4772 μαθητῶν
3613 4698 3790 4770 αὐτοῦ,

2151 4797 2238 4852 καὶ
2290 4787 2646 4874 προσελάϐετο
2702 4791 2892 4852 αὐτοὺς
2961 4789 3094 4867 ἀνὴρ
3173 4786 3389 4863 ὀνόματι
3440 4787 3666 4860 Σώσιος,
3739 4787 3796 4842 ὃν

2150 4885 2334 4940 ἰάσατο
2395 4877 2640 4958 Ἀνδρέας
2715 4879 2822 4934 ἀπὸ
2889 4877 3154 4939 ἀσθενείας
3206 4879 3513 4942 θανατικῆς.
3577 4875 3800 4955 Διερχό-

425 4965 740 5042 civitatem,
775 4966 918 5029 vidit
973 4967 1275 5029 hominem
1337 4965 1668 5045 projectum
1718 4967 1778 5028 in
1810 4975 2063 5030 stercore

2155 4993 2311 5049 μενος
2368 4967 2422 5025 δὲ
2477 4969 2576 5036 τὴν
2632 4966 2788 5024 πόλιν
2844 4963 2986 5022 εἶδεν
3043 4963 3313 5044 ἄνθρωπον
3387 4961 3658 5042 ἐρῤιμένον
3718 4964 3804 5020 ἐπὶ

422 5055 848 5136 paralyticum:
902 5065 962 5120 et
991 5071 1337 5137 progressus
1393 5057 1467 5117 ad
1527 5073 1661 5116 eum
1693 5056 1982 5130 Andreas,
2016 5067 2063 5118 et

2153 5066 2252 5128 τῆς
2303 5057 2524 5136 κοπρίας
2580 5053 3007 5136 παραλελυμένον
3041 5070 3056 5086 ⁸
3147 5053 3236 5108 καὶ
3304 5051 3607 5132 προσελθὼν
3662 5051 3805 5127 αὒτῷ

420 5141 568 5205 dans
601 5143 657 5206 ei
689 5162 930 5208 manum
963 5150 1148 5208 erexit
1199 5161 1310 5226 per
1364 5140 1797 5206 invocationem
1828 5144 2063 5210 Christi.

2156 5151 2185 5206 ὁ
2237 5144 2501 5226 Ἀνδρέας,
2563 5144 2682 5208 δούς
2740 5165 2797 5200 τε
2856 5143 2996 5217 αὒτῷ
3051 5155 3216 5223 χεῖρα
3271 5139 3528 5209 ἀνέστησε
3583 5145 3652 5218 τῇ
3679 5139 3804 5197 ἐπι-

416 5228 488 5292 Et
515 5231 630 5294 hoc
662 5250 768 5313 per
796 5235 1012 5297 famam
1042 5235 1298 5314 vulgato,
1351 5231 1667 5296 Maximilia
1697 5235 2063 5316 proconsulis

2151 5237 2340 5307 κλήσει
2408 5241 2503 5292 τοῦ
2585 5238 2835 5311 Χριστοῦ.
2923 5231 3023 5289 Καὶ
3107 5230 3292 5289 τούτου
3365 5227 3804 5310 διαφημισθέντος

419 5338 580 5384 uxor-
595 5321 760 5386 misit
786 5324 966 5389 ﬁdam
995 5342 1162 5390 suam
1204 5317 1650 5403 Ephidamiam,
1685 5323 1962 5390 idoneam
1991 5325 2063 5388 ad

2148 5321 2472 5403 Μαξιμίλλα,
2531 5324 2568 5392 ἡ
2635 5323 2768 5402 γυνὴ
2825 5319 3138 5398 ἀνθυπάτου,
3198 5318 3407 5397 ἔπεμψε
3458 5318 3558 5387 τὴν
3611 5317 3808 5384 πιστὴν

1834 5509 2033 5574 Variae
2061 5495 2373 5573 lectiones.

505 5637 624 5723 (44)
665 5639 734 5698 At
763 5637 988 5718 addidi,
1020 5659 1137 5725 quo
1169 5641 1502 5728 expeditius
1532 5659 1728 5708 sermo
1757 5643 2065 5726 procedat.
2099 5641 2284 5708 Abest
2310 5648 2346 5706 ‘a
2371 5639 2508 5706 cod.
2533 5636 2669 5702 Vat.
