4068 6112
427 317 549 387 245

425 458 592 524 αὐτῆς
644 453 952 537 Ἐφιδαμίαν
1173 503 1190 529 ,

424 543 658 612 λαλῆσαι
715 548 802 601 καὶ
855 545 1076 601 ἀκοῦσαι
1133 552 1225 603 τοῦ
1283 541 1548 622 Ἀνδρέου.
1610 540 1860 600 Ἐλθοῦσα
1923 540 1978 597 δὲ
2033 545 2067 611 ἡ

419 629 711 713 ΪΕφιδαμία
777 634 1110 703 καττήντησε
1191 633 1283 688 τὸν
1327 630 1585 713 ΑΣώσιον,
1672 630 1916 706 μαθητὴν
1980 636 2070 686 τοῦ

428 710 689 800 Ἀνδρέου,
724 722 854 800 πρὸς
885 722 953 781 ὃν,
990 719 1259 791 ἐξενίζετο.
1325 710 1381 778 Ὀ
1424 718 1480 776 δὲ
1536 720 1850 799 κατήχησεν
1906 719 2071 786 αὐτὴν

425 809 518 865 τόν
547 808 707 888 λόγον
735 819 829 869 τοῦ
877 817 1009 869 Θεοῦ
1063 811 1150 867 καὶ
1206 809 1304 876 τὴν
1358 807 1488 864 ἰδίαν
1543 806 1711 883 ἴασιν,
1744 809 1830 863 καὶ
1861 808 2072 886 εἰσήγα-

426 918 520 974 γεν
552 899 713 964 αὐτὴν
766 900 897 977 πρὸς
952 900 1044 954 τὸν
1099 896 1367 976 Ἀνδρέαν,
1414 897 1515 955 Καὶ
1568 902 1799 952 πεσοῦσα
1850 898 1921 959 εἷς
1950 897 2070 959 τοὺς

425 984 593 1049 πόδας
655 990 811 1046 αὖτοῦ
865 985 1058 1054 ἤκουσε
1099 992 1203 1043 τῶν
1253 986 1426 1065 λόγων
1480 985 1636 1041 αὐτοῦ
1668 1001 1682 1016 ⁸
1744 987 1829 1042 καὶ
1886 985 2070 1063 ἀπήγ-

426 1073 572 1152 γειλε
625 1076 753 1154 πρὸς
814 1074 933 1156 (46)
979 1077 1079 1143 τὴν
1135 1076 1313 1154 κυρίαν
1371 1075 1558 1140 αὑτῆς.
1606 1071 1730 1130 Μεθ’
1781 1072 1982 1153 ἡμέρας
2017 1071 2071 1129 δέ

426 1185 573 1228 τινας
629 1162 885 1230 ἠσθένησε
944 1162 1263 1239 Μαξιμίλλα,
1322 1164 1357 1231 ἡ
1419 1162 1550 1240 γυνὴ
1605 1171 1699 1220 τοῦ
1754 1161 2066 1223 ἀνθυπάτου.

429 1253 530 1309 Καὶ
578 1257 684 1307 τῶν
761 1254 949 1331 ἰατρῶν
1020 1251 1403 1327 ἀποκαμόντων
1485 1250 1887 1327 ἆπογνωσθεϊσα
1945 1249 2075 1306 ἀπέ-

425 1339 601 1394 στειλε
670 1341 770 1407 τὴν
839 1338 1153 1420 Ἐφιδαμίαν
1221 1341 1307 1395 καὶ
1364 1336 1742 1418 προσκαλεῖται
1796 1339 1885 1394 τὸν
1944 1335 2072 1394 Ἀν-

426 1425 601 1507 δρέαν.
664 1419 720 1486 t0
776 1426 831 1484 δὲ
916 1419 1166 1496 συνῆλθεν
1245 1432 1377 1505 αὐτῇ
1448 1426 1584 1503 μετὰ
1660 1432 1763 1483 τῶν
1823 1429 2071 1502 μαθητῶν

424 1516 606 1579 αὐτοῦ.
670 1518 768 1574 Καὶ
824 1515 1067 1573 εἰσελθὼν
1123 1519 1195 1580 εἷς
1253 1518 1351 1584 τὴν
1407 1517 1572 1572 οἰκίαν
1631 1514 1744 1594 εῦρε
1800 1516 1890 1572 τὸν
1920 1515 2072 1570 ἀνθύ-

424 1626 595 1661 πατον
674 1614 961 1684 κρατοῦντα
1043 1606 1311 1686 μάχαιραν
1382 1607 1468 1660 καὶ
1550 1601 1899 1684 ἐκδεχόμενον
1980 1604 2070 1658 τὸν

423 1694 645 1751 θάνατον
673 1700 772 1761 τῆς
802 1695 984 1753 ἑαυτοῦ
1039 1696 1306 1772 γυναικὸς,
1365 1692 1681 1771 βουλόμενον
1731 1692 1851 1770 (47)
1885 1692 2069 1748 ἑαυτὸν

424 1781 661 1863 ἀνελεῖν,
769 1781 1177 1858 συνθνηξόμενον
1274 1785 1429 1860 αὐτῇ.
1536 1774 1593 1839 Ὀ
1680 1779 1734 1837 δὲ
1824 1779 2066 1859 Ἀνδρέας

424 1872 619 1950 πραείᾳ
672 1878 742 1948 τῇ
797 1877 949 1952 φωνῇ
1007 1872 1131 1927 εἶπε
1211 1873 1341 1950 πρὸς
1424 1871 1578 1927 αότόν
1612 1888 1625 1903 ’
1705 1868 2066 1949 Ἀπόστρεψον

422 1960 524 2026 τὴν
577 1960 873 2040 μάχαιραν,
936 1959 1143 2034 τέκνον,
1222 1961 1293 2024 εἰς
1371 1961 1462 2016 τὸν
1518 1960 1680 2016 τόπον
1736 1958 1922 2033 αὒτῆς,
1980 1959 2069 2014 καὶ

423 2047 734 2104 ἐπιχάλεσαι
793 2049 978 2127 Κύριον
1030 2049 1120 2103 τὸν
1200 2049 1328 2104 Θεὸν
1383 2054 1476 2103 τοῦ
1530 2047 1747 2127 ούρανοῦ
1814 2048 1902 2103 καὶ
1969 2051 2067 2112 τῆς

423 2141 529 2214 γῆς
583 2137 868 2200 πιστεύσας
949 2139 1112 2210 αύτῳ.
1199 2138 1522 2212 Ἐπετίμησε
1605 2134 1659 2191 δὲ
1734 2142 1811 2210 τῷ
1865 2141 2072 2215 πυρετῷ

422 2223 595 2303 λέγων
628 2242 644 2257 ’
680 2224 964 2292 Ἀπόστηθι
994 2225 1085 2282 ἀπ’
1132 2230 1317 2299 αὒτῆς,
1374 2227 1402 2281 6
1457 2224 1699 2305 πυρετός.
1733 2226 1831 2282 Καὶ
1870 2223 2069 2290 ἐπέθη-

423 2336 515 2370 κεν
550 2311 635 2369 ἐπ’
666 2316 801 2391 αὐτῇ
829 2315 923 2377 τὰς
977 2327 1193 2395 χεῖρας,
1254 2314 1342 2370 καὶ
1397 2312 1581 2377 εὒθέως
1634 2310 1859 2392 ἵδρωσεν
1905 2330 1922 2346 ·
1985 2314 2071 2368 καὶ

426 2402 545 2478 μετ’
575 2401 754 2481 ὀλίγον
798 2402 1023 2473 ἐζήτησε
1080 2415 1294 2483 φαγεῖν,
1355 2402 1442 2458 καὶ
1495 2406 1827 2481 παραχρῆμα
1856 2400 2067 2483 έγέρθη.

426 2498 592 2548 Τοῦτο
676 2480 1050 2569 θεωρήσαντες
1094 2480 1104 2483 -
1147 2480 1335 2547 πολλοὶ
1434 2480 1760 2552 ἐπίστευσαν,
1861 2480 1918 2548 ιΟ
2016 2487 2071 2545 δὲ

428 2580 694 2660 ῥίγεάτης
750 2582 823 2643 ὡς
877 2582 1041 2659 ἰατρῷ
1081 2593 1342 2660 προσεῖχε
1398 2585 1474 2654 τῷ
1530 2577 1747 2658 Ἀνδρέᾳ
1779 2597 1792 2612 ·
1849 2578 1915 2646 ἦν
1972 2578 2071 2658 γὰρ

433 2653 648 2741 Ἕλλην,
697 2670 784 2725 καὶ
836 2671 930 2725 οὐκ
983 2666 1135 2735 ἤθελε
1181 2670 1271 2724 τὸν
1313 2667 1471 2747 λόγον
1526 2675 1619 2724 τοῦ
1659 2673 1789 2725 Θεοῦ
1837 2666 2068 2730 ἀκούειν,

432 2753 632 2814 Ἐδιδου
687 2754 743 2811 δὲ
800 2761 940 2832 αὐτῷ
988 2760 1060 2822 ὡς
1119 2756 1326 2838 χιλίους
1388 2764 1617 2837 χρυσοῦς
1670 2750 1829 2813 εἷπῶν
1861 2773 1876 2790 ⁶
1933 2753 2072 2812 Λάϐε

429 2847 520 2924 τὸν
577 2845 762 2919 μισθόν
816 2868 931 2906 σου.
994 2837 1051 2904 Ὀ
1094 2837 1148 2902 δὲ
1204 2846 1299 2902 οὐκ
1346 2843 1628 2912 ἀπεδέξατο
1685 2844 1814 2924 (48)
1860 2845 2019 2903 εἰπών
2054 2861 2069 2875 ⁸

434 2923 625 3009 Ἠμεϊς
679 2931 875 3013 δωρεὰν
956 2933 1234 3011 ἐλάϐομεν,
1322 2934 1517 3015 δωρεὰν
1600 2923 1841 3011 δίδωμεν.
1903 2942 2069 3014 Προσ-

1774 321 1960 386 νΙΤΑ
1987 275 2048 382 s.
2079 319 2435 385 ANDRE/E.

1277 454 1462 522 ἱκανὴν
1532 476 1689 510 ουσαν
1764 452 1895 510 ἰδεῖν
1978 454 2066 510 καὶ

2153 450 2470 515 videndum
2505 458 2563 516 et
2591 451 2956 534 loquendum
2987 458 3047 516 et
3073 449 3435 515 audiendum
3464 452 3796 518 Andream.

3678 318 3799 392 246

2149 540 2375 604 Abiens
2404 548 2598 604 autem
2628 540 2981 623 Ephidamia
3011 541 3268 603 occurrit
3313 540 3511 618 Sosio,
3541 541 3798 607 Androm

2152 627 2636 717 discipulo,apud
2650 646 2827 710 quem
2856 627 3289 711 hospitahatur.
3313 627 3426 702 Qui
3446 629 3647 692 docuit
3665 648 3797 693 eam

2152 716 2398 779 verbum
2426 718 2557 793 Dei,
2594 725 2653 780 et
2702 717 3000 800 pr0priam
3049 718 3436 795 curationem,
3471 726 3532 782 et
3557 718 3801 782 adduxit

2154 822 2285 869 eam
2315 807 2385 869 ad
2406 807 2726 870 Andream.
2750 806 2823 871 Et
2852 807 3167 888 procidens
3195 807 3272 869 ad
3312 807 3498 890 pedes
3520 808 3649 890 ejus
3682 826 3795 872 au-

2154 895 2305 958 divit
2333 896 2511 957 verba
2539 895 2720 971 illius,
2755 903 2817 958 et
2865 894 3155 957 nuntiavit
3200 894 3457 959 dominae
3485 914 3630 959 suae.
3658 896 3800 960 Post

2155 983 2282 1044 dies
2318 984 2560 1065 aliquot,
2580 983 2877 1046 inﬁrmata
2892 991 2982 1046 est
3008 983 3326 1046 Maximilla
3355 1002 3508 1047 uxor
3537 1002 3797 1065 procon-

2155 1072 2322 1135 sulis.
2352 1072 2422 1134 Et
2442 1072 2691 1135 medicis
2709 1072 2973 1135 laborem
2994 1072 3435 1151 recusantibus,
3467 1073 3666 1136 sciens
3694 1074 3800 1138 illa

2155 1160 2316 1223 misit
2372 1162 2805 1241 Ephidamiam,
2865 1168 2924 1222 et
2975 1161 3278 1224 advocavit
3330 1160 3654 1227 Andream.
3685 1162 3801 1236 Qui

2154 1248 2311 1310 venit
2338 1249 2412 1311 ad
2460 1269 2587 1312 eam
2621 1269 2757 1312 cum
2813 1249 3124 1332 discipulis
3153 1250 3297 1313 suis.
3329 1249 3402 1312 Et
3453 1250 3799 1331 ingrediens

2154 1336 2417 1413 domum,
2451 1338 2674 1401 invenit
2705 1340 3122 1420 proconsulem
3178 1346 3491 1401 tenentem
3510 1338 3794 1419 gladium,

2156 1434 2216 1486 et
2270 1433 2705 1507 exspectantem
2766 1426 2965 1489 uxoris
3025 1446 3149 1490 suae
3199 1426 3453 1509 obitum,
3501 1426 3798 1491 volentem

2154 1513 2414 1594 seipsum
2444 1514 2802 1592 interﬁcere,
2864 1515 3357 1578 commoriturum
3417 1515 3497 1581 ei.
3527 1515 3800 1579 Andreas

2150 1610 2347 1663 autem
2379 1601 2637 1683 benigna
2661 1622 2806 1665 voce
2833 1603 2979 1667 dixit
3026 1605 3081 1666 ei
3113 1622 3128 1667 :
3184 1609 3480 1669 Converte
3509 1604 3795 1685 gladium,

2153 1690 2257 1766 ﬁli,
2290 1693 2351 1752 in
2371 1691 2567 1755 locum
2598 1711 2791 1768 suum,
2820 1701 2878 1755 et
2898 1693 3108 1756 invoca
3135 1696 3327 1757 Deum
3380 1694 3511 1756 cmli
3539 1701 3598 1757 et
3625 1701 3801 1758 terra;

2150 1778 2400 1841 credens
2430 1780 2507 1842 ei.
2543 1781 2948 1844 Comminatus
2977 1790 3068 1844 est
3124 1790 3321 1846 autem
3356 1782 3508 1845 febri
3535 1782 3744 1846 dicens
3777 1800 3793 1847 :

2149 1868 2391 1931 Recede
2419 1868 2492 1930 ab
2525 1889 2614 1946 ea,
2647 1870 2856 1933 febris.
2888 1869 2962 1932 Et
3016 1872 3301 1953 imposuit
3353 1872 3442 1935 illi
3470 1891 3704 1948 manus,
3737 1878 3799 1936 et

2150 1956 2346 2018 statim
2405 1957 2657 2033 sudavit,
2719 1965 2778 2021 et
2826 1966 2957 2039 post
3009 1959 3436 2041 aliquantulum
3477 1960 3794 2041 postulavit

2149 2044 2369 2121 cibum,
2404 2054 2460 2107 et
2488 2047 2800 2110 confestim
2830 2047 3108 2110 surrexit.
3143 2046 3312 2121 Quod
3331 2048 3601 2112 videntes
3625 2048 3799 2113 multi

2154 2133 2558 2198 crediderunt.
2589 2136 2864 2215 Egeates
2891 2144 3087 2198 autem
3117 2137 3367 2201 accessit
3392 2138 3467 2200 ad
3493 2137 3798 2200 Andream

2152 2222 2310 2283 velut
2338 2222 2411 2285 ad
2442 2224 2739 2287 medicum
2776 2246 2793 2302 ;
2831 2234 2957 2288 erat
2987 2226 3148 2288 enim
3177 2226 3436 2303 Graecus,
3472 2232 3530 2289 et
3559 2225 3800 2289 nolebat

2152 2311 2359 2373 audire
2384 2311 2631 2374 verbum
2661 2313 2792 2377 Dei.
2847 2314 3034 2378 Dabat
3091 2321 3289 2377 autem
3348 2313 3406 2376 ei
3434 2314 3604 2394 quasi
3632 2314 3800 2378 mille

2153 2417 2364 2461 aureos
2394 2399 2603 2462 dicens
2642 2422 2655 2462 :
2685 2402 2911 2484 Accipe
2943 2402 3281 2464 mercedem
3314 2412 3501 2466 tuam.
3533 2402 3644 2475 Qui
3676 2420 3799 2467 non

2154 2489 2384 2569 accepit
2412 2488 2662 2552 dicens:
2716 2491 2838 2553 Nos
2896 2490 3117 2554 donum
3173 2490 3540 2573 accepimus,
3571 2490 3799 2555 donum

2152 2576 2362 2639 damus
2387 2596 2402 2654 ;
2427 2577 2533 2640 sed
2565 2579 2759 2660 potius
2787 2580 2934 2642 offer
2961 2580 3217 2662 teipsum
3248 2579 3395 2658 Deo,
3425 2578 3476 2641 si
3504 2586 3693 2661 potes.
3725 2578 3801 2642 Et

2153 2663 2293 2726 inde
2337 2674 2640 2745 exeuntes,
2702 2668 3017 2751 portabant
3069 2669 3394 2745 Andream,
3450 2675 3576 2731 erat
3635 2668 3798 2732 enim

2154 2772 2359 2816 senex.
2394 2754 2465 2816 Et
2492 2756 2640 2817 vidit
2666 2756 2982 2838 quemdam
3015 2758 3078 2819 in
3132 2757 3363 2839 porticu
3380 2760 3708 2837 jacentem,
3739 2762 3801 2819 et

2155 2842 2586 2925 eleemosynam
2621 2853 2945 2925 petentem,
2980 2853 3039 2909 et
3065 2852 3333 2927 tempora
3362 2844 3546 2909 multa
3577 2845 3802 2908 haben-

2155 2940 2273 2993 tem
2301 2931 2363 2994 in
2422 2934 2690 3015 paralysi.
2749 2934 2822 2998 Et
2876 2935 2957 2997 ait
3010 2935 3097 2996 illi
3152 2934 3470 2999 Andreas:
3529 2932 3711 2998 Sanat
3739 2941 3800 2996 te

433 3021 611 3099 ένεγκε
668 3020 722 3077 δὲ
779 3021 1004 3103 μᾶλλον,
1081 3026 1129 3079 οἱ
1211 3022 1448 3098 δύνασαι,
1522 3024 1737 3080 σεαυτὸν
1794 3029 1872 3098 τῷ
1928 3029 2063 3096 Θεῷ.

2153 3022 2325 3084 Jesus
2355 3021 2643 3085 Christus.
2671 3022 2740 3084 Et
2761 3022 3012 3104 praebuit
3035 3022 3126 3085 illi
3147 3040 3427 3097 manum;
3483 3021 3796 3085 confestim

432 3107 668 3167 Ἐκεῖθὲν
725 3133 783 3166 τε
840 3110 1133 3177 ἐξελθόντες
1207 3110 1564 3183 ὑπεϐάσταζον
1625 3113 1716 3169 τὸν
1775 3109 2021 3191 Ἀνδρέαν
2055 3129 2067 3143 ⁸

427 3198 493 3265 ἧν
551 3200 651 3278 γὰρ
705 3197 1022 3278 πρεσϐύτης.
1088 3201 1187 3258 Καὶ
1256 3202 1349 3279 ὁρᾷ
1402 3223 1519 3257 τινα
1573 3201 1645 3264 εἰς
1703 3201 1793 3257 τὸν
1849 3198 2073 3276 ἔμϐολον

430 3288 807 3363 κατακείμενον
861 3291 949 3345 καὶ
1006 3299 1402 3368 προσαιτοῦντα,
1461 3289 1604 3353 ὅστις
1663 3289 1791 3370 εἶχε
1848 3289 2073 3370 χρόνους

430 3375 658 3439 πολλοὺς
689 3376 1056 3455 παραλυτικῶς
1111 3377 1263 3458 (49),
1320 3380 1418 3436 Καὶ
1473 3377 1616 3457 λέγει
1672 3382 1814 3454 αὐτῷ
1870 3381 1898 3435 6
1940 3376 2070 3434 Ἀν-

430 3463 580 3544 δρέας
613 3482 626 3494 ·
693 3468 854 3523 ’[ἆταί
920 3490 979 3523 σε
1039 3468 1242 3535 Ἰησοῦς
1301 3470 1328 3523 6
1409 3467 1656 3547 Χριστός.
1732 3468 1830 3525 Καὶ
1882 3463 2071 3522 ἔδωκεν

432 3557 571 3629 αὒτῴ
598 3569 764 3635 χεῖρα
799 3572 813 3584 “
878 3556 1065 3620 εὐθέως
1124 3555 1179 3613 δὲ
1238 3554 1446 3635 ἐγένετο
1495 3557 1648 3634 ὑγιὴς
1703 3557 1731 3612 δ
1774 3547 2068 3634 ἄνθρωπος’

430 3646 515 3699 καὶ
560 3642 748 3723 ἔτρεχε
792 3642 874 3699 διὰ
917 3645 1084 3720 μέσης
1140 3650 1237 3712 τῆς
1289 3642 1518 3719 πόλεως,
1588 3642 1833 3700 δεικνύων
1886 3645 2070 3700 ἑαυτὸν

431 3734 515 3789 καὶ
582 3731 809 3803 δοξάζων
880 3735 968 3789 τὸν
1039 3734 1189 3798 Θέον,
1256 3738 1355 3793 Καὶ
1419 3732 1616 3814 προϐὰς
1673 3732 1872 3790 ἐκεῖθεν
1929 3731 2071 3789 εἶδεν

432 3818 586 3900 ἄνδρα
667 3822 802 3896 μετὰ
884 3825 1132 3900 γυναικὸς
1208 3826 1296 3881 καὶ
1375 3821 1581 3903 παιδίου
1658 3820 1903 3902 τυφλούς.
1976 3824 2073 3879 Καὶ

431 3907 605 3983 ἥψατο
656 3915 762 3965 τῶν
792 3908 1075 3990 ὀφθαλμῶν
1131 3912 1325 3991 αὒτῶν,
1384 3914 1473 3968 καὶ
1508 3910 1696 3974 εὐθέως
1752 3907 2069 3985 ἀνέϐλεψαν,

431 3999 517 4053 καὶ
569 3997 890 4065 ἠκολούθουν
950 4005 1091 4074 αὐτῷ
1144 3999 1440 4072 δοξάζοντες
1494 4002 1583 4057 καὶ
1639 3999 2070 4079 εὐχαριστοῦντες

429 4087 520 4141 τὸν
589 4087 744 4149 Θεόν.
820 4095 1145 4168 Θεωροῦντες
1223 4088 1278 4146 δὲ
1358 4092 1405 4148 οἱ
1479 4088 1634 4171 ὄχλοι
1692 4086 2073 4158 ἐξεπλήσσοντο

428 4176 804 4250 θαυμάζοντες,
863 4180 950 4233 καὶ
1007 4177 1195 4235 πολλοὶ
1278 4179 1568 4241 ἐπίστευον.
1654 4179 1753 4236 Καὶ
1819 4198 2068 4255 παρακα-

2154 3117 2351 3171 autem
2377 3129 2554 3173 sanus
2571 3111 2754 3174 factus
2780 3113 2991 3188 estvir,
3013 3120 3071 3175 et
3096 3110 3374 3175 currebat
3394 3116 3511 3192 ’per
3540 3109 3800 3173 mediam

2155 3199 2472 3277 civitatem,
2503 3203 2823 3280 ostendens
2869 3203 3133 3284 seipsum
3191 3208 3251 3267 et
3307 3200 3554 3263 laudans
3580 3199 3796 3263 Deum.

2154 3288 2226 3350 Et
2246 3290 2574 3369 procedens
2592 3290 2756 3367 inde,
2781 3290 2924 3353 vidit
2945 3290 3248 3353 hominem
3291 3308 3427 3352 cum
3463 3287 3715 3352 muliere
3742 3295 3803 3352 et

2155 3396 2339 3457 puero
2358 3396 2565 3440 caecos.
2598 3377 2667 3439 Et
2698 3380 2888 3459 tetigit
2913 3380 3116 3442 oculos
3148 3398 3378 3456 eorum,
3413 3383 3474 3443 et
3501 3377 3616 3440 cito
3638 3377 3800 3441 vide-

2155 3473 2315 3548 runt,
2376 3474 2436 3528 et
2484 3467 2888 3550 sequebantur
2940 3487 3076 3530 eum
3132 3467 3442 3531 laudantes
3496 3469 3709 3544 Deum,
3742 3473 3805 3530 et

2154 3555 2370 3634 gratias
2417 3554 2506 3617 illi
2533 3565 2798 3637 agentes.
2857 3556 3144 3622 Videntes
3192 3563 3388 3619 autem
3422 3554 3612 3618 turba;
3640 3574 3801 3618 com-

2155 3653 2327 3707 mola;
2357 3654 2493 3708 sunt
2522 3646 2907 3725 admirantes,
2965 3655 3023 3710 et
3082 3644 3253 3708 multi
3296 3643 3697 3708 crediderunt.
3729 3643 3804 3706 Et
3914 3716 3923 3727 .

2154 3742 2324 3796 orant
2360 3753 2494 3797 eum
2522 3744 2586 3797 ut
2615 3737 2687 3798 ad
2718 3743 2953 3817 portum
3011 3735 3230 3811 veniat,
3262 3734 3403 3816 quia
3430 3752 3586 3796 unus
3615 3750 3799 3800 senex

2153 3823 2371 3885 nobilis
2401 3824 2565 3905 lepra
2596 3823 2986 3906 efﬁciebatur,
3022 3831 3080 3887 et
3108 3842 3230 3886 non
3257 3823 3516 3886 ferentes
3531 3821 3802 3885 faetorem

2152 3912 2302 3992 ejus,
2337 3920 2663 3993 posuerunt
2704 3931 2840 3974 eum
2873 3931 3053 3994 super
3083 3920 3316 3975 stercus
3349 3931 3363 3971 :
3399 3917 3458 3972 et
3487 3927 3662 3972 nemo
3693 3927 3806 3991 po-

2155 4007 2267 4061 test
2312 4001 2790 4083 appropinquare
2854 4001 2933 4075 ei,
2987 4001 3093 4065 sed
3149 3999 3390 4082 quando
3447 3998 3704 4060 afferunt
3747 4003 3808 4066 ei

2154 4087 2378 4164 cibum,
2412 4107 2619 4151 nasum
2652 4097 2946 4167 tenentes,
2981 4089 3156 4152 citius
3202 4087 3509 4151 recedent.
3542 4085 3804 4150 Audiens

2154 4177 2280 4238 hEBc
2297 4178 2585 4254 Andreas,
2609 4185 2665 4240 et
2688 4178 3099 4241 misericordia
3124 4185 3341 4257 motus,
3358 4176 3507 4240 abiit
3530 4175 3604 4239 ad
3619 4193 3757 4238 eum
3785 4194 3803 4252 ;

431 4261 610 4319 λοῦσιν
665 4267 821 4322 αὐτὸν
863 4264 1111 4323 ἀπελθεῖν
1154 4269 1225 4332 εἰς
1279 4269 1371 4324 τὸν
1429 4266 1637 4343 λιμένα,
1701 4263 1781 4322 ὅτι
1832 4288 1912 4330 τις
1965 4272 2070 4322 τῶν

2158 4267 2344 4361 secuti
2374 4275 2509 4329 sunt
2530 4275 2732 4361 autem
2765 4275 2824 4361 et
2849 4267 2952 4361 alii
2981 4266 3152 4361 multi
3200 4286 3271 4330 ex
3301 4266 3499 4361 plebe.
3520 4264 3804 4361 Andreas

432 4351 670 4436 άρχαίων
727 4355 944 4433 εὖγενὴς
1001 4355 1273 4436 ἐλεπρώθη
1303 4372 1317 4386 ·
1396 4357 1484 4413 καὶ
1540 4357 1615 4431 μή
1672 4355 1915 4436 φέροντες
1971 4355 2069 4422 τὴν

433 4435 682 4496 δυσωδίαν
726 4445 881 4500 αὐτοῦ
910 4442 1104 4510 ἔθηκαν
1134 4435 1301 4501 αὐτὸν
1358 4443 1444 4500 ἐπὶ
1496 4448 1596 4510 τῆς
1651 4443 1870 4522 κοπρίας
1906 4457 1921 4472 ⁹
1987 4444 2074 4498 καὶ

436 4525 597 4591 οῶεὶς
656 4533 796 4604 αὐτῷ
851 4529 1143 4597 πλησιάσαι
1201 4528 1436 4609 δύναται,
1493 4528 1611 4586 ἀλλ’
1669 4528 1793 4586 ὅταν
1848 4529 2075 4610 προσφέ-

436 4637 592 4694 ρωσιν
626 4622 765 4692 αὐτῷ
822 4620 919 4687 τὴν
968 4621 1189 4700 τροφὴν,
1248 4621 1340 4684 τὰς
1396 4619 1546 4698 ῥῖνας
1602 4620 1772 4675 αὑτῶν
1814 4629 2073 4699 κρατοῦν-

436 4725 546 4777 τες,
602 4707 815 4787 ταχέως
883 4708 1270 4788 ἀναχωροῦσιν.
1355 4705 1609 4771 Ἀκούσας
1692 4707 1747 4763 δὲ
1829 4714 1991 4764 ταῦτα
2047 4709 2075 4763 6

436 4791 682 4872 Ἀνδρέας
768 4798 855 4853 καὶ
940 4796 1350 4876 σπλαγχνισθεὶς
1425 4795 1626 4863 ἀπῆλθε
1681 4797 1812 4876 πρὸς
1868 4795 2021 4852 αὐτόν
2056 4812 2069 4826 ⁸

440 4881 693 4949 συνῆλθον
761 4882 816 4939 δὲ
896 4887 983 4941 καὶ
1060 4883 1211 4941 ἄλλοι
1277 4884 1337 4941 ἐκ
1404 4891 1494 4941 τοῦ
1548 4882 1678 4940 λαοῦ
1731 4882 1940 4946 πολλοί.
2018 4877 2075 4943 Ὀ

2155 4355 2447 4417 accedens
2476 4355 2549 4418 ad
2580 4374 2716 4417 eum
2749 4355 2900 4418 dixit
2927 4378 2940 4416 :
2999 4355 3178 4419 Sanat
3225 4363 3284 4418 te
3312 4354 3484 4421 Jesus
3513 4352 3801 4429 Christus,

2154 4461 2352 4521 surge.
2387 4445 2460 4506 Et
2490 4444 2804 4507 confestim
2857 4445 3115 4507 surrexit
3174 4463 3376 4507 sanus.
3408 4442 3481 4506 Et
3506 4440 3807 4524 accipiens

2155 4550 2289 4593 eum
2323 4531 2460 4594 lavit
2486 4533 2547 4594 in
2574 4533 2754 4609 mari;
2808 4541 2867 4596 et
2884 4535 3042 4596 facta
3064 4540 3306 4597 estcaro
3337 4533 3468 4614 ejus
3486 4534 3639 4595 sicut
3668 4547 3805 4592 caro

2156 4619 2380 4699 parvuli
2412 4628 2469 4682 et
2497 4620 2813 4684 mundatus
2870 4630 2980 4685 est.
3042 4621 3313 4685 Andreas
3363 4628 3564 4685 autem
3591 4619 3673 4682 ait
3699 4618 3803 4682 ei:

2158 4706 2472 4770 Circumda
2504 4709 2610 4771 tibi
2639 4709 3055 4773 vestimentum
3087 4718 3282 4793 tuum,
3314 4718 3372 4774 et
3401 4710 3579 4773 ablue
3607 4707 3811 4788 culpas

2158 4803 2286 4858 tuas
2317 4796 2570 4859 credens
2587 4798 2850 4862 Christo.
2874 4800 2951 4863 Et
2972 4798 3329 4882 baptizatus,
3360 4797 3580 4882 gratias
3600 4812 3806 4878 agens,

2157 4893 2397 4948 secutus
2429 4894 2518 4948 est
2549 4905 2708 4950 eum.

433 4968 489 5024 δὲ
516 4969 755 5051 Ἀνδρέας
784 4973 999 5052 ἐγγίσας
1024 4973 1164 5048 αὖτῷ
1191 4972 1335 5053 λέγει
1369 4993 1385 5011 ο
1421 4971 1584 5031 ’ἰᾶταί
1610 4994 1669 5028 σε
1700 4970 1902 5041 Ἰησοῦς
1933 4975 1961 5030 ὁ
1992 4977 2212 5055 Χριστός
2247 4994 2263 5010 ⁸
2320 4976 2543 5040 ἀνάστα.
2600 4979 2699 5035 Καὶ
2753 4977 2941 5045 εὐθέως
2978 4978 3172 5047 ἀνέστη
3202 4977 3513 5057 ὑγιήςηΚαὶ
3540 4975 3808 5054 κρατήσας

436 5058 591 5150 αὐτὸν
623 5058 830 5120 ἔλουσεν
858 5064 931 5126 εἷς
958 5063 1058 5150 ,ἰὴν
1080 5062 1343 5121 θάλασσαν
1376 5079 1391 5096 ⁸
1423 5063 1512 5119 καὶ
1540 5061 1748 5142 ἐγένετο
1774 5065 1809 5131 ἡ
1844 5061 1967 5142 σὰρξ
1996 5066 2152 5150 αὐτοῦ
2178 5066 2303 5121 ὡσεὶ
2331 5064 2606 5146 παιδάριου
2654 5076 2862 5148 μικροῦ,
2911 5070 3005 5125 καῖ
3027 5054 3356 5146 ἐκαθαφίάθη.
3393 5054 3451 5123 Ὀ
3481 5061 3536 5120 δὲ
3565 5059 3811 5141 Ἀνδρέας

438 5149 593 5206 εἶπεν
621 5153 763 5227 αὐτῷ
790 5171 805 5185 ⁸
837 5148 1130 5231 Περιϐαλοῦ
1152 5154 1213 5211 τὸ
1243 5153 1451 5230 ἱμάτιόν
1478 5174 1571 5211 σου
1592 5152 1688 5239 ,καὶ
1713 5150 2003 5213 ἀπόλουσαι
2031 5148 2130 5223 τὴς
2161 5155 2416 5234 ἁμαρτίας
2446 5177 2562 5236 σου,
2619 5158 2984 5223 πεπιστευκὼς
3012 5163 3089 5234 τῷ
3118 5160 3350 5239 Χριστῷ.
3384 5154 3483 5215 Καὶ
3509 5150 3814 5231 βαπτισθεὶς

439 5243 763 5321 εὔχαριστῶν
793 5240 1092 5312 ἠκολούθει.
1582 5238 1599 5244 ’

1850 5410 2049 5475 Variae
2066 5411 2387 5491 lectiones.

527 5539 657 5621 (45)
682 5538 756 5602 Ει
778 5536 1070 5621 Ἐπιδάμια
1098 5548 1159 5605 et
1186 5541 1465 5625 Ἐφιδαμία
1520 5542 1584 5605 in
1629 5541 1742 5607 00d
1775 5519 2086 5628 nuncupa;
2404 5549 2734 5628 Βουλόμενος
2761 5550 2896 5617 Vat.

449 5628 646 5707 tur.“
771 5704 781 5707 _
912 5700 970 5707 __
1076 5700 1090 5707 _
1413 5702 1462 5707 __
1696 5702 1709 5707 _
1877 5704 1891 5707 Α
1979 5626 1996 5628 “

2252 5626 2382 5707 (48)
2412 5639 2452 5689 Ο
2481 5629 2536 5687 δὲ
2578 5626 2640 5691 οὐ
2665 5631 2976 5701 κατεδέξατο
3004 5630 3143 5701 Vat.

530 5699 654 5782 (46)
691 5704 825 5782 Πρὸς
859 5700 1200 5768 addendum
1232 5709 1381 5769 erat.
1412 5702 1543 5770 Non
1577 5709 1670 5769 est
1692 5702 1757 5767 in
1786 5704 1920 5772 cod.

2249 5699 2373 5786 (49)
2406 5710 2764 5791 Παραλυτικός
2793 5699 2927 5777 νει.
