4068 6112
380 275 501 345 247

1678 264 2081 370 EPIPHANII
2118 263 2468 332 MONACHI

3633 264 3750 333 248

454 359 725 493 Vulgatis
753 414 954 474 autem
995 408 1091 473 his
1142 407 1430 491 prodigiis
1481 405 1672 488 factis,
1723 359 1882 466 etiis
1911 397 2003 483 qui

2180 398 2487 493 AtaCo'drtov
2544 401 2634 460 οὗν
2685 402 2857 459 αύτῶν
2931 409 3036 462 τῶν
3113 401 3393 480 θαυμάτων
3449 399 3595 483 [τῶν]
3644 421 3742 479 γε-

374 501 568 565 sanati
596 507 766 564 erant
818 495 1214 562 clamantibus
1269 496 1332 559 in
1385 495 1662 558 universa
1713 495 2017 557 Patrarum

372 591 614 656 Achaiae
637 589 894 665 civitate,
921 595 981 651 et
1001 588 1063 650 in
1087 586 1249 648 omni
1269 585 1514 666 regione
1543 584 1666 660 illa,
1699 581 2018 644 attulerunt

373 679 433 744 ei
460 677 858 742 daemoniacos
887 685 944 740 et
968 677 1236 739 inﬁrmos
1271 696 1288 752 ;
1335 681 1394 737 et
1439 673 1686 737 verbum
1715 666 2019 734 eharitatis

371 775 711 833 contestans
741 765 850 841 eis,
881 772 940 828 et
957 765 1202 840 docens,
1251 762 1623 826 invocatione
1670 757 1887 824 Christi
1917 773 2018 818 sa-

369 856 532 920 navit
552 872 782 919 omnes.
810 853 1452 919 Subvertebentautem
1466 847 2016 932 templaidolorum,

371 953 431 1010 et
459 944 846 1010 conteberant
902 951 1124 1006 statuas
1182 960 1400 1005 aureas
1454 947 1514 1002 et
1565 943 1901 1019 argenteas,
1961 942 2022 996 et

367 1035 556 1098 libros
583 1033 1007 1097 incendebant.
1042 1031 1117 1094 Et
1162 1031 1393 1094 divitias
1452 1029 1666 1092 multas
1694 1025 2020 1090 attulerunt

365 1124 443 1188 ad
473 1123 798 1206 Andream,
830 1123 932 1206 qui
979 1141 1086 1203 per
1141 1139 1351 1183 manus
1407 1117 1829 1206 discipulorum
1857 1114 2013 1177 divi-

366 1212 550 1276 debat
581 1231 679 1275 eas
711 1204 995 1294 orphanis
1029 1217 1088 1273 et
1113 1209 1326 1286 viduis,
1361 1215 1418 1271 ct
1469 1207 1532 1269 in
1561 1204 2011 1294 aediﬁcationem

365 1301 754 1364 ecclesiarum
783 1291 802 1378 ξ
835 1311 895 1363 et
927 1299 1077 1361 nihil
1107 1316 1312 1361 earum
1361 1296 1506 1377 ipsis
1535 1313 1683 1377 opus
1712 1300 1863 1368 erat,
1897 1291 2013 1353 nisi
2051 1372 2058 1376 .

2097 489 2333 565 νομένων
2374 489 2463 547 καὶ
2518 495 2625 548 τῶν
2681 491 2929 549 ἷαθέντων
2982 491 3228 570 βοώντων
3284 491 3339 548 ἐν
3393 492 3588 554 πάσαις
3619 502 3741 554 ταῖς

2099 579 2328 658 Πάτραις
2359 583 2459 646 τῆς
2489 577 2727 661 Ἀχαΐας
2755 581 2844 639 καὶ
2877 579 2930 637 ἐν
2987 579 3088 659 ὅλῃ
3144 586 3212 659 τῇ
3246 587 3318 661 γῇ
3347 579 3544 658 ἐκείνῃ,
3574 598 3743 658 προσ-

2098 667 2279 749 ἐφερον
2342 669 2487 744 αύτῷ
2551 671 2672 734 τοὺς
2759 668 3138 747 δαιμονιῶντας
3213 672 3300 728 καὶ
3351 670 3689 731 ἀσθενοῦντας
3722 677 3742 699 ⁹

2099 757 2187 814 καὶ
2249 759 2342 814 τὸν
2395 757 2557 837 λόγον
2613 764 2712 827 τῆς
2760 761 2982 840 χάριτος
3033 759 3508 840 διαμαρτυρόμενος
3564 759 3746 820 αὐτοῖς

2098 846 2186 902 καὶ
2242 848 2526 926 κατηχῶν,
2594 853 2664 924 τῇ
2749 846 3026 920 ἐπικλήσει
3101 858 3192 908 τοῦ
3261 856 3487 928 Χριστοῦ
3541 845 3741 910 πάντας

2099 935 2239 994 ἰᾶτο.
2326 934 2685 1015 Κατέστρεφον
2753 934 2808 993 δέ
2888 938 3010 1003 τοὺς
3093 938 3246 1003 ναοὺς
3326 943 3432 994 τῶν
3487 933 3736 1010 εἰδώλων,

2098 1025 2187 1080 καὶ
2242 1022 2532 1082 κατέκλειον
2575 1025 2640 1082 τὰ
2680 1023 2838 1091 ξόανα
2892 1027 2959 1083 τὰ
3015 1033 3186 1107 χρυσᾶ
3240 1025 3328 1084 καὶ
3379 1025 3598 1104 ἀργυρᾶ,
3648 1024 3737 1080 καὶ

2098 1111 2376 1170 κατέκαιον
2423 1113 2520 1177 τὰς
2573 1111 2804 1191 βίϐλους.
2865 1117 2966 1174 Καὶ
3020 1114 3193 1173 πολλὰ
3249 1115 3508 1196 χρήματα
3537 1111 3738 1192 προσέ-

2095 1221 2250 1282 φερον
2302 1205 2378 1276 τῷ
2432 1199 2650 1281 Ἀνδρέᾳ
2683 1218 2698 1235 ·
2783 1205 2812 1260 6
2869 1201 2924 1259 δὲ
2980 1203 3063 1261 διὰ
3115 1209 3220 1261 τῶν
3277 1207 3525 1280 μαθητῶν
3578 1198 3738 1257 ἐδίδου

2094 1289 2222 1345 αὒτὰ
2251 1303 2368 1354 τοῖς
2423 1291 2673 1372 ὀρφανοῖς
2733 1292 2821 1350 καὶ
2874 1305 2998 1358 ταῖς
3055 1293 3252 1374 χήραις
3307 1292 3394 1349 καὶ
3449 1292 3521 1355 εἷς
3570 1290 3737 1347 κτίσιν

364 1389 525 1472 quod
555 1396 714 1454 esset
739 1376 1166 1452 necessarium.
1222 1376 1490 1448 Tradidit
1516 1376 1713 1447 autem
1744 1382 1830 1444 eis
1859 1384 2003 1444 Tes-

2093 1376 2388 1446 ἐκκλησιῶν
2420 1395 2435 1410 ⁸
2492 1381 2580 1437 καὶ
2656 1378 2801 1439 οῦδὲν
2878 1378 2930 1446 ἐξ
2998 1385 3168 1441 αὐτῶν
3246 1381 3505 1461 ἐχρῶντο,
3558 1379 3602 1434 εἰ
3659 1377 3736 1452 μή

362 1464 689 1542 {amentum
721 1479 904 1541 Vetus
935 1483 994 1540 et
1019 1473 1398 1553 Evangelium
1431 1490 1448 1551 ;
1483 1481 1540 1535 et
1569 1479 1873 1554 postquam
1905 1488 2003 1532 or-

2090 1488 2141 1554 τι
2190 1464 2313 1547 (50)
2343 1468 2410 1536 ἧν
2467 1468 2788 1549 ἀναγκαῖον.
2847 1467 3125 1550 Παρεδίδου
3179 1467 3234 1525 δὲ
3278 1469 3460 1534 αὐτοῖς
3489 1472 3585 1535 τῆν
3617 1473 3734 1522 Πα-

363 1567 625 1631 dinasset
641 1567 726 1629 eis
748 1566 1086 1629 sacerdotes
1098 1571 1155 1626 et
1173 1563 1475 1637 diaconos,
1497 1553 1674 1642 jussit
1695 1560 2003 1622 ecclesiam

2089 1553 2241 1612 λαιὰν
2275 1558 2546 1628 Διαθήκην
2573 1559 2662 1614 καὶ
2719 1560 2781 1615 τὸ
2838 1558 3158 1638 Εὖαγγέλιον
3193 1573 3207 1590 ⁸
3267 1559 3356 1616 καὶ
3412 1556 3732 1638 χειροτονή-

361 1658 494 1720 ﬁeri
523 1674 818 1737 magnam,
852 1654 1142 1717 mandans
1169 1653 1322 1715 utin
1355 1651 1542 1714 muris
1571 1649 2003 1712 describeretur

2089 1667 2183 1710 σας
2238 1646 2420 1710 αὖτοῖς
2501 1645 2878 1728 πρεσϐυτέρους
2962 1649 3050 1706 καὶ
3109 1646 3375 1714 διακόνους
3455 1645 3728 1703 ἐκέλευσεν

358 1709 818 1810 vagasita;
835 1709 1032 1808 v1.1.1;
1036 1709 1408 1816 ἓῖΝᾞνῖἶιηῙ
1422 1709 1538 1802 ἶΞῖ
1551 1709 1866 1818 magna
1879 1709 2000 1800 tes-

2099 1709 2384 1803 ἐκκλησίαυ
2406 1709 2414 1710 7
2439 1709 2674 1815 γενέσθαι
2758 1709 3030 1816 ξιαγ-άλην,
3097 1709 3373 1802 κελεύσας⁷
3424 1736 3623 1817 γράψαι
3678 1733 3732 1794 ἐν

363 1840 583 1911 tantur,
615 1851 805 1917 usque
833 1832 1013 1896 hodie
1044 1828 1420 1894 traditionem
1451 1826 1759 1893 habentes.

2089 1836 2200 1888 τοῖς
2257 1825 2430 1905 οίχοις
2495 1826 2594 1894 τὴν
2645 1825 2880 1884 Παλαιὰν
2943 1831 3202 1895 Διαθηκεν
3257 1827 3346 1884 καὶ
3411 1831 3511 1894 τὴν
3565 1823 3722 1896 Νέαν,

2083 1913 2156 1976 ὡς
2187 1915 2233 1969 οἱ
2263 1909 2493 1970 ἐντόπιυι
2551 1921 2916 1997 μαρτυροῦσιν,
2973 1915 3137 1998 μέχρι
3191 1921 3292 1984 τῆς
3349 1915 3584 1995 σήμερον
3626 1911 3726 1980 τὴν

2083 1999 2370 2082 παράδοσιν
2399 2001 2640 2082 ἔχοντες.

439 2077 768 2172 Proconsul
798 2086 994 2172 autem
1024 2081 1321 2172 iEgeates,
1354 2083 1897 2172 postquamsanata
1918 2083 2003 2140 est

2164 2077 2226 2150 10
2285 2089 2340 2147 δὲ
2387 2077 2677 2158 ἀνθύπατος
2733 2092 2995 2172 Αἶγεάτης
3051 2093 3165 2171 ἅμα
3217 2101 3295 2169 τῷ
3362 2094 3572 2172 ἰαθῆναι
3626 2090 3726 2158 τὴν

357 2191 509 2234 uxor
534 2171 686 2252 ejus,
719 2170 864 2234 abiit
915 2173 1167 2236 Romam
1223 2169 1298 2232 ad
1357 2167 1654 2263 Caesarem
1673 2168 2000 2263 Neronem.

2089 2193 2313 2259 γυναῖκα
2367 2181 2524 2238 αὒτοῦ
2597 2167 2919 2258 ἐδεδήμησεν
2994 2167 3100 2263 *εἰς*
3158 2167 3282 2263 (Sil
3353 2182 3450 2239 τὸν
3512 2171 3724 2256 Ῥώμην

355 2259 624 2353 Habebat
647 2268 845 2324 autem
866 2260 1106 2353 fratrem
1136 2258 1388 2353 nomine
1409 2255 1781 2353 Stratoclem,
1815 2256 2003 2353 Athe:

2089 2254 2209 2348 πρὸς
2265 2269 2354 2325 τὸν
2408 2269 2642 2349 Καίσαρα
2694 2254 2929 2349 Νέρωνα,
2991 2254 3178 2353 Ἔσχε·
3212 2254 3279 2328 δὲ⁷
3325 2268 3548 2350 ἀδελφὸν
3607 2254 3722 2325 δνό-

356 2349 451 2438 nis
479 2355 816 2438 versantem
846 2347 1214 2438 educationis
1243 2345 1456 2438 gratia.
1484 2344 1655 2438 _l_)u_m
1686 2344 2003 2438 proconsul

2089 2344 2206 2431 αατι
2275 2344 2641 2438 Στρατοκλῆν,
2702 2344 2779 2422 ὃς
2828 2358 2892 2427 ἧν
2945 2344 3190 2429 Ἀθήναις
3247 2344 3483 2421 παιδείας
3540 2355 3724 2436 χάριν.

351 2433 557 2525 Romae
577 2436 842 2525 degeret,
873 2437 1194 2500 Stratocles
1217 2435 1393 2525 rediit
1407 2433 1752 2525 abjAthenis
1774 2436 1996 2525 Patras:

2089 2451 2184 2502 Τοῦ
2240 2443 2295 2500 δὲ
2352 2433 2642 2507 άνθυπάτου
2712 2445 2860 2511 ὄντος
2936 2447 2990 2504 ἐν
3069 2439 3249 2525 (Ρώμῃ
3307 2449 3335 2504 6
3387 2433 3723 2522 Στρανοκλὴς

352 2523 461 2606 qui
489 2542 728 2586 servum
757 2524 1016 2587 habebat
1072 2523 1518 2616 charissimum,
1552 2523 1792 2616 nomine
1821 2521 1998 2584 Alca—

2089 2531 2372 2596 ἐπανῆλθεν
2425 2534 2532 2591 ἀπὸ
2559 2533 2794 2604 Ἀθηνῶν
2823 2536 2879 2592 ἐν
2935 2521 3235 2616 Πάτραις)-
3271 2536 3328 2600 ὃς
3386 2521 3515 2614 εἶχε
3544 2531 3723 2590 δοῦλον

351 2629 611 2702 manam.
663 2613 930 2693 Agitatus
981 2621 1180 2676 autem
1235 2632 1270 2675 a
1329 2612 1596 2702 daemone
1651 2612 2000 2702 Alcamanas

2089 2624 2218 2684 πάνυ
2297 2623 2574 2702 ἀγάπητὸν
2671 2625 2894 2702 ὀνόματι
2991 2612 3350 2702 Ἀλκαμανάν.
3451 2612 3722 2702 Κρουσθεὶς

347 2700 689 2792 volvebatur
742 2720 1075 2784 spumans;
1162 2719 1338 2792 quem
1414 2700 1624 2762 videns
1678 2698 2001 2792 Stratocles

2089 2708 2135 2766 δὲ
2199 2712 2300 2768 ὑπὸ
2347 2698 2602 2789 ’δαίμονος
2659 2715 2686 2770 ὁ
2744 2698 3080 2790 ’Ᾰλκαμανὰς
3153 2698 3383 2771 ἐκυλίετο
3446 2698 3670 2792 ἀφρίζων
3700 2724 3721 2744 ⁸

351 2790 730 2854 contristatus
760 2797 851 2881 est
880 2809 1070 2881 usque
1127 2791 1202 2853 ad
1259 2795 1538 2866 mortem,
1571 2795 1633 2881 et
1659 2788 2000 2881 ambigebat

2089 2799 2138 2855 ὂν
2195 2798 2318 2856 ἰδὼν
2375 2801 2404 2856 6
2447 2788 2794 2881 ίΣτροτοκλῆς
2870 2788 3106 2872 ἐλυπήθη
3177 2802 3278 2866 ἕως
3335 2788 3572 2874 θανάτου,
3631 2798 3720 2855 καὶ

349 2881 496 2970 quid
519 2889 740 2970 ageret.
764 2880 1083 2944 Maximilla
1101 2887 1320 2959 autem,
1347 2898 1515 2942 soror
1529 2880 1674 2970 ejus,
1711 2879 1997 2942 nuntiavit

2089 2885 2315 2968 Βίηπόρει
2361 2890 2412 2945 τί
2462 2879 2667 2970 πράξει.
2735 2888 3032 2966 Μαξιμίλλα
3084 2889 3139 2946 δὲ
3195 2893 3230 2959 ἡ
3287 2890 3462 2969 νύμφη
3533 2887 3715 2966 αὖτοῦ,

351 2969 408 3065 ei
429 2987 560 3065 quae
578 2969 951 3065 deAndrea
971 2978 1160 3065 erant,
1203 2978 1262 3032 et
1289 2969 1587 3065 quomodo
1615 2977 1816 3065 sanata
1844 2977 1933 3032 est
1960 2990 1991 3030 a

2089 2975 2407 3058 Ξπήγφειλεν
2460 2969 2603 3054 αύτῷ
2658 2979 2726 3036 κὰ
2779 2981 2934 3037 κατὰ
2991 2980 3081 3036 τὸν
3139 2977 3405 3058 Ἀνδρέαν,
3459 2977 3548 3035 καὶ
3600 2981 3716 3041 πῶς

348 3056 555 3149 lethali
600 3057 790 3149 febre.
844 3057 956 3132 Qui
1011 3059 1262 3122 audiens
1317 3057 1618 3149 advocavit
1669 3058 1989 3149 Andream.

2089 3065 2195 3133 ζάθη
2246 3056 2366 3123 ίᾶπὸ
2446 3074 2538 3124 τοῦ
2604 3071 2882 3127 θανατικοῦ
2951 3075 3196 3149 πυρετοῦ.
3257 3056 3315 3128 ξΟ
3373 3056 3429 3124 δὲ
3485 3064 3714 3130 ἀκούσας

347 3145 453 3238 Ille
463 3146 914 3238 superveniens,
929 3149 1326 3238 comminatus
1337 3147 1749 3238 esqimmundo
1762 3147 1995 3238 spiritui

2089 3153 2501 3234 προσεκαλέσατο
2568 3157 2659 3213 τὸν
2718 3155 2985 3238 Ἀνδρέαν.
3026 3145 3103 3216 ἰΟ
3169 3156 3226 3214 δὲ
3292 3174 3717 3237 παραγενομένος

349 3234 585 3300 dicens:
606 3237 673 3326 In
685 3236 934 3326 nomine
945 3236 977 3301 J
984 3236 1336 3326 esuChristi,
1363 3237 1462 3326 e_xi
1490 3235 1563 3298 ab
1587 3236 1698 3326 hoc
1727 3233 1988 3326 homine,

2089 3233 2362 3320 ἐπετίμησε
2457 3250 2534 3320 τῷ
2625 3233 2902 3326 ἀκαθαρτῳ
2982 3247 3236 3324 πνεύματι
3322 3233 3482 3303 εἰπών
3517 3259 3530 3275 ⁸
3628 3240 3720 3300 Ἐν

351 3330 502 3388 etne
521 3324 773 3406 amplius
791 3324 1056 3388 introeas
1085 3325 1145 3387 in
1171 3343 1330 3387 eum.
1371 3323 1442 3386 Et
1463 3325 1666 3413 statim
1688 3322 1838 3413 exiit
1864 3323 1992 3404 spi-

2089 3331 2292 3408 ἰνόματι
2349 3328 2526 3400 Ἰησοῦ
2600 3322 2824 3413 Χριστοῦ
2897 3332 3067 3401 ’έξελθε
3115 3322 3246 3393 νᾶπὸ
3300 3341 3391 3392 τοῦ
3447 3332 3718 3412 ἀνθρώπου

347 3415 522 3488 ritus,
556 3421 614 3476 et
643 3417 884 3477 sanatus
911 3421 1002 3476 est
1030 3433 1100 3476 ex
1130 3414 1230 3476 illa
1261 3415 1431 3476 hora.
1462 3412 1631 3474 Tunc
1680 3411 1992 3475 Stratocles

2089 3421 2160 3477 ιαὶ
2217 3419 2416 3497 μημέτι
2497 3411 2734 3500 εἰσελθῇς
2815 3425 2888 3488 εἷς
2970 3423 3150 3483 αὐτόν.
3237 3424 3336 3481 Καὶ
3410 3411 3596 3484 εὐθέως
3656 3420 3718 3477 τὸ

349 3500 604 3590 credidit
631 3520 765 3564 cum
813 3501 976 3564 omni
1032 3502 1210 3565 domo
1272 3520 1401 3579 sua,
1460 3509 1518 3564 et
1545 3500 1868 3583 baptizatus
1899 3509 1990 3566 est

2089 3517 2278 3586 πνεῦμα
2337 3507 2570 3587 ἐξῆλθεν,
2631 3513 2720 3568 καὶ
2792 3512 2912 3579 ἰάθη
2977 3511 3082 3568 ἀπὸ
3137 3517 3234 3580 τῆς
3291 3510 3430 3590 ὥρας
3487 3509 3713 3576 ἐκείνης.

344 3589 476 3678 ipse
506 3597 564 3652 et
591 3590 915 3655 Mavimilla
970 3609 1143 3653 soror
1199 3593 1352 3671 ejus,
1411 3597 1471 3652 et
1523 3589 1898 3672 Ephidamia,
1933 3598 1990 3652 et

2089 3597 2202 3655 Γότε
2243 3599 2271 3655 6
2299 3598 2639 3678 Στρατοκλῆς
2692 3599 2962 3657 επίστευσε
3016 3601 3106 3657 σὺν
3163 3599 3272 3674 ὅλῳ
3325 3589 3401 3674 τῷ
3449 3596 3586 3670 οἴκῳ
3615 3601 3713 3656 αύ-

344 3677 532 3741 turbae
558 3679 776 3761 multa},
803 3687 861 3741 et
889 3687 1055 3742 erant
1089 3681 1250 3742 omni
1280 3687 1550 3762 tempore
1586 3698 1720 3742 cum
1752 3679 1990 3742 Andrea

2089 3695 2185 3761 τοῦ,
2268 3677 2385 3744 καὶί
2440 3685 2728 3756 ἐϐαπτίσθη
2809 3691 2965 3752 αὐτὸς
3033 3689 3120 3745 καὶ
3196 3690 3232 3757 ἡ
3300 3684 3618 3762 Μαξιμίλλα,
3677 3685 3713 3753 ἡ

343 3774 403 3858 et
431 3766 711 3858 fratribus
740 3767 1316 3858 laetantes.Andreas
1350 3777 1547 3858 autem
1586 3778 1762 3832 nocte
1803 3776 1864 3832 et
1892 3771 1988 3834 die

2089 3775 2247 3856 νύμφη
2293 3773 2474 3851 αὖτοῦ,
2532 3777 2619 3833 καὶ
2672 3774 2952 3858 Ἐφιδαμία
3007 3779 3092 3834 καὶ
3148 3775 3326 3847 πλήθη
3377 3773 3572 3849 πολλὰ,
3625 3775 3714 3831 καὶ

341 3853 708 3934 hortabatur,
769 3863 832 3919 et
885 3857 1453 3922 commonefaciebat
1537 3876 1746 3920 omnes
1803 3867 1868 3921 ut
1925 3859 1986 3921 in

2089 3853 2202 3933 ἦσαν
2245 3863 2330 3921 διὰ
2368 3865 2569 3944 παντὸς
2620 3865 2711 3923 σὺν
2747 3853 2845 3939 ⁷τῷ
2897 3863 3110 3943 Ἀνδρέᾳ
3158 3865 3245 3922 καὶ
3289 3876 3407 3928 τοῖς
3462 3861 3712 3944 ἀδελφοῖς

341 3944 461 4034 iide
491 3953 824 4028 manerent,
855 3953 912 4009 et
940 3947 1310 4010 custodirent
1357 3948 1549 4027 legem
1603 3951 1663 4011 et
1715 3947 1984 4029 Evange-

2089 3951 2486 4032 ἱγαλλιώμενοι.
2559 3943 2615 4012 Ὀ
2698 3951 2752 4009 δέ
2824 3950 3068 4034 Ἀνδρέας
3126 3954 3312 4018 νυκτὸς
3368 3953 3457 4010 καὶ
3511 3943 3712 4034 ἡμέρας

341 4032 512 4111 lium,
553 4042 613 4098 et
641 4043 920 4098 curarent
946 4038 1227 4114 animam,
1257 4055 1472 4119 corpus
1496 4043 1693 4099 autem
1725 4037 1992 4118 despice-

2089 4039 2356 4120 παρεκάλει
2455 4041 2545 4098 καὶ
2638 4040 2892 4100 ἐνουθέτει
2950 4032 3222 4115 ἠπάντας,
3306 4039 3550 4118 ἐμμένειν

339 4131 497 4201 rent,
557 4129 624 4186 ut
705 4124 838 4205 puri
912 4132 1134 4204 essent,
1213 4133 1638 4208 temperantes,
1702 4127 1984 4207 virgines,

2089 4133 2242 4187 τίστει
2297 4129 2385 4187 καὶ
2437 4129 2719 4210 φυλάσσειν
2773 4132 2864 4188 τὸν
2922 4130 3084 4207 νόμον
3139 4132 3226 4188 καὶ
3279 4131 3340 4189 τὸ
3369 4129 3712 4210 Εὐαγγέλιον,

341 4212 668 4301 sapientes,
721 4213 1074 4293 injustitiam
1136 4221 1479 4296 paterentur
1535 4234 1647 4278 nec
1701 4215 1984 4293 facerent,

2089 4217 2437 4282 ιπιμελεῖσθαι
2493 4224 2702 4301 ψυχῆς,
2777 4221 3023 4298 σώματος
3078 4217 3133 4276 δὲ
3187 4233 3561 4300 καταφρονεῖν,
3619 4222 3714 4300 ἁγ-

341 4318 464 4362 non
491 4299 808 4391 garrirent,
840 4320 952 4391 nec
982 4303 1400 4386 mentirentur,
1440 4304 1546 4368 sed
1577 4303 2003 4388 indesinenter;

2089 4309 2258 4388 νεύειν,
2385 4299 2807 4388 ἐγκρατεύεσθαι,
2937 4310 3291 4390 παρθενεύειν,
3342 4299 3348 4300 ⁷
3368 4299 3374 4300 ⁷
3409 4299 3708 4391 συφρονεῖν,

342 4397 606 4478 orarent.
633 4388 958 4454 Maximilla
1009 4399 1216 4457 autem
1273 4411 1396 4458 non
1453 4392 1880 4457 secernebatur
1909 4395 1981 4458 ab

2089 4396 2381 4475 ιδικεῖσθαι,
2451 4399 2539 4454 καὶ
2625 4399 2702 4474 μὴ
2786 4388 3026 4478 ἀδικεῖν,
3087 4398 3164 4474 μὴ
3240 4388 3511 4478 φλυαρεῖν,
3575 4388 3712 4474 μηδέ

340 4475 450 4540 eis.
2066 4484 2342 4565 ψεύδεσθαι
2375 4483 2522 4568 (52),
2556 4485 2694 4544 ἀλλὰ
2736 4475 3083 4552 ἀδιαλείπτως
3126 4475 3528 4568 προσεύχεσθαι,
3565 4480 3627 4544 Ἦ
3655 4485 3710 4544 δὲ

2065 4573 2368 4652 Μαξιμίλλα
2397 4577 2492 4634 οὐκ
2530 4576 2818 4656 ἐχωρίζετο
2847 4575 3040 4638 αὐτῶν.

2146 4663 2237 4722 Ἐν
2267 4665 2468 4729 τούτοις
2527 4667 2556 4722 6
2603 4665 2864 4745 Αἷγεάτης
2921 4664 3260 4745 παραγίνεται
3309 4663 3415 4722 ἀπὸ
3468 4674 3560 4725 τοῦ
3589 4667 3710 4725 Καί·

2065 4774 2248 4834 σαρος,
2302 4753 2389 4810 καὶ
2443 4751 2632 4818 εὗθέως
2687 4752 2950 4834 προσῆλθε
2991 4759 3060 4831 τῇ
3115 4753 3320 4833 γυναικὶ
3370 4755 3527 4813 αὐτοῦ
3580 4761 3704 4811 Μα-

2065 4841 2278 4919 ξιμίλλῇ
2302 4860 2317 4877 °
2377 4843 2413 4912 ἡ
2442 4839 2497 4899 δὲ
2553 4842 2652 4911 τὴν
2713 4841 2830 4900 ὁδὸν
2888 4849 2980 4900 τοῦ
3037 4850 3261 4923 Χριστοῦ
3315 4843 3617 4925 κατέχουσα
3649 4848 3708 4904 οῦ

2063 4929 2373 4996 κατεδέξατο
2465 4932 2641 5006 αὑτὸν,
2742 4930 2879 4988 ἀλλὰ
2994 4934 3422 5012 προσεποιήσατο
3502 4948 3704 4996 νοσεῖν.

2068 5010 2308 5098 Ἦμερῶν
2376 5016 2430 5074 δὲ
2487 5017 2871 5098 διαγενομένων
2947 5010 3047 5077 καὶ.
3091 5021 3168 5096 μὴ
3223 5020 3551 5099 βουλομένης
3620 5027 3710 5083 αὒ-

2061 5113 2160 5176 τῆς
2233 5107 2646 5187 συγκαθευδῆσαι
2727 5116 2804 5184 τῷ
2884 5109 3138 5190 Αίγεάτῃ,
3229 5112 3384 5174 αὐτὸς
3441 5109 3705 5192 διηπόρει.

417 4652 582 4718 Inter
607 4654 737 4720 haec
783 4654 1056 4738 Egeates
1111 4656 1430 4722 revertitur
1484 4657 1559 4721 ad
1621 4658 1983 4742 (invisendo)

339 4743 594 4821 Caesare,
631 4750 692 4809 et
719 4746 913 4808 statim
945 4748 1194 4810 accessit
1228 4749 1300 4812 ad
1331 4765 1572 4810 uxorem
1604 4766 1766 4811 suam
1800 4751 1985 4814 Maxi-

336 4831 565 4897 millam
593 4853 609 4912 ;
641 4851 772 4916 qua;
806 4833 958 4897 viam
1017 4834 1236 4898 Christi
1290 4843 1524 4914 tenens,
1576 4856 1696 4899 non
1721 4840 1985 4921 suscepit

336 4939 500 5004 eum,
525 4929 584 4985 et
602 4939 667 4985 se
687 4923 855 4985 ﬁnxit
877 4942 1117 5005 aegram.
1167 4924 1392 4988 Diebus
1414 4932 1612 4989 autem
1644 4928 1978 5005 transactis,

335 5017 397 5074 et
421 5011 659 5075 nolente
674 5011 804 5095 ipsa
821 5011 1086 5078 dormire
1125 5033 1260 5078 cum
1304 5015 1578 5096 Egeate,
1614 5015 1745 5096 ipse
1773 5017 1981 5080 anxius

333 5097 618 5168 haerebat.
638 5100 711 5164 Et
734 5120 890 5164 unus
909 5104 1362 5167 vernaculorum
1408 5104 1553 5167 dixit
1583 5104 1640 5168 ei
1663 5123 1798 5187 quae
1825 5106 1982 5169 circa

334 5187 629 5277 Andream
661 5197 852 5269 erant,
883 5191 1023 5273 quia
1059 5191 1239 5256 frater
1284 5200 1439 5270 tuus,
1487 5199 1543 5255 et
1590 5211 1738 5255 uxor
1767 5199 1887 5277 tua,
1923 5204 1982 5259 et

2089 5198 2163 5255 ἰαί
2235 5217 2316 5260 τις
2396 5203 2500 5254 τῶν
2555 5199 2836 5276 οἰκογενῶν
2888 5198 3042 5256 εἶπεν
3111 5199 3255 5274 αύτῷ
3309 5200 3376 5256 τὰ
3429 5202 3565 5257 κατὰ
3616 5204 3707 5258 τὸν

334 5283 456 5341 tota
484 5276 696 5342 domus
723 5287 825 5343 tua
850 5281 976 5348 Deo
1007 5282 1263 5347 Andreae
1289 5280 1688 5364 adhaeserunt,
1721 5289 1780 5346 et
1811 5276 1982 5347 casti-

2089 5283 2328 5368 Ανδρέαν,
2361 5282 2444 5343 ὅτι
2477 5276 2534 5347 ι0
2563 5283 2784 5368 ἀδελφός
2837 5306 2930 5343 σου
2983 5286 3072 5343 καὶ
3121 5289 3156 5358 ἡ
3186 5288 3320 5367 γυνή
3350 5309 3443 5348 σου
3469 5289 3556 5346 καὶ
3596 5295 3704 5356 πᾶς

1757 5453 1950 5520 Variae
1972 5451 2281 5523 lectiones.

411 5543 538 5744 τις
565 5577 907 5744 ima

2144 5584 2259 5666 (82)
2287 5584 2604 5648 Ψεύδευσθαι
2633 5583 2770 5650 Vat.

418 5657 538 5736 (δι)
565 5657 703 5736 Πρός
730 5657 866 5728 Vat.
