4068 6112
356 299 476 367 249

1687 293 1876 360 VITA
1914 291 1980 357 Β.
2024 282 2379 354 ANDREIE.

3599 282 3722 350 250

358 435 390 491 6
422 431 564 497 οἶκός
595 452 689 489 σου
731 437 810 506 τῷ
865 434 981 505 Θεῷ
1020 435 1112 485 τοῦ
1163 425 1407 507 Ἀνδρέου
1455 423 1750 505 προσῆλθον
1781 425 1868 482 καὶ
1895 423 1992 503 ἀγ-

2093 424 2272 484 tatem
2294 435 2532 482 servare
2560 417 2982 500 promiserunt.
3025 418 3192 480 Tunc
3233 414 3548 497 proconsul
3577 412 3727 476 dixit

358 523 520 581 νεύειν
547 519 1026 601 καθωμολόγησαν,
1085 520 1216 578 Τότε
1258 521 1287 575 6
1341 517 1634 580 ἀνθύπατος
1686 517 1811 575 εἶπε
1867 516 1998 595 πρὸς

359 610 683 688 Μαξιμίλλαν
729 611 826 679 τὴν
884 622 1110 689 γυναῖκα
1166 608 1324 667 αὒτοῦ
1358 625 1373 641 ⁸
1419 607 1664 673 Πείσθητί
1720 629 1834 681 μοι,
1866 604 1998 661 κάθ-

521 722 637 780 μοι,
700 701 790 756 καὶ
842 697 933 756 ’έσο
989 697 1136 776 κυρία
1192 696 1404 755 πάντων
1465 701 1570 752 τῶν
1620 694 1674 751 ἐν
1727 700 1806 768 τῷ
1864 690 2000 765 οἴκῳ

357 811 457 865 μου
489 807 507 826 ο
573 789 618 844 εἰ
671 787 736 856 δὴ
796 788 893 867 μὴ,
957 792 1161 865 σταυρῷ
1234 781 1560 864 παραδίδωμι
1617 784 1709 840 τὸν
1779 781 1998 851 ἀπατή-

353 877 517 934 σαντά
557 897 638 936 σε.
701 877 904 944 Ταύτης
949 874 1004 931 δὲ
1060 875 1138 950 μὴ
1196 871 1570 953 ἀνασχομένης
1626 873 1804 950 αὐτοῦ,
1863 868 1995 926 συλ-

353 962 644 1040 λαϐόμενος
697 965 790 1020 τὸν
845 961 1088 1043 Ἀνδρέαν
1144 959 1288 1019 ’έθετο
1344 959 1500 1016 αὐτὸν
1542 959 1597 1016 ἐν
1652 965 1720 1036 τῇ
1765 956 1992 1038 φυλακῇ.

354 1043 418 1110 Ἦ
474 1051 532 1109 δὲ
585 1049 883 1128 Μαξιμίλλα
939 1051 1102 1128 ἀπῄει
1159 1050 1288 1128 πρὸς
1351 1049 1507 1108 αὐτὸν
1568 1050 1656 1105 καὶ
1699 1045 1997 1108 ἐδιδάσκετο

349 1139 440 1198 ὑπ’
495 1141 651 1198 αὗτοῦ
706 1140 986 1216 ὑπομένειν
1040 1139 1135 1203 τὰς
1197 1136 1398 1215 θλίψεις
1433 1157 1451 1173 ο
1510 1136 1565 1193 ἐν
1631 1138 1846 1200 ταύταις
1898 1135 1998 1214 γὰρ

348 1233 412 1300 ἡ·
467 1229 709 1298 ἐπίδειξις
821 1235 920 1298 τῆς
1005 1227 1218 1308 βεϐαίας
1306 1227 1532 1292 πίστέως
1626 1225 1994 1288 ἐπιδείκνυται,

346 1321 511 1384 Γνοὺς
539 1319 593 1376 δὲ
637 1323 666 1377 6
715 1319 1030 1394 ἀνθύπατος,
1081 1317 1162 1375 ὅτι
1219 1318 1306 1374 καὶ
1361 1320 1409 1374 οἱ
1464 1314 1676 1397 ἀδελφοὶ
1718 1317 1999 1396 συνέρχον-

343 1432 434 1467 ται
463 1412 595 1489 πρὸς
628 1411 810 1488 αὐτὸν,
869 1408 1138 1488 ἐταράχθη
1189 1406 1276 1463 καὶ
1333 1407 1457 1464 εἷπε
1639 1404 1939 1482 Μαξιμίλλῃ
1975 1420 1988 1434 ·

325 1499 404 1556 Ἐἰ
466 1499 561 1574 μὲν
619 1496 922 1577 ἐπιστρέψει
979 1497 1037 1554 σὲ
1117 1500 1146 1553 6
1215 1495 1382 1575 γέρων
1439 1495 1664 1558 ἐκεῖνος
1700 1499 1993 1574 συγκαθευ-

337 1585 502 1655 δῆσαί
547 1610 660 1663 μοι,
724 1584 940 1644 ἀπολύω
997 1585 1152 1643 αὒτόν
1185 1601 1201 1618 ⁸
1263 1586 1306 1641 εἷ
1362 1583 1416 1640 δὲ
1475 1584 1574 1660 μὴ,
1635 1581 1720 1641 διὰ
1792 1584 1994 1663 τάχους

2080 513 2154 575 ad
2185 510 2563 578 Maximillam
2588 511 2900 590 conjugem
2921 527 3090 572 suam
3116 527 3131 573 :
3164 507 3526 588 Obtempera
3551 505 3719 583 mibi,

2082 601 2276 664 dormi
2299 619 2558 675 mecum,
2590 618 2764 663 secus
2781 607 2978 661 autem
3002 597 3164 660 cruci
3185 597 3412 660 tradam
3435 596 3721 676 decepto-

2081 712 2208 756 rem
2243 702 2428 756 tuum.
2469 691 2600 773 Ipsa
2623 700 2820 754 autem
2849 710 2966 753 non
2994 690 3222 754 ferente
3252 707 3414 763 eum,
3447 705 3712 768 compre-

2083 784 2336 847 hensum
2358 783 2658 846 Andream
2693 782 2946 861 conjeeit
2970 781 3032 843 in
3055 799 3380 844 carcerem.
3405 778 3721 842 Maximilla

2079 881 2276 935 autem
2305 871 2448 934 abiit
2488 873 2559 934 ad
2607 890 2763 946 eum,
2801 880 2859 932 et
2886 871 3152 933 discebat
3179 869 3252 933 ab
3284 889 3354 933 eo
3385 867 3720 931 tribulatio-
3782 886 3784 889 ·

2082 985 2188 1028 nes
2221 969 2336 1046 pati
2366 988 2378 1028 :
2413 965 2474 1026 in
2524 965 2614 1025 his
2647 965 2802 1027 enim
2833 983 2970 1026 vere
3004 963 3331 1026 ostenditur
3361 961 3496 1024 ﬁdei
3529 961 3719 1023 ﬁrmi-

2079 1062 2188 1120 tas.
2219 1056 2426 1120 Sciens
2455 1065 2656 1118 autem
2686 1055 3003 1136 proconsul
3053 1055 3207 1136 quod
3241 1062 3300 1116 et
3327 1054 3536 1114 fratres
3563 1050 3722 1113 veni-

2078 1146 2300 1207 rentad
2319 1165 2477 1221 eum,
2509 1145 2772 1206 turbatus
2793 1150 2881 1206 est
2917 1153 2975 1206 et
3004 1143 3091 1205 ait
3113 1142 3483 1205 Maximillae:
3517 1139 3716 1220 Siqui-

2080 1232 2217 1296 dem
2232 1234 2587 1298 converterit
2617 1243 2673 1296 te
2706 1253 2886 1296 senex
2917 1233 3018 1295 ille
3071 1241 3135 1295 ut
3163 1231 3522 1295 concumbas
3548 1229 3716 1305 mihi,

2075 1325 2332 1389 liberum
2365 1347 2500 1390 eum
2532 1327 2764 1389 dimitto
2793 1350 2809 1401 ;
2845 1328 2937 1389 sin
2971 1334 3165 1390 autem
3193 1325 3400 1387 ambos
3429 1323 3717 1384 festinan-

2077 1422 2168 1478 ter
2187 1417 2460 1497 perdam.
2483 1416 2753 1479 Veniens
2770 1425 2968 1477 autem
2988 1417 3062 1478 ad
3085 1433 3386 1477 carcerem
3405 1411 3720 1474 Maximilla

2077 1505 2363 1568 nuntiavit
2391 1507 2647 1568 Andr-ea:
2671 1512 2917 1567 cunctos
2940 1523 3247 1566 sermones
3282 1501 3392 1565 viri
3431 1500 3546 1562 sui.
3601 1501 3723 1562 An-

2077 1592 2251 1655 dreas
2282 1602 2474 1656 autem
2509 1595 2875 1658 conﬁrmavit
2906 1613 3036 1655 eam
3068 1594 3130 1655 in
3162 1593 3376 1654 timore
3403 1592 3534 1666 Dei,
3571 1597 3630 1650 et
3657 1594 3724 1650 ut

337 1675 749 1757 ἀπολέσω
806 1674 1152 1766 ἀμφοτέρους.
1214 1671 1468 1766 Ἐλθοῡσα
1523 1670 1578 1730 δὲ
1605 1674 1722 1766 ,εἷς-
1755 1674 1816 1766 τὸ
1864 1672 1986 1729 δεσ-

2077 1683 2272 1743 carnis
2301 1700 2500 1744 curam
2536 1701 2654 1743 non
2685 1683 2905 1744 faceret
2932 1682 2992 1743 in
3025 1680 3344 1756 desiderio,
3378 1679 3584 1742 dicens
3612 1676 3688 1766 ei_
3704 1697 3718 1740 :

343 1767 619 1845 μωτήριον
677 1767 712 1834 ἡ
774 1761 1070 1840 Μαξιμίλλα
1125 1760 1419 1840 ἀπήγγειλε
1472 1763 1551 1837 τῷ
1605 1757 1818 1838 Ἀνδρέᾳ
1847 1760 1988 1817 πάν-

341 1875 444 1917 τας
493 1854 615 1917 τοὺς
667 1851 857 1931 λόγους
912 1861 1028 1916 τοῦ,
1060 1849 1243 1930 ἀνδρὸς
1304 1852 1488 1916 αὐτῆς.
1563 1858 1603 1908 Ο
1632 1847 1686 1906 δὲ
1743 1846 1988 1927 Ἀνδρέας

341 1941 554 2019 μᾶλλον
607 1940 874 2022 ἐστήριξεν
929 1940 1092 2008 αὐτὴν
1150 1941 1222 2006 εἰς
1307 1940 1398 1996 τὸν
1455 1935 1615 2020 φόϐον
1680 1947 1775 1998 τοῦ
1834 1946 1984 2014 Θεοῦ,

341 2033 437 2088 καὶ
477 2036 577 2098 τῆς
609 2031 802 2110 σαρκὸς
854 2027 1104 2108 πρόνοιαν
1169 2029 1247 2104 μὴ
1296 2030 1560 2084 ποιεῖσθαι
1591 2027 1664 2090 εἰς
1693 2025 1986 2103 ἐπιθυμίαν,

338 2118 518 2198 λέγων
574 2119 707 2196 αὒτῇ
736 2135 756 2155 ⁶
834 2118 970 2196 Πρὸς
1028 2115 1204 2195 ὀλίγον
1257 2116 1560 2192 ὑπόμεινον,
1619 2115 1713 2172 ἵνα
1768 2115 1991 2179 αἰωνίως

338 2215 549 2288 χαρῇς,
627 2208 728 2267 Καὶ
793 2205 911 2283 ἐμοὶ
965 2203 1020 2261 δὲ
1071 2205 1216 2287 χαρά
1284 2203 1416 2281 ἐστι,
1476 2205 1567 2260 τὸν
1619 2203 1858 2288 θάνατον,
1899 2213 1992 2262 τοῦ

341 2299 535 2376 Κυρίου
566 2296 666 2372 μού
695 2295 1101 2374 ἀπενέγκασθαι,
1159 2295 1246 2350 καὶ
1300 2294 1390 2351 σὺν
1447 2297 1588 2367 αύτῷ
1647 2293 1812 2353 εἶναι.
1844 2283 1906 2349 (Η
1935 2291 1991 2349 δὲ

338 2386 568 2446 ἐλθοῦσα
593 2383 889 2464 ἀπήγγειλε
945 2389 1022 2458 τῷ
1050 2380 1212 2463 ἀνδρὶ,
1245 2381 1326 2438 ὅτι
1356 2390 1458 2441 Τοῦ
1485 2381 1708 2439 θανάτου
1740 2380 1990 2464 ὀρέγομαι

338 2474 552 2551 μᾶλλον
815 2473 914 2540 τὴν
948 2453 1270 2552 συφροσύνην
1327 2492 1428 2548 μου
1454 2468 1753 2549 προδοῦναι.
1771 2453 1906 2528 "bks
1935 2468 1990 2526 δὲ

336 2567 569 2632 ἤκουσεν
597 2566 626 2621 6
657 2563 946 2624 ἀνθύπατος
977 2562 1098 2624 ’.οὺς
1127 2559 1316 2638 λόγους
1346 2559 1578 2634 τούτους,
1613 2557 1804 2634 ἐξῆψεν
1834 2558 1990 2615 αὐτὸν

337 2656 371 2722 ἡ
406 2652 568 2731 ὀργὴ,
599 2653 688 2708 καὶ
737 2649 976 2706 ἀπελθὼν
1021 2649 1092 2712 εἰς
1161 2649 1222 2704 τὸ
1277 2645 1634 2726 δεσμωτήριον
1664 2645 1990 2726 ἠσφαλίσατο

341 2742 529 2817 αδτὸν,
587 2739 806 2819 κλεῖθρα
863 2739 950 2795 καὶ
1030 2734 1269 2817 μοχλοὺς
1343 2735 1566 2814 περιθεὶς
1623 2735 1711 2791 καὶ
1763 2734 1988 2814 σφραγί-

337 2853 441 2895 σας
497 2835 575 2903 τῷ
654 2826 765 2901 ἰδίῳ
833 2824 1112 2901 δακτυλίῳ,
1167 2825 1513 2904 παραστήσας
1581 2824 1670 2879 καὶ
1725 2822 1983 2903 φύλακας.

2073 1769 2169 1832 Ad
2199 1770 2496 1832 modicum
2526 1775 2775 1845 sustine,
2811 1780 2875 1833 ut
2905 1772 2966 1832 in
3021 1779 3305 1833 aeternum
3336 1767 3616 1848 gaudeas.
3648 1764 3721 1826 Et

2071 1856 2216 1920 mihi
2234 1859 2510 1938 gaudium
2543 1867 2633 1921 est
2662 1867 2912 1921 mortem
2939 1859 3177 1922 Domini
3203 1858 3320 1921 mei
3347 1857 3626 1931 tolerare,
3662 1855 3721 1917 et

2074 1963 2206 2009 esse
2229 1966 2360 2009 cum
2386 1967 2479 2010 eo.
2509 1947 2648 2021 Quae
2669 1947 2875 2011 abiens
2894 1947 3179 2009 nuntiavit
3209 1947 3334 2008 viro
3365 1945 3504 2026 quia
3531 1946 3720 2007 Morte

2071 2034 2280 2113 subeo,
2317 2038 2511 2118 potius
2541 2056 2717 2118 quam
2749 2057 2783 2099 a
2833 2037 3101 2100 castitate
3151 2054 3283 2096 mea
3313 2034 3610 2097 deﬁciam.
3644 2033 3720 2094 Ut

2071 2125 2292 2187 audivit
2319 2127 2638 2206 proconsul
2670 2127 2848 2189 verba
2877 2128 3025 2200 haec,
3085 2125 3173 2186 ira
3201 2141 3492 2186 accensus
3517 2129 3626 2198 est,
3661 2127 3720 2181 et

2070 2213 2289 2276 vadens
2319 2215 2393 2277 ad
2424 2234 2726 2278 carcerem
2759 2215 3008 2278 munivit
3039 2233 3196 2288 eum,
3247 2216 3506 2276 claustra
3533 2218 3593 2273 et
3621 2227 3719 2271 ve-

2070 2309 2195 2364 ctes
2227 2321 2478 2382 ponens,
2510 2304 2751 2384 signans
2807 2323 2941 2367 eum
2998 2303 3215 2365 annulo
3276 2321 3409 2374 suo,
3443 2298 3718 2362 custodes

2071 2408 2309 2470 quoque
2338 2391 2725 2455 constituens.
2782 2393 2857 2455 Et
2903 2392 3116 2455 fratres
3171 2408 3308 2453 cum
3339 2389 3626 2452 Stratocle
3657 2397 3717 2448 et.

2070 2478 2386 2541 Maximilla
2428 2480 2490 2541 io
2523 2480 2813 2560 profunda
2848 2489 3022 2542 nocte
3052 2486 3342 2543 venerunt
3369 2477 3440 2539 ad
3471 2495 3628 2551 eum,
3663 2482 3721 2536 et

2072 2567 2439 2648 pulsantibus
2463 2569 2552 2631 eis
2573 2569 2737 2651 foris,
2762 2569 2959 2631 sciens
2979 2569 3248 2632 Andreas
3265 2568 3500 2647 signum
3532 2564 3725 2627 crucis

2071 2656 2210 2717 fecit
2230 2656 2302 2718 ab
2325 2657 2505 2731 intus,
2527 2664 2584 2720 et
2616 2659 2812 2720 statim
2839 2667 3025 2740 portae
3068 2675 3275 2719 omnes
3314 2663 3533 2737 apertae
3560 2661 3721 2734 sunt,

2071 2751 2131 2805 et
2161 2747 2433 2808 custodes
2465 2746 2674 2809 timore
2708 2747 2971 2828 perculsi
3026 2755 3185 2809 sunt.
3236 2747 3335 2808 Ait
3364 2752 3565 2807 autem
3595 2743 3722 2805 An-

2069 2830 2276 2895 dreas:
2305 2831 2434 2895 Non
2465 2835 2625 2896 enim
2654 2836 2875 2899 resciet
2905 2833 3240 2916 proconsul.
3271 2832 3594 2896 Venientes
3622 2849 3697 2892 au

336 2921 444 2979 Καὶ
471 2916 600 2996 (55)
628 2921 673 2974 οἱ
728 2914 941 2995 ἀδελφοὶ
994 2917 1084 2972 σὺν
1140 2920 1219 2989 τῷ
1270 2910 1595 2993 Στρατοκλεῖ
1653 2913 1740 2968 καὶ
1767 2918 1835 2988 τῇ
1866 2917 1987 2969 Μασ-

2077 2928 2188 2980 tem
2238 2920 2450 2984 fratres
2480 2910 2919 2984 accenderunt'
2944 2924 3234 2985 lucernas.
3274 2921 3346 2982 Et
3379 2921 3558 2982 multa
3587 2940 3718 2982 cum

335 3006 555 3085 ξιμίλλῃ
587 3006 796 3084 βαθείας
845 3005 1027 3068 νυκτὸς
1077 3002 1425 3084 παρεγένοντο
1479 3002 1609 3080 πρὸς
1665 3000 1818 3057 αὐτὸν
1855 3019 1868 3033 ·
1901 3003 1989 3057 καὶ

2077 3007 2160 3070 eis
2186 3009 2438 3085 locutus,
2479 3011 2813 3091 impertitus
2842 3018 2930 3073 est
2983 3011 3070 3073 eis
3099 3018 3469 3072 sacrosancta
3503 3019 3720 3090 myste-

335 3061 676 3177 κὲουσάνέων
734 3093 903 3151 αὐτῶν
961 3091 1080 3166 ἔξω,
1152 3061 1322 3170 1γνοὺς
1384 3093 1413 3146 6
1473 3061 1716 3168 ’Ᾰνδρέας
1789 3089 1985 3170 ἐσφρά-

2077 3096 2181 3172 ria,
2220 3105 2277 3159 et
2305 3061 2660 3163 Stratoclem
2706 3099 3000 3162 ordinavit
3024 3100 3388 3180 episcopum,
3417 3061 3726 3160 ettraJdidit

545 3184 572 3206 ,Ι
607 3186 680 3240 (ὦ
862 3183 881 3238 ὶ
965 3181 982 3218 ,9
1037 3181 1046 3198 1
1102 3203 1124 3218 ρ
1316 3179 1340 3216 ,Ι
1536 3184 1561 3193 ὐ
1719 3177 1733 3198 ν
1824 3178 1866 3214 Iq

334 3207 490 3266 γισεν
549 3207 605 3240 εσ
683 3206 760 3256 εν,
791 3204 861 3239 κα
939 3184 1122 3245 εδθεως
1184 3181 1236 3235 αἱ
1287 3181 1430 3277 θύραι
1489 3200 1667 3277 πιασαὶ
1710 3182 1988 3277 ανειρλθη-

2077 3182 2127 3244 ei
2157 3203 2443 3277 canonem
2471 3187 2822 3267 psalmodiw
2856 3177 3159 3249 matutinae
3181 3177 3626 3265 etveSpertinae,
3661 3191 3720 3245 et

335 3263 440 3331 σαν
471 3271 612 3352 (56),
643 3273 732 3328 καὶ
786 3273 833 3327 οἱ
886 3268 1112 3349 φύλακες
1169 3271 1246 3342 τῷ
1305 3263 1450 3347 φόϐῳ
1506 3263 1757 3355 ἔπτηξαν,
1821 3263 1878 3324 Ὀ
1934 3264 1988 3323 δὲ

2077 3273 2225 3335 sacri
2257 3263 2648 3355 baptismatis,
2711 3284 2768 3336 et
2819 3294 3058 3336 omnem
3103 3277 3303 3353 ritum,
3358 3263 3421 3334 et
3450 3273 3723 3334 osculans

333 3359 591 3441 Ἀνδρέας
621 3361 773 3416 εἶπεν
808 3375 824 3394 ⁶
871 3357 944 3416 Οὔ
999 3357 1098 3436 γὰρ
1156 3357 1232 3432 μὴ
1280 3361 1390 3442 γνῷ
1443 3355 1470 3410 6
1499 3353 1810 3442 ἀνθύπατος.
1850 3357 1909 3412 Οἱ
1934 3354 1989 3410 δὲ

2077 3380 2282 3423 omnes
2312 3353 2537 3425 dimisit
2573 3383 2696 3442 eos,
2733 3372 2791 3426 et
2818 3383 3022 3425 rursus
3075 3363 3226 3426 facto
3282 3361 3491 3424 eodem
3525 3362 3721 3423 crucis

331 3439 555 3528 ἀδελφοὶ
611 3445 939 3510 συνελθόντες
1017 3445 1228 3519 ἀνῆψαν
1305 3439 1607 3517 λαμπάδας.
1666 3444 1762 3500 Καὶ
1819 3442 1991 3502 πολλὰ

2077 3448 2265 3531 signo,
2302 3461 2483 3531 portae
2513 3439 2732 3514 clausae
2763 3459 2902 3514 sunt
2929 3471 3062 3512 cum
3093 3451 3332 3531 sigillis.

333 3540 528 3601 αὐτοῖς
584 3536 845 3612 ὁλιμήσας
907 3531 1198 3609 μετέδωκεν
1252 3535 1451 3622 αὐτοῖς,
1489 3538 1594 3588 τῶν
1651 3531 1930 3622 ἀχράντων
2002 3542 2324 3620 μυστηρίων,
2397 3543 2483 3597 καὶ
2568 3545 2658 3599 τὸν
2729 3541 3071 3619 Στρατοκλῆν
3141 3541 3542 3622 ἐχειροτόνησεν
3611 3538 3723 3595 ἐπί·

330 3648 564 3707 σκοπον,
595 3625 684 3683 καὶ
710 3622 1007 3704 παρέδωκεν
1039 3627 1178 3696 αὖτῷ
1205 3621 1296 3712 Τδν
1324 3620 1519 3712 καγόνα
1545 3623 1646 3688 τῆς
1675 3617 1981 3712 ψαλμῳδίας
2005 3632 2098 3684 τοῦ
2126 3617 2319 3708 ὄρθρου
2333 3630 2420 3687 καὶ
2447 3636 2554 3687 τῶν
2608 3617 2894 3712 ὲπερινῶν
2920 3632 3009 3690 καὶ
3033 3637 3136 3688 τῶν
3156 3617 3318 3709 ἀγίων
3345 3627 3722 3708 βαπτισμάτων

331 3719 428 3775 καὶ
455 3723 629 3773 πᾶσαν
684 3712 1010 3786 ἀκολουθίαν,
1065 3712 1154 3767 καὶ
1204 3709 1575 3784 ἀσπασάμενος
1631 3709 1831 3773 πάντας
1888 3710 2143 3774 ἀπέλυσεν
2202 3718 2410 3783 αὐτούς.
2470 3721 2569 3778 Καὶ
2623 3709 2782 3783 πάλιν
2837 3721 3124 3802 σφραγίσας
3179 3723 3240 3777 τὸ
3296 3720 3420 3776 cat-31:6
3478 3720 3529 3773 ai
3573 3717 3718 3795 θύραι

333 3808 683 3873 ἐκλείσθησαν
712 3806 803 3861 σὺν
829 3816 950 3866 ταῖς
981 3815 1286 3881 σφραγῖσιν,

427 3887 486 3952 Ὀ
544 3893 598 3950 δὲ
650 3893 940 3956 ἀνθύπατος
995 3895 1097 3958 τῆς
1157 3889 1252 3965 μὲν
1321 3889 1567 3952 κυναικὸς
1611 3887 1850 3968 ἐφείσατο
1905 3888 1989 3948 διὰ

2150 3894 2472 3960 Proconsul
2503 3905 2698 3960 autem
2761 3898 3028 3978 pepercit
3077 3898 3247 3960 uxori
3300 3914 3443 3973 sua,
3479 3900 3722 3975 propter

333 3989 464 4050 τοὺς
520 3985 790 4064 συγγενεῖ(-
847 3987 1034 4055 αὖτῆς,
1089 3980 1169 4037 ὅτι
1227 3976 1473 4061 ἐφοϐεῖτο
1525 3981 1731 4054 αὐτοὺς,
1786 3981 1876 4038 τὸν
1933 3978 1988 4038 δὲ

2077 3993 2347 4065 parentes
2378 3987 2532 4066 ejus,
2565 3987 2705 4068 quia
2736 3976 2981 4049 timebat
3011 4004 3142 4061 eos,
3192 3985 3490 4050 Andream
3520 3991 3717 4045 autem

334 4073 591 4154 ’Λνδρέαν
646 4071 967 4152 παρέδωκεν,
1047 4069 1140 4127 ἵνα
1222 4071 1521 4147 σταυρωθῇ.
1580 4066 1853 4126 Ἐκέλευσε
1908 4069 1983 4145 δὲ,

2077 4074 2317 4136 tradidit
2345 4083 2406 4136 ut
2434 4066 2902 4155 cruciﬁgeretur.
2955 4075 3134 4140 Jussit
3193 4082 3388 4136 autem
3447 4081 3508 4134 ut
3537 4073 3716 4134 clavis

335 4165 425 4242 μὴ
479 4162 637 4230 ἥλοις
693 4161 848 4218 αὐτὸν
903 4159 1228 4238 ἐμπαρῆναι,
1287 4155 1423 4213 ἀλλὰ
1477 4158 1733 4236 σχοινίοις
1783 4156 1989 4216 δεθέντα

2077 4181 2189 4224 non
2222 4164 2641 4242 conﬁgeretur,
2666 4165 2772 4226 sed
2801 4164 3041 4226 funibus
3074 4163 3342 4243 alligatus
3371 4161 3719 4224 extendere-

336 4253 562 4311 τανύσαι
616 4251 746 4330 πρὸς
800 4246 1176 4330 περισσοτέραν
1229 4243 1509 4323 τιμωρίαν,
1577 4244 1722 4310 ὅπως
1792 4245 1992 4303 ἀποκα-

2077 4256 2176 4314 tur
2204 4251 2276 4312 ad
2302 4253 2590 4332 majorem
2644 4271 2900 4333 poenam,
2935 4261 2998 4314 ut
3028 4253 3252 4314 viribus
3281 4254 3500 4314 fractus
3529 4251 3719 4315 Maxi-

339 4343 463 4418 μὼν
550 4338 849 4418 ἐπιστρέψει
949 4337 1048 4406 τὴν
1148 4331 1476 4410 Μαξιμίλλαν
1571 4333 1991 4414 σαγκαθευδῆσαι

2077 4339 2298 4402 millam
2327 4331 2700 4403 converteret
2730 4343 2803 4404 ad
2832 4342 3304 4406 accumbendum
3331 4341 3469 4404 sibi.

341 4434 511 4503 αὐτῷ.

431 4514 650 4582 Διεδόθη
691 4515 858 4573 τοίνυν
887 4516 922 4583 ἡ
953 4514 1170 4581 τοιαύτη
1225 4513 1380 4593 φήμη
1435 4509 1488 4569 ἐν
1542 4510 1690 4577 ὅλαις
1721 4525 1842 4576 ταῖς
1869 4512 1987 4570 Πά-

344 4628 494 4686 τραις
524 4601 881 4680 διαϐοωμένη,
914 4605 985 4667 ὡς
1033 4605 1062 4660 6
1105 4600 1301 4664 δίκαιος
1329 4601 1416 4657 καὶ
1443 4598 1626 4665 δοῦλος
1655 4609 1902 4682 Χριστοῦ,
1933 4602 1996 4658 ὃν

349 4695 610 4773 Αἶγεόιτης
641 4691 853 4770 δέσμιον
881 4706 1162 4773 κατεῖχεν,
1219 4689 1492 4768 πορεύεται
1550 4691 1993 4769 τιμωρηθησόμε-

351 4803 458 4845 νος.
495 4772 852 4856 Ὀμοθυμαδὸν
883 4778 938 4836 δὲ
966 4772 1159 4844 πάντες
1207 4778 1292 4836 ἐπὶ
1345 4781 1446 4848 τὴν
1502 4779 1625 4836 θέαν
1654 4779 1990 4859 συνέτρεχον,

348 4872 484 4928 κατά
536 4877 628 4927 τοῦ
681 4870 973 4928 ἀνθυπάτου
1025 4870 1440 4948 ἀγανακτοῦντες
1519 4865 1603 4924 διὰ
1670 4869 1731 4925 τὸ
1787 4868 1996 4924 ἀνόσιον

347 4963 445 5025 τῆς
475 4959 718 5038 κρίσεως.
777 4950 869 5022 Ὠς
927 4957 982 5014 δὲ
1036 4956 1220 5036 διῆγον
1276 4959 1432 5017 αὐτὸν
1479 4957 1625 5032 Δπρὸς
1655 4957 1744 5013 τὸν
1775 4962 1874 5023 τῆς
1900 4977 1993 5012 τε-

348 5047 608 5111 νειώσεως
663 5050 710 5105 οἱ
765 5047 924 5122 δήμοι
1006 5047 1195 5127 τόπον,
1281 5047 1342 5103 τὸ
1397 5043 1671 5102 κελευσθὲν
1737 5043 1992 5112 ἀποπλη-

351 5141 536 5213 ρῶσαι,
594 5135 657 5192 τὸ
726 5144 1017 5202 τηνικαῦτα
1099 5137 1127 5191 6
1196 5132 1534 5213 Στρατοκλῆς
1589 5132 1877 5209 πυθόμενος
1933 5133 1992 5190 τὸ

349 5222 570 5308 συμϐὰν,
631 5222 883 5304 δρομαῖος
938 5220 1360 5304 καταλαμϐάνει,
1431 5223 1521 5280 καὶ
1596 5225 1691 5303 ὁρᾷ
1745 5224 1835 5279 τὸν
1894 5243 1994 5298 μα-

2009 4445 2060 4507 D

2153 4509 2374 4572 Diﬁ'usa
2403 4516 2490 4572 est
2517 4508 2693 4589 igitur
2720 4509 2873 4573 fama
2925 4511 3051 4574 hinc
3103 4510 3164 4572 in
3195 4511 3477 4573 universa
3507 4509 3714 4572 Patra-

2071 4616 2203 4660 rum
2261 4598 2495 4660 civitate
2552 4599 2931 4679 proclamata,
2993 4601 3131 4681 quia
3170 4601 3364 4681 justus
3426 4607 3486 4660 et
3514 4617 3718 4660 servus

2074 4686 2294 4751 Christi
2346 4705 2520 4766 quem
2579 4687 2854 4768 {Egeates
2912 4690 3212 4767 captivum
3272 4687 3530 4764 tenebat,
3561 4687 3723 4750 vadit

2077 4792 2248 4854 poena
2306 4774 2677 4853 plectendus.
2741 4774 2965 4839 Omnes
3019 4783 3214 4838 autem
3273 4775 3632 4837 unanimiter
3661 4775 3724 4836 in

2074 4864 2225 4924 viam
2248 4871 2666 4938 cucurrerunt,
2704 4863 3081 4944 indignantes
3112 4866 3451 4946 proconsuli
3484 4872 3724 4944 propter

2074 4951 2424 5030 injuslitiam
2457 4952 2788 5014 sententiae.
2821 4956 2969 5017 Cum
3001 4963 3194 5016 autem
3230 4973 3362 5015 eum
3395 4953 3467 5014 ad
3498 4952 3723 5032 suppli-

2078 5039 2153 5101 cii
2185 5041 2377 5102 locvm
2406 5039 2690 5101 ducerent
2719 5040 2984 5117 lictores,
3045 5051 3106 5104 ut
3133 5043 3299 5122 jussa
3329 5041 3718 5119 complerent,

2077 5136 2216 5191 tunc
2235 5129 2482 5191 audiens
2505 5127 2826 5192 Stratocles
2849 5149 2979 5212 quae
2999 5131 3337 5193 acciderant
3358 5128 3603 5190 festinus
3625 5146 3722 5189 su-

2075 5219 2362 5301 pervenit,
2391 5217 2606 5282 etvidit
2624 5218 2860 5283 beatum
2881 5219 2935 5284 vi
2956 5227 3204 5283 tractum
3241 5237 3276 5285 a
3317 5215 3719 5294 carniﬁcibus,

1775 5387 1970 5455 Variae
1998 5386 2307 5454 lectiones.

433 5520 560 5602 (53)
587 5521 899 5602 Ἀπολεύσω
926 5520 1059 5602 Vat.

433 5523 532 5602 (53
587 5523 899 5584 Ἀπολεύσω
926 5523 1059 5587 Vat.

430 5523 560 5690 (54;
583 5601 851 5688 Adjunxi
876 5601 1101 5681 μᾶλλον,
1132 5600 1292 5686 quod
1321 5599 1385 5666 in
1413 5597 1551 5665 cod.
1582 5596 1771 5664 deest.

2184 5521 2283 5599 55)
2314 5519 2413 5580 Καὶ
2441 5517 2765 5599 addidi,‘in
2789 5517 2924 5583 cod.
2961 5537 3083 5585 non
3115 5526 3324 5585 exstat.

2184 5523 2283 5599 55)
2314 5523 2413 5580 Καὶ
2441 5523 2765 5597 addidi,‘in
2789 5537 2850 5583 co

2153 5523 2280 5684 E56)
2307 5599 2689 5682 Ἠνεῴχθησαν
2723 5597 2850 5666 Vat.
