4068 6112
357 309 467 388 251

1649 273 2020 370 EPIPHANi
2069 303 2417 368 MONAGHI

3607 288 3727 358 252

357 437 514 498 velut
535 437 725 499 virum
746 455 1026 518 nequam,
1057 435 1131 498 ad
1145 433 1463 516 judicium.
1498 432 1796 496 Atrociter
1815 412 1989 514 igitur

2089 437 2254 516 ιάριον
2449 435 2722 516 ἐλκόρενον
2777 439 2879 493 ὑπὸ
2948 443 3052 493 τῶν
3109 435 3315 512 δημίων
3375 432 3550 512 ὥσπερ
3605 431 3725 488 τινὰ

356 525 679 588 verberans
707 515 864 601 eos;
893 533 950 588 et
1003 515 1231 586 tunicas
1290 522 1640 584 rescindens
1671 541 1875 584 eorum
1902 523 2004 604 qui

2089 515 2374 604 κακοῦργον
2421 527 2494 588 εἰς
2548 515 2744 604 κρίσιν.
2792 522 3048 605 Ἀφειδῶς
3104 524 3194 582 οὗν
3248 522 3464 584 τούτους
3519 515 3724 588 πλήξας

357 613 485 676 haec
514 613 836 686 faciebant,
865 612 1078 675 avulsit
1107 611 1426 675 Stratocles
1447 611 1653 674 dicens
1676 612 1790 673 eis:
1819 614 2000 690 Igno—

2089 616 2174 670 καὶ
2229 617 2350 678 τοὺς
2407 620 2640 693 χιτῶνας
2726 611 2999 692 διαῤῥήξας
3075 619 3182 669 τῶν
3249 621 3410 670 ταῦτα
3465 607 3730 688 δρώντων,

359 699 507 761 scite
539 701 704 777 mihi,
741 708 800 763 et
829 700 1044 780 gratias
1071 699 1134 762 in
1183 701 1296 762 hoc
1346 699 1500 779 agite
1527 701 1814 778 apostolo,
1844 699 2004 780 quod

359 787 634 850 docuerit
655 807 752 851 me
779 808 884 870 per
906 789 1083 851 verba
1107 807 1210 850 sua
1235 789 1461 869 absque
1483 789 1569 849 ira
1598 806 1792 866 agere,
1823 798 1880 850 et
1903 805 2006 868 per

361 877 474 939 hoc
507 897 782 958 magnum
810 879 1069 940 furorem
1097 896 1293 938 meum
1316 879 1784 957 compescuerit;
1811 885 2006 938 osten-

2087 702 2388 759 ἀπέσπασεν
2471 705 2498 758 6
2601 701 2940 781 Στρατοκλῆς
3043 701 3202 758 εἰπὼν
3282 701 3414 779 πρὸς
3493 695 3678 758 αὐτούς
3715 710 3727 724 ⁸

2087 791 2367 870 Σύγγνωτὲ
2397 815 2486 868 μοι
2514 793 2604 848 καὶ
2654 791 2810 872 χάριν
2867 791 2922 846 ἐν
2976 791 3143 866 τούτῳ
3197 790 3407 864 νείματε
3459 793 3536 862 τῷ
3590 784 3736 840 ἀπο-

2087 879 2282 960 στόλῳ,
2315 884 2389 944 ὡς
2418 879 2750 936 παιδεύσαντί
2805 902 2872 956 με
2925 879 3046 959 (57)
3102 879 3186 936 διὰ
3239 883 3343 934 τῶν
3370 876 3544 954 λόγων
3573 875 3736 930 αἶ)τοῦ

361 963 586 1024 dissem
609 966 830 1046 quippe
859 965 1023 1026 vobis
1053 965 1196 1046 quid
1233 965 1413 1045 possit
1467 965 1572 1026 Dei
1603 983 1806 1027 servus
1833 967 2002 1027 Stra-

2089 969 2360 1048 ἀοργήτως
2391 969 2586 1048 φέρειν,
2617 971 2705 1026 καὶ
2759 965 2842 1031 διὰ
2895 971 3050 1026 τούτο
3104 971 3193 1025 τὸν
3247 965 3410 1023 πολὺν
3436 965 3600 1040 θυμὸν
3628 983 3736 1017 κα-

361 1051 570 1131 tocles,
601 1053 740 1132 quid
774 1070 914 1114 vero
965 1053 1234 1132 impurus
1282 1052 1574 1132 lEgeates.
1608 1051 1679 1113 Et
1707 1052 2004 1132 accipiens

2089 1057 2433 1138 ταπραΰναντι
2467 1076 2480 1089 ’

365 1159 542 1202 manu
573 1143 930 1222 apostolum,
991 1141 1135 1203 abiit
1191 1161 1326 1203 cum
1387 1160 1456 1202 eo
1510 1142 1572 1201 in
1623 1141 2012 1220 locumjuxta

363 1247 548 1306 mare,
591 1230 694 1292 ubi
750 1250 808 1292 et
863 1232 1281 1312 disposuerant
1335 1230 1674 1292 interficere
1704 1249 1864 1291 eum.
1901 1230 2008 1302 Qui

364 1335 502 1379 vero
527 1319 1103 1398 comprehenderant
1117 1339 1248 1380 eum
1268 1319 1506 1392 milites,
1523 1327 1758 1379 auctore
1771 1319 2012 1397 Aﬂgeate

369 1406 774 1487 relinquentes
794 1408 1122 1488 apostolum
1147 1427 1276 1469 eum
1301 1407 1612 1480 Stratocle,
1647 1415 2010 1468 revertentes

368 1497 786 1558 nuntiaverunt
817 1497 1151 1576 proconsuli
1207 1496 1495 1571 dicentes,
1561 1496 1697 1575 quia
1725 1495 2010 1558 Euntibus

363 1582 535 1644 nobis
558 1603 692 1646 cum
716 1586 974 1648 Andrea.
1002 1584 1370 1666 praeveniens
1384 1585 1702 1648 Stratocles
1726 1585 2010 1664 proscidit

366 1671 600 1734 tunicas
631 1683 881 1748 nostras,
915 1683 972 1736 et
999 1675 1271 1736 avulsum
1315 1693 1450 1736 eum
1497 1692 1532 1734 a
1579 1673 1748 1734 nobis
1779 1673 2006 1753 accepit

2541 1057 2653 1114 ἐπεὶ
2708 1057 3010 1138 ἐφανέρωσα
3095 1057 3154 1115 ἂν
3237 1057 3388 1134 ὑμῖν,
3445 1055 3494 1108 τί
3549 1052 3657 1128 μὲν.
3707 1052 3736 1120 6

2091 1152 2182 1202 τοῦ
2213 1153 2342 1205 Θεοῦ
2369 1143 2548 1210 δοῦλος
2605 1145 2944 1224 Στρατοκλῆς
2994 1145 3226 1219 δύναται,
3284 1145 3338 1200 τί
3379 1140 3434 1198 δὲ
3488 1144 3515 1198 6
3546 1139 3736 1218 μιαρὸς

2093 1234 2376 1312 Αἷγεάτης.
2433 1237 2529 1292 Καὶ
2581 1241 2907 1314 περικρατῶν
2962 1240 3060 1301 τῆς
3114 1233 3296 1314 χειρὸς
3352 1239 3444 1288 τοῦ
3497 1227 3738 1284 ἀποστό-

2094 1321 2188 1378 λου
2242 1323 2403 1399 ἀπῄει
2454 1323 2544 1378 σὺν
2602 1326 2742 1398 αὒτῷ
2797 1324 2868 1386 εἷς
2925 1325 3014 1379 τὸν
3069 1318 3490 1397 παραθαλάσσιον
3549 1315 3745 1396 τόπον,

2091 1409 2210 1467 ἔνθα
2237 1413 2326 1467 καὶ
2381 1411 2697 1490 ηὗτρέπιστο
2752 1411 3092 1479 τελειωθῆναι
3149 1410 3326 1467 αὒτὸν.
3387 1411 3446 1465 Οἱ
3475 1404 3529 1462 δὲ
3557 1427 3750 1485 παρα-

2090 1497 2338 1562 λαϐόντες
2421 1499 2576 1556 αὒτὸν
2659 1507 2975 1578 στρατιῶται
3053 1499 3195 1578 παρά
3273 1505 3365 1555 τοῦ
3443 1494 3752 1552 ἀνθυπάτου

2089 1587 2304 1668 ἀφέντες
2359 1589 2450 1644 τὸν
2505 1587 2796 1646 ἀπόστολον
2854 1591 2986 1665 μετὰ
3039 1593 3129 1644 τοῦ
3187 1583 3584 1666 Στρατοκλέους
3617 1581 3743 1662 (58)

2090 1677 2512 1758 ὑποστρέψαντες
2594 1679 2917 1758 ἀνήγγειλαν
2993 1686 3069 1754 τῷ
3150 1678 3381 1757 Αἰγεάτῃ
3463 1673 3746 1752 λέγοντες,

362 1779 589 1836 secum,
625 1771 684 1824 et
731 1781 872 1825 ecce
901 1773 1040 1825 ante
1070 1781 1125 1825 te
1155 1772 1397 1838 stamus,
1431 1771 1494 1830 ut
1523 1763 1706 1824 vides.
1739 1761 2004 1824 Procon-

2091 1767 2170 1823 ὅτι
2227 1765 2548 1838 Βαδιζόντων
2605 1771 2756 1844 ἡμῶν
2810 1769 2943 1844 μετᾶ
2990 1776 3082 1827 τοῦ
3136 1764 3397 1844 Ἀνδρέου·
3429 1764 3748 1844 προφθάσας

363 1850 456 1908 sul
487 1858 684 1912 autem
715 1852 1024 1932 respondit
1053 1853 1139 1913 eis
1173 1870 1188 1915 :
1249 1851 1625 1932 Accipientes
1685 1851 1796 1912 alia
1825 1851 2004 1912 vesti-

2089 1859 2117 1912 6
2173 1854 2510 1934 Στρατοκλῆς
2587 1853 2846 1935 διὲῤῥηξεν
2925 1858 3078 1931 ἡμῶν
3152 1855 3274 1918 τοὺς
3329 1859 3594 1933 χιτῶνας,
3658 1853 3746 1908 καὶ

361 1947 582 2008 menta,
611 1939 787 2013 abite,
815 1949 872 2002 et
892 1941 1133 2021 implete
1157 1961 1286 2020 quae
1309 1941 1470 2002 vobis
1492 1942 1660 2020 juSsa
1690 1948 1825 2001 sunt
1855 1959 1888 2001 a
1911 1958 2004 2001 me

2091 1943 2404 2007 ἀποσπάσας
2453 1946 2608 2002 αὐτὸν
2664 1943 2754 2022 ἀφ’
2797 1946 2948 2020 ἡμῶν
3005 1941 3190 2000 ἔλαϐεν
3247 1943 3402 2000 αὐτὸν
3451 1938 3569 2016 μεθ’
3625 1940 3743 1996 ἐαυ-

363 2035 568 2088 contra
603 2029 942 2090 damnatum
980 2019 1293 2093 Andream
1332 2047 1345 2092 :
1407 2049 1440 2090 a
1497 2019 1782 2092 Stratocle
1813 2037 2004 2090 autem

2093 2037 2184 2088 τοῦ
2219 2047 2232 2060 ⁸
2267 2034 2354 2088 καὶ
2407 2030 2515 2088 ἰδοὺ
2569 2034 2980 2110 παρεστήκαμεν
3035 2033 3109 2094 ὡς
3166 2033 3314 2110 ὁρᾷς.
3373 2019 3429 2086 εΟ
3480 2027 3537 2083 δὲ
3584 2028 3742 2084 ἀνθύ-

396 2133 514 2175 non
543 2115 1062 2200 videaminiquoad
1088 2118 1414 2200 potueritis,
1431 2118 1533 2178 sed
1558 2137 1669 2179 nec
1691 2117 2004 2196 quidquam

2095 2142 2263 2184 πατος
2317 2123 2446 2198 πρὸς
2532 2121 2718 2184 αὐτοὺς
2799 2121 3110 2199 ἀπεκρίνατο
3143 2135 3156 2150 ⁸
3243 2115 3502 2179 Λαϐόντες
3579 2116 3742 2183 ἐσθῆ-

367 2203 422 2264 ei
453 2205 902 2284 denegaveritis,
962 2209 1009 2269 si
1069 2208 1208 2288 quid
1270 2207 1504 2288 petierit
1557 2225 1590 2266 a
1644 2205 1832 2267 vobis.
1865 2203 2004 2265 Novi

2094 2231 2187 2273 τας
2241 2209 2365 2286 (59)
2421 2209 2600 2288 ἑτέρας
2659 2210 2948 2286 πορεύθητε
3017 2210 3105 2265 καὶ
3157 2207 3474 2286 πληρώσατε
3532 2208 3596 2262 τὸ
3653 2227 3744 2261 κε-

367 2292 525 2354 enim
559 2312 912 2372 generosum
962 2297 1220 2357 animum
1277 2297 1424 2376 ejus,
1487 2293 1676 2374 qualis
1706 2293 1803 2373 sit,
1837 2293 1916 2354 ita
1946 2299 2004 2352 ut

2090 2295 2298 2355 ls-ia'B‘zv
2327 2299 2454 2374 ὑμῖν
2497 2297 2622 2377 παρ’
2671 2297 2800 2374 ἐμοῦ
2855 2301 2926 2361 εἷς
2986 2299 3076 2353 τὸν
3134 2293 3412 2352 κατάδικον
3441 2293 3688 2374 Ἀνδρέαν
3721 2315 3738 2331 ο

367 2399 476 2443 nec
511 2383 654 2443 mihi
687 2392 908 2464 parcat,
950 2389 997 2446 si
1029 2385 1224 2446 forsan
1256 2383 1682 2445 succensuerit.
1717 2381 1828 2454 Qui
1857 2400 2004 2442 con-

2089 2393 2165 2460 τῷ
2219 2386 2312 2462 μέν
2367 2409 2448 2443 τοι
2503 2385 2828 2464 Στρατοκλεῖ
2903 2384 3036 2462 μηδέ
3107 2386 3302 2464 ὁιρθῆτε
3359 2381 3481 2440 ὅσον
3540 2385 3600 2438 τὸ
3657 2383 3740 2462 ἐφ’

366 2469 559 2531 festim
589 2471 756 2550 jussa
786 2475 1076 2534 fecerunt.
1113 2472 1436 2536 Stratocles
1467 2479 1660 2532 autem
1694 2489 1824 2532 cum
1858 2489 2002 2550 apo-

2089 2475 2236 2550 ὺμῒν,
2298 2473 2432 2530 ἀλλὰ
2489 2472 2623 2549 μηδὲ
2679 2475 2960 2540 ἀντείπητε
3015 2473 3068 2529 εἴ
3124 2495 3280 2536 τινος
3353 2470 3490 2534 ὅλως
3553 2472 3741 2551 χρῄζει

366 2560 518 2620 stolo
541 2560 758 2620 vadens
782 2561 838 2622 in
864 2563 1166 2641 praaﬁxum
1194 2562 1410 2634 locum,
1441 2559 1858 2637 indignabatur
1885 2578 2004 2618 ma-

2089 2563 2256 2637 ὑμῶν,
2315 2561 2450 2620 Οἶδα
2526 2563 2626 2640 γὰρ
2703 2564 2764 2618 τὸ
2847 2567 2944 2630 τῆς
3030 2567 3216 2641 ψυχῆς
3297 2565 3453 2618 αὐτοῦ
3507 2561 3738 2638 εὖγενὲς,

367 2647 634 2708 ledicens
663 2649 890 2727 ngeati
921 2668 936 2724 ;
990 2659 1048 2711 et
1097 2651 1392 2732 apostolus
1447 2649 1520 2709 ad
1553 2667 1685 2709 eum
1717 2667 1732 2710 :
1767 2651 2004 2728 Nequa-

2089 2651 2206 2706 οἷόν
2234 2650 2396 2726 ἐστιν,
2456 2651 2528 2712 ὡς
2560 2650 2730 2730 ,τάχα
2785 2649 2958 2726 κάμοῦ
3011 2648 3282 2731 ἀφειδῆσει
3340 2649 3390 2704 εἰ
3439 2647 3538 2727 ἄρα
3593 2671 3736 2727 παρ-

367 2754 569 2815 quam,
603 2739 708 2810 ﬁli,
744 2739 878 2800 nolo
911 2747 966 2800 te
997 2739 1170 2800 talem
1204 2757 1334 2800 esse
1367 2757 1647 2818 unquam,
1671 2738 1776 2799 sed
1812 2739 2004 2796 mode-

2091 2737 2346 2804 οξυνθείη.
2434 2741 2493 2796 Οἱ
2571 2736 2626 2794 δὲ
2713 2739 2773 2794 τὸ
2869 2737 3141 2795 κελευσθὲν
3236 2736 3490 2802 ἐποίησαν
3574 2758 3742 2814 παρα-

367 2835 545 2902 stum,
581 2837 980 2908 mansuetum,
1014 2827 1323 2903 humilem;
1359 2847 1472 2888 non
1505 2827 1852 2888 reddentem
1887 2842 2004 2886 ma-

2090 2833 2300 2907 χρῆμα.
2360 2818 2417 2884 Ὀ
2475 2827 2528 2882 δὲ
2585 2825 2924 2906 Στρατοκλῆς
2982 2828 3093 2902 ἅμα
3150 2832 3226 2900 τῷ
3272 2823 3552 2898 ἀποστολῷ
3581 2824 3738 2902 ἐρχό-

366 2915 512 2988 lum,
563 2934 888 2978 memorem
921 2916 1210 2978 Dom-inici
1243 2916 1410 2978 vethi
1437 2915 1690 2976 dicentis
1718 2935 1732 2975 :
1766 2913 1838 2976 Si
1871 2915 2004 2992 quis

2093 2938 2247 2992 μενος
2298 2915 2382 2972 ἐπὶ
2431 2917 2519 2972 τὶν
2577 2917 2920 2995 προκείμενον
2975 2915 3138 2972 τόπον
3196 2915 3486 2992 ἠγανάκτει
3542 2911 3736 2968 διαλοι-

366 3011 422 3064 te
445 3007 808 3082 percusserit
833 3008 918 3068 im
948 3007 1258 3069 maxillam
1278 3007 1610 3082 dexteram,
1635 3003 1830 3084 prwbe
1850 3005 2004 3066 ittz'et

2092 3003 2403 3083 δορούμενος
2447 3011 2524 3078 τῷ
2582 3005 2810 3082 Αἰγεάτῃ
2846 3021 2858 3033 '
2907 3006 2994 3060 καὶ
3056 3007 3084 3060 6
3141 3000 3434 3064 ἀπόστολος
3489 3002 3616 3080 πρὸς
3647 3005 3737 3060 αὒ-

366 3091 657 3174 altcrum;
687 3100 742 3156 et
755 3096 975 3156 volenti
995 3113 1210 3175 rapere
1231 3097 1500 3158 tunicam
1527 3103 1703 3155 tuam
1729 3094 1801 3153 cla
1829 3099 1886 3154 et
1907 3110 2004 3190 ee-

2095 3093 2185 3148 τόν
2221 3113 2236 3128 ·
2308 3093 2421 3172 Μή,
2480 3091 2663 3148 τέκνον
2693 3112 2708 3126 ο
2769 3093 2828 3148 οἶ)
2883 3091 3144 3168 βούλομαί
3195 3111 3252 3145 σε
3309 3096 3542 3146 τοιοῦτον
3599 3089 3740 3145 εἷναί

365 3181 800 3242 stimentum“.
830 3187 897 3246 Et
928 3201 1056 3257 nos,
1093 3184 1324 3263 fratres,
1359 3184 1662 3244 tiahentes
1693 3200 1798 3260 per
1831 3179 2004 3243 Chri-

2095 3202 2225 3237 ποτε
2274 3179 2428 3259 (60),
2483 3179 2601 3237 ἀλλ’
2655 3181 2888 3250 ἐπιεικῆ,
2947 3188 3138 3259 πρᾶον,
3189 3179 3596 3258 ταπεινόφρονα,
3659 3177 3737 3252 μὴ

368 3275 489 3329 tum
523 3287 862 3350 sequemur,
897 3281 951 3332 et
1003 3271 1360 3334 exteriorem
1422 3272 1786 3349 deponentes
1815 3269 2004 3330 homi-

2095 3267 2405 3326 ἀποδιδόντα
2460 3270 2644 3344 κακὸν,
2707 3269 3044 3346 μεμνημένον
3099 3268 3228 3348 (61)
3313 3274 3404 3325 τοῦ
3483 3275 3742 3345 Κυριακοῦ

367 3375 529 3432 nem,
569 3359 897 3421 volentibus
927 3379 1059 3420 eum
1093 3359 1487 3434 dimittamus,
1508 3367 1564 3420 et
1585 3359 2004 3419 contendemus

2093 3355 2253 3435 λόγου
2283 3364 2373 3414 τοῦ
2418 3356 2666 3435 λέγοντος
2701 3377 2715 3392 ⁸
2785 3379 2808 3412 (ι
2873 3355 2995 3414 Ἐάν
3051 3358 3130 3420 τίς
3185 3378 3243 3412 σε
3297 3357 3490 3434 ῥαπίσῃ
3540 3357 3611 3418 εἷς
3641 3355 3740 3422 τὴν

367 3463 658 3509 renovare
685 3448 1057 3520 interiorem,
1090 3459 1150 3510 et
1178 3450 1248 3510 ad
1301 3449 1488 3510 Deum
1519 3449 1678 3511 hunc
1707 3446 2004 3522 advolare,

2092 3443 2258 3510 δεξιὰν
2315 3445 2556 3524 σιαγόνα,
2646 3446 2870 3526 στρέψον
2955 3446 3095 3521 αὒτῷ
3180 3447 3268 3502 καὶ
3347 3445 3444 3512 τὴν
3521 3443 3688 3509 ἄλλην
3725 3463 3740 3478 ·

370 3533 431 3594 in
466 3553 580 3614 quo
613 3546 877 3599 versatur
897 3557 1074 3600 omne
1107 3537 1468 3600 desiderturn
1499 3543 1788 3596 nostrum.

2091 3536 2180 3590 καὶ
2227 3536 2317 3591 τὸν
2374 3533 2589 3592 θέλοντα
2673 3533 2858 3591 λαϐεῖν
2943 3537 3032 3590 τὸν
3111 3534 3319 3614 χιτῶνά
3368 3555 3480 3604 σου,
3542 3529 3738 3594 ἀπόδος

363 3625 506 3700 αἰδτῷ
533 3647 621 3702 καὶ
648 3629 710 3682 τὸ
737 3628 967 3702 ἱμάτιον.
1007 3651 1029 3685 ι)
1066 3629 1164 3685 Καὶ
1192 3630 1377 3704 ἡμεῖς,
1411 3625 1641 3706 ἀδελφοὶ,
1676 3639 1790 3688 τοῖς
1821 3624 2028 3680 ἕλκουσι
2058 3620 2140 3678 διὰ
2169 3625 2258 3681 τὸν
2290 3622 3030 3703 Κύριονἐπακολουθήσωμεν,
3055 3625 3244 3680 καὶτὸν
3275 3619 3454 3686 ἔξωθεν
3488 3617 3745 3676 ἀποδυσά-

364 3734 511 3788 μενοι
544 3711 812 3794 Ξίνθρωπον
841 3730 954 3780 τοῖς
985 3715 1188 3775 θέλουσι
1217 3726 1398 3774 τοῦτον
1428 3715 1854 3789 καταλείῄωμεν,
1919 3709 2292 3788 σπουδάσωμέν
2345 3735 2402 3769 τε
2459 3713 2749 3769 ἀνανεῶσαι
2802 3713 2889 3768 τὸν
2947 3710 3159 3792 ἔσωθεν,
3216 3713 3303 3767 καὶ
3332 3712 3462 3790 πρὸς
3495 3711 3583 3766 τὸν
3616 3710 3743 3764 Θεὸν

361 3809 544 3859 τοῦτον
578 3803 940 3883 ἀναπτερῶσαι
972 3805 1023 3862 ἐν
1056 3809 1100 3880 ᾧ
1124 3812 1266 3862 πᾶσα
1297 3807 1450 3879 ἡμῶν
1482 3803 1654 3884 ἔφεσις
1681 3805 1931 3882 ὑπάρχει.

437 3881 585 3952 Haec
617 3899 674 3952 et
704 3881 817 3953 alia
847 3893 1014 3972 plura
1046 3903 1185 3954 tunc
1219 3881 1598 3966 Stratocli,'et
1622 3891 1712 3952 his
1743 3881 2004 3972 quicum

2169 3900 2342 3950 Ταῦτα
2399 3892 2484 3948 καὶ
2557 3890 2707 3970 ἕτερα
2791 3889 3007 3947 πλείονα
3089 3891 3208 3947 τότε
3262 3885 3596 3968 Στρατοκλεῖ
3652 3887 3743 3944 καὶ

365 3995 434 4038 eo
463 3988 629 4040 erant
660 3999 792 4040 cum
825 3981 1069 4044 dixisset
1127 3999 1231 4062 per
1283 3982 1464 4054 viam,
1505 3989 1902 4059 pervenerunt
1932 3979 2004 4040 ad

2089 3993 2206 4043 τοῖς
2238 3985 2330 4035 σὺν
2361 3983 2502 4054 αὐτῴ
2553 3978 2846 4060 διαλεχθεὶς
2901 3979 3037 4035 κατὰ
3089 3980 3188 4046 τὴν
3247 3977 3388 4050 ὁδὸν,
3445 3974 3738 4062 κατέλαϐον

369 4065 558 4128 locum
594 4067 691 4129 ubi
725 4077 852 4130 erat
908 4069 1335 4132 conﬁciendas.
1390 4069 1460 4131 Et
1514 4068 1718 4129 videns
1747 4076 2004 4130 erectam

2089 4070 2178 4124 τὸν
2212 4068 2374 4124 τόπον
2431 4067 2549 4125 ἔνθα
2603 4067 2805 4143 ἤμελλε
2861 4071 3202 4126 τελειοῦσθαι.
3267 4069 3365 4126 Καὶ
3419 4065 3740 4141 θεασάμενος

367 4175 604 4218 crucem
639 4176 826 4238 prope
881 4179 1122 4220 arenam
1171 4159 1372 4234 maris,
1405 4158 1746 4236 relinquens
1783 4176 2004 4236 annos,

2094 4157 2376 4234 πεπηγότα
2406 4159 2495 4214 τὸν
2527 4159 2748 4236 σταυρὸν
2799 4157 2926 4235 πρὸς
2976 4157 3036 4212 τὸ
3092 4153 3284 4236 χεῖλος
3339 4160 3436 4221 τῆς
3459 4153 3745 4216 θαλασσιας

368 4245 656 4324 processit
677 4249 747 4306 ad
773 4265 1032 4322 crucem,
1065 4257 1121 4306 et
1141 4248 1306 4326 quasi
1339 4247 1608 4308 animatae
1639 4245 1784 4306 dixit
1806 4264 2004 4322 magna

2096 4245 2342 4320 ψάμμού,
2401 4244 2678 4302 ἀπολιπὼν
2761 4246 2962 4308 πάντας
3047 4245 3286 4324 πρόσεισι
3367 4245 3456 4301 τὸν
3526 4244 3745 4322 σταυρὸν

366 4350 546 4394 voce:
602 4332 792 4404 Salve,
827 4354 967 4396 crux
997 4357 1014 4406 ς
1051 4345 1107 4395 tu
1139 4335 1297 4396 enim
1330 4344 1537 4398 cuncto
1571 4333 1872 4397 hominum
1907 4353 2004 4411 ge-

2098 4337 2184 4392 καί
2238 4359 2420 4416 φησιν,
2496 4339 2569 4400 ὡς
2658 4337 2910 4417 ἐμψύχῳ,
3001 4337 3135 4412 μετὰ
3215 4340 3396 4416 φωνῆς
3472 4336 3690 4413 ἰσχυρᾶς
3727 4347 3743 4364 ⁸

370 4421 496 4480 ncri
529 4421 806 4499 gaudium
842 4423 1160 4500 prmbuisii,
1189 4442 1293 4502 per
1323 4441 1674 4502 suspensum
1709 4422 1766 4480 in
1803 4429 1858 4481 te
1890 4441 2004 4482 cor-

2100 4425 2336 4504 Χαέροις,
2371 4425 2414 4480 ὦ
2443 4424 2629 4503 σταυρέ
2664 4445 2680 4460 ο
2733 4425 2794 4480 σὺ
2841 4425 2940 4504 γὰρ
2995 4425 3151 4480 παντὶ
3207 4429 3282 4498 τῷ
3325 4423 3428 4478 τῶν
3456 4421 3739 4500 ἀνθρώπων

369 4488 652 4588 poraliter
679 4512 778 4572 Dei
803 4488 1013 4573 Filium
1039 4535 1053 4584 ;
1081 4488 1259 4582 salve,
1286 4488 1697 4574 crux'vivitica.
1718 4510 2004 4583 tcrbeata,

2100 4511 2238 4589 γένει
2268 4514 2442 4592 χαρὰν
2495 4513 2584 4568 καὶ
2640 4511 2950 4591 ἀγαλλίασιν
3005 4510 3356 4591 προεξένησας
3414 4508 3496 4565 διὰ
3541 4514 3634 4565 τοῦ
3689 4507 3744 4562 ἐν

372 4606 430 4658 et
453 4598 654 4658 victrix
696 4608 992 4660 armatura
1041 4600 1172 4679 ejus
1201 4601 1302 4680 qui
1331 4599 1390 4659 in
1423 4607 1477 4660 te
1508 4599 1700 4660 libens
1735 4607 2004 4660 extensus

2101 4603 2182 4656 σοὶ
2237 4605 2500 4680 σαρκικῷς
2583 4601 2846 4678 παγέντος
2926 4608 3056 4656 Θεοῦ
3136 4599 3328 4677 Λόγου.
3411 4597 3645 4677 Χαίροις,
3699 4596 3744 4652 ὦ

369 4695 480 4760 est,
508 4696 566 4749 et
590 4687 829 4748 salvavit
857 4708 948 4748 me
967 4689 1268 4750 hominem
1293 4707 1308 4763 ;
1331 4689 1507 4758 salve,
1539 4707 1706 4760 crux,
1728 4707 1858 4767 qum
1880 4688 2004 4767 lign:

2102 4690 2312 4770 σταυρὲ,
2371 4692 2432 4744 τὸ
2489 4689 2764 4769 ζωηιρόρον
2834 4690 2924 4746 καὶ
2995 4686 3288 4766 τρισόλϐιον
3343 4687 3431 4743 καὶ
3475 4686 3743 4753 νικητικὸν

371 4775 826 4838 amaritudinem
861 4796 964 4857 per
993 4795 1344 4856 suspensum
1367 4777 1423 4836 in
1457 4783 1512 4839 te
1543 4776 1839 4840 Christum
1869 4776 2004 4836 triti:

2101 4776 2264 4835 ὅπλον
2313 4784 2406 4835 τοῦ
2463 4777 2514 4834 ἐν
2573 4780 2654 4834 σοὶ
2709 4777 2956 4854 βουλήσει
3013 4776 3350 4839 τανυσθέντος
3393 4777 3480 4832 καὶ
3537 4775 3748 4830 σώσαν-

369 4865 541 4942 gasli,
578 4876 633 4926 et
666 4869 886 4948 primos
917 4880 1198 4946 parentes
1231 4885 1335 4946 per
1382 4867 1512 4946 ejus
1543 4885 1706 4926 esum
1739 4865 2004 4946 decepto:

2100 4867 2189 4930 τός
2219 4889 2285 4943 με
2313 4869 2402 4924 τὸν
2461 4865 2752 4946 ἄνθρωπον,
2816 4867 3052 4947 Χαίροις,
3113 4865 3323 4945 σταυρέ,
3381 4867 3410 4921 6
3454 4871 3544 4920 τοῦ
3602 4861 3749 4928 ξύλου

367 4955 676 5030 revocasti,
713 4963 769 5016 et
793 4955 868 5016 ad
899 4954 1073 5014 vitam
1105 4955 1392 5016 reduxisti
1439 4953 1787 5035 pristinam;
1838 4953 2004 5030 salve,

2097 4956 2196 5022 τὴν
2255 4957 2442 5035 πικρὰν
2501 4963 2676 5034 γεῦσιν
2751 4955 2835 5012 διὰ
2915 4965 3008 5014 τοῦ
3090 4953 3142 5010 ἐν
3233 4956 3316 5010 σοὶ
3371 4953 3754 5034 κρεμασθέντος

367 5059 531 5121 crux,
559 5053 617 5106 et
639 5062 772 5106 vere
797 5043 1053 5124 gaudeas
1085 5065 1100 5121 ;
1134 5043 1286 5106 bene
1305 5045 1440 5106 novi
1467 5042 1607 5124 quid
1636 5042 2004 5124 requiescere

2102 5051 2324 5124 Χριστοῦ
2379 5043 2778 5109 κατακλυκάνας
2831 5045 2920 5102 καὶ
2977 5044 3098 5106 τοὺς
3153 5040 3604 5122 πρωτοπλάστους
3676 5038 3760 5096 διὰ

447 5203 493 5246 ιι
527 5203 746 5269 Matth.
783 5221 850 5288 ν,
883 5202 980 5284 39,
1014 5204 1118 5269 40.

1780 5370 1981 5437 Varia:
2009 5369 2319 5436 lectiones.

452 5500 579 5580 (57)
609 5503 676 5564 In
707 5503 840 5566 cod.
874 5503 1010 5568 Vat.
1037 5505 1204 5569 locus
1225 5505 1287 5568 in
1317 5505 1478 5568 hunc
1512 5503 1753 5566 modum
1783 5503 2020 5566 vitiatus

371 5581 587 5668 legitur
617 5601 632 5642 :
664 5584 949 5668 ξύγγνωτέ
977 5588 1203 5668 μοικαὶ
1258 5587 1442 5668 χάριν,
1503 5586 1558 5642 ἐν
1613 5585 1808 5643 τούτων
1837 5585 2018 5661 είματε

371 5668 449 5720 τῶ
472 5661 776 5742 νᾶπῌοστόλω,
795 5661 884 5731 θὼς
915 5661 1248 5725 παιδεύσαντί
1262 5661 1394 5742 ⁷μοι,

447 5740 566 5824 (58)
598 5743 748 5802 Μετὰ
770 5752 862 5804 τοῦ
905 5745 1232 5826 Στρατοκλεῖ
1261 5740 1394 5809 Vat.

2185 5502 2310 5580 (59)
2339 5505 2573 5574 Εὗθήτας
2610 5457 2744 5564 Vat.

2181 5585 2316 5662 (60)
2343 5583 2566 5641 Πώποτε
2595 5581 2739 5645 Vat.

2184 5663 2312 5744 t6!)
2341 5663 2694 5742 Μεμνημένου
2725 5663 2858 5725 Vat.
