4068 6112
380 300 488 372 253

1709 304 1896 367 VITA
1937 303 1999 366 S.
2043 302 2149 368 ΑΝ
2153 303 2421 367 BHE/1‘3.-

3613 294 3731 362 254

373 449 466 510 τῆς
542 442 700 499 αὖτοῦ
770 442 1016 521 βρώσεως
1086 442 1477 510 ἀπατηθέντεας
1556 414 2001 518 ἀνακαλεσάμενοε

2103 434 2385 516 deinceps
2410 434 2590 497 facias
2616 435 2913 515 fatigatum
2945 438 3005 498 in
3060 434 3260 497 multis
3300 456 3317 511 ;
3362 435 3536 498 venio
3566 435 3641 497 ad
3668 441 3732 500 te

373 533 457 586 καὶ
506 531 638 609 πρὸς
695 531 838 601 ζωὴν
901 530 1249 609 ἐπαναγαγὼν
1304 533 1404 600 τὴν
1459 535 1706 615 ἀρχαίαν.
1770 535 2006 612 Χαίροις,

370 620 416 675 ὦ
469 619 652 697 σταυρέ
686 634 700 648 ⁸
760 621 849 675 καὶ
904 620 1003 698 γὰρ
1054 620 1262 699 χαίροις
1337 621 1502 687 ὄντως
1539 667 1551 681 .
1627 622 1682 679 εὖ
1743 621 1866 678 οἶδα
1921 623 2009 677 καὶ

371 706 762 783 ἀναπαυόμενόν
816 729 874 763 σε
911 707 1034 784 (62)
1092 707 1277 765 λοιπὸν
1332 710 1392 766 ἐκ
1447 709 1646 768 πολλοῦ
1675 711 2004 787 κεκμηκότα,

369 795 491 852 ὦκω
519 795 605 851 ἐπὶ
650 795 733 874 σὲ,
784 797 842 852 ὃν
897 794 1218 872 ἐπιστάμην.
1251 800 1351 855 Καὶ
1395 800 1553 856 εἰπὼν
1608 806 1770 856 ταῦτα
1826 803 1854 855 6
1899 822 2007 873 μα-

368 885 545 962 κάριος
587 880 855 964 Ἀνδρέας,
917 885 1082 948 ἑστὼς
1126 884 1201 941 ἔτι
1254 886 1338 942 ἐπὶ
1391 893 1491 954 τῆς
1547 894 1649 965 γῆς
1704 890 1791 943 καὶ
1832 887 2007 951 ἀτενὲς

368 975 499 1051 ὁρῶν
527 974 600 1035 εἷς
642 974 733 1029 τὸν
798 974 1041 1051 σταυρὸν,
1094 974 1316 1042 ἀνῆλθεν
1371 974 1455 1033 ἐπ’
1512 979 1687 1050 αὑτὸν,
1722 976 2007 1057 ἐπιτρέψας

366 1074 483 1123 τοῖς
526 1062 748 1119 ἑστῶσιν
804 1059 1076 1142 ἀδελφοῖς,
1134 1069 1372 1144 φωνῆσαι
1442 1067 1563 1129 τοὺς
1632 1065 1870 1143 δημίους,
1916 1072 2008 1122 τοῦ

365 1154 586 1215 ποιῆσαι
630 1151 697 1205 τὰ
736 1148 1078 1208 κελευσθέντα
1131 1155 1311 1216 αὐτοῖς
1346 1170 1359 1183 ·
1427 1155 1560 1222 ἦσαν
1618 1156 1718 1232 γὰρ
1747 1154 2007 1233 πόῤῥωθεν

2092 542 2267 604 quam
2282 523 2737 601 cognoscebam.
2751 523 2821 585 Et
2837 524 2962 586 haec
2978 523 3185 587 dicens
3205 524 3416 586 beatus
3429 524 3723 601 Andreas,

2091 621 2250 673 stans
2280 613 2472 675 adhuc
2502 632 2681 693 super
2715 621 2954 682 terram,
2989 621 3048 674 et
3091 620 3314 674 attente
3338 612 3633 693 aspiciens
3663 613 3726 675 in

2091 719 2351 771 crucem,
2376 702 2640 763 ascendit
2660 702 2720 762 in
2744 722 2894 775 eam,
2919 703 3182 763 hortatus
3228 710 3484 763 astantes
3514 702 3727 764 fratres

2090 797 2153 849 ut
2187 798 2468 851 vocarent
2494 789 2732 851 lictores
2761 790 2833 851 ad
2865 790 3203 852 faciendum
3235 810 3364 872 quae
3394 790 3506 851 sibi
3530 791 3727 870 impe-

2089 884 2215 938 rata
2245 877 2510 959 fuerant;
2547 890 2712 939 erant
2743 879 2901 939 enim
2932 898 2965 941 a
2995 880 3166 959 long)
3198 887 3439 941 stantes.
3474 879 3725 951 Quidam

2090 964 2414 1041 venientes,
2445 956 2770 1043 ligaverunt
2792 969 2972 1047 pedes
3006 956 3135 1047 ejus
3169 975 3415 1042 tantum,
3449 988 3560 1030 nec
3587 987 3728 1030 ner—

2089 1072 2191 1114 vos
2212 1055 2449 1134 quidem
2473 1055 2883 1134 prmcidentes,
2910 1056 3046 1136 quia
3068 1058 3153 1118 sic
3173 1057 3577 1137 praescriptum
3604 1065 3729 1137 erat

2090 1143 2176 1205 eis
2205 1162 2237 1205 a
2259 1146 2630 1223 proconsule.
2668 1145 2890 1205 Exinde
2913 1135 3069 1208 enim
3097 1135 3334 1227 putabat
3355 1135 3558 1220 miser,
3593 1135 3751 1208 ma:

364 1237 672 1303 ἑστηκότες.
746 1235 957 1300 Οἴτινες
1026 1237 1260 1304 ἐλθόντες
1319 1242 1477 1317 μόνον
1534 1231 1793 1310 ἀπέδησεν
1824 1231 2001 1300 Dor-31:06

2085 1231 2275 1310 jorem
2301 1233 2461 1311 justo
2490 1234 2741 1295 futuram
2801 1253 3056 1315 pcenam,
3114 1235 3283 1316 quasi
3311 1236 3509 1297 forsan
3541 1236 3727 1297 adve-

362 1325 483 1389 τοὺς
540 1323 729 1405 πόδας,
792 1327 927 1401 μήτε
1001 1328 1107 1404 μὴν
1188 1330 1282 1393 τάς
1339 1330 1571 1409 ἀγκύλας
1618 1331 1998 1405 ἀπατεμόντες,

2089 1323 2290 1382 niente
2322 1330 2494 1384 nocte
2526 1341 2741 1403 corpus
2771 1323 2955 1405 ipsius
2984 1323 3177 1385 adhuc
3207 1325 3527 1386 animatum
3560 1345 3592 1385 a
3622 1344 3726 1386 ca-

360 1411 442 1469 διά
472 1415 533 1469 τὸ
583 1412 721 1469 οὕτω
770 1418 1159 1497 προστετάχθαι
1217 1420 1397 1483 αὐτοῖς
1457 1419 1579 1499 (63)
1639 1422 1740 1477 ὑπὸ
1767 1427 1857 1476 τοῦ
1887 1420 2001 1475 ἀνθ-

2087 1409 2261 1471 nibus
2293 1419 2619 1476 voraretur.
2663 1415 2732 1474 Et
2762 1413 3168 1494 relinquentes
3198 1432 3332 1475 eum
3367 1433 3719 1495 suspensum

356 1502 581 1561 υπάτου.
630 1500 726 1559 Ἐκ
765 1505 951 1560 τούτου
1007 1507 1106 1585 γάρ
1162 1508 1372 1583 μείζονα
1426 1510 1631 1565 ὑπενόει
1690 1512 1718 1565 6
1779 1507 2001 1571 δείλαιος

2085 1507 2456 1561 recesserunt
2486 1501 2557 1561 ab
2589 1521 2681 1561 eo.
2719 1500 2998 1565 Videntes
3046 1510 3244 1564 autem
3277 1503 3726 1565 circumstantes

356 1590 565 1649 ἔσεσθαι
636 1597 715 1667 τῷ
769 1591 952 1667 δικαίῳ
1016 1598 1113 1664 τὴν
1183 1600 1459 1679 τιμωρίαν,
1516 1602 1589 1662 ὡς
1646 1598 1708 1654 ἂν
1760 1601 1849 1655 καὶ
1902 1606 2000 1667 τῆς

2086 1586 2269 1679 turbae
2302 1588 2375 1649 ab
2409 1608 2477 1679 eo
2510 1589 2755 1665 edoctae,
2778 1591 2914 1671 quia
2942 1592 3088 1653 nihil
3119 1592 3722 1672 cruciafﬁgendorum

354 1682 544 1744 νυκτὸς
628 1679 1015 1757 ἐπιλαϐομένης
1098 1707 1158 1740 το
1242 1692 1398 1761 σῶμα
1490 1692 1646 1746 αὐτοῦ
1729 1686 1805 1743 ἔτι
1898 1687 1999 1763 ἔμ-

997 1773 1287 1783 μ--.
1890 1778 1957 1783 Α-

2085 1675 2348 1738 fecerunt
2379 1677 2457 1759 ei,
2490 1689 2876 1757 speraverunt
2922 1681 3127 1743 audire
3158 1701 3362 1744 rursus
3394 1682 3616 1763 aliquid
3648 1681 3722 1743 ab

354 1792 520 1825 πνουν
558 1767 678 1849 (64)
737 1772 838 1827 ὑπὸ
891 1778 1059 1830 κυνῶν
1102 1773 1345 1852 βρωθείη.
1411 1778 1509 1832 Καὶ
1569 1775 1789 1856 ἀφέντες
1848 1778 2003 1835 αὒτὸν

353 1857 690 1937 κρεμάμενον
758 1859 1064 1926 ἀπέστησαν
1134 1859 1227 1919 ἀπ’
1313 1865 1493 1923 αὐτοῦ.
1570 1862 1787 1929 ’ἰδόντες
1846 1865 1900 1922 δὲ
1958 1869 2005 1923 οἱ

353 1953 707 2019 περιεστῶτες
768 1946 923 2027 ὄχλοι
981 1951 1027 2003 οἱ
1082 1947 1169 2005 ὑπ’
1234 1950 1389 2006 αὗτοῦ
1446 1953 1874 2030 μαθητευθέντες,
1922 1952 2002 2010 ὅτι

354 2032 507 2090 οὐδὲν
574 2040 682 2089 τῶν
738 2034 1295 2112 ἀνασκολοπιζομένων
1366 2039 1618 2106 ἐποίησαν
1674 2044 1838 2120 αὐτῷ,
1896 2038 2004 2107 ἥλ-

350 2146 517 2181 πισαν
570 2122 731 2180 πάλιν
784 2124 1056 2211 ἀκούεσθαί
1112 2149 1161 2182 τι
1219 2126 1524 2207 παράὒτοῦ.
1600 2121 1656 2187 ςΟ
1714 2128 1768 2185 δὲ
1827 2138 1999 2213 Στρα-

348 2212 556 2280 τοκλῆς
588 2212 803 2270 ἐπύθετο
831 2216 989 2272 αὐτοῦ
1046 2213 1268 2293 λέγων·
1328 2217 1389 2275 Τί
1442 2216 1521 2274 ὅτι
1580 2216 1802 2294 μειδιᾷς,
1853 2217 2000 2278 δοῦλε

348 2308 441 2358 τοῦ
472 2309 614 2358 Θεοῦ
666 2301 1033 2382 πρωτόκλητε,
1110 2305 1184 2378 μή
1256 2306 1307 2360 τί
1361 2327 1422 2384 γε
1470 2308 1614 2382 ἡμᾶς
1670 2311 1870 2364 πενθῶν
1920 2306 2004 2364 διὰ

346 2391 405 2445 τὸ
454 2391 782 2470 στερίσεσθαί
826 2413 919 2447 σου
975 2390 1099 2468 (65)
1159 2394 1353 2473 ἡμᾶςς
1416 2397 1513 2453 Καὶ
1570 2398 1598 2451 6
1654 2395 1947 2460 ἀπόστολος
1984 2413 1998 2430 ⁸

348 2481 419 2537 Οὔ
456 2478 701 2557 γελάσω,
758 2480 1105 2557 Στρατόκλεις
1164 2481 1304 2559 (66),
1360 2485 1454 2547 τὰς
1497 2485 1749 2553 ὑπούλους
1795 2490 1882 2543 καὶ
1910 2485 2002 2543 δο-

348 2566 513 2647 λεράς
572 2565 778 2645 ἐνέδρας
834 2577 927 2625 τοὺ
987 2571 1241 2647 Αἰγεάτιυ
1296 2572 1487 2630 ἐννοῶν
1519 2594 1550 2655 ς.
1597 2575 1689 2631 Ἐκ
1758 2576 1856 2654 γὰρ
1912 2582 2002 2630 τοῦ

350 2657 424 2731 μὴ
462 2656 612 2711 κατά
660 2654 803 2720 τάξιν
862 2656 1271 2716 ἀνασκολοπίσαι
1328 2662 1499 2719 οἴεται
1556 2663 1808 2738 μειζόνως
1837 2687 2003 2739 τιμω-

349 2748 555 2821 Ρεϊσθαι
629 2746 797 2819 ἡμᾶς,
875 2746 1102 2823 ἀγνοῶν,
1191 2750 1558 2830 ἀτιμωρήτους
1639 2752 1809 2828 μένειν
1857 2754 2000 2828 ἡμᾶς

347 2833 429 2890 διὰ
470 2834 575 2900 τὴν
625 2835 756 2912 πρὸς
810 2836 1033 2929 Χριστὸὲ
1090 2837 1326 2915 ἀγάπην,
1390 2842 1487 2898 Καὶ
1542 2840 1846 2921 ἀπεκρίνετο
1895 2840 2004 2897 δια-

348 2921 644 3000 λεγόμενος
672 2928 749 2996 τῷ
776 2920 892 2997 λαῴ
928 2942 943 2959 ⁸
1004 2920 1211 3004 Ἄνδρες
1273 2930 1319 2984 οἱ
1370 2926 1586 2984 ἐνταῦθα
1643 2920 1998 3007 παρεστῶτες.

347 3009 604 3087 γυναῖκές
657 3030 715 3064 τε
757 3012 845 3066 καὶ
893 3010 1107 3094 παῖδες,
1161 3013 1443 3093 πρεσϐῦται
1501 3018 1588 3073 καὶ
1644 3017 1775 3098 νέοι,
1830 3016 2001 3073 δοῦλοι

344 3101 431 3154 καὶ
488 3097 754 3177 ἐλεύθεροι
797 3099 1055 3157 ἀκούσατέ
1108 3126 1228 3178 μου,
1290 3107 1377 3161 καὶ
1441 3107 1517 3181 μὴ
1573 3097 1864 3187 προσέχετε
1932 3115 2000 3183 τῇ

344 3194 473 3264 κενῇ
580 3186 762 3264 ἀπάτῃ
849 3199 942 3249 τοῦ
1026 3193 1285 3271 παρόντος
1370 3196 1506 3272 βίου,
1593 3195 1728 3252 ἀλλὰ
1770 3186 2000 3272 μᾶλλον

343 3277 715 3365 προσχόντες
758 3278 829 3341 εἷς
898 3280 1040 3354 ἡμᾶς
1096 3283 1453 3360 κρεμαμένους
1521 3284 1605 3341 διὰ
1646 3287 1734 3342 τὸν
1785 3288 1993 3365 Κύριον.

341 3367 428 3420 καὶ
456 3364 566 3433 ἤδη
604 3363 896 3439 μέλλοντας
953 3370 1065 3445 (67)
1123 3370 1360 3449 ἀπαίρειν
1411 3372 1470 3429 ἐκ
1510 3373 1660 3430 τοῦδε
1688 3383 1779 3433 τοῦ
1807 3363 1997 3449 σώμα-

341 3475 450 3528 τος,
514 3452 849 3518 ἀποτάξασθε
933 3458 1105 3521 πάσας
1181 3461 1274 3523 τὰς
1358 3463 1617 3538 κοσμικὰς
1702 3462 1996 3540 ἐπιθυμίας,

343 3544 427 3598 καὶ
485 3542 860 3597 καταπτύσατε
912 3551 1016 3601 τῶν
1080 3544 1372 3621 βδελυκτῶν
1431 3547 1659 3605 εἰδώλων
1712 3551 1779 3605 τὰ
1834 3548 1997 3607 σεϐί-

346 3650 548 3705 σματα,
618 3630 706 3684 καὶ
780 3629 1137 3709 προσδράμετε
1221 3642 1288 3712 τῇ
1365 3635 1588 3712 ἀληθινῇ
1643 3635 1853 3715 λατρεία
1906 3646 1997 3694 τοῦ

343 3716 608 3792 ἢεώοὖς
640 3723 769 3774 Θεοῦ
823 3721 998 3796 ἡμῶν,
1062 3721 1206 3786 ὅπως
1263 3724 1418 3788 αὐτός
1475 3746 1531 3781 τε
1586 3726 1677 3781 σὺν
1732 3728 1809 3800 τῲ
1836 3728 1997 3805 Πατρὶ

347 3807 431 3861 καὶ
461 3810 543 3880 τῷ
578 3806 713 3883 ἀγίῷ
742 3808 1003 3883 Πνεύματι
1054 3809 1317 3868 ἐλεύσεται
1375 3814 1461 3869 καὶ
1521 3814 1687 3888 μονὴν
1717 3814 1843 3893 παρ’
1869 3816 1996 3888 ὑμῖν

346 3897 589 3965 ποιήσει.
649 3893 1050 3983 Ἀποτινάξαςοε
1102 3901 1199 3967 τὴν
1259 3902 1505 3979 ῥᾳθυμιαν
1562 3906 1647 3959 καὶ
1704 3905 1794 3960 τὸν
1838 3904 1995 3983 ζόφον

341 3981 446 4038 ἀπὸ
504 3985 619 4038 τῶν
673 3981 894 4061 καρδιῶν
964 3987 1131 4061 ὑμῶν,
1192 3990 1280 4045 καὶ
1340 3988 1625 4046 ἀναλάϐετε
1676 3981 1994 4070 εὖπρόθυμον

2089 1782 2181 1826 eo.
2228 1763 2544 1827 Stratocles
2584 1774 2779 1829 autem
2816 1768 3079 1848 quaesivit
3099 1769 3176 1832 ab
3202 1790 3270 1832 eo
3294 1772 3530 1833 dicens:
3567 1768 3719 1841 Quid

2088 1861 2176 1914 est
2206 1854 2363 1934 quod
2394 1855 2724 1926 subrideas,
2758 1874 2925 1918 serve
2981 1858 3108 1934 Dei,
3145 1862 3332 1939 prime
3362 1867 3584 1934 vocate,
3633 1856 3721 1918 vel

2086 1943 2226 2022 quid
2244 1962 2347 2004 nos
2367 1945 2570 2005 dolore
2592 1945 2778 2006 afficis
2806 1964 2914 2026 per
2933 1946 3187 2009 futuram
3211 1948 3580 2017 orbationem
3604 1946 3725 2008 tui?

2085 2033 2161 2094 Et
2188 2033 2517 2111 apostolus:
2553 2033 2681 2095 Non
2729 2034 2960 2107 ridebo,
3004 2035 3342 2109 Stratocles,
3376 2036 3637 2097 occultas
3667 2043 3725 2096 et

2086 2120 2326 2182 callidas
2347 2122 2764 2201 cogitationum
2790 2125 3046 2201 ngeatis
3071 2124 3350 2188 insidias?
3392 2125 3540 2198 Quia
3562 2125 3722 2187 enim

2085 2227 2203 2270 non
2221 2210 2386 2288 juxta
2408 2230 2674 2273 normam
2700 2214 2861 2274 cruci
2886 2214 3091 2275 affixus
3128 2233 3283 2295 sum,
3318 2215 3498 2293 magis
3527 2214 3724 2294 puniri

2084 2317 2193 2358 nos
2213 2299 2553 2374 arbitratur,
2579 2302 2858 2379 ignorans
2878 2301 3201 2382 impunitos
3224 2321 3465 2364 manere
3489 2322 3597 2364 nos
3618 2320 3726 2383 per

2084 2385 2457 2447 dilectionem
2482 2388 2552 2448 ad
2587 2388 2908 2453 Christum.
2934 2391 3005 2451 Et
3026 2390 3334 2471 respondit
3353 2392 3599 2472 loquens
3622 2409 3724 2471 po-

2086 2475 2223 2553 pulo
2251 2495 2265 2533 :
2327 2474 2452 2537 Viri
2483 2478 2582 2556 qui
2613 2477 2709 2538 hic
2739 2478 2981 2551 adestis,
3040 2479 3324 2541 mulieres
3355 2487 3413 2542 et
3444 2479 3718 2555 infantes,

2087 2580 2263 2626 senes
2294 2572 2348 2625 et
2374 2565 2649 2648 juvenes,
2682 2566 2858 2628 liberi
2881 2582 2937 2629 et
2958 2568 3136 2647 servi,
3160 2568 3356 2629 audite
3378 2586 3496 2643 me,
3524 2584 3722 2648 neque

2083 2652 2432 2714 adhaereatis
2460 2654 2622 2716 inani
2671 2656 3008 2736 deceptioni
3066 2658 3374 2739 praeceptis
3428 2657 3579 2735 vitae,
3615 2656 3721 2718 sed

2086 2741 2278 2820 potius
2290 2744 2783 2806 attendentesnos
2799 2755 3039 2826 propter
3052 2747 3365 2809 Dominum
3377 2764 3719 2826 suspensos,

2086 2838 2141 2890 et
2167 2831 2288 2909 jam
2324 2852 2392 2894 ex
2425 2834 2533 2895 hoc
2564 2853 2814 2914 corpore
2846 2837 3123 2897 exituros.
3168 2836 3495 2897 Valedicite
3526 2835 3721 2896 omni-

2084 2918 2193 2979 bus
2224 2922 2540 2984 mundanis
2570 2923 2906 2999 desideriis,
2937 2932 2994 2986 et
3022 2926 3382 2987 contemnite
3412 2924 3719 2986 inlandum

2021 3006 2061 3067 ί]
2083 3006 2378 3070 idolorum
2409 3013 2655 3093 cultum,
2690 3022 2747 3074 et
2782 3013 3070 3075 accurrite
3100 3014 3173 3074 ad
3204 3031 3399 3074 veram
3430 3013 3718 3074 adoratio-

2084 3114 2219 3156 nem
2248 3117 2367 3159 non
2392 3099 2732 3161 mentientis
2759 3101 2860 3163 Dei
2887 3102 3097 3176 nostri,
3129 3102 3408 3182 quoniam
3440 3102 3568 3182 ipse
3585 3120 3717 3165 cum

2083 3182 2255 3248 Patre
2282 3196 2340 3247 et
2367 3196 2569 3249 sancto
2589 3189 2807 3269 Spiritu
2838 3190 3054 3265 veniet,
3089 3200 3148 3253 et
3175 3191 3543 3252 mansionem
3565 3191 3721 3271 apud

2083 3291 2187 3335 vos
2208 3275 2402 3338 faciet.
2438 3276 2703 3340 Excutite
2732 3279 3061 3341 socordiam
3095 3289 3153 3341 et
3182 3279 3456 3341 tenebras
3479 3280 3554 3340 de
3585 3297 3721 3341 cor-

2081 3362 2255 3424 dibus
2283 3366 2515 3441 vostris,
2550 3374 2608 3427 et
2663 3376 2932 3429 revocate
2983 3370 3235 3430 alacrem
3269 3368 3628 3443 virilitatem,
3662 3376 3722 3432 et

2082 3450 2571 3515 illuminationem
2605 3456 2664 3515 in
2694 3456 3032 3536 pectoribus
3078 3457 3309 3519 vestris.
3345 3456 3721 3537 Expergisci-

2081 3540 2249 3615 mini,
2285 3551 2343 3603 et
2368 3551 2518 3605 state
2564 3546 2816 3606 succinti
2874 3547 3108 3609 lumbos
3157 3554 3379 3608 vestros
3408 3546 3471 3606 in
3498 3544 3718 3624 laetitia,

2082 3637 2139 3691 et
2167 3630 2455 3709 Spirituali
2487 3633 2669 3695 lorica
2700 3636 3060 3697 circumdate
3109 3643 3314 3715 pectus
3345 3643 3624 3713 vestrum,
3662 3646 3723 3694 et.

2077 3718 2339 3797 gladium
2374 3720 2534 3782 verbi
2564 3723 2943 3805 stringentes,
2980 3723 3276 3804 praedicite
3296 3721 3720 3784 carnaliadesi-

2078 3807 2245 3868 deria
2272 3808 2346 3869 de
2364 3810 2642 3872 cordibus
2664 3815 2894 3885 vestris,
2921 3823 2980 3874 et
3009 3813 3160 3874 fialis
3192 3812 3323 3892 puri
3354 3820 3412 3873 et
3441 3809 3710 3891 perfecti.

2079 3906 2136 3958 et
2164 3899 2293 3960 sine
2322 3901 2584 3979 querela,
2619 3910 2677 3963 et
2705 3902 3265 3982 irreprehensibiles
3297 3920 3442 3981 puro
3468 3902 3591 3963 Deo
3615 3919 3719 3960 no-

2077 3994 2218 4049 stro.
2256 3988 2526 4051 Mundate
2557 3992 2963 4070 vosmetipsos,
2997 3999 3055 4052 et
3083 3990 3354 4051 doctrina
3374 3998 3575 4051 nostra
3596 4007 3713 4049 non

343 4068 587 4149 ἀνδρείαν
644 4074 733 4126 καὶ
788 4075 1045 4150 φοτισμὸν
1088 4075 1140 4131 ἐν
1196 4090 1315 4140 ταῖς
1372 4081 1578 4157 ψυχαῖς
1635 4068 1805 4154 ὑμῶν.
1867 4088 1991 4134 Διε-

2085 4074 2257 4153 fugiat
2279 4094 2312 4135 a
2342 4076 2525 4139 vobis.
2578 4078 2693 4139 Per
2726 4068 2847 4140 haec
2877 4080 3033 4140 enim
3068 4077 3231 4139 eritis
3264 4076 3584 4157 participes
3615 4095 3722 4138 ex-

342 4158 565 4236 γὲρθητε
626 4162 714 4215 καὶ
770 4165 931 4227 στῆτε
1002 4165 1415 4242 περιεζωσμένοι
1466 4168 1561 4229 τὰς
1633 4169 1793 4248 ὀσφῦς
1850 4169 1995 4243 ὑμῶν

2085 4164 2417 4225 cellentium
2454 4166 2560 4229 Dei
2616 4168 2800 4229 nostri
2831 4168 3143 4239 donorum,
3178 4185 3307 4247 quae
3339 4184 3449 4227 nec
3481 4166 3719 4239 oculus,

345 4244 396 4301 ἐν
473 4248 793 4327 εὖφροσύνῃ,
877 4251 965 4306 καὶ
1040 4253 1118 4326 τῷ
1197 4262 1535 4330 πνευματικῷ
1588 4244 1781 4335 θώρακι
1839 4277 1992 4335 περι-

429 4332 470 4350 ,ν
608 4337 620 4350 .
684 4343 708 4350 -
829 4338 841 4350 .
990 4338 1000 4350 .
1249 4343 1260 4350 .
1362 4343 1372 4350 .
1538 4345 1547 4350 .
1908 4344 1969 4350 -_

2085 4271 2190 4313 nec
2215 4256 2396 4327 auris,
2426 4274 2617 4335 neque
2642 4274 2745 4316 cor
2774 4275 2988 4336 capere
3021 4244 3285 4336 possunt,
3342 4274 3471 4337 qua)
3496 4274 3723 4337 praepa-

344 4332 573 4413 φράξατε
603 4337 747 4411 ὑμῶν
789 4338 857 4393 τὰ
912 4338 1121 4419 στέρνα,
1179 4343 1266 4397 καὶ
1321 4343 1419 4409 τὴν
1477 4332 1747 4424 μάχαιραν
1777 4352 1868 4402 τοῦ
1908 4332 1997 4401 λό-

2085 4350 2286 4403 rantur
2315 4341 2375 4403 in
2408 4332 2756 4423 perpetuum
2788 4332 3171 4424 diligentibus
3203 4332 3365 4407 eum.

346 4446 439 4498 γου
468 4425 804 4499 σπασάμενοι
841 4425 1101 4502 ἐκκόψατε
1128 4430 1222 4492 τὰς
1249 4432 1500 4509 σαρκικας
1529 4432 1800 4508 ἐπιθυμίας
1831 4434 1934 4489 ἀπὸ
1961 4440 2064 4490 τῶν
2082 4431 2306 4511 καρδιῶν
2323 4433 2491 4508 ὑμῶν,
2524 4436 2611 4489 καὶ
2640 4435 2839 4512 γίνεσθε
2866 4437 3078 4514 καθαροὶ
3106 4437 3194 4492 καὶ
3214 4433 3430 4509 τέλειοι,
3456 4434 3725 4509 ἄμεμπτοί

348 4533 405 4567 τε
432 4516 521 4569 καὶ
552 4512 904 4580 ἀνεπίληπτοι
928 4524 1003 4591 τῷ
1034 4520 1242 4597 καθαρῷ
1273 4526 1387 4594 Θεῷ
1414 4522 1588 4596 ἡμῶν.
1627 4513 1892 4600 Ἀγνίσοτε
1922 4524 2133 4585 ἑαυτοὺς
2174 4523 2263 4577 καὶ
2309 4528 2409 4588 τῆς
2466 4524 2619 4598 ἡμῶν
2674 4522 3003 4588 διδασκαλίας
3061 4526 3138 4600 μὴ
3169 4525 3588 4585 ἐπιλανθανεσθε,
3628 4525 3724 4579 Διά

350 4611 508 4693 ταῦτα
536 4604 640 4681 γὰρ
671 4601 992 4681 κληρονόμοι
1021 4608 1302 4683 γενήσεσθε
1329 4614 1433 4665 τῶν
1466 4611 1601 4685 μήτε
1630 4611 1884 4690 ὀφθαλμῷ
1914 4612 2051 4686 μήτε
2081 4612 2218 4686 ἀκοῇ
2247 4612 2382 4686 μήτε
2435 4611 2617 4690 καρδίᾳ
2674 4612 2893 4681 ληπτῶν
2947 4615 3262 4693 παναγάθων
3291 4621 3383 4670 τοῦ
3413 4620 3542 4669 Θεοῦ
3569 4615 3721 4689 ἡμῶν

351 4686 578 4771 δωρεῶν,
612 4698 717 4747 τῶν
745 4706 862 4756 τοῖς
892 4693 1166 4771 ἀγαπῶσιν
1195 4697 1349 4751 αὐτὸν
1379 4698 1450 4759 είς
1479 4698 1558 4753 ἀεὶ
1586 4686 2013 4775 ἡτοιμασμένων.

428 4788 606 4839 Ταῦτα
635 4778 909 4844 διεξιόντος
964 4793 1056 4842 τοῦ
1099 4783 1394 4844 ἀποστόλου
1440 4789 1770 4868 νυχθῆμερον
1798 4811 1994 4869 κρεμα-

2155 4784 2293 4847 ch
2323 4805 2457 4849 cum
2521 4789 2889 4870 exposuisset
2944 4791 3267 4871 apostolus,
3330 4798 3503 4851 nocte
3534 4798 3592 4850 et
3623 4789 3723 4852 die

352 4866 529 4947 μένου,
564 4870 652 4924 καὶ
699 4875 791 4925 τοῦ
843 4868 974 4929 λαοῦ
1027 4869 1195 4939 ἡδέως
1260 4873 1416 4930 αὐτοῦ
1473 4866 1757 4940 ἀκούοντος
1804 4866 1891 4935 καὶ
1920 4880 1992 4941 εἰς

2085 4892 2424 4954 suspensus,
2457 4886 2515 4939 et
2562 4866 2809 4960 populus
2857 4866 2999 4941 eum“
3049 4880 3313 4941 lzetanter
3342 4877 3624 4952 audisset,
3665 4887 3722 4938 et

353 4957 627 5023 κατανύξιν
696 4959 784 5013 καὶ
854 4960 1110 5040 σύγχυσιν
1168 4961 1377 5037 καρδίας
1431 4962 1690 5041 ἐλθᾷντος,
1764 4967 1995 5044 βλέπον-

2085 4963 2140 5023 in
2171 4957 2686 5045 compunctionem
2717 4976 2775 5028 et
2804 4970 2863 5028 in
2895 4967 3301 5029 confusionem
3332 4964 3578 5044 spiritus
3615 4984 3716 5027 ve-

352 5063 438 5106 τες
463 5047 527 5101 τὸ
557 5058 806 5125 γενναῖον
857 5051 1013 5105 αὐτοῦ
1066 5054 1165 5117 τῆς
1220 5048 1454 5129 ἀνδρείας
1522 5054 1609 5109 καὶ
1662 5056 1722 5111 τὸ
1752 5055 1995 5133 ἀκαμπὲς

2085 5051 2285 5132 uisset,
2319 5057 2585 5120 videntes
2636 5074 2983 5135 generosam
3026 5057 3173 5145 .ejus
3224 5051 3629 5115 fortitudinem
3662 5061 3722 5114 et

1756 5229 1949 5295 Variae
1972 5230 2278 5297 lectiones.

2160 5370 2280 5447 (65)
2309 5377 2379 5426 Σε
2408 5366 2541 5431 Vat.
2564 5446 2567 5447 ν
2594 5396 2597 5397 ν
2676 5445 2723 5447 __
2776 5438 2779 5439 ν

2187 5450 2287 5513 66)
2322 5446 2648 5513 Στρατοκλεῖ
2675 5445 2807 5510 Vat.

2187 5450 2264 5513 66
2322 5457 2395 5505 Στ
2429 5450 2648 5506 ατοκλεϊ
2676 5450 2807 5510 Vat.

2161 5450 2287 5611 £67;
2342 5472 2462 5586 Ηδει
2496 5526 2778 5605 μέλλοντες
2808 5524 2941 5590 Vat.

361 5356 564 5445 (62)
618 5357 1034 5445 Exspectasses
1082 5364 1416 5445 ᾇναπαύοντά
1470 5388 1551 5428 σε.
1610 5365 1730 5432 Cfr,
1787 5356 1994 5432 {amen

357 5433 867 5529 illugj‘tzvsnabael
886 5445 922 5512 ἡ
950 5452 1042 5502 τοῦ
1071 5443 1239 5526 ὄχλου
1260 5448 1441 5515 στάσις
1471 5465 1532 5529 ι).
1565 5446 1635 5513 81
1670 5447 1712 5512 Ι.
1745 5447 1845 5514 30.

444 5516 568 5598 (63)
595 5520 787 5585 Αὐτούς
816 5522 950 5586 Vat.

443 5596 572 5680 (64)
602 5598 859 5679 Ἐμπνέον
888 5601 1021 5668 Vat.
