4068 6112
325 235 445 304 255
1623 243 1951 310 EPIPHAN

2049 243 2398 315 MONACHI
3584 248 3703 318 256

325 374 755 472 innelligentiae
781 375 1142 455 ﬁrmitatem,
1167 382 1226 472 et
1251 374 1416 472 verbi
1431 375 1880 472 abundantiam,
1907 382 1951 472 et

2047 383 2145 446 τῆς
2167 379 2403 472 *διανοίας
2431 387 2519 443 καὶ
2569 387 2630 444 τὸ
2677 386 2813 445 πολὺ
2868 399 2962 451 τοῦ
3015 388 3174 472 λόγου
3217 391 3304 449 καὶ
3360 389 3425 447 τὸ
3454 385 3708 470 χρηστὸν.

327 486 556 531 morum
589 464 967 546 probitatem,
1003 473 1065 527 et
1091 463 1276 527 animi
1305 466 1715 548 constantiam,
1748 475 1808 529 et
1834 464 1951 546 spi-

2043 477 2135 528 τοῦ
2161 469 2315 537 ἤθους
2343 474 2432 529 καὶ
2462 475 2522 530 τὸ
2579 476 2821 541 εὒσταθὲς
2875 482 2974 546 τῆς
3033 463 3219 558 ψυχῆς
3275 480 3364 536 καὶ
3394 463 3695 553 τδνὲῶφρον

322 559 475 621 ritus
506 554 901 636 prudentiam,
938 561 997 644 et
1027 553 1241 644 mentis
1269 553 1670 644 stabilitatem,
1707 562 1766 617 et
1794 572 1951 634 argu-‘

2042 563 2136 613 τοῦ
2163 557 2461 634 πνεύματος
2519 561 2606 618 καὶ
2660 564 2721 619 τὸ
2774 561 2979 644 ἑδραῖον
3036 553 3149 625 “coli-
3173 572 3262 623 νοῦ
3319 565 3410 622 καὶ
3465 562 3528 620 τὸ
3557 558 3696 616 εἰλι-

325 645 708 710 mentationis
736 643 1163 721 sinceritatem,
1217 642 1503 723 indignati
1533 652 1690 719 sunt,
1724 651 1783 707 et
1813 661 1951 705 una-

2048 647 2218 725 κρινέ>
2289 658 2381 708 τοῦ
2445 649 2725 728 λογισμοῦ,
2811 642 3269 731 ἀγανακτήσαντες
3361 645 3695 730 ὁμοθυμαδὸν

324 736 567 800 nimiter
595 733 941 797 festinantes
969 731 1364 804 abieruntiad
1398 731 1680 808 tribunal,
1713 732 1951 793 insimu-

2051 734 2358 802 σπεύδοντες
2428 739 2667 816 ἀπῄεσαν
2733 743 2806 805 εἰς
2861 743 2921 798 τὸ
2975 744 3124 820 βῆμα
3179 741 3550 801 καταϐοῶντες
3603 742 3698 793 τοῧ

322 827 514 888 lantes
543 824 843 904 Ege-atem
877 832 938 886 et
992 821 1302 912 dicentes:
1364 823 1617 912 Pravum
1637 821 1951 912 judicium,

2053 825 2305 903 Αἷγεάτου
2333 827 2420 884 καὶ
2447 826 2688 907 λέγοντες
2722 845 2738 862 ⁶
2801 832 2982 898 Κακὴν
3028 833 3196 911 κρίσιν
3229 831 3373 912 (68),
3407 828 3694 902 ἀνθύπατε,

323 916 662 997 proconsul,
689 914 843 974 male
863 911 1139 986 statuisti,
1173 909 1378 990 inique
1404 909 1710 1000 judicasti,
1743 910 1951 990 injuste

2044 915 2221 978 κακῶς
2277 915 2541 990 ἐδίκασας,
2599 917 2834 983 ἀνωσίως
2891 909 3116 999 ἔκρινας,
3175 909 3458 1000 παράνομα
3511 915 3581 973 τὰ
3609 914 3693 970 δι-

309 1004 540 1088 judicia
567 1010 688 1074 tua,
720 1002 938 1081 injuste
962 1001 1119 1078 regis
1137 1017 1372 1088 omnem
1388 998 1695 1074 Achaiam,
1720 997 1951 1078 indigna

2043 1006 2302 1085 καστήριά
2356 1029 2471 1080 σου,
2523 1005 2712 1072 ἀδίκως
2765 997 2984 1073 διοικεϊής
3041 1012 3140 1078 τὴν
3189 997 3364 1068 πᾶσαν
3424 1005 3690 1087 Ἀχαΐαν,

320 1093 574 1158 statuisti
605 1099 808 1154 contra
830 1091 1058 1169 justum
1090 1087 1417 1150 hominem.
1473 1087 1622 1160 Quid
1655 1088 1813 1148 enim
1846 1107 1959 1149 no-

273 1206 276 1208 ‘
319 1181 485 1246 cuit?
504 1181 609 1244 Vel
631 1179 768 1262 quid
791 1177 972 1241 fecit?
995 1176 1161 1250 Quod
1183 1176 1378 1238 scelus
1395 1176 1726 1239 commisit?
1741 1175 1961 1240 Omnes

321 1288 432 1334 nos
461 1270 651 1350 lzedis,
685 1277 804 1330 tota
859 1265 1063 1329 civitas
1109 1272 1530 1340 commovetur,
1567 1265 1760 1327 omnis
1790 1265 1958 1346 plebs

318 1361 610 1423 turbatur.
644 1360 733 1423 Ne
762 1356 998 1419 occidas
1021 1356 1245 1436 justum
1280 1375 1297 1431 ;
1347 1355 1624 1433 daznobis
1651 1354 1954 1417 hominem

319 1458 614 1530 sanctum,
652 1464 845 1528 neque
876 1444 1200 1506 interﬁcias
1253 1443 1556 1505 hominem
1587 1442 1954 1522 religiosum,

317 1556 352 1600 a
381 1537 612 1600 duobus
637 1553 788 1617 pene
805 1533 1015 1596 diebus
1036 1550 1415 1613 suspensum,
1443 1531 1710 1593 etadhuc
1726 1531 1958 1612 spiran-

2043 1091 2262 1158 ἀναξίως
2319 1093 2575 1175 ἀπεφήνω
2625 1098 2762 1154 κατὰ
2815 1107 2906 1158 τοῦ
2961 1096 3156 1156 δικαὶον
3210 1097 3419 1179 ἀνδρός.
3477 1095 3539 1154 Τί
3595 1093 3697 1170 γὰρ

2040 1179 2288 1250 ἠδίκησεν
2322 1202 2338 1264 ς
2390 1183 2428 1252 ἢ
2457 1185 2506 1240 τί
2534 1184 2781 1252 ἐποίησεν
2811 1205 2828 1267 ;
2887 1187 3041 1244 ποίαν
3069 1188 3326 1268 ἁμαρτίαν
3357 1185 3642 1266 εἰργάσατο
3676 1197 3692 1259 ς

2040 1273 2246 1337 Πάντας
2302 1274 2444 1349 ἡμᾶς
2520 1271 2745 1348 ἀδικεῖς,
2831 1281 2976 1333 πᾶσα
3051 1279 3088 1347 ἡ
3146 1277 3300 1341 πόλις
3365 1271 3694 1355 θορυϐεῖται,

2039 1367 2144 1425 πᾶς
2202 1363 2230 1418 6
2307 1360 2476 1438 δῆμος
2555 1365 2885 1444 ταράττεται.
2949 1369 3038 1434 Μὴ
3107 1366 3425 1444 ἀποκτείνῃς
3479 1364 3571 1419 τὸν
3629 1355 3701 1413 δί-

2037 1473 2187 1508 καιον
2221 1471 2236 1487 ⁸
2297 1453 2518 1532 χάρισαι
2574 1456 2710 1530 ἡμῖν
2787 1453 2946 1536 ἄνδρα
3029 1454 3170 1514 ὅσιον
3243 1458 3320 1534 μὴ
3391 1455 3451 1512 δὲ
3505 1447 3699 1524 ἀνέλῃς

2039 1539 2309 1620 ἄνθρωπον
2416 1539 2630 1617 εὐσεϐῆ,
2740 1540 2850 1600 δυσὶ
2959 1544 3151 1625 σχεδὸν
3250 1544 3481 1624 ἡμέραις
3580 1557 3705 1618 κρυ

318 1640 460 1691 tem.
486 1629 509 1690 Ι
515 1645 617 1707 pse
639 1624 836 1688 cibum
862 1641 977 1683 non
1003 1639 1266 1698 sumens,
1299 1639 1406 1682 nos
1434 1619 1627 1683 verbis
1648 1621 1773 1683 suis
1789 1621 1951 1682 aluit.

2042 1630 2278 1725 μάμενον
2357 1633 2445 1688 καὶ
2527 1631 2604 1690 ἔτι
2675 1619 3034 1725 ἐμπνέοντα.--
3073 1635 3239 1700 Αὐτὸς
3293 1619 3530 1714 Ὕτροφῆς
3617 1625 3696 1725 μὴ

314 1716 386 1779 Ει
414 1735 554 1779 ecce
585 1714 886 1777 credimus
938 1710 1059 1772 Deo
1117 1709 1189 1771 ab
1241 1727 1311 1772 eo
1343 1710 1682 1790 praedicato.
1715 1709 1957 1790 Depone

311 1808 562 1888 justum,
597 1811 657 1866 et
685 1819 892 1865 omnes
947 1807 1110 1862 recto
1168 1817 1407 1888 operam
1429 1797 1713 1888 dabimus
1747 1799 1958 1888 :solve

319 1886 695 1976 prudentem,
730 1899 788 1953 et
815 1907 1024 1952 omnes
1044 1892 1229 1950 Patrae
1257 1886 1446 1969 quieti
1475 1887 1736 1963 erimus;
1771 1887 1959 1950 libera

319 1985 575 2066 primum
599 1988 890 2056 vocatum,
911 1985 968 2040 et
990 1976 1183 2066 omnis
1205 1976 1428 2066 Achaia
1453 1993 1558 2057 per
1583 1983 1638 2037 te
1668 1976 1956 2066 liberabi-

320 2063 433 2136 tur.
459 2071 744 2136 Utautem
761 2067 1016 2150 primum
1037 2063 1259 2127 audivit
1292 2063 1587 2144 IEgeates,
1621 2064 1808 2126 turba;
1838 2085 1955 2128 non

315 2161 665 2245 promisitse
683 2161 904 2238 justum
929 2154 1333 2245 absoluturum
1365 2174 1381 2230 ;
1421 2153 1528 2215 sed
1553 2153 1749 2234 potius
1778 2175 1957 2245 manu

315 2242 627 2325 annuebat,
666 2255 729 2309 ut
758 2265 791 2309 e
821 2243 1098 2308 tribunali
1128 2242 1478 2304 recederent
1517 2262 1532 2318 ;
1601 2247 1763 2305 tanto
1795 2243 1955 2306 enim

317 2348 558 2419 stupore
584 2335 893 2418 perculsus
913 2340 1002 2396 est
1022 2331 1082 2393 in
1108 2332 1245 2407 hoc,
1276 2331 1480 2393 videns
1513 2333 1954 2396 multitudinem

314 2429 674 2502 venientem,
709 2432 772 2485 ut
803 2430 998 2484 mutus
1027 2420 1351 2498 manserit;
1385 2419 1581 2483 furore
1608 2421 1821 2502 perciti
1853 2422 1957 2484 ati-

315 2517 457 2599 quid
489 2515 788 2577 audebant
818 2519 1022 2599 contra
1051 2528 1188 2572 eum
1240 2509 1507 2599 exsequi,
1542 2518 1708 2572 erant
1739 2510 1957 2592 quippe

318 2597 568 2667 numero
590 2601 757 2684 quasi
783 2600 966 2663 mille.
990 2598 1314 2660 Proconsul
1337 2597 1950 2677 igituramensfartus,

317 2704 376 2758 et
396 2693 616 2758 veritus
634 2709 709 2752 ne
729 2689 869 2771 quid
901 2687 1245 2749 seditiosum
1288 2694 1606 2766 pateretur,
1640 2705 1891 2765 surgens
1923 2707 1956 2750 e

316 2781 596 2845 tribunali
626 2779 747 2841 ibat
767 2796 900 2842 cum
925 2775 1065 2856 illis,
1094 2773 1443 2856 promittens
1472 2793 1537 2837 se
1567 2774 1955 2839 liberaturum

308 2875 561 2954 justum.
597 2865 1046 2934 Praeveniebant
1075 2865 1254 2944 igitur
1306 2865 1464 2954 alter
1486 2873 1764 2954 alterum,
1798 2886 1952 2928 nun-

2042 1719 2329 1799 μετασχὼν
2383 1721 2527 1795 ἡμᾶς
2595 1726 2699 1778 τῶν
2757 1718 2931 1799 λόγων
3003 1724 3160 1780 αὐτοῦ
3215 1722 3534 1803 ἐχόρτασεν.
3598 1715 3699 1774 Καὶ

2039 1805 2146 1864 ἰδοὺ
2202 1809 2518 1885 πιστεύομεν
2574 1816 2652 1884 τῷ
2719 1808 2808 1867 ὑπ’
2888 1814 3044 1870 αὐτοῦ
3115 1811 3496 1892 κηρυττομένῳ
3553 1810 3692 1878 Θεῷ.

2039 1895 2238 1954 Κάοελε
2317 1898 2406 1955 τὸν
2481 1895 2704 1980 δίκαιου,
2782 1899 2870 1956 καὶ
2955 1900 3148 1966 πάντες
3205 1899 3640 1981 φιλοσοφήσομεν
3676 1908 3692 1924 ⁸

2039 1983 2194 2043 λῦσον
2250 1988 2342 2045 τὸν
2397 1986 2660 2067 σώφρονα,
2743 1991 2830 2046 καὶ
2913 1988 3031 2047 ὅλαι
3096 1993 3148 2048 αἱ
3205 1992 3404 2072 Πάτραι
3463 1984 3698 2070 εἰρηνεύ-

2039 2096 2201 2150 σομεν
2232 2093 2249 2112 ⁶
2333 2075 2599 2134 ἀπόλυσον
2698 2078 2791 2134 τὸν
2891 2077 3293 2160 πρωτόκλητον,
3375 2081 3499 2160 mli
3548 2081 3698 2133 πᾶσα

2037 2165 2072 2232 ἦ
2132 2161 2338 2245 Ἀχαΐα
2393 2164 2513 2246 (69)
2591 2164 2677 2225 διὰ
2755 2173 2846 2223 τοῦ
2925 2159 3414 2248 ἐλευθερωθήσεται.
3485 2159 3582 2231 ιΩς
3639 2161 3695 2220 δὲ

2039 2260 2223 2332 πρῶτα
2274 2255 2372 2330 μὲν
2429 2256 2761 2334 παρήκουσεν
2819 2259 2848 2313 6
2890 2258 3174 2338 Λῖγεάτης,
3235 2260 3312 2335 μὴ
3368 2256 3695 2338 ὑποσχόμε-

2039 2364 2127 2406 νος
2188 2349 2264 2417 τῷ
2307 2341 2460 2423 ὄχλῳ
2519 2342 2768 2401 ἀπολύειν
2829 2345 2920 2402 τόν
2986 2344 3208 2420 δίκαιον,
3279 2345 3415 2404 ἀλλὰ
3483 2342 3694 2422 μᾶλλον

2039 2430 2181 2488 ἔνευε
2235 2438 2303 2509 τῇ
2371 2433 2512 2512 χειρὶ
2554 2432 2858 2513 ἀναχωρεῖν
2901 2441 2993 2491 τοῦ
3035 2435 3276 2511 βήματος
3309 2453 3322 2466 '
3369 2433 3690 2510 κατεπλάγη

2038 2521 2131 2600 γέρ
2199 2527 2447 2578 τοσοῦτον
2520 2519 2603 2576 ἐπ’
2672 2520 2814 2596 αὒτῷ
2881 2521 3082 2590 πλῆθος
3139 2523 3288 2580 ἐπιὸν
3340 2525 3684 2599 θεσσάμενος,

2037 2611 2124 2666 καὶ
2154 2606 2360 2689 ἄφωνος
2390 2609 2592 2686 ἔμεινεν
2625 2625 2641 2642 ⁶
2699 2614 2864 2687 θυμοῦ
2916 2610 3239 2679 πλησθέντες
3295 2612 3533 2688 ἐτόλμων
3561 2607 3688 2689 (70)

2037 2721 2086 2754 τι
2140 2700 2211 2764 εἷς
2268 2700 2423 2781 αὐτὸν
2481 2696 2878 2778 διαπράξασθαι,
2940 2699 3086 2766 ὄντες
3141 2703 3228 2759 τὸν
3287 2703 3503 2781 ἀριθμὸν
3559 2697 3686 2757 ὡσεὶ

2037 2786 2226 2867 χίλνοι,
2288 2779 2345 2845 Ὀ
2417 2787 2504 2844 οὖν
2575 2787 2866 2853 ἀνθύπατος
2938 2788 3182 2866 ἐμμανὴς
3258 2779 3538 2869 γενόμενος
3592 2785 3683 2843 καὶ

2037 2873 2240 2956 δεδιὼς,
2302 2877 2379 2952 μή
2435 2899 2486 2932 τι
2539 2878 2846 2955 νεωτερικὸν
2917 2879 3093 2946 πάθοι,
3155 2879 3382 2941 ἀναστὰς
3432 2877 3538 2934 ἀπὸ
3589 2877 3682 2930 τοῦ

314 2953 496 3024 tiante
525 2957 792 3039 apostolo
829 2965 887 3018 et
915 2954 1165 3047 reliquae
1195 2953 1565 3015 multitudini
1594 2955 1951 3047 qum‘aderal

2047 2965 2286 3041 βήματος
2343 2963 2616 3042 ἐπορεύετο
2665 2953 2757 3021 συν
2815 2965 3020 3046 αὐτοῒς,
3085 2968 3499 3047 ὑπισχνούμενος
3549 2964 3682 3020 ἀπο·

315 3051 393 3126 ei,
426 3050 830 3131 signiﬁcantes
854 3064 1030 3127 quam
1057 3044 1132 3107 ob
1164 3062 1399 3134 causam
1435 3045 1750 3126 proconsul
1782 3047 1951 3108 veni-

2039 3053 2188 3128 μύειν
2214 3054 2307 3109 τὸν
2363 3051 2580 3116 δίκαιον,
2642 3053 2968 3134 Προὲφθανον
3005 3044 3112 3113 -οὗν
3171 3044 3329 3119 ἄλλος
3383 3056 3473 3111 τὸν
3501 3054 3679 3132 ἕτερον

314 3150 424 3204 ret.
458 3140 529 3202 Et
551 3159 684 3201 cum
706 3138 806 3200 ille
827 3135 1184 3208 advenisset,
1232 3133 1420 3196 laetata
1447 3142 1535 3196 est
1566 3135 1760 3197 omnis
1789 3137 1951 3198 turba

2036 3139 2462 3218 ἀπαγγέλλοντες
2504 3148 2580 3215 τῷ
2609 3133 2893 3216 ἀποστόλῳ
2947 3145 3035 3200 καὶ
3091 3151 3169 3218 τῷ
3210 3141 3381 3218 λοιπῷ
3410 3140 3561 3222 ὄχλῳ
3601 3146 3679 3214 τῷ

313 3229 742 3308 discipulorum
794 3243 928 3288 cum
981 3223 1322 3304 Maximilla,
1383 3231 1440 3284 et
1499 3223 1847 3303 pridamia
1897 3233 1951 3288 et

2036 3229 2392 3308 παρεστηκότι
2450 3233 2611 3304 αὐτῷ,
2662 3230 2948 3304 μηνύοντες
3011 3230 3141 3311 (71)
3191 3229 3258 3288 δι’
3309 3233 3373 3299 ἣν
3429 3232 3594 3288 αἰτίαν
3651 3230 3680 3284 6

314 3315 1109 3382 Stratocle.Audiensautem
1124 3312 1327 3374 beatus
1357 3312 1624 3374 Andreas
1655 3314 1830 3394 coepit
1858 3314 1951 3376 di-

2035 3317 2328 3381 ἆνθύπατος
2404 3319 2766 3398 παραγίνεται.
2843 3320 2940 3376 Καὶ
3008 3319 3196 3378 τούτου
3279 3320 3366 3378 οὗν
3449 3317 3679 3400 ἐφθακό-

311 3425 480 3471 cere:
502 3406 549 3472 Ο
569 3425 774 3485 magna
797 3403 1079 3483 segnities
1101 3401 1580 3482 etincredulitas,
1619 3409 1676 3464 et
1716 3403 1952 3484 simpli-

314 3499 460 3562 citas
490 3515 695 3560 eorum
729 3495 828 3576 qui
859 3511 892 3554 a
923 3511 1018 3553 me
1047 3491 1236 3554 edocti
1263 3489 1429 3552 sunt!
1466 3489 1690 3562 Quanta
1721 3492 1951 3554 locutus

311 3605 501 3668 usque
522 3603 704 3659 nunc,
729 3600 848 3644 non
895 3579 1160 3662 persuasi
1194 3578 1420 3641 amicos
1469 3598 1652 3642 meos.
1689 3589 1750 3642 ut
1778 3580 1949 3660 fuge-

313 3685 450 3740 rent
478 3685 854 3739 terrenorum
885 3669 1259 3731 affectionem
1294 3685 1310 3743 ;
1348 3668 1453 3731 sed
1484 3667 1676 3733 adhuc
1706 3671 1797 3733 his
1827 3670 1950 3732 vin-

310 3767 568 3840 ciuntur,
591 3770 648 3825 et
675 3762 737 3823 in
766 3759 841 3822 iis
874 3766 1136 3832 manent,
1175 3774 1286 3819 nec
1307 3757 1512 3819 volunt
1549 3759 1622 3820 ab
1657 3759 1745 3821 eis
1774 3779 1952 3840 sepa-

309 3855 462 3918 rari!
498 3853 639 3926 Quae
665 3850 797 3913 talis
827 3845 1109 3922 amicitia,
1149 3853 1206 3908 et
1229 3863 1416 3927 amor,
1441 3853 1499 3907 et
1519 3847 1775 3909 carnalis
1803 3849 1951 3910 aﬂ‘e-

310 3942 465 4005 ctiol
518 3940 837 4020 Quousque
862 3933 1182 3997 mundanis
1213 3941 1271 3994 et
1305 3935 1730 4014 temporalibus
1759 3935 1950 3997 adhae-

309 4030 518 4094 rebitis
533 4032 562 4092 ?
583 4026 828 4102 Quando
853 4023 1093 4086 tandem
1120 4041 1249 4104 quae
1272 4040 1452 4103 supra
1472 4041 1570 4084 vos
1591 4031 1726 4085 sunt
1769 4023 1948 4085 intel-

311 4119 528 4198 ligetis,
561 4126 618 4179 et
635 4133 766 4197 quae
787 4115 902 4175 huc
926 4118 1064 4173 sunt
1086 4111 1540 4192 apprehendere
1552 4111 1947 4176 festinabitis?

2032 3428 2122 3470 τος
2183 3405 2306 3486 (72)
2368 3404 2552 3486 ἔχαιρε
2606 3412 2710 3471 πᾶς
2780 3409 2809 3464 6
2877 3406 3044 3488 ὄχλος
3093 3414 3198 3466 τῶν
3254 3408 3678 3484 μαθητευθὲντων

2032 3494 2144 3571 ἅμα
2200 3500 2268 3572 τῇ
2319 3493 2619 3573 Μαξιμίλλῃ
2676 3497 2764 3553 καὶ
2805 3502 2873 3574 τῇ
2931 3495 3212 3578 Ἐφιδαμίᾳ
3265 3499 3352 3554 καὶ
3409 3504 3484 3572 τῷ
3513 3505 3678 3575 Στρα-

2031 3581 2238 3644 τοκλεῖ.
2302 3580 2567 3664 ΣΑκούσας
2637 3581 2692 3640 δὲ
2772 3586 2800 3642 6
2876 3585 3130 3664 μακάριος
3187 3583 3432 3664 Ἀνδρέας
3485 3584 3673 3664 ἤρξατο

2033 3671 2206 3750 λέγειν
2237 3691 2254 3709 ο
2300 3660 2365 3727 Ὠ
2407 3673 2442 3740 ἡ
2485 3670 2662 3740 πολλὴ
2705 3671 2894 3752 νωθρία
2937 3660 3033 3728 ml-
3053 3673 3290 3730 ἀπείθεια
3313 3660 3403 3730 καὶ
3431 3660 3668 3739 ἁπλότης

2031 3767 2139 3818 τῶν
2180 3758 2269 3817 ὑπ’
2312 3759 2439 3836 ἐμοῦ
2482 3760 2910 3835 μαθητευθὲντων
2945 3767 2958 3823 ι
3032 3762 3177 3818 Πόσα
3245 3763 3468 3842 εἰρηκὼς
3513 3761 3671 3842 μέχρι

2031 3857 2125 3908 τοῦ
2192 3856 2280 3906 νῦν
2347 3850 2442 3905 οὐκ
2509 3847 2693 3906 ἔπεισα
2765 3846 2885 3928 (73)
2924 3849 3042 3912 τοὺς
3110 3847 3288 3924 ἰδίους,
3347 3863 3532 3931 φυγεῖν
3574 3855 3671 3917 τῆς

2033 3938 2386 4019 προσπαθείας
2427 3942 2534 3994 τῶν
2581 3939 2785 4016 γηΐνων
2821 3956 2833 3970 ·
2882 3935 3001 3995 ἀλλ’
3045 3936 3118 3995 ἔτι
3176 3935 3378 4004 τούτοις
3447 3937 3673 3997 δέδενται

2030 4030 2118 4084 καὶ
2161 4026 2215 4083 ἐν
2258 4030 2440 4088 αὐτοῖς
2483 4025 2817 4101 ἐμμένουσιν,
2891 4027 2978 4083 καὶ
3044 4030 3105 4087 οὒ
3161 4027 3433 4104 βούλονται
3475 4029 3672 4086 τούτων

2029 4117 2348 4182 ἀποστῆναι,
2395 4114 2482 4178 Τίς
2525 4116 2560 4182 ἡ
2603 4115 2835 4183 τοσαύτη
2878 4114 3023 4196 φιλία
3080 4118 3168 4172 καὶ
3239 4118 3268 4174 6
3337 4115 3466 4197 "apto:
3509 4119 3596 4174 καὶ
3638 4119 3672 4185 ἡ

309 4207 495 4271 Sinite
527 4224 621 4267 me
651 4203 884 4302 tandem
919 4202 978 4262 in
1009 4199 1214 4300 habitu
1244 4200 1943 4302 quemvidetisinterimi,

2034 4206 2160 4284 πρὸς
2212 4205 2310 4271 τὴν
2358 4203 2526 4282 σάρκα
2567 4203 2860 4284 συνήθειας
2906 4203 3008 4268 ἕως
3053 4205 3192 4268 τίνος
3232 4218 3348 4270 τοῖς
3393 4219 3672 4282 κοσμικοῗς

307 4315 419 4358 nec
448 4295 568 4357 ullo
602 4291 774 4354 modo
808 4307 903 4350 me
951 4288 1265 4368 quisquam
1323 4287 1396 4349 ab
1426 4288 1519 4349 his
1547 4288 1796 4351 vinculis
1825 4292 1946 4352 sol-

307 4395 438 4448 vat:
478 4383 564 4445 sic
585 4381 744 4443 enim
775 4378 920 4439 mihi
950 4385 1112 4438 sorte
1141 4376 1304 4456 exiit,
1339 4379 1702 4456 peregrinari
1735 4397 1804 4440 ex
1833 4380 1947 4440 hoc

307 4489 584 4554 corpore,
607 4469 917 4548 etadjungi
945 4465 1019 4554 ad
1040 4465 1382 4539 Dominum,
1411 4465 1504 4526 cui
1527 4468 1792 4528 conﬁxus
1813 4486 1944 4529 sum

308 4553 496 4636 cruci,
529 4558 687 4640 quod
719 4566 776 4618 et
807 4555 926 4616 ﬁet.
977 4553 1049 4615 Et
1098 4571 1419 4615 conversus
1449 4553 1594 4616 dixit
1622 4556 1694 4617 ad
1725 4556 1946 4636 lEgea-

309 4661 430 4714 tem
460 4671 471 4710 :
497 4647 545 4713 Ο
573 4643 913 4729 proconsul,
937 4643 1078 4725 quid
1097 4643 1301 4705 adhuc
1324 4644 1395 4705 ad
1420 4663 1527 4706 nos
1550 4645 1760 4707 venis?
1793 4645 1943 4718 Quid

310 4757 583 4822 quaerens
613 4753 801 4816 usque
831 4733 902 4794 ad
955 4751 1064 4793 nos
1113 4732 1510 4822 discendisii?
1557 4735 1738 4814 Cujus
1770 4754 1946 4798 causa

314 4821 544 4892 alienus
572 4834 631 4888 et
659 4823 935 4886 inimicus
965 4839 1166 4883 noster
1222 4821 1510 4884 exsistens
1541 4824 1749 4885 venisti
1779 4832 1806 4888 ‘?
1836 4825 1944 4888 Vel

312 4917 452 5000 quid
485 4934 657 4997 agere
688 4911 951 4992 cogitans
979 4909 1010 4969 ?
1037 4910 1190 4984 Quid
1221 4919 1505 5000 attentare
1535 4913 1738 4974 volens
1765 4913 1791 4976 ἲ
1821 4913 1946 4976 Sol-

311 4998 447 5069 vere
483 5025 591 5069 nos
619 5003 693 5067 ab
745 5003 838 5064 his
895 5000 1142 5062 vinculis
1171 5005 1199 5062 ?
1255 4998 1371 5062 Sed
1420 5020 1538 5063 non
1583 5002 1775 5064 solves
1805 5021 1939 5078 nos,

311 5097 608 5176 Egeates,
643 5111 754 5156 nec
802 5081 1094 5167 reduces;
1125 5105 1238 5151 nec
1267 5090 1316 5152 si
1345 5094 1540 5153 omnia
1576 5089 1728 5152 bona
1759 5099 1859 5153 tua
1888 5100 1944 5153 te

2030 4295 2122 4350 καὶ
2189 4297 2522 4373 προσκαίροις
2564 4291 2972 4373 προσανέχετες
3031 4293 3131 4358 ἓως
3186 4295 3314 4352 πότε
3370 4296 3567 4352 συνίετε
3608 4295 3673 4350 τὰ

2029 4383 2157 4463 ὑπερ
2224 4384 2383 4461 ὑμᾶς,
2455 4381 2542 4436 καὶ
2610 4380 2677 4436 τὰ
2720 4379 2835 4437 ἐκεῖ
2888 4380 3308 4458 καταλαμϐάνειν
3352 4383 3664 4463 Emi-feces;

2048 4470 2216 4552 Αφετέ
2275 4491 2340 4547 με
2382 4468 2568 4526 λοιπὸν
2610 4467 2665 4524 ἐν
2707 4468 2782 4541 τῲ
2825 4470 3070 4549 σχήματι
3111 4474 3157 4544 ᾧ
3199 4473 3353 4549 ὁρᾶτε
3395 4471 3666 4548 ἀναιρεθῇ--

2030 4583 2137 4635 ναι,
2182 4561 2270 4617 καὶ
2312 4557 2572 4634 μηδαμῶς
2615 4562 2691 4612 τῶ
2730 4554 2853 4632 τῇδε
2907 4555 3113 4633 δεσμῶν
3177 4557 3385 4614 λυσάτω
3429 4558 3495 4635 μέ
3535 4581 3615 4623 τις
3649 4604 3663 4619 .

2027 4648 2164 4706 οῧτω
2230 4649 2329 4727 γὰρ
2396 4669 2486 4723 μοι
2553 4644 2907 4724 κεκλήρωται,
2982 4646 3044 4702 ἐκ
3111 4648 3293 4705 τούτου
3360 4646 3667 4724 ἐκδημῶται

2025 4748 2118 4797 τοῦ
2163 4738 2408 4813 σώματος
2451 4735 2537 4790 καὶ
2584 4731 2878 4809 ἐνδημῆσαι
2921 4736 3051 4812 πρὸς
3092 4737 3183 4793 τὸν
3227 4735 3436 4814 Κύριον,
3494 4739 3540 4810 ᾧ
3580 4739 3669 4792 καὶ

2026 4830 2475 4906 συνεσταύρωμαι,
2591 4820 2720 4901 ὅπερ
2829 4820 2883 4879 δὲ
2978 4824 3066 4880 καὶ
3146 4825 3450 4906 γενήσεται,
3567 4825 3667 4882 Καὶ

2027 4900 2289 4997 στραφεὶς⁷
2321 4913 2445 4970 εἶπε
2501 4913 2630 4990 πρὸς
2687 4900 2777 4968 τὸν
2822 4911 3083 4990 Αἷγεάτην
3117 4927 3132 4942 ’
3163 4900 3244 4967 -Ὦ
3293 4912 3571 4986 ἀνθύπατε,
3618 4913 3668 4968 τί

2023 5003 2183 5064 πάλιν
2238 5004 2368 5083 πρὸς
2426 5002 2567 5076 ἡμᾶς
2623 4999 3042 5082 παραγέγοναςς
3121 5002 3170 5058 τί
3244 5006 3418 5073 ζητῶν
3473 5001 3666 5082 μέχρις

2023 5094 2178 5169 ἡμῶν
2207 5089 2546 5170 κατέλαϐες,
2605 5089 2743 5154 τίνος
2800 5088 2973 5148 ἕνεκεν
3030 5087 3304 5171 ἀλλότριος
3359 5091 3447 5147 καὶ
3474 5089 3664 5173 ἐχθρὸς

1719 5265 1909 5331 Variae
1935 5265 2250 5339 lectiones.

543 5439 697 5502 Κακῆ
723 5433 909 5518 κρίσης
948 5430 1088 5518 Eat.

389 5509 517 5596 ('69)
544 5520 695 5596 ῌᾶσα
723 5509 930 5596 ’Ᾰχαίέε
948 5509 1082 5576 Vat.

389 5587 522 5680 (70)
551 5587 846 5687 Ἐτόλμσυν
879 5587 1012 5654 Vat.

323 5916 453 5930 μεθ’...
509 5910 636 5929 (πα)

2270 5509 2600 5591 ζιεφθακότος
2626 5504 2756 5591 _V_at.

2109 5428 2173 5571 ᾳ
2186 5428 2240 5671 li
2273 5430 2484 5498 Μηνύον
2526 5426 2660 5516 Vat.

2111 5515 2128 5584 (
2173 5513 2210 5569 2
2270 5509 2600 5591 Πεφθακότος
2626 5505 2660 5570 V

2114 5588 2215 5671 (73
2275 5587 2585 5668 Ἐπείσαμεν
2629 5585 2660 5651 ἲ

2114 5585 2238 5672 (73)
2275 5585 2585 5668 Ἐπείσαμεν
2629 5585 2763 5651 Vat.
