4068 6112
358 225 461 294 257

1683 217 1870 288 VITA
1911 219 1973 286 S.
2021 215 2374 288 ANDREE.

3595 214 3715 286 258

358 365 498 438 ἡμῶν
549 362 621 420 ὢν
664 361 987 441 προσέρχῃς
1047 362 1084 431 ἢ
1139 363 1189 418 τί
1248 360 1373 442 (74)
1433 359 1706 440 διαπρᾶξαι
1737 357 2010 418 διανοούιη

2093 353 2459 435 ηροροηιιειοὶε
2481 353 2784 431 daturum,
2815 353 3183 416 conﬁdemus
3213 351 3340 416 tibi.
3377 351 3516 416 Haec
3546 352 3707 416 enim

359 471 552 532 μενος,
611 451 662 507 τί
716 449 980 524 τολμῆσαι
1035 449 1404 530 βουλόμενος;
1479 449 1630 505 λῦσαι
1687 451 1830 524 ἡμᾶς
1885 453 1992 504 τῶν

356 538 471 617 τῇδε
522 538 778 618 δεσμῶν,
824 537 940 594 ἀλλ’
1001 541 1059 596 οὗ
1115 538 1284 602 λύσεις
1343 541 1512 616 ἡμᾶς,
1575 538 1824 615 Αἷγεάτα,
1877 534 1992 591 οὔδε

357 628 589 694 κατάξεις
624 645 638 660 ο
687 625 793 684 ονδό⁹
863 625 923 682 ἂν
975 628 1147 687 πάντα
1204 628 1437 707 ὕπίσχνῃ
1493 628 1559 682 τὰ
1615 628 1681 681 σὰ
1736 624 1991 704 παρέχειν

357 719 508 797 ἡμῖν,
595 715 985 791 πεισθησύμεθα
1069 737 1174 778 σοι,
1267 723 1440 773 Ταῦτα
1521 716 1622 794 γὰρ
1702 714 1994 793 πρόσκαιρα

356 801 475 859 ὄντα
528 803 800 878 συντόμως
865 803 1080 878 ἀμμασὺ
1153 802 1273 881 (75)
1329 803 1794 883 ἀφανισθήσονται.
1867 798 1995 859 ΟΒδέ

357 891 508 948 πάλιν
536 893 630 954 τὰς
686 890 907 965 ἀπειλάς
964 914 1058 949 σου
1110 894 1484 969 πτοηθήσομαι
1519 908 1533 922 ⁹
1595 895 1622 948 ὁ
1677 892 1778 971 γὰρ
1808 890 1994 970 Κύριός

359 1003 454 1055 μου
510 981 719 1048 Ἰησοῦς
776 982 997 1060 Χριστὸς
1057 981 1211 1045 αὐτός
1269 1003 1358 1057 μοι
1429 981 1727 1062 ἐνεφάνισεν
1783 981 1942 1036 εἰπών
1979 999 1990 1012 ·

361 1070 636 1145 Κατάμαθε
705 1070 798 1124 τὸν
897 1069 1177 1149 Αἷγεάτην,
1275 1071 1363 1126 καὶ
1445 1071 1522 1146 μὴ
1597 1068 1834 1149 φοϐηθῇς
1903 1066 1996 1124 ἀπ’

390 1154 1069 1211 -’"‘8‘é
1281 1157 1744 1214 “λ-““ά«
1914 1158 2000 1213 -ὶ

356 1178 531 1236 αδτου,
591 1179 635 1213 ει
679 1180 766 1213 και
853 1177 988 1220 εινος
1071 1179 1154 1213 στι
1212 1180 1299 1214 και
1360 1182 1535 1234 υμιων
1589 1181 1660 1214 υπ
1699 1180 1842 1238 ρέει,
1917 1180 1982 1213 κα

1005 1247 1090 1301 καὶ
1202 1247 1414 1325 φθορεὺς
1525 1245 1818 1325 μανιώδης,
1915 1243 2003 1302 καὶ

355 1335 652 1413 περίεργος,
709 1335 797 1390 καὶ
850 1333 1062 1412 φονεὺς,
1119 1335 1208 1389 καὶ
1276 1332 1458 1414 κόλαξ,
1517 1337 1604 1391 καὶ
1655 1334 1885 1415 ὀργίλος,
1916 1335 2004 1389 καὶ

353 1423 695 1502 ἀσυμπαθὴς,
749 1423 838 1478 καὶ
903 1423 981 1486 ἰὸς
1036 1420 1266 1478 ἀσπίδων
1326 1425 1427 1480 ὑπὸ
1474 1425 1540 1480 τὰ
1602 1423 1760 1504 χείλη
1821 1423 1998 1502 αὖτοῦ,

352 1513 439 1568 καὶ
482 1513 518 1579 ἡ
546 1509 802 1590 περιϐολὴ
854 1513 1011 1570 αὐτοῦ
1052 1513 1127 1575 ὡς
1170 1511 1328 1570 λὺκου
1383 1511 1529 1594 δορὰ,
1588 1515 1676 1569 καὶ
1703 1513 2001 1592 θηριόγνω-

353 1621 477 1673 μος,
506 1600 597 1654 καὶ
625 1597 1055 1677 ἀνθρωποκτόνος
1093 1617 1106 1630 ⁸
1155 1603 1247 1655 οἷα
1304 1597 1368 1668 δὴ
1425 1602 1513 1656 καὶ
1570 1603 1597 1656 ὁ
1627 1601 1804 1680 πατὴρ
1847 1600 2004 1657 αὗτοῦ

352 1685 403 1751 ἐξ
453 1686 634 1766 ἀρχῆς
692 1685 948 1767 πέφυκεν,
998 1689 1027 1743 ὁ
1089 1693 1352 1752 Σατανᾶς.
1419 1697 1704 1769 Τοιγαροῦν
1760 1690 2003 1768 ἐπιγνοὺς

353 1773 437 1831 διὰ
479 1785 574 1834 τοῦ
622 1774 1032 1852 ἐπιστρέψαντός
1093 1799 1184 1851 μοι
1228 1775 1480 1852 ἀψευδοῦς
1535 1785 1664 1835 Θεοῦ
1723 1777 2003 1834 ἀπαλλάσ-

353 1867 513 1942 σομαί
582 1888 675 1922 σου
740 1868 869 1944 πρὸς
932 1866 1023 1922 τὸν
1089 1864 1288 1923 δίκαιον
1343 1869 1550 1946 κριτήν,
1615 1869 1686 1926 Εὖ
1743 1865 1868 1925 οἶδα
1923 1867 2004 1923 ὅτι

352 1954 503 2031 κόψῃ
567 1956 657 2011 καὶ
727 1954 918 2031 ἀνιάσῃ
972 1955 1060 2011 καὶ
1114 1955 1425 2032 ἀθυμήσεις,
1489 1958 1646 2024 ἡνίκα
1702 1955 1821 2032 ὄψει
1881 1956 2002 2034 (76)

355 2045 577 2099 σεαυτὸν
649 2040 1046 2118 ἐμϐαλλόμενον
1132 2045 1206 2107 εἷς
1245 2037 1252 2042 ’
1287 2052 1388 2125 πῦρ
1454 2051 1552 2113 τῆς
1621 2045 1862 2125 γεέννης,
1945 2046 2007 2100 τὸ

355 2131 752 2208 ἡτοιμασμένον
825 2131 906 2187 σοί
974 2153 1033 2188 τε
1088 2132 1176 2188 καὶ
1228 2146 1347 2197 τοῖς
1423 2136 1512 2192 σὺν
1570 2136 1650 2190 σοὶ
1706 2135 1862 2212 πατρὶ
1915 2155 2008 2192 σου

535 2221 546 2242 ν
729 2226 758 2236 ~
801 2217 824 2238 '\
931 2220 942 2242 ι
1111 2211 1124 2233 ε
1229 2219 1272 2240 ικκ
1688 2221 1699 2241 I
1818 2211 1852 2242 ⁷,
1949 2222 1961 2238 ε

360 2219 666 2300 λατρεύουσι
690 2243 768 2294 τῳ
796 2217 1050 2296 οιαϐολῳ,
1129 2231 1169 2279 Ο
1225 2241 1280 2278 οε
1335 2222 1627 2287 ἀνθύπατος
1674 2222 1801 2290 ἔστη
1835 2243 2005 2285 εννευς

358 2309 569 2365 ἀκούων
628 2316 814 2389 ταῦτα,
872 2310 1066 2387 τρόπον
1123 2310 1239 2366 τινὰ
1306 2309 1624 2379 ἐξεστηκώς.
1688 2312 1871 2378 Πάσης
1920 2310 2006 2368 οὖν

356 2403 458 2465 τῆς
543 2395 750 2460 πόλεως
826 2395 1144 2481 θορυϐούσης
1207 2401 1388 2481 αὐτὸν,
1471 2409 1562 2457 τοῦ
1617 2399 1864 2458 ἀπολύειν
1917 2401 2007 2456 τὸν

361 2485 636 2566 Ἀνδρέαν,
667 2487 824 2565 φησὶν
853 2473 1010 2549 αύτός
1041 2502 1056 2517 ⁸
1107 2473 1201 2552 “Ος
1255 2473 1448 2564 τολμᾷ,
1500 2490 1833 2569 προσεγγίσει
1879 2487 1934 2567 (7
1946 2488 2004 2568 7)

358 2575 433 2649 τῷ
465 2572 604 2645 ξύλῳ
631 2580 724 2630 τοῦ
767 2572 921 2630 λῦσαι
973 2574 1150 2634 αὐτόν.
1215 2568 1271 2635 Ὀ
1330 2568 1624 2641 ἀπόστολος
1667 2577 1800 2652 μετά
1827 2582 2006 2657 φωνῆς

359 2659 608 2740 μεγάλης
665 2661 905 2724 ἀτενίσας
964 2665 1036 2726 εἷς
1089 2665 1179 2722 τὸν
1240 2665 1454 2743 οὐρανὸν
1511 2665 1664 2721 εἶπεν
1695 2683 1710 2698 ’
1756 2665 1845 2732 Μὴ
1886 2662 2008 2720 ἐπι-

356 2750 586 2829 τρέψῃς,
673 2748 934 2825 Δέσποτα,
1023 2751 1117 2828 ἐμέ
1193 2754 1283 2808 τὸν
1368 2752 1453 2808 ἐπὶ
1538 2751 1687 2817 ξύλου
1773 2753 2009 2832 ἀναρτη-

354 2839 514 2895 θέντα
566 2837 727 2894 πάλιν
810 2837 1028 2906 λυθῆναι
1061 2857 1078 2873 °
1169 2842 1247 2916 μὴ
1317 2842 1722 2922 παραχωρήσῃς
1778 2842 1867 2898 τὸν
1924 2841 2008 2896 ἐπὶ

514 1204 531 1236 2

355 1244 540 1325 ἐχθρὸς
641 1246 907 1319 ἀπατεὼν,
1005 1247 1090 1301 καὶ
1202 1247 1414 1325 φθορεὺς
1525 1245 1818 1327 μανιώδης,

2079 443 2422 524 temporalia
2450 462 2582 506 cum
2615 443 2756 519 sint,
2805 442 2978 505 cilius
3027 442 3307 504 deﬁcient
3338 450 3556 506 tecum.
3589 444 3712 505 Nec

2075 550 2282 594 rursus
2316 533 2490 594 minis
2521 533 2635 594 tuis
2683 531 2985 595 terrebar:
3038 531 3322 595 Dominus
3353 531 3511 593 enim
3547 549 3716 593 meus

2077 621 2246 684 Jesus
2277 622 2545 684 Christus
2600 621 2882 683 indicavit
2941 621 3086 683 mihi
3139 621 3394 684 dicens:
3455 620 3718 684 Observa

2078 709 2401 788 Egeatem,
2436 717 2494 772 et
2521 728 2597 772 ne
2629 710 2897 772 timueris
2927 710 3002 772 ab
3048 729 3142 791 eo,
3196 709 3334 772 licet
3363 709 3719 771 metuendus

2077 797 2176 873 sit,
2211 805 2268 860 et
2296 806 2552 861 vastator
2604 800 2864 876 exsistat,
2925 807 2985 860 et
3039 800 3278 861 dolosus
3325 797 3627 873 inimicus,
3662 804 3722 859 et

2078 894 2376 967 stuprator
2395 906 2663 963 vesanus,
2698 897 2754 948 et
2782 888 3033 963 ardelio,
3066 895 3123 949 et
3150 888 3400 963 occisor,
3430 895 3488 949 et
3518 887 3718 949 adula-

2081 983 2192 1052 tor,
2211 988 2270 1037 et
2289 978 2626 1054 iracundus,
2643 986 2700 1038 et
2723 977 3168 1058 immisericors,
3191 985 3551 1040 etvenenum
3569 975 3720 1057 aspi-

2083 1061 2223 1123 dum
2252 1063 2359 1125 sub
2391 1065 2566 1127 labiis
2597 1065 2746 1144 ejus,
2780 1072 2840 1127 et
2895 1065 3142 1126 amictus
3198 1066 3328 1144 ejus
3354 1065 3520 1146 quasi
3552 1064 3723 1144 pellis

2083 1150 2230 1231 lupi,
2266 1160 2325 1214 et
2351 1151 2678 1215 belluarum
2739 1171 2906 1214 more
2963 1153 3124 1216 ferus
3181 1153 3257 1214 sit
3287 1160 3343 1214 et
3371 1152 3717 1214 homicida:

2087 1239 2336 1318 qualiter
2366 1239 2437 1301 ab
2482 1241 2651 1302 initio
2684 1241 2794 1302 fuit
2835 1250 3002 1322 pater
3059 1243 3187 1321 ejus
3216 1243 3480 1302 Satanas.
3516 1238 3723 1302 Sciens

2086 1329 2262 1407 igitur
2291 1347 2397 1409 per
2426 1349 2561 1391 eum
2593 1331 2690 1412 qui
2742 1330 3034 1393 revocavit
3078 1348 3172 1391 me
3202 1347 3474 1391 veracem
3506 1327 3720 1401 Deum,

2087 1418 2392 1498 digrediar
2419 1437 2452 1480 a
2483 1427 2537 1480 te
2566 1420 2637 1479 ad
2655 1420 2880 1498 justum
2895 1419 3214 1499 judicium.
3248 1420 3409 1480 Bene
3431 1417 3564 1480 novi
3586 1416 3726 1500 quia

2023 1484 2398 1586 BrrEngeris,
2458 1515 2516 1569 et
2561 1484 3038 1589 discruciaberis,
3098 1515 3156 1570 et
3212 1507 3426 1569 animis
3455 1484 3720 1581 deﬁcies,

2085 1595 2320 1676 quando
2352 1597 2607 1676 teipsum
2639 1597 2866 1658 videbis
2896 1596 3323 1678 praecipitatum
3358 1595 3417 1657 in
3437 1595 3728 1674 gehennae

2084 1684 2307 1766 ignem,
2345 1685 2446 1766 qui
2475 1685 2580 1746 tibi
2611 1694 2846 1766 paratus
2877 1695 2988 1768 est,
3043 1697 3103 1748 et
3132 1685 3227 1747 his
3257 1685 3359 1767 qui
3390 1691 3584 1746 tecum
3617 1702 3723 1746 ve-

2088 1783 2370 1835 nerantur
2391 1781 2613 1853 patrem
2642 1783 2805 1836 tuum
2827 1774 3146 1837 diabolum.
3183 1773 3506 1838 Proconsul
3528 1780 3724 1834 autem

2089 1863 2248 1924 stetit
2276 1871 2541 1944 stupens,
2576 1872 2632 1925 et
2659 1868 2824 1944 quasi
2880 1873 3041 1925 extra
3097 1882 3159 1924 se
3189 1874 3408 1943 raptus.
3441 1861 3730 1925 Universa

2089 1960 2282 2013 autem
2305 1951 2532 2013 civitate
2566 1953 2956 2014 tumultuante
2987 1952 3144 2014 circa
3174 1971 3331 2027 cum,
3368 1959 3431 2011 ut
3459 1951 3726 2012 solvere-

2091 2048 2184 2102 tur
2213 2041 2505 2116 Andreas,
2541 2040 2622 2103 ait
2665 2041 2836 2120 ipse:
2887 2041 2999 2114 Qui
3053 2059 3228 2102 ausus
3259 2040 3456 2115 fuerit,
3490 2040 3732 2101 accedat

2089 2130 2160 2192 ad
2193 2130 2415 2208 lignum
2451 2138 2514 2190 ut
2561 2129 2744 2191 solvat
2794 2149 2952 2194 eum.
3010 2130 3324 2210 Apostolus
3354 2147 3485 2190 cum
3520 2146 3732 2206 magna

2088 2236 2232 2279 voce
2262 2218 2579 2280 intendens
2610 2219 2671 2279 in
2702 2219 2915 2281 cmlum
2943 2218 3060 2282 ait:
3117 2217 3411 2290 Nesiaas,
3446 2216 3724 2286 Domine.

2091 2325 2187 2367 me
2217 2306 2276 2367 in
2310 2306 2468 2386 ligno
2499 2306 2787 2368 elevatum
2818 2326 3053 2369 rursum
3090 2307 3342 2385 eXSclvi;
3374 2327 3448 2369 ne
3477 2305 3722 2386 abjicias

2093 2414 2227 2456 eum
2276 2396 2376 2476 qui
2409 2403 2650 2477 propter
2677 2395 3016 2477 mysterium
3071 2404 3231 2459 tuum
3283 2414 3608 2476 suspensus
3639 2402 3728 2457 est

2091 2483 2161 2545 ad
2181 2484 2631 2546 similitudinem
2655 2493 2834 2548 tuam.
2859 2483 2945 2548 Ne
2967 2487 3271 2566 permittas
3299 2484 3501 2565 dejici,
3528 2487 3722 2554 Pater,

2091 2573 2228 2648 Fili,
2247 2573 2500 2654 Spiritus
2525 2582 2748 2648 sancte,
2782 2592 2884 2637 eos
2913 2574 3013 2655 qui
3044 2582 3332 2636 noverunt
3360 2571 3726 2653 magnitudi-

2091 2679 2231 2723 nem
2263 2670 2446 2740 tuam,
2480 2669 2538 2724 et
2563 2664 2666 2745 qui
2693 2663 3038 2726 desiderant
3059 2671 3139 2737 te,
3176 2671 3234 2726 et
3271 2664 3375 2744 qui
3414 2670 3617 2725 amant
3645 2670 3723 2737 te,

2094 2759 2150 2811 et
2178 2754 2277 2831 qui
2311 2752 2563 2814 credunt
2608 2752 2666 2813 in
2726 2759 2783 2814 te
2840 2771 2946 2833 per
2999 2752 3187 2833 ipsam
3219 2752 3724 2833 pradicationem.

2093 2836 2274 2902 Serva
2302 2840 2632 2903 incolumes
2662 2848 2720 2902 et
2747 2842 3038 2902 conﬁrma
3091 2859 3192 2902 eos
3220 2841 3278 2902 in
3315 2841 3453 2922 ﬁde,
3489 2849 3546 2903 et
3571 2841 3728 2901 dona

354 2933 448 2984 τοῦ
536 2935 630 2984 σοῦ
707 2929 994 3006 μυστηρίου
1075 2929 1431 3007 κρεμασθέντα
1513 2927 1629 2986 καθ’
1719 2928 2010 3006 ὁμοιότητά

487 3029 501 3032 _
616 3013 630 3032 κ
706 3013 720 3032 ,
744 3015 756 3032 ι
1083 3015 1101 3032 κ
1119 3021 1146 3032 ..
1313 3024 1356 3032 ..
1377 3019 1389 3032 ,
1795 3018 1808 3032 .
1871 3015 1896 3032 η

2093 2927 2179 2990 eis
2210 2929 2489 2992 ﬁduciam
2521 2929 2583 2992 in
2613 2937 2691 3006 te,
2727 2929 3332 2992 utlaudentteverum
3348 2932 3535 2993 Deum
3553 2947 3728 3009 quem

357 3036 449 3072 σου
483 3029 502 3046 ⁸

361 3110 604 3178 Πνεῦμα,
695 3106 816 3169 τοὺς
897 3105 1193 3184 ἐγνωκότας
1291 3129 1383 3165 σου
1463 3109 1526 3164 τὸ
1611 3105 1850 3186 μέγεθος,
1926 3107 2016 3162 καὶ

359 3192 703 3261 ποθήσαντάς
800 3214 860 3249 σε
939 3197 1026 3251 καὶ
1122 3195 1500 3275 ἀγαπήσαντας
1603 3215 1661 3250 σε
1744 3195 1831 3251 καὶ
1916 3217 2014 3251 πι-

359 3281 684 3345 στεύσαντας
763 3282 836 3345 εἰς
913 3281 972 3338 σὲ
1061 3280 1129 3339 δι’
1224 3288 1382 3343 αὑτοῦ
1461 3293 1554 3343 τοῦ
1642 3282 1767 3364 (78)
1846 3283 2016 3362 κηρύεν

359 3391 596 3449 γματος.
714 3371 1036 3451 Διαφύλαξον
1135 3372 1416 3450 ἀπήμονας
1529 3373 1617 3430 καὶ
1725 3369 2012 3450 βεϐαίωσον

358 3459 552 3523 αᾟοὺς
603 3459 657 3515 ἐν
707 3467 775 3537 τῇ
825 3467 896 3538 σῇ
954 3463 1148 3538 πίστει,
1233 3464 1322 3519 καὶ
1389 3462 1607 3542 χάρισαι
1667 3465 1848 3524 αὐτοῖς
1916 3460 2015 3528 τὴν

360 3551 496 3627 πρὸς
557 3549 618 3604 σὲ
673 3549 988 3631 παῤῥησίαν,
1047 3557 1141 3608 τοῦ
1210 3549 1435 3622 δοξάζειν
1497 3573 1557 3609 σε
1613 3552 1703 3607 ’τὸν
1766 3549 2013 3618 ἀληθινὸν

363 3642 528 3718 Θεὸν,
561 3639 619 3694 ὃν
644 3637 812 3715 εἶδον,
845 3641 904 3696 ὃν
933 3639 1070 3721 ἔχω,
1106 3643 1162 3699 ὃν
1193 3640 1353 3722 φιλῶ,
1405 3640 1457 3699 ἐν
1514 3645 1560 3716 ᾧ
1603 3641 1708 3716 εἰμὶ
1761 3641 1848 3696 καὶ
1891 3638 2016 3696 ’ἐσο-

365 3749 490 3802 μαι.
533 3725 686 3790 Δέξαι
744 3748 812 3803 με
867 3728 920 3785 ἐν
977 3731 1182 3809 εἰρήνῃ,
1246 3731 1318 3794 εἰς
1368 3731 1462 3794 τὰς
1519 3732 1757 3794 αἰωνίους
1793 3728 2016 3795 σκηνάς.

365 3822 548 3873 Ταῦτα
577 3812 634 3870 δὲ
688 3817 849 3873 εἰπὼν
902 3819 990 3875 καὶ
1045 3818 1131 3876 ἐπὶ
1184 3817 1374 3876 πλεῖον
1427 3817 1644 3885 δοξάσας
1688 3819 1779 3875 τὸν
1811 3818 2016 3896 Κύριον,

366 3900 645 3982 παρέδωκε
674 3905 737 3960 τὸ
785 3912 1011 3984 πνεῦμα,
1062 3907 1352 3965 κλαιόντων
1409 3909 1497 3964 καὶ
1550 3905 1856 3984 ἀνιωμένων
1895 3902 2020 3985 (79)

367 3993 451 4048 ἐπὶ
482 3993 566 4067 τῷ
607 4001 870 4073 χωρισμῷ
922 3998 1101 4054 αὐτοῦ.
1163 3998 1310 4056 Μετὰ
1369 3994 1424 4052 δὲ
1480 3997 1579 4064 τὴν
1620 4003 1712 4052 τοῦ
1770 3996 2024 4074 μακάρίου

367 4086 532 4141 αὐτοῦ
590 4085 885 4158 πνεύματος
975 4084 1147 4151 ἔξοδον
1231 4088 1266 4156 ἡ
1342 4085 1641 4162 Μαξιμίλλα
1697 4082 1824 4162 μηδ’
1883 4083 2021 4148 ὅλως

370 4170 692 4250 φροντίσασα
758 4173 865 4228 τῶν
936 4175 1311 4253 παρεστώτων,
1369 4178 1692 4255 προσεθοῦσα
1764 4173 1896 4241 αὐτὴ
1953 4170 2020 4228 δι’

566 3013 646 3090 μὴ
702 3013 862 3091 ἐάσῃς
919 3015 1267 3092 συσταλῆναι,
1312 3019 1506 3098 Πάτερ,
1564 3017 1672 3093 Υἱὲ,
1725 3018 1813 3074 καὶ
1859 3015 2010 3097 ἅγιον

2094 3016 2234 3092 vidi,
2258 3036 2435 3099 quem
2454 3017 2670 3096 habeo,
2695 3037 2869 3100 quem
2903 3017 3109 3098 diligo,
3149 3018 3209 3079 in
3233 3037 3348 3098 quo
3375 3037 3504 3080 sum
3536 3027 3594 3080 et
3622 3037 3726 3080 ex-

2096 3105 2477 3169 sistam.Acci
2487 3125 2559 3188 pe
2581 3125 2676 3170 me
2692 3106 2754 3168 in
2778 3107 3003 3187 pacein
3029 3107 3267 3170 aeternis
3309 3107 3728 3170 tabernaculis.

2095 3195 2237 3257 Haec
2267 3215 2403 3258 cum
2429 3195 2676 3258 dixisset
2703 3204 2762 3258 et
2789 3196 3042 3278 amplius
3069 3197 3366 3259 laudasset
3388 3196 3730 3272 Dominum,

2101 3284 2346 3348 tradidit
2375 3285 2668 3366 spiritum,
2701 3286 2982 3348 ﬂentibus
3031 3293 3089 3349 et
3132 3285 3336 3348 dolore
3367 3285 3733 3348 discruciatis

2101 3372 2423 3454 (omnibus)
2457 3382 2700 3456 propter
2728 3374 3050 3437 discessum
3084 3376 3234 3455 ejus.
3286 3377 3362 3438 Et
3390 3383 3522 3456 post
3547 3374 3735 3438 beatae

2097 3460 2256 3524 illius
2276 3462 2489 3525 animae
2504 3463 2747 3542 exitum,
2770 3464 3088 3528 Maximilla
3111 3464 3258 3528 nihil
3278 3464 3519 3526 omnino
3536 3473 3734 3528 astan-

2101 3558 2193 3615 tes
2209 3570 2446 3630 curans,
2465 3554 2794 3634 procedens
2813 3572 2890 3616 ex
2911 3553 3253 3635 semetipsa,
3275 3553 3736 3635 solvitreliquias

2100 3639 2260 3706 beati
2293 3649 2351 3703 et
2378 3642 2553 3724 primi
2584 3642 2773 3705 vocati
2827 3642 3074 3723 apostoli
3104 3641 3380 3720 Andreae,
3413 3649 3472 3705 et
3500 3643 3733 3705 solitam

2103 3749 2390 3794 exercens
2419 3731 2810 3812 diligentiam,
2867 3731 3135 3812 sepelivit
3185 3749 3322 3794 eum
3373 3732 3541 3811 juxta
3569 3751 3733 3794 oram

2105 3820 2305 3882 maris.
2341 3820 2452 3882 Hic
2480 3821 2708 3883 inclusa
2735 3818 2918 3895 stetit,
2946 3827 3004 3881 et
3030 3819 3250 3881 ibidem
3286 3820 3500 3881 mansit
3527 3823 3736 3902 sejun-

2106 3915 2197 3970 cta
2223 3907 2295 3969 ab
2327 3908 2592 3988 IEgeate,
2655 3915 2898 3989 propter
2952 3908 3256 3969 efferatum
3285 3908 3550 3969 animum
3581 3909 3734 3988 ejus,

2105 4005 2164 4060 et
2187 3995 2446 4079 iniquam
2477 3997 3008 4060 conversationem.
3060 3995 3246 4068 Quam
3280 3997 3528 4058 multum
3559 3997 3736 4060 obse-

2103 4105 2296 4162 crans,
2331 4094 2388 4149 et
2420 4086 2710 4168 pollicens
2740 4104 2870 4148 eam
2919 4085 3120 4147 omnia
3177 4084 3330 4147 bona
3358 4086 3418 4147 in
3452 4094 3740 4166 potestate

2103 4174 2462 4251 habituram,
2496 4186 2559 4238 et
2587 4175 2887 4238 dominam
2921 4175 3312 4248 incessuram,
3369 4175 3531 4236 nullo
3563 4175 3740 4237 modo

372 4261 596 4334 ὲαυτῆς,
629 4257 780 4316 ἔλυσε
827 4263 890 4318 τὸ
945 4261 1190 4340 λείψανον
1246 4273 1338 4324 τοῦ
1384 4264 1638 4344 μακαρίου
1695 4264 1782 4319 καὶ
1814 4283 2010 4342 πρωτο-

2107 4264 2316 4327 molire
2343 4264 2570 4336 valuit:
2622 4263 2725 4326 sed
2785 4272 3048 4326 sanctam
3110 4272 3169 4326 et
3195 4263 3516 4326 solitariam
3565 4264 3742 4327 vitam

374 4347 578 4418 κλήτου
633 4349 930 4408 ἀποστόλου
986 4351 1252 4433 Ἀνδρέου,
1316 4355 1403 4410 καὶ
1469 4355 1568 4420 τὴν
1627 4354 1824 4423 συνήθη
1899 4349 2018 4406 ἐπι·

377 4437 593 4512 μέλειαν
621 4449 993 4522 προαγαγοζζσα
1023 4440 1150 4522 (80)
1206 4441 1395 4518 ’έθαψεν
1441 4443 1596 4501 αὐτὸν
1631 4439 1755 4521 (81)
1797 4437 2022 4506 πλησίον

377 4511 469 4581 τοῦ
542 4511 807 4604 αἰγιαλού.
846 4511 857 4518 ν
902 4511 1055 4587 νΕνθα
1131 4511 1528 4594 ’κατάκλειστος
1598 4511 1863 4610 ὑπῆρχεν,
1939 4529 2027 4584 καὶ

381 4613 675 4692 παρέμενεν
755 4617 932 4676 αὐτόθι
1007 4619 1382 4701 κεχωρισμένη
1459 4629 1550 4679 τοῦ
1619 4621 1873 4699 Αἷγεάτου
1944 4615 2029 4676 διὰ

383 4704 478 4770 τὴν
533 4703 766 4779 θηριώδη
824 4707 978 4766 αὕτοὖ
1031 4711 1252 4789 γνώμην
1333 4710 1419 4766 καὶ
1483 4709 1680 4785 ἄνομον
1733 4705 2026 4767 πολιτείαν.

405 4799 480 4848 Ην
510 4792 682 4850 πολλὰ
730 4794 1027 4876 λιπαρήσας
1074 4801 1162 4857 καὶ
1215 4799 1641 4879 ὁπισχνούμενος
1697 4797 1837 4859 αὖθις
1894 4795 2029 4873 αὖτῇ

380 4887 484 4938 τῶν
518 4884 672 4940 αὐτοῦ
719 4883 836 4964 (82)
883 4890 1096 4944 πάντων
1155 4887 1409 4966 κυριεύειν
1466 4889 1554 4943 καὶ
1611 4884 1903 4964 δεσπόζειν)
1933 4886 2029 4940 (δ’δ’

382 4967 564 5047 δαμῶς
595 4971 822 5048 μαλάξαι
878 4973 1100 5055 ἴσχυσεν
1135 4991 1150 5008 ⁸
1213 4973 1333 5033 ἀλλ’
1389 4973 1620 5052 ἑλομένη
1675 4975 1787 5052 βίον
1836 4974 2030 5048 σεμνὸν

2105 4353 2464 4434 suscipiens,
2489 4372 2557 4416 ex
2575 4371 2776 4416 amore
2805 4352 3046 4430 Christi,
3081 4361 3358 4417 manente
3387 4372 3521 4416 cum
3550 4354 3743 4418 Maxi-

2107 4442 2270 4503 milla
2300 4442 2428 4523 ipsa
2456 4441 2828 4523 Ephidamia,
2861 4441 2990 4504 dies
3018 4442 3328 4522 transegit,
3361 4442 3626 4523 apostolo
3652 4443 3741 4505 fa-

2109 4531 2363 4612 mulans,
2397 4538 2455 4594 et
2483 4531 2825 4592 ministrans
2853 4530 3159 4607 fratribus,
3187 4550 3496 4613 quousque
3524 4549 3742 4613 supre-

2112 4638 2271 4680 mum
2303 4619 2501 4680 emisit
2527 4619 2826 4700 spiritum.
2864 4617 3006 4680 Cum
3039 4627 3238 4683 autem
3269 4619 3593 4700 subjectam
3631 4617 3747 4682 sibi

2109 4707 2273 4769 illam
2289 4707 2526 4770 eﬁicere
2550 4725 2668 4768 non
2690 4707 2978 4787 potuisset
2998 4706 3290 4788 Egeates,
3306 4708 3555 4769 demens
3570 4715 3748 4769 nocte

2112 4794 2390 4872 surrexit,
2415 4795 2530 4857 alto
2554 4802 2838 4874 regnante
2881 4794 3142 4876 silentio,
3171 4808 3230 4857 et
3277 4814 3486 4858 omnes
3512 4795 3746 4877 fallens,

2111 4884 2373 4965 seipsum
2407 4883 2772 4965 praecipitem
2801 4883 2966 4946 dedit
2993 4884 3066 4945 ab
3098 4884 3330 4946 excelso
3361 4882 3620 4964 praetorii
3650 4883 3744 4944 sui

2111 4971 2366 5053 fastigio.
2393 4973 2463 5036 Et
2482 4973 2568 5036 sic
2595 4971 2930 5056 exspiravit,
2949 4972 3273 5037 secundum
3300 4970 3746 5053 praedictionem

1805 5131 1998 5198 Variae
2023 5131 2330 5198 lectiones.

535 5257 645 5341 4)_
665 5269 708 5320 Ο
737 5283 787 5318 τι
814 5257 942 5327 Vat.

473 5338 589 5484 76g
601 5338 875 5433 Fortasse
903 5344 1015 5421 ἅμα
1066 5367 1150 5404 σοι
1206 5344 1505 5433 Alteram,
1525 5343 1738 5410 mediae
1777 5349 1879 5407 aut
1905 5343 2036 5410 inﬁ-

396 5436 512 5484 mas
589 5428 870 5484 rmcnatls
895 5441 1102 5484 vocem
1133 5444 1266 5484 esse
1286 5433 1451 5484 nuto.
1498 5435 1724 5484 Αιιιιασυ
1751 5423 1889 5484 Vat.

589 5421 1102 5512 racitatisjocem
1133 5444 1266 5492 esse
1286 5433 1451 5512 puto.
1479 5421 1724 5507 Ἄμμασυ
1751 5423 1889 5490 Vat.

484 5500 603 5580 (76)
649 5507 805 5578 Οψης
846 5503 980 5568 Vat.

483 5581 604 5672 l1'0.
627 5581 907 5672 [fortasse
931 5608 1300 5672 πᾳοπγγισειε
1322 5587 1425 5672 vel
1446 5607 1814 5672 προσεγγεεαιο

488 5660 606 5744 (7⁸)
631 5662 822 5730 Artic.
855 5673 950 5727 τοῦ
975 5667 1041 5735 in
1069 5660 1290 5740 téitum
1317 5660 1822 5738 introduxil'ﬂon
1848 5673 2037 5736 exstat

2113 5285 2176 5330 ω
2197 5264 2479 5507 (iisi'vu
2503 5347 2714 5446 πάντων
2744 5343 3045 5411 excidisse
3072 5343 3326 5412 videtur.

2227 5425 2327 5507 80)
2355 5435 2770 5507 Προσαγαγουσα
2800 5426 2932 5492 Vat.

2227 5425 2327 5532 ξφ)
2355 5435 2770 5532 Famam
2800 5426 2932 5492 νει·

2190 5428 2327 5670 (39(
2352 5435 2686 5584 Emit?

2223 5587 2299 5650 82
2354 5589 2521 5650 Αὐτοῦ
2559 5585 2686 5654 Vat.
