4068 6112
308 276 418 346 261

305 435 400 470 σον
441 413 612 470 αὖτῶν
643 413 783 470 ἐστιν
813 416 842 470 6
867 419 1044 482 κῆπος
1074 421 1165 472 τοῦ
1209 414 1406 496 Ἰωσήφ
1447 435 1458 446 ·

307 502 402 578 ρἆ
428 509 522 558 τοῦ
577 504 755 573 κήπου
795 502 933 560 ἐστὶν
989 506 1024 573 ἡ
1081 503 1311 585 φυλακὴ,
1377 504 1509 561 ὅπου
1563 505 1632 572 ἦν
1681 507 1708 560 6
1740 505 1957 582 Χρίστὸς

1463 594 1561 652 Καὶ
1631 593 1790 668 μέσον
1859 597 1956 657 τῆς

305 589 807 668 ὖποκεκλεισμὲνος,
897 594 986 648 καὶ
1077 591 1370 671 Βαραϐῗας.

304 676 573 756 φυλακῇς,
649 682 738 736 καὶ
812 686 910 748 τῆς
980 681 1324 760 σταυρώσεώς
1380 680 1520 737 ἐστιν
1575 682 1610 749 ἦ
1666 679 1805 746 πύλη
1862 685 1954 735 τού

1039 769 1092 826 ἐν
1181 774 1226 844 ᾧ
1321 769 1600 850 εὒρέθησαν
1680 772 1727 826 οἱ
1807 781 1952 844 τρεῖς

1835 854 1953 911 ἔνθα

303 768 453 844 ἀγῖω
539 770 954 844 Κωνσταντίνου,

301 857 537 934 σταυροί.
601 859 701 914 Καὶ
753 857 931 914 ἐπάνω
971 863 1070 925 τῆς
1126 857 1296 926 πύλης
1353 858 1461 913 ἐστὶ
1515 859 1576 913 τὸ
1628 859 1786 936 ἱερὸν,

301 957 478 1002 κεῖται
534 946 596 1000 τὸ
652 947 905 1024 ποτήριον
967 945 1098 1002 ὅπου
1159 943 1301 1002 ἔπιεν
1355 949 1383 1002 ὁ
1440 947 1662 1024 Χριστὸς
1717 946 1779 999 τῖ)
1835 941 1950 1036 ὅξος

301 1035 390 1088 καὶ
418 1033 516 1100 τὴν
569 1032 744 1113 χολήν
780 1050 794 1064 ⁸
843 1033 952 1091 ἔστι
1011 1033 1066 1090 δὲ
1135 1037 1208 1100 ὡς
1257 1033 1472 1114 χαλίκιν
1529 1033 1776 1113 πράσινον
1809 1029 1944 1087 6138'-

300 1119 518 1197 ὂδμένον
579 1122 782 1197 ἆσίμιν,
850 1125 938 1186 Εἰς
983 1121 1036 1179 δὲ
1093 1125 1182 1180 τὸν
1240 1125 1392 1180 αὐτὸν
1449 1121 1612 1178 τόπον
1661 1135 1834 1178 κεῖται
1892 1121 1950 1174 τὸ

299 1209 542 1267 λεκάνιον
615 1213 747 1270 ὀποῦ
811 1211 984 1288 ἔνιψεν
1071 1215 1100 1269 6
1170 1214 1392 1292 Χριστὸς
1449 1213 1595 1302 1:06;”
1624 1209 1788 1272 πόδας
1846 1215 1949 1263 τῶν

300 1303 555 1374 μαθητῶν
613 1305 795 1362 αὐτοῦ.
875 1310 999 1358 Εστι
1043 1299 1098 1357 δὲ
1155 1302 1501 1380 μαρμάρινον,
1572 1299 1720 1357 Ἐνθα
1775 1310 1950 1354 κεῖται

1621 275 2066 350 ΕΝΑΒΒΑΤΙΟ
2108 273 2376 344 SYRI/E.

1507 417 1594 472 καὶ
1646 417 1774 494 πρὸς
1821 410 1948 491 305-
1971 409 2019 470 A
2040 417 2132 472 tus
2163 421 2252 473 est
2277 411 2554 492 Josephi:
2609 421 2669 474 et
2713 412 2787 474 ad
2821 411 3232 494 aquilonarem
3265 422 3492 496 partem
3523 417 3682 479 horti

3569 283 3687 348 262

2041 501 2221 574 illius,
2257 509 2347 562 est
2375 521 2602 572 carcer,
2634 501 2736 562 ubi
2767 503 3039 566 Christus
3069 503 3304 565 clausus
3333 504 3442 566 fuit
3471 515 3529 567 et
3561 506 3678 568 Ba-

2039 589 2252 650 rabbas
2279 609 2292 652 :
2323 599 2378 651 et
2413 591 2471 650 in
2505 590 2695 651 medio
2728 591 2982 652 carceris
3007 599 3064 652 et
3095 591 3329 653 {ixionis
3363 595 3560 655 crucis
3588 603 3683 655 est

2041 687 2207 758 porta
2236 679 2352 740 divi
2386 679 2771 754 Constantini,
2805 681 2865 739 in
2917 699 3027 759 qua
3077 679 3334 742 inventae
3395 691 3531 742 sunt
3563 691 3682 744 tres

2037 786 2244 828 cruces
2278 786 2290 830 :
2327 777 2384 830 et
2411 787 2592 848 supra
2623 778 2852 848 portam
2904 778 2992 830 est
3051 770 3357 849 templum,
3398 770 3497 830 ubi
3530 790 3677 832 con-

2035 855 2224 917 ditum
2257 865 2345 917 est
2375 857 2672 936 poculum,
2725 857 2784 917 in
2818 876 2932 937 quo
2965 856 3113 918 bibit
3141 858 3416 920 Christus
3443 867 3676 922 acetum

2036 953 2092 1005 et
2119 946 2216 1007 fel.
2251 947 2352 1006 Est
2394 965 2531 1007 vero
2591 946 2778 1008 instar
2836 945 2996 1006 saxei
3055 947 3276 1008 coloris
3303 947 3540 1023 Veneti,
3573 968 3674 1011 ar-

2034 1043 2206 1110 gento
2237 1035 2755 1096 circumve~titum.
2788 1035 3009 1096 Eodem
3043 1035 3101 1096 in
3134 1036 3265 1097 loco
3297 1039 3673 1100 reconditum

2035 1131 2123 1182 est
2153 1124 2518 1204 malluvium,
2552 1125 2608 1184 in
2642 1143 2757 1204 quo
2815 1124 3080 1185 Christus
3141 1127 3323 1202 pedes
3353 1125 3681 1208 di~cipulo-

2033 1228 2164 1270 rum
2195 1211 2407 1272 abluit:
2436 1212 2614 1292 idque
2649 1231 3046 1272 marmoreum
3077 1223 3188 1274 est.
3213 1212 3438 1274 Ibidem
3473 1215 3678 1278 lancea

2032 1300 2290 1377 reposita
2321 1311 2430 1370 est,
2467 1311 2524 1361 et
2567 1300 2836 1381 spongia,
2899 1309 2955 1362 et
3011 1301 3258 1369 arundo,
3309 1312 3367 1363 et
3397 1321 3614 1365 corona
3643 1324 3675 1365 e

297 1377 563 1468 ὁλόγχη,
595 1391 683 1445 καὶ
726 1392 752 1445 6
783 1391 1042 1468 σπόγγος,
1077 1391 1165 1446 καὶ
1213 1392 1240 1445 ὁ
1291 1391 1554 1464 κάλαμος,
1616 1389 1702 1444 καὶ
1746 1390 1773 1442 ὃ
1825 1385 1936 1442 στέ·

2033 1387 2240 1466 spinis,
2277 1396 2336 1449 et
2367 1377 2615 1460 sindon,
2639 1377 2785 1469 pura
2820 1394 3002 1450 instar
3030 1391 3298 1452 sindonis
3325 1411 3501 1472 quam
3533 1393 3676 1454 vidit

295 1504 462 1560 φανος
521 1485 548 1537 6
609 1480 660 1546 ἐξ
716 1481 976 1562 ἀκανθῶν,
1036 1485 1123 1538 καὶ
1178 1484 1212 1550 ἡ
1295 1481 1474 1548 σιδόνη
1531 1483 1565 1548 ἡ
1625 1479 1823 1557 καθαρὰ
1879 1478 1936 1532 εἷς

2037 1476 2238 1537 Petrus
2267 1479 2563 1556 apostolus
2595 1478 2651 1537 in
2684 1479 2854 1556 coelo,
2917 1497 3096 1540 omne
3125 1479 3344 1540 animal
3375 1500 3671 1561 praemon-

309 1545 320 1560 .
648 1545 654 1546 κ
963 1545 976 1562 ι
1201 1545 1212 1550 -
1464 1545 1473 1548 ~
1554 1545 1564 1548 -
1763 1545 1772 1557 .

294 1570 459 1626 τύπον
509 1575 608 1636 τῆς
641 1568 898 1646 σινδόνος,
955 1572 1020 1637 ἣν
1078 1569 1186 1626 εἶδε
1244 1570 1436 1650 Πέτρος
1494 1573 1521 1626 6
1577 1567 1868 1648 ἀπόσξολος
1899 1566 1934 1620 ἐκ

2033 1545 2316 1625 stranteni
2353 1583 2368 1640 ;
2405 1569 2460 1625 in
2497 1575 2657 1646 parte
2687 1567 2860 1646 cujus
2916 1585 3034 1626 una
3063 1545 3490 1642 consumenda,
3527 1578 3583 1630 et
3612 1571 3670 1631 in

295 1659 374 1730 τῷ
431 1658 634 1737 0³392νῷ
680 1657 880 1738 ἔχουσα
934 1666 1036 1716 πᾶν
1111 1666 1244 1730 ζῶον
1315 1659 1696 1738 ἱστορισμὲνον,
1749 1658 1836 1719 Εἷς
1885 1655 1936 1709 τὲ

2028 1653 2208 1714 altera
2239 1674 2368 1733 quae
2399 1673 2516 1714 non
2547 1668 3069 1730 consumerentur,
3121 1665 3309 1731 erant,
3347 1676 3523 1718 omne
3551 1658 3672 1719 im-

295 1744 352 1800 ἓν
410 1745 568 1823 μέρος
621 1747 686 1803 τὰ
742 1745 1118 1823 δαπανώμενα,
1179 1749 1266 1803 καὶ
1335 1749 1408 1810 εἷς
1456 1748 1516 1802 τὸ
1559 1749 1611 1804 ἓν
1673 1745 1827 1824 μέρος
1882 1745 1936 1798 '55

2032 1727 2316 1802 mundum
2353 1750 2408 1801 et
2441 1746 2758 1822 impurum.
2811 1743 2975 1804 llanc
3029 1727 3205 1823 porro
3237 1727 3435 1808 ferunt
3464 1755 3672 1808 osten-

298 1834 376 1908 μὴ
407 1831 780 1915 δαπανώμενα,
827 1843 929 1892 πᾶν
961 1839 1160 1915 κοινὸν,
1217 1835 1252 1903 ἢ
1307 1835 1619 1915 ἀκάθαρτον,
1671 1835 1734 1900 ἦν
1765 1833 1944 1910 λέγου-

297 1945 347 1978 σι
405 1920 679 2002 δειχθῆναι
723 1926 884 2004 ,παρᾶ
941 1923 1172 2004 Γαϐριὴλ
1229 1931 1319 1980 τοῦ
1375 1923 1737 2004 ἀρχαγγέλου,
1789 1920 1942 1988 Πλη-

298 2012 407 2067 σίον
463 2009 519 2066 δὲ
563 2017 728 2079 αὐτῆς
779 2014 890 2070 ἐστι
946 2016 1008 2070 τὸ
1064 2027 1447 2094 πατριαρχεῗον
1483 2032 1495 2043 ·
1568 2013 1800 2068 κάτωθεν
1854 2019 1946 2069 τοῦ

299 2101 686 2180 πατριαρχείου
773 2103 910 2159 ἐστὶν
1020 2101 1274 2169 ἐκκλησία
1388 2103 1832 2180 ἀνενθρονίαστὸς,
1911 2101 1946 2166 ἡ

299 2187 563 2263 μέλλουσα
624 2189 1030 2268 ἐνθρονιάζεσθαι
1086 2193 1186 2246 {m6
1239 2189 1452 2246 συνόδο)
1509 2193 1580 2254 εἷς
1649 2193 1738 2246 τὸν
1795 2188 1950 2265 διωγ-

299 2281 396 2351 μὸν
455 2285 562 2335 τῶν
593 2286 943 2358 Σαρακηνῶν.
999 2283 1098 2338 Καὶ
1149 2281 1220 2344 εἰς
1277 2281 1336 2335 τὸ
1367 2279 1632 2360 ἀριστερὸν
1667 2279 1822 2358 μέρος
1853 2284 1944 2333 τοῦ

298 2368 444 2444 ἁγίου
506 2369 900 2425 Κωνσταντίνου
972 2369 1110 2425 ἐστὶν
1193 2369 1228 2436 ἡ
1303 2370 1455 2424 εἰκὼν
1508 2373 1604 2435 τῆς
1661 2366 1942 2446 ὦπεραγίας

299 2457 582 2534 Θεοτόκου,
614 2458 650 2525 ἧ
709 2455 983 2514 κωλύουσα
1036 2458 1136 2524 τὴν
1189 2457 1333 2513 ὁσίαν
1389 2459 1590 2535 Μαρίαν
1646 2467 1738 2515 τοῦ
1767 2453 1940 2512 εἰσελ-

294 2545 404 2601 θείεν
435 2547 509 2608 εἰς
539 2547 631 2601 τὸν
661 2547 782 2602 ναὸν
812 2551 880 2622 τῇ
932 2551 1031 2613 τῆς
1082 2537 1365 2620 εΥψώσεως
1419 2545 1592 2624 ἡμέρᾳ
1625 2559 1639 2574 ⁶
1711 2545 1827 2601 ἔνθα
1857 2549 1944 2602 καὶ

296 2634 390 2700 τὴν
447 2634 646 2712 ἐγγύην
720 2632 934 2696 δέδωκε,
1019 2636 1118 2692 Καὶ
1191 2637 1264 2697 εἷς
1333 2635 1394 2690 τὸ
1448 2633 1714 2714 ἀριστερὸν
1787 2634 1943 2714 μέρος

255 2744 266 2752 ’
299 2721 400 2776 ἐστὶ
429 2731 521 2781 τοῦ
545 2721 744 2804 Ἰωσὴφ
775 2725 804 2779 6
859 2724 1015 2785 οἶκος
1047 2737 1061 2750 ·
1123 2724 1352 2780 κάτωθεν
1411 2720 1465 2777 δὲ
1519 2730 1611 2778 τοῦ
1654 2720 1806 2778 οἴκου
1837 2723 1944 2780 ἐστὶ

299 2811 637 2889 τετρακιόνιν,
671 2811 725 2867 ἐν
775 2815 820 2886 ᾧ
873 2813 1177 2881 ὑπήντησεν
1232 2813 1267 2878 ἡ
1326 2812 1448 2888 ἁγία
1495 2801 1680 2877 Ἐλὲνη
1736 2812 1796 2866 τὸ
1853 2809 1940 2876 ἐξ-

299 2896 428 2955 όδιον
488 2905 588 2966 τῆς
634 2900 823 2978 κόρης,
885 2902 974 2955 καὶ
1029 2901 1235 2970 θίςσασα
1305 2901 1428 2963 τοὺς
1491 2912 1635 2978 τρεῖς
1693 2902 1942 2979 σταυροὺς

2029 1847 2152 1891 sam
2187 1849 2318 1891 esse
2347 1850 2380 1892 a
2413 1831 2686 1893 Gabriele
2716 1832 3094 1910 archangelo.
3131 1831 3320 1914 Prope
3350 1853 3488 1896 vero
3519 1837 3673 1898 hanc

2030 1918 2448 1998 patriarchium
2510 1919 2687 1980 situm
2745 1928 2884 1980 est:
2947 1929 3004 1980 et
3059 1921 3216 1981 Infra
3246 1923 3670 2002 patriarchium

2029 2016 2113 2067 est
2135 2009 2629 2090 ecclesia,throno
2655 2007 2952 2082 destituta,
2970 2017 3173 2090 etquae
3197 2029 3326 2072 mox
3351 2014 3562 2074 throno
3577 2035 3672 2075 or-

2031 2096 2226 2158 nanda
2247 2106 2371 2158 erat
2396 2117 2429 2158 a
2449 2098 2698 2160 consilio
2721 2098 2794 2158 ob
2819 2100 3296 2178 persecutionem
3319 2105 3669 2165 Sarraceno-

2029 2202 2186 2244 rum.
2211 2184 2279 2245 Et
2298 2185 2367 2244 ad
2397 2187 2594 2246 laevam
2619 2194 2842 2266 partem
2871 2186 2941 2247 D.
2967 2188 3352 2264 Constantini,
3379 2189 3568 2268 imago
3582 2201 3670 2253 est

2031 2273 3665 2354 sanctissimaeDeiparan,qua3prohibuitbeatamMariam

2028 2360 2260 2440 ingredi
2293 2363 2602 2441 templum,
2653 2362 3043 2424 Exaltationis
3099 2363 3293 2426 crucis
3353 2364 3449 2426 die
3473 2385 3664 2429 sacro.

2025 2448 2108 2510 Eo
2139 2449 2317 2512 etiam
2348 2450 2464 2511 loci
2493 2451 2874 2530 sponsionem
2905 2451 3070 2512 dedit
3104 2473 3116 2511 :
3175 2462 3232 2515 et
3263 2453 3334 2514 ad
3368 2454 3665 2517 sinistram

2027 2547 2251 2618 partem
2284 2539 2527 2619 Josephi
2558 2539 2773 2600 domus
2821 2548 2912 2602 est
2944 2561 2956 2602 :
3017 2548 3195 2622 atque
3241 2541 3394 2603 infra
3423 2543 3664 2606 domum

2027 2634 2116 2687 est
2175 2634 2424 2704 quatuor
2481 2627 2886 2690 columnarum
2945 2635 3257 2703 structura,
3321 2630 3420 2692 ubi
3467 2641 3668 2694 sancta

2025 2713 2250 2776 Helena
2278 2716 2436 2776 venit
2467 2715 2697 2779 obviam
2755 2716 2986 2798 puellae,
3045 2718 3214 2797 cujus
3244 2718 3419 2780 funus
3451 2721 3664 2783 etTere-

2025 2801 2234 2874 batur;
2271 2812 2329 2864 et
2358 2823 2488 2866 cum
2525 2811 2642 2866 tres
2673 2824 2882 2867 cruces
2928 2807 3321 2888 apposuisset,
3355 2809 3546 2870 locuta
3577 2819 3668 2872 est

2023 2890 2182 2970 virgo
2217 2896 2272 2951 in
2305 2891 2615 2954 Dominica
2658 2912 2857 2955 cruce.
2918 2892 3064 2953 Item
3123 2893 3416 2957 orientem
3456 2915 3662 2959 versus

301 2985 554 3054 ἐλάλησεν
607 2990 644 3056 ἡ
700 2988 834 3068 κόρη
887 2990 959 3052 εἷς
1016 2991 1107 3044 τὸν
1181 2991 1500 3044 Δεσποτικὸν
1543 2989 1782 3068 σταυρόν.
1843 2991 1936 3046 Καὶ

2025 2986 2113 3045 est
2144 2980 2454 3042 Probatica
2484 2981 2731 3060 piscina,
2781 2981 3043 3063 quinque
3095 2982 3380 3045 ambones
3411 2984 3657 3063 habens,

297 3077 420 3154 πρὸς
469 3075 735 3144 ἀνατολὴν
792 3082 961 3136 αὐτῶν
1013 3077 1152 3133 ἐστιν
1209 3079 1244 3145 ἡ
1317 3073 1614 3156 Προϐατικᾶ
1667 3075 1936 3153 κολυμϐή-

2031 3068 2129 3148 qui
2159 3068 2508 3131 dicebantur
2535 3071 2817 3150 porticus.
2874 3071 2945 3132 Et
3006 3090 3124 3132 non
3172 3073 3376 3152 procul
3433 3074 3506 3135 ab
3563 3075 3666 3137 illa

295 3166 385 3242 θρα
467 3162 670 3244 ἔχουσα
747 3164 904 3222 πέντε
970 3167 1246 3246 βήματαδ
1293 3169 1346 3222 αἱ
1415 3164 1696 3245 λεγόμεναι
1772 3171 1942 3232 στοαί,

297 3237 391 3308 Καὶ
445 3237 672 3319 πλησίον
722 3253 886 3320 αὐτῆς
935 3237 1057 3310 ἐέττί
1093 3256 1158 3312 τὰ
1197 3237 1368 3332 ’Ἅγια
1417 3237 1762 3334 τῶννάγίων,
1824 3254 1944 3314 ἔνθα

292 3347 382 3396 τοῦ
412 3343 679 3422 Ζαχαρίου
707 3344 768 3398 τὸ
812 3347 952 3420 αἷμα
1005 3343 1296 3417 πεπηκται,
1358 3343 1446 3399 καὶ
1498 3345 1526 3398 6
1583 3341 1722 3406 λίθος
1755 3346 1782 3400 6
1811 3367 1939 3424 κρε-

294 3429 552 3510 μάμενος,
625 3433 712 3488 καὶ
787 3434 815 3488 6
881 3433 1004 3496 ναὸς
1068 3441 1160 3491 τοῦ
1241 3429 1590 3507 Σολομῶντος
1651 3428 1934 3513 ἱδιότειχα.

296 3519 390 3575 Καὶ
418 3521 491 3582 εἷς
521 3520 620 3586 τήν
677 3517 889 3589 δοτικὴν
941 3520 1136 3600 πόρταν
1178 3524 1278 3587 τῆς
1337 3520 1487 3597 ἁγίας
1544 3518 1753 3583 πόλεώς
1795 3521 1936 3578 ἐστιν

295 3607 321 3660 6
360 3609 560 3684 πύργος
609 3610 637 3664 6
696 3611 1000 3684 Δαυϊτικὸς,
1063 3611 1136 3672 εἷς
1195 3611 1252 3666 ὃν
1309 3607 1546 3665 ἐκάθισεν
1603 3607 1688 3664 ἐπί
1715 3608 1932 3685 σποδοῦ,

294 3695 376 3776 καὶ
429 3694 631 3774 ἔγραψε
686 3698 748 3752 τὸ
800 3697 1130 3778 Ψαλτήριον.
1209 3693 1386 3762 Δεξιὸν
1467 3695 1522 3752 δὲ
1578 3706 1673 3756 τοῦ
1739 3699 1934 3778 πύργου

292 3781 395 3838 ἐστὶ
463 3785 525 3840 τὸ
580 3783 948 3865 λιθόστρωτον,
1038 3785 1294 3854 ἐκκλησία
1377 3786 1538 3865 μικρὰ
1592 3784 1710 3842 ἔνθα
1765 3789 1933 3866 παρέ-

2029 3166 2167 3218 sunt
2224 3157 2437 3220 Sancta
2491 3168 2855 3238 sanctorum,
2915 3159 3021 3222 ubi
3076 3161 3368 3223 Zachariae
3423 3165 3662 3243 sanguis

2027 3257 2344 3310 concretus
2365 3255 2475 3324 est,
2533 3257 2594 3310 et
2643 3247 2793 3330 lapis
2843 3267 3189 3330 suspensus,
3248 3259 3306 3312 et
3332 3249 3662 3316 Salomonis

2026 3337 2305 3418 templum
2317 3337 2622 3418 ,peculiari
2638 3337 2983 3400 muro.Item
2998 3338 3070 3399 ad
3083 3338 3510 3402 occidentalem
3526 3361 3661 3422 por-

2021 3431 2138 3485 tam
2170 3435 2386 3487 sanctae
2412 3425 2660 3488 civitatis
2689 3435 2772 3488 est
2824 3427 3004 3488 turris
3053 3427 3349 3504 Davidica,
3382 3429 3478 3490 ubi
3505 3449 3659 3492 con-

2022 3513 2177 3574 sedit
2220 3533 2400 3596 super
2443 3521 2666 3590 cinere,
2729 3521 2789 3578 et
2842 3515 3080 3597 scripsit
3135 3517 3536 3580 Psalterium:
3596 3520 3661 3582 in

2021 3603 2224 3665 dextra
2278 3611 2445 3685 parte
2501 3608 2700 3676 turris,
2773 3605 3171 3667 lithostrotum
3229 3615 3340 3680 est,
3406 3609 3656 3671 ecclesia

2019 3709 2217 3773 parva,
2249 3693 2350 3753 ubi
2407 3694 2588 3756 ludas
2643 3693 2960 3755 Dominum
3021 3695 3304 3774 prodidit.
3366 3695 3658 3760 Adextra

2019 3785 2214 3842 autem
2247 3781 2563 3843 lithostroti
2607 3789 2698 3842 est
2753 3785 2816 3846 S.
2876 3781 3045 3862 Sion,
3107 3781 3318 3844 domus
3348 3783 3479 3846 Dei.
3509 3785 3656 3849 Inde

292 3867 452 3958 60119;
519 3875 548 3928 6
593 3871 785 3938 Ἰούδας
855 3877 946 3933 τὸν
1004 3876 1215 3955 Κύριον.
1294 3873 1471 3940 Δεξιὸν
1527 3873 1582 3930 δὲ
1653 3882 1744 3932 τοῦ
1799 3875 1936 3934 λιθο-

2023 3868 2076 3930 in
2105 3887 2314 3948 magna
2344 3879 2528 3950 porta,
2567 3879 2730 3951 parte
2787 3870 3048 3944 sinistra,
3111 3871 3278 3934 locus
3307 3881 3416 3948 est,
3448 3875 3509 3935 in
3539 3894 3656 3955 quo

289 3961 521 4038 πρώτου
567 3961 706 4019 ἐστὶν
759 3965 795 4032 ἡ
838 3964 962 4042 ἁγία
1015 3966 1177 4039 Σιὼν,
1247 3966 1276 4020 6
1320 3964 1472 4028 οἶκος
1529 3969 1620 4020 τοῦ
1651 3970 1802 4026 Θεοῦ.
1838 3968 1936 4022 Καὶ

2023 3959 2201 4020 sancti
2232 3961 2482 4038 apostoli
2513 3959 2829 4021 abluerunt
2856 3959 3289 4021 sanctissimam
3331 3961 3438 4023 Dei
3468 3964 3654 4025 Geni-

288 4051 356 4112 εἷς
385 4049 486 4116 τὴν
518 4050 760 4130 μεγάλην
812 4051 984 4120 πύλην
1054 4053 1323 4133 ἀριστερόν
1377 4051 1518 4108 ἐστιν
1575 4053 1603 4108 6
1661 4053 1846 4134 τόπος,
1879 4055 1932 4111 ἐν

2023 4047 2220 4110 tricem
2255 4057 2385 4128 post
2441 4047 2666 4109 obitum
2722 4049 2932 4129 ipsius.
2993 4047 3222 4110 Deinde
3281 4050 3354 4112 ad
3387 4052 3654 4114 dextram

286 4140 331 4210 ᾧ
412 4136 634 4197 ἔλουσαν
721 4143 767 4196 οἱ
847 4141 989 4220 ἅγιοι
1075 4139 1389 4198 Ἀπόστόλοι
1459 4141 1557 4208 τὴν
1649 4143 1930 4221 ὑπεραγίαν

2012 4143 2193 4218 portae
2221 4144 2459 4216 :partem
2506 4145 2592 4198 est
2650 4136 3077 4217 spiramentum
3137 4138 3425 4217 gehennae
3471 4140 3646 4220 ignis.

287 4229 547 4286 Θεοτόκον
579 4231 715 4303 μετὰ
770 4229 940 4296 ἔξοδον
997 4235 1186 4298 αὐτῆς.
1248 4232 1349 4288 Καὶ
1413 4233 1486 4294 εἷς
1544 4231 1604 4286 τὸ
1633 4228 1796 4296 δεξιὸν
1826 4231 1926 4307 μὲ-

2023 4227 2091 4288 ac
2113 4227 2282 4306 juxta
2311 4227 2464 4288 hanc
2491 4233 2604 4288 stat
2633 4225 2781 4306 lapis
2809 4225 2884 4287 ad
2945 4245 3122 4307 quem
3181 4229 3378 4306 ﬂagris
3403 4229 3642 4292 cecide-

285 4337 371 4394 ρος
399 4324 501 4384 τῆς
558 4320 720 4386 αὒτῆς
763 4317 934 4386 πύλης
1004 4319 1140 4376 ἐστὶν
1196 4321 1230 4387 ἡ
1293 4319 1530 4386 ἀναπνοὴ
1582 4323 1679 4385 τῆς
1711 4319 1928 4398 γεέννης

284 4427 374 4462 του
427 4408 591 4485 πυρός
650 4409 746 4466 Καὶ
797 4407 1022 4476 πλησίον
1101 4411 1263 4476 αὐτῆς
1321 4407 1535 4464 ἵσταται
1595 4409 1624 4463 6
1665 4407 1826 4482 λῖθος,
1874 4409 1928 4464 ἐν

287 4498 332 4568 ᾧ
371 4494 813 4574 ἐπραγγέλλωσαν
866 4499 956 4553 τὸν
1012 4499 1236 4576 Χριστὸν
1292 4498 1379 4554 καὶ
1423 4500 1554 4552 Θεὸν
1597 4497 1770 4572 ἡμῶν.
1829 4501 1927 4556 Καὶ

290 4585 360 4646 εἷς
427 4585 494 4640 τὰ
542 4585 672 4663 ἅγια
723 4587 866 4665 θυρία
933 4596 1026 4645 τοῦ
1079 4585 1444 4665 θυσιαστηρίου
1501 4587 1598 4642 εἰσὶ
1651 4587 1716 4642 τὰ
1787 4585 1924 4666 ἴχνη

291 4673 378 4730 τοῦ
425 4681 670 4753 Χριστοῦ,
731 4674 850 4732 ἔνθα
903 4675 1094 4732 ἵστατο
1162 4677 1466 4754 κρινόμενος
1527 4676 1628 4732 ὑπὸ
1675 4673 1921 4736 Πιλάτου.

292 4762 379 4821 Εἷς
429 4764 487 4818 τὸ
543 4761 650 4820 διον
729 4763 784 4819 δὲ
867 4765 1023 4844 μέρος
1093 4771 1185 4820 τοῦ
1247 4767 1606 4842 θυσιαστεριου
1646 4765 1708 4820 τὸ
1759 4765 1923 4844 ὑπερ-

285 4856 387 4925 ῷον
439 4849 571 4908 ὅπου
633 4849 936 4920 ἐδείπνησεν
991 4855 1019 4910 6
1062 4854 1282 4933 Χριστὸς
1325 4853 1459 4928 μετὰ
1514 4859 1619 4908 τῶν
1677 4855 1925 4928 μαθητῶν

284 4941 462 4999 αὐτοῦ.
537 4943 637 5000 Καὶ
707 4945 780 5006 εἰς
834 4944 924 4999 τὸν
981 4943 1138 5001 αὒτὺν
1179 4942 1338 5022 τόφον
1394 4941 1531 4999 ἐστὶν
1589 4941 1846 5021 ὲνίστορος
1897 4945 1924 4998 6

283 5034 570 5107 Φαρισαῖος
617 5030 826 5111 αύχῶν,
871 5033 958 5087 καὶ
1013 5033 1042 5088 6
1099 5030 1344 5097 Τελώνης
1399 5035 1661 5087 ταπεινῶν
1718 5028 1920 5092 ἔαυτόν.

285 5119 379 5190 Καὶ
402 5120 475 5182 εἰς
503 5119 604 5187 τὴν
632 5121 846 5200 κόγχην
875 5124 973 5186 τῆς
1003 5120 1154 5198 ἁγίας
1179 5119 1318 5200 Σιςρν
1347 5119 1508 5197 ἤγουν
1551 5128 1642 5178 τοῦ
1685 5141 1921 5198 πραιτω-

283 5205 389 5283 ρίου
436 5207 546 5264 ἐστὶ
602 5190 928 5288 τετράκιόνιν
985 5190 1194 5286 μικρόν.
1243 5190 1411 5266 Ἔνθα·
1451 5211 1486 5278 ἡ
1545 5190 1816 5289 ἀνθρακέα,
1871 5207 1923 5279 ἐν

281 5295 325 5366 ᾧ
517 5295 773 5376 ἠρωτήθη
803 5298 832 5352 6
861 5294 1014 5374 ἅγιος
1059 5297 1254 5376 Πέτρος
1307 5297 1460 5378 παρὰ,
1485 5302 1584 5364 τῆς
1615 5293 1917 5371 παιδίσκης,

282 5375 364 5438 καί
425 5375 696 5465 ἠρνήσατο
767 5383 832 5442 ἐκ
899 5385 1074 5466 τρίτου
1125 5375 1217 5443 τον
1288 5375 1535 5467 Χριστὸν,
1593 5381 1681 5442 καὶ
1735 5384 1921 5451 εὐθέως

1949 4285 1999 4347 D

2012 4324 2148 4376 runt
2176 4315 2474 4379 Christum
2535 4314 2846 4376 Dominum
2905 4323 3194 4378 nostrum.
3255 4316 3327 4377 Et
3377 4321 3434 4378 in
3465 4319 3651 4381 sacris

2012 4406 2260 4485 portulis
2295 4403 2612 4466 sanctuarii
2659 4411 2796 4466 sunt
2853 4406 3076 4468 Christi
3123 4405 3386 4486 vestigia,
3419 4407 3520 4469 ubi
3547 4409 3647 4470 in-

2009 4494 2176 4571 stitit,
2209 4495 2382 4557 Pilati
2407 4493 2697 4574 judicium
2731 4493 2999 4555 subiens.
3032 4493 3081 4555 A
3111 4495 3316 4557 dextra
3347 4515 3489 4559 \ero
3519 4517 3652 4560 san-

2010 4583 2223 4644 ctuarii
2254 4591 2342 4646 est
2370 4583 2768 4664 coenaculum,
2830 4583 2893 4644 in
2951 4601 3066 4663 quo
3099 4586 3351 4646 ccenavit
3381 4585 3650 4649 Christus

2009 4690 2142 4732 cum
2175 4671 2478 4752 discipulis
2510 4672 2655 4735 suis.
2702 4671 2929 4733 Eodem
2985 4673 3045 4732 in
3105 4673 3234 4736 loco
3265 4675 3536 4756 depictus
3563 4687 3652 4738 est

2007 4757 2336 4821 Pharisaeus
2356 4778 2420 4821 se
2434 4761 2688 4839 jactans,
2718 4769 2775 4822 et
2809 4759 3166 4823 Publicanus
3188 4781 3253 4824 se
3281 4763 3648 4844 deprimens.

2013 4849 2300 4910 Praeterea
2329 4849 2402 4910 ad
2455 4849 2744 4910 concham
2804 4848 2862 4912 S.
2922 4850 3144 4926 Sionis,
3180 4851 3458 4912 nimirum
3488 4871 3644 4933 prae-

2011 4937 2170 5012 torii,
2205 4945 2298 4999 est
2351 4937 2931 5018 quadricolumnium
2987 4959 3248 5020 parvum,
3307 4939 3410 5001 ubi
3453 4941 3645 5017 focus,

2007 5045 2122 5106 quo
2152 5027 2214 5086 in
2245 5027 2379 5089 loco
2410 5027 2474 5088 B.
2511 5029 2720 5088 Petrus
2760 5025 3159 5107 interrogatus
3189 5038 3280 5090 est
3303 5027 3374 5088 ab
3406 5029 3644 5106 ancilla,

2005 5131 2074 5174 ac
2133 5117 2303 5176 tertia
2351 5115 2478 5176 vice
2535 5116 2825 5178 inﬁciatus
2881 5115 3190 5196 abnegavit
3212 5115 3648 5194 Christum;et

2009 5202 2316 5266 confestim
2369 5203 2557 5283 gallus
2604 5203 2876 5266 cantavit.
2921 5205 3116 5286 Atque
3176 5205 3288 5268 hoc
3339 5205 3466 5284 ipso
3515 5207 3646 5270 loco

2007 5290 2167 5352 aedes
2197 5299 2333 5354 sunt
2360 5291 2529 5355 Pilati
2579 5299 2639 5354 et
2685 5293 2872 5354 Annae
2900 5300 2960 5354 et
2997 5291 3232 5374 Caiphae
3277 5299 3334 5354 et
3374 5293 3645 5357 Caesaris.
3705 5373 3708 5378 '

280 5453 512 5553 ἀλέκτωρ
539 5453 806 5554 ἕφώνησε.
845 5453 942 5532 Καί
966 5476 1040 5538 εἷς
1068 5476 1160 5532 τὸν
1189 5477 1314 5534 αὐτὸ
1337 5453 1684 5533 τόπονέστὶν
1715 5476 1744 5530 6
1772 5475 1926 5542 οἶκος
1955 5487 2048 5538 τοῦ
2075 5497 2132 5532 τε
2159 5475 2390 5534 Πιλάτου
2444 5477 2532 5534 καὶ
2585 5481 2678 5533 τοῦ
2707 5453 2887 5552 Ἅννα,
2918 5477 3007 5533 καὶ
3046 5485 3140 5535 τοῦ
3168 5477 3408 5558 Καϊάφα,
3439 5481 3527 5552 καὶ
3554 5489 3646 5566 τοῦ

282 5563 555 5646 Καίσαρος.
