4068 6112
356 224 476 296 263

1652 220 2050 295 EPIPHANII
2080 220 2427 295 MONACHI

3607 225 3728 292 264'

431 362 610 427 Extra
635 362 846 427 urbem
874 381 1011 427 vero
1041 363 1410 429 dextrorsum
1440 383 1621 447 prope
1639 381 1871 426 murum
1896 367 1980 425 est

2149 340 2367 430 ’ῙΞΞωθεν
2410 361 2463 420 δὲ
2519 369 2617 432 τῆς
2673 362 2882 428 πὸλεως
2946 361 3134 440 δεξιὸν,
3189 360 3418 430 πλησὶον
3471 365 3565 420 106
3607 359 3721 416 τεί-

353 452 624 527 ecclesia,
659 451 761 514 ubi
791 469 1064 532 egressus
1122 454 1328 514 Petrus
1384 453 1545 515 ﬂevit
1591 469 1790 514 amare
1823 469 1837 512 :
1872 461 1932 512 et
1959 470 1990 513 a

351 542 555 604 dextra
573 540 862 616 ecclesia,
893 541 1084 602 tribus
1104 542 1326 620 sagitta
1342 541 1625 623 jactibus,
1658 549 1746 602 est
1774 539 1991 602 Siloam

353 631 600 710 piscina,
626 630 726 692 ubi
749 629 1052 693 abstersus
1074 649 1265 692 cacus
1313 632 1573 712 respexit
1599 653 1610 690 :
1647 637 1704 692 et
1727 649 1761 692 a
1790 629 1990 691 dextra

353 720 481 799 ejus
512 737 652 797 ager
708 719 867 797 ﬁguli
931 726 1039 794 est,
1102 719 1160 780 in
1219 739 1333 801 quo
1392 720 1510 782 dati
1564 726 1702 780 sunt
1728 717 1992 798 argentei

353 807 578 868 nummi
605 807 855 886 pretium
882 806 1128 870 Christi:
1159 807 1362 888 ibique
1384 807 1756 888 sepeliuntur
1778 805 1992 868 mortui

349 895 424 957 ad
454 896 605 958 hanc
631 914 815 976 usque
845 895 1028 959 diem.
1077 894 1287 969 Porro,
1343 896 1417 958 ad
1448 897 1718 959 dextram
1748 893 1991 956 arbores

351 990 506 1060 sunt,
539 982 754 1065 quibus
783 983 964 1045 Judas
993 1002 1320 1064 suspensus
1349 993 1459 1049 est.

430 1159 494 1221 In
524 1159 902 1224 meridionali
933 1169 1098 1240 parte
1129 1159 1290 1224 urbis
1321 1169 1561 1238 sancta,
1602 1160 1838 1223 duobus
1867 1160 1992 1222 fere

2075 476 2207 533 χους
2279 452 2415 509 ἐστὶν
2493 453 2528 520 ἡ
2588 451 2865 527 ἐκκλησία,
2950 450 3069 508 ἔνθα
3154 448 3372 516 ἐξελθὼν
3434 452 3462 506 6
3521 449 3717 527 Πέτρος

2075 540 2292 600 ἕκλαυσε
2346 548 2546 621 πιγρῶς
2579 559 2595 574 ⁸
2653 543 2740 598 καὶ
2796 540 2959 606 δεξιὸν
3001 546 3099 609 τῆς
3151 539 3434 607 ἐκκλησίας
3489 541 3562 602 ὡς
3611 537 3718 594 ἀπὸ

2074 628 2432 708 σαγιτοϐόλων
2487 635 2644 709 τριῶν
2699 629 2840 686 ἐστιν
2908 635 3000 685 106
3065 626 3288 703 Σιλωὰμ
3341 629 3376 695 ἡ
3435 622 3716 701 κολυμϐή-

2073 722 2168 790 θρα
2217 716 2335 775 ἔνθα
2389 718 2675 794 νιψάμενος
2745 720 2773 774 6
2827 715 3020 796 τυφλὸς
3077 713 3332 791 ἀνέϐλεψε
3399 715 3487 771 καὶ
3553 711 3719 777 δεξιὸν

2072 809 2235 875 αὐτῆς
2266 805 2404 862 ἐστιν
2438 808 2465 863 6
2522 806 2680 885 ἀγρὸς
2736 812 2828 862 106
2887 803 3197 884 Κεραμέως,
3257 803 3310 861 ἐν
3366 806 3412 877 ᾧ
3467 800 3720 885 ἐδόθησαν

2070 897 2137 952 τὰ
2189 896 2406 975 ἀργύρια
2461 896 2496 963 ἡ
2547 883 2678 970 τιμὴ
2733 901 2825 952 τοῦ
2880 883 3129 974 Χριστσῦ.
3188 893 3276 950 καὶ
3326 892 3611 948 θάπτονται
3669 883 3718 945 οἳ

2071 986 2242 1064 νεκροὶ
2269 983 2370 1048 ἕως
2425 988 2523 1051 τῆς
2577 984 2810 1062 σήμερον
2846 1003 2860 1016 ο
2915 983 3003 1039 καὶ
3050 980 3212 1048 δεξιὸν
3269 984 3426 1040 αὐτοῦ
3476 980 3607 1035 εἰσιν
3665 979 3714 1033 οἱ

2073 1074 2294 1154 μορίχες
2323 1074 2395 1136 εἷς
2427 1072 2513 1136 οὓς
2545 1068 2740 1133 Ἰούδας
2768 1068 3064 1148 ἀπήγξατο.

2153 1151 2251 1220 Kal
2305 1162 2506 1218 v01w6v
2564 1157 2724 1238 μέρος
2805 1164 2904 1226 τῆς
2987 1159 3138 1237 ἁγίας
3215 1152 3424 1238 πόλεως
3478 1155 3553 1218 ὡς
3612 1151 3719 1209 ἀπὸ

349 1248 701 1311 milliaribus
729 1257 892 1311 extra
924 1231 1096 1323 riam,
1148 1251 1423 1312 Rachelis
1468 1231 1728 1313 tumulus
1777 1257 1888 1313 est.
1923 1248 1980 1310 El

2074 1249 2259 1326 μιλίων
2343 1247 2430 1305 δύο
2509 1231 2852 1326 παραστρατά
2951 1231 3058 1302 ἐστί
3169 1248 3270 1310 τῆς
3383 1231 3591 1321 εΡαχὴλ
3689 1241 3718 1296 6

346 1355 577 1414 rursus,
603 1339 770 1420 quasi
799 1357 901 1400 sex
929 1338 1178 1399 millium
1204 1339 1500 1417 distantia,
1516 1339 1825 1403 Bethleem
1843 1357 1980 1400 san-

2071 1337 2256 1418 τάφος.
2318 1338 2417 1396 Καὶ
2471 1334 2630 1393 πάλιν
2685 1338 2758 1399 ὡς
2802 1335 2907 1392 ἀπὸ
2959 1332 3147 1411 μιλίων
3203 1330 3255 1398 ἕξ
3311 1329 3452 1387 ἐστιν
3505 1332 3541 1398 ἡ
3594 1329 3720 1407 ἁγία

348 1433 441 1486 cta
470 1427 584 1487 sita
615 1418 724 1498 est,
786 1426 847 1487 in
907 1445 1023 1507 quo
1081 1427 1298 1506 oppido
1358 1435 1529 1488 natus
1576 1435 1664 1488 est
1695 1426 1980 1490 Christus.

2069 1426 2332 1508 Βηθλεὲμ,
2393 1425 2512 1482 ἔνθα
2565 1424 2821 1504 ἐγεννήθη
2897 1427 2925 1481 6
2995 1423 3240 1502 Χριστὸς,
3300 1418 3554 1486 ἐκκλησία
3610 1437 3717 1494 με·

343 1513 611 1576 Ecclesia
654 1514 902 1596 ibidem,
961 1532 1172 1594 magna
1226 1514 1570 1596 admodum,
1628 1515 1980 1578 beatissima

2069 1516 2208 1595 γάλη
2290 1514 2503 1596 σφόδρα,
2584 1517 2619 1583 ἡ
2704 1515 2956 1593 ὑπεραγία
3029 1510 3309 1574 Θεοτόκος.
3393 1510 3494 1596 Kal
3568 1508 3713 1596 76110-

346 1603 647 1683 Deipara;
682 1611 740 1665 et
769 1603 924 1664 infra
952 1621 1183 1664 sacram
1243 1622 1513 1666 mensam
1556 1595 1658 1666 est
1701 1605 1980 1685 spelunca

2069 1606 2216 1662 κάτω
2265 1595 2365 1672 τῆς
2418 1602 2681 1684 τραπέζης
2739 1603 2847 1659 ἐστὶ
2909 1603 2971 1659 16
3040 1599 3304 1670 σπήλαιον
3357 1598 3419 1654 16
3475 1595 3713 1671 διπλοῦν,

2140 1696 2151 1704 .
2227 1696 2240 1704 .
2370 1692 2385 1704 .
2511 1693 2524 1704 .
2605 1691 2618 1704 .
2759 1690 2777 1704 η
2850 1693 2863 1704 .
3016 1689 3025 1704 ι
3186 1688 3200 1704 ,
3354 1687 3398 1704 ,Α
3505 1687 3517 1704 .
3559 1691 3598 1704 ν

343 1691 559 1772 duplex
587 1709 602 1767 ;
635 1699 810 1774 atque
841 1691 900 1752 in
934 1691 1208 1753 orientali
1236 1691 1475 1773 quidem
1505 1701 1670 1773 parte
1700 1701 1872 1754 natus
1901 1702 1980 1754 esl

2071 1696 2158 1752 καὶ
2200 1696 2272 1758 εἷς
2328 1692 2424 1769 μὲν
2478 1693 2538 1748 τὸ
2596 1690 2904 1748 ἀνατολικὸν
2962 1689 3120 1769 μέρος
3183 1687 3439 1766 ἐγεννήθη
3499 1687 3527 1741 6
3558 1691 3716 1774 Χρισ-

346 1770 650 1844 Christus:
706 1770 767 1841 in
820 1779 1180 1842 occidentali
1228 1770 1317 1841 est
1372 1770 1642 1842 sanctum
1674 1799 1980 1862 prasepe:

2069 1785 2160 1846 τός
2194 1800 2209 1815 ⁸
2243 1785 2314 1846 εἷς
2344 1780 2397 1837 δὲ
2451 1783 2512 1838 τὸ
2571 1778 2772 1838 δυτικόν
2829 1779 2968 1836 ἐστιν
3011 1780 3047 1846 ἡ
3105 1778 3226 1855 ἁγία
3282 1775 3480 1856 φάτνη,
3528 1770 3712 1862 τὰγδύο

345 1868 462 1931 duo
496 1868 672 1931 simul
702 1877 888 1944 antra,
949 1887 1079 1948 qua
1138 1877 1275 1930 sunt
1327 1872 1592 1930 inaurata
1643 1878 1703 1932 et
1732 1861 1980 1951 depicta,

2069 1870 2306 1942 σπήλαια
2362 1873 2493 1945 ὁμοῦ
2526 1885 2543 1904 ⁸
2626 1869 2722 1923 εἰσὶ
2799 1864 2855 1923 δὲ
2912 1862 3375 1946 περιχρυσωμένα,
3434 1863 3522 1918 καὶ
3578 1861 3715 1916 εἰκο-

349 1957 850 2038 quemadmodum
873 1957 1070 2037 reipsa
1094 1957 1343 2019 fuerant.
1371 1959 1459 2020 Ad
1486 1960 1658 2020 haca
1689 1948 1856 2039 plaga
1891 1959 1980 2020 bo-

2070 1959 2290 2036 νισμένα
2317 1959 2488 2022 καθὼς
2519 1955 2788 2036 ἐγένοντο.
2834 1956 2934 2012 Καὶ
2985 1955 3118 2034 πρὸς
3174 1954 3234 2008 τὸ
3295 1951 3498 2031 βόρειον
3554 1948 3713 2039 μέρος

337 2037 484 2108 reali
510 2047 809 2127 spelunca
836 2053 1047 2128 puteus
1096 2053 1205 2121 est,
1257 2046 1504 2108 fundun
1557 2037 1980 2112 uonhahens:

2070 2055 2164 2105 106
2218 2046 2477 2114 σπηλαίου
2535 2045 2642 2101 ἐστὶ
2690 2045 2750 2100 16
2795 2042 2955 2123 φρέαρ
3008 2043 3068 2098 16
3124 2041 3442 2120 ἆνώρυκτον,
3500 2039 3588 2095 καὶ
3637 2037 3712 2101 εἰς

337 2143 516 2216 atque
543 2124 634 2195 ad
677 2124 887 2216 aquam
916 2134 1086 2215 putei
1119 2142 1206 2196 est
1236 2134 1436 2212 stella,
1471 2154 1602 2214 qua
1629 2153 1830 2197 comes
1862 2151 1980 2202 erat

2070 2137 2131 2193 16
2160 2134 2293 2214 ὕδωρ
2336 2143 2429 2194 τοῦ
2476 2132 2696 2213 φρέατός
2741 2130 2882 2187 ἐστιν
2940 2133 2968 2187 6
3024 2129 3191 2208 ἀστὴρ
3247 2130 3274 2184 6
3329 2124 3712 2204 συνοδόιπορῶν

337 2213 570 2286 itineris
585 2213 891 2304 Magorum
968 2233 1025 2286 et
1057 2223 1127 2284 ad
1145 2223 1448 2286 sinistram
1462 2213 1692 2305 partem
1717 2215 1980 2304 ejusdem

2070 2231 2175 2282 τῶν
2205 2213 2427 2302 Μάγων.
2461 2223 2558 2280 Καὶ
2613 2222 2684 2283 εἰς
2741 2221 2801 2275 16
2857 2219 3125 2298 ἀριστερὸν
3183 2216 3361 2305 μέρος,
3398 2219 3496 2305 τῆς
3548 2213 3712 2305 αθτῆς

345 2313 619 2376 ecclesia
646 2301 785 2376 sunt
816 2312 1223 2394 possessiones
1253 2301 1514 2393 paternae
1546 2301 1806 2374 Davidis.
1840 2315 1980 2376 Item

2069 2301 2350 2379 ἐκκλησίας
2381 2310 2476 2366 εἰσὶ
2522 2309 2588 2364 τὰ
2647 2307 2836 2386 γονικὰ
2889 2313 2981 2362 σου
3041 2302 3227 2383 Δαυίδ,
3285 2303 3372 2358 καὶ
3413 2303 3544 2381 πρὸς
3575 2301 3713 2357 ἀνα-

341 2403 412 2464 ad
441 2403 737 2464 orientem
769 2388 1098 2477 Bethleem,
1135 2388 1537 2464 estconditum
1557 2403 1980 2464 monasterium

2069 2400 2230 2469 τολην
2259 2404 2356 2466 τῆς
2404 2395 2646 2472 Βηθλεὲμ
2691 2395 2801 2450 ἐστι
2858 2395 2918 2451 16
2976 2393 3329 2472 μοναστήριον
3383 2393 3445 2446 16
3472 2388 3708 2468 λεγόμε-

343 2489 503 2570 quod
560 2490 775 2552 dicitur
827 2489 1186 2564 Pamnium,
1246 2489 1349 2550 ubi
1403 2490 1560 2552 visus
1617 2497 1706 2552 est
1737 2491 1980 2571 angelus

2069 2515 2151 2548 νον
2209 2489 2481 2564 Ποίμνιον,
2540 2483 2659 2541 ἔνθα
2711 2483 2876 2562 ἐφάνη
2935 2485 2963 2539 6
3019 2479 3244 2560 ἅγγελος
3300 2492 3418 2542 τοῖς
3469 2477 3710 2556 ποιμέσι⁹

343 2567 701 2660 pastoribus,
731 2578 994 2658 dixitque
1022 2577 1196 2659 ipsis:
1227 2579 1464 2642 Cessate
1494 2597 1531 2641 a
1556 2567 1839 2661 gregibus
1868 2597 1976 2642 cu-

2069 2581 2148 2636 καὶ
2204 2578 2355 2634 εἶπεν
2417 2577 2597 2638 αὒτοϊς
2646 2590 2660 2604 ⁶
2733 2596 2762 2628 α
2818 2571 3087 2628 Παύσασθε
3131 2567 3535 2648 ἀγραυλοῦντες,
3589 2567 3716 2645 κρά-

335 2653 694 2745 stadiendis,
708 2653 1024 2742 clamante,
1043 2653 1515 2730 celebrantes.Ad
1531 2653 1826 2730 meridien
1840 2685 1977 2731 vero

2069 2667 2180 2735 Ξατε
2231 2667 2602 2740 ἀνυμνοῦντες,
2665 2685 2691 2717 n
2753 2663 2852 2719 Kal
2921 2660 3052 2739 πρὸς
3099 2659 3250 2716 νότον
3314 2662 3413 2724 τῆς
3469 2653 3711 2730 Βηθλεέμ
3803 2729 3810 2733 _

337 2757 669 2833 Bethleem,
704 2757 820 2818 duo
877 2765 1013 2817 sunt
1066 2755 1447 2831 monasteria,
1509 2757 1572 2820 S.
1625 2755 1794 2820 Saba
1823 2767 1880 2819 et
1907 2755 1970 2820 S.

2069 2761 2155 2814 εἶσι
2210 2755 2278 2811 τὰ
2339 2751 2428 2809 δύο
2491 2750 2822 2830 μοναστήρια
2876 2759 2969 2808 τοῦ
3025 2749 3172 2826 ἁγίου
3230 2745 3398 2819 Σάϐα,
3460 2745 3548 2801 καὶ
3615 2753 3710 2802 τοῦ

340 2845 696 2908 Charitonis.
729 2842 843 2908 Sed
875 2842 950 2904 ad
993 2851 1218 2924 partem
1276 2843 1463 2924 magis
1519 2844 1838 2907 australem
1863 2864 1971 2906 eo—

2069 2845 2213 2925 ἅγίου
2257 2843 2577 2921 Χαρίτωνος.
2651 2840 2751 2896 Καὶ
2808 2836 3146 2916 νοτινώτερον
3197 2841 3305 2892 τῶν
3371 2833 3540 2889 αὐτῶν
3599 2854 3705 2908 μο-

339 2931 636 3007 rumdem,
697 2917 1121 2992 monasterium
1204 2917 1436 2994 duobus
1516 2931 1752 2995 circiter
1831 2933 1970 2995 mil-

2069 2917 2377 3012 ναστηρίων,
2412 2932 2483 2994 ὥς
2514 2929 2620 2985 ἀπὸ
2650 2924 2836 3003 μιλίων
2894 2923 3004 3000 δύο,
3063 2928 3390 2982 κατοινοῦσιν
3421 2920 3587 3000 ἕτεροι
3615 2917 3704 2977 δύο

338 3018 516 3102 libus,
569 3019 840 3082 incolunt
885 3018 1094 3082 Patres
1147 3018 1288 3097 duo,
1339 3019 1657 3102 Dionysius
1697 3028 1757 3084 et
1782 3021 1976 3084 Theo-

2069 3021 2316 3102 Πατέρες,
2352 3018 2620 3080 Διονύσιος
2650 3016 2738 3072 καὶ
2767 3013 3066 3078 Θεοδόσιος.

335 3108 560 3170 dosius.

419 3199 491 3258 Et
518 3196 874 3260 occidentali
928 3203 1146 3259 sancta
1191 3195 1358 3260 urbis
1416 3198 1570 3278 parti
1627 3200 1976 3283 prOpinqua

337 3292 475 3346 sunt
503 3286 802 3366 spelunca
831 3285 983 3366 dua,
1011 3303 1143 3366 qua
1194 3285 1475 3366 reliquias
1533 3289 1841 3351 continent
1865 3289 1975 3354 SS.

336 3369 768 3450 Innocentium,
795 3373 894 3454 qui
915 3372 990 3434 ab
1014 3373 1253 3435 Herode
1276 3380 1412 3434 sunt
1432 3373 1750 3459 interfecti,
1773 3387 1978 3460 estque

338 3460 411 3522 ad
441 3461 815 3524 occidentem
845 3461 1084 3524 circiter
1110 3480 1213 3524 sex
1244 3462 1452 3524 millia.
1487 3464 1711 3527 Ibidem
1740 3469 1978 3530 Carme-

336 3547 429 3610 lus
459 3567 652 3623 mons,
687 3549 1096 3630 possessiones
1140 3557 1400 3630 paterna
1450 3555 1880 3620 Pracursoris:
1923 3565 1982 3619 et

339 3636 412 3698 ad
469 3636 781 3701 occiduam
839 3636 1093 3700 Carmeli
1150 3642 1370 3700 montis
1426 3649 1679 3721 partem,
1746 3645 1980 3708 circiter

2138 3201 2238 3260 Kal
2293 3197 2426 3276 τρδς
2485 3193 2625 3251 δύσιν
2682 3197 2782 3260 τῆς
2837 3190 2990 3271 ἁγίας
3047 3188 3256 3254 πόλεως
3324 3186 3549 3257 πλησίον
3606 3187 3704 3244 εἶσι

2062 3288 2299 3361 σπήλαια
2339 3284 2446 3363 δύο,
2481 3283 2681 3364 ἔχοντα
2719 3280 2944 3356 λείψανα
2998 3285 3106 3337 τῶν
3158 3279 3323 3358 ἁγίων
3354 3281 3572 3346 Νηπίων
3601 3283 3708 3334 τῶν

2063 3361 2438 3458 ἀναιρεθέντων
2497 3361 2600 3429 ὕπὸ
2667 3361 2922 3450 Ἡρώδου.
3013 3369 3134 3458 Kal“
3194 3366 3315 3458 ἔστι.
3373 3368 3504 3448 πρὸς
3567 3364 3710 3458 διεσιν

2061 3453 2231 3526 αὐτῶν
2287 3467 2361 3527 ὡς
2415 3462 2521 3518 ἀπὸ
2576 3458 2763 3537 μιλίων
2817 3457 2893 3524 ἓξ.
2956 3457 3054 3515 Καὶ
3109 3455 3218 3512 ἔστι
3273 3456 3334 3512 16
3402 3453 3710 3534 Καρμήλιον

2061 3555 2180 3637 ὄρος
2207 3555 2274 3611 τὰ
2327 3551 2512 3632 γονικὰ
2566 3557 2658 3608 106
2714 3545 3015 3637 Προδρόμου
3050 3561 3065 3575 ⁹
3127 3545 3218 3637 καί
3270 3545 3402 3637 πρὸς
3447 3540 3587 3637 διξσιν
3616 3549 3710 3599 106

2065 3621 2371 3734 έαρμήλίου
2398 3639 2547 3734 ὄρους
2603 3639 2678 3734 ὡς
2732 3621 2864 3692 ἀπὸ,
2891 3632 3098 3734 μιλίων*
3137 3621 3235 3707 ιη’,
3294 3621 3432 3734 ἐστίν
3480 3633 3525 3734 ’ἰῖ
3564 3627 3706 3734 ’ἒμ-

2055 3715 2244 3813 μαοιές,
2276 3715 2441 3787 ’Ἑνθαί
2487 3724 2828 3813 δδοιπόρησεν
2886 3725 2914 3779 6
2974 3720 3217 3813 Κλεὸπας
3276 3719 3411 3813 μετόι
3437 3724 3535 3813 106
3582 3725 3706 3813 Χρι-

2055 3804 2201 3899 στοῦ,
2235 3819 2324 3876 καὶ
2353 3817 2447 3874 οὒκ
2487 3812 2600 3891 ᾔδει
2647 3811 2729 3868 ὅτι
2760 3815 2788 3870 6
2841 3810 3063 3891 Χριστός
3121 3808 3254 3868 ἐστι.
3315 3807 3414 3899 Ιξαὶ
3442 3804 3706 3899 πάλιινιὼς

334 3890 716 3983 Rursumque
741 3890 1046 3966 abieodem
1065 3890 1338 3966 loco-fere
1359 3905 1508 3970 mill.
1527 3915 1683 3984 octo,
1697 3909 1968 3987 Bamble,

2069 3913 2161 3968 ἰιπδ
2186 3890 2280 3967 106
2300 3907 2456 3964 αὐτοῦ
2475 3890 2659 3976 τόπου,
2674 3903 2756 3987 ’ὡς
2783 3890 2911 3980 ἄχρι
2934 3896 3120 3975 μιλίων
3140 3897 3301 3987 ὀκτὼ,
3328 3893 3436 3987 ἐστὶ
3453 3895 3516 3987 16
3545 3890 3709 3987 'P-a'rn-

335 3998 588 4072 etprope
609 3981 855 4054 Ramble
879 3993 1268 4073 estoppidum
1295 3993 1578 4076 Diapolis.
1610 3981 1715 4059 Est
1734 3981 1972 4063 sanctus

2069 3999 2148 4058 ῗλε
2177 3999 2264 4056 καὶ
2293 3994 2518 4063 πλησίον
2547 4000 2641 4050 106
2673 3982 2908 4076 (Ράμβλε
2950 3988 3058 4043 ἐστὶ
3105 3986 3304 4067 χωρίον
3353 3982 3388 4051 ἤ
3423 3981 3703 4076 ᾼιαπολις,

335 4070 648 4160 Georgius,
682 4079 786 4142 ubi
816 4070 1082 4143 condita
1116 4089 1253 4142 sunt
1300 4083 1369 4145 Β.
1405 4070 1692 4167 ’θεοῖ-δῦ,
1723 4085 1973 4167 insignis

2072 4097 2229 4148 Εστιν
2259 4089 2288 4142 6
2335 4083 2485 4164 ἅγιος
2540 4081 2828 4160 Γεώργιος,
2885 4075 3004 4134 ἔνθα
3055 4075 3360 4167 κατάκειται
3416 4074 3477 4167 16
3505 4070 3702 4167 λείψα-

336 4168 632 4250 martyris,
684 4169 972 4249 reliquia,
1031 4169 1288 4232 ecclesia
1360 4159 1972 4250 magna'valde.'Ad

2069 4200 2142 4236 νον
2194 4183 2286 4234 τοῦ
2339 4159 2802 4252 μεγαλομάρτυρος
2887 4167 3036 4245 ἁγίου
3097 4165 3384 4244 Γεωργίου,
3444 4159 3704 4229 ἐκκλησία

335 4271 564 4318 sacram
614 4275 878 4346 mensam
932 4257 1219 4320 collocata
1260 4267 1349 4321 est
1401 4259 1591 4337 Rata;
1649 4262 1711 4324 in
1767 4263 1972 4326 dextra

2069 4263 2269 4346 μεγάλη
2325 4262 2486 4323 πάνυ.
2547 4259 2647 4318 Καὶ
2703 4259 2775 4322 εἰς
2839 4257 2906 4312 τὰ
2960 4261 3254 4335 τραπεζατα
3312 4257 3709 4346 αὒτῆςῄκεϊται

335 4350 531 4434 autem
566 4345 770 4425 templi
802 4352 969 4425 parte
1015 4353 1106 4408 est
1150 4347 1445 4430 columna,
1506 4336 1712 4430 iniqua
1739 4351 1972 4432 alligata

2069 4336 2082 4414 ί
2135 4336 2355 4434 τροχός.
2416 4350 2503 4413 Εἰς
2550 4345 2605 4402 δὲ
2652 4347 2718 4403 τὰ
2772 4343 2912 4410 δεξιὰ
2966 4343 3103 4424 μέρη
3161 4351 3255 4400 τοῦ
3307 4347 3434 4398 ναοῦ
3489 4336 3706 4395 ἵσταται
3761 4421 3764 4424 ᾔ

334 4432 525 4524 fuerat
552 4434 955 4524 Rota,-atque,
991 4435 1064 4524 ad
1095 4435 1284 4498 sancti
1341 4428 1690 4502 memoriam
1719 4459 1827 4522 per
1845 4428 1972 4506 tres

2070 4428 2201 4524 τίων,
2234 4428 2333 4504 ἐἷς
2377 4439 2434 4496 ὃν
2485 4435 2634 4502 ἐδέθη
2693 4436 2722 4490 6
2764 4433 3004 4524 A1pox6c,
3063 4431 3153 4524 καὶ
3209 4430 3283 4494 εἷς
3327 4430 3460 4524 ιτς-ὴν⁶
3485 4428 3705 4524 μνήμην

335 4520 514 4583 horas
543 4521 784 4601 sanguis
812 4523 1054 4585 scaturit
1087 4545 1101 4586 :
1156 4525 1219 4587 in
1269 4515 1781 4592 eadem‘columna
1808 4549 1970 4595 mar-

2069 4541 2146 4592 :06
2175 4515 2332 4589 cit-3106
2359 4539 2504 4608 τρεῖς
2560 4524 2699 4604 ὥρας
2756 4522 2897 4601 βρύει
2954 4521 3016 4576 16
3058 4523 3222 4596 αἷμα,
3284 4518 3372 4579 Εἰς
3413 4516 3504 4572 τὸν
3549 4515 3702 4570 αὐτὸν

2054 4621 2204 4682 κίονά
2249 4619 2356 4676 ἐστι
2397 4607 2686 4695 μάρμαρον
2741 4607 3155 4695 τετρυπημένον,
3215 4609 3431 4695 ποιοῦνΔ
3476 4613 3703 4679 σημεῖα,

2055 4713 2145 4772 ἐὰν
2220 4690 2584 4786 ἐξαγορεύσης,
2671 4697 2882 4756 δύνασαι
2944 4694 3183 4786 διελθεῖν
3234 4690 3702 4786 ’ᾇκωλύτωςμκαὶ

333 3740 476 3786 xvm
508 3724 656 3785 mill.
679 3723 979 3786 Emmaus.
1003 3725 1125 3788 Hoc
1149 3726 1262 3788 iter
1282 3729 1509 3808 peregit
1557 3729 1806 3811 Cleopas
1835 3751 1971 3794 cum

335 3811 608 3892 Christo;
643 3814 748 3876 sed
780 3813 1112 3892 ignorabat,
1171 3815 1325 3896 quod
1384 3817 1435 3876 is
1493 3816 1758 3881 Christus
1788 3830 1967 3885 esset.

335 4626 467 4670 mor
496 4617 586 4672 est
614 4617 938 4692 pertusum,
979 4612 1165 4676 edens
1218 4614 1368 4676 mira
1399 4615 1605 4695 signa;
1639 4625 1722 4694 ut,
1755 4618 1806 4681 si
1835 4639 1974 4684 con-

335 4695 532 4791 fessus
554 4705 794 4778 peccata
823 4699 1045 4791 tueris,
1107 4703 1473 4791 pertransire
1529 4705 1722 4786 possis
1750 4706 1973 4791 absque

334 4784 740 4880 inpedimento
755 4808 771 4868 ;
789 4787 879 4849 sin
893 4789 1329 4880 confessionem
1355 4811 1472 4855 non
1495 4784 1822 4875 peregeris,
1843 4784 1974 4880 per-

335 4875 589 4937 transire
617 4894 899 4957 nequeas.
913 4874 1043 4939 Jam
1060 4896 1199 4941 vero
1216 4880 1288 4941 ad
1313 4874 1683 4946 occidentale
1703 4884 1772 4950 B.
1795 4874 1974 4950 Geor-

338 4961 619 5054 giiilatus,
651 4963 890 5054 circiter
916 4982 978 5028 IV
1007 4965 1182 5043 mill.,
1238 4975 1328 5029 est
1375 4987 1530 5051 aqua
1585 4971 1970 5054 probationis,

339 5059 400 5144 et
428 5052 652 5134 lapides
664 5052 1028 5144 sterilitatis,
1062 5055 1278 5136 probro
1304 5056 1632 5142 obstantes,
1664 5059 1740 5124 de
1761 5052 1975 5144 quibus

339 5139 835 5234 aiuntpropheta:
853 5143 1113 5234 Quando
1125 5162 1230 5210 nos
1249 5139 1642 5227 tacuerimus,
1653 5148 1720 5213 hi
1746 5139 1978 5234 lapides

334 5230 826 5308 vociferabantur
851 5231 899 5295 ¹.
949 5231 1039 5295 Ab
1067 5251 1280 5297 occasu
1307 5235 1522 5299 horum
1551 5236 1627 5300 ad
1655 5230 1832 5303 unius
1858 5241 1979 5306 diei

335 5315 714 5382 intervallum
738 5326 832 5385 est
885 5327 1142 5388 castrum
1194 5321 1568 5406 Ascalorum,
1625 5325 1728 5392 ubi
1754 5331 1980 5398 conditi

414 5485 442 5539 ι
473 5483 618 5566 Luc,
648 5502 773 5569 nx,
801 5488 909 5562 40.

2055 4799 2282 4863 εὐκόλως
2324 4775 2388 4852 ἐἰ¹
2431 4790 2486 4848 δὲ
2507 4775 2516 4781 ν
2541 4775 2635 4847 06x
2710 4785 3081 4866 ἐξαγορεύσῃς,
3155 4779 3381 4838 διελθεῖν
3437 4778 3497 4836 οὒ
3554 4775 3702 4835 δύνα-

2055 4911 2175 4954 σας.
2235 4885 2336 4946 Καὶ
2383 4882 2512 4962 πρὸς
2571 4876 2714 4934 δύσιν
2769 4884 2862 4933 106
2918 4873 3066 4962 ἁγίου
3120 4869 3428 4962 Γεωργίουζ
3467 4869 3542 4932 ὡς
3597 4867 3702 4962 ἀπδ

2056 4975 2248 5057 μιλιών
2300 4956 2592 5050 τεσσξίρων,
2649 4963 2779 5057 ἐστι¹
2815 4965 2876 5022 16
2933 4960 3068 5057 ὕδωρ
3124 4964 3223 5027 τῆς
3252 4956 3557 5057 *ἐλέγξεωιῆ
3607 4956 3707 5057 καὶ

2059 5051 2108 5126 οἱ
2148 5064 2352 5123 ἀτόκιοι
2401 5059 2530 5116 λίθοι
2573 5059 2659 5120 οἷς
2720 5051 2961 5132 λέγουσιν
3005 5053 3054 5108 οἱ
3108 5053 3376 5130 προφῆται
3410 5062 3427 5078 ⁸
3491 5067 3520 5102 α
3598 5053 3699 5103 Οτε

2057 5159 2222 5234 ἡμεῖς
2301 5149 2671 5222 σιωπήσομεν,
2751 5144 2801 5234 οί
2881 5139 3013 5234 λίθοι
3069 5140 3236 5234 ,οὗτοι
3258 5223 3283 5234 Δ
3306 5132 3605 5234 κράξονιξιιιιἶ
3665 5155 3692 5193 ι

2059 5221 2159 5306 iul
2239 5239 2442 5299 δυτικδν
2525 5221 2693 5293 ὦτῶν
2763 5231 2836 5294 ὡς
2887 5227 3200 5308 ἡμερούσιον
3255 5223 3522 5303 διάστημά
3586 5221 3699 5282 ἐστι

2058 5337 2120 5394 16
2185 5333 2413 5414 κάστρον
2489 5325 2520 5384 6
2591 5318 2890 5400 Ἀσκαλὼν,
2963 5315 3086 5378 ἔνθα
3166 5327 3374 5377 κεῖνται
3452 5315 3501 5373 οἱ
3555 5312 3700 5396 ἅγιοι
