4068 6112
277 290 375 357 265
1536 280 1980 348 ENARRATIO
2022 279 2292 344 SYRIIE.
3487 257 3609 326 266

270 420 541 502 Ἀνάργυροι
614 427 832 497 Κοσμᾶς
892 421 980 476 καὶ
1051 417 1340 494 Δαμιανός.
1401 391 1573 474 Ἔστιν
1625 418 1654 472 6
1709 417 1901 478 :61:0:.

1984 421 2099 476 :unt
2128 413 2486 504 sanctissimi
2517 416 2648 490 viri,
2683 409 2996 504 Anargyri,
3029 401 3614 504 Qosmas‘etliamia-
3655 414 3664 425 '

268 509 380 566 ὅπου
433 511 734 580 ἧπήντησεν
811 507 1006 588 Ἰωσὴφ
1091 509 1182 564 τὸν
1266 506 1466 586 πατέρα
1542 505 1720 586 αὒτοῦ,
1795 507 1883 560 καὶ

1984 523 2096 566 lus.
2149 502 2251 566 Est
2279 503 2454 565 etiam
2501 489 2687 578 locus,
2720 500 2824 564 ubi
2865 489 3164 593 Iosephus
3183 491 3358 593 patri.
3371 489 3607 593 obviam

269 600 628 678 προσεκύνησεν
685 597 770 654 ἐπὶ
828 599 888 654 τὸ
957 595 1116 676 ἄκρον
1173 600 1270 662 τῆς
1329 593 1514 674 ῥάϐδου
1558 595 1736 673 αὐτοῦ,
1796 595 1884 650 καὶ

1984 593 2146 666 renit,
2169 593 2301 654 etin
2332 593 2512 673 virgae
2543 593 2730 674 ipsius
2759 583 3410 678 summitate_adorav_it,
3433 597 3501 678 ac
3523 597 3614 642 sa-

269 669 464 753 ἐποίησε
519 689 609 742 τὸν
677 685 979 761 ἀσπασμόν.
1055 685 1153 740 Καὶ
1223 684 1296 746 εἰς
1351 685 1442 738 τὸν
1513 682 1669 738 αὐτὸν
1723 683 1884 738 τόπον

1993 683 2310 744 utationem
2340 669 2799 763 amplexumque
2822 677 3068 761 peregit.
3095 673 3220 737 Hoc
3241 671 3454 763 eodem
3478 669 3608 763 loco

269 775 496 853 ἐγεύσατο
534 776 569 843 ἡ
624 775 879 853 ὑπεραγία
933 773 1190 835 Θεοτόκος
1249 771 1383 846 μετὰ
1435 781 1527 830 :06
1575 769 1773 850 Ἰωσὴφ
1801 772 1889 826 καὶ

1984 772 2314 833 beatissima
2343 759 2598 853 Dei—para
2627 759 2838 834 cibum?
2883 765 3136 848 sumpsit
3189 781 3324 838 cum
3352 759 3613 840 Josepho

271 872 350 920 :06
376 867 489 922 Υἱοῦ
516 867 678 931 αὐτῆς
727 865 798 926 εἰς
839 865 900 920 τὸ
945 862 1168 940 κάστρον
1221 862 1282 917 :6
1325 859 1702 940 ἐπιλεγόμενον
1733 866 1883 937 Φαρ-

1984 867 2027 922 at
2054 860 2202 922 Filio
2229 861 2303 922 ad
2328 861 2658 936 castellum,
2685 864 3091 939 nuncupatum
3112 854 3407 917 Pbarma:
3436 857 3613 932 atque

273 953 356 1031 μὰ,
384 953 416 1019 ἡ
456 951 600 1031 ἀρχὴ
627 957 726 1040 τῆς
764 952 1064 1040 Αἶγύπτουὶ
1516 1035 1564 1040 Α,
1653 1035 1665 1040 Α
1740 1037 1749 1040 Α
1861 1035 1871 1040 μ

1984 949 2340 1040 aog/Egypti
2368 949 2603 1010 initium
2633 956 2743 1012 est.
2812 1036 2822 1040 _
3089 1033 3104 1040 _
3367 1029 3407 1040 __

342 1029 432 1098 Καὶ
485 1029 615 1119 πρὸς
677 1037 820 1096 δύσιν
889 1041 960 1102 ὼς
1033 1036 1160 1117 ἄχρι
1229 1039 1442 1114 ἡμερῶν
1511 1035 1599 1092 δύο
1649 1035 1758 1092 ἐστὶ
1827 1035 1888 1090 :6

2051 1038 2204 1100 Hinc
2225 1029 2306 1100 ad
2338 1057 2638 1111 occasum,
2670 1036 2864 1116 spatio
2879 1033 3326 1115 propeduorum
3350 1029 3610 1119 dierum,

271 1128 518 1203 ἸὊμιαθιν,
592 1129 629 1195 ἦ
697 1127 862 1207 ἐξορία
931 1139 1024 1187 τοῦ
1097 1135 1344 1207 Χριστοῦ,
1415 1127 1636 1204 κάστρον
1725 1122 1885 1201 μέγα.

1984 1138 2065 1189 est
2095 1125 2452 1204 Tamialhin,
2487 1126 2760 1188 exsilium
2779 1123 3020 1204 Christi,
3043 1120 3350 1185 castellum
3374 1117 3612 1207 ingens.

269 1220 354 1274 Καὶ
413 1220 543 1297 πρὸς
616 1206 790 1274 δύσιν
829 1219 984 1276 αὐτοῦ
1052 1206 1264 1295 ἡμερῶν
1326 1217 1592 1295 τεσσάρων
1648 1213 1786 1269 ἐστὶν
1854 1213 1890 1280 ἡ

1984 1217 2119 1278 l‘um
2148 1215 2222 1276 ad
2253 1215 2561 1276 occiduam
2615 1215 2744 1294 ejus
2793 1219 3043 1294 partem,
3093 1215 3344 1290 quatuor
3373 1206 3618 1297 circiter

267 1303 403 1368 πόλις
456 1295 859 1386 -Ἂλεξᾶνδρεια,
920 1305 1037 1363 ἔνθα
1087 1307 1392 1363 κατάκειται
1451 1307 1478 1361 6
1531 1305 1681 1381 ἅγιος
1736 1303 1888 1380 Μάρ-

1984 1304 2206 1366 dierum
2235 1303 2568 1378 intervallo,
2593 1303 2705 1366 sita
2729 1300 2980 1364 esturbs
2999 1297 3378 1374 Alexandria,
3408 1295 3514 1360 ubi
3527 1297 3617 1379 ja-

265 1415 349 1456 κος
403 1395 430 1450 6
485 1393 785 1458 ἀπόστολος
845 1397 932 1451 καὶ
991 1394 1392 1474 εὖαγγελιστὴς,
1451 1395 1538 1450 καὶ
1581 1391 1889 1454 Ἀθανάσιος

1984 1401 2112 1457 cent
2134 1395 2201 1456 Β.
2227 1395 2464 1456 Marcus
2486 1392 2785 1474 apostolus
2807 1403 2866 1454 et
2887 1389 3264 1470 evangelista,
3285 1395 3345 1450 et
3363 1388 3618 1451 Athana-

267 1480 508 1559 ὁμέγας,
580 1484 668 1538 καὶ
715 1483 952 1562 Τρώϊλος
1009 1483 1176 1562 ὅσιος,
1234 1486 1322 1540 καὶ
1359 1486 1386 1538 6
1429 1483 1580 1561 ἅγιος
1637 1480 1890 1546 Ἰωάννης

1984 1482 2098 1545 sius
2155 1487 2422 1562 Magnus,
2481 1501 2550 1544 ac
2632 1479 2991 1545 venerabilis
3065 1479 3324 1554 Troilus,
3381 1497 3622 1542 necnon

265 1569 612 1650 δἘλεήμων,
659 1573 746 1628 καὶ
793 1574 821 1628 6
871 1572 1020 1650 ἅγιος
1077 1573 1294 1652 Πέτρος,
1346 1574 1406 1628 :6
1435 1570 1585 1634 τέλος
1615 1575 1718 1626 τῶν
1751 1592 1891 1647 μαρ-

1984 1580 2212 1634 sanctus
2241 1571 2499 1635 Joannes
2528 1571 2839 1648 Eleemon,
2872 1581 2934 1633 et
2961 1573 3025 1634 Β.
3057 1568 3267 1634 Petrus
3295 1577 3619 1652 martyrum

266 1661 442 1740 τύρων,
474 1663 569 1718 καὶ
613 1665 642 1718 6
691 1659 1054 1739 Ἀπολινάριος
1112 1665 1140 1719 6
1196 1660 1484 1741 ὀρθόδοξος,
1545 1661 1632 1717 καὶ
1688 1662 1716 1716 6
1747 1657 1892 1720 ὅσιος

1984 1660 2288 1735 terminus,
2323 1669 2382 1722 et
2432 1660 2832 1740 Apollinarius
2879 1659 3264 1737 orthodoxus,
3295 1667 3354 1723 et
3379 1658 3614 1722 confes-

267 1749 492 1813 Βιτᾶλιος
530 1767 546 1780 ⁸
576 1787 582 1792 ~
608 1753 694 1807 καὶ
749 1755 800 1807 αἱ
855 1750 1012 1808 πέντε
1054 1752 1298 1831 παρθένοι
1368 1751 1566 1814 α’ἷτινες
1615 1748 1893 1827 γεγόνασιν

1984 1767 2076 1810 sor
2105 1748 2372 1824 Vitalius,
2408 1757 2467 1811 et
2488 1735 2761 1830 quinque
2807 1747 3065 1828 virgines
3114 1735 3618 1830 qureconforma-

268 1839 332 1901 εἰς
381 1839 541 1896 τύπον
602 1845 707 1895 τῶν
761 1838 917 1896 πέντε
973 1841 1242 1920 παρθένων
1293 1846 1396 1896 τῶν
1453 1838 1737 1918 φρονίμων.
1797 1837 1896 1894 Καὶ

1984 1846 2116 1900 runt
2139 1857 2204 1900 se
2231 1838 2304 1900 ad
2335 1857 2535 1900 mores
2563 1837 2855 1916 virginum
2887 1838 3292 1918 prudentium.
3322 1838 3517 1921 Atque
3543 1837 3621 1901 ad

268 1928 331 1988 εἰς
391 1929 478 1984 τὸν
551 1927 743 2004 λιμένα
813 1933 913 1995 τῆς
987 1927 1374 2007 Ἀλεξανδρείας
1429 1928 1672 2018 ἵσταταιν
1699 1926 1894 2004 πύργος

1984 1936 2214 2018 portum
2233 1927 2608 2018 Alexandriae
2637 1934 2857 2018 structa
2889 1927 3070 2018 turris
3099 1935 3212 2003 est,
3246 1928 3624 2018 quaeodicitur

267 2018 292 2070 6
351 2015 640 2094 λεγόμενος
699 2016 902 2096 Φάρας,
973 2019 1034 2074 τὸ
1117 1996 1325 2096 πρῶτον
1393 2020 1587 2091 θαῦμα,
1649 1996 1791 2072 Ἐστι
1845 2011 1899 2068 δὲ

1984 1996 2488 2096 l’haras,primum
2502 2016 2663 2080 inter
2675 1996 3294 2079 miracula.Estautem
3305 2001 3624 2097 coagmen-

266 2105 578 2179 κεκτημένον
662 2106 766 2162 ἀπὸ
861 2105 1011 2162 ὑέλου
1093 2107 1180 2162 καί
1273 2103 1540 2184 μολίϐδου,
1613 2103 1755 2184 ἔχων
1838 2103 1899 2158 :6

266 2190 384 2266 ὕψος
480 2195 792 2273 τριακοσίας
877 2193 930 2259 ’ἐξ
1015 2195 1248 2274 ὀργυιάς.
1354 2195 1451 2252 Καὶ
1547 2196 1676 2272 πρὸς
1759 2189 1900 2247 δύσιν

269 2285 355 2346 τῆς
443 2279 860 2360 Ἀλεξανδρείας,
934 2285 1007 2346 ὡς
1095 2283 1198 2338 ἀπὸ
1285 2280 1472 2359 μιλίων
1552 2279 1698 2337 ἐννέα
1775 2292 1900 2336 κετ-

271 2389 344 2422 ται
413 2371 440 2425 6
514 2370 672 2446 ἅγιος
745 2378 954 2438 Μηνᾶς.
1016 2373 1115 2430 Καὶ
1173 2369 1285 2446 μεθ’
1339 2370 1490 2449 ἕτερα
1561 2365 1696 2425 ἄλλα
1753 2367 1900 2424 ἐννέα

273 2455 406 2532 μῖλια
455 2472 638 2514 κεῖται
721 2461 754 2528 ἡ
826 2461 948 2540 ἁγία
1018 2459 1280 2540 Θεοδώρα,
1350 2462 1385 2528 ἡ
1446 2461 1902 2536 μετονομασθεῖσα

273 2544 548 2625 Θεόδωρος,
603 2547 722 2614 ἥτις
794 2552 881 2606 καὶ
922 2554 1375 2629 κατηγορηθεῖσα,
1435 2553 1534 2608 Καὶ
1575 2551 1705 2628 πρὸς
1754 2549 1904 2604 νότον

271 2639 358 2701 τῆς
401 2634 792 2716 Ἀλεξανδρείας
847 2641 1061 2718 ἡμερῶν
1217 2654 1392 2696 κεῖται
1449 2641 1476 2695 6
1529 2637 1902 2734 a'bpoqliiatm'z-

406 2727 418 2734 ι
503 2727 512 2734 .
703 2728 714 2734 Α
816 2725 832 2734 α
962 2729 972 2734 -
1172 2731 1179 2734 .
1395 2725 1435 2734 -Α
1665 2714 1678 2732 θ
1855 2721 1891 2734 λι

271 2745 366 2799 pio;
393 2727 420 2781 ὁ
449 2727 650 2806 μέγας,
696 2728 724 2782 6
776 2725 1075 2794 πλησιάσας
1133 2731 1225 2784 τὸν
1268 2725 1604 2806 παράδεισον.
1665 2714 1817 2804 Ἔχει
1849 2721 1904 2778 δὲ

270 2813 300 2878 ἡ
347 2814 499 2871 αὖτοῦ
577 2816 716 2890 μονὴ
771 2813 996 2880 ἀϐϐάδας
1058 2816 1262 2896 χιλίους
1320 2819 1408 2872 καὶ
1477 2815 1628 2896 χίλια
1695 2814 1899 2872 κελλία.

268 2899 398 2958 Ἐστι
453 2902 510 2958 δὲ
562 2901 912 2984 ἰδιόκαστρον.
973 2907 1072 2963 Καὶ
1113 2905 1218 2962 ἀπὸ
1273 2913 1364 2962 :06
1414 2907 1562 2984 ἁγίου
1613 2904 1900 2982 Μακαρίου,

1982 2111 2098 2166 tata
2127 2105 2274 2166 vitro
2333 2113 2392 2167 et
2419 2103 2687 2185 plumbo,
2722 2103 2785 2164 in
2813 2103 3189 2167 altitudinem
3221 2112 3623 2181 trecentarum

1983 2211 2084 2254 sex
2116 2193 2412 2255 ulnarum.
2449 2192 2678 2258 Deinde
2709 2193 2783 2254 ad
2820 2191 3192 2256 occidentem
3220 2193 3620 2270 Alexandriae,

1983 2291 2260 2364 tanquam
2297 2281 2502 2344 millib.
2540 2299 2774 2354 novem,
2809 2281 2955 2344 situs
3005 2291 3096 2345 est
3141 2281 3206 2346 S.
3253 2285 3480 2347 Menas.
3514 2281 3621 2348 Ul-

1985 2371 2169 2433 terius
2197 2370 2328 2432 aliis
2369 2388 2428 2432 1x
2459 2369 2610 2433 mill.
2643 2370 2902 2451 peractis
2932 2371 3168 2434 condita
3199 2377 3290 2436 est
3322 2371 3384 2436 S.
3417 2371 3623 2435 Theo-

1984 2461 2149 2536 dora,
2185 2480 2316 2542 qua
2348 2467 2576 2522 mutato
2606 2460 2850 2522 nomine
2901 2461 3062 2522 dicta
3113 2469 3204 2523 est
3247 2461 3623 2540 Theodorus,

1987 2559 2046 2613 et
2101 2559 2400 2613 accusata.
2459 2547 2611 2610 Hinc
2691 2549 2768 2610 ad
2847 2549 3162 2612 meridiem
3220 2551 3622 2634 Alexandria,

1987 2640 2249 2720 quinque
2279 2639 2513 2699 dierum
2544 2637 2755 2718 spatio,
2809 2647 3075 2700 remotus
3103 2646 3195 2700 est
3240 2641 3302 2702 S.
3337 2641 3626 2703 Macarius

1985 2731 2252 2803 Magnus,
2267 2727 2368 2807 qui
2383 2727 2654 2807 paradiso
2666 2726 3175 2808 appropinquavit.
3210 2728 3392 2809 Cujus
3415 2747 3629 2792 mona-

1986 2818 2234 2878 sterium
2267 2815 2508 2876 abbates
2539 2815 2703 2877 mille
2754 2817 3018 2879 continet
3064 2825 3123 2879 et
3150 2817 3314 2880 mille
3359 2819 3627 2882 cellulas.

1986 2905 2090 2966 Est
2119 2913 2314 2965 autem
2366 2923 2472 2984 per
2523 2921 2586 2966 se
2635 2905 2969 2966 castellum.
3020 2905 3167 2968 Item
3215 2907 3339 2970 aS.
3375 2907 3631 2970 Macario

272 2990 334 3052 ὡς
387 2991 492 3047 ἀπὸ
546 2994 768 3072 ἡμερῶν
843 2995 1134 3075 τεσσάρων,
1208 2996 1332 3050 εἰσὶν
1391 2997 1442 3050 αἱ
1497 2995 1760 3061 ἀποθῆκαι
1815 2999 1901 3046 :06

1989 2994 2229 3068 distant,
2261 2993 2476 3054 itinere
2505 2991 2735 3054 dierum
2769 3001 3038 3074 quatuor,
3072 2995 3424 3075 repositoria
3451 3013 3632 3060 xxxv:

270 3075 453 3156 Ἰωσὴφ
480 3084 533 3137 αἱ
583 3082 862 3161 τριάκοντα
910 3081 962 3148 ἓξ
991 3099 1003 3112 ·
1062 3085 1151 3140 καὶ
1212 3084 1272 3140 ἐκ
1323 3088 1426 3139 τῶν
1484 3082 1659 3138 ἐκεῖσε
1715 3087 1901 3160 περνᾷς

1989 3081 2260 3162 .losephi:
2280 3100 2350 3142 ex
2374 3081 2568 3161 iisque
2588 3081 2733 3143 locis
2751 3085 3184 3161 praetervehere
3206 3091 3373 3164 potes
3387 3085 3632 3147 ﬂuvium

265 3169 347 3224 τὸν
413 3173 662 3247 ποταμὸν
720 3173 810 3230 τὸν
871 3173 1048 3230 Φισὼν
1117 3176 1189 3238 εἷς
1233 3173 1458 3252 γέφυραν
1513 3171 1901 3248 βασταζομένην

1993 3169 2229 3247 Phison,
2289 3170 2362 3231 ad
2411 3178 2652 3250 pontem
2701 3169 2802 3252 qui
2848 3172 3172 3234 sustinetur
3217 3173 3291 3235 ad
3335 3174 3633 3254 octoginta

269 3257 361 3315 ὑπὸ
402 3259 740 3339 ὀγδοήκοντα
767 3259 1032 3341 καράϐων,

1989 3258 2257 3336 navigiis.

343 3350 438 3406 Καὶ
495 3350 708 3406 ἐκεῖθεν
764 3351 1062 3431 εἰσέρχεσαι
1142 3351 1241 3418 τὴν
1300 3349 1540 3429 μεγάλην
1599 3348 1901 3422 Βαϐυλῶνα,

2073 3346 2262 3427 Atque
2283 3345 2422 3407 inde
2437 3345 2768 3426 ingrederis
2785 3347 3142 3431 Babylonem
3169 3368 3468 3433 magnam,
3487 3351 3636 3416 Pha-

271 3435 336 3498 εἷς
363 3439 422 3493 :6
449 3437 725 3515 βασίλειον
777 3419 881 3496 τοῦ.
904 3419 1145 3519 τίηραώ,
1208 3442 1307 3498 Καὶ
1363 3419 1493 3519 πρὸς
1522 3438 1784 3505 ἀνατολὴν
1813 3443 1901 3505 τῆς

1993 3419 2192 3496 raonis
2239 3434 2482 3514 regiam.
2503 3419 2606 3496 Ἇά
2637 3419 2932 3500 orientem
2961 3457 3100 3502 vero
3131 3419 3470 3522 Babylonis,
3505 3444 3630 3505 cir-

270 3521 606 3601 Βαϐυλῶνος,
637 3529 712 3590 ὡς
765 3527 869 3584 ἀπὸ
924 3527 1114 3604 μιλίων
1174 3527 1248 3604 ἓξ,
1309 3542 1482 3585 κεῖται
1544 3530 1572 3584 6
1625 3527 1776 3606 ἅγιος
1808 3525 1901 3602 μέ-

1995 3524 2204 3585 citervn
2231 3523 2744 3598 millib.,conddus
2765 3535 2855 3587 est
2879 3521 3290 3591 sanctissimus
3307 3531 3630 3596 Arsenius:

271 3633 357 3688 γις
389 3613 669 3694 Ἀρσένιος
705 3634 718 3647 ·
777 3617 867 3672 καὶ
935 3616 1041 3673 ἀπὸ
1097 3615 1540 3696 ἀνατολικώτερον
1579 3616 1754 3676 αὺτοῦ
1779 3617 1901 3690 ἣμε-

1999 3622 2056 3674 et
2083 3631 2118 3674 a
2149 3613 2414 3693 partibus
2441 3613 2572 3693 ejus
2592 3615 2774 3694 magis
2798 3616 3190 3680 orientalibus
3211 3627 3465 3699 quatuor
3496 3621 3630 3682 die-

270 3707 362 3777 ρῶν
429 3705 709 3783 τεσσάρων
779 3718 955 3762 κεῖται
1017 3708 1045 3762 6
1101 3705 1251 3784 ἅγιος
1310 3704 1614 3771 Ἀντώνιος.
1674 3703 1810 3762 Ἀπὸ
1857 3702 1901 3760 δὲ

1999 3719 2129 3762 rum
2159 3703 2464 3762 intervallo
2483 3703 2644 3764 .situs
2673 3711 2765 3764 est
2793 3703 3000 3766 beatus
3019 3706 3334 3768 Antonius.
3361 3710 3408 3769 A
3427 3717 3634 3772 sancto

270 3797 352 3846 :06
403 3792 555 3872 ἁγίου
635 3792 916 3851 Ἀντωνίου
971 3796 1044 3858 ὡς
1099 3795 1206 3852 ἀπὸ
1257 3797 1471 3875 ἡμερῶν
1523 3793 1611 3852 δύο
1679 3795 1816 3851 ἐστὶν
1877 3795 1901 3849 ὖ

1995 3791 2252 3852 Antonio
2265 3789 2432 3851 bidui
2452 3790 2641 3852 ferme
2661 3791 2875 3854 itinere
2889 3795 3320 3857 occurritmare
3336 3797 3634 3873 Rubrum,

271 3875 475 3962 Ἐρυθρὰ
502 3881 774 3960 θάλασσα,
832 3886 921 3940 καὶ
962 3888 990 3941 6
1047 3883 1188 3947 λίθος
1239 3884 1360 3942 ἔνθα
1413 3876 1538 3952 ἔστη
1599 3887 1626 3941 6
1658 3889 1901 3959 Μωΰσῆςε

1997 3899 2066 3942 ac
2087 3899 2289 3942 saxum
2312 3879 2412 3940 ubi
2436 3880 2596 3941 stetit
2616 3883 2850 3961 Moyses
2871 3891 2928 3942 et
2945 3882 3106 3963 virga
3143 3884 3398 3961 signavit
3427 3903 3590 3946 mare
3615 3906 3633 3963 ;

268 3971 348 4024 καὶ
424 3972 735 4053 σφραγίζων
815 3974 912 4042 τὴν
981 3973 1268 4048 θάλασσαν,
1341 3977 1414 4038 ὡς
1489 3977 1769 4054 σχισθετσα
1843 3975 1901 4028 εἰς

1999 3968 2156 4048 quod
2187 3976 2412 4030 sectum
2459 3975 2547 4030 est
2596 3968 2658 4028 in
2715 3986 2798 4031 xu
2849 3977 3071 4050 partes,
3131 3991 3236 4053 pro
3267 3973 3496 4035 ratione
3526 3972 3640 4035 tri-

269 4061 516 4135 τμήματα
593 4058 795 4144 δώδεκα
867 4063 1003 4120 κατὰ
1069 4062 1264 4144 φυλήν,
1335 4065 1422 4120 καὶ
1480 4063 1711 4143 περάσας
1783 4063 1901 4138 μετέ

1999 4055 2224 4118 buum:
2281 4056 2530 4136 proinde
2577 4058 2805 4137 trajecit
2833 4077 3037 4141 aequor
3091 4079 3225 4123 cum
3256 4063 3476 4143 populo
3503 4081 3638 4127 suo.

270 4155 356 4204 τοῦ
378 4148 510 4210 λαοῦ
538 4154 728 4213 αὐτοῦ.
762 4139 858 4208 Ἠν
900 4150 956 4208 δὲ
1011 4139 1095 4209 :6'
1129 4139 1343 4232 πέραμα
1397 4151 1544 4229 μίλια
1593 4150 1718 4208 δέκα
1749 4153 1901 4214 ὀκτώ⁴

1998 4145 2132 4206 Fuit
2163 4147 2441 4226 trajectus
2471 4144 2574 4208 ille
2602 4163 2744 4208 xvm
2775 4139 2922 4212 mill.
2951 4150 3120 4212 Juxta
3139 4139 3355 4212 saxum
3377 4152 3547 4231 illud,
3579 4153 3644 4216 in

271 4233 454 4316 Ἐγγὺς
512 4238 570 4296 δὲ
629 4245 727 4306 τῆς
785 4245 948 4309 αὐτῆς
1006 4241 1202 4322 πέτρας
1259 4241 1378 4298 ἔνθα
1432 4244 1460 4298 6
1503 4246 1730 4308 Μωϋσῆς
1761 4239 1901 4320 ἔστηἶ

1999 4253 2114 4314 quo
2132 4236 2421 4314 propheta
2435 4235 2720 4310 constitit,
2747 4237 3081 4316 petroleum
3113 4239 3264 4302 ﬂuit.
3283 4239 3430 4302 Inde
3449 4260 3644 4320 egres-

275 4324 351 4400 ῥεῖ
405 4331 467 4384 :6
519 4327 861 4406 πετρέλαιον.
922 4327 1172 4395 Ἐξελθὼν
1233 4328 1288 4386 δὲ
1344 4331 1520 4386 ἐκεῖσε
1577 4331 1901 4400 κατήντησαε

283 4415 314 4435 ,v
401 4407 450 4435 ε..
491 4421 545 4435 ..Α
585 4419 598 4434 ι
703 4417 726 4435 ν
759 4421 784 4435 Α
887 4418 901 4435 9
1034 4420 1074 4435 In
1303 4423 1316 4435 ο
1382 4421 1394 4435 ο
1564 4420 1573 4435 ι
1742 4425 1783 4435 .-.›
1865 4417 1874 4435 ρ

1984 4343 2101 4424 Ιευε
2129 4325 2202 4385 ad
2235 4324 2449 4424 Baithu
2505 4325 2784 4435 devenit:
2845 4325 2943 4427 ubi
2995 4328 3339 4410 interempti
3367 4341 3507 4394 sunt
3541 4350 3644 4393 se-

276 4415 343 4476 εἷς
401 4407 636 4493 Ῥαϊθοὺ,
703 4417 821 4474 ἔνθα
878 4418 1218 4498 ἆνῃρήθησαν
1273 4423 1320 4476 οἱ
1377 4420 1682 4476 ἑπτακόσιοι
1741 4417 1901 4475 Πατέ-

1984 4407 2288 4494 ’ρίὶιιεθοιί
2319 4417 2524 4476 Patres
2572 4431 2606 4474 a
2650 4415 2950 4480 Barbaris.
3011 4419 3080 4480 ln
3137 4407 3351 4481 eodem
3380 4419 3482 4482 illo
3512 4421 3644 4483 loco

277 4523 357 4580 ρες
409 4507 512 4563 ὑπὸ
570 4513 680 4564 τῶν
751 4505 1056 4588 Βαρϐάρων,
1141 4507 1230 4566 Ἐν
1299 4509 1480 4585 ἐκείνῳ
1538 4506 1592 4563 δὲ
1648 4515 1723 4583 τῷ
1769 4507 1901 4582 τόπιε

2002 4513 2187 4564 exstat
2244 4521 2426 4584 rupes
2482 4513 2784 4584 peracuta,
2847 4524 2964 4586 qua
3019 4525 3300 4587 percussa
3355 4527 3391 4570 a
3423 4508 3644 4590 Moyse,

280 4592 380 4651 ἐστὶ
423 4597 511 4652 καὶ
557 4599 595 4665 ἡ
644 4596 943 4676 ἀκρότομος
1004 4597 1191 4678 πέτρα,
1247 4599 1314 4665 ἣν
1373 4597 1622 4664 ἐπάταξεν
1681 4600 1709 4654 6
1767 4603 1901 4652 Μωϋ·

2000 4609 2168 4672 aquae
2199 4593 2399 4653 eﬂ‘usae
2429 4601 2590 4656 sunt.
2625 4593 2718 4655 Ab
2745 4594 2853 4655 hac
2879 4597 3124 4674 regione
3149 4599 3412 4680 quinque
3434 4599 3649 4660 diebus

286 4688 402 4762 σῆς,
443 4689 528 4742 καὶ
586 4685 844 4766 ὲῤῥύησαν
898 4685 1079 4748 ὕδατα.
1143 4689 1241 4746 Καὶ
1297 4687 1356 4744 ἐκ
1405 4697 1498 4745 :06
1551 4689 1706 4743 αὐτοῦ
1756 4685 1901 4742 τόποι

2003 4680 2254 4742 dissidet
2285 4700 2452 4742 mons
2485 4681 2674 4758 Sinai,
2710 4682 2814 4744 ubi
2839 4686 3008 4761 ‘Deus
3037 4687 3338 4748 allocutus
3365 4681 3648 4769 eSt‘Moy-

284 4773 357 4835 ὡς
383 4773 482 4830 ἀπὸ
509 4777 730 4853 ἡμερῶν
775 4775 930 4832 πέντε
981 4776 1088 4833 ἐσεὶ
1141 4777 1202 4832 1:6
1258 4782 1386 4832 Σινᾶ
1443 4772 1582 4856 ὄρος,
1641 4773 1773 4832 ὅπου
1802 4772 1901 4829 ἐλά

2003 4787 2152 4847 sem,
2175 4770 2277 4849 qui
2297 4770 2442 4830 vidit
2471 4771 2801 4851 posteriora
2823 4773 2978 4853 ejus.
3001 4775 3106 4838 ille
3132 4773 3316 4858 prope
3339 4784 3427 4838 est
3449 4795 3650 4838 mona-

283 4861 437 4930 λησεν
466 4867 495 4921 6
525 4867 660 4929 Θεὸς
690 4873 767 4940 τῷ
814 4871 1035 4944 Miami},
1087 4867 1177 4923 καὶ
1237 4863 1350 4923 εἶδε
1394 4865 1461 4922 τὰ
1503 4864 1710 4922 ὀπίσθια
1741 4863 1896 4920 αὐτοῦ

2004 4858 2252 4920 sterium
2284 4862 2345 4922 S.
2379 4858 2547 4936 Bati;
2597 4861 2672 4922 ad
2729 4879 2958 4940 saxum,
3010 4863 3074 4926 in
3122 4885 3237 4946 quo
3267 4875 3427 4928 stans
3460 4871 3650 4928 Moses

285 4954 378 5010 Καὶ
444 4953 679 5023 πλησίον
745 4955 902 5012 αὖτοῦ
956 4954 1068 5012 ἐστι
1126 4956 1187 5012 τὸ
1243 4955 1614 5035 μοναστήριον,
1690 4955 1718 5010 6
1771 4951 1901 5031 ἅγιοι

2007 4947 2152 5009 vidit
2176 4947 2390 5009 rubum
2421 4949 2727 5011 ardentem
2763 4960 2822 5012 et
2876 4971 2997 5014 non
3027 4955 3426 5018 combustum.
3458 4957 3652 5036 Prope

282 5042 463 5118 Βάθος,
516 5047 610 5102 καὶ
665 5048 695 5102 6
777 5044 916 5111 λίθος
1001 5043 1123 5102 ἔνθα
1189 5041 1315 5112 ἔστη
1389 5048 1644 5112 Μωυσῆς,
1716 5045 1901 5121 θεωρῶ

2007 5037 2120 5126 hoc
2149 5037 2570 5100 monasterium
2601 5039 2808 5101 foruax
2839 5048 2950 5118 est,
3003 5043 3064 5104 in
3116 5062 3233 5124 qua
3286 5044 3418 5106 fuso
3449 5043 3650 5126 lique-

279 5129 372 5198 τὴν
422 5133 590 5209 βάτον
620 5133 934 5210 καιομένην,
991 5137 1080 5192 καὶ
1139 5134 1216 5210 μὴ
1287 5130 1778 5212 καταφλεγομένην,
1826 5141 1901 5188 Κα

2005 5125 2277 5208 factoque
2333 5145 2476 5189 auro
2535 5135 2594 5188 et
2643 5137 2909 5207 argento,
2969 5131 3294 5195 ediderunt
3358 5125 3650 5195 bubulum

280 5217 501 5287 πλησίον
557 5233 658 5283 :06
735 5225 1086 5304 μοναστηρίου
1160 5221 1295 5279 ἐστὶν
1380 5224 1414 5290 ἦ
1484 5223 1730 5299 κάμινος,
1805 5218 1901 5276 ἕνθς

2007 5226 2218 5304 caput;
2243 5215 2306 5277 in
2327 5217 2506 5297 quod,
2541 5217 2720 5278 veluti
2741 5237 2985 5297 numen,
3002 5221 3404 5284 crediderunt.
3427 5221 3652 5284 Eadem

280 5305 584 5390 ἐχώνευσαν
638 5314 698 5370 :6
746 5303 984 5395 χρυσίον
1018 5313 1106 5370 καὶ
1161 5313 1222 5368 τὸ
1275 5311 1541 5392 ἀργύριον,
1597 5311 1685 5368 καὶ
1739 5308 1901 5378 ἐξῆλθε

2005 5303 2068 5366 in
2096 5304 2342 5395 regione
2371 5312 2508 5366 sunt
2537 5305 2925 5370 Hebraeorum
2970 5310 3185 5373 tumuli
3237 5319 3652 5374 sexcentarum

279 5399 334 5453 τὸ
372 5400 692 5480 βοόκρανον,
724 5394 798 5466 εἰς
847 5403 876 5458 ὃ
928 5401 1232 5461 ἐπίστευσαν
1287 5402 1362 5480 ὡς
1417 5403 1542 5475 θεῷ.
1594 5399 1695 5458 Καὶ
1727 5399 1801 5462 εἷς
1831 5401 1901 5455 τὸη

2009 5394 2306 5474 octoginta
2325 5395 2672 5462 chiliadum.
2697 5395 2946 5478 Propius
2962 5397 3036 5461 ad
3052 5400 3476 5464 monasterium
3510 5418 3656 5480 spe-

277 5491 428 5547 αίιτὸν
457 5479 632 5548 τόπον
674 5493 799 5548 εἰσὶν
853 5493 900 5549 oi.
953 5493 1107 5572 τάφοι
1153 5495 1259 5547 τῶν
1303 5479 1556 5569 Ἑϐραίων
1605 5491 1707 5545 τῶν
1733 5486 1901 5554 ἐξακο·

2007 5494 2198 5574 clatur
2253 5485 2412 5574 scala
2467 5485 2687 5548 montis
2737 5486 2928 5565 Sinai,
2988 5507 3122 5570 quae
3177 5491 3393 5570 gradus
3422 5479 3655 5574 septem

277 5579 399 5638 σίων
449 5579 780 5660 ὀγδοήκοντα
831 5579 1114 5662 χιλιάδων.
1173 5579 1276 5640 Καὶ
1330 5577 1557 5648 πλησίον
1613 5587 1706 5638 :06
1750 5601 1901 5655 μονα-

2005 5573 2208 5641 habet.
2255 5572 2464 5658 Ibique
2511 5575 2724 5640 visitur
2770 5583 3034 5660 antrum,
3085 5579 3151 5644 in
3200 5600 3319 5667 quo
3363 5572 3656 5667 jejunavit

883 5757 1136 5828 ΡΑτιιοι..
1167 5755 1278 5826 Gn.
1309 5755 1484 5827 CXX.

3251 5760 3293 5829 9
