4068 6112
396 291 517 360 267

1693 250 2095 352 EPIPHANII
2120 284 2468 350 MONACHI

3649 280 3766 345 268

394 425 507 492 lias
534 433 695 490 vates
740 442 818 489 XL
871 423 1106 505 diebus,
1164 439 1299 485 cum
1353 419 1581 502 fugeret
1635 437 1669 482 e
1715 426 2008 499 conspecti

2090 420 2329 498 .ctnplou
2397 414 2796 496 παραλαμϐάνει
2864 418 2900 485 ἡ
2979 415 3148 505 σκάλα
3226 423 3321 473 τοῦ
3406 421 3535 470 Σινᾶ
3605 413 3753 493 ὅρους

393 518 655 583 Jesahel.
688 515 970 578 Conditus
999 514 1173 577 etiam
1205 519 1293 575 est
1338 511 1548 573 eodem
1579 509 1642 571 in
1672 508 2034 570 monasterio

392 606 604 671 beatus
631 606 804 669 Pater
835 613 893 667 et
919 604 1128 666 doctor
1184 610 1385 664 noster
1418 600 1664 663 Climax.
1701 596 1829 659 Non
1860 597 2035 676 longe

392 696 468 761 ab
498 696 601 757 illo
632 693 992 758 monasterio
1006 691 1337 756 celebratur
1356 689 1707 751 miraculnm
1720 738 1734 761 ,
1752 687 1907 768 quod
1927 686 2030 748 Dei

382 788 557 869 jussu
584 786 799 849 factum
831 793 915 847 est
939 782 1078 845 olim
1111 799 1181 843 eo
1204 780 1343 843 loci.
1380 778 1678 869 Eraeterito
1707 776 1873 838 altari
1892 774 2029 857 alio,

388 864 463 937 ad
495 884 754 938 montem
805 874 970 945 Sina,
1017 873 1267 934 duorum
1327 866 1475 930 mill.
1536 865 1869 941 intervallo,
1904 864 2031 927 velo

390 964 635 1027 obduxit
650 983 845 1028 arcam
869 967 1067 1029 Moses
1083 968 1141 1023 et
1166 960 1387 1031 Aaron,
1411 955 1652 1018 interim
1674 954 1812 1015 dum
1848 973 2031 1035 popu-

384 1052 479 1115 lus
507 1052 893 1115 Hebraaoruui
922 1069 958 1112 a
987 1052 1153 1113 Mose
1183 1047 1523 1110 duceretur.
1558 1046 1647 1107 Tu
1679 1042 1780 1123 qui
1809 1060 1843 1103 a
1871 1043 2023 1103 colle

388 1140 553 1204 Sinai
580 1140 957 1205 abscedendo
990 1156 1097 1219 per
1125 1144 1255 1199 octo
1304 1135 1454 1208 dies,
1505 1131 1839 1210 ingrederis
1866 1130 2027 1191 The-

383 1229 649 1314 baidem,
681 1231 784 1293 ubi
806 1232 967 1311 jacet
987 1228 1167 1289 abbas
1197 1229 1424 1301 Pastor,
1459 1219 1945 1314 et_fra_teri_psiu_s_.
1970 1225 2029 1281 et

384 1308 653 1402 plerique
672 1321 774 1383 alii
801 1308 1109 1382 beatorum
1134 1318 1370 1377 Patrum
1389 1319 1476 1389 ;at
1504 1309 1807 1402 Thebaide
1820 1308 2026 1402 relicta

382 1395 534 1472 viam
556 1395 861 1473 sexdecim
886 1407 1117 1469 dierum
1140 1402 1406 1474 conﬁcis,
1423 1408 1480 1463 et
1495 1399 1771 1478 relegens
1785 1395 2026 1477 vestigia

382 1498 457 1560 ad
486 1497 708 1563 Urbem
739 1505 1001 1561 sanctam
1028 1492 1370 1557 reverteris.

2114 506 2316 588 ἔχουσα
2346 505 2588 584 βαθμίδια
2639 507 2791 567 ἑπτά.
2854 506 2953 564 Καὶ
3008 504 3134 573 ἔστη
3190 506 3250 562 τὸ
3308 503 3570 574 σπήλαιον
3627 503 3680 560 ἐν
3710 504 3757 580 ᾧ

2115 597 2422 667 ἐνήστευσεν
2476 594 2655 660 Ἠλίας
2726 599 2754 652 6
2818 596 3094 674 προφήτης
3149 595 3351 672 ἡμέρας
3396 592 3754 671 τεσσαράκον-

2094 708 2201 766 .τα,
2231 685 2318 742 ὅτε
2380 683 2564 766 ἔφυγεν
2622 685 2682 742 ἐκ
2740 685 3024 764 προσώπου
3066 693 3158 741 τοῦ
3213 678 3465 740 Ἰεσάὸελ.
3524 683 3623 739 Καὶ
3678 682 3752 744 εἰς

2113 777 2175 831 τὸ
2218 776 2343 832 αὐτὸ
2375 776 2724 854 μοναστήριον
2780 787 2953 829 κεῖται
2997 775 3025 828 6
3079 773 3132 828 ἐν
3191 772 3358 849 ἁγίοις
3392 772 3574 850 Πατὴρ
3601 773 3758 845 ἡμῶν

2112 864 2201 920 καὶ
2243 861 2574 943 διδάσκαλος,
2620 867 2648 919 6
2679 860 2899 937 Κλίμαξ.
2937 863 3035 920 Καὶ
3063 859 3285 928 πλησίον
3335 866 3428 916 τοῦ
3479 881 3754 935 μοναοτη-

2114 953 2225 1030 ρίου
2271 953 2379 1009 ἐστὶ
2431 954 2492 1009 τὸ
2545 955 2719 1028 θαῦμα
2748 950 2876 1031 ὅπερ
2932 950 3140 1029 ἐγένετο
3196 956 3265 1027 τῇ
3321 958 3414 1008 τοῦ
3468 955 3599 1005 Θεοῦ
3653 970 3750 1004 κε-

2111 1038 2281 1097 λεύσει
2334 1042 2387 1097 ἐν
2445 1045 2585 1117 αὗτῷ
2651 1042 2728 1115 τῷ
2799 1040 2969 1113 τόπῳ.
3053 1037 3384 1101 Εἷσελθόντες
3459 1034 3513 1092 δὲ
3570 1037 3746 1115 ἑτερου

2111 1126 2293 1206 ϐωμοῦ
2321 1132 2452 1210 πρὸς
2496 1131 2556 1186 τὸ
2604 1136 2733 1185 Σινᾶ
2760 1127 2903 1209 ὅρος,
2963 1131 3036 1192 ὡς
3094 1128 3198 1185 ἀπὸ
3259 1124 3443 1202 μιλίων
3474 1123 3582 1200 δύο,
3617 1124 3747 1180 ἐκά-

2107 1216 2242 1294 λυψε
2299 1225 2526 1287 Μωϋσῆς
2600 1220 2689 1276 καὶ
2757 1217 2960 1297 Ἀαρὼν
3018 1219 3105 1274 καὶ
3160 1216 3260 1283 τὴν
3308 1212 3553 1289 κιϐωτὸν,
3601 1213 3654 1270 ἐν
3702 1217 3748 1287 ᾧ

2108 1305 2358 1388 ὡδήγησε
2414 1310 2534 1372 τοὺς
2602 1299 2893 1387 Ἐϐραίους.
2958 1304 3094 1363 Ἀπὸ
3153 1304 3208 1361 δὲ
3268 1311 3359 1362 τοῦ
3416 1309 3538 1359 Ζινᾶ
3593 1301 3744 1382 ὀ’ροῦς

2106 1398 2298 1464 ὁδεύεις
2348 1398 2548 1477 ἡμέρας
2603 1398 2764 1476 ὀκτὼ,
2842 1398 2929 1453 καὶ
3008 1393 3303 1475 εἷσέρχεσαι
3360 1394 3432 1456 είς
3477 1389 3741 1469 Θηϐαίδα,

2106 1487 2227 1545 ἔνθα
2255 1502 2431 1545 κεῖται
2484 1490 2512 1544 6
2567 1483 2730 1550 ἆϐὅᾶς
2790 1485 3020 1561 Ποιμὴν,
3080 1485 3168 1540 καὶ
3224 1486 3252 1539 6
3307 1479 3527 1560 ἀδελφὸς
3558 1484 3739 1552 αὐτοῦ,

383 1589 474 1646 καὶ
502 1589 692 1647 πολλοὶ
719 1589 886 1669 ἕτεροι
915 1591 1021 1644 τῶν
1050 1583 1319 1662 μακαρίων
1342 1580 1430 1638 καὶ
1457 1578 1618 1659 ἁγίων
1648 1576 1893 1656 Πατέρων
1927 1597 1944 1614 ο
1976 1577 2081 1634 ἀπὸ
2111 1575 2165 1634 δὲ
2196 1574 2463 1646 Θηϐαίδος
2490 1573 2682 1639 ὑδεύεις
2709 1574 2911 1655 ἡμέρας
2945 1569 3066 1650 ις’,
3099 1574 3187 1630 καὶ
3216 1569 3374 1628 πάλιν
3405 1571 3744 1651 ὑποστρέφεις

379 1677 455 1742 εἷς
483 1679 581 1746 τὴν
611 1678 762 1758 ἁγίαν
792 1676 976 1738 Πόλιν.

460 1765 556 1830 Ad
585 1738 878 1831 orientem
894 1765 1141 1829 civitatis
1158 1771 1216 1827 te
1245 1759 1519 1825 confers:
1549 1775 1687 1821 ecce
1714 1754 1823 1818 tibi
1854 1763 2008 1818 extra

2184 1757 2283 1815 Καὶ
2356 1756 2486 1835 πρὸς
2542 1753 2804 1822 ἀνατολὴν
2833 1738 2951 1821 ⁵τῆς
3027 1751 3178 1832 ἁγίας
3235 1749 3442 1815 πόλεως
3503 1748 3600 1816 ἔξω
3640 1755 3739 1818 τῆς

380 1862 608 1935 portam
641 1867 839 1920 erecta
868 1863 1120 1939 quatuor
1147 1845 1801 1939 columnarum_m_oles,
1826 1843 1889 1905 in
1908 1863 2023 1925 qua

377 1934 726 2025 Jephonias,
761 1934 1036 2026 correpto
1065 1943 1282 2005 feretro
1313 1945 1533 2001 sanctae
1559 1934 1849 2026 Deiparaa,
1886 1952 2019 2026 cum

379 2020 501 2096 non
534 2020 807 2099 crederet
836 2020 967 2099 esse
996 2035 1245 2098 Matrem
1277 2026 1537 2101 Domini,
1580 2023 1876 2086 abscissas
1905 2020 2020 2083 sibi

378 2141 590 2187 manus
620 2125 809 2187 sensit
832 2147 848 2202 ;
871 2142 1006 2187 cum
1039 2129 1239 2204 postea
1266 2115 1638 2204 credidisset,
1671 2129 1908 2204 rursum
1929 2110 2013 2172 illi

376 2229 589 2275 manus
616 2199 866 2276 reddita;
893 2199 1056 2275 sunt:
1085 2209 1215 2272 Non
1244 2205 1448 2290 procul
1468 2202 1608 2265 inde
1630 2199 1702 2263 ad
1723 2200 2014 2262 orientem

378 2309 468 2364 est
495 2301 557 2365 S.
590 2301 992 2381 Gethsemani,
1051 2298 1393 2381 sepulcrum
1436 2293 1507 2356 B.
1557 2290 1846 2371 Deiparae,
1880 2306 2011 2369 qua

375 2392 864 2472 splendidissima
889 2400 976 2455 est
1005 2390 1278 2455 ecclesia.
1336 2388 1509 2449 Juxta
1552 2400 1728 2472 quam
1759 2398 2008 2442 venera-

374 2469 514 2542 bilis
533 2483 818 2561 spelunca
840 2490 949 2557 est,
976 2498 1093 2564 quo
1132 2498 1197 2541 se
1228 2469 1845 2564 receperat
1875 2486 2009 2530 cum

374 2558 718 2651 discipulis:
752 2572 893 2634 atin
923 2558 1104 2652 specu
1134 2569 1379 2629 thronus
1403 2570 1492 2626 est
1511 2560 1649 2624 Filii
1678 2558 1807 2652 Dei,
1828 2576 1901 2652 _a_c
1931 2573 2012 2618 xn

372 2646 772 2740 apostolorum
802 2646 972 2741 ejus;
989 2657 1091 2720 ubi
1120 2670 1513 2741 consessurus
1530 2646 1715 2741 estad
1737 2646 2013 2741 judican:

374 2732 480 2811 das
508 2765 591 2812 x11
618 2749 811 2812 tribus
834 2732 1096 2812 israelis.
1154 2747 1337 2808 Porro
1387 2740 1460 2803 ad
1503 2737 1781 2800 verticem
1815 2732 2013 2796 throni

369 2838 695 2921 Dominici,
718 2841 986 2903 foramen
1005 2836 1301 2920 quoddam
1325 2839 1445 2921 est,
1458 2828 1624 2908 cujus
1645 2822 2011 2921 profunditas

368 2928 635 3009 conspici
666 2911 784 2991 non
814 2928 989 3004 valet,
1022 2911 1226 2989 verum
1286 2919 1650 3009 exoriturﬂex
1682 2934 1752 2976 eo
1782 2911 2006 3009 vocife-

364 3003 751 3091 ratio-multa,
803 3026 869 3082 ut
914 3003 1032 3081 sint
1077 3014 1178 3098 qui
1226 3011 1485 3074 audeant
1529 3005 1731 3098 dicere
1777 3003 2009 3065 animas

2102 1843 2272 1912 πύλης
2327 1842 2542 1901 ἵσταται
2598 1843 2939 1923 τετρακιόνιν,
3001 1842 3054 1898 ἐν
3128 1844 3173 1915 ᾧ
3236 1838 3498 1919 Ἰεφωνίας
3555 1836 3741 1918 δραξά-

2104 1955 2260 2009 μενος
2290 1942 2388 2002 τήν
2417 1932 2598 2000 κλίνην
2650 1938 2747 2000 τῆς
2798 1931 3081 2010 ὑπεραγίας
3139 1929 3421 2001 Θεοτόκου,
3473 1929 3559 1983 καὶ
3605 1927 3737 1982 ἀπι-

2100 2024 2321 2096 στήσας,
2357 2021 2436 2078 ὅτι
2481 2021 2619 2078 ἐστὶν
2666 2022 2701 2088 ἡ
2753 2026 2844 2076 τοῦ
2899 2017 3082 2096 Κυρίου
3144 2017 3355 2095 Μήτηρ,
3417 2012 3741 2082 ἐξεκόπησαν

2099 2114 2150 2168 αἱ
2205 2123 2388 2190 χεῖρες
2447 2109 2624 2183 αὐτοῦ,
2713 2109 2800 2164 καὶ
2882 2106 3255 2168 πιστεύσαντος
3330 2104 3508 2183 αὐτοῦ,
3575 2101 3736 2160 πάλιν

2095 2200 2314 2266 ’ίάθησαν
2370 2201 2422 2254 αἱ
2474 2211 2658 2278 χεῖρες
2718 2195 2895 2258 αὐτοῦ,
2960 2197 3056 2253 Καὶ
3111 2193 3337 2261 πλησίον
3391 2193 3548 2250 αὖτοῦ
3603 2193 3734 2271 πρὸς

2092 2286 2354 2359 ἀνατολήν
2412 2286 2554 2343 ἐστιν
2610 2287 2645 2354 ἡ
2732 2286 2878 2372 ἁγία,
2931 2284 3249 2362 Γεθσιμανὴ,
3332 2285 3360 2338 6
3416 2282 3579 2360 τάφος
3635 2285 3734 2347 τῆς

2090 2377 2376 2456 ὑπεραγίας
2474 2374 2753 2434 Θεοτόκου.
2854 2369 2997 2431 Ἐστι
3093 2369 3147 2427 δὲ
3260 2369 3512 2438 ἐκκλησία
3600 2370 3736 2427 πάνυ

2091 2466 2278 2543 ὡραία,
2313 2466 2411 2523 Καὶ
2457 2463 2679 2532 πλησίον
2736 2466 2900 2530 αὐτῆς
2956 2462 3065 2518 ἐστι
3123 2460 3185 2519 τὸ
3241 2460 3389 2539 ἅγιον
3439 2459 3723 2533 σπήλαιον,

2093 2552 2214 2612 ’ένθα
2249 2553 2536 2634 κατέφυγεν
2593 2556 2621 2611 ὁ
2677 2554 2863 2632 Κύριος
2924 2552 3058 2628 μετὰ
3107 2557 3212 2607 τῶν
3264 2551 3421 2607 αὒτοῦ
3450 2554 3723 2625 μαθητῶν.

2094 2644 2195 2700 Καὶ
2223 2644 2295 2706 εἷς
2324 2644 2382 2699 τὸ
2412 2641 2671 2712 σπήλαιόν
2703 2641 2839 2698 ἐστιν
2871 2643 2898 2696 6
2927 2640 3103 2719 θρόνος
3160 2638 3252 2695 τοῦ⁹
3309 2638 3429 2695 Υἱοῦ
3455 2637 3547 2694 τοῦ
3598 2639 3730 2695 Θεοῦ

2094 2733 2183 2788 καὶ
2209 2738 2317 2789 τῶν
2358 2729 2557 2789 δώδεκα
2614 2729 2922 2788 ἀποστόλων
2979 2727 3159 2802 αὐτοῦ,
3219 2726 3337 2783 ἔνθα
3393 2724 3573 2802 μέλλει
3602 2729 3725 2782 καθ-

2093 2820 2292 2893 έζεσθαι
2344 2822 2531 2900 κρίνων
2578 2819 2671 2882 τὰς
2728 2817 2926 2874 δώδεκα
2982 2814 3144 2897 φυλὰς
3201 2815 3293 2871 τοῦ
3341 2812 3574 2893 Ἰσραήλ.
3639 2815 3723 2875 Ei:

2089 2909 2326 2991 κεφαλὴν
2356 2908 2409 2966 δὲ
2449 2909 2542 2967 τοῦ
2595 2906 2904 2965 δεσποτικοῦ
2952 2905 3132 2985 θρόνου
3184 2904 3291 2960 ἐστὶ
3344 2905 3481 2984 θυρὶς
3538 2902 3720 2982 μικρὰ,

2090 3000 2292 3081 ἀφανὴς
2348 3001 2421 3063 εἷς
2476 3000 2536 3055 τὸ
2588 3000 2768 3079 βάθος,
2827 2999 2915 3054 καὶ
2971 2995 3238 3075 ἐξερχεται
3288 2992 3340 3059 ἐξ
3408 2997 3570 3060 αὐτῆς
3624 2993 3721 3070 ῥυ-

367 3124 500 3170 esse
530 3126 601 3170 eo
632 3080 768 3171 loci.
794 3107 1015 3185 Eodem
1041 3080 1257 3168 in‘lodo
1295 3106 1532 3163 centum
1569 3094 1815 3185 inclusae
1844 3098 2002 3166 sunt,

2090 3091 2243 3165 σμὸς,
2274 3087 2392 3157 ἤτοι
2435 3089 2671 3165 βοασμὸς
2724 3087 2912 3150 πολύς.
2975 3086 3073 3144 Καὶ
3133 3081 3381 3161 μέλλουσι
3412 3080 3605 3161 λέγειν,
3640 3081 3720 3138 ὅτι

365 3180 871 3279 quemadmodum
928 3203 986 3259 et
1040 3195 1103 3256 in
1146 3185 1540 3270 Mirophoris:
1599 3199 1668 3246 ac
1721 3180 2012 3279 gubernat

362 3269 525 3384 ipsas
574 3290 811 3373 Stylites
851 3287 1001 3384 alter
1056 3301 1162 3364 per
1214 3269 1537 3344 fenestram
1571 3291 1594 3375 ξ,
1650 3282 1708 3334 et
1737 3269 2008 3351 proxime

364 3362 737 3453 dextrorsum
767 3389 858 3444 est
886 3362 1261 3455 Manganum,
1300 3384 1527 3455 saxum
1580 3362 1642 3423 in
1673 3380 1787 3442 quo
1819 3376 2005 3455 caesus

361 3446 882 3543 sanctus‘Jacobus
914 3446 1099 3527 frater
1123 3460 1255 3523 Dei.
1289 3454 1438 3517 Sunt
1473 3453 1583 3543 ista
1611 3458 1777 3543 certe
1808 3446 2005 3508 omnia

450 3539 605 3630 valle
632 3566 1070 3643 Lacrymarum.
1130 3546 1478 3643 Eodemque
1520 3541 1579 3601 in
1611 3539 1738 3643 loco
1771 3544 2002 3643 torreps

363 3626 743 3722 ὲὲιᾟέάῖοη
780 3626 859 3712 “et
911 3642 1078 3707 vallis
1132 3635 1413 3717 Josaphat
1468 3638 1644 3710 atque
1703 3627 1910 3722 hortus
1940 3626 2003 3687 in

363 3713 480 3830 quo
509 3713 776 3829 proditus
804 3745 895 3802 est
943 3730 1256 3830 Christus“;-
1274 3713 2001 3830 ’it-einque—monsgi—iv—a:

697 3833 1040 3911 assumptus
1069 3826 1178 3883 est.
1199 3814 1366 3878 Stant
1398 3817 1683 3892 praeterea
1710 3804 2003 3867 columnae

358 3925 424 3988 in
449 3902 771 3999 orbem,‘et
816 3918 879 3979 in
906 3901 1124 3976 -medio
1164 3920 1368 3999 mensa
1400 3921 1425 3999 :_
1471 3915 1673 3998 verum
1702 3901 1865 3955 extra
1893 3912 1999 3993 cq-

358 4013 619 4091 lumnas,
652 3981 774 4073 rion
804 4004 1053 4069 multum
1082 3996 1257 4059 distat
1285 3986 1654 4071 impluvium,
1689 3981 1997 4091 marmori-

492 4074 773 4164 stratum.
793 4094 885 4159 Ad
902 4087 1252 4155 orientalem
1265 4098 1406 4143 vero
1439 4086 1664 4158 partem
1685 4074 1995 4135 columna-

358 4211 517 4268 rum,
578 4187 745 4252 brevi
799 4180 1108 4247 intervallo
1188 4181 1277 4268 est
1352 4167 1648 4268 conchas
1682 4170 2001 4268 etﬂm‘eusa

358 4251 648 4354 consistit,
683 4274 785 4338 ubi
813 4288 1048 4335 sacrum
1077 4263 1346 4354 celebrat
1368 4254 1710 4354 patriarcha
1730 4251 1825 4314 die
1848 4251 1997 4354 festo

2091 3180 2143 3234 ai
2169 3178 2339 3258 ψυχαί
2366 3179 2487 3239 εἱσι.
2534 3178 2632 3235 Καὶ
2686 3177 2759 3240 εἷς
2806 3177 2897 3232 τὸν
2955 3173 3109 3231 αὒτὸν
3164 3172 3326 3229 τόπον
3383 3173 3508 3227 εἰσὶν
3539 3172 3725 3229 ἑκατὸν

2091 3264 2413 3347 ἕγκλεισται,
2476 3268 2550 3329 ὡς
2610 3265 2695 3321 ἐπὶ
2755 3270 2857 3321 τῶν
2915 3261 3254 3343 Μυροιρόρων,
3326 3260 3415 3316 καὶ
3456 3261 3724 3335 ποιμαίνει

2088 3356 2250 3420 αὐτὰς
2306 3354 2571 3423 Στηλίτης
2625 3351 2798 3434 ἕτερος
2869 3350 2952 3410 διὰ
3037 3349 3255 3431 θυρίδος.
3338 3350 3436 3408 Καὶ
3502 3348 3727 3417 πλησίον

2085 3449 2255 3505 αὐτῶν
2302 3444 2464 3511 δεξιόν
2513 3445 2622 3501 ἐστι
2680 3445 2741 3500 τὸ
2796 3443 3066 3521 μάγγανον
3123 3443 3151 3497 6
3193 3439 3352 3503 λίθος.
3414 3438 3530 3495 ἔνθα
3573 3462 3727 3496 κατε-

2082 3537 2226 3603 κόπη
2256 3537 2284 3592 6
2339 3535 2489 3614 ἅγιος
2538 3530 2786 3597 Ἰάκωϐος
2829 3535 2857 3589 6
2912 3530 3245 3611 ἀδελφόθεος.
3308 3530 3417 3584 Εἰσὶ
3475 3526 3722 3586 δὲταῦτα

2084 3625 2256 3683 πάντα
2313 3626 2384 3690 εἷς
2442 3625 2538 3692 τὴν
2607 3619 2824 3679 κοιλάδα
2898 3626 2990 3677 τοῦ
3059 3618 3422 3693 κλαυθμῶνος.
3489 3614 3576 3673 Ἐν
3644 3623 3721 3691 τῷ

2083 3714 2226 3789 αὖτῷ
2279 3714 2426 3789 τόπῳ
2484 3713 2592 3769 ἐστὶ
2646 3713 2733 3768 καὶ
2776 3713 2804 3766 6
2857 3707 3141 3790 χείμαῤῥος
3183 3714 3288 3762 τῶν
3344 3702 3573 3784 Κέδρων,
3630 3706 3720 3761 καὶ

2082 3805 2118 3873 ἡ
2171 3802 2355 3866 κοιλὰς
2397 3813 2490 3862 τοῦ
2543 3800 2819 3880 Ἰωσαφὰτ,
2882 3798 2968 3854 καὶ
3027 3800 3055 3854 6
3094 3802 3267 3862 κῆπος
3324 3793 3441 3850 ἔνθα
3498 3791 3715 3873 παρεδί-

2083 3889 2203 3950 δοτο
2233 3895 2261 3948 6
2308 3892 2550 3970 Χριστός.
2612 3897 2749 3970 ⁸βστι
2793 3887 2846 3944 δὲ
2903 3888 2991 3944 καὶ
3038 3889 3100 3943 τὸ
3141 3885 3259 3965 ὅρος
3317 3885 3423 3941 τῶν
3465 3882 3716 3964 Ἐλαιῶν,

2082 3978 2200 4038 ἔνθα
2255 3963 2546 4061 ἀνελήφθη,
2612 3963 2870 4061 victm—cat
2913 3975 2967 4034 δὲ
3018 3963 3188 4038 κίονες
3246 3971 3583 4052 κυύοειδῶς,
3632 3975 3721 4029 καὶ

2080 4069 2240 4146 μέσον
2308 4071 2559 4149 τράπεζα.
2628 4051 2845 4136 νΕξωθεν
2901 4065 2955 4123 δὲ
3008 4072 3114 4125 τῶν
3169 4066 3359 4121 κιόνων
3409 4061 3517 4119 ἐστὶ
3570 4051 3722 4142 περί-

2080 4157 2237 4216 αυλον
2295 4160 2667 4240 μαρμαρωτόν.
2730 4160 2866 4239 Πρὸς
2933 4154 3195 4224 ἀνατολὴν
3252 4151 3306 4209 δὲ
3365 4153 3471 4209 τῶν
3520 4151 3716 4240 ,κιόνων

2080 4249 2152 4310 ὡς
2182 4247 2287 4304 ἀπὸ
2317 4238 2672 4324 διαστήματος
2720 4238 2899 4325 ὀλίγου
2945 4246 3058 4301 ἐστὶ
3111 4245 3316 4323 κόγχη,
3375 4242 3463 4297 καὶ
3502 4238 3716 4296 ἵσταται

356 4328 770 4432 Αεοειιείόηίδ.
804 4360 953 4426 Inde
981 4373 1190 4420 rursus
1241 4347 1482 4413 circiter
1532 4342 1695 4404 mille
1720 4338 1997 4432 passibus

2090 4337 2329 4416 τράπεζα,
2407 4335 2525 4394 ἔνθα
2599 4335 2896 4415 λειτουργεϊ
2980 4337 3008 4390 6
3079 4332 3414 4411 πατριάρχης
3487 4331 3560 4390 εἷς
3618 4328 3715 4393 τὴν

799 4414 1216 4532 ᾆὶἰόὀὶιῖίέῐυε
1244 4433 1515 4534 consedit
1544 4432 1606 4492 in
1638 4414 1798 4511 pullo
1824 4450 1836 4488 :
1875 4427 1995 4488 ibi-

2090 4414 2282 4505 ἡμέραν
2332 4432 2430 4493 τῆς
2492 4427 2680 4505 ἑορτῆς
2735 4414 2834 4491 τῆς
2918 4421 3284 4499 Ἀναλήψεως.
3341 4417 3571 4475 Ἐκεῖθεν
3625 4414 3713 4470 οὖν

2135 4514 2173 4534 "
2278 4518 2291 4534 '
2376 4515 2390 4534 ’
2446 4516 2462 4534 ‘
2587 4514 2637 4534 "
2756 4516 2770 4534 ι
2825 4514 2836 4534 '
2927 4511 2941 4534 ν
3127 4513 3140 4534 ι
3204 4509 3360 4534 -1---
3419 4504 3543 4534 2...:
3581 4502 3675 4534 2....r.

357 4544 612 4624 demque
643 4523 773 4604 olea
802 4523 914 4613 est,
951 4555 983 4598 e
1038 4553 1154 4614 qua
1206 4523 1521 4624 quotannis
1550 4538 1780 4622 ramum
1809 4535 1995 4579 unum

353 4610 734 4705 abscindunt,
792 4610 1118 4710 pendentes
1149 4610 1254 4702 pro
1284 4617 1415 4710 ipso
1446 4610 1724 4694 pretium,
1760 4616 1817 4710 et
1847 4626 1994 4710 sup-

353 4722 643 4805 plicantes
696 4696 1105 4805 Iiierosolyma
1150 4696 1579 4805 ingrediuntur
1634 4704 1836 4805 sanc‘to
1897 4696 1995 4757 die

353 4788 717 4876 i’almarum.
752 4808 843 4872 Ab
873 4788 1023 4868 oliva
1070 4802 1182 4863 ista
1231 4796 1394 4860 mille
1439 4811 1593 4874 pass.
1631 4788 1785 4871 quod
1818 4804 1995 4876 omne

356 4900 584 4964 declive
613 4908 724 4973 est,
760 4895 1026 4960 invenies
1054 4881 1733 4959 Bethaniam,tumulum
1757 4874 1989 4973 Lazari:

355 5008 391 5052 a
413 4988 629 5053 declivi
658 4964 855 5050 autem
887 4991 1052 5066 parte
1081 4977 1260 5042 Urbis
1309 4982 1527 5066 sanctae
1555 4984 1743 5066 usque
1773 4964 1847 5025 ad
1878 4964 1994 5066 flu-

353 5097 494 5142 men
508 5077 771 5153 Jordani,
790 5060 978 5155 inquo
1001 5068 1326 5151 baptizatus
1350 5071 1445 5155 est
1458 5060 1745 5155 Dominus
1770 5061 1993 5155 noster,

350 5141 489 5231 sunt
504 5141 651 5229 mill.
678 5141 850 5242 xxiv;
873 5141 1059 5226 totum
1083 5141 1229 5220 vero
1252 5152 1409 5215 istud
1430 5150 1509 5242 in_
1524 5145 1753 5242 declive
1782 5141 1991 5223 depri-

356 5256 559 5333 mitur,
595 5254 696 5316 ubi
728 5236 860 5316 fons
894 5259 984 5314 est
1011 5247 1206 5312 Mem.
1258 5247 1451 5305 Trans
1474 5236 1799 5333 _Jordanem
1828 5249 1990 5331 vero,

352 5328 554 5426 spatio
579 5345 754 5405 trium
785 5341 1027 5403 circiter
1083 5334 1232 5398 mill.
1289 5328 1587 5411 reperitur
1639 5332 1898 5426 antrum,
1932 5328 1994 5379 in

353 5410 472 5515 quo
493 5430 796 5494 habitabat
815 5430 1175 5492 Praecursor.
1197 5421 1336 5515 Erat
1355 5410 1550 5481 autem
1570 5411 1767 5515 cubile
1782 5410 1992 5515 ipsius,

351 5500 417 5586 iii
446 5541 562 5604 quo
593 5520 962 5602 quiescebat,
995 5514 1264 5579 sedicula
1301 5530 1371 5604 ex
1396 5527 1461 5571 se
1492 5510 1652 5604 nata,
1688 5519 1759 5604 ex
1784 5500 1995 5562 eodem

351 5591 495 5677 ιιιιὸ
517 5591 640 5676 sive
661 5627 869 5692 specu,
896 5591 958 5672 et
973 5622 1212 5671 camera
1255 5601 1489 5682 exigua.
1521 5594 1626 5659 Est
1650 5591 1828 5658 etiam
1857 5606 1994 5654 sca-

2077 4502 2236 4571 πάλιν
2264 4518 2338 4579 ὡς
2368 4515 2473 4571 ἀπὸ
2524 4502 2697 4591 μιλίου
2752 4514 2865 4577 ἑνός
2922 4511 3063 4568 ἐστιν
3121 4513 3148 4566 6
3201 4509 3382 4573 τόπος,
3418 4504 3470 4561 ἐν
3500 4507 3545 4577 ᾧ
3580 4502 3711 4591 ἐκά-

2076 4605 2216 4660 θισεν
2247 4607 2274 4660 6
2306 4606 2530 4677 Χριστὸς
2574 4604 2658 4659 ἐπὶ
2708 4612 2800 4660 τοῦ
2858 4599 3059 4657 πώλου.
3108 4600 3194 4661 Εἷς
3250 4597 3337 4651 τὸν
3369 4594 3521 4649 αὐτὸν
3551 4589 3711 4646 τόπον

2078 4691 2214 4749 ἐστὶν
2272 4691 2419 4748 ἐλαία
2477 4690 2527 4757 ἐξ
2582 4693 2650 4757 ἧς
2717 4686 2834 4747 κατ’
2912 4688 3145 4745 ἐνιαυτὸν
3200 4685 3452 4741 κόπτουσι
3522 4676 3713 4736 κλάδον

2075 4781 2188 4857 ἕνα,
2234 4779 2460 4844 διδόντες
2517 4782 2645 4860 ὑπὲρ
2701 4782 2857 4838 αὖτοῦ
2905 4779 2964 4833 τὸ
3016 4776 3243 4860 τίμημα,
3318 4773 3405 4827 καὶ
3449 4791 3582 4845 μετα
3622 4765 3713 4823 λι-

2075 4854 2182 4940 τῆς-
2264 4854 2721 4950 εἰσέρχονται-εἰς
2809 4868 2908 4934 τὴν
2982 4863 3135 4921 πόλιν
3212 4854 3558 4941 Ἰερουσαλὴμ
3646 4863 3715 4933 τῇ

2077 4960 2251 5041 ἡμέρᾳ
2286 4947 2701 5040 τῇᾗαϊοφόρου.
2762 4954 2897 5013 Ἀπὸ
2953 4951 3008 5009 δὲ
3063 4958 3160 5019 τῆς
3217 4950 3393 5013 ἐλαίας
3424 4947 3712 5027 διερχόμε-

2078 5074 2155 5108 νοι
2189 5037 2393 5126 ⁷μίλιον
2451 5049 2508 5104 ἓν
2535 5037 2544 5040 ν
2576 5037 2879 5128 κατώφορον
2936 5043 3184 5124 εὑρίσκεις
3256 5042 3353 5108 τὴν
3434 5037 3714 5112 Βηθανίαν,

2074 5141 2166 5196 τὸν
2222 5140 2383 5218 τάφον
2444 5145 2531 5194 τοῦ
2591 5137 2848 5216 Λαζάρου,
2908 5132 3042 5191 Ἀπὸ
3090 5130 3143 5187 δὲ
3199 5138 3291 5188 τοῦ
3349 5123 3716 5185 καταϐασιδίου

2075 5234 2173 5297 τῆς
2204 5214 2356 5306 ἁγίας
2399 5227 2635 5307 Πόλεως,
2679 5214 2779 5288 ἕως
2826 5233 2921 5283 τοῦ
2975 5229 3218 5296 ποταμοῦ
3275 5216 3552 5307 Ἰορᾷάνου,
3588 5214 3639 5271 ἐν
3672 5218 3718 5289 ᾧ

2077 5297 2362 5384 ἐϐαπτίσθη
2405 5320 2434 5374 6
2468 5297 2673 5395 Κύριος,
2731 5316 2909 5393 ἡμῶν,
2970 5312 3065 5368 εἶσὶ
3121 5308 3270 5384 μιλία
3319 5297 3423 5366 κδ’.
3457 5297 3715 5384 ιι’πάρχει

2077 5404 2133 5462 δὲ
2162 5403 2285 5464 ὅλον
2313 5405 2641 5485 κατώφορον,
2671 5403 2723 5459 ἐν
2774 5406 2820 5476 ᾧ
2874 5401 2985 5458 ἐστι
3039 5400 3127 5457 καὶ
3183 5396 3336 5476 πηγὴ
3386 5399 3485 5461 τῆς
3517 5398 3715 5472 Μερᾶς.

2079 5495 2247 5576 Πέραν
2293 5492 2349 5551 δὲ
2399 5481 2492 5554 του
2531 5481 2800 5573 -Ἰορδάνου
2848 5492 2921 5554 ὡς
2978 5489 3084 5545 ἀπὸ
3138 5484 3347 5576 μιλίων,
3406 5489 3561 5576 τριῷν
3608 5481 3721 5576 ἐστι

2076 5556 2372 5662 σπηλαιον,
2401 5585 2475 5648 εἷς
2506 5584 2535 5641 ὃ
2564 5556 2691 5659 ᾤκει
2747 5583 2777 5639 6
2834 5556 3159 5662 Hpﬁpopoc'.
3204 5556 3350 5638 Ἐστι
3406 5556 3463 5631 δῖ
3488 5574 3526 5643 ἡ
3565 5572 3720 5639 κοίτη
