4068 6112
450 309 563 376 271
1021 276 1026 302 ⁵
1330 313 1731 382 EPIPHANII
1771 315 2056 380 MONACI

2205 314 2606 423 NARRATID
2645 315 2916 377 SYRIzE.
3699 309 3811 378 272

450 440 752 504 Prodomi.
782 440 1016 508 Deinde
1063 442 1138 506 ad
1182 449 1446 506 austrum
1496 445 1818 526 speluncae,
1853 445 2056 508 circite

2208 447 2451 514 ικλησίας
2481 449 2696 504 "erant
2747 447 2970 526 ὃλίθος,
3032 445 3086 502 ἐν
3143 448 3188 522 ᾦ
3243 447 3374 514 ἵστη
3433 450 3461 504 6
3491 447 3814 530 Πρόδρομος,

451 530 684 594 duobus
713 532 978 596 millibus
1033 552 1332 615 passuum,
1389 534 1494 596 ubi
1534 535 1707 597 Lothi
1737 544 1868 605 stat,
1905 536 2057 597 inSta

2211 539 2292 592 νθα
2349 534 2595 593 ἐϐάπτισε
2649 537 2739 591 τὸν
2799 535 3040 614 Χριστόν,
3107 537 3203 593 Καὶ
3257 535 3420 613 πέραν
3479 544 3571 592 τοῦ
3619 535 3817 618 Ἰορδά-

451 619 742 682 columnae
767 621 930 697 salis,
955 631 1113 684 retro
1137 622 1454 704 aspiciens.
1485 622 1676 704 Atque
1705 624 1778 685 ad
1801 625 2057 686 orientem

2211 646 2263 680 ου
2292 627 2364 688 ὼς
2395 625 2500 681 ἀπὸ
2557 623 2730 700 μιλίου
2786 623 2900 688 ἑνός
2957 623 3065 679 ἐστι
3121 625 3183 678 τὸ
3224 623 3496 694 σπήλαιον
3557 635 3648 684 τοῦ
3679 633 3817 704 Προ-

446 706 636 790 ipsius
671 716 760 771 est
786 710 1054 772 foramen
1103 711 1380 773 emittens
1408 710 1674 784 fumum;
1708 720 1886 792 atque
1918 704 2052 790 egre

2212 713 2388 792 ρόμου.
2449 716 2546 770 Καὶ
2603 715 2730 792 πρὸς
2790 713 2938 769 νότον
2997 719 3088 768 τοῦ
3138 711 3399 778 σπηλαίου
3457 717 3530 778 ὡς
3585 715 3691 771 ἀπὸ
3725 737 3818 789 μι-

449 796 609 860 ditur
632 817 742 860 vox
801 818 835 861 e
881 799 1195 876 foramine,
1255 799 1502 863 dicens:
1562 802 1666 862 Vae
1695 801 1990 864 Sodomis.
2026 803 2055 862 Ε

2212 805 2300 858 ίων
2356 801 2466 875 δύο,
2522 801 2734 858 ἵσταται
2793 803 2827 868 ἡ
2885 801 3016 878 γδνῆ
3085 811 3177 860 τοῦ
3234 803 3376 880 Λὼτ,
3435 802 3607 873 στήλη
3666 803 3815 878 ἁλὸς,

447 885 604 948 fama
632 895 744 968 est,
773 887 1134 969 spiraculum
1193 906 1325 951 esse
1370 890 1534 966 Orci,
1588 888 1692 951 ubi
1720 898 1858 952 sunt
1886 890 2053 951 vincti

2209 891 2440 948 λέπουσα
2492 891 2722 948 ὄπισθεν.
2785 893 2882 948 Καὶ
2949 891 3076 969 πρὸς
3133 889 3394 956 ἀνατολὴν
3455 892 3617 959 αὒτῆς
3678 893 3815 948 ἐστιν

445 975 554 1044 ὀπὴ
599 974 924 1060 ἐκϐάλλοιξσα
952 981 1175 1054 καπνὸν,
1208 979 1297 1036 καὶ
1326 977 1595 1059 ἐξέρχεται
1637 979 1772 1060 φονὴ
1803 979 1863 1036 ἐκ
1891 985 1989 1048 τῆς
2015 981 2176 1052 ὀπῆς,
2205 979 2453 1058 λέγουσα,
2487 980 2612 1038 Οὐαὶ
2665 980 2731 1035 τὰ
2771 976 3005 1054 Σοδόμα,
3053 980 3154 1036 Καὶ
3181 979 3387 1059 φέρεται
3419 981 3446 1034 ὁ
3477 978 3635 1058 λόγος
3666 979 3746 1038 ὅτι
3777 983 3811 1049 ἡ

443 1064 684 1134 ἀναπνοὴ
713 1075 804 1124 τοῦ
837 1053 983 1142 ᾍδου
1012 1053 1170 1144 ἐστὶν,
1206 1069 1327 1127 ῗνθα
1356 1053 1766 1144 εἰσῖνδεδεμένοι.

525 1155 733 1216 Postea
763 1174 798 1218 a
824 1155 1117 1238 baptismo
1147 1157 1388 1233 Christi,
1449 1155 1810 1236 longitudine
1841 1163 2090 1237 quatuor

2251 1154 2384 1213 Ἀπὸ
2441 1153 2494 1211 δὲ
2544 1161 2642 1222 τῆς
2695 1157 2992 1232 βαπτίσεως
3051 1161 3142 1212 τοῦ
3200 1161 3423 1234 Χριστοῦ
3473 1154 3538 1212 δι’
3599 1159 3813 1238 ἡμερῶν

443 1240 701 1322 dierum,
724 1243 838 1306 iter
853 1245 925 1308 ad
953 1244 1162 1308 urbem
1185 1244 1546 1320 Tiberiadis,
1570 1245 1640 1306 ad
1677 1243 1834 1307 littus
1859 1245 2049 1326 paludi

2206 1246 2430 1325 εσσάρων
2501 1244 2794 1324 ἀπέρχεται
2856 1246 2927 1308 εἷς
3000 1245 3096 1312 τὴν
3175 1243 3329 1300 πόλιν
3387 1243 3685 1320 Τιϐεριάδος
3741 1249 3812 1311 εἷς

443 1349 618 1413 aqua
661 1331 953 1396 Jordanes
1001 1337 1156 1396 exit:
1214 1333 1318 1396 ubi
1365 1334 1540 1396 etiam
1599 1335 1848 1414 apostoli
1883 1335 2049 1416 piscal

2205 1337 2255 1389 ὸν
2302 1331 2541 1411 αἰγιαλὸν
2599 1339 2694 1399 τῆς
2751 1331 2962 1408 λίμνης,
3025 1332 3138 1388 ὅθεν
3196 1331 3464 1412 ἐξέρχεται
3518 1331 3811 1414 Ἰορδάνης,

439 1433 602 1484 sunt.
634 1423 688 1484 A
715 1421 1030 1485 Tiberiade
1079 1441 1220 1485 vero
1277 1423 1352 1485 ad
1410 1430 1673 1484 montem
1705 1422 1964 1504 Thabor,
1999 1441 2045 1484 es

2209 1425 2285 1479 νθα
2313 1424 2400 1478 καὶ
2447 1425 2494 1478 οἱ
2550 1421 2834 1478 ἀπόστολοι
2892 1421 3168 1488 ἡλίεοσαν.⁸
3225 1419 3356 1478 Ἀπὸ
3417 1419 3469 1476 δὲ
3524 1429 3622 1489 τῆς
3655 1423 3815 1482 Τιϐε-

440 1508 814 1572 intervallum
845 1510 1022 1572 unius
1049 1510 1172 1574 diei
1199 1531 1212 1572 :
1268 1517 1408 1574 sunt
1437 1520 1635 1574 autem
1665 1511 1739 1573 ad
1768 1530 2046 1572 ascensur

2211 1509 2374 1599 4230;"
2400 1510 2500 1574 ἕως
2557 1517 2649 1568 τοῦ
2705 1508 2866 1590 ὅρους,
2913 1508 3098 1588 Θαὸώρ
3139 1509 3278 1566 ἐστιν
3322 1506 3586 1585 διάστημα
3613 1514 3817 1592 ἡμέρας

442 1599 662 1689 montis
686 1599 972 1678 graduum
1002 1607 1255 1680 quatuor
1283 1599 1484 1689 Amillia
1531 1607 1798 1662 trecenta
1827 1599 2048 1689 quadra

2211 1605 2316 1662 ιᾶς.
2363 1596 2494 1657 Ἐστι
2522 1597 2577 1654 δὲ
2606 1601 2666 1654 τὸ
2714 1596 2881 1657 ἀνάϐα
2938 1608 3030 1656 τοῦ
3086 1596 3480 1689 ὅρουςνσκαλὶα
3535 1621 3817 1680 τετρακισ-

438 1685 640 1766 ginta:
671 1687 872 1769 ibique
903 1695 994 1750 est
1017 1706 1184 1751 sacra
1208 1687 1460 1751 aedicula
1485 1695 1545 1751 et
1568 1689 1810 1752 abbates
1853 1688 2044 1750 duode

2211 1687 2316 1746 ίλια
2396 1689 2667 1766 τριακόσια
2750 1689 3154 1767 τεσσαράκοντα.
3248 1685 3387 1744 Ἐστι
3490 1687 3544 1744 δὲ
3623 1689 3814 1771 λαύρα,

439 1776 575 1840 cim.
604 1776 872 1859 Itemque
901 1797 936 1840 a
963 1779 1115 1841 colle
1169 1778 1408 1842 Thabor
1459 1787 1548 1842 est
1595 1779 1709 1841 iter
1754 1779 1932 1840 unius
1961 1779 2045 1840 die

2207 1775 2385 1841 ϐὃάδες
2415 1775 2638 1838 δώδεκα.
2669 1779 2765 1835 Καὶ
2813 1778 2918 1833 ἀπὸ
2947 1780 3007 1832 τὸ
3063 1774 3272 1856 Θαϐὼρ,
3331 1777 3468 1834 ἐστιν
3516 1777 3634 1842 ὁδὸς
3665 1781 3813 1856 ἡμέ-

435 1885 626 1948 usque
655 1868 728 1930 ad
759 1867 1041 1950 oppidum
1062 1887 1362 1949 magnum,
1391 1868 1546 1950 quod
1564 1869 1625 1930 in
1647 1868 1800 1932 Cana
1827 1867 2041 1931 Galilei:

2203 1889 2253 1930 ις
2285 1873 2408 1942 μιᾶς
2437 1865 2537 1930 ἕως
2594 1871 2690 1933 τῆς
2747 1865 2954 1928 πόλεως
3011 1871 3109 1932 τῆς
3165 1865 3403 1944 μεγάλης
3450 1876 3546 1938 τῆς
3577 1866 3629 1921 ἐν
3663 1876 3809 1926 Κανᾶ

436 1964 558 2020 est:
582 1957 645 2018 in
667 1975 780 2036 qua
801 1957 974 2049 etiam
1011 1957 1181 2022 facta;
1221 1967 1375 2049 sunt_
1397 1960 1637 2049 nuptiae,
1676 1957 1782 2020 ubi
1812 1955 2042 2049 Christu

2197 1961 2257 2022 ἧς
2287 1955 2588 2027 Γαλιλαίας,
2622 1955 2676 2010 ἐν
2819 1955 3088 2049 γέγονενὲ
3147 1955 3344 2035 γάμος,
3403 1953 3520 2011 ἔνθα
3552 1956 3803 2024 ἐποίησεν

433 2063 646 2128 aquam
676 2049 735 2109 in
769 2047 963 2109 vinum
989 2048 1304 2111 convertit.
1332 2047 1630 2111 Estetiam
1652 2046 2039 2108 monasteriur

2245 2045 2468 2122 Χριστὸς
2519 2046 2580 2099 τὸ
2634 2041 2767 2123 ὕδωρ
2824 2045 2998 2104 οἶνον.
3061 2041 3200 2100 Ἐστι
3255 2041 3309 2099 δὲ
3340 2046 3715 2126 μοναστήριον,
3753 2046 3807 2102 ἐν

429 2132 495 2196 in
525 2154 642 2216 quo
673 2135 1022 2198 miraculum
1055 2136 1274 2198 factum
1307 2146 1420 2199 est.

1141 2145 1274 2198 :tum
1307 2146 1420 2199 est.
2157 2133 2204 2205 ᾧ
2231 2131 2290 2186 τὸ
2319 2134 2492 2206 θαῦμα
2519 2130 2747 2208 ἐγένετο,

513 2223 744 2287 Deinde
773 2225 847 2287 ad
868 2223 1256 2288 Occidentem
1277 2224 1533 2289 Galilaeae
1564 2242 1751 2305 usque
1776 2224 1847 2286 ad
1867 2225 2075 2286 horam

2240 2221 2340 2278 Καὶ
2367 2221 2496 2299 πρὸς
2544 2218 2684 2276 δύσιν
2741 2225 2838 2286 τῆς
2895 2217 3175 2281 Γαλιλαίας
3231 2217 3422 2296 μέχρις
3474 2217 3615 2297 ὥρας
3646 2217 3812 2287 ἕκτης

431 2320 656 2375 sextam
679 2313 957 2394 pervenis
975 2313 1048 2376 ad
1075 2321 1328 2396 pratum,
1353 2315 1456 2376 ubi
1494 2304 1767 2377 recubuit
1799 2313 2037 2394 populus

2209 2307 2372 2388 τὲρχῃ
2405 2310 2474 2370 εἷς
2539 2309 2598 2364 τὸ
2653 2306 2908 2387 λιϐάδων,
2969 2305 3087 2362 ἔνθα
3150 2304 3481 2398 malum!)
3537 2305 3686 2381 λαδῆ
3724 2316 3815 2370 καὶ

435 2408 496 2464 et
537 2392 808 2464 Christus
864 2392 1131 2484 quinque
1176 2423 1360 2484 panes
1405 2403 1726 2466 distribuit.
1789 2392 2040 2463 Praetere

2198 2394 2376 2452 ἔδωκεν
2407 2399 2435 2452 6
2491 2399 2711 2474 Χριστὸς
2767 2397 2888 2458 τοὺς
2941 2394 3095 2452 πέντε
3154 2392 3359 2472 ἄρτους,
3423 2392 3566 2452 Ἐστι
3627 2393 3680 2450 δὲ
3741 2398 3804 2451 τὸ

431 2495 660 2571 pratum
675 2490 744 2552 ad
761 2483 918 2552 medi
928 2483 1154 2552 tullium
1169 2483 1344 2554 situm
1360 2500 1450 2553 est
1461 2491 1695 2573 paludis
1707 2490 2037 2554 Genesaret

2204 2483 2387 2541 ,ϐάδιον
2440 2483 2702 2558 ἆναμέσον
2757 2489 2854 2550 τῆς
2937 2483 3128 2558 λίμνης
3186 2483 3504 2560 Γεννησαρὲτ,
3564 2485 3652 2540 καὶ
3708 2489 3810 2550 τῆς

430 2567 500 2640 ac
530 2577 714 2640 maris
771 2578 1128 2641 Tiberiadis.
1181 2580 1274 2642 Ad
1332 2567 1608 2642 occasum
1659 2587 1856 2641 autem
1886 2579 2036 2660 ipsiu

2201 2568 2422 2638 κλάσσης
2480 2575 2576 2637 τῆς
2645 2568 2965 2648 Τιϐεριάδος.
3029 2571 3127 2628 Καὶ
3178 2572 3308 2648 πρὸς
3363 2567 3500 2626 δύσιν
3558 2580 3650 2629 τοῦ
3705 2575 3807 2629 αὒ-

431 2665 606 2748 prati,
640 2667 1063 2730 monasterium
1082 2676 1171 2730 est
1200 2687 1270 2729 eo
1300 2668 1439 2743 loci,
1492 2667 1595 2728 ubi
1624 2667 1891 2731 Christus
1913 2655 2034 2728 allo

2195 2667 2250 2716 οὗ
2303 2655 2532 2714 λιϐαδίου
2591 2658 2698 2714 ἐστὶ
2741 2660 3116 2738 μοναστσιςριον,
3174 2657 3226 2714 ἐν
3287 2659 3333 2731 ᾦ
3391 2659 3538 2732 τόπῳ
3595 2657 3801 2724 ἐλάλη-

431 2745 602 2818 cutus
635 2762 725 2816 est
753 2753 1218 2818 Samaritanam:
1272 2764 1330 2818 et
1356 2756 1428 2818 ad
1466 2755 1660 2836 ipsum
1693 2773 1856 2817 mare
1888 2775 2035 2836 prop

2194 2766 2248 2800 εν
2303 2748 2329 2802 ὁ
2385 2747 2607 2824 Χριστὸς
2663 2751 2728 2822 τῇ
2772 2745 3150 2825 Σαμαρείτιδι·
3213 2748 3297 2802 καὶ
3353 2749 3423 2808 εἷς
3481 2747 3577 2812 τὴν
3639 2747 3799 2812 αὗτὴν

429 2841 615 2920 littus,
649 2850 740 2905 est
757 2844 1032 2921 ecclesia,
1085 2844 1186 2907 ubi
1217 2852 1332 2908 stat
1363 2833 1654 2916 Christus,
1688 2845 1790 2906 ubi
1823 2833 2035 2906 focus}

2193 2833 2418 2891 άλασσαν
2494 2837 2566 2897 εἷς
2647 2837 2736 2890 τὸν
2817 2834 3050 2914 αἰγιαλόν
3136 2834 3273 2890 ἐστιν
3341 2833 3616 2912 ἐκκλησία,
3681 2835 3799 2889 ἔνθα

430 2930 792 3012 pisciculus:
822 2933 1155 3014 eodemque
1179 2933 1238 2994 in
1259 2933 1392 2996 loco
1417 2935 1628 2996 Petrus
1651 2951 1813 2996 mare
1829 2933 2036 3016 pedibu

2194 2945 2372 2979 σταται
2428 2926 2456 2980 6
2511 2926 2756 3002 Χριστὸς,
2823 2925 2876 2980 ἐν
2934 2926 2978 2998 ᾧ
3041 2925 3128 2980 καὶ
3184 2926 3217 2990 ἡ
3277 2923 3546 3001 ἀνθρακιὰν,
3605 2924 3694 2978 καὶ
3738 2923 3800 2977 τὸ

431 3010 702 3098 calcavit,
734 3040 924 3104 eoque
953 3010 1176 3086 calcato
1206 3023 1465 3105 perrexit
1495 3023 1570 3086 ad
1597 3010 1926 3086 Christum.

2193 3013 2400 3090 ᾠάριον.
2431 3013 2519 3074 Εἷς
2570 3010 2622 3067 δὲ
2678 3015 2767 3067 τὸν
2821 3013 2976 3070 αὐτὸν
3033 3012 3191 3068 τόπον
3251 3012 3502 3081 πεξεύσας
3545 3013 3572 3066 6
3604 3010 3799 3091 Πέτρος

2095 3129 2138 3192 C
2156 3100 2209 3156 ἐν
2240 3099 2475 3177 θαλάσσῃ
2505 3099 2632 3168 ἦλθε
2660 3103 2790 3180 πρὸς
2819 3103 2906 3157 τὸν
2941 3103 3178 3179 Χριστὸν.

509 3187 740 3252 Deinde
786 3189 860 3252 ad
898 3190 1292 3268 occidentem,
1326 3191 1564 3256 circiter
1593 3193 1771 3255 unius
1800 3191 1921 3254 diei
1968 3192 2069 3254 iti-
2103 3186 2115 3192 “

2233 3190 2332 3245 Καὶ
2356 3190 2484 3266 πρὸς
2542 3187 2681 3246 δύσιν
2741 3193 2894 3247 αὒτοῦ
2948 3193 3020 3253 ὡς
3078 3189 3278 3268 ἡμέρας
3338 3194 3460 3264 μιᾶς
3511 3186 3630 3246 ὁδόν
3663 3188 3801 3246 ἐστιν

427 3294 598 3354 nere,
622 3285 710 3340 est
729 3276 1045 3340 Nazareth:
1076 3279 1374 3361 Deinceps
1393 3297 1426 3340 a
1457 3281 1612 3344 Cana
1642 3279 1894 3343 Galilaeaz
1923 3299 2028 3361 pro

2246 3277 2499 3358 Ναζαρέτ,
2564 3277 2697 3334 Ἀπὸ
2755 3277 2808 3333 δὲ
2866 3285 3010 3336 Κανᾶ
3068 3284 3166 3346 τῆς
3223 3277 3504 3342 Γαλιλαίας
3558 3279 3799 3359 κατέρχῃ

427 3364 716 3428 ﬁcisceris
730 3367 804 3428 ad
815 3375 1076 3429 sanctam
1101 3367 1306 3430 urbem
1319 3369 1766 3444 Alexandriam,
1781 3369 2033 3450 etingres

2191 3391 2224 3432 ,ς
2281 3369 2376 3435 τὴν
2425 3368 2576 3445 ἁγίαν
2631 3367 2784 3424 πόλιν
2865 3365 3280 3447 Ἀλεξάνδρειαν,
3340 3371 3427 3425 καὶ
3485 3370 3797 3450 εἰσερχόμε-

429 3471 532 3515 sus
578 3454 900 3535 navigium,
932 3455 1040 3519 Dei
1070 3475 1184 3536 ope
1211 3456 1342 3520 abis
1396 3457 1470 3518 ad
1525 3457 1896 3536 Romaniam,
1924 3449 2035 3520 cun

2188 3482 2236 3522 ac
2294 3461 2368 3522 εἷς
2419 3457 2610 3516 πλοῖον
2665 3465 2732 3535 τῇ
2814 3469 2904 3518 τοῦ
2983 3467 3113 3516 Θεοῦ
3198 3463 3413 3537 βοηθείᾷ
3470 3459 3665 3540 ἐξέρχῃ
3724 3461 3794 3522 εἷς

429 3541 548 3604 ﬁde
575 3551 635 3604 et
685 3543 991 3606 alacritate
1037 3545 1244 3608 multa.
1299 3546 1594 3609 Caeterum
1623 3545 1688 3622 ii,
1723 3566 1973 3628 quorum
2004 3547 2035 3607 i1

2185 3549 2438 3624 Ρωμανὶαν
2495 3548 2628 3623 μετὰ
2667 3548 2910 3612 πίστεὶως
2964 3551 3052 3604 καὶ
3107 3550 3396 3628 προθυμίας
3457 3547 3690 3614 πολλῆς.
3753 3556 3791 3604 0

428 3649 638 3693 manus
656 3631 852 3694 veniet
891 3631 1175 3714 scriptum
1209 3635 1322 3695 hoc
1351 3633 1583 3695 minimi
1613 3635 1890 3697 monachi
1919 3634 2028 3716 Epi

2187 3637 2640 3716 ὲέντυγχάνοντες
2695 3635 2819 3714 τῇ,δέ
2877 3659 2977 3712 μου
3032 3643 3099 3714 τῇ
3153 3642 3328 3716 γραφῇ
3383 3642 3474 3692 τοῦ
3503 3634 3793 3715 ἐλαχίστου

429 3719 654 3801 phanii,
689 3728 860 3782 orent
888 3739 994 3801 pro
1026 3740 1122 3783 me
1154 3740 1262 3801 per
1288 3723 1608 3786 Dominum
1635 3745 1648 3782 :
1702 3743 1840 3786 nam
1875 3743 1945 3786 ex
1977 3743 2035 3786 re

2185 3726 2453 3806 Ξπιφανίου
2511 3736 2770 3806 μοναχοῦ,
2860 3724 3073 3806 εῧχεσθε
3156 3727 3284 3806 ὑπὲρ
3356 3724 3483 3800 ἐμοῦ
3558 3721 3644 3780 διὰ
3700 3727 3791 3780 τὸν

425 3807 676 3872 veritate
703 3817 864 3872 certa
885 3809 1120 3890 scripsi,
1137 3811 1450 3891 juxtaloca
1492 3831 1622 3892 qua;
1654 3815 1980 3894 peragravi,
2009 3833 2031 3875 ε

2187 3816 2334 3892 ,ύριον
2367 3831 2380 3844 ⁶
2444 3815 2541 3882 τὴν
2595 3816 2694 3894 γὰρ
2772 3821 2946 3871 πᾶσαν
3023 3813 3270 3883 ἀλήθειαν
3330 3812 3560 3893 ἔγραψα,
3617 3815 3793 3878 καθὼς

424 3897 548 3959 vidi
578 3898 766 3960 oculis
797 3899 976 3962 meis.
997 3898 1108 3972 Qui
1137 3919 1274 3962 vero
1306 3901 1479 3963 aliter
1509 3893 1766 3977 enarrat,
1799 3893 2030 3982 seipsur

2189 3903 2544 3982 εριεπόλευσα,
2605 3893 2694 3959 καὶ
2752 3903 2895 3961 εἶδον
2953 3904 3159 3966 οἰκείοις
3235 3902 3555 3984 ὀφθαλμοῖς,
3623 3893 3680 3960 εΟ
3739 3901 3794 3958 δὲ

426 3986 669 4067 decipit,
695 3988 1000 4050 veritatem
1019 4008 1134 4051 non
1155 3989 1511 4070 percipiens.
1538 3989 2032 4053 GratiamDominl

2189 3992 2322 4056 λλως
2377 3991 2723 4070 διηγούμενος
2803 3994 2986 4048 ἑαυτὸν
3077 3998 3402 4072 φρεναπατᾷ,
3465 3992 3542 4067 μὴ
3603 3995 3795 4054 συνιεὶς

424 4073 790 4164 Βοογῂεώεο,
825 4077 928 4158 qui
959 4077 1362 4139 corroboravit
1399 4097 1600 4140 servos
1629 4099 1767 4141 suos
1796 4080 1872 4142 ad
1905 4082 2030 4160 ejus

2187 4085 2242 4152 ἦν
2273 4083 2544 4154 ἀλήθειαν,
2605 4085 2766 4164 Χάρις
2825 4082 2878 4138 δὲ
2935 4089 3010 4158 τῷ
3069 4090 3184 4159 Θεῷ
3238 4091 3315 4157 τῷ
3369 4081 3793 4158 ἐνδυναμώσαντι

427 4163 590 4224 modi
619 4164 736 4228 iter
763 4167 1228 4246 aggrediendum
1261 4169 2018 4248 etspectaculaintuendum

2190 4175 2265 4236 >ὺς
2320 4177 2476 4232 αὐτοῦ
2559 4163 2772 4236 δούλους
2857 4175 2987 4252 πρὸς
3071 4173 3170 4242 τὴν
3229 4174 3478 4240 τοιαύτην
3535 4169 3652 4228 ὁδὸν
3706 4172 3796 4228 καὶ

427 4252 709 4342 quoniam
755 4253 953 4334 ipsum
1013 4257 1084 4319 D.
1135 4253 1207 4318 N.
1267 4255 1441 4318 decet
1486 4256 1672 4336 gloria
1700 4277 1833 4320 cum
1866 4257 2033 4320 Patre

2189 4264 2384 4342 εωρίαν,
2455 4261 2536 4318 ὅτι
2597 4267 2737 4336 αὒτῷ
2791 4262 2976 4341 πρέπει
3031 4263 3066 4329 ἡ
3121 4260 3242 4328 δόξα
3298 4263 3390 4318 σὺν
3441 4267 3518 4336 τῷ
3574 4261 3795 4340 ἀνάρχφ

419 4339 708 4432 principio
759 4351 1024 4432 carente,
1077 4351 1137 4407 et
1190 4345 1518 4408 viviﬁcante
1576 4354 1778 4408 sancto
1813 4345 2025 4429 Spiritu

2177 4339 2326 4432 [ατρὶ,
2413 4353 2502 4408 καὶ
2577 4339 2841 4426 ζωοποιῷ-
2903 4353 2990 4406 καὶ
3071 4351 3207 4429 ἁγίῳ
3284 4351 3571 4425 Πνεύματι,
3626 4339 3783 4424 τιμὴ,

417 4429 616 4490 honor
643 4436 702 4520 et
746 4429 1012 4495 adoratio
1065 4451 1228 4496 nunc
1285 4440 1342 4495 et
1397 4450 1634 4516 semper
1683 4441 1743 4497 et
1788 4433 1851 4496 in
1881 4455 2019 4498 omn

2179 4443 2228 4496 αὶ
2257 4429 2634 4520 προσκύνησις,
2678 4445 2764 4497 νῦν
2823 4441 2911 4496 καὶ
2967 4439 3070 4512 ἀεὶ,
3129 4440 3218 4494 καὶ
3270 4439 3345 4502 εἷς
3401 4437 3522 4500 τοὺς
3566 4436 3783 4498 αἰῶνας.

417 4533 635 4580 avum.
665 4518 880 4585 Amen.

727 4536 880 4585 men.
2138 4518 2333 4606 Ἀμήν.
