4068 6112
300 308 420 374 273

1246 317 1344 379 DE
1387 316 1805 381 RELIGIONE
1847 316 2319 381 GHRISTIANA
2360 318 2736 380 LIBELLUS

3554 317 3672 384 974

1007 626 1185 733 DE
1280 620 2039 734 RELIGIONE
2128 620 2975 731 CHRISTIANA

1644 857 2332 964 LIBELLUS

925 1116 1005 1176 Ex
1075 1112 1406 1194 Epiphanio
1474 1111 1537 1173 in
1603 1111 1874 1175 Latinum
1947 1125 1980 1167 a
2053 1106 2226 1168 Petro
2303 1107 2379 1170 de
2448 1108 2645 1170 Monte
2720 1108 3043 1173 traductus.

410 1306 633 1372 (Latina
661 1315 884 1367 tantum
909 1307 1061 1379 apud
1087 1308 1155 1365 D.
1187 1307 1441 1365 Emman.
1477 1324 1503 1364 a
1538 1305 1913 1365 Schelestrate
1941 1304 2002 1360 in
2031 1302 2171 1360 actis
2198 1301 2503 1361 Orientalis
2531 1302 2812 1371 Ecclesiae,
2847 1318 2903 1373 p.
2940 1304 3031 1363 52.
3062 1305 3254 1364 Romae
3285 1303 3423 1363 1739
3449 1305 3567 1379 t‘ol.)

378 1665 712 1731 Christiane
744 1671 1046 1750 religionis
1074 1692 1267 1735 veram
1324 1680 1584 1735 sanctam
1619 1689 1944 1751 puramque
1969 1673 2135 1743 Aest,
2166 1686 2343 1748 quam
2367 1675 2584 1730 nostrae
2614 1670 2943 1732 inﬁrmitati
2972 1667 3392 1745 ascribendum
3418 1676 3526 1743 est,
3546 1690 3676 1752 qua

298 1773 434 1817 esse
464 1757 821 1839 doctrinam,
858 1780 1032 1840 quam
1086 1763 1339 1841 plurima
1390 1762 1558 1823 nobis
1591 1760 1951 1820 documenta

297 1853 458 1918 sunt,
497 1864 627 1925 quae
650 1848 699 1906 si
728 1857 913 1923 recte,
942 1851 989 1909 si
1016 1851 1108 1929 pie
1158 1850 1538 1913 considerare
1563 1850 1947 1919 voluerimus,

298 1932 691 2012 intelligimus
716 1938 977 2015 profecto
1001 1959 1208 2001 omnes
1231 1941 1373 2000 alias
1411 1938 1726 2017 religiones
1749 1937 1944 2005 falsas,

302 2021 492 2093 ﬁctas,
531 2024 737 2087 inanes
754 2045 819 2087 ac
858 2030 1324 2107 superstitiosas,
1361 2030 1510 2089 hanc
1542 2045 1680 2088 vero
1717 2026 1951 2087 unicam

300 2112 568 2172 veritatis
628 2113 1080 2196 indagatricem,
1144 2118 1658 2196 inventricemque
1717 2116 1946 2175 fuisse:

300 2201 585 2280 reliquas,
624 2221 754 2282 qua)
803 2194 1058 2281 terreha,
1121 2207 1467 2285 temporalia
1521 2194 1694 2284 atque
1726 2203 1954 2280 fragilia

304 2296 463 2357 sunt,
490 2288 612 2349 suis
635 2291 1118 2355 observatoribus
1152 2294 1451 2372 polliceri:
1509 2295 1657 2354 hanc
1690 2292 1953 2353 coelesti-

310 2375 421 2437 bus
444 2377 681 2437 zeternis
720 2383 787 2439 ac
820 2380 1405 2443 incommutabilibus
1430 2382 1623 2459 bonis,
1661 2390 1947 2463 perpetua

306 2465 564 2545 denique
590 2468 1144 2531 t'elicitateuultores
1185 2492 1323 2531 suos
1355 2470 1733 2532 ornatissime
1765 2471 1946 2531 deco-

301 2573 457 2615 rare.
496 2555 715 2616 Verum
745 2560 815 2617 ad
849 2560 1024 2638 hujus
1056 2570 1267 2621 nostra!
1312 2560 1618 2639 religionis
1645 2560 1946 2621 veritatem

307 2645 639 2723 pertingere
672 2646 953 2726 cupienti,
1006 2651 1519 2729 peruecessarium
1553 2658 1641 2710 est
1688 2649 1947 2709 animam

306 2732 462 2792 vitiis
492 2752 731 2804 exuere,
765 2737 976 2797 vestire
1032 2737 1365 2810 virtutibus,
1429 2747 1486 2797 et
1533 2747 1757 2816 sancte,
1787 2738 1947 2817 juste

305 2829 480 2899 atque
510 2821 858 2883 innocenter
886 2825 1058 2884 vitam
1090 2826 1331 2888 ducere.
1372 2828 1536 2888 Sicut
1559 2827 1716 2886 enim
1750 2827 1949 2905 lingua

2033 1777 2168 1820 cum
2201 1776 2268 1818 ex
2298 1758 2556 1837 peccatis
2581 1759 2873 1839 praecipue
2895 1759 3217 1839 proveniat,
3250 1777 3370 1820 non
3406 1760 3669 1840 profecto

2033 1846 2228 1907 reddit
2261 1846 2331 1907 ad
2356 1848 2509 1908 hanc
2522 1847 2843 1908 sublimem
2862 1846 3167 1908 veritatem
3183 1847 3675 1910 considerandam

2034 1936 2368 1997 inferiores.
2390 1935 2668 2016 Quisquis
2690 1935 2867 2014 igitur
2902 1934 3025 1996 vult
3054 1932 3402 1999 Christiana;
3427 1937 3676 2015 religio-

2036 2025 2127 2085 nis
2150 2023 2494 2102 dignitatem
2525 2034 2697 2105 atque
2728 2023 3138 2086 excellentiam
3169 2025 3679 2105 apprimeintelli-

2032 2131 2192 2190 gere,
2229 2113 2479 2193 ejusque
2507 2113 2847 2175 reconditos
2902 2114 3210 2175 thesauros
3239 2112 3477 2195 intueri,
3515 2115 3682 2194 prius

2038 2203 2268 2263 studeat
2298 2220 2463 2262 suam
2515 2221 2764 2282 purgare
2820 2201 3289 2277 conscientiam;
3340 2209 3396 2264 et
3425 2202 3679 2266 latebras

2038 2291 2249 2352 animae
2281 2308 2402 2350 suae
2430 2291 2750 2368 diligenter
2778 2291 3106 2373 inquirens,
3128 2291 3178 2351 si
3199 2291 3340 2372 quid
3361 2291 3676 2369 invenerit,

2039 2378 2194 2459 quod
2244 2380 2434 2440 lteum
2492 2379 2704 2441 merito
2764 2385 2947 2458 possit
3003 2380 3326 2455 offendere,
3385 2379 3443 2441 id
3473 2382 3678 2461 procul

2032 2467 2292 2547 abjiciat,
2330 2485 2514 2547 seque
2545 2467 2830 2529 mundum
2863 2486 2931 2529 ac
2988 2486 3197 2549 purum
3229 2468 3674 2548 receptaculum

2030 2559 2154 2619 Deo
2188 2563 2492 2637 praeparet.
2548 2556 2622 2616 Et
2668 2574 3003 2637 quanquam
3057 2574 3165 2618 nos
3204 2558 3363 2618 velut
3401 2557 3676 2620 homines

2033 2646 2287 2725 peccatis
2345 2644 2586 2706 obnoxii
2648 2646 2848 2726 (nemo
2907 2646 3089 2719 enim,
3152 2653 3217 2706 ut
3270 2645 3461 2726 inquit
3512 2645 3677 2709 Scri-

2031 2743 2202 2813 ptura
2230 2734 2276 2809 9,
2310 2733 2552 2813 gloriari
2581 2741 2777 2815 potest
2806 2734 3099 2796 mundum
3133 2752 3198 2796 se
3244 2733 3469 2797 habere
3519 2735 3673 2817 cor),

2030 2842 2304 2884 curamus
2333 2831 2532 2886 tamen
2563 2844 2739 2904 quam
2776 2824 3211 2905 maximeatque
3243 2825 3318 2886 ad
3341 2825 3399 2885 id
3434 2844 3673 2888 omnem

304 2909 559 2970 febrium
590 2913 908 2973 ardoribus
941 2915 1259 2993 przepedita
1288 2916 1403 2976 vini
1437 2916 1811 2977 dulcedinem
1844 2923 2010 2993 gu-B
2030 2912 2431 2992 impendimus
2463 2931 2708 2992 operam
2741 2922 2803 2974 ut
2832 2913 2894 2974 in
2925 2913 3135 2976 semita
3164 2912 3500 2975 divinorum
3516 2933 3677 2976 man-

306 3007 461 3058 stare
492 3018 609 3060 non
641 3010 838 3080 potest
867 3025 882 3073 ;
919 3009 1018 3062 aut
1047 3004 1258 3064 oculus
1291 3004 1457 3064 malis
1472 3004 1821 3084 quibusdam
1845 3006 1948 3064 hu-

312 3087 578 3148 moribus
606 3102 926 3169 occupatus
956 3091 1278 3153 claritatem
1340 3093 1583 3153 luminis
1615 3093 1817 3172 nequit
1849 3094 1947 3153 in-

304 3176 454 3235 tueri
482 3197 497 3257 ;
532 3178 617 3236 sic
649 3179 881 3238 animus
899 3189 1279 3259 peccatorum
1312 3181 1575 3242 tenebris
1605 3182 1943 3253 affusi-atus,

304 3273 361 3324 et
392 3264 665 3324 vitiorum
701 3267 857 3327 mole
889 3285 1209 3347 oppressus
1264 3269 1335 3328 ad
1368 3269 1823 3349 contemplanda
1853 3270 1948 3330 di-

303 3352 438 3412 vina
466 3353 745 3431 mysteria
778 3357 1111 3435 pertingere
1172 3357 1505 3418 nullatenus
1558 3367 1765 3437 potest.
1804 3361 1934 3419 Proo

301 3450 506 3519 plerea
575 3442 728 3503 labia
788 3443 950 3505 lsaiaa
1014 3446 1312 3525 prophetae
1369 3448 1594 3507 calculo
1652 3447 1725 3507 de
1783 3448 1951 3508 altari

302 3540 538 3609 sumpto
560 3531 942 3611 inundantur,
963 3542 1016 3593 et
1039 3534 1121 3593 sic
1144 3532 1212 3594 ad
1237 3536 1673 3614 przedicandum
1697 3536 1950 3597 idoneus

301 3618 601 3679 redditur.
637 3620 786 3680 Hinc
817 3620 1028 3681 factum
1063 3640 1191 3682 esse
1248 3624 1675 3695 existimamus,
1712 3637 1775 3685 ut
1802 3627 1948 3686 reli-

302 3707 491 3785 gionis
547 3719 766 3771 nostrze
829 3710 1174 3775 traditiones
1232 3712 1532 3791 plerisque
1564 3712 1950 3774 deliramenta

304 3795 635 3869 videantur,
703 3798 799 3877 qui
860 3817 994 3859 cum
1051 3799 1269 3859 aditem
1330 3801 1482 3860 vitiis
1537 3803 1942 3881 patefecerint,

304 3884 615 3944 virtutibus
648 3885 1079 3965 przecluserint,
1140 3889 1375 3948 stultam
1435 3898 1636 3968 putant
1680 3908 1809 3951 esse
1840 3892 1945 3951 do-

302 3972 572 4046 ctrinam,
613 3994 741 4053 qure
757 3984 916 4035 arcet
945 3976 1298 4056 voluptates,
1325 3976 1560 4038 rohibet
1601 3977 1938 4055 illecebras,

299 4059 796 4122 incontinentiam
855 4061 1115 4136 damnat,
1178 4064 1469 4124 luxuriam
1529 4067 1829 4145 prohibet,
1887 4078 1945 4129 et

2032 3000 2304 3063 datorum
2336 3001 2723 3070 ambulantes.
2764 3002 3030 3063 devotam
3058 3002 3264 3063 saltem
3297 3009 3358 3064 et
3387 3002 3675 3065 humilem

2031 3090 2388 3150 voluntatem
2422 3089 2673 3151 Domino
2707 3091 3113 3151 exhibeamus.
3147 3090 3230 3152 Ac
3261 3098 3577 3172 propterea
3600 3091 3678 3154 de

2030 3178 2216 3258 ipsius
2247 3178 2507 3239 bonitate
2548 3179 3084 3260 misericordiaque
3126 3180 3355 3253 conﬁsi,
3388 3179 3489 3260 qui
3520 3180 3581 3240 in
3611 3197 3677 3242 se

2031 3267 2397 3345 sperantium
2454 3284 2662 3347 preces
2693 3266 2950 3340 exaudit,
2991 3274 3049 3329 et
3107 3286 3211 3349 pro
3267 3267 3492 3330 viribus
3521 3267 3676 3333 bene

2032 3372 2208 3432 agere
2239 3363 2542 3435 conantes,
2601 3374 2718 3416 non
2768 3356 3023 3436 despicit
3054 3373 3070 3431 ;
3122 3355 3345 3437 aliquid
3373 3355 3448 3418 de
3477 3364 3677 3418 uestra

2032 3442 2174 3503 ﬁ-fei
2207 3443 2555 3505 exce‘lentia
2586 3444 2852 3506 scribere
2879 3446 3380 3525 praesumpsimus,
3407 3463 3523 3526 quo
3545 3446 3677 3507 infl-

2033 3532 2200 3593 drles
2231 3538 2275 3591 si
2311 3532 2438 3593 ﬁeri
2478 3540 2669 3612 petest
2698 3534 3065 3609 erudiuntur,
3101 3533 3434 3615 eruditique
3463 3534 3674 3597 ﬁdeles

2035 3638 2169 3680 vero
2204 3621 2472 3681 fortiores
2502 3621 2991 3702 robustioresque
3023 3622 3376 3684 efficiantur.

2112 3708 2466 3788 Dignitatem
2519 3710 2868 3773 Christianae
2925 3711 3232 3790 religionis
3283 3730 3351 3773 ex
3380 3711 3511 3792 ipso
3544 3712 3670 3794 pri-

2030 3814 2190 3857 mum
2223 3797 2561 3860 Institutore
2617 3809 2793 3880 atque
2847 3799 3104 3861 Auctore
3162 3800 3301 3861 licet
3342 3801 3581 3874 intueri,
3615 3809 3675 3864 et

2028 3904 2161 3946 cum
2187 3905 2290 3947 ore
2322 3887 2519 3948 divino
2550 3887 2819 3951 instituta
2849 3890 2947 3963 sit,
2981 3889 3294 3968 solumque
3341 3888 3528 3949 Deum
3560 3890 3671 3950 ha-

2027 3973 2164 4035 bent
2195 3983 2496 4036 auctorem
2532 3996 2544 4037 :
2605 3977 2748 4056 quid
2809 3977 3024 4037 mirum
3056 3976 3107 4037 si
3138 3995 3350 4038 omnes
3378 3977 3523 4039 alias
3553 3978 3670 4040 d0-

2026 4065 2267 4144 ctrinas,
2295 4064 2640 4144 disciplinas
2666 4072 2722 4125 et
2750 4065 3070 4143 religiones
3112 4066 3284 4144 longe
3317 4066 3615 4127 antecedit
3644 4065 3670 4129 ἲ

297 4168 512 4210 sensus
574 4160 804 4210 nostros
860 4151 1108 4223 ratione,
1168 4153 1380 4212 virtute
1434 4173 1501 4213 ac
1549 4155 1941 4218 sanctimonia
2024 4150 2188 4223 Quod
2226 4153 2381 4212 enim
2414 4153 2753 4231 adigniori,
2789 4153 3135 4232 sapientiori
3164 4162 3342 4234 atque
3362 4154 3666 4217 excellen-

296 4239 594 4316 regeudos
614 4256 743 4299 esse
775 4247 1041 4301 testatur.
1079 4242 1223 4302 Cum
1256 4241 1415 4300 enim
1463 4243 1802 4304 hominibus
1834 4264 1933 4307 ve-
1960 4241 2158 4313 ctiuri
2192 4242 2524 4302 institutum
2582 4251 2712 4317 est;
2777 4242 2915 4319 il‘is,
2979 4262 3107 4323 quae
3162 4244 3234 4305 ad
3288 4244 3668 4306 inferioribus

300 4326 443 4386 ritas
469 4326 671 4387 divino
696 4328 1320 4401 munereinnoesrat,
1357 4338 1413 4390 et
1443 4332 1635 4391 omnis
1664 4337 1877 4395 veritas
1908 4355 1939 4395 a
2020 4330 2341 4391 constituta
2369 4339 2526 4405 sunt,
2561 4331 2740 4391 debet
2761 4330 2900 4410 jure
2947 4332 3253 4393 anteferri.
3311 4334 3409 4396 Sic
3458 4352 3667 4412 regum

299 4415 524 4493 Spiritu
549 4424 754 4478 sancto
788 4417 898 4476 sit;
930 4417 1067 4476 mali
1100 4426 1375 4478 autemet
1405 4419 1559 4480 vitiis
1587 4421 1768 4482 dediti
1802 4421 1938 4502 Spi-

300 4503 449 4564 ritus
483 4504 669 4565 sancti
698 4506 942 4581 gratiam
979 4506 1199 4566 habere
1242 4526 1357 4567 non
1416 4510 1656 4587 possint,
1707 4511 1942 4573 dicente

300 4592 594 4653 Domino:
658 4595 855 4674 Super
883 4614 1056 4673 quem
1105 4598 1430 4675 requies-eet
1461 4598 1722 4677 Spiritus
1750 4618 1937 4674 meus,

306 4684 425 4742 nisi
455 4700 643 4762 super
671 4683 957 4745 humilem
973 4693 1031 4746 et
1046 4686 1308 4764 quietum
1326 4691 1942 4751 uctrementcmverbv

310 4771 475 4831 meai
500 4771 701 4842 ‘?Quid
736 4773 978 4851 mirum,
1010 4773 1059 4833 si
1095 4780 1367 4853 peccator
1398 4775 1670 4853 indignus
1702 4788 1813 4849 est,
1849 4779 1943 4838 cui

306 4856 608 4935 religionis
641 4858 987 4921 Christianae
1018 4860 1349 4920 sublimitas
1393 4864 1693 4939 aperiatur
1722 4863 1752 4923 ‘?
1796 4863 1939 4924 Nam

308 4946 500 5025 quise
531 4955 715 5008 totum
771 4950 828 5009 in
875 4968 1043 5010 anno
1090 4949 1448 5029 voluptatum
1485 4951 1937 5025 mundanarum,

309 5034 464 5095 velut
496 5054 597 5095 sus
620 5037 677 5096 in
712 5037 834 5098 luto
892 5037 1200 5098 involverit
1252 5056 1319 5100 ac
1346 5038 1703 5100 demerserit
1740 5062 1755 5116 ;
1787 5060 1938 5119 quo-

307 5122 478 5183 m'wdo
510 5126 726 5204 poterit
757 5134 869 5185 tam
921 5126 1267 5205 profundam
1317 5126 1618 5189 veritatem
1653 5137 1766 5188 tam
1802 5129 1935 5203 alta,

306 5218 541 5291 tamque
572 5222 803 5274 secreta
836 5215 1112 5294 mysteria
1168 5215 1456 5294 speculari
1490 5215 1514 5277 ?
1575 5218 1716 5288 Quae
1748 5217 1795 5276 si
1828 5219 1947 5296 ple-

306 5317 559 5377 rumque
591 5301 792 5363 minus
840 5302 1113 5364 homines
1146 5304 1470 5381 intelligant
1499 5325 1669 5386 quem
1703 5307 1939 5381 vellent,

303 5403 419 5445 non
454 5398 568 5448 tam
592 5389 829 5449 illorum
859 5389 1265 5470 profuntlitati,
1298 5411 1428 5472 quae
1463 5400 1657 5453 tamen
1694 5394 1945 5455 maxima

385 5558 404 5600 ι
438 5554 549 5619 Isa.
581 5573 745 5633 var,
779 5557 838 5618 2.
923 5559 950 5602 9
973 5558 1145 5659 P,rov.
1179 5578 1283 5637 xx,
1318 5561 1373 5625 9.

1914 5628 1995 5693 εἰ

2024 4422 2167 4480 scita
2199 4419 2413 4481 ducum
2447 4430 2624 4501 atque
2677 4420 2958 4480 comitum
3005 4421 3414 4483 sanctionibus
3458 4423 3669 4503 praefe-

2023 4516 2270 4582 runtur;
2324 4517 2380 4567 et
2430 4527 2560 4588 quae
2591 4526 2625 4567 a
2680 4507 3003 4586 majoribus
3033 4509 3672 4590 excellentioribusque

2025 4595 2464 4673 magistratibus
2497 4598 2940 4677 praecipiuntur,
2958 4597 3134 4658 veluti
3160 4598 3436 4677 digniora
3461 4598 3674 4678 majori

2028 4705 2109 4745 su.
2125 4694 2161 4745 it
2184 4685 2554 4748 observantia
2579 4685 2977 4765 exsequenda.
2995 4686 3144 4758 Quid
3165 4696 3361 4749 autem
3394 4686 3628 4766 dignius
3644 4694 3672 4750 ?

2026 4775 2162 4854 quid
2188 4775 2377 4854 majus
2401 4774 2430 4832 ‘?
2459 4775 2600 4854 quid
2630 4775 3045 4849 excellentius,
3078 4794 3253 4855 quam
3288 4775 3672 4855 professionis

2026 4881 2145 4923 sure
2172 4881 2467 4923 summum
2494 4863 2656 4923 illum
2682 4882 2750 4924 ac
2781 4863 3286 4943 sapientissimum
3317 4882 3519 4926 rerum
3537 4883 3670 4925 om-

2028 4952 2190 5011 nium
2237 4953 2511 5032 opiﬁcem
2553 4952 2740 5013 Deum
2775 4953 2994 5014 habere
3024 4962 3324 5016 auctorem
3359 4954 3384 5015 i’
3427 4952 3676 5014 Accedit

2026 5041 2162 5101 huic
2193 5041 2277 5100 rei
2311 5041 2569 5122 amplior
2602 5042 2868 5121 dignitas
2901 5060 2917 5116 ;
2977 5043 3116 5122 quia
3170 5061 3288 5103 non
3342 5059 3472 5103 eam
3504 5040 3676 5102 nobis

2024 5129 2069 5191 D
2114 5150 2179 5190 us
2215 5149 2318 5209 per
2345 5131 2608 5211 angelos,
2641 5152 2756 5193 non
2808 5151 2916 5212 per
2961 5132 3256 5205 homines,
3291 5148 3407 5193 non
3442 5148 3546 5211 per
3574 5130 3665 5191 le-

2028 5228 2212 5300 gatos,
2248 5229 2347 5280 aut
2376 5223 2637 5296 nuntios,
2669 5222 2771 5284 sed
2808 5239 2913 5301 per
2968 5221 3273 5300 proprium
3304 5217 3517 5280 Filium
3552 5218 3669 5281 sibi

2028 5317 2412 5389 coaeternum,
2442 5321 2501 5370 et
2531 5309 3091 5372 consubstantialem
3132 5306 3367 5370 tradere
3396 5307 3668 5387 dignatus

2027 5406 2135 5470 est,
2162 5416 2334 5478 quem
2360 5417 2426 5460 ex
2453 5400 2586 5463 sinu
2616 5418 2720 5460 suo
2755 5400 2912 5461 misit
2935 5398 2999 5460 in
3029 5404 3260 5460 uterum
3293 5396 3573 5478 Virginis,
3604 5404 3668 5457 ut
