4068 6112
427 284 553 364 ~27'5

1737 299 2137 365 EPIPHANII
2164 301 2510 370 MONACHI

3687 303 3805 370 276

433 453 505 496 ex
537 433 762 514 Spiritu
796 441 998 495 sancto
1029 451 1279 496 nascens
1301 434 1502 507 homo,
1541 441 1599 495 et
1619 433 1775 495 inter
1793 433 2066 495 homines
2087 433 2363 511 Adignas
2394 457 2524 500 esse
2569 439 2875 519 judicavit.
2910 441 3060 503 Hinc
3093 443 3410 504 simulacra
3450 451 3509 504 et
3543 439 3790 502 simula-

434 541 812 599 conversans,
841 524 1100 584 humano
1131 523 1336 602 generi
1370 524 1755 584 maximorum
1789 523 2075 604 plurimo-

431 629 684 691 rumque
714 629 986 675 errorum
1009 611 1270 674 tenebris
1296 612 1654 673 circumfusa
1679 613 1786 673 hac
1816 612 2079 673 veritatis

432 700 829 761 saluberrima
887 701 1016 780 lege
1074 701 1192 762 lata
1249 701 1501 762 miriﬁce
1559 700 1900 762 subveniret
1951 700 2076 772 Quo

431 789 569 869 quid
596 797 788 869 potest
817 808 948 850 esse
982 791 1325 870 praeclarius
1345 790 1375 849 ?
1401 789 1540 870 quid
1574 790 1988 870 praestantius?
2015 788 2077 851 Si

429 876 562 957 quis
590 895 794 956 regum
828 897 894 938 ac
955 878 1289 958 principum
1347 878 1569 941 civitati
1623 886 1687 938 ut
1718 879 1932 958 populo
1963 877 2079 939 sibi

431 964 698 1045 subjecto
725 985 938 1027 munus
969 967 1206 1047 aliquod
1241 984 1518 1045 magnum
1551 974 1724 1046 atque
1753 966 1896 1026 utile
1934 965 2075 1026 mit-

427 1062 604 1115 teret.
637 1055 818 1132 idque
873 1056 1114 1116 nemine
1171 1062 1473 1134 poscente,
1536 1056 1638 1115 sed
1674 1073 1742 1114 ex
1775 1054 1864 1114 sui
1895 1053 2077 1115 animi

425 1142 782 1204 liberalitate
812 1143 1072 1207 faceret:
1134 1143 1383 1205 deberet
1440 1143 1500 1203 id
1561 1142 1799 1224 quidem
1838 1151 2078 1223 propter

426 1231 715 1293 mittentis
746 1231 1202 1312 amplitudinem
1232 1231 1819 1311 excellensjudicari.
1841 1231 2007 1302 Quod
2023 1231 2072 1292 si

424 1327 649 1381 tantum
683 1320 1021 1400 splendoris
1051 1330 1110 1380 et
1145 1320 1477 1381 ornamenti
1509 1320 1593 1380 illi
1625 1320 1782 1380 dono
1813 1319 2072 1380 addere-

424 1414 539 1484 tur,
575 1417 641 1472 ut
673 1408 774 1488 qui
805 1408 950 1470 illud
981 1409 1263 1484 deferret,
1288 1408 1576 1489 principis
1614 1407 1772 1469 ﬁlius
1805 1415 1981 1483 esset,
2015 1415 2074 1467 et

425 1496 666 1576 quidem
721 1499 1189 1577 primogenitus:
1249 1497 1389 1578 quid
1441 1497 1540 1558 tali
1595 1514 1845 1557 munere
1878 1503 2073 1574 posset

423 1583 540 1647 dici
559 1584 838 1664 dignius?
879 1587 1020 1667 quid
1045 1587 1238 1665 majus
1259 1585 1285 1648 ἶ)
1303 1585 1441 1666 quid
1473 1584 1783 1664 pretiosius
1812 1587 1838 1642 ?
1865 1582 1929 1643 In
1961 1584 2071 1644 hoc

2161 541 2396 586 crorum
2455 530 2582 590 vani
2639 537 2696 589 et
2751 530 3080 592 stultissimi
3133 532 3324 592 cultus
3375 531 3445 592 ab
3479 530 3795 592 hominum

2160 616 2461 676 erroribus
2487 605 2838 693 adiuventi;
2897 619 2997 700 qui
3053 640 3185 680 cum
3249 620 3548 680 hominem
3581 636 3796 699 quem-

2160 702 2315 781 piam
2383 705 2690 786 plusquam
2748 706 2936 768 Deum
2995 707 3337 787 diligerent,
3399 727 3532 769 eum
3594 715 3652 768 et
3703 703 3796 764 vi-

2159 801 2393 852 ventem
2428 802 2485 854 et
2517 803 2810 856 mortuum
2841 797 3135 872 colebant,
3193 797 3580 872 honorabant,
3611 812 3796 855 vene-

2159 880 2461 963 rabantur,
2494 884 2668 964 eique
2698 888 2755 946 in
2816 888 3048 965 signum
3110 889 3423 968 praecipuae
3455 883 3795 960 dilectionis

2159 967 2355 1030 divina
2384 972 2675 1034 sacriﬁcia
2705 974 3084 1047 exhibebant,
3131 967 3515 1055 erectumque
3546 975 3675 1053 ejus
3704 971 3791 1032 si-

2159 1057 2486 1119 mulacrum
2521 1079 2624 1140 pro
2660 1061 2780 1123 Deo
2833 1063 3182 1141 adorabant,
3233 1064 3582 1127 dedicabant
3610 1061 3799 1126 aedes.

2159 1147 2376 1226 templa
2404 1149 2791 1213 aediﬁcabant.
2829 1163 2890 1216 et
2919 1162 3049 1214 vota
3101 1153 3257 1214 velut
3287 1156 3407 1216 Deo
3439 1147 3785 1213 offerebant.

2155 1236 2568 1298 Crescentibus
2599 1259 2738 1301 vero
2770 1242 2828 1302 in
2863 1241 2992 1302 dies
3020 1241 3346 1315 illecebris,
3382 1239 3792 1318 demersisque

2155 1324 2340 1402 magis
2368 1341 2438 1386 ac
2487 1327 2670 1406 magis
2720 1330 3062 1392 hominibus
3115 1331 3172 1391 in
3204 1347 3371 1394 οωηο
3401 1330 3784 1409 voluptatum,

2156 1414 2298 1493 quid
2329 1415 2458 1476 fieri
2489 1436 2737 1480 necesse
2795 1430 2922 1480 erat
2943 1421 2973 1479 ‘?
3028 1424 3345 1502 Postquam
3377 1429 3569 1481 autem
3602 1436 3635 1478 a
3664 1415 3790 1478 veri

2156 1502 2262 1564 Dei
2294 1504 2631 1582 cognitione
2663 1508 3016 1589 semetipsos
3051 1510 3474 1580 alienaverunt,
3507 1509 3633 1569 haec
3663 1505 3783 1565 im-

2155 1591 2345 1670 pietas
2367 1613 2540 1673 quam
2565 1596 2817 1658 maxime
2843 1606 3011 1659 aucta
3040 1607 3149 1675 est,
3184 1599 3419 1660 dicente
3445 1596 3779 1677 Scriptura:

422 1672 804 1772 igiturulouge
863 1674 1246 1772 excellentior
1304 1682 1391 1735 est
1448 1674 1573 1734 haec
1636 1681 1836 1772 nos“?
1861 1671 2131 1772 religi_0B
2161 1680 2320 1742 Dum
2347 1671 2581 1746 venerit
2602 1688 2824 1766 impius
2847 1671 3627 1768 inprofundummalorum,
3651 1701 3792 1745 r02:-

420 1762 550 1841 lege
579 1763 680 1823 illa
712 1763 920 1839 veteri,
956 1782 1086 1844 quae
1116 1761 1503 1824 Hebraeorum
1537 1761 1753 1842 populo
1783 1760 1922 1822 data
1954 1768 2062 1820 est.

419 1849 562 1912 Nam
597 1850 707 1912 etsi
738 1851 862 1927 illa,
897 1858 954 1912 et
984 1853 1111 1912 haec
1141 1859 1340 1912 nostra
1391 1850 1576 1912 Deum
1626 1857 1924 1910 auctorem
1958 1849 2066 1908 ha-

418 1938 637 2012 buerit,
663 1959 781 2000 non
801 1947 994 2000 tamen
1018 1958 1124 2020 per
1145 1939 1513 2017 unigenitum
1556 1937 1664 2001 Dei
1711 1937 1922 1998 Filium
1954 1937 2065 1997 ho-

419 2027 680 2089 minibus
714 2028 927 2089 tradita
983 2036 1095 2108 est,
1158 2028 1264 2089 sed
1330 2046 1434 2108 per
1489 2028 1744 2106 Moysem
1781 2025 2062 2104 primum,

415 2115 683 2196 aliosque
709 2116 928 2178 deinde
951 2115 1021 2178 ab
1045 2116 1174 2196 ipso
1201 2116 1451 2176 Domino
1479 2116 1698 2176 electos
1720 2113 1962 2173 nuntios
1997 2132 2065 2173 ac

419 2205 771 2286 prophetas;
797 2205 896 2285 qui
928 2222 1062 2266 cum
1086 2204 1216 2284 puri
1253 2205 1527 2265 homines
1553 2211 1773 2274 essent,
1810 2209 1866 2262 et
1894 2219 2061 2262 com-

418 2293 582 2354 muni
615 2293 981 2355 inﬁrmitatis
1023 2295 1299 2354 humanm
1353 2293 1465 2372 legi
1521 2291 1796 2370 subjecti,
1833 2290 2059 2350 nullum

419 2399 491 2442 ex
525 2401 730 2443 eorum
763 2401 1017 2462 persona
1039 2383 1421 2462 splendorem
1446 2380 1556 2454 illi,
1584 2399 1759 2459 quam
1785 2378 2062 2456 praedica-

417 2468 580 2550 bant,
611 2471 897 2532 doctrinaa
926 2473 1136 2532 aﬁ‘erre
1159 2477 1496 2550 potuerunt.
1534 2467 1651 2531 Sed
1686 2477 1742 2528 et
1774 2475 1938 2528 vetus
1961 2467 2060 2528 illa

416 2558 518 2619 uni
552 2566 776 2620 tantum
809 2560 1048 2640 populo,
1074 2559 1356 2638 unigenti
1385 2559 1526 2619 data
1558 2565 1648 2618 est
1675 2577 1688 2616 :
1720 2557 2058 2617 haccautem

418 2663 624 2706 omnes
674 2647 916 2708 omnino
976 2647 1250 2708 homines
1311 2645 1748 2727 complectitur,
1782 2645 2058 2706 omnibus

417 2733 726 2813 providet:
765 2736 995 2799 cunctis
1026 2743 1253 2797 rectum
1312 2734 1426 2796 iter
1480 2733 1744 2794 veritatis
1774 2733 2053 2806 ostendit,

417 2822 718 2884 neminem
768 2825 1005 2905 excipit,
1066 2825 1286 2886 nullam
1345 2842 1539 2904 neque
1599 2821 1808 2902 atatis,
1865 2841 2058 2902 neque

414 2912 776 2974 conditionis
834 2913 1231 2976 differentiam
1291 2912 1536 2986 faciens,
1604 2911 1707 2973 sed
1745 2929 1953 2972 omnes
1983 2911 2056 2972 ad

2153 1773 2364 1833 temnit
2389 1773 2437 1829 4.
2475 1771 2538 1833 In
2567 1783 2786 1835 tantum
2811 1776 3008 1858 itaque
3030 1778 3192 1856 lapsa
3208 1785 3296 1838 est
3324 1778 3580 1838 humana
3609 1772 3783 1834 fatui-

2151 1867 2257 1932 tas,
2291 1869 2355 1921 ut
2384 1862 2602 1924 nedum
2632 1864 2928 1941 homines,
2986 1867 3090 1929 sed
3145 1867 3392 1947 lapides.
3428 1875 3484 1927 et
3515 1865 3690 1944 ligna,
3725 1869 3784 1922 et

2148 1949 2381 2029 reptilia
2411 1959 2526 2011 tam
2579 1954 2876 2032 aquatilia,
2939 1975 3111 2035 quam
3175 1955 3497 2029 terrestria,
3549 1968 3780 2015 necnon

2147 2037 2577 2100 immanissima
2606 2042 2870 2121 quaedam
2907 2042 3094 2115 bruta,
3131 2045 3234 2106 sed
3269 2053 3326 2106 et
3350 2051 3606 2104 monstra
3626 2059 3780 2121 qua:-

2146 2125 2278 2185 dam
2314 2129 2614 2189 teterrima
2666 2131 3040 2193 ornatissima
3093 2132 3191 2193 illa
3252 2133 3357 2194 Dei
3386 2131 3780 2212 appellatione

2145 2215 2454 2276 nominare
2497 2236 2615 2277 non
2673 2217 3099 2284 formidaverit.
3160 2219 3275 2282 Sed
3336 2239 3446 2281 nec
3476 2221 3778 2298 hucusque

2145 2303 2456 2364 stultorum
2492 2307 2741 2385 perstitit
2768 2308 3034 2377 audacia,
3089 2309 3203 2373 Alii
3235 2311 3390 2371 enim
3425 2311 3772 2389 voluptatem

2143 2408 2210 2451 ac
2239 2391 2572 2468 libidinem,
2609 2395 2950 2472 turpissima
2971 2397 3106 2457 vitia
3133 2406 3591 2459 consecrarunt:
3624 2397 3778 2458 sicut

2142 2479 2299 2555 apud
2331 2480 2573 2560 Lybicos
2604 2482 2975 2564 Cupidinem,
3029 2493 3086 2545 et
3133 2485 3194 2546 in
3254 2487 3450 2566 Papho
3481 2485 3772 2547 Venerem

2139 2567 2299 2628 illam
2332 2569 2864 2649 impudicissimam
2899 2573 3210 2634 mulierem
3256 2583 3588 2635 veneratam
3620 2591 3772 2648 esse,

2141 2665 2327 2736 poetae
2374 2659 2546 2720 nobis
2578 2661 2968 2723 tradiderunt.
3032 2661 3182 2724 Hinc
3237 2663 3472 2724 nefandi
3504 2662 3776 2723 sacriﬁcii

2139 2745 2308 2825 ritus,
2334 2747 2472 2808 hinc
2495 2747 2739 2810 obsceni
2769 2751 2980 2812 cultus.
3016 2758 3073 2812 et
3105 2751 3224 2811 ludi
3259 2751 3600 2831 turpissimi,
3634 2751 3772 2830 qui-

2140 2832 2248 2894 bus
2272 2836 2526 2896 humana
2549 2837 2796 2898 stultitia
2818 2839 2960 2900 deos
2986 2858 3125 2900 suos
3153 2839 3466 2919 placandos
3495 2857 3626 2899 esse
3639 2839 3771 2900 edi-

2139 2930 2229 2982 cto
2259 2924 2714 3000 constituebant,
2750 2946 3000 3006 quorum
3034 2927 3299 2988 faetorem
3325 2947 3394 2988 ac
3423 2928 3766 3007 spurcitiam

412 3008 692 3096 aeternam
725 3002 1297 3096 h_eatitudin_em_per
1325 3002 1605 3096 virtutum
1636 2999 1908 3096 semitam
1941 2999 2110 3071 be-C
2135 3018 2191 3071 et
2221 3011 2646 3074 obscenitatem
2681 2999 2946 3096 quisquis
3004 3016 3232 3092 legerit,
3286 2999 3477 3077 colere
3510 3016 3767 3096 profecto

413 3090 591 3170 nigne
617 3109 684 3152 ac
697 3091 1448 3153 misericorditerinvitans.
1473 3088 1616 3152 Cum
1642 3088 1801 3150 enim
1821 3106 2047 3165 omnes,

411 3185 478 3241 ut
505 3179 696 3260 inquit
723 3179 1039 3260 Apostolus
1065 3181 1117 3255 3,
1151 3198 1185 3240 a
1241 3179 1487 3241 veritate
1537 3177 1961 3249 declinassent,
1996 3185 2054 3238 et

355 3341 358 3343 λ
411 3286 446 3329 a
475 3268 634 3329 cultu
657 3277 716 3330 et
737 3269 1074 3347 cognitione
1091 3268 1756 3339 veriDeiaberrasseni,
1786 3264 2054 3326 morbus-

411 3375 527 3436 que
556 3356 668 3417 iste
693 3375 901 3418 omnes
923 3365 1154 3419 teneret
1175 3357 1461 3419 obnoxios
1489 3377 1504 3430 ;
1537 3355 1814 3416 omnibus
1835 3372 2050 3414 neces-

411 3444 565 3506 saria
609 3443 720 3506 fuit
762 3445 1036 3508 salutaris
1095 3445 1416 3508 medicina.
1477 3443 1765 3505 Homines
1795 3461 2049 3522 namque

408 3551 543 3594 cum
575 3551 683 3614 per
713 3541 1015 3614 peccatum
1074 3553 1108 3595 a
1163 3533 1270 3596 Dei
1317 3532 1814 3611 contemplatione
1845 3530 2048 3610 procul

409 3620 840 3699 discessissent,
875 3642 1066 3704 neque
1097 3631 1294 3704 posset
1340 3640 1508 3684 mens
1539 3629 1738 3682 nostra
1767 3619 1885 3680 otio
1919 3628 2046 3681 tor-

406 3729 674 3791 pescere,
707 3712 779 3774 ad
800 3712 1336 3774 considerationem
1365 3719 1736 3772 terrenorum
1761 3716 1817 3768 et
1840 3726 2049 3789 corpo-

403 3799 618 3862 ralium
667 3818 732 3862 se
781 3802 1117 3864 convertit:
1176 3802 1382 3882 sicque
1437 3798 1718 3878 paulatim
1749 3797 2047 3858 oblivione

405 3906 606 3950 rerum
656 3888 988 3952 divinarum
1073 3890 1378 3972 corporeis
1433 3885 1732 3951 illecebris
1787 3885 2042 3965 alligata,

2134 3106 2307 3180 atque
2339 3101 2419 3161 ita
2448 3103 2719 3164 venerari
2740 3104 3045 3165 veritatem
3068 3104 3264 3177 debet,
3285 3123 3317 3164 a
3348 3124 3460 3185 qua
3493 3105 3764 3167 homines

2133 3188 2485 3251 recedentes
2509 3192 2565 3251 in
2597 3201 2813 3253 tantam
2840 3193 3208 3254 devenerunt
3227 3194 3648 3268 amentiam,ut
3669 3195 3770 3275 qui

2134 3275 2379 3366 honoris
2400 3279 2678 3358 indignus
2702 3279 2872 3340 bonis
2894 3280 3235 3341 hominibus
3258 3281 3579 3353 videretur,
3606 3302 3766 3366 cum,

2135 3365 2312 3427 veluti
2344 3387 2411 3429 ex
2441 3369 2752 3446 religione,
2788 3372 2910 3432 suis
2941 3370 3060 3432 diis
3103 3389 3204 3450 pro
3237 3372 3444 3450 majori
3478 3365 3769 3435 sacriﬁcio

2133 3455 2500 3521 exhiberent.
2527 3462 2793 3537 Longum
2819 3459 3081 3539 profecto
3122 3460 3298 3520 nimis
3330 3470 3504 3535 esset,
3533 3469 3708 3541 atque
3739 3481 3773 3523 a

2132 3553 2330 3606 nostro
2362 3566 2606 3626 prorsus
2636 3547 2900 3609 instituto
2931 3547 3213 3622 alienum,
3264 3567 3472 3610 omnes
3499 3550 3632 3611 illos
3665 3569 3768 3610 er-

2129 3651 2296 3695 rores
2325 3653 2666 3709 recensere,
2700 3636 2760 3696 in
2790 3654 2935 3716 quos
2966 3636 3112 3716 lapsi
3169 3644 3309 3696 sunt
3338 3636 3629 3710 homines,
3665 3639 3767 3718 qui

2131 3739 2164 3782 a
2191 3724 2312 3784 veri
2341 3723 2449 3784 Dei
2477 3724 2816 3802 cognitione
2866 3732 3041 3804 atque
3088 3724 3407 3785 dilectione
3439 3743 3500 3784 se
3529 3735 3764 3786 averte-

2129 3818 2288 3873 runt.
2323 3815 2466 3875 Cum
2498 3813 2654 3872 enim
2688 3812 2816 3892 ipse
2869 3813 3026 3873 Deus
3078 3821 3328 3874 testante
3359 3811 3661 3892 Scriptura
3692 3816 3770 3876 sit

2129 3899 2238 3974 via,
2275 3901 2487 3961 veritas
2517 3909 2573 3960 et
2603 3901 2803 3963 vita5:
2866 3901 3006 3981 quid
3069 3901 3306 3974 mirum,
3361 3902 3410 3962 si
3461 3901 3543 3978 hi,
3578 3903 3680 3984 qui
3733 3923 3766 3965 a

405 3978 1119 4070 Ρῖεθεθηιίδξοιυψφοάρ
1151 3986 1208 4040 εἴ
1237 3977 1574 4059 corporalia
1598 3974 2047 4070 ίηὲυθηδθκίειί-
2125 3999 2292 4050 recta
2321 3988 2414 4048 via
2440 3988 2818 4070 aberrarunt,
2853 3974 2911 4050 in
2943 3989 3138 4050 varios
3167 3988 3466 4050 anfractus
3492 3974 3762 4054 errbres-

405 4083 567 4127 mare
597 4065 795 4146 ccepit,
830 4067 979 4128 nihil
1032 4067 1165 4147 plus
1221 4085 1372 4142 esse,
1435 4084 1607 4145 quam
1663 4064 2037 4125 intueretur:

404 4153 673 4233 quinimo
707 4155 834 4216 haec
864 4156 1125 4218 humana
1156 4163 1212 4217 et
1243 4173 1530 4236 corporea
1556 4153 1681 4216 sola
1703 4172 1834 4214 esse
1851 4151 2040 4233 bona;

2126 4095 2240 4156 que
2262 4076 2609 4139 deciderunt
2635 4077 2659 4140 ?
2680 4081 2801 4141 Iter
2821 4079 2981 4140 enim
3010 4086 3240 4140 rectum
3268 4097 3445 4139 unum
3471 4088 3580 4156 est,
3607 4100 3766 4163 aquo

2127 4166 2177 4225 si
2208 4167 2342 4246 quis
2371 4167 2698 4241 deﬂexerit,
2736 4186 2982 4228 necesse
3031 4179 3121 4227 est
3153 4167 3307 4228 hunc
3338 4168 3512 4230 etiam
3553 4171 3762 4232 nolen-

404 4241 705 4350 f’b‘lilaque
732 4262 1056 4350 Prorsuﬁse
1077 4245 1151 4344 εἶά
1171 4245 1497 4350 ξξηθὲίῐῖθη]
1529 4243 1652 4305 Veri
1682 4241 1785 4302 Dei
1817 4241 2041 4350 θοηδῑξ-
2062 4241 2246 4350 Dtem
2282 4256 2506 4334 magnis
2537 4256 2845 4336 defatigari
2875 4255 3194 4327 laboribus,
3231 4265 3288 4317 et
3309 4275 3413 4336 per
3429 4259 3592 4319 devia
3613 4279 3768 4339 qua:-

405 4337 610 4407 tutam,
638 4331 792 4392 haud
811 4333 1065 4413 amplius
1090 4332 1151 4394 in
1169 4333 1356 4395 Deum
1380 4333 1596 4413 ipsum,
1631 4349 1663 4393 a
1689 4349 1803 4411 quo
1848 4337 2044 4390 creata

402 4425 552 4493 erat,
586 4437 651 4480 se
680 4418 964 4482 intuendo
999 4429 1099 4484 aut
1149 4420 1512 4501 speculando
1545 4417 1854 4481 convertit.
1891 4415 2044 4478 Solis

404 4505 580 4586 igitur
608 4506 993 4570 sensibilibus
1050 4510 1466 4589 circumsepta,
1525 4527 1592 4570 ac
1647 4507 1812 4569 vanis
1842 4505 2044 4567 saeculi

403 4594 651 4657 delinita
680 4595 979 4658 illecebris
998 4600 1184 4660 Deum
1209 4597 1268 4658 in
1299 4597 1602 4678 corporeis
1631 4594 1906 4657 sensibus
1938 4598 2044 4655 ﬁn-

400 4702 568 4764 gens,
603 4682 784 4746 rebus
813 4686 1129 4747 mundanis
1158 4706 1226 4748 ac
1257 4685 1663 4765 corporalibus
1690 4684 1798 4746 Dei
1824 4702 2043 4745 nomen

400 4773 613 4854 posuit,
641 4780 816 4852 atque
830 4792 898 4835 ea
919 4775 1044 4836 sola
1064 4775 1262 4836 colere
1283 4775 1481 4854 cmpit,
1502 4774 1560 4834 in
1594 4773 1809 4854 quibus
1839 4790 2043 4834 errore

399 4860 645 4924 seducta
708 4880 904 4924 veram
965 4864 1187 4944 putavit
1275 4882 1405 4926 esse
1465 4862 1830 4924 felicitatem.
1891 4860 2043 4922 Hinc

397 4951 621 5013 {ethera
665 4958 724 5013 et
771 4969 931 5029 aera,
992 4971 1242 5033 quaeque
1295 4952 1358 5013 in
1415 4952 1504 5014 eis
1557 4961 1715 5031 sunt,
1751 4950 2045 5013 elementa

398 5059 634 5122 quoque
663 5050 721 5104 et
753 5040 1068 5122 qualitates
1097 5059 1297 5103 rerum
1329 5040 1750 5122 corporalium,
1785 5039 2046 5101 calidita—

398 5136 518 5192 tem
540 5130 769 5194 scilicet
789 5137 848 5192 et
863 5130 1240 5210 frigiditaterr
1274 5130 1701 5192 lumiditatem
1727 5148 1796 5190 ac
1817 5128 2049 5191 siccita-

398 5223 517 5279 tem
539 5217 684 5281 deos
721 5219 1078 5302 appellavit;
1109 5237 1172 5283 at
1223 5231 1233 5241 '
1321 5219 1600 5300 paulatim
1632 5237 1702 5281 ex
1734 5216 2040 5280 erroribus

2128 4362 2242 4423 que
2272 4353 2575 4422 vagantem
2611 4346 3016 4425 multipliciter
3046 4363 3270 4406 errare.

2206 4430 2312 4492 His
2327 4439 2410 4494 tot
2431 4432 2723 4512 tantisque
2748 4451 3014 4493 errorum
3030 4451 3097 4493 ac
3111 4433 3458 4494 delictorum
3479 4437 3759 4511 tenebris,

2127 4517 2340 4597 quibus
2373 4526 2555 4582 totum
2605 4521 2929 4581 humanum
2980 4539 3166 4598 genus
3195 4521 3587 4596 detinebatur,
3624 4531 3759 4584 tan-

2127 4605 2260 4667 dem
2295 4626 2637 4688 compassus
2661 4609 2971 4671 miserotor
3003 4619 3058 4670 et
3081 4609 3418 4670 misericors
3450 4610 3756 4687 Dominus,

2127 4712 2196 4754 eo
2221 4703 2507 4776 tempore,
2535 4715 2650 4776 quo
2669 4696 2854 4776 ipsius
2874 4697 3274 4759 inscrutabilis
3316 4699 3607 4778 sapientia
3635 4700 3761 4761 dis-

2129 4783 2343 4863 posuit,
2403 4783 2575 4862 nobis
2633 4786 2869 4847 tandem
2930 4804 3280 4848 succurrere
3339 4806 3406 4848 ac
3437 4788 3758 4852 subvenire

2128 4871 2544 4955 dignatus_est.
2580 4875 2648 4955 Et
2677 4884 2732 4935 ul
2785 4894 2854 4936 eo
2907 4875 3142 4951 dignior
3169 4883 3348 4955 atque
3380 4877 3763 4940 excellentior

2127 4960 2285 5014 esset
2341 4953 2751 5017 subventionis
2810 4955 3043 5027 modus,
3101 4975 3216 5035 quo
3258 4953 3384 5035 per
3434 4956 3761 5035 digniorem

2128 5041 2512 5103 Mediatorem
2528 5043 2720 5113 ﬁeret,
2751 5063 2869 5104 non
2889 5043 3190 5117 angelum,
3217 5063 3335 5103 non
3359 5045 3683 5122 hominem,
3702 5057 3766 5109 ut

2128 5126 2407 5191 diximus.
2433 5129 2503 5190 ad
2531 5148 2639 5190 nos
2665 5130 2844 5205 misit,
2871 5139 2930 5190 ut
2955 5130 3047 5190 his
3068 5147 3175 5190 nos
3216 5131 3519 5192 erroribus
3541 5132 3764 5195 libera-

2125 5223 2236 5291 ret,
2271 5217 2374 5278 sed
2405 5217 2616 5279 Filium
2651 5237 2822 5279 suum
2851 5218 3250 5295 unigenitum,
3271 5237 3451 5298 quem
3472 5228 3536 5280 ut
3567 5221 3765 5284 nobis-

395 5323 632 5370 errores
659 5307 950 5372 invenien
997 5309 1307 5376 homingm
1367 5305 1655 5388 imagines
1702 5308 1911 5388 partim
1945 5306 2037 5367 vi-
2121 5323 2254 5366 cum
2279 5314 2458 5388 esset,
2492 5315 2557 5368 ut
2591 5307 2901 5369 nobiscum
2927 5306 3169 5382 viveret,
3197 5307 3368 5367 nobis
3396 5308 3761 5394 loqueretur,

386 5395 678 5476 ventium,
693 5415 788 5481 pa.
811 5402 904 5465 .im
907 5397 1470 5481 jzmdefunctorum
1481 5396 1695 5459 divinis
1708 5394 2037 5459 honoribus
2119 5400 2180 5456 et
2206 5395 2360 5458 hanc
2381 5395 2817 5460 sanctissimam
2839 5396 3032 5477 legem
3053 5402 3113 5458 et
3135 5395 3466 5458 doctrinam
3496 5399 3764 5463 veritatis

472 5575 693 5647 3Rom.
724 5598 766 5662 ι,
792 5583 870 5650 25
898 5600 1064 5667 seqq.
1147 5585 1180 5636 ι
1207 5582 1380 5649 Prov.
1412 5595 1580 5659 xvm,
1612 5580 1672 5644 3.
1760 5581 1793 5634 5
1819 5580 1988 5645 Joan.
2022 5591 2150 5664 xm
2175 5576 2237 5640 6-
