4068 6112
344 306 465 372 277

1289 309 1389 371 DE
1430 301 1849 370 RELIGIONE
1887 298 2362 365 CHRISTIANA
2405 298 2778 363 LIBELLUS

3595 292 3673 358 27

346 438 640 522 traderet,
687 461 940 524 eamque
967 440 1149 503 verbo
1189 446 1245 502 et
1280 419 1550 518 exemplo
1583 436 1982 524 conﬁrmaret,
2005 441 2052 502 Α
2076 452 2196 524 pra;
2240 432 2552 524 fragilitate
2601 438 2819 524 nostra,
2857 437 2915 493 et
2943 430 3217 493 humanae
3242 437 3468 493 naturae
3496 447 3712 524 corru-

357 546 536 589 carne
565 531 758 592 induit
816 523 1072 593 humana
1126 530 1188 590 in
1247 537 1415 589 utero
1474 524 1765 603 virginali,
1817 529 1880 583 ut
1906 523 1994 581 sic

358 634 568 692 novus,
603 628 661 681 et
689 622 1064 694 miraculose,
1100 638 1168 681 ac
1204 634 1419 699 praeer
1470 614 1737 675 ordinem
1771 620 1996 671 naturae

359 714 553 785 natus,
583 730 697 770 non
715 711 893 771 homo
909 707 1708 787 tantum,necDeustantum,
1724 701 1828 761 sed
1843 700 1993 762 Deus

360 801 417 854 et
439 794 640 873 homo,
668 818 874 860 novam
898 800 1069 871 hanc,
1096 798 1331 867 miram,
1361 803 1416 857 et
1440 793 1607 872 quasi
1632 797 1990 871 supernatu-

353 881 544 944 ralem
576 886 766 965 legem
791 887 1066 949 omnibus
1096 883 1438 947 hominibus
1469 879 1832 962 praedicaret,
1859 877 1994 937 illu-

357 972 731 1056 minaretque
763 976 1097 1038 mortalium
1131 983 1380 1041 mentes,
1410 989 1628 1051 eosque
1649 968 1910 1056 deceret,
1939 972 1995 1056 et

351 1060 577 1122 relictis
608 1054 877 1126 errorum
913 1064 1172 1126 tenebris
1201 1081 1269 1124 ac
1303 1054 1993 1142 peccatorumillecebris

348 1146 636 1232 falsisque
672 1153 1119 1227 blandimentis,
1148 1155 1387 1213 virtutes
1409 1148 1994 1229 amplecterentur,et

352 1235 795 1303 deducerentur
822 1260 1058 1323 quoque
1108 1241 1176 1302 ad
1211 1240 1333 1301 veri
1366 1238 1471 1301 Dei
1502 1234 1924 1323 cognitionem,
1958 1249 1991 1291 a

350 1343 493 1405 quo,
528 1338 583 1390 et
612 1332 784 1411 cujus
813 1321 988 1393 causa
1019 1328 1242 1393 conditi
1267 1333 1465 1390 essent
1493 1346 1507 1407 ;
1541 1342 1716 1406 quem
1750 1321 1990 1385 tandem

351 1416 656 1494 cognitum
688 1427 810 1482 toto
869 1420 1072 1500 corde,
1133 1425 1252 1479 tota
1308 1427 1505 1479 mente
1561 1412 1898 1500 diligerent,
1934 1417 1992 1470 et

349 1514 556 1566 saneto
586 1526 652 1568 ac
685 1509 893 1569 devoto
922 1499 1211 1570 sacriﬁcio
1243 1500 1716 1582 honorarent;ei
1748 1499 1989 1560 demum

340 1593 573 1672 jugiter
601 1596 949 1672 servientes,
983 1596 1352 1658 ambulantes
1408 1608 1642 1672 quoque
1670 1588 1731 1648 in
1763 1586 1991 1648 semitis

2078 522 2235 602 ptela
2255 522 2685 588 amitteremus.
2724 521 2785 581 in
2815 528 3016 582 nostra
3044 527 3199 581 esset
3232 527 3517 599 potestate
3546 519 3711 582 illam

2076 629 2183 690 per
2204 612 2334 674 haec
2350 610 2978 689 salutariaadjumenta
2999 626 3376 688 recuperare.
3410 613 3497 670 Ea
3511 618 3710 671 autem

2076 707 2211 759 sunt
2262 700 2432 760 haec:
2490 698 2840 779 baptismus,
2893 698 3258 779 poenitentia,
3321 696 3712 774 conﬁrmatio,

2079 787 2458 863 eucharistia,
2492 786 2956 861 matrimonium,
3017 787 3187 863 ordo,
3220 793 3280 848 et
3309 794 3574 848 extrema
3602 805 3716 849 un-

2079 877 2219 939 ctio.
2254 876 2475 938 Horum
2530 884 2687 937 tanta
2737 884 2826 938 est
2883 875 2989 950 vis,
3042 884 3205 938 tanta
3263 882 3541 956 potestas,
3575 881 3640 937 ut
3665 874 3718 938 si

2076 964 2188 1026 rite
2245 983 2312 1026 ac
2372 965 2635 1045 legitime
2691 965 3202 1041 administrentur,
3261 964 3334 1026 ab
3394 963 3559 1026 omni
3606 982 3717 1028 nos

2078 1054 2310 1115 valeant
2365 1054 2632 1135 quamvis
2690 1054 2890 1116 lethali
2946 1054 3192 1116 vulnere
3249 1071 3316 1115 ac
3375 1052 3715 1133 pernicioso

2077 1143 2282 1205 morbo
2313 1162 2544 1218 curare,
2578 1156 2638 1206 et
2680 1144 3091 1226 pulcherrimae
3156 1143 3477 1205 valetudini
3530 1143 3715 1206 resti-

2075 1241 2261 1293 tuere.
2290 1232 2427 1294 Haec
2445 1242 2641 1294 autem
2667 1234 2868 1295 omnia
2891 1233 3291 1295 consideranti
3318 1232 3566 1314 mihi,ac
3584 1250 3717 1313 per-

2073 1340 2229 1402 smpe
2252 1323 2347 1402 pie
2369 1331 2546 1403 atque
2577 1322 2852 1404 religiose
2886 1323 3084 1385 animo
3114 1323 3458 1398 revolventi,
3484 1322 3713 1385 nullum

2070 1411 2304 1472 videtur
2333 1413 2547 1492 majus,
2582 1413 2813 1474 nullum
2846 1411 3202 1488 mirabilius,
3236 1430 3413 1493 quam
3445 1411 3714 1493 corporis

2074 1501 2449 1578 etsanguinis
2478 1501 2717 1566 Domini
2747 1511 3206 1577 sacramentum,
3236 1501 3398 1579 quod
3431 1500 3710 1563 euchari-

2074 1589 2243 1648 stiam
2294 1608 2622 1652 vocamus:
2683 1590 2851 1670 cujus
2908 1588 3297 1671 speculationi
3353 1588 3583 1670 quoties
3609 1587 3712 1650 iu-

352 1667 764 1746 mandatorum
798 1667 952 1764 ejus,
980 1685 1052 1747 ad
1066 1667 1985 1751 aeternamillambealitudinem,
2009 1667 2053 1727 Β
2075 1676 2273 1753 tendo,
2311 1678 2481 1739 toties
2511 1680 2725 1740 mirum
2753 1667 2819 1739 in
2851 1667 3095 1740 modum
3126 1667 3500 1759 obstupesco,
3536 1685 3713 1759 atque

349 1771 679 1833 ccelestium
712 1793 946 1855 quoque
1000 1772 1312 1853 spirituum
1366 1766 1732 1832 consortium
1762 1764 1986 1855 dignis-

347 1858 503 1920 sime
533 1852 923 1925 vocarentur:
961 1852 1059 1923 ubi
1089 1860 1415 1922 secundum
1444 1852 1838 1938 Apostolumfi
1869 1871 1988 1913 non

347 1965 457 2025 per
485 1951 790 2028 speculum
826 1951 886 2011 in
914 1951 1243 2030 aenigmate,
1278 1946 1456 2010 veluti
1509 1947 1569 2006 in
1600 1946 1712 2004 hoc
1743 1940 1983 2021 saeculo,

346 2035 451 2095 sed
487 2038 743 2099 revelata
776 2039 924 2100 facie
956 2039 1209 2100 divinam
1242 2037 1403 2097 illam
1436 2034 1809 2113 majestatem
1837 2047 1985 2091 con-

348 2126 813 2204 templabimur;
846 2127 907 2188 in
941 2147 1053 2209 quo
1086 2143 1376 2188 summam
1409 2142 1541 2185 esse
1572 2119 1831 2209 hominis
1860 2116 1988 2179 feli—

345 2211 583 2274 citatem
615 2207 1084 2296 immensamque
1111 2216 1486 2295 voluptatem,
1518 2229 1691 2272 nemo
1708 2207 1823 2269 nisi
1853 2224 1983 2267 ma—

345 2300 504 2361 xime
534 2303 785 2365 demens
816 2305 1189 2366 inﬁ'ciabitur.
1249 2302 1386 2365 Haec
1443 2308 1529 2361 est
1558 2299 1738 2378 hujus
1768 2302 1987 2357 nostra;

350 2391 706 2470 evangelicae
736 2393 1069 2454 traditionis
1101 2411 1331 2454 summa
1362 2410 1377 2467 ;
1414 2393 1470 2450 in
1500 2389 1613 2450 hoc
1647 2386 1771 2450 sola
1796 2384 1984 2465 ipsius

340 2478 430 2538 vis
461 2481 765 2557 pendent;
789 2483 861 2543 ad
891 2483 1004 2544 hoc
1034 2482 1159 2561 ejus
1191 2487 1450 2542 sunttam
1476 2482 1789 2557 praecepta,
1809 2490 1983 2553 quam

345 2567 929 2632 consiliainstituta:
994 2571 1091 2633 hic
1150 2567 1400 2650 piissimi
1450 2575 1507 2627 et
1536 2562 1984 2626 clementissimi

347 2653 700 2733 legislatoris
731 2660 913 2721 nostri
942 2659 1116 2735 ﬁnis;
1164 2660 1291 2721 haec
1319 2656 1568 2718 intentio
1597 2675 1613 2735 ;
1650 2653 1761 2714 hoc
1793 2652 1921 2732 ipse
1950 2668 1983 2711 a

2071 1783 2193 1845 prae
2222 1774 2396 1828 tanta;
2443 1768 2531 1829 rei
2590 1775 2896 1849 suavitate,
2955 1769 3219 1830 animum
3281 1774 3445 1828 extra
3472 1784 3539 1829 se
3568 1765 3712 1829 ferri

2070 1873 2399 1932 cognosco:
2455 1856 2613 1937 quod
2670 1856 3005 1938 cuicunque
3054 1863 3276 1919 attente
3305 1854 3711 1920 consideranti

2071 1943 2309 2006 evenire
2358 1964 2529 2025 posse
2560 1964 2677 2007 non
2707 1945 2931 2008 dubito.
2967 1944 3107 2018 Quis
3137 1944 3297 2007 enim
3326 1962 3445 2006 non
3477 1962 3709 2007 summe

2070 2032 2480 2114 admirabitur,
2506 2053 2639 2096 cum
2665 2034 2828 2096 audit
2850 2033 3237 2096 substantiam
3256 2031 3709 2112 corruptibilem

2069 2124 2239 2204 panis
2270 2134 2328 2187 et
2353 2125 2474 2187 vini
2502 2127 2565 2187 in
2590 2145 2794 2188 verum
2844 2126 3078 2187 Domini
3108 2124 3296 2187 nostri
3320 2123 3458 2187 Jesu
3489 2123 3710 2186 Christi

2069 2230 2303 2293 corpus,
2337 2214 2767 2292 etsanguinem
2795 2214 3123 2277 sacerdotis
3145 2212 3474 2275 ministerio
3506 2218 3709 2275 trans-

2068 2302 2280 2363 mutari
2308 2301 2339 2361 ?
2401 2322 2535 2364 cum
2596 2304 2772 2366 lectio
2810 2304 2913 2364 illa
2942 2303 3284 2383 evangelica
3308 2302 3433 2364 Suis
3462 2299 3708 2365 auribus

2067 2391 2326 2452 intonat:
2352 2390 2493 2453 Nisi
2513 2393 2894 2455 comederitis
2922 2410 3172 2456 carnem
3192 2391 3337 2454 Filii
3364 2392 3628 2454 hominis
3646 2399 3710 2454 et

2067 2480 2431 2557 sanguinem
2440 2482 2565 2560 ejus
2576 2480 2993 2556 biberitis,non
3013 2481 3308 2545 habebitis
3321 2481 3512 2543 vitam
3529 2481 3596 2542 in
3606 2499 3708 2541 vo-

2066 2569 2155 2631 bis
2173 2569 2223 2631 7.
2257 2568 2329 2630 Et
2349 2570 2493 2631 alibi
2518 2588 2531 2633 :
2559 2569 2750 2651 Caro,
2772 2571 2982 2652 inquit,
3014 2589 3146 2633 mea
3173 2588 3314 2633 vere
3333 2569 3623 2647 estcibus,
3648 2578 3708 2633 et

2066 2660 2321 2738 sanguis
2340 2677 2508 2722 meus
2530 2677 2670 2723 vere
2698 2666 2783 2724 est
2812 2667 3022 2741 potus;
3043 2661 3149 2741 qui
3161 2659 3705 2742 manducatgmeam

348 2746 519 2807 nobis
546 2767 655 2828 per
681 2749 1056 2830 Unigenitum
1090 2769 1284 2824 suum,
1349 2765 1523 2828 quem
1572 2745 1641 2807 ad
1675 2742 1980 2805 ferendam
2063 2765 2332 2824 cantem,
2358 2754 2415 2811 et
2437 2748 2582 2813 bibit
2603 2767 2802 2812 meum
2816 2751 3196 2829 sanguinem,
3219 2750 3286 2812 in
3305 2767 3399 2813 me
3426 2756 3631 2813 manet
3646 2754 3707 2812 et

344 2832 495 2893 hanc
519 2836 709 2916 legem
748 2836 926 2915 misit,
960 2839 1256 2902 instanter
1287 2843 1509 2911 monet,
1544 2835 1833 2906 hortatur,
1870 2849 1979 2910 po-
2063 2855 2171 2918 ego
2194 2839 2263 2900 in
2294 2855 2362 2900 eo
2390 2839 2441 2898 8.
2470 2841 2678 2920 Stupet
2699 2839 2961 2920 profecto
2992 2841 3287 2902 humanus
3316 2837 3571 2915 animus,
3604 2845 3699 2900 at-

344 2923 520 2983 stulat
551 2936 607 2987 et
639 2927 886 3007 requirit
913 2946 928 3003 ;
961 2935 1024 2989 ut
1055 2928 1154 3009 qui
1178 2926 1434 2988 creando
1448 2931 1659 2985 cuncta
1689 2940 1761 2983 ex
1791 2920 1977 2981 nihilo
2063 2944 2177 3007 que
2206 2926 2279 2990 ad
2296 2927 2441 2988 tales
2456 2946 2765 2990 sermones
2787 2935 2940 2990 totus
2957 2926 3383 3003 contremiscit,
3409 2935 3703 3009 tantaeque

339 3030 506 3074 suam
540 3017 794 3079 maxime
824 3018 1307 3099 omnipotentiam
1324 3014 1605 3089 ostendit,
1629 3011 1973 3099 sapientiam
1996 3036 2038 3098 α
2061 3015 2149 3077 rei
2178 3015 2568 3079 admiratione
2598 3017 2948 3098 plerumque
2978 3025 3144 3080 extra
3174 3036 3241 3078 se
3269 3017 3477 3080 fertur.
3514 3017 3703 3081 Cum-

336 3117 480 3161 vero
512 3114 708 3165 creata
742 3114 900 3167 tanto
960 3107 1171 3169 ordine
1226 3105 1488 3185 regendo
1552 3111 1728 3182 atque
1757 3098 1975 3179 guber-
2062 3122 2178 3184 que
2208 3112 2323 3166 tam
2359 3104 2652 3167 mirabilis
2677 3107 3030 3169 sacramenti
3086 3105 3424 3185 cognitione
3453 3105 3697 3168 intelle-

338 3191 580 3265 nando;
616 3212 722 3256 nos
751 3196 989 3258 tandem
1020 3214 1052 3257 a
1103 3195 1359 3276 peccatis
1417 3200 1477 3253 et
1534 3189 1837 3252 erroribus
1867 3188 1976 3247 hoc

340 3282 596 3344 mirabili
612 3286 786 3347 modo
800 3287 1105 3349 liberanda
1117 3287 1176 3348 in
1187 3287 1408 3350 finitam
1421 3302 1585 3346 suam
1600 3278 1972 3344 clementiam

334 3376 514 3449 atque
546 3373 1015 3436 misericordiam
1044 3375 1498 3436 demonstraret.

418 3458 576 3521 Nihil
610 3462 784 3541 igitur
832 3464 942 3525 hac
986 3471 1188 3526 nostra
1245 3461 1578 3527 Christiana
1607 3457 1977 3540 professione

338 3557 532 3628 potest
553 3551 802 3631 reperiri
819 3553 1074 3631 dignius,
1099 3552 1248 3615 nihil
1278 3549 1637 3634 praeclarius,
1668 3547 1815 3610 nihil
1845 3547 1974 3608 fru-

338 3637 639 3715 ctuosius;
670 3641 791 3703 sive
821 3641 1171 3720 legislatoris
1199 3640 1569 3721 dignitatem,
1588 3642 1710 3700 sive
1730 3636 1975 3699 institu-

336 3724 582 3802 tionem,
599 3727 856 3807 ipsarum
876 3739 935 3791 et
958 3731 1335 3793 traditionum
1358 3727 1834 3802 sanctimoniam,
1853 3725 1978 3788 sive

337 3823 576 3876 aeternae
598 3816 895 3880 felicitatis
918 3819 1190 3899 gloriam,
1232 3818 1304 3880 ad
1347 3836 1521 3899 quam
1551 3833 1850 3889 vocamur,
1882 3813 1976 3875 di-

335 3902 591 3982 ligenter
606 3906 1077 3969 animadvertere
1094 3928 1123 3965 v
1136 3904 1568 3969 oluerimus.Ut
1578 3912 1775 3969 autem
1801 3903 1973 3983 nihil,

336 3992 494 4072 quod
517 3994 588 4054 ad
615 3995 866 4057 salutem
890 4008 1147 4058 nostram
1183 3995 1480 4076 pertinere
1501 4002 1717 4076 posset,
1745 3992 1976 4074 sapien-

338 4081 607 4144 tissimus
657 4083 956 4162 legislator
1022 4084 1520 4166 praetermitteret,
1581 4081 1976 4143 sacratissima

334 4171 606 4250 quaedam
657 4181 1028 4235 sacramenta
1080 4173 1333 4236 instituit
1387 4179 1604 4234 nostras
1649 4171 1975 4250 fragilitatis

2059 3200 2188 3254 ctus
2243 3192 2705 3273 profunditatem
2763 3212 2990 3270 eorum,
3054 3214 3185 3276 quae
3237 3194 3300 3256 in
3358 3214 3428 3256 eo
3490 3194 3695 3271 latent,

2061 3281 2471 3360 mysteriorum
2496 3283 2744 3344 scrutari
2760 3283 2925 3344 avide
2939 3283 3122 3366 cupit,
3148 3290 3445 3347 tantorum
3457 3302 3700 3347 arcano-

2056 3387 2188 3430 rum
2222 3370 2628 3449 magnitudine
2658 3390 2898 3453 pressus
2925 3372 2987 3433 in
3016 3372 3145 3454 ipso
3176 3381 3388 3435 conatu
3417 3392 3695 3436 succum-

2059 3458 2232 3531 bens,
2261 3459 2417 3540 quod
2440 3460 2637 3523 minus
2661 3461 2919 3542 perfecte
2936 3461 3236 3542 intelligit,
3260 3464 3699 3544 quammaxime

2058 3549 2404 3631 admiratur,
2437 3549 2644 3613 dicens
2671 3569 2804 3612 cum
2826 3550 3148 3632 Propheta:
3174 3553 3543 3617 Memoriam
3556 3555 3700 3632 fecit

2057 3639 2434 3702 mirabilium
2450 3657 2700 3703 suorum
2722 3641 3034 3703 miserator
3048 3649 3104 3703 et
3119 3642 3462 3704 misericors
3483 3642 3696 3705 Domi-

2058 3745 2175 3788 nus
2193 3745 2389 3790 escam
2417 3728 2581 3791 dedit
2613 3729 2968 3792 timentibus
3003 3729 3129 3791 se9.
3161 3728 3229 3792 Et
3259 3730 3522 3809 profecto
3561 3750 3698 3794 om-

2059 3835 2195 3878 nem
2227 3817 2678 3879 admirationem
2710 3818 2965 3904 excedit,
2985 3821 3185 3881 omnia
3206 3820 3701 3901 mirabiliasupe-

2057 3913 2167 3975 rat,
2194 3906 2330 3988 quia
2355 3906 2464 3968 sub
2498 3906 2716 3968 modici
2763 3908 2932 3987 panis
2963 3916 3021 3970 et
3073 3908 3197 3969 vini
3239 3909 3461 3989 specie,
3492 3928 3695 3973 verum

2058 3995 2279 4059 Christi
2308 4013 2522 4075 corpus
2565 4002 2622 4056 et
2673 3995 2909 4074 sanguis
2961 4014 2997 4057 a
3050 3996 3326 4058 ﬁdelibus
3356 3999 3696 4061 communi-

2058 4084 2246 4145 cando
2305 4083 2579 4146 sumitur.
2633 4084 2803 4146 Unde
2859 4103 2991 4146 cum
3045 4084 3382 4147 divinorum
3444 4104 3696 4169 operum

2061 4172 2521 4253 magnitudinem
2538 4172 2995 4247 considero,hoc
3007 4191 3239 4237 summe
3255 4175 3666 4239 admirandum
3678 4229 3692 4256 ,

336 4259 605 4320 remedia
660 4260 1073 4336 saluberrima,
1135 4262 1351 4341 quibus
1406 4260 1586 4322 veluti
1616 4258 1970 4349 quibusdam
2000 4264 2483 4349 Dvenerandum,
2512 4270 2688 4343 atque
2718 4281 2926 4340 magno
2957 4282 3092 4324 cum
3128 4271 3385 4327 tremore
3433 4273 3695 4331 tractan-

342 4347 820 4424 medicamentis,
839 4352 1264 4432 nostrisposset
1289 4348 1728 4412 inﬁrmitatibus
1758 4347 1976 4410 subve-

339 4437 494 4501 nire.
525 4438 692 4501 Sicut
718 4441 875 4501 enim
908 4460 1026 4502 non
1055 4440 1272 4502 sufﬁcit
1299 4440 1533 4501 medico
1591 4437 1837 4518 depulsa
1867 4436 1976 4498 ad-

339 4545 510 4589 versa
538 4528 873 4592 valetudine
925 4530 1139 4592 bonam
1196 4529 1502 4605 inducere,
1563 4527 1679 4589 nisi
1708 4524 1978 4588 remedia

340 4634 575 4695 quoque
627 4616 730 4679 illa
780 4617 1077 4693 adhibeat,
1139 4617 1351 4700 quibus
1409 4629 1470 4680 et
1519 4616 1791 4677 valetudo
1821 4614 1979 4675 bona

342 4714 745 4787 conservetur,
778 4717 837 4768 et
860 4706 910 4768 si
939 4706 1173 4788 quando
1204 4703 1977 4779 morbusinciderit,adver-

348 4812 449 4856 sus
479 4794 639 4857 illum
670 4796 889 4859 debitis
936 4797 1390 4861 medicamentis
1436 4797 1854 4878 provideatur:
1890 4793 1978 4854 sic

344 4900 608 4946 summus
636 4885 737 4947 ille
767 4894 824 4948 et
853 4887 1228 4968 omnipotens
1277 4887 1454 4962 Deus,
1504 4905 1699 4968 neque
1729 4884 1975 4946 inﬁnitae

338 4973 644 5054 sapientiae
658 4993 805 5050 suae,
824 4994 1016 5057 neque
1037 4977 1207 5039 saluti
1229 4982 1445 5038 nostrae
1482 4975 1717 5037 abunde
1738 4973 1973 5036 satisfa-

340 5069 498 5123 ctum
531 5080 663 5124 esse
690 5064 1066 5141 existimavit,
1096 5065 1149 5128 si
1205 5085 1313 5128 nos
1337 5071 1561 5128 tantum
1597 5082 1699 5144 per
1727 5066 1969 5143 gratiam

342 5166 508 5211 suam
540 5169 573 5211 a
603 5151 759 5213 vitiis
785 5152 856 5213 ad
903 5154 1202 5231 virtutem,
1257 5154 1331 5217 ab
1388 5154 1690 5217 erroribus
1718 5155 1791 5218 ad
1817 5155 1971 5215 viam

339 5238 604 5301 veritatis
631 5248 916 5318 vocasset,
937 5241 1053 5303 nisi
1085 5254 1145 5306 et
1169 5245 1441 5308 remedia
1461 5242 1812 5318 invenisset,
1834 5242 1971 5325 qui-

340 5324 451 5389 bus
489 5329 672 5391 veluti
700 5329 1055 5410 quibusdam
1099 5332 1475 5397 adminiculis
1527 5334 1682 5397 hanc
1714 5324 1881 5395 suam
1909 5331 1970 5392 in

336 5416 509 5479 nobis
535 5418 778 5498 gratiam
809 5436 1212 5487 servaremus:
1249 5431 1308 5486 et
1335 5431 1525 5506 quasi,
1557 5412 1791 5505 quando
1806 5420 1969 5488 illam

2057 4351 2196 4412 dum
2229 4369 2469 4413 censeo.
2500 4351 2871 4413 Admirabile
2917 4352 3212 4435 siquidem
3261 4363 3319 4416 et
3349 4357 3696 4436 praeclarum

2055 4438 2164 4501 fuit
2182 4440 2334 4501 hanc
2360 4440 2567 4503 mundi
2589 4440 2921 4503 machinam
2949 4450 3031 4505 tot
3054 4442 3337 4506 caelorum
3359 4446 3694 4511 elemento-

2054 4548 2307 4611 rumque
2338 4531 2606 4611 sphaeris,
2640 4538 2728 4594 tot
2783 4530 3151 4594 diversarum
3182 4551 3384 4596 rerum
3416 4538 3695 4602 varietate

2057 4631 2328 4684 ornatum
2360 4639 2585 4697 creare,
2612 4642 2730 4686 non
2770 4623 2961 4685 solum
2992 4624 3135 4700 diei,
3169 4624 3364 4688 lunam
3397 4646 3465 4690 ac
3495 4630 3699 4693 stellas

2056 4711 2214 4772 nocti
2247 4710 2574 4792 praeﬁcere,
2610 4712 2976 4793 distinguere
3004 4720 3293 4794 tempora,
3320 4716 3603 4780 coalorum
3627 4737 3737 4783 ac“

2058 4799 2321 4862 siderum
2355 4817 2562 4861 cursus
2586 4809 2897 4883 motusque
2917 4801 3262 4883 disponere,
3284 4805 3694 4870 innumerabi-

2056 4889 2135 4950 lia
2164 4888 2380 4950 deinde
2400 4888 2616 4963 avium,
2653 4889 2924 4969 piscium,
2949 4892 3445 4975 terrestriumque
3460 4896 3694 4959 anima-

2058 4978 2517 5053 lium,arborum
2540 4998 2775 5060 quoque
2791 4999 2859 5043 ac
2880 4980 3199 5057 fructuum,
3227 4990 3696 5067 caaterarumque

2057 5083 2253 5127 rerum
2278 5084 2498 5146 genera
2509 5067 2581 5129 ad
2605 5067 2915 5130 hominum
2929 5087 3124 5150 usum,
3145 5069 3303 5132 hunc
3321 5069 3383 5131 in
3408 5072 3693 5136 mundum

2056 5155 2407 5235 producere,
2434 5156 2737 5219 hominem
2760 5157 2953 5239 ipsum
2983 5157 3270 5221 demuma
3301 5160 3531 5224 caeteris
3559 5162 3690 5226 ani-

2055 5244 2349 5306 mantibus
2369 5245 2615 5307 rationis
2638 5254 2696 5309 et
2717 5245 3013 5310 sermonis
3035 5246 3317 5327 dignitate
3346 5244 3690 5318 secernere.

2054 5329 2170 5395 Sed
2190 5351 2325 5395 cum
2350 5351 2445 5396 me
2466 5334 2540 5397 ad
2570 5336 2748 5416 hujus
2766 5335 3034 5418 corporis
3063 5345 3120 5398 et
3145 5337 3455 5418 sanguinis
3483 5358 3688 5407 sacra-

2053 5429 2318 5485 mentum
2348 5430 2647 5503 converto,
2680 5426 2830 5490 nihil
2879 5425 3030 5490 mihi
3070 5425 3305 5494 videtur
3334 5427 3686 5513 mirabilius,

409 5593 443 5644 θ
466 5594 495 5658 Ι
518 5599 653 5663 Cor.
685 5615 810 5681 xm,
850 5600 961 5679 l2;
991 5597 1049 5663 II
1072 5599 1209 5680 Cor,
1240 5617 1328 5680 ιιι,
1365 5602 1462 5669 18.
1547 5602 1578 5653 7
1601 5600 1774 5669 Joan.
1805 5619 1884 5685 γι,
1916 5605 1981 5671 54

2100 5603 2135 5655 8
2160 5603 2317 5673 Ibid.
2343 5602 2447 5684 se,
2475 5604 2576 5673 57.
2663 5605 2697 5659 8
2726 5603 2876 5673 Psal.
2907 5621 3011 5691 cx,
3035 5606 3099 5674 4.
