  <div class='ocr_page' id='page_1' title='image "/cluster/home/n/w/nwhite01/storage/ocr_20150623/120/mdp.39015008866736/145.png"; bbox 0 0 4068 6112; ppageno 0'>
   <div class='ocr_carea' id='block_1_1' title="bbox 371 316 2018 395">
    <p class='ocr_par' dir='ltr' id='par_1_1' title="bbox 371 316 2018 388">
     <span class='ocr_line' id='line_1_1' title="bbox 371 316 2018 388; baseline -0.001 -2"><span class='ocrx_word' id='word_1_1' title='bbox 371 316 494 387; x_wconf 74' lang='grc'>279</span> <span class='ocrx_word' id='word_1_2' title='bbox 1666 320 2018 388; x_wconf 84' lang='grc' dir='ltr'>ΕΡΙΡΗΑΝ]</span> 
     </span>
    </p>
   </div>
   <div class='ocr_carea' id='block_1_2' title="bbox 2105 316 3744 395">
    <p class='ocr_par' dir='ltr' id='par_1_2' title="bbox 2105 324 3744 395">
     <span class='ocr_line' id='line_1_2' title="bbox 2105 324 3744 395; baseline 0.005 -9"><span class='ocrx_word' id='word_1_3' title='bbox 2105 324 2435 388; x_wconf 84' lang='lat' dir='ltr'>MONACH]</span> <span class='ocrx_word' id='word_1_4' title='bbox 3625 330 3744 395; x_wconf 71' lang='lat'>280</span> 
     </span>
    </p>
   </div>
   <div class='ocr_carea' id='block_1_3' title="bbox 370 454 3747 539">
    <p class='ocr_par' dir='ltr' id='par_1_3' title="bbox 370 454 3747 539">
     <span class='ocr_line' id='line_1_3' title="bbox 370 454 3747 539; baseline 0.001 -18"><span class='ocrx_word' id='word_1_5' title='bbox 370 456 522 522; x_wconf 88' lang='lat' dir='ltr'>nihil</span> <span class='ocrx_word' id='word_1_6' title='bbox 547 454 935 519; x_wconf 84' lang='lat' dir='ltr'>veneratione</span> <span class='ocrx_word' id='word_1_7' title='bbox 962 454 1225 536; x_wconf 80' lang='lat' dir='ltr'>dignius,</span> <span class='ocrx_word' id='word_1_8' title='bbox 1258 454 1407 517; x_wconf 87' lang='lat' dir='ltr'>nihil</span> <span class='ocrx_word' id='word_1_9' title='bbox 1433 454 1691 517; x_wconf 82' lang='lat' dir='ltr'>sanctius</span> <span class='ocrx_word' id='word_1_10' title='bbox 1719 461 1896 536; x_wconf 89' lang='lat' dir='ltr'>atque</span> <span class='ocrx_word' id='word_1_11' title='bbox 1924 456 2025 517; x_wconf 85' lang='lat' dir='ltr'>de-</span> <span class='ocrx_word' id='word_1_12' title='bbox 2044 456 2349 520; x_wconf 86' lang='lat' dir='ltr'>ADomini</span> <span class='ocrx_word' id='word_1_13' title='bbox 2369 455 2671 519; x_wconf 90' lang='lat' dir='ltr'>visitantes</span> <span class='ocrx_word' id='word_1_14' title='bbox 2688 459 2912 521; x_wconf 73' lang='lat' dir='ltr'>caelesti</span> <span class='ocrx_word' id='word_1_15' title='bbox 2931 460 3146 539; x_wconf 90' lang='lat' dir='ltr'>pabulo</span> <span class='ocrx_word' id='word_1_16' title='bbox 3168 461 3419 523; x_wconf 85' lang='lat' dir='ltr'>recreati</span> <span class='ocrx_word' id='word_1_17' title='bbox 3448 462 3747 525; x_wconf 80' lang='lat' dir='ltr'>ﬁdeliores</span> 
     </span>
    </p>
   </div>
   <div class='ocr_carea' id='block_1_4' title="bbox 370 542 3743 627">
    <p class='ocr_par' dir='ltr' id='par_1_4' title="bbox 370 542 3743 627">
     <span class='ocr_line' id='line_1_4' title="bbox 370 542 3743 627; baseline 0.001 -17"><span class='ocrx_word' id='word_1_18' title='bbox 370 546 564 610; x_wconf 90' lang='lat' dir='ltr'>votius</span> <span class='ocrx_word' id='word_1_19' title='bbox 592 543 1107 627; x_wconf 88' lang='lat' dir='ltr'>pertractandum,</span> <span class='ocrx_word' id='word_1_20' title='bbox 1169 543 1232 604; x_wconf 92' lang='lat' dir='ltr'>in</span> <span class='ocrx_word' id='word_1_21' title='bbox 1291 563 1407 625; x_wconf 91' lang='lat' dir='ltr'>quo</span> <span class='ocrx_word' id='word_1_22' title='bbox 1465 542 1708 606; x_wconf 90' lang='lat' dir='ltr'>Creator</span> <span class='ocrx_word' id='word_1_23' title='bbox 1737 553 2023 606; x_wconf 66' lang='lat' dir='ltr'>creatum</span> <span class='ocrx_word' id='word_1_24' title='bbox 2106 546 2567 624; x_wconf 87' lang='lat' dir='ltr'>devotioresque</span> <span class='ocrx_word' id='word_1_25' title='bbox 2619 555 3017 611; x_wconf 89' lang='lat' dir='ltr'>revertuntur.</span> <span class='ocrx_word' id='word_1_26' title='bbox 3077 550 3163 613; x_wconf 84' lang='lat' dir='ltr'>Ad</span> <span class='ocrx_word' id='word_1_27' title='bbox 3222 549 3375 613; x_wconf 86' lang='lat' dir='ltr'>hanc</span> <span class='ocrx_word' id='word_1_28' title='bbox 3430 551 3743 614; x_wconf 87' lang='lat' dir='ltr'>ecclesiam</span> 
     </span>
    </p>
   </div>
   <div class='ocr_carea' id='block_1_5' title="bbox 373 632 3742 721">
    <p class='ocr_par' dir='ltr' id='par_1_5' title="bbox 373 632 3742 721">
     <span class='ocr_line' id='line_1_5' title="bbox 373 632 3742 721; baseline -0 -21"><span class='ocrx_word' id='word_1_29' title='bbox 373 634 775 716; x_wconf 87' lang='lat' dir='ltr'>conjungitur,</span> <span class='ocrx_word' id='word_1_30' title='bbox 804 632 1211 713; x_wconf 68' lang='lat' dir='ltr'>corruptibilis</span> <span class='ocrx_word' id='word_1_31' title='bbox 1233 633 1565 695; x_wconf 74' lang='lat' dir='ltr'>substantia</span> <span class='ocrx_word' id='word_1_32' title='bbox 1590 635 1646 694; x_wconf 91' lang='lat' dir='ltr'>in</span> <span class='ocrx_word' id='word_1_33' title='bbox 1667 632 2022 713; x_wconf 75' lang='lat' dir='ltr'>incormpti-</span> <span class='ocrx_word' id='word_1_34' title='bbox 2109 634 2379 696; x_wconf 87' lang='lat' dir='ltr'>nonnulli</span> <span class='ocrx_word' id='word_1_35' title='bbox 2415 634 2884 721; x_wconf 74' lang='lat' dir='ltr'>Christianorum</span> <span class='ocrx_word' id='word_1_36' title='bbox 2919 647 3325 718; x_wconf 82' lang='lat' dir='ltr'>persecutores</span> <span class='ocrx_word' id='word_1_37' title='bbox 3356 640 3742 714; x_wconf 84' lang='lat' dir='ltr'>accedebant,</span> 
     </span>
    </p>
   </div>
   <div class='ocr_carea' id='block_1_6' title="bbox 372 721 3743 803">
    <p class='ocr_par' dir='ltr' id='par_1_6' title="bbox 372 721 3743 803">
     <span class='ocr_line' id='line_1_6' title="bbox 372 721 3743 803; baseline 0 -16"><span class='ocrx_word' id='word_1_38' title='bbox 372 725 555 788; x_wconf 91' lang='lat' dir='ltr'>bilem</span> <span class='ocrx_word' id='word_1_39' title='bbox 588 723 1044 801; x_wconf 79' lang='lat' dir='ltr'>transfunditur,</span> <span class='ocrx_word' id='word_1_40' title='bbox 1076 727 1157 784; x_wconf 89' lang='lat' dir='ltr'>’et</span> <span class='ocrx_word' id='word_1_41' title='bbox 1214 721 1321 784; x_wconf 78' lang='lat' dir='ltr'>sub</span> <span class='ocrx_word' id='word_1_42' title='bbox 1386 740 1560 803; x_wconf 91' lang='lat' dir='ltr'>parva</span> <span class='ocrx_word' id='word_1_43' title='bbox 1612 723 1780 803; x_wconf 91' lang='lat' dir='ltr'>panis</span> <span class='ocrx_word' id='word_1_44' title='bbox 1812 731 1866 784; x_wconf 89' lang='lat' dir='ltr'>et</span> <span class='ocrx_word' id='word_1_45' title='bbox 1902 721 2020 783; x_wconf 87' lang='lat' dir='ltr'>vini</span> <span class='ocrx_word' id='word_1_46' title='bbox 2104 736 2309 784; x_wconf 87' lang='lat' dir='ltr'>nostra</span> <span class='ocrx_word' id='word_1_47' title='bbox 2329 721 2623 784; x_wconf 85' lang='lat' dir='ltr'>sacriﬁcia</span> <span class='ocrx_word' id='word_1_48' title='bbox 2647 724 2987 800; x_wconf 89' lang='lat' dir='ltr'>irridentes,</span> <span class='ocrx_word' id='word_1_49' title='bbox 3014 726 3492 790; x_wconf 89' lang='lat' dir='ltr'>autChristianos</span> <span class='ocrx_word' id='word_1_50' title='bbox 3520 728 3743 790; x_wconf 85' lang='lat' dir='ltr'>ibidem</span> 
     </span>
    </p>
   </div>
   <div class='ocr_carea' id='block_1_7' title="bbox 371 809 3742 896">
    <p class='ocr_par' dir='ltr' id='par_1_7' title="bbox 371 809 3742 896">
     <span class='ocr_line' id='line_1_7' title="bbox 371 809 3742 896; baseline 0 -20"><span class='ocrx_word' id='word_1_51' title='bbox 371 813 572 895; x_wconf 87' lang='lat' dir='ltr'>specie</span> <span class='ocrx_word' id='word_1_52' title='bbox 602 831 808 874; x_wconf 88' lang='lat' dir='ltr'>rerum</span> <span class='ocrx_word' id='word_1_53' title='bbox 862 812 1129 872; x_wconf 90' lang='lat' dir='ltr'>omnium</span> <span class='ocrx_word' id='word_1_54' title='bbox 1186 809 1469 873; x_wconf 88' lang='lat' dir='ltr'>Conditor</span> <span class='ocrx_word' id='word_1_55' title='bbox 1520 810 1671 872; x_wconf 91' lang='lat' dir='ltr'>mira</span> <span class='ocrx_word' id='word_1_56' title='bbox 1699 810 2017 872; x_wconf 87' lang='lat' dir='ltr'>verborum</span> <span class='ocrx_word' id='word_1_57' title='bbox 2102 812 2348 872; x_wconf 89' lang='lat' dir='ltr'>orationi</span> <span class='ocrx_word' id='word_1_58' title='bbox 2381 811 2641 872; x_wconf 90' lang='lat' dir='ltr'>intentos</span> <span class='ocrx_word' id='word_1_59' title='bbox 2673 813 3111 892; x_wconf 90' lang='lat' dir='ltr'>perturbantes,</span> <span class='ocrx_word' id='word_1_60' title='bbox 3155 835 3302 896; x_wconf 89' lang='lat' dir='ltr'>quos</span> <span class='ocrx_word' id='word_1_61' title='bbox 3345 816 3483 877; x_wconf 89' lang='lat' dir='ltr'>inde</span> <span class='ocrx_word' id='word_1_62' title='bbox 3512 817 3742 879; x_wconf 88' lang='lat' dir='ltr'>abstra-</span> 
     </span>
    </p>
   </div>
   <div class='ocr_carea' id='block_1_8' title="bbox 374 898 3741 985">
    <p class='ocr_par' dir='ltr' id='par_1_8' title="bbox 374 898 3741 985">
     <span class='ocr_line' id='line_1_8' title="bbox 374 898 3741 985; baseline 0.002 -22"><span class='ocrx_word' id='word_1_63' title='bbox 374 902 705 985; x_wconf 84' lang='lat' dir='ltr'>prolatione</span> <span class='ocrx_word' id='word_1_64' title='bbox 727 899 1100 982; x_wconf 90' lang='lat' dir='ltr'>supponitur.</span> <span class='ocrx_word' id='word_1_65' title='bbox 1126 900 1627 980; x_wconf 90' lang='lat' dir='ltr'>lnhocsiquidem</span> <span class='ocrx_word' id='word_1_66' title='bbox 1648 910 2017 961; x_wconf 83' lang='lat' dir='ltr'>sacramento</span> <span class='ocrx_word' id='word_1_67' title='bbox 2102 910 2227 960; x_wconf 91' lang='lat' dir='ltr'>ctos</span> <span class='ocrx_word' id='word_1_68' title='bbox 2260 898 2486 978; x_wconf 88' lang='lat' dir='ltr'>magnis</span> <span class='ocrx_word' id='word_1_69' title='bbox 2546 900 2862 980; x_wconf 86' lang='lat' dir='ltr'>aliquando</span> <span class='ocrx_word' id='word_1_70' title='bbox 2922 903 3155 981; x_wconf 88' lang='lat' dir='ltr'>injuriis</span> <span class='ocrx_word' id='word_1_71' title='bbox 3208 905 3741 984; x_wconf 87' lang='lat' dir='ltr'>persequebantur.</span> 
     </span>
    </p>
   </div>
   <div class='ocr_carea' id='block_1_9' title="bbox 370 988 3744 1074">
    <p class='ocr_par' dir='ltr' id='par_1_9' title="bbox 370 988 3744 1074">
     <span class='ocr_line' id='line_1_9' title="bbox 370 988 3744 1074; baseline 0.001 -21"><span class='ocrx_word' id='word_1_72' title='bbox 370 992 461 1055; x_wconf 88' lang='lat' dir='ltr'>vis</span> <span class='ocrx_word' id='word_1_73' title='bbox 490 1011 558 1054; x_wconf 89' lang='lat' dir='ltr'>ac</span> <span class='ocrx_word' id='word_1_74' title='bbox 590 990 853 1072; x_wconf 90' lang='lat' dir='ltr'>potentia</span> <span class='ocrx_word' id='word_1_75' title='bbox 879 998 1103 1051; x_wconf 72' lang='lat' dir='ltr'>naturm</span> <span class='ocrx_word' id='word_1_76' title='bbox 1163 999 1502 1069; x_wconf 87' lang='lat' dir='ltr'>superatur,</span> <span class='ocrx_word' id='word_1_77' title='bbox 1562 989 1893 1049; x_wconf 91' lang='lat' dir='ltr'>communis</span> <span class='ocrx_word' id='word_1_78' title='bbox 1927 990 2016 1050; x_wconf 89' lang='lat' dir='ltr'>lex</span> <span class='ocrx_word' id='word_1_79' title='bbox 2099 988 2352 1067; x_wconf 87' lang='lat' dir='ltr'>Contigit</span> <span class='ocrx_word' id='word_1_80' title='bbox 2382 1001 2604 1069; x_wconf 86' lang='lat' dir='ltr'>autem,</span> <span class='ocrx_word' id='word_1_81' title='bbox 2638 990 2797 1051; x_wconf 87' lang='lat' dir='ltr'>inter</span> <span class='ocrx_word' id='word_1_82' title='bbox 2825 999 3071 1052; x_wconf 81' lang='lat' dir='ltr'>caeteros</span> <span class='ocrx_word' id='word_1_83' title='bbox 3104 992 3314 1055; x_wconf 90' lang='lat' dir='ltr'>ducem</span> <span class='ocrx_word' id='word_1_84' title='bbox 3338 995 3653 1074; x_wconf 88' lang='lat' dir='ltr'>quemdam</span> <span class='ocrx_word' id='word_1_85' title='bbox 3676 1013 3744 1057; x_wconf 85' lang='lat' dir='ltr'>ac</span> 
     </span>
    </p>
   </div>
   <div class='ocr_carea' id='block_1_10' title="bbox 369 1076 3739 1157">
    <p class='ocr_par' dir='ltr' id='par_1_10' title="bbox 369 1076 3739 1157">
     <span class='ocr_line' id='line_1_10' title="bbox 369 1076 3739 1157; baseline 0.001 -16"><span class='ocrx_word' id='word_1_86' title='bbox 369 1080 650 1157; x_wconf 78' lang='lat' dir='ltr'>vincitur,</span> <span class='ocrx_word' id='word_1_87' title='bbox 672 1078 874 1140; x_wconf 91' lang='lat' dir='ltr'>divina</span> <span class='ocrx_word' id='word_1_88' title='bbox 892 1078 1148 1139; x_wconf 86' lang='lat' dir='ltr'>maxime</span> <span class='ocrx_word' id='word_1_89' title='bbox 1176 1077 1359 1138; x_wconf 91' lang='lat' dir='ltr'>virtus</span> <span class='ocrx_word' id='word_1_90' title='bbox 1391 1078 1747 1151; x_wconf 85' lang='lat' dir='ltr'>ostenditur,</span> <span class='ocrx_word' id='word_1_91' title='bbox 1778 1086 1833 1138; x_wconf 93' lang='lat' dir='ltr'>et</span> <span class='ocrx_word' id='word_1_92' title='bbox 1855 1078 2013 1139; x_wconf 89' lang='lat' dir='ltr'>aliud</span> <span class='ocrx_word' id='word_1_93' title='bbox 2101 1076 2429 1156; x_wconf 90' lang='lat' dir='ltr'>principem</span> <span class='ocrx_word' id='word_1_94' title='bbox 2461 1076 2789 1138; x_wconf 89' lang='lat' dir='ltr'>infidelium</span> <span class='ocrx_word' id='word_1_95' title='bbox 2844 1079 3171 1141; x_wconf 70' lang='lat' dir='ltr'>Christiani</span> <span class='ocrx_word' id='word_1_96' title='bbox 3226 1081 3484 1142; x_wconf 91' lang='lat' dir='ltr'>nominis</span> <span class='ocrx_word' id='word_1_97' title='bbox 3512 1083 3739 1143; x_wconf 90' lang='lat' dir='ltr'>acerri-</span> 
     </span>
    </p>
   </div>
   <div class='ocr_carea' id='block_1_11' title="bbox 371 1166 2011 1249">
    <p class='ocr_par' dir='ltr' id='par_1_11' title="bbox 371 1166 2011 1249">
     <span class='ocr_line' id='line_1_11' title="bbox 371 1166 2011 1249; baseline -0.005 -17"><span class='ocrx_word' id='word_1_98' title='bbox 371 1188 552 1232; x_wconf 90' lang='lat' dir='ltr'>sensu</span> <span class='ocrx_word' id='word_1_99' title='bbox 585 1169 971 1249; x_wconf 89' lang='lat' dir='ltr'>percipimus,</span> <span class='ocrx_word' id='word_1_100' title='bbox 1006 1166 1165 1229; x_wconf 88' lang='lat' dir='ltr'>aliud</span> <span class='ocrx_word' id='word_1_101' title='bbox 1185 1166 1562 1227; x_wconf 89' lang='lat' dir='ltr'>fidecredere</span> <span class='ocrx_word' id='word_1_102' title='bbox 1576 1166 2011 1247; x_wconf 77' lang='lat' dir='ltr'>compellimur.</span> 
     </span>
    </p>
   </div>
   <div class='ocr_carea' id='block_1_12' title="bbox 372 1257 2013 1338">
    <p class='ocr_par' dir='ltr' id='par_1_12' title="bbox 372 1257 2013 1338">
     <span class='ocr_line' id='line_1_12' title="bbox 372 1257 2013 1338; baseline -0.002 -18"><span class='ocrx_word' id='word_1_103' title='bbox 372 1258 524 1332; x_wconf 88' lang='lat' dir='ltr'>Quid</span> <span class='ocrx_word' id='word_1_104' title='bbox 560 1258 746 1332; x_wconf 91' lang='lat' dir='ltr'>enim,</span> <span class='ocrx_word' id='word_1_105' title='bbox 769 1273 992 1338; x_wconf 85' lang='lat' dir='ltr'>quaeso,</span> <span class='ocrx_word' id='word_1_106' title='bbox 1023 1262 1140 1316; x_wconf 89' lang='lat' dir='ltr'>tam</span> <span class='ocrx_word' id='word_1_107' title='bbox 1164 1266 1391 1317; x_wconf 56' lang='lat' dir='ltr'>natura:</span> <span class='ocrx_word' id='word_1_108' title='bbox 1420 1257 1803 1332; x_wconf 90' lang='lat' dir='ltr'>contrarium,</span> <span class='ocrx_word' id='word_1_109' title='bbox 1839 1275 2013 1336; x_wconf 84' lang='lat' dir='ltr'>quam</span> 
     </span>
    </p>
   </div>
   <div class='ocr_carea' id='block_1_13' title="bbox 369 1344 2015 1426">
    <p class='ocr_par' dir='ltr' id='par_1_13' title="bbox 369 1344 2015 1426">
     <span class='ocr_line' id='line_1_13' title="bbox 369 1344 2015 1426; baseline -0.002 -16"><span class='ocrx_word' id='word_1_110' title='bbox 369 1347 703 1411; x_wconf 87' lang='lat' dir='ltr'>accidentia</span> <span class='ocrx_word' id='word_1_111' title='bbox 732 1363 844 1425; x_wconf 91' lang='lat' dir='ltr'>per</span> <span class='ocrx_word' id='word_1_112' title='bbox 872 1346 1070 1426; x_wconf 87' lang='lat' dir='ltr'>seipsa</span> <span class='ocrx_word' id='word_1_113' title='bbox 1091 1344 1220 1406; x_wconf 91' lang='lat' dir='ltr'>sine</span> <span class='ocrx_word' id='word_1_114' title='bbox 1242 1344 1509 1424; x_wconf 81' lang='lat' dir='ltr'>subjecto</span> <span class='ocrx_word' id='word_1_115' title='bbox 1531 1345 1631 1405; x_wconf 92' lang='lat' dir='ltr'>illa</span> <span class='ocrx_word' id='word_1_116' title='bbox 1652 1354 2015 1406; x_wconf 83' lang='lat' dir='ltr'>sustentante</span> 
     </span>
    </p>
   </div>
   <div class='ocr_carea' id='block_1_14' title="bbox 373 1433 2013 1511">
    <p class='ocr_par' dir='ltr' id='par_1_14' title="bbox 373 1433 2013 1511">
     <span class='ocr_line' id='line_1_14' title="bbox 373 1433 2013 1511; baseline -0.003 -13"><span class='ocrx_word' id='word_1_117' title='bbox 373 1437 707 1500; x_wconf 84' lang='lat' dir='ltr'>exsistere?</span> <span class='ocrx_word' id='word_1_118' title='bbox 759 1434 902 1497; x_wconf 93' lang='lat' dir='ltr'>Cum</span> <span class='ocrx_word' id='word_1_119' title='bbox 954 1434 1113 1494; x_wconf 92' lang='lat' dir='ltr'>enim</span> <span class='ocrx_word' id='word_1_120' title='bbox 1165 1441 1387 1495; x_wconf 61' lang='lat' dir='ltr'>natura)</span> <span class='ocrx_word' id='word_1_121' title='bbox 1441 1433 1836 1495; x_wconf 75' lang='lat' dir='ltr'>accidentium</span> <span class='ocrx_word' id='word_1_122' title='bbox 1870 1456 1881 1511; x_wconf 79' lang='grc' dir='ltr'>ι</span> <span class='ocrx_word' id='word_1_123' title='bbox 1913 1453 2013 1493; x_wconf 89' lang='lat' dir='ltr'>ro-</span> 
     </span>
    </p>
   </div>
   <div class='ocr_carea' id='block_1_15' title="bbox 371 1522 2015 1609">
    <p class='ocr_par' dir='ltr' id='par_1_15' title="bbox 371 1522 2015 1609">
     <span class='ocr_line' id='line_1_15' title="bbox 371 1522 2015 1609; baseline -0.002 -23"><span class='ocrx_word' id='word_1_124' title='bbox 371 1526 567 1609; x_wconf 91' lang='lat' dir='ltr'>prium</span> <span class='ocrx_word' id='word_1_125' title='bbox 597 1524 692 1599; x_wconf 88' lang='lat' dir='ltr'>sit,</span> <span class='ocrx_word' id='word_1_126' title='bbox 733 1530 795 1584; x_wconf 91' lang='lat' dir='ltr'>ut</span> <span class='ocrx_word' id='word_1_127' title='bbox 831 1522 1004 1585; x_wconf 86' lang='lat' dir='ltr'>alteri</span> <span class='ocrx_word' id='word_1_128' title='bbox 1026 1523 1231 1597; x_wconf 89' lang='lat' dir='ltr'>insint,</span> <span class='ocrx_word' id='word_1_129' title='bbox 1268 1540 1379 1583; x_wconf 91' lang='lat' dir='ltr'>nec</span> <span class='ocrx_word' id='word_1_130' title='bbox 1411 1541 1515 1603; x_wconf 81' lang='lat' dir='ltr'>per</span> <span class='ocrx_word' id='word_1_131' title='bbox 1546 1541 1608 1583; x_wconf 93' lang='lat' dir='ltr'>se</span> <span class='ocrx_word' id='word_1_132' title='bbox 1641 1523 1865 1603; x_wconf 62' lang='lat' dir='ltr'>p05&gt;int</span> <span class='ocrx_word' id='word_1_133' title='bbox 1899 1524 2015 1584; x_wconf 87' lang='lat' dir='ltr'>ulla</span> 
     </span>
    </p>
   </div>
   <div class='ocr_carea' id='block_1_16' title="bbox 2102 1163 3744 1243">
    <p class='ocr_par' dir='ltr' id='par_1_16' title="bbox 2102 1163 3744 1243">
     <span class='ocr_line' id='line_1_16' title="bbox 2102 1163 3744 1243; baseline 0.005 -22"><span class='ocrx_word' id='word_1_134' title='bbox 2102 1181 2260 1222; x_wconf 89' lang='lat' dir='ltr'>mum</span> <span class='ocrx_word' id='word_1_135' title='bbox 2292 1163 2769 1243; x_wconf 90' lang='lat' dir='ltr'>impugnatorem</span> <span class='ocrx_word' id='word_1_136' title='bbox 2809 1165 2966 1227; x_wconf 91' lang='lat' dir='ltr'>hunc</span> <span class='ocrx_word' id='word_1_137' title='bbox 3011 1167 3070 1227; x_wconf 91' lang='lat' dir='ltr'>in</span> <span class='ocrx_word' id='word_1_138' title='bbox 3105 1168 3298 1229; x_wconf 91' lang='lat' dir='ltr'>locum</span> <span class='ocrx_word' id='word_1_139' title='bbox 3330 1169 3643 1235; x_wconf 84' lang='lat' dir='ltr'>divertere.</span> <span class='ocrx_word' id='word_1_140' title='bbox 3679 1177 3744 1231; x_wconf 91' lang='lat' dir='ltr'>ut</span> 
     </span>
    </p>
   </div>
   <div class='ocr_carea' id='block_1_17' title="bbox 2098 1251 3741 1331">
    <p class='ocr_par' dir='ltr' id='par_1_17' title="bbox 2098 1251 3741 1331">
     <span class='ocr_line' id='line_1_17' title="bbox 2098 1251 3741 1331; baseline 0.006 -21"><span class='ocrx_word' id='word_1_141' title='bbox 2098 1251 2297 1311; x_wconf 87' lang='lat' dir='ltr'>omnia</span> <span class='ocrx_word' id='word_1_142' title='bbox 2325 1262 2541 1312; x_wconf 63' lang='lat' dir='ltr'>nostra;</span> <span class='ocrx_word' id='word_1_143' title='bbox 2567 1252 2714 1331; x_wconf 87' lang='lat' dir='ltr'>legis</span> <span class='ocrx_word' id='word_1_144' title='bbox 2774 1254 3069 1316; x_wconf 88' lang='lat' dir='ltr'>sacrificia</span> <span class='ocrx_word' id='word_1_145' title='bbox 3122 1274 3190 1317; x_wconf 89' lang='lat' dir='ltr'>ac</span> <span class='ocrx_word' id='word_1_146' title='bbox 3220 1260 3604 1320; x_wconf 78' lang='lat' dir='ltr'>caeremonias</span> <span class='ocrx_word' id='word_1_147' title='bbox 3634 1277 3741 1319; x_wconf 80' lang='lat' dir='ltr'>ex-</span> 
     </span>
    </p>
   </div>
   <div class='ocr_carea' id='block_1_18' title="bbox 2102 1339 3741 1424">
    <p class='ocr_par' dir='ltr' id='par_1_18' title="bbox 2102 1339 3741 1424">
     <span class='ocr_line' id='line_1_18' title="bbox 2102 1339 3741 1424; baseline 0.006 -27"><span class='ocrx_word' id='word_1_148' title='bbox 2102 1339 2357 1418; x_wconf 88' lang='lat' dir='ltr'>ploraret</span> <span class='ocrx_word' id='word_1_149' title='bbox 2391 1360 2406 1415; x_wconf 91' lang='lat'><strong>;</strong></span> <span class='ocrx_word' id='word_1_150' title='bbox 2440 1341 2593 1420; x_wconf 91' lang='lat' dir='ltr'>quod</span> <span class='ocrx_word' id='word_1_151' title='bbox 2622 1360 2753 1401; x_wconf 92' lang='lat' dir='ltr'>cum</span> <span class='ocrx_word' id='word_1_152' title='bbox 2788 1342 2931 1403; x_wconf 89' lang='lat' dir='ltr'>alias</span> <span class='ocrx_word' id='word_1_153' title='bbox 2984 1362 3161 1424; x_wconf 66' lang='lat' dir='ltr'>saepe,</span> <span class='ocrx_word' id='word_1_154' title='bbox 3210 1354 3334 1407; x_wconf 90' lang='lat' dir='ltr'>tum</span> <span class='ocrx_word' id='word_1_155' title='bbox 3386 1365 3454 1407; x_wconf 92' lang='lat' dir='ltr'>eo</span> <span class='ocrx_word' id='word_1_156' title='bbox 3487 1346 3741 1407; x_wconf 83' lang='lat' dir='ltr'>maxime</span> 
     </span>
    </p>
   </div>
   <div class='ocr_carea' id='block_1_19' title="bbox 2099 1427 3739 1507">
    <p class='ocr_par' dir='ltr' id='par_1_19' title="bbox 2099 1427 3739 1507">
     <span class='ocr_line' id='line_1_19' title="bbox 2099 1427 3739 1507; baseline 0.008 -20"><span class='ocrx_word' id='word_1_157' title='bbox 2099 1427 2219 1500; x_wconf 91' lang='lat' dir='ltr'>die,</span> <span class='ocrx_word' id='word_1_158' title='bbox 2280 1447 2456 1507; x_wconf 90' lang='lat' dir='ltr'>quem</span> <span class='ocrx_word' id='word_1_159' title='bbox 2530 1430 2605 1490; x_wconf 91' lang='lat' dir='ltr'>ob</span> <span class='ocrx_word' id='word_1_160' title='bbox 2663 1431 2982 1493; x_wconf 87' lang='lat' dir='ltr'>Salvatoris</span> <span class='ocrx_word' id='word_1_161' title='bbox 3038 1434 3227 1495; x_wconf 91' lang='lat' dir='ltr'>nostri</span> <span class='ocrx_word' id='word_1_162' title='bbox 3285 1436 3739 1500; x_wconf 90' lang='lat' dir='ltr'>sacratissimam</span> 
     </span>
    </p>
   </div>
   <div class='ocr_carea' id='block_1_20' title="bbox 2099 1516 3743 1597">
    <p class='ocr_par' dir='ltr' id='par_1_20' title="bbox 2099 1516 3743 1597">
     <span class='ocr_line' id='line_1_20' title="bbox 2099 1516 3743 1597; baseline 0.007 -20"><span class='ocrx_word' id='word_1_163' title='bbox 2099 1535 2233 1577; x_wconf 90' lang='lat' dir='ltr'>cum</span> <span class='ocrx_word' id='word_1_164' title='bbox 2266 1516 2573 1597; x_wconf 90' lang='lat' dir='ltr'>discipulis</span> <span class='ocrx_word' id='word_1_165' title='bbox 2607 1520 2728 1580; x_wconf 91' lang='lat' dir='ltr'>suis</span> <span class='ocrx_word' id='word_1_166' title='bbox 2759 1539 2987 1582; x_wconf 74' lang='lat' dir='ltr'>etenam</span> <span class='ocrx_word' id='word_1_167' title='bbox 3022 1523 3165 1586; x_wconf 90' lang='lat' dir='ltr'>colit</span> <span class='ocrx_word' id='word_1_168' title='bbox 3196 1532 3249 1585; x_wconf 93' lang='lat' dir='ltr'>et</span> <span class='ocrx_word' id='word_1_169' title='bbox 3282 1535 3596 1586; x_wconf 90' lang='lat' dir='ltr'>veneratur</span> <span class='ocrx_word' id='word_1_170' title='bbox 3637 1532 3743 1590; x_wconf 89' lang='lat' dir='ltr'>Ec-</span> 
     </span>
    </p>
   </div>
   <div class='ocr_carea' id='block_1_21' title="bbox 370 1604 3742 1695">
    <p class='ocr_par' dir='ltr' id='par_1_21' title="bbox 370 1604 3742 1695">
     <span class='ocr_line' id='line_1_21' title="bbox 370 1604 3742 1695; baseline 0.001 -19"><span class='ocrx_word' id='word_1_171' title='bbox 370 1604 603 1677; x_wconf 74' lang='lat' dir='ltr'>ratione</span> <span class='ocrx_word' id='word_1_172' title='bbox 632 1612 957 1674; x_wconf 90' lang='lat' dir='ltr'>subsistere</span> <span class='ocrx_word' id='word_1_173' title='bbox 991 1634 1006 1682; x_wconf 92' lang='lat'><strong>;</strong></span> <span class='ocrx_word' id='word_1_174' title='bbox 1043 1611 1174 1692; x_wconf 92' lang='lat' dir='ltr'>quis</span> <span class='ocrx_word' id='word_1_175' title='bbox 1203 1612 1316 1672; x_wconf 92' lang='lat' dir='ltr'>hoc</span> <span class='ocrx_word' id='word_1_176' title='bbox 1354 1611 1716 1692; x_wconf 81' lang='lat' dir='ltr'>praecipuum</span> <span class='ocrx_word' id='word_1_177' title='bbox 1750 1611 2013 1691; x_wconf 86' lang='lat' dir='ltr'>singula-</span> <span class='ocrx_word' id='word_1_178' title='bbox 2099 1604 2303 1678; x_wconf 63' lang='lat' dir='ltr'>CleSia,</span> <span class='ocrx_word' id='word_1_179' title='bbox 2364 1605 2425 1665; x_wconf 74' lang='lat' dir='ltr'>in</span> <span class='ocrx_word' id='word_1_180' title='bbox 2485 1608 2654 1686; x_wconf 79' lang='lat' dir='ltr'>Cujus</span> <span class='ocrx_word' id='word_1_181' title='bbox 2715 1609 3059 1671; x_wconf 76' lang='lat' dir='ltr'>memoriam</span> <span class='ocrx_word' id='word_1_182' title='bbox 3122 1629 3323 1672; x_wconf 78' lang='lat' dir='ltr'>verum</span> <span class='ocrx_word' id='word_1_183' title='bbox 3374 1614 3499 1691; x_wconf 87' lang='lat' dir='ltr'>ejus</span> <span class='ocrx_word' id='word_1_184' title='bbox 3528 1633 3742 1695; x_wconf 87' lang='lat' dir='ltr'>corpus</span> 
     </span>
    </p>
   </div>
   <div class='ocr_carea' id='block_1_22' title="bbox 370 1695 3740 1800">
    <p class='ocr_par' dir='ltr' id='par_1_22' title="bbox 370 1695 3740 1800">
     <span class='ocr_line' id='line_1_22' title="bbox 370 1695 3740 1800; baseline -0.001 -34"><span class='ocrx_word' id='word_1_185' title='bbox 370 1722 555 1785; x_wconf 88' lang='lat' dir='ltr'>reque</span> <span class='ocrx_word' id='word_1_186' title='bbox 580 1701 931 1762; x_wconf 87' lang='lat' dir='ltr'>miraculum</span> <span class='ocrx_word' id='word_1_187' title='bbox 962 1719 1081 1761; x_wconf 94' lang='lat' dir='ltr'>non</span> <span class='ocrx_word' id='word_1_188' title='bbox 1112 1699 1526 1781; x_wconf 91' lang='lat' dir='ltr'>admirabitur,</span> <span class='ocrx_word' id='word_1_189' title='bbox 1550 1700 1647 1761; x_wconf 92' lang='lat' dir='ltr'>ubi</span> <span class='ocrx_word' id='word_1_190' title='bbox 1668 1708 2012 1779; x_wconf 82' lang='lat' dir='ltr'>postsacer-</span> <span class='ocrx_word' id='word_1_191' title='bbox 2035 1695 2564 1800; x_wconf 77' lang='lat' dir='ltr'>Bsanguinemque</span> <span class='ocrx_word' id='word_1_192' title='bbox 2622 1699 3000 1779; x_wconf 88' lang='lat' dir='ltr'>suscipimus,</span> <span class='ocrx_word' id='word_1_193' title='bbox 3062 1700 3135 1763; x_wconf 91' lang='lat' dir='ltr'>ab</span> <span class='ocrx_word' id='word_1_194' title='bbox 3192 1702 3320 1782; x_wconf 91' lang='lat' dir='ltr'>ipso</span> <span class='ocrx_word' id='word_1_195' title='bbox 3381 1704 3597 1779; x_wconf 89' lang='lat' dir='ltr'>edocti,</span> <span class='ocrx_word' id='word_1_196' title='bbox 3641 1706 3740 1786; x_wconf 91' lang='lat' dir='ltr'>qui</span> 
     </span>
    </p>
   </div>
   <div class='ocr_carea' id='block_1_23' title="bbox 370 1784 3736 1874">
    <p class='ocr_par' dir='ltr' id='par_1_23' title="bbox 370 1784 3736 1874">
     <span class='ocr_line' id='line_1_23' title="bbox 370 1784 3736 1874; baseline -0.001 -19"><span class='ocrx_word' id='word_1_197' title='bbox 370 1784 525 1855; x_wconf 89' lang='lat' dir='ltr'>dotis</span> <span class='ocrx_word' id='word_1_198' title='bbox 550 1788 1059 1853; x_wconf 84' lang='lat' dir='ltr'>consecrationem</span> <span class='ocrx_word' id='word_1_199' title='bbox 1082 1790 1473 1869; x_wconf 90' lang='lat' dir='ltr'>estquantitas</span> <span class='ocrx_word' id='word_1_200' title='bbox 1495 1788 1644 1850; x_wconf 90' lang='lat' dir='ltr'>nihil</span> <span class='ocrx_word' id='word_1_201' title='bbox 1662 1790 2011 1868; x_wconf 84' lang='lat' dir='ltr'>extendens,</span> <span class='ocrx_word' id='word_1_202' title='bbox 2035 1784 2078 1800; x_wconf 74' lang='lat'><strong><em>”</em></strong></span> <span class='ocrx_word' id='word_1_203' title='bbox 2099 1803 2231 1843; x_wconf 85' lang='lat' dir='ltr'>cum</span> <span class='ocrx_word' id='word_1_204' title='bbox 2264 1784 2323 1844; x_wconf 92' lang='lat' dir='ltr'>in</span> <span class='ocrx_word' id='word_1_205' title='bbox 2353 1803 2522 1846; x_wconf 65' lang='lat' dir='ltr'>coena</span> <span class='ocrx_word' id='word_1_206' title='bbox 2542 1795 2721 1861; x_wconf 91' lang='lat' dir='ltr'>esset,</span> <span class='ocrx_word' id='word_1_207' title='bbox 2747 1804 3075 1869; x_wconf 91' lang='lat' dir='ltr'>omnesque</span> <span class='ocrx_word' id='word_1_208' title='bbox 3102 1790 3425 1870; x_wconf 90' lang='lat' dir='ltr'>discipulos</span> <span class='ocrx_word' id='word_1_209' title='bbox 3446 1784 3736 1874; x_wconf 77' lang='lat' dir='ltr'>corporis.</span> 
     </span>
    </p>
   </div>
   <div class='ocr_carea' id='block_1_24' title="bbox 369 1877 2011 1958">
    <p class='ocr_par' dir='ltr' id='par_1_24' title="bbox 369 1877 2011 1958">
     <span class='ocr_line' id='line_1_24' title="bbox 369 1877 2011 1958; baseline -0.004 -13"><span class='ocrx_word' id='word_1_210' title='bbox 369 1880 705 1945; x_wconf 83' lang='lat' dir='ltr'>rotunditas</span> <span class='ocrx_word' id='word_1_211' title='bbox 739 1879 888 1940; x_wconf 91' lang='lat' dir='ltr'>nihil</span> <span class='ocrx_word' id='word_1_212' title='bbox 946 1878 1239 1939; x_wconf 90' lang='lat' dir='ltr'>circulare</span> <span class='ocrx_word' id='word_1_213' title='bbox 1296 1877 1541 1958; x_wconf 84' lang='lat' dir='ltr'>faciens,</span> <span class='ocrx_word' id='word_1_214' title='bbox 1601 1877 1813 1941; x_wconf 87' lang='lat' dir='ltr'>albedo</span> <span class='ocrx_word' id='word_1_215' title='bbox 1865 1880 2011 1938; x_wconf 86' lang='lat' dir='ltr'>nihil</span> 
     </span>
    </p>
   </div>
   <div class='ocr_carea' id='block_1_25' title="bbox 369 1966 2012 2031">
    <p class='ocr_par' dir='ltr' id='par_1_25' title="bbox 369 1966 2012 2031">
     <span class='ocr_line' id='line_1_25' title="bbox 369 1966 2012 2031; baseline -0.003 0"><span class='ocrx_word' id='word_1_216' title='bbox 369 1968 611 2031; x_wconf 90' lang='lat' dir='ltr'>omnino</span> <span class='ocrx_word' id='word_1_217' title='bbox 643 1966 953 2030; x_wconf 87' lang='lat' dir='ltr'>albificans</span> <span class='ocrx_word' id='word_1_218' title='bbox 974 1975 1002 2031; x_wconf 86' lang='lat'>?</span> <span class='ocrx_word' id='word_1_219' title='bbox 1031 1966 1609 2028; x_wconf 88' lang='lat' dir='ltr'>Transsubstantiata</span> <span class='ocrx_word' id='word_1_220' title='bbox 1639 1967 1798 2027; x_wconf 92' lang='lat' dir='ltr'>enim</span> <span class='ocrx_word' id='word_1_221' title='bbox 1830 1967 2012 2027; x_wconf 92' lang='lat' dir='ltr'>mini-</span> 
     </span>
    </p>
   </div>
   <div class='ocr_carea' id='block_1_26' title="bbox 368 2054 2015 2136">
    <p class='ocr_par' dir='ltr' id='par_1_26' title="bbox 368 2054 2015 2136">
     <span class='ocr_line' id='line_1_26' title="bbox 368 2054 2015 2136; baseline -0.002 -17"><span class='ocrx_word' id='word_1_222' title='bbox 368 2057 551 2119; x_wconf 90' lang='lat' dir='ltr'>sterio</span> <span class='ocrx_word' id='word_1_223' title='bbox 582 2055 909 2120; x_wconf 91' lang='lat' dir='ltr'>sacerdotis</span> <span class='ocrx_word' id='word_1_224' title='bbox 933 2055 1101 2136; x_wconf 92' lang='lat' dir='ltr'>panis</span> <span class='ocrx_word' id='word_1_225' title='bbox 1122 2063 1181 2117; x_wconf 92' lang='lat' dir='ltr'>et</span> <span class='ocrx_word' id='word_1_226' title='bbox 1201 2054 1323 2117; x_wconf 90' lang='lat' dir='ltr'>vini</span> <span class='ocrx_word' id='word_1_227' title='bbox 1346 2054 1675 2116; x_wconf 85' lang='lat' dir='ltr'>substantia</span> <span class='ocrx_word' id='word_1_228' title='bbox 1696 2054 1754 2114; x_wconf 91' lang='lat' dir='ltr'>in</span> <span class='ocrx_word' id='word_1_229' title='bbox 1795 2056 2015 2119; x_wconf 79' lang='lat' dir='ltr'>Chi-isti</span> 
     </span>
    </p>
   </div>
   <div class='ocr_carea' id='block_1_27' title="bbox 369 2144 2015 2227">
    <p class='ocr_par' dir='ltr' id='par_1_27' title="bbox 369 2144 2015 2227">
     <span class='ocr_line' id='line_1_27' title="bbox 369 2144 2015 2227; baseline -0.002 -19"><span class='ocrx_word' id='word_1_230' title='bbox 369 2164 585 2227; x_wconf 89' lang='lat' dir='ltr'>corpus</span> <span class='ocrx_word' id='word_1_231' title='bbox 616 2154 675 2208; x_wconf 94' lang='lat' dir='ltr'>et</span> <span class='ocrx_word' id='word_1_232' title='bbox 722 2145 1096 2225; x_wconf 80' lang='lat' dir='ltr'>sanguinem,</span> <span class='ocrx_word' id='word_1_233' title='bbox 1148 2152 1213 2205; x_wconf 93' lang='lat' dir='ltr'>ut</span> <span class='ocrx_word' id='word_1_234' title='bbox 1267 2151 1483 2205; x_wconf 74' lang='lat' dir='ltr'>nostrae</span> <span class='ocrx_word' id='word_1_235' title='bbox 1539 2144 1845 2223; x_wconf 77' lang='lat' dir='ltr'>religionis</span> <span class='ocrx_word' id='word_1_236' title='bbox 1876 2163 2015 2205; x_wconf 70' lang='lat' dir='ltr'>vera</span> 
     </span>
    </p>
   </div>
   <div class='ocr_carea' id='block_1_28' title="bbox 365 2232 2014 2317">
    <p class='ocr_par' dir='ltr' id='par_1_28' title="bbox 365 2232 2014 2317">
     <span class='ocr_line' id='line_1_28' title="bbox 365 2232 2014 2317; baseline -0.004 -19"><span class='ocrx_word' id='word_1_237' title='bbox 365 2242 542 2317; x_wconf 88' lang='lat' dir='ltr'>atque</span> <span class='ocrx_word' id='word_1_238' title='bbox 600 2233 826 2296; x_wconf 90' lang='lat' dir='ltr'>illibata</span> <span class='ocrx_word' id='word_1_239' title='bbox 880 2234 1030 2295; x_wconf 89' lang='lat' dir='ltr'>ﬁdes</span> <span class='ocrx_word' id='word_1_240' title='bbox 1089 2232 1368 2313; x_wconf 73' lang='lat' dir='ltr'>praedicat</span> <span class='ocrx_word' id='word_1_241' title='bbox 1426 2240 1483 2294; x_wconf 91' lang='lat' dir='ltr'>et</span> <span class='ocrx_word' id='word_1_242' title='bbox 1539 2234 1789 2294; x_wconf 87' lang='lat' dir='ltr'>affirmat</span> <span class='ocrx_word' id='word_1_243' title='bbox 1826 2254 1840 2309; x_wconf 89' lang='lat'><strong>;</strong></span> <span class='ocrx_word' id='word_1_244' title='bbox 1874 2233 2014 2312; x_wconf 80' lang='lat' dir='ltr'>quid</span> 
     </span>
    </p>
   </div>
   <div class='ocr_carea' id='block_1_29' title="bbox 368 2322 2013 2406">
    <p class='ocr_par' dir='ltr' id='par_1_29' title="bbox 368 2322 2013 2406">
     <span class='ocr_line' id='line_1_29' title="bbox 368 2322 2013 2406; baseline -0.002 -19"><span class='ocrx_word' id='word_1_245' title='bbox 368 2331 664 2406; x_wconf 89' lang='lat' dir='ltr'>superest,</span> <span class='ocrx_word' id='word_1_246' title='bbox 698 2323 853 2405; x_wconf 89' lang='lat' dir='ltr'>quod</span> <span class='ocrx_word' id='word_1_247' title='bbox 887 2322 1274 2404; x_wconf 88' lang='lat' dir='ltr'>quantitatem</span> <span class='ocrx_word' id='word_1_248' title='bbox 1323 2330 1422 2384; x_wconf 89' lang='lat' dir='ltr'>aut</span> <span class='ocrx_word' id='word_1_249' title='bbox 1469 2322 1834 2403; x_wconf 87' lang='lat' dir='ltr'>qualitatem,</span> <span class='ocrx_word' id='word_1_250' title='bbox 1870 2342 2013 2403; x_wconf 87' lang='lat' dir='ltr'>quas</span> 
     </span>
    </p>
   </div>
   <div class='ocr_carea' id='block_1_30' title="bbox 369 2411 2012 2493">
    <p class='ocr_par' dir='ltr' id='par_1_30' title="bbox 369 2411 2012 2493">
     <span class='ocr_line' id='line_1_30' title="bbox 369 2411 2012 2493; baseline -0.002 -17"><span class='ocrx_word' id='word_1_251' title='bbox 369 2413 651 2476; x_wconf 90' lang='lat' dir='ltr'>sensibus</span> <span class='ocrx_word' id='word_1_252' title='bbox 682 2413 1071 2493; x_wconf 88' lang='lat' dir='ltr'>percipimus,</span> <span class='ocrx_word' id='word_1_253' title='bbox 1129 2412 1190 2472; x_wconf 93' lang='lat' dir='ltr'>in</span> <span class='ocrx_word' id='word_1_254' title='bbox 1246 2429 1312 2473; x_wconf 88' lang='lat' dir='ltr'>se</span> <span class='ocrx_word' id='word_1_255' title='bbox 1371 2411 1565 2473; x_wconf 87' lang='lat' dir='ltr'>valeat</span> <span class='ocrx_word' id='word_1_256' title='bbox 1612 2411 1916 2491; x_wconf 79' lang='lat' dir='ltr'>suscipere</span> <span class='ocrx_word' id='word_1_257' title='bbox 1947 2431 2012 2472; x_wconf 87' lang='lat' dir='ltr'>ac</span> 
     </span>
    </p>
   </div>
   <div class='ocr_carea' id='block_1_31' title="bbox 367 2499 2016 2581">
    <p class='ocr_par' dir='ltr' id='par_1_31' title="bbox 367 2499 2016 2581">
     <span class='ocr_line' id='line_1_31' title="bbox 367 2499 2016 2581; baseline -0.002 -18"><span class='ocrx_word' id='word_1_258' title='bbox 367 2501 667 2564; x_wconf 90' lang='lat' dir='ltr'>sustinere</span> <span class='ocrx_word' id='word_1_259' title='bbox 688 2503 718 2562; x_wconf 66' lang='grc' dir='ltr'><strong><em>Ἰ</em></strong></span> <span class='ocrx_word' id='word_1_260' title='bbox 761 2499 877 2562; x_wconf 89' lang='lat' dir='ltr'>Sed</span> <span class='ocrx_word' id='word_1_261' title='bbox 923 2511 983 2562; x_wconf 89' lang='lat' dir='ltr'>et</span> <span class='ocrx_word' id='word_1_262' title='bbox 1013 2500 1122 2561; x_wconf 91' lang='lat' dir='ltr'>sub</span> <span class='ocrx_word' id='word_1_263' title='bbox 1156 2499 1420 2581; x_wconf 88' lang='lat' dir='ltr'>qualibet</span> <span class='ocrx_word' id='word_1_264' title='bbox 1482 2501 1625 2561; x_wconf 90' lang='lat' dir='ltr'>tanti</span> <span class='ocrx_word' id='word_1_265' title='bbox 1658 2501 2016 2562; x_wconf 84' lang='lat' dir='ltr'>sacramenti</span> 
     </span>
    </p>
   </div>
   <div class='ocr_carea' id='block_1_32' title="bbox 371 2588 2009 2672">
    <p class='ocr_par' dir='ltr' id='par_1_32' title="bbox 371 2588 2009 2672">
     <span class='ocr_line' id='line_1_32' title="bbox 371 2588 2009 2672; baseline -0.002 -20"><span class='ocrx_word' id='word_1_266' title='bbox 371 2589 665 2672; x_wconf 88' lang='lat' dir='ltr'>particula</span> <span class='ocrx_word' id='word_1_267' title='bbox 719 2589 973 2670; x_wconf 81' lang='lat' dir='ltr'>integer,</span> <span class='ocrx_word' id='word_1_268' title='bbox 1034 2597 1092 2649; x_wconf 92' lang='lat' dir='ltr'>et</span> <span class='ocrx_word' id='word_1_269' title='bbox 1146 2597 1300 2651; x_wconf 91' lang='lat' dir='ltr'>totus</span> <span class='ocrx_word' id='word_1_270' title='bbox 1355 2596 1447 2651; x_wconf 92' lang='lat' dir='ltr'>est</span> <span class='ocrx_word' id='word_1_271' title='bbox 1504 2589 1824 2651; x_wconf 89' lang='lat' dir='ltr'>Christus:</span> <span class='ocrx_word' id='word_1_272' title='bbox 1887 2588 2009 2665; x_wconf 90' lang='lat' dir='ltr'>ille,</span> 
     </span>
    </p>
   </div>
   <div class='ocr_carea' id='block_1_33' title="bbox 2099 1874 3739 1961">
    <p class='ocr_par' dir='ltr' id='par_1_33' title="bbox 2099 1874 3739 1961">
     <span class='ocr_line' id='line_1_33' title="bbox 2099 1874 3739 1961; baseline 0.008 -30"><span class='ocrx_word' id='word_1_273' title='bbox 2099 1874 2494 1961; x_wconf 12' lang='lat' dir='ltr'>etisanguinis</span> <span class='ocrx_word' id='word_1_274' title='bbox 2521 1875 2612 1935; x_wconf 91' lang='lat' dir='ltr'>sui</span> <span class='ocrx_word' id='word_1_275' title='bbox 2644 1877 3065 1940; x_wconf 91' lang='lat' dir='ltr'>communione</span> <span class='ocrx_word' id='word_1_276' title='bbox 3116 1881 3547 1961; x_wconf 90' lang='lat' dir='ltr'>participasset,</span> <span class='ocrx_word' id='word_1_277' title='bbox 3583 1883 3739 1945; x_wconf 88' lang='lat' dir='ltr'>illico</span> 
     </span>
    </p>
   </div>
   <div class='ocr_carea' id='block_1_34' title="bbox 2100 1960 3743 2043">
    <p class='ocr_par' dir='ltr' id='par_1_34' title="bbox 2100 1960 3743 2043">
     <span class='ocr_line' id='line_1_34' title="bbox 2100 1960 3743 2043; baseline 0.009 -24"><span class='ocrx_word' id='word_1_278' title='bbox 2100 1960 2647 2040; x_wconf 85' lang='lat' dir='ltr'>subjunxitdicens:</span> <span class='ocrx_word' id='word_1_279' title='bbox 2676 1965 2997 2043; x_wconf 78' lang='lat' dir='ltr'>Hoc/&#39;acite</span> <span class='ocrx_word' id='word_1_280' title='bbox 3018 1970 3079 2028; x_wconf 74' lang='lat' dir='ltr'>in</span> <span class='ocrx_word' id='word_1_281' title='bbox 3104 1987 3302 2030; x_wconf 83' lang='lat' dir='ltr'>meum</span> <span class='ocrx_word' id='word_1_282' title='bbox 3319 1960 3743 2033; x_wconf 79' lang='lat' dir='ltr'>commemora-</span> 
     </span>
    </p>
   </div>
   <div class='ocr_carea' id='block_1_35' title="bbox 2100 2051 3740 2138">
    <p class='ocr_par' dir='ltr' id='par_1_35' title="bbox 2100 2051 3740 2138">
     <span class='ocr_line' id='line_1_35' title="bbox 2100 2051 3740 2138; baseline 0.007 -27"><span class='ocrx_word' id='word_1_283' title='bbox 2100 2051 2316 2111; x_wconf 75' lang='lat' dir='ltr'>tionem</span> <span class='ocrx_word' id='word_1_284' title='bbox 2368 2053 2443 2115; x_wconf 74' lang='grc'>10.</span> <span class='ocrx_word' id='word_1_285' title='bbox 2507 2053 2747 2114; x_wconf 88' lang='lat' dir='ltr'>Astabat</span> <span class='ocrx_word' id='word_1_286' title='bbox 2793 2063 2928 2115; x_wconf 92' lang='lat' dir='ltr'>ante</span> <span class='ocrx_word' id='word_1_287' title='bbox 2976 2074 3137 2116; x_wconf 84' lang='lat' dir='ltr'>aram</span> <span class='ocrx_word' id='word_1_288' title='bbox 3171 2058 3447 2119; x_wconf 89' lang='lat' dir='ltr'>sacerdos</span> <span class='ocrx_word' id='word_1_289' title='bbox 3479 2060 3740 2138; x_wconf 87' lang='lat' dir='ltr'>singulos</span> 
     </span>
    </p>
   </div>
   <div class='ocr_carea' id='block_1_36' title="bbox 2103 2141 3742 2230">
    <p class='ocr_par' dir='ltr' id='par_1_36' title="bbox 2103 2141 3742 2230">
     <span class='ocr_line' id='line_1_36' title="bbox 2103 2141 3742 2230; baseline 0.007 -32"><span class='ocrx_word' id='word_1_290' title='bbox 2103 2157 2376 2230; x_wconf 50' lang='lat' dir='ltr'>monens,</span> <span class='ocrx_word' id='word_1_291' title='bbox 2401 2149 2463 2201; x_wconf 91' lang='lat' dir='ltr'>ut</span> <span class='ocrx_word' id='word_1_292' title='bbox 2490 2141 2564 2202; x_wconf 93' lang='lat' dir='ltr'>de</span> <span class='ocrx_word' id='word_1_293' title='bbox 2596 2142 2857 2222; x_wconf 90' lang='lat' dir='ltr'>peccatis</span> <span class='ocrx_word' id='word_1_294' title='bbox 2888 2144 3297 2223; x_wconf 80' lang='lat' dir='ltr'>pcenitentiam</span> <span class='ocrx_word' id='word_1_295' title='bbox 3327 2157 3519 2225; x_wconf 86' lang='lat' dir='ltr'>agant,</span> <span class='ocrx_word' id='word_1_296' title='bbox 3557 2168 3742 2230; x_wconf 85' lang='lat' dir='ltr'>eaque</span> 
     </span>
    </p>
   </div>
   <div class='ocr_carea' id='block_1_37' title="bbox 2097 2229 3742 2311">
    <p class='ocr_par' dir='ltr' id='par_1_37' title="bbox 2097 2229 3742 2311">
     <span class='ocr_line' id='line_1_37' title="bbox 2097 2229 3742 2311; baseline 0.007 -24"><span class='ocrx_word' id='word_1_297' title='bbox 2097 2229 2259 2302; x_wconf 86' lang='lat' dir='ltr'>ﬂetu,</span> <span class='ocrx_word' id='word_1_298' title='bbox 2294 2229 2498 2292; x_wconf 91' lang='lat' dir='ltr'>dolore</span> <span class='ocrx_word' id='word_1_299' title='bbox 2527 2241 2700 2311; x_wconf 89' lang='lat' dir='ltr'>atque</span> <span class='ocrx_word' id='word_1_300' title='bbox 2755 2233 2977 2309; x_wconf 86' lang='lat' dir='ltr'>gemitu</span> <span class='ocrx_word' id='word_1_301' title='bbox 3033 2233 3348 2305; x_wconf 84' lang='lat' dir='ltr'>redimant,</span> <span class='ocrx_word' id='word_1_302' title='bbox 3404 2244 3462 2296; x_wconf 92' lang='lat' dir='ltr'>et</span> <span class='ocrx_word' id='word_1_303' title='bbox 3491 2237 3561 2298; x_wconf 88' lang='lat' dir='ltr'>ad</span> <span class='ocrx_word' id='word_1_304' title='bbox 3598 2229 3742 2299; x_wconf 90' lang='lat' dir='ltr'>tanti</span> 
     </span>
    </p>
   </div>
   <div class='ocr_carea' id='block_1_38' title="bbox 2097 2320 3742 2406">
    <p class='ocr_par' dir='ltr' id='par_1_38' title="bbox 2097 2320 3742 2406">
     <span class='ocr_line' id='line_1_38' title="bbox 2097 2320 3742 2406; baseline 0.007 -29"><span class='ocrx_word' id='word_1_305' title='bbox 2097 2320 2451 2380; x_wconf 84' lang='lat' dir='ltr'>sacramenti</span> <span class='ocrx_word' id='word_1_306' title='bbox 2474 2320 2913 2401; x_wconf 89' lang='lat' dir='ltr'>susceptionem</span> <span class='ocrx_word' id='word_1_307' title='bbox 2940 2324 3170 2401; x_wconf 91' lang='lat' dir='ltr'>seipsos</span> <span class='ocrx_word' id='word_1_308' title='bbox 3201 2324 3742 2406; x_wconf 72' lang='lat' dir='ltr'>devotissimeprze-</span> 
     </span>
    </p>
   </div>
   <div class='ocr_carea' id='block_1_39' title="bbox 2101 2409 3741 2496">
    <p class='ocr_par' dir='ltr' id='par_1_39' title="bbox 2101 2409 3741 2496">
     <span class='ocr_line' id='line_1_39' title="bbox 2101 2409 3741 2496; baseline 0.005 -29"><span class='ocrx_word' id='word_1_309' title='bbox 2101 2416 2327 2485; x_wconf 86' lang='lat' dir='ltr'>parent,</span> <span class='ocrx_word' id='word_1_310' title='bbox 2367 2427 2780 2490; x_wconf 86' lang='lat' dir='ltr'>memoresque</span> <span class='ocrx_word' id='word_1_311' title='bbox 2811 2410 2932 2471; x_wconf 80' lang='lat' dir='ltr'>sint</span> <span class='ocrx_word' id='word_1_312' title='bbox 2961 2409 3275 2472; x_wconf 88' lang='lat' dir='ltr'>verborum</span> <span class='ocrx_word' id='word_1_313' title='bbox 3311 2415 3606 2492; x_wconf 88' lang='lat' dir='ltr'>Apostoli,</span> <span class='ocrx_word' id='word_1_314' title='bbox 3642 2417 3741 2496; x_wconf 92' lang='lat' dir='ltr'>qni</span> 
     </span>
    </p>
   </div>
   <div class='ocr_carea' id='block_1_40' title="bbox 2098 2496 3737 2572">
    <p class='ocr_par' dir='ltr' id='par_1_40' title="bbox 2098 2496 3737 2572">
     <span class='ocr_line' id='line_1_40' title="bbox 2098 2496 3737 2572; baseline 0.006 -17"><span class='ocrx_word' id='word_1_315' title='bbox 2098 2496 2167 2555; x_wconf 90' lang='lat' dir='ltr'>ad</span> <span class='ocrx_word' id='word_1_316' title='bbox 2196 2498 2528 2559; x_wconf 86' lang='lat' dir='ltr'>Corinthios</span> <span class='ocrx_word' id='word_1_317' title='bbox 2551 2499 2841 2572; x_wconf 91' lang='lat' dir='ltr'>scribens,</span> <span class='ocrx_word' id='word_1_318' title='bbox 2869 2519 3000 2560; x_wconf 92' lang='lat' dir='ltr'>cum</span> <span class='ocrx_word' id='word_1_319' title='bbox 3036 2504 3294 2563; x_wconf 82' lang='lat' dir='ltr'>excitare</span> <span class='ocrx_word' id='word_1_320' title='bbox 3335 2504 3512 2564; x_wconf 86' lang='lat' dir='ltr'>vellet</span> <span class='ocrx_word' id='word_1_321' title='bbox 3539 2505 3737 2565; x_wconf 91' lang='lat' dir='ltr'>homi-</span> 
     </span>
    </p>
   </div>
   <div class='ocr_carea' id='block_1_41' title="bbox 2108 2587 3745 2669">
    <p class='ocr_par' dir='ltr' id='par_1_41' title="bbox 2108 2587 3745 2669">
     <span class='ocr_line' id='line_1_41' title="bbox 2108 2587 3745 2669; baseline 0.005 -24"><span class='ocrx_word' id='word_1_322' title='bbox 2108 2604 2247 2645; x_wconf 89' lang='lat' dir='ltr'>num</span> <span class='ocrx_word' id='word_1_323' title='bbox 2281 2587 2459 2647; x_wconf 82' lang='lat' dir='ltr'>corda</span> <span class='ocrx_word' id='word_1_324' title='bbox 2491 2596 2552 2647; x_wconf 92' lang='lat' dir='ltr'>ut</span> <span class='ocrx_word' id='word_1_325' title='bbox 2580 2599 2700 2649; x_wconf 90' lang='lat' dir='ltr'>tam</span> <span class='ocrx_word' id='word_1_326' title='bbox 2730 2587 3077 2649; x_wconf 91' lang='lat' dir='ltr'>admirabile</span> <span class='ocrx_word' id='word_1_327' title='bbox 3098 2600 3532 2652; x_wconf 86' lang='lat' dir='ltr'>sacramentum</span> <span class='ocrx_word' id='word_1_328' title='bbox 3566 2593 3745 2669; x_wconf 81' lang='lat' dir='ltr'>digne</span> 
     </span>
    </p>
   </div>
   <div class='ocr_carea' id='block_1_42' title="bbox 371 2674 3740 2761">
    <p class='ocr_par' dir='ltr' id='par_1_42' title="bbox 371 2674 3740 2761">
     <span class='ocr_line' id='line_1_42' title="bbox 371 2674 3740 2761; baseline 0 -18"><span class='ocrx_word' id='word_1_329' title='bbox 371 2682 640 2761; x_wconf 89' lang='lat' dir='ltr'>inquam,</span> <span class='ocrx_word' id='word_1_330' title='bbox 702 2686 760 2741; x_wconf 89' lang='lat' dir='ltr'>et</span> <span class='ocrx_word' id='word_1_331' title='bbox 809 2696 931 2739; x_wconf 92' lang='lat' dir='ltr'>non</span> <span class='ocrx_word' id='word_1_332' title='bbox 985 2677 1154 2752; x_wconf 90' lang='lat' dir='ltr'>alius,</span> <span class='ocrx_word' id='word_1_333' title='bbox 1218 2678 1320 2758; x_wconf 89' lang='lat' dir='ltr'>qui</span> <span class='ocrx_word' id='word_1_334' title='bbox 1376 2678 1437 2738; x_wconf 91' lang='lat' dir='ltr'>in</span> <span class='ocrx_word' id='word_1_335' title='bbox 1494 2686 1662 2739; x_wconf 89' lang='lat' dir='ltr'>utero</span> <span class='ocrx_word' id='word_1_336' title='bbox 1718 2687 1891 2740; x_wconf 90' lang='lat' dir='ltr'>natus</span> <span class='ocrx_word' id='word_1_337' title='bbox 1924 2686 2021 2739; x_wconf 86' lang='lat' dir='ltr'>est</span> <span class='ocrx_word' id='word_1_338' title='bbox 2105 2674 3513 2759; x_wconf 72' lang='lat' dir='ltr'>susciperent:Probetautem,inquit,seipsum</span> <span class='ocrx_word' id='word_1_339' title='bbox 3537 2683 3740 2756; x_wconf 81' lang='lat' dir='ltr'>homo,</span> 
     </span>
    </p>
   </div>
   <div class='ocr_carea' id='block_1_43' title="bbox 367 2765 3739 2849">
    <p class='ocr_par' dir='ltr' id='par_1_43' title="bbox 367 2765 3739 2849">
     <span class='ocr_line' id='line_1_43' title="bbox 367 2765 3739 2849; baseline 0 -19"><span class='ocrx_word' id='word_1_340' title='bbox 367 2768 660 2849; x_wconf 83' lang='lat' dir='ltr'>virginali,</span> <span class='ocrx_word' id='word_1_341' title='bbox 692 2766 794 2848; x_wconf 89' lang='lat' dir='ltr'>qui</span> <span class='ocrx_word' id='word_1_342' title='bbox 822 2766 980 2828; x_wconf 91' lang='lat' dir='ltr'>inter</span> <span class='ocrx_word' id='word_1_343' title='bbox 1033 2766 1307 2829; x_wconf 87' lang='lat' dir='ltr'>homines</span> <span class='ocrx_word' id='word_1_344' title='bbox 1361 2766 1521 2828; x_wconf 88' lang='lat' dir='ltr'>visus</span> <span class='ocrx_word' id='word_1_345' title='bbox 1553 2776 1615 2829; x_wconf 90' lang='lat' dir='ltr'>et</span> <span class='ocrx_word' id='word_1_346' title='bbox 1643 2778 2018 2831; x_wconf 83' lang='lat' dir='ltr'>conversatus</span> <span class='ocrx_word' id='word_1_347' title='bbox 2102 2765 2624 2844; x_wconf 81' lang='lat' dir='ltr'>etsicdepaneillo</span> <span class='ocrx_word' id='word_1_348' title='bbox 2648 2766 2804 2840; x_wconf 75' lang='lat' dir='ltr'>edat,</span> <span class='ocrx_word' id='word_1_349' title='bbox 2830 2773 2889 2827; x_wconf 73' lang='lat' dir='ltr'>et</span> <span class='ocrx_word' id='word_1_350' title='bbox 2909 2766 2981 2827; x_wconf 82' lang='lat' dir='ltr'>de</span> <span class='ocrx_word' id='word_1_351' title='bbox 3003 2770 3196 2828; x_wconf 74' lang='lat' dir='ltr'>calice</span> <span class='ocrx_word' id='word_1_352' title='bbox 3221 2769 3385 2829; x_wconf 73' lang='lat' dir='ltr'>bz&#39;dat</span> <span class='ocrx_word' id='word_1_353' title='bbox 3410 2790 3424 2848; x_wconf 86' lang='lat'><strong>;</strong></span> <span class='ocrx_word' id='word_1_354' title='bbox 3452 2776 3556 2847; x_wconf 76' lang='lat' dir='ltr'>qui</span> <span class='ocrx_word' id='word_1_355' title='bbox 3575 2772 3739 2831; x_wconf 76' lang='lat' dir='ltr'>enim</span> 
     </span>
    </p>
   </div>
   <div class='ocr_carea' id='block_1_44' title="bbox 373 2854 3740 2940">
    <p class='ocr_par' dir='ltr' id='par_1_44' title="bbox 373 2854 3740 2940">
     <span class='ocr_line' id='line_1_44' title="bbox 373 2854 3740 2940; baseline -0.001 -19"><span class='ocrx_word' id='word_1_356' title='bbox 373 2866 485 2940; x_wconf 91' lang='lat' dir='ltr'>est,</span> <span class='ocrx_word' id='word_1_357' title='bbox 517 2857 618 2938; x_wconf 91' lang='lat' dir='ltr'>qui</span> <span class='ocrx_word' id='word_1_358' title='bbox 658 2856 719 2917; x_wconf 92' lang='lat' dir='ltr'>in</span> <span class='ocrx_word' id='word_1_359' title='bbox 750 2873 927 2917; x_wconf 89' lang='lat' dir='ltr'>cruce</span> <span class='ocrx_word' id='word_1_360' title='bbox 957 2855 1262 2936; x_wconf 89' lang='lat' dir='ltr'>pependit,</span> <span class='ocrx_word' id='word_1_361' title='bbox 1317 2855 1416 2936; x_wconf 93' lang='lat' dir='ltr'>qui</span> <span class='ocrx_word' id='word_1_362' title='bbox 1463 2855 1700 2915; x_wconf 89' lang='lat' dir='ltr'>demum</span> <span class='ocrx_word' id='word_1_363' title='bbox 1734 2856 1803 2916; x_wconf 86' lang='lat' dir='ltr'>ad</span> <span class='ocrx_word' id='word_1_364' title='bbox 1839 2859 2016 2918; x_wconf 64' lang='lat' dir='ltr'>caelos</span> <span class='ocrx_word' id='word_1_365' title='bbox 2100 2857 2429 2940; x_wconf 73' lang='lat' dir='ltr'>manducet</span> <span class='ocrx_word' id='word_1_366' title='bbox 2450 2863 2506 2916; x_wconf 84' lang='lat' dir='ltr'>et</span> <span class='ocrx_word' id='word_1_367' title='bbox 2529 2854 2955 2931; x_wconf 67' lang='lat' dir='ltr'>bibitindignc,</span> <span class='ocrx_word' id='word_1_368' title='bbox 2957 2856 3740 2933; x_wconf 72' lang='lat' dir='ltr'>judiciumsibimanducat</span> 
     </span>
    </p>
   </div>
   <div class='ocr_carea' id='block_1_45' title="bbox 369 2939 3734 3027">
    <p class='ocr_par' dir='ltr' id='par_1_45' title="bbox 369 2939 3734 3027">
     <span class='ocr_line' id='line_1_45' title="bbox 369 2939 3734 3027; baseline 0 -19"><span class='ocrx_word' id='word_1_369' title='bbox 369 2944 1455 3027; x_wconf 85' lang='lat' dir='ltr'>gloriosusascendit,ille,inquam,ad</span> <span class='ocrx_word' id='word_1_370' title='bbox 1473 2944 1795 3005; x_wconf 89' lang='lat' dir='ltr'>sacerdotis</span> <span class='ocrx_word' id='word_1_371' title='bbox 1810 2950 2012 3008; x_wconf 88' lang='lat' dir='ltr'>vocem</span> <span class='ocrx_word' id='word_1_372' title='bbox 2096 2952 2154 3003; x_wconf 83' lang='lat' dir='ltr'>et</span> <span class='ocrx_word' id='word_1_373' title='bbox 2178 2943 2346 3015; x_wconf 78' lang='lat' dir='ltr'>bibit,</span> <span class='ocrx_word' id='word_1_374' title='bbox 2374 2939 2497 3005; x_wconf 78' lang='lat' dir='ltr'>non.</span> <span class='ocrx_word' id='word_1_375' title='bbox 2524 2945 2866 3024; x_wconf 77' lang='lat' dir='ltr'>dijudicans</span> <span class='ocrx_word' id='word_1_376' title='bbox 2890 2964 3099 3025; x_wconf 82' lang='lat' dir='ltr'>corpus</span> <span class='ocrx_word' id='word_1_377' title='bbox 3132 2945 3469 3008; x_wconf 79' lang='lat' dir='ltr'>Domini“.</span> <span class='ocrx_word' id='word_1_378' title='bbox 3507 2948 3734 3009; x_wconf 89' lang='lat' dir='ltr'>Audie-</span> 
     </span>
    </p>
   </div>
   <div class='ocr_carea' id='block_1_46' title="bbox 368 3030 3739 3125">
    <p class='ocr_par' dir='ltr' id='par_1_46' title="bbox 368 3030 3739 3125">
     <span class='ocr_line' id='line_1_46' title="bbox 368 3030 3739 3125; baseline -0 -27"><span class='ocrx_word' id='word_1_379' title='bbox 368 3035 561 3098; x_wconf 89' lang='lat' dir='ltr'>Patris</span> <span class='ocrx_word' id='word_1_380' title='bbox 591 3033 891 3096; x_wconf 83' lang='lat' dir='ltr'>dexteram</span> <span class='ocrx_word' id='word_1_381' title='bbox 923 3052 1041 3095; x_wconf 89' lang='lat' dir='ltr'>non</span> <span class='ocrx_word' id='word_1_382' title='bbox 1072 3033 1380 3125; x_wconf 77' lang='lat' dir='ltr'>deserens,</span> <span class='ocrx_word' id='word_1_383' title='bbox 1443 3032 1551 3094; x_wconf 90' lang='lat' dir='ltr'>sub</span> <span class='ocrx_word' id='word_1_384' title='bbox 1585 3034 1755 3113; x_wconf 82' lang='lat' dir='ltr'>panis</span> <span class='ocrx_word' id='word_1_385' title='bbox 1787 3043 2006 3111; x_wconf 89' lang='lat' dir='ltr'>tamen,</span> <span class='ocrx_word' id='word_1_386' title='bbox 2036 3030 2311 3125; x_wconf 78' lang='lat' dir='ltr'>Cbantur</span> <span class='ocrx_word' id='word_1_387' title='bbox 2338 3033 2570 3094; x_wconf 90' lang='lat' dir='ltr'>interea</span> <span class='ocrx_word' id='word_1_388' title='bbox 2604 3034 2931 3093; x_wconf 61' lang='lat' dir='ltr'>innumera;</span> <span class='ocrx_word' id='word_1_389' title='bbox 2963 3033 3252 3095; x_wconf 86' lang='lat' dir='ltr'>orantium</span> <span class='ocrx_word' id='word_1_390' title='bbox 3305 3053 3499 3115; x_wconf 86' lang='lat' dir='ltr'>voces,</span> <span class='ocrx_word' id='word_1_391' title='bbox 3534 3045 3739 3115; x_wconf 89' lang='lat' dir='ltr'>pecto-</span> 
     </span>
    </p>
   </div>
   <div class='ocr_carea' id='block_1_47' title="bbox 369 3120 2013 3204">
    <p class='ocr_par' dir='ltr' id='par_1_47' title="bbox 369 3120 2013 3204">
     <span class='ocr_line' id='line_1_47' title="bbox 369 3120 2013 3204; baseline -0.001 -17"><span class='ocrx_word' id='word_1_392' title='bbox 369 3142 439 3187; x_wconf 89' lang='lat' dir='ltr'>ac</span> <span class='ocrx_word' id='word_1_393' title='bbox 467 3121 588 3185; x_wconf 93' lang='lat' dir='ltr'>vini</span> <span class='ocrx_word' id='word_1_394' title='bbox 617 3123 819 3204; x_wconf 91' lang='lat' dir='ltr'>specie</span> <span class='ocrx_word' id='word_1_395' title='bbox 864 3122 1224 3184; x_wconf 86' lang='lat' dir='ltr'>continetur.</span> <span class='ocrx_word' id='word_1_396' title='bbox 1280 3120 1417 3184; x_wconf 70' lang='lat' dir='ltr'>Haec</span> <span class='ocrx_word' id='word_1_397' title='bbox 1479 3128 1595 3183; x_wconf 91' lang='lat' dir='ltr'>tam</span> <span class='ocrx_word' id='word_1_398' title='bbox 1627 3123 1744 3185; x_wconf 86' lang='lat' dir='ltr'>alta</span> <span class='ocrx_word' id='word_1_399' title='bbox 1776 3134 2013 3204; x_wconf 83' lang='lat' dir='ltr'>tamque</span> 
     </span>
    </p>
   </div>
   <div class='ocr_carea' id='block_1_48' title="bbox 372 3211 2008 3293">
    <p class='ocr_par' dir='ltr' id='par_1_48' title="bbox 372 3211 2008 3293">
     <span class='ocr_line' id='line_1_48' title="bbox 372 3211 2008 3293; baseline -0.001 -19"><span class='ocrx_word' id='word_1_400' title='bbox 372 3211 572 3276; x_wconf 89' lang='lat' dir='ltr'>divina</span> <span class='ocrx_word' id='word_1_401' title='bbox 591 3211 888 3293; x_wconf 80' lang='lat' dir='ltr'>mysteria,</span> <span class='ocrx_word' id='word_1_402' title='bbox 913 3230 1043 3292; x_wconf 69' lang='lat' dir='ltr'>qua:</span> <span class='ocrx_word' id='word_1_403' title='bbox 1065 3229 1302 3273; x_wconf 92' lang='lat' dir='ltr'>omnem</span> <span class='ocrx_word' id='word_1_404' title='bbox 1327 3218 1548 3272; x_wconf 64' lang='lat' dir='ltr'>natura:</span> <span class='ocrx_word' id='word_1_405' title='bbox 1566 3211 1683 3272; x_wconf 90' lang='lat' dir='ltr'>vim</span> <span class='ocrx_word' id='word_1_406' title='bbox 1708 3222 2008 3292; x_wconf 82' lang='lat' dir='ltr'>superant,</span> 
     </span>
    </p>
   </div>
   <div class='ocr_carea' id='block_1_49' title="bbox 373 3300 2013 3380">
    <p class='ocr_par' dir='ltr' id='par_1_49' title="bbox 373 3300 2013 3380">
     <span class='ocr_line' id='line_1_49' title="bbox 373 3300 2013 3380; baseline -0.002 -15"><span class='ocrx_word' id='word_1_407' title='bbox 373 3319 613 3365; x_wconf 90' lang='lat' dir='ltr'>omnem</span> <span class='ocrx_word' id='word_1_408' title='bbox 644 3301 893 3362; x_wconf 92' lang='lat' dir='ltr'>humani</span> <span class='ocrx_word' id='word_1_409' title='bbox 916 3300 1132 3378; x_wconf 84' lang='lat' dir='ltr'>ingenii</span> <span class='ocrx_word' id='word_1_410' title='bbox 1154 3300 1480 3380; x_wconf 90' lang='lat' dir='ltr'>potentiam</span> <span class='ocrx_word' id='word_1_411' title='bbox 1500 3300 1832 3361; x_wconf 82' lang='lat' dir='ltr'>excedunt:</span> <span class='ocrx_word' id='word_1_412' title='bbox 1882 3321 2013 3361; x_wconf 85' lang='lat' dir='ltr'>cum</span> 
     </span>
    </p>
   </div>
   <div class='ocr_carea' id='block_1_50' title="bbox 374 3388 2017 3469">
    <p class='ocr_par' dir='ltr' id='par_1_50' title="bbox 374 3388 2017 3469">
     <span class='ocr_line' id='line_1_50' title="bbox 374 3388 2017 3469; baseline -0.002 -16"><span class='ocrx_word' id='word_1_413' title='bbox 374 3408 497 3453; x_wconf 91' lang='lat' dir='ltr'>non</span> <span class='ocrx_word' id='word_1_414' title='bbox 525 3388 640 3450; x_wconf 92' lang='lat' dir='ltr'>nisi</span> <span class='ocrx_word' id='word_1_415' title='bbox 663 3388 760 3469; x_wconf 92' lang='lat' dir='ltr'>pia</span> <span class='ocrx_word' id='word_1_416' title='bbox 777 3394 835 3449; x_wconf 94' lang='lat' dir='ltr'>et</span> <span class='ocrx_word' id='word_1_417' title='bbox 853 3389 1134 3469; x_wconf 90' lang='lat' dir='ltr'>religiosa</span> <span class='ocrx_word' id='word_1_418' title='bbox 1154 3407 1325 3450; x_wconf 91' lang='lat' dir='ltr'>mens</span> <span class='ocrx_word' id='word_1_419' title='bbox 1345 3407 1379 3450; x_wconf 95' lang='lat' dir='ltr'>a</span> <span class='ocrx_word' id='word_1_420' title='bbox 1418 3389 1671 3451; x_wconf 88' lang='lat' dir='ltr'>terrenis</span> <span class='ocrx_word' id='word_1_421' title='bbox 1708 3390 2017 3452; x_wconf 82' lang='lat' dir='ltr'>affectibus</span> 
     </span>
    </p>
   </div>
   <div class='ocr_carea' id='block_1_51' title="bbox 372 3477 2017 3561">
    <p class='ocr_par' dir='ltr' id='par_1_51' title="bbox 372 3477 2017 3561">
     <span class='ocr_line' id='line_1_51' title="bbox 372 3477 2017 3561; baseline -0.002 -17"><span class='ocrx_word' id='word_1_422' title='bbox 372 3486 692 3561; x_wconf 82' lang='lat' dir='ltr'>expurgata</span> <span class='ocrx_word' id='word_1_423' title='bbox 758 3478 952 3557; x_wconf 91' lang='lat' dir='ltr'>possit</span> <span class='ocrx_word' id='word_1_424' title='bbox 1007 3478 1539 3559; x_wconf 82' lang='lat' dir='ltr'>comprehendere,</span> <span class='ocrx_word' id='word_1_425' title='bbox 1597 3477 1869 3555; x_wconf 88' lang='lat' dir='ltr'>dignatus</span> <span class='ocrx_word' id='word_1_426' title='bbox 1930 3488 2017 3540; x_wconf 89' lang='lat' dir='ltr'>est</span> 
     </span>
    </p>
   </div>
   <div class='ocr_carea' id='block_1_52' title="bbox 370 3567 2014 3653">
    <p class='ocr_par' dir='ltr' id='par_1_52' title="bbox 370 3567 2014 3653">
     <span class='ocr_line' id='line_1_52' title="bbox 370 3567 2014 3653; baseline -0.002 -20"><span class='ocrx_word' id='word_1_427' title='bbox 370 3570 723 3653; x_wconf 90' lang='lat' dir='ltr'>plerumque</span> <span class='ocrx_word' id='word_1_428' title='bbox 751 3568 1045 3647; x_wconf 88' lang='lat' dir='ltr'>benignus</span> <span class='ocrx_word' id='word_1_429' title='bbox 1076 3576 1134 3630; x_wconf 93' lang='lat' dir='ltr'>et</span> <span class='ocrx_word' id='word_1_430' title='bbox 1164 3567 1509 3629; x_wconf 90' lang='lat' dir='ltr'>misericors</span> <span class='ocrx_word' id='word_1_431' title='bbox 1538 3568 1822 3629; x_wconf 91' lang='lat' dir='ltr'>Dominus</span> <span class='ocrx_word' id='word_1_432' title='bbox 1853 3570 2014 3629; x_wconf 92' lang='lat' dir='ltr'>omni</span> 
     </span>
    </p>
   </div>
   <div class='ocr_carea' id='block_1_53' title="bbox 372 3655 2026 3739">
    <p class='ocr_par' dir='ltr' id='par_1_53' title="bbox 372 3655 2026 3739">
     <span class='ocr_line' id='line_1_53' title="bbox 372 3655 2026 3739; baseline -0.002 -17"><span class='ocrx_word' id='word_1_433' title='bbox 372 3659 505 3722; x_wconf 91' lang='lat' dir='ltr'>loco</span> <span class='ocrx_word' id='word_1_434' title='bbox 536 3666 595 3720; x_wconf 92' lang='lat' dir='ltr'>et</span> <span class='ocrx_word' id='word_1_435' title='bbox 611 3659 774 3719; x_wconf 91' lang='lat' dir='ltr'>omni</span> <span class='ocrx_word' id='word_1_436' title='bbox 796 3663 1065 3739; x_wconf 92' lang='lat' dir='ltr'>tempore</span> <span class='ocrx_word' id='word_1_437' title='bbox 1077 3666 1291 3719; x_wconf 63' lang='lat' dir='ltr'>nostrae</span> <span class='ocrx_word' id='word_1_438' title='bbox 1310 3656 1638 3718; x_wconf 90' lang='lat' dir='ltr'>infirmitati</span> <span class='ocrx_word' id='word_1_439' title='bbox 1663 3655 2026 3719; x_wconf 88' lang='lat' dir='ltr'>subveniens</span> 
     </span>
    </p>
   </div>
   <div class='ocr_carea' id='block_1_54' title="bbox 370 3745 2025 3828">
    <p class='ocr_par' dir='ltr' id='par_1_54' title="bbox 370 3745 2025 3828">
     <span class='ocr_line' id='line_1_54' title="bbox 370 3745 2025 3828; baseline -0.002 -19"><span class='ocrx_word' id='word_1_440' title='bbox 370 3745 707 3810; x_wconf 83' lang='lat' dir='ltr'>visibilibus</span> <span class='ocrx_word' id='word_1_441' title='bbox 736 3745 1089 3828; x_wconf 89' lang='lat' dir='ltr'>quibusdam</span> <span class='ocrx_word' id='word_1_442' title='bbox 1146 3745 1453 3808; x_wconf 90' lang='lat' dir='ltr'>miraculis</span> <span class='ocrx_word' id='word_1_443' title='bbox 1500 3745 1843 3822; x_wconf 86' lang='lat' dir='ltr'>dignitatem</span> <span class='ocrx_word' id='word_1_444' title='bbox 1878 3747 2025 3808; x_wconf 87' lang='lat' dir='ltr'>tanti</span> 
     </span>
    </p>
   </div>
   <div class='ocr_carea' id='block_1_55' title="bbox 373 3834 2021 3925">
    <p class='ocr_par' dir='ltr' id='par_1_55' title="bbox 373 3834 2021 3925">
     <span class='ocr_line' id='line_1_55' title="bbox 373 3834 2021 3925; baseline -0.001 -27"><span class='ocrx_word' id='word_1_445' title='bbox 373 3834 1085 3925; x_wconf 81' lang='lat' dir='ltr'>sacramentiostendere</span> <span class='ocrx_word' id='word_1_446' title='bbox 1113 3883 1129 3912; x_wconf 93' lang='lat'>,</span> <span class='ocrx_word' id='word_1_447' title='bbox 1179 3842 1245 3925; x_wconf 83' lang='lat' dir='ltr'>et</span> <span class='ocrx_word' id='word_1_448' title='bbox 1260 3835 1425 3925; x_wconf 54' lang='lat' dir='ltr'>god</span> <span class='ocrx_word' id='word_1_449' title='bbox 1458 3835 1581 3896; x_wconf 91' lang='lat' dir='ltr'>solo</span> <span class='ocrx_word' id='word_1_450' title='bbox 1615 3834 1919 3925; x_wconf 81' lang='lat' dir='ltr'>intellectu</span> <span class='ocrx_word' id='word_1_451' title='bbox 1954 3855 2021 3897; x_wconf 86' lang='lat' dir='ltr'>ac</span> 
     </span>
    </p>
   </div>
   <div class='ocr_carea' id='block_1_56' title="bbox 370 3922 2021 4005">
    <p class='ocr_par' dir='ltr' id='par_1_56' title="bbox 370 3922 2021 4005">
     <span class='ocr_line' id='line_1_56' title="bbox 370 3922 2021 4005; baseline -0.002 -17"><span class='ocrx_word' id='word_1_452' title='bbox 370 3925 491 3987; x_wconf 88' lang='lat' dir='ltr'>fide</span> <span class='ocrx_word' id='word_1_453' title='bbox 534 3923 885 4005; x_wconf 90' lang='lat' dir='ltr'>percipitur,</span> <span class='ocrx_word' id='word_1_454' title='bbox 946 3922 1008 3985; x_wconf 90' lang='lat' dir='ltr'>id</span> <span class='ocrx_word' id='word_1_455' title='bbox 1066 3922 1459 3985; x_wconf 76' lang='lat' dir='ltr'>exterioribus</span> <span class='ocrx_word' id='word_1_456' title='bbox 1516 3940 1584 3984; x_wconf 91' lang='lat' dir='ltr'>ac</span> <span class='ocrx_word' id='word_1_457' title='bbox 1633 3922 2021 3985; x_wconf 88' lang='lat' dir='ltr'>sensibilibus</span> 
     </span>
    </p>
   </div>
   <div class='ocr_carea' id='block_1_57' title="bbox 368 4011 2020 4094">
    <p class='ocr_par' dir='ltr' id='par_1_57' title="bbox 368 4011 2020 4094">
     <span class='ocr_line' id='line_1_57' title="bbox 368 4011 2020 4094; baseline -0.001 -19"><span class='ocrx_word' id='word_1_458' title='bbox 368 4011 551 4076; x_wconf 90' lang='lat' dir='ltr'>rebus</span> <span class='ocrx_word' id='word_1_459' title='bbox 581 4012 940 4094; x_wconf 88' lang='lat' dir='ltr'>patefacere,</span> <span class='ocrx_word' id='word_1_460' title='bbox 965 4019 1025 4074; x_wconf 91' lang='lat' dir='ltr'>et</span> <span class='ocrx_word' id='word_1_461' title='bbox 1055 4030 1161 4094; x_wconf 91' lang='lat' dir='ltr'>per</span> <span class='ocrx_word' id='word_1_462' title='bbox 1189 4014 1317 4074; x_wconf 83' lang='lat' dir='ltr'>haec</span> <span class='ocrx_word' id='word_1_463' title='bbox 1346 4031 1477 4093; x_wconf 73' lang='lat' dir='ltr'>quae</span> <span class='ocrx_word' id='word_1_464' title='bbox 1504 4029 1684 4074; x_wconf 89' lang='lat' dir='ltr'>sensu</span> <span class='ocrx_word' id='word_1_465' title='bbox 1718 4014 2020 4089; x_wconf 84' lang='lat' dir='ltr'>cognosci-</span> 
     </span>
    </p>
   </div>
   <div class='ocr_carea' id='block_1_58' title="bbox 373 4101 2017 4183">
    <p class='ocr_par' dir='ltr' id='par_1_58' title="bbox 373 4101 2017 4183">
     <span class='ocr_line' id='line_1_58' title="bbox 373 4101 2017 4183; baseline -0.001 -20"><span class='ocrx_word' id='word_1_466' title='bbox 373 4120 528 4177; x_wconf 91' lang='lat' dir='ltr'>mus,</span> <span class='ocrx_word' id='word_1_467' title='bbox 561 4101 731 4182; x_wconf 82' lang='lat' dir='ltr'>quasi</span> <span class='ocrx_word' id='word_1_468' title='bbox 785 4101 1000 4165; x_wconf 90' lang='lat' dir='ltr'>baculo</span> <span class='ocrx_word' id='word_1_469' title='bbox 1056 4101 1311 4183; x_wconf 91' lang='lat' dir='ltr'>quodam</span> <span class='ocrx_word' id='word_1_470' title='bbox 1368 4101 1483 4162; x_wconf 87' lang='lat' dir='ltr'>iter</span> <span class='ocrx_word' id='word_1_471' title='bbox 1540 4101 1890 4162; x_wconf 89' lang='lat' dir='ltr'>ostendente</span> <span class='ocrx_word' id='word_1_472' title='bbox 1947 4102 2017 4161; x_wconf 90' lang='lat' dir='ltr'>ad</span> 
     </span>
    </p>
   </div>
   <div class='ocr_carea' id='block_1_59' title="bbox 373 4189 2018 4270">
    <p class='ocr_par' dir='ltr' id='par_1_59' title="bbox 373 4189 2018 4270">
     <span class='ocr_line' id='line_1_59' title="bbox 373 4189 2018 4270; baseline -0.001 -18"><span class='ocrx_word' id='word_1_473' title='bbox 373 4189 814 4252; x_wconf 90' lang='lat' dir='ltr'>insensibilium</span> <span class='ocrx_word' id='word_1_474' title='bbox 872 4190 1139 4252; x_wconf 90' lang='lat' dir='ltr'>notitiam</span> <span class='ocrx_word' id='word_1_475' title='bbox 1190 4189 1423 4255; x_wconf 88' lang='lat' dir='ltr'>facilius</span> <span class='ocrx_word' id='word_1_476' title='bbox 1484 4190 1905 4270; x_wconf 90' lang='lat' dir='ltr'>perducamur.</span> <span class='ocrx_word' id='word_1_477' title='bbox 1937 4190 2018 4251; x_wconf 79' lang='lat' dir='ltr'><strong>Ex</strong></span> 
     </span>
    </p>
   </div>
   <div class='ocr_carea' id='block_1_60' title="bbox 2098 3121 3742 3205">
    <p class='ocr_par' dir='ltr' id='par_1_60' title="bbox 2098 3121 3742 3205">
     <span class='ocr_line' id='line_1_60' title="bbox 2098 3121 3742 3205; baseline 0.004 -25"><span class='ocrx_word' id='word_1_478' title='bbox 2098 3139 2227 3181; x_wconf 89' lang='lat' dir='ltr'>rum</span> <span class='ocrx_word' id='word_1_479' title='bbox 2261 3121 2528 3195; x_wconf 84' lang='lat' dir='ltr'>verbera,</span> <span class='ocrx_word' id='word_1_480' title='bbox 2565 3123 2833 3202; x_wconf 90' lang='lat' dir='ltr'>planctus</span> <span class='ocrx_word' id='word_1_481' title='bbox 2869 3140 2937 3183; x_wconf 90' lang='lat' dir='ltr'>ac</span> <span class='ocrx_word' id='word_1_482' title='bbox 2986 3123 3158 3183; x_wconf 90' lang='lat' dir='ltr'>fletus</span> <span class='ocrx_word' id='word_1_483' title='bbox 3203 3123 3575 3205; x_wconf 84' lang='lat' dir='ltr'>gemitusque</span> <span class='ocrx_word' id='word_1_484' title='bbox 3606 3144 3742 3205; x_wconf 86' lang='lat' dir='ltr'>per-</span> 
     </span>
    </p>
   </div>
   <div class='ocr_carea' id='block_1_61' title="bbox 2098 3209 3742 3293">
    <p class='ocr_par' dir='ltr' id='par_1_61' title="bbox 2098 3209 3742 3293">
     <span class='ocr_line' id='line_1_61' title="bbox 2098 3209 3742 3293; baseline 0.004 -24"><span class='ocrx_word' id='word_1_485' title='bbox 2098 3209 2359 3282; x_wconf 76' lang='lat' dir='ltr'>maximi,</span> <span class='ocrx_word' id='word_1_486' title='bbox 2394 3209 2494 3289; x_wconf 91' lang='lat' dir='ltr'>qui</span> <span class='ocrx_word' id='word_1_487' title='bbox 2524 3230 2643 3270; x_wconf 91' lang='lat' dir='ltr'>non</span> <span class='ocrx_word' id='word_1_488' title='bbox 2677 3211 3042 3271; x_wconf 88' lang='lat' dir='ltr'>mediocrem</span> <span class='ocrx_word' id='word_1_489' title='bbox 3074 3211 3422 3272; x_wconf 89' lang='lat' dir='ltr'>delictorum</span> <span class='ocrx_word' id='word_1_490' title='bbox 3451 3213 3742 3293; x_wconf 79' lang='lat' dir='ltr'>dolorem,</span> 
     </span>
    </p>
   </div>
   <div class='ocr_carea' id='block_1_62' title="bbox 2097 3298 3745 3378">
    <p class='ocr_par' dir='ltr' id='par_1_62' title="bbox 2097 3298 3745 3378">
     <span class='ocr_line' id='line_1_62' title="bbox 2097 3298 3745 3378; baseline 0.004 -23"><span class='ocrx_word' id='word_1_491' title='bbox 2097 3315 2412 3377; x_wconf 78' lang='lat' dir='ltr'>veramque</span> <span class='ocrx_word' id='word_1_492' title='bbox 2464 3298 2660 3359; x_wconf 89' lang='lat' dir='ltr'>cordis</span> <span class='ocrx_word' id='word_1_493' title='bbox 2718 3298 3135 3359; x_wconf 85' lang='lat' dir='ltr'>contritionem</span> <span class='ocrx_word' id='word_1_494' title='bbox 3198 3300 3546 3378; x_wconf 67' lang='lat' dir='ltr'>praeseferre</span> <span class='ocrx_word' id='word_1_495' title='bbox 3578 3301 3745 3362; x_wconf 87' lang='lat' dir='ltr'>vide-</span> 
     </span>
    </p>
   </div>
   <div class='ocr_carea' id='block_1_63' title="bbox 2099 3383 3747 3469">
    <p class='ocr_par' dir='ltr' id='par_1_63' title="bbox 2099 3383 3747 3469">
     <span class='ocr_line' id='line_1_63' title="bbox 2099 3383 3747 3469; baseline 0.004 -24"><span class='ocrx_word' id='word_1_496' title='bbox 2099 3383 2332 3445; x_wconf 90' lang='lat' dir='ltr'>bantur.</span> <span class='ocrx_word' id='word_1_497' title='bbox 2365 3385 2423 3447; x_wconf 88' lang='lat' dir='ltr'>Is</span> <span class='ocrx_word' id='word_1_498' title='bbox 2455 3387 2640 3459; x_wconf 91' lang='lat' dir='ltr'>enim,</span> <span class='ocrx_word' id='word_1_499' title='bbox 2676 3406 2852 3466; x_wconf 83' lang='lat' dir='ltr'>quem</span> <span class='ocrx_word' id='word_1_500' title='bbox 2912 3387 3138 3466; x_wconf 90' lang='lat' dir='ltr'>peccati</span> <span class='ocrx_word' id='word_1_501' title='bbox 3170 3387 3445 3469; x_wconf 66' lang='lat' dir='ltr'>paenitet,</span> <span class='ocrx_word' id='word_1_502' title='bbox 3480 3389 3747 3452; x_wconf 86' lang='lat' dir='ltr'>declarat</span> 
     </span>
    </p>
   </div>
   <div class='ocr_carea' id='block_1_64' title="bbox 2099 3474 3742 3554">
    <p class='ocr_par' dir='ltr' id='par_1_64' title="bbox 2099 3474 3742 3554">
     <span class='ocr_line' id='line_1_64' title="bbox 2099 3474 3742 3554; baseline 0.004 -21"><span class='ocrx_word' id='word_1_503' title='bbox 2099 3474 2385 3552; x_wconf 89' lang='lat' dir='ltr'>profecto.</span> <span class='ocrx_word' id='word_1_504' title='bbox 2416 3475 2699 3535; x_wconf 82' lang='lat' dir='ltr'>maluisse</span> <span class='ocrx_word' id='word_1_505' title='bbox 2718 3494 2782 3534; x_wconf 90' lang='lat' dir='ltr'>se</span> <span class='ocrx_word' id='word_1_506' title='bbox 2806 3494 2919 3534; x_wconf 92' lang='lat' dir='ltr'>non</span> <span class='ocrx_word' id='word_1_507' title='bbox 2943 3493 3216 3551; x_wconf 80' lang='lat' dir='ltr'>peccare,</span> <span class='ocrx_word' id='word_1_508' title='bbox 3242 3478 3742 3554; x_wconf 71' lang='lat' dir='ltr'>quampmnitere.</span> 
     </span>
    </p>
   </div>
   <div class='ocr_carea' id='block_1_65' title="bbox 2100 3561 3739 3643">
    <p class='ocr_par' dir='ltr' id='par_1_65' title="bbox 2100 3561 3739 3643">
     <span class='ocr_line' id='line_1_65' title="bbox 2100 3561 3739 3643; baseline 0.001 -21"><span class='ocrx_word' id='word_1_509' title='bbox 2100 3561 2224 3624; x_wconf 89' lang='lat' dir='ltr'>Hoc</span> <span class='ocrx_word' id='word_1_510' title='bbox 2254 3582 2388 3623; x_wconf 93' lang='lat' dir='ltr'>cum</span> <span class='ocrx_word' id='word_1_511' title='bbox 2422 3563 2678 3627; x_wconf 84' lang='lat' dir='ltr'>infidelis</span> <span class='ocrx_word' id='word_1_512' title='bbox 2708 3564 2807 3623; x_wconf 90' lang='lat' dir='ltr'>ille</span> <span class='ocrx_word' id='word_1_513' title='bbox 2838 3571 3060 3623; x_wconf 88' lang='lat' dir='ltr'>attente</span> <span class='ocrx_word' id='word_1_514' title='bbox 3091 3564 3481 3643; x_wconf 84' lang='lat' dir='ltr'>conspiceret,</span> <span class='ocrx_word' id='word_1_515' title='bbox 3510 3583 3576 3625; x_wconf 91' lang='lat' dir='ltr'>ac</span> <span class='ocrx_word' id='word_1_516' title='bbox 3600 3565 3739 3624; x_wconf 90' lang='lat' dir='ltr'>dili-</span> 
     </span>
    </p>
   </div>
   <div class='ocr_carea' id='block_1_66' title="bbox 2109 3650 3740 3728">
    <p class='ocr_par' dir='ltr' id='par_1_66' title="bbox 2109 3650 3740 3728">
     <span class='ocr_line' id='line_1_66' title="bbox 2109 3650 3740 3728; baseline 0.001 -19"><span class='ocrx_word' id='word_1_517' title='bbox 2109 3658 2317 3728; x_wconf 88' lang='lat' dir='ltr'>genter</span> <span class='ocrx_word' id='word_1_518' title='bbox 2336 3651 2926 3723; x_wconf 82' lang='lat' dir='ltr'>animadverteret,in</span> <span class='ocrx_word' id='word_1_519' title='bbox 2945 3670 3211 3728; x_wconf 88' lang='lat' dir='ltr'>magnam</span> <span class='ocrx_word' id='word_1_520' title='bbox 3227 3650 3740 3710; x_wconf 89' lang='lat' dir='ltr'>incidittantorum</span> 
     </span>
    </p>
   </div>
   <div class='ocr_carea' id='block_1_67' title="bbox 2111 3738 3742 3820">
    <p class='ocr_par' dir='ltr' id='par_1_67' title="bbox 2111 3738 3742 3820">
     <span class='ocr_line' id='line_1_67' title="bbox 2111 3738 3742 3820; baseline -0.001 -21"><span class='ocrx_word' id='word_1_521' title='bbox 2111 3740 2354 3800; x_wconf 86' lang='lat' dir='ltr'>fletuum</span> <span class='ocrx_word' id='word_1_522' title='bbox 2389 3749 2622 3820; x_wconf 88' lang='lat' dir='ltr'>tamque</span> <span class='ocrx_word' id='word_1_523' title='bbox 2658 3739 3093 3801; x_wconf 86' lang='lat' dir='ltr'>devotissimam</span> <span class='ocrx_word' id='word_1_524' title='bbox 3132 3746 3365 3799; x_wconf 89' lang='lat' dir='ltr'>actuum</span> <span class='ocrx_word' id='word_1_525' title='bbox 3396 3738 3742 3799; x_wconf 88' lang='lat' dir='ltr'>admiratio-</span> 
     </span>
    </p>
   </div>
   <div class='ocr_carea' id='block_1_68' title="bbox 2106 3827 3745 3908">
    <p class='ocr_par' dir='ltr' id='par_1_68' title="bbox 2106 3827 3745 3908">
     <span class='ocr_line' id='line_1_68' title="bbox 2106 3827 3745 3908; baseline 0.001 -21"><span class='ocrx_word' id='word_1_526' title='bbox 2106 3847 2266 3904; x_wconf 89' lang='lat' dir='ltr'>nem,</span> <span class='ocrx_word' id='word_1_527' title='bbox 2286 3828 2601 3908; x_wconf 90' lang='lat' dir='ltr'>omniaque</span> <span class='ocrx_word' id='word_1_528' title='bbox 2615 3835 3103 3906; x_wconf 90' lang='lat' dir='ltr'>secumrepetens</span> <span class='ocrx_word' id='word_1_529' title='bbox 3133 3827 3617 3906; x_wconf 73' lang='lat' dir='ltr'>cmpitjudicare,</span> <span class='ocrx_word' id='word_1_530' title='bbox 3646 3828 3745 3889; x_wconf 93' lang='lat' dir='ltr'>ha-</span> 
     </span>
    </p>
   </div>
   <div class='ocr_carea' id='block_1_69' title="bbox 2102 3915 3739 3985">
    <p class='ocr_par' dir='ltr' id='par_1_69' title="bbox 2102 3915 3739 3985">
     <span class='ocr_line' id='line_1_69' title="bbox 2102 3915 3739 3985; baseline 0.001 -11"><span class='ocrx_word' id='word_1_531' title='bbox 2102 3933 2234 3975; x_wconf 89' lang='lat' dir='ltr'>rum</span> <span class='ocrx_word' id='word_1_532' title='bbox 2266 3934 2469 3977; x_wconf 87' lang='lat' dir='ltr'>rerum</span> <span class='ocrx_word' id='word_1_533' title='bbox 2502 3916 2935 3976; x_wconf 88' lang='lat' dir='ltr'>institutionem</span> <span class='ocrx_word' id='word_1_534' title='bbox 2971 3933 3084 3974; x_wconf 91' lang='lat' dir='ltr'>non</span> <span class='ocrx_word' id='word_1_535' title='bbox 3118 3925 3232 3974; x_wconf 90' lang='lat' dir='ltr'>tam</span> <span class='ocrx_word' id='word_1_536' title='bbox 3264 3915 3335 3974; x_wconf 90' lang='lat' dir='ltr'>ab</span> <span class='ocrx_word' id='word_1_537' title='bbox 3370 3915 3739 3985; x_wconf 86' lang='lat' dir='ltr'>hominibus.</span> 
     </span>
    </p>
   </div>
   <div class='ocr_carea' id='block_1_70' title="bbox 2104 4003 3747 4083">
    <p class='ocr_par' dir='ltr' id='par_1_70' title="bbox 2104 4003 3747 4083">
     <span class='ocr_line' id='line_1_70' title="bbox 2104 4003 3747 4083; baseline 0.001 -20"><span class='ocrx_word' id='word_1_538' title='bbox 2104 4022 2279 4079; x_wconf 82' lang='lat' dir='ltr'>quam</span> <span class='ocrx_word' id='word_1_539' title='bbox 2295 4003 2367 4063; x_wconf 88' lang='lat' dir='ltr'>ab</span> <span class='ocrx_word' id='word_1_540' title='bbox 2384 4004 2511 4083; x_wconf 86' lang='lat' dir='ltr'>ipso</span> <span class='ocrx_word' id='word_1_541' title='bbox 2531 4005 2651 4065; x_wconf 92' lang='lat' dir='ltr'>Deo</span> <span class='ocrx_word' id='word_1_542' title='bbox 2671 4004 3342 4083; x_wconf 80' lang='lat' dir='ltr'>prodisse,quimaxime</span> <span class='ocrx_word' id='word_1_543' title='bbox 3357 4003 3597 4080; x_wconf 83' lang='lat' dir='ltr'>gaudet,</span> <span class='ocrx_word' id='word_1_544' title='bbox 3614 4023 3747 4064; x_wconf 92' lang='lat' dir='ltr'>cum</span> 
     </span>
    </p>
   </div>
   <div class='ocr_carea' id='block_1_71' title="bbox 2104 4091 3747 4173">
    <p class='ocr_par' dir='ltr' id='par_1_71' title="bbox 2104 4091 3747 4173">
     <span class='ocr_line' id='line_1_71' title="bbox 2104 4091 3747 4173; baseline 0.001 -22"><span class='ocrx_word' id='word_1_545' title='bbox 2104 4091 2380 4153; x_wconf 92' lang='lat' dir='ltr'>homines</span> <span class='ocrx_word' id='word_1_546' title='bbox 2402 4093 2516 4153; x_wconf 91' lang='lat' dir='ltr'>sibi</span> <span class='ocrx_word' id='word_1_547' title='bbox 2540 4112 2685 4173; x_wconf 89' lang='lat' dir='ltr'>puro</span> <span class='ocrx_word' id='word_1_548' title='bbox 2710 4092 2913 4166; x_wconf 89' lang='lat' dir='ltr'>corde,</span> <span class='ocrx_word' id='word_1_549' title='bbox 2941 4100 2999 4153; x_wconf 91' lang='lat' dir='ltr'>et</span> <span class='ocrx_word' id='word_1_550' title='bbox 3019 4093 3747 4153; x_wconf 86' lang='lat' dir='ltr'>mundamentedevotum</span> 
     </span>
    </p>
   </div>
   <div class='ocr_carea' id='block_1_72' title="bbox 2108 4181 3750 4261">
    <p class='ocr_par' dir='ltr' id='par_1_72' title="bbox 2108 4181 3750 4261">
     <span class='ocr_line' id='line_1_72' title="bbox 2108 4181 3750 4261; baseline 0.001 -20"><span class='ocrx_word' id='word_1_551' title='bbox 2108 4181 2390 4242; x_wconf 79' lang='lat' dir='ltr'>exhibent</span> <span class='ocrx_word' id='word_1_552' title='bbox 2463 4183 2835 4245; x_wconf 82' lang='lat' dir='ltr'>famulatum.</span> <span class='ocrx_word' id='word_1_553' title='bbox 2897 4185 3215 4261; x_wconf 75' lang='lat' dir='ltr'>Postquam</span> <span class='ocrx_word' id='word_1_554' title='bbox 3274 4200 3409 4241; x_wconf 52' lang='lat' dir='ltr'>vero</span> <span class='ocrx_word' id='word_1_555' title='bbox 3468 4183 3750 4243; x_wconf 83' lang='lat' dir='ltr'>sacerdos</span> 
     </span>
    </p>
   </div>
   <div class='ocr_carea' id='block_1_73' title="bbox 375 4271 3749 4370">
    <p class='ocr_par' dir='ltr' id='par_1_73' title="bbox 375 4271 3749 4370">
     <span class='ocr_line' id='line_1_73' title="bbox 375 4271 3749 4370; baseline -0.002 -33"><span class='ocrx_word' id='word_1_556' title='bbox 375 4278 580 4340; x_wconf 90' lang='lat' dir='ltr'>multis</span> <span class='ocrx_word' id='word_1_557' title='bbox 604 4287 802 4341; x_wconf 89' lang='lat' dir='ltr'>autem</span> <span class='ocrx_word' id='word_1_558' title='bbox 836 4279 1163 4355; x_wconf 86' lang='lat' dir='ltr'>miraculis,</span> <span class='ocrx_word' id='word_1_559' title='bbox 1197 4297 1328 4360; x_wconf 56' lang='lat' dir='ltr'>quas,</span> <span class='ocrx_word' id='word_1_560' title='bbox 1356 4278 1427 4339; x_wconf 85' lang='lat' dir='ltr'>ad</span> <span class='ocrx_word' id='word_1_561' title='bbox 1454 4278 1807 4340; x_wconf 84' lang='lat' dir='ltr'>relationem</span> <span class='ocrx_word' id='word_1_562' title='bbox 1842 4280 2018 4358; x_wconf 77' lang='lat' dir='ltr'>hujus</span> <span class='ocrx_word' id='word_1_563' title='bbox 2042 4309 2089 4370; x_wconf 71' lang='grc' dir='ltr'><strong>Β</strong></span> <span class='ocrx_word' id='word_1_564' title='bbox 2109 4271 2556 4333; x_wconf 89' lang='lat' dir='ltr'>circumstantes</span> <span class='ocrx_word' id='word_1_565' title='bbox 2587 4272 2658 4332; x_wconf 91' lang='lat' dir='ltr'>ad</span> <span class='ocrx_word' id='word_1_566' title='bbox 2684 4272 3198 4349; x_wconf 56' lang='lat' dir='ltr'>conipnnctionem</span> <span class='ocrx_word' id='word_1_567' title='bbox 3222 4271 3437 4370; x_wconf 74' lang='lat' dir='ltr'>cordis,</span> <span class='ocrx_word' id='word_1_568' title='bbox 3459 4272 3749 4369; x_wconf 81' lang='lat' dir='ltr'>dolorem-</span> 
     </span>
    </p>
   </div>
   <div class='ocr_carea' id='block_1_74' title="bbox 375 4359 3744 4448">
    <p class='ocr_par' dir='ltr' id='par_1_74' title="bbox 375 4359 3744 4448">
     <span class='ocr_line' id='line_1_74' title="bbox 375 4359 3744 4448; baseline -0.003 -20"><span class='ocrx_word' id='word_1_569' title='bbox 375 4366 731 4428; x_wconf 88' lang='lat' dir='ltr'>sacramenti</span> <span class='ocrx_word' id='word_1_570' title='bbox 760 4366 981 4448; x_wconf 92' lang='lat' dir='ltr'>ubique</span> <span class='ocrx_word' id='word_1_571' title='bbox 1010 4359 1284 4448; x_wconf 89' lang='lat' dir='ltr'>operatus</span> <span class='ocrx_word' id='word_1_572' title='bbox 1343 4376 1434 4430; x_wconf 93' lang='lat' dir='ltr'>est</span> <span class='ocrx_word' id='word_1_573' title='bbox 1489 4367 1799 4443; x_wconf 89' lang='lat' dir='ltr'>Dominus,</span> <span class='ocrx_word' id='word_1_574' title='bbox 1834 4359 2251 4440; x_wconf 67' lang='lat' dir='ltr'>nnum&quot;quc,</span> <span class='ocrx_word' id='word_1_575' title='bbox 2312 4381 2379 4423; x_wconf 92' lang='lat' dir='ltr'>ac</span> <span class='ocrx_word' id='word_1_576' title='bbox 2438 4360 2844 4441; x_wconf 82' lang='lat' dir='ltr'>paenitentiam</span> <span class='ocrx_word' id='word_1_577' title='bbox 2906 4361 2979 4420; x_wconf 85' lang='lat' dir='ltr'>de</span> <span class='ocrx_word' id='word_1_578' title='bbox 3039 4359 3316 4438; x_wconf 88' lang='lat' dir='ltr'>peccatis,</span> <span class='ocrx_word' id='word_1_579' title='bbox 3380 4359 3567 4419; x_wconf 84' lang='lat' dir='ltr'>utdix</span> <span class='ocrx_word' id='word_1_580' title='bbox 3593 4378 3744 4431; x_wconf 90' lang='lat' dir='ltr'>mus,</span> 
     </span>
    </p>
   </div>
   <div class='ocr_carea' id='block_1_75' title="bbox 382 4454 2025 4538">
    <p class='ocr_par' dir='ltr' id='par_1_75' title="bbox 382 4454 2025 4538">
     <span class='ocr_line' id='line_1_75' title="bbox 382 4454 2025 4538; baseline -0.001 -22"><span class='ocrx_word' id='word_1_581' title='bbox 382 4455 575 4516; x_wconf 89' lang='lat' dir='ltr'>solum</span> <span class='ocrx_word' id='word_1_582' title='bbox 605 4454 830 4517; x_wconf 90' lang='lat' dir='ltr'>inferre</span> <span class='ocrx_word' id='word_1_583' title='bbox 879 4456 1130 4538; x_wconf 90' lang='lat' dir='ltr'>institui,</span> <span class='ocrx_word' id='word_1_584' title='bbox 1178 4456 1334 4536; x_wconf 91' lang='lat' dir='ltr'>quod</span> <span class='ocrx_word' id='word_1_585' title='bbox 1391 4465 1735 4518; x_wconf 90' lang='lat' dir='ltr'>sanctorum</span> <span class='ocrx_word' id='word_1_586' title='bbox 1768 4455 2025 4517; x_wconf 89' lang='lat' dir='ltr'>virorum</span> 
     </span>
    </p>
   </div>
   <div class='ocr_carea' id='block_1_76' title="bbox 381 4543 1557 4623">
    <p class='ocr_par' dir='ltr' id='par_1_76' title="bbox 381 4543 1557 4623">
     <span class='ocr_line' id='line_1_76' title="bbox 381 4543 1557 4623; baseline -0.003 -17"><span class='ocrx_word' id='word_1_587' title='bbox 381 4543 546 4606; x_wconf 89' lang='lat' dir='ltr'>fideli</span> <span class='ocrx_word' id='word_1_588' title='bbox 575 4544 863 4606; x_wconf 87' lang='lat' dir='ltr'>relatione</span> <span class='ocrx_word' id='word_1_589' title='bbox 893 4562 1097 4606; x_wconf 88' lang='lat' dir='ltr'>verum</span> <span class='ocrx_word' id='word_1_590' title='bbox 1131 4562 1260 4606; x_wconf 91' lang='lat' dir='ltr'>esse</span> <span class='ocrx_word' id='word_1_591' title='bbox 1290 4545 1557 4623; x_wconf 87' lang='lat' dir='ltr'>cognovi.</span> 
     </span>
    </p>
   </div>
   <div class='ocr_carea' id='block_1_77' title="bbox 459 4632 2031 4714">
    <p class='ocr_par' dir='ltr' id='par_1_77' title="bbox 459 4632 2031 4714">
     <span class='ocr_line' id='line_1_77' title="bbox 459 4632 2031 4714; baseline -0.001 -20"><span class='ocrx_word' id='word_1_592' title='bbox 459 4632 564 4694; x_wconf 87' lang='lat' dir='ltr'>Est</span> <span class='ocrx_word' id='word_1_593' title='bbox 578 4634 733 4714; x_wconf 86' lang='lat' dir='ltr'>apud</span> <span class='ocrx_word' id='word_1_594' title='bbox 754 4633 1221 4714; x_wconf 82' lang='lat' dir='ltr'>Hierosolymam</span> <span class='ocrx_word' id='word_1_595' title='bbox 1238 4634 1677 4714; x_wconf 72' lang='lat' dir='ltr'>locusquidam,</span> <span class='ocrx_word' id='word_1_596' title='bbox 1695 4651 1867 4713; x_wconf 92' lang='lat' dir='ltr'>quem</span> <span class='ocrx_word' id='word_1_597' title='bbox 1890 4632 2031 4693; x_wconf 78' lang='lat' dir='ltr'>fide-</span> 
     </span>
    </p>
   </div>
   <div class='ocr_carea' id='block_1_78' title="bbox 379 4721 2029 4803">
    <p class='ocr_par' dir='ltr' id='par_1_78' title="bbox 379 4721 2029 4803">
     <span class='ocr_line' id='line_1_78' title="bbox 379 4721 2029 4803; baseline -0.002 -19"><span class='ocrx_word' id='word_1_598' title='bbox 379 4721 469 4784; x_wconf 89' lang='lat' dir='ltr'>les</span> <span class='ocrx_word' id='word_1_599' title='bbox 501 4741 713 4803; x_wconf 89' lang='lat' dir='ltr'>magna</span> <span class='ocrx_word' id='word_1_600' title='bbox 769 4722 1087 4785; x_wconf 90' lang='lat' dir='ltr'>devotione</span> <span class='ocrx_word' id='word_1_601' title='bbox 1130 4741 1200 4787; x_wconf 90' lang='lat' dir='ltr'>ac</span> <span class='ocrx_word' id='word_1_602' title='bbox 1247 4722 1582 4803; x_wconf 91' lang='lat' dir='ltr'>frequentia</span> <span class='ocrx_word' id='word_1_603' title='bbox 1636 4722 1890 4787; x_wconf 73' lang='lat' dir='ltr'>visitant.</span> <span class='ocrx_word' id='word_1_604' title='bbox 1930 4721 2029 4786; x_wconf 90' lang='lat' dir='ltr'>ubi</span> 
     </span>
    </p>
   </div>
   <div class='ocr_carea' id='block_1_79' title="bbox 383 4811 2029 4894">
    <p class='ocr_par' dir='ltr' id='par_1_79' title="bbox 383 4811 2029 4894">
     <span class='ocr_line' id='line_1_79' title="bbox 383 4811 2029 4894; baseline -0.001 -22"><span class='ocrx_word' id='word_1_605' title='bbox 383 4829 591 4873; x_wconf 88' lang='lat' dir='ltr'>verum</span> <span class='ocrx_word' id='word_1_606' title='bbox 652 4811 1073 4894; x_wconf 82' lang='lat' dir='ltr'>Redemptoris</span> <span class='ocrx_word' id='word_1_607' title='bbox 1131 4811 1319 4873; x_wconf 92' lang='lat' dir='ltr'>nostri</span> <span class='ocrx_word' id='word_1_608' title='bbox 1390 4830 1605 4893; x_wconf 90' lang='lat' dir='ltr'>corpus</span> <span class='ocrx_word' id='word_1_609' title='bbox 1663 4831 1730 4872; x_wconf 82' lang='lat' dir='ltr'>ex</span> <span class='ocrx_word' id='word_1_610' title='bbox 1790 4811 2029 4888; x_wconf 72' lang='lat' dir='ltr'>Virgine</span> 
     </span>
    </p>
   </div>
   <div class='ocr_carea' id='block_1_80' title="bbox 379 4900 2025 4983">
    <p class='ocr_par' dir='ltr' id='par_1_80' title="bbox 379 4900 2025 4983">
     <span class='ocr_line' id='line_1_80' title="bbox 379 4900 2025 4983; baseline -0.003 -19"><span class='ocrx_word' id='word_1_611' title='bbox 379 4909 750 4983; x_wconf 91' lang='lat' dir='ltr'>assumptum</span> <span class='ocrx_word' id='word_1_612' title='bbox 773 4909 905 4982; x_wconf 91' lang='lat' dir='ltr'>post</span> <span class='ocrx_word' id='word_1_613' title='bbox 931 4901 1217 4982; x_wconf 92' lang='lat' dir='ltr'>plurimas</span> <span class='ocrx_word' id='word_1_614' title='bbox 1239 4901 1514 4982; x_wconf 84' lang='lat' dir='ltr'>injurias,</span> <span class='ocrx_word' id='word_1_615' title='bbox 1547 4900 1791 4962; x_wconf 91' lang='lat' dir='ltr'>acerbas</span> <span class='ocrx_word' id='word_1_616' title='bbox 1814 4910 2025 4961; x_wconf 90' lang='lat' dir='ltr'>contu-</span> 
     </span>
    </p>
   </div>
   <div class='ocr_carea' id='block_1_81' title="bbox 378 4988 2024 5070">
    <p class='ocr_par' dir='ltr' id='par_1_81' title="bbox 378 4988 2024 5070">
     <span class='ocr_line' id='line_1_81' title="bbox 378 4988 2024 5070; baseline -0.003 -19"><span class='ocrx_word' id='word_1_617' title='bbox 378 4989 615 5065; x_wconf 90' lang='lat' dir='ltr'>melias,</span> <span class='ocrx_word' id='word_1_618' title='bbox 649 4990 916 5053; x_wconf 89' lang='lat' dir='ltr'>crudelia</span> <span class='ocrx_word' id='word_1_619' title='bbox 944 4990 1209 5067; x_wconf 90' lang='lat' dir='ltr'>vulnera,</span> <span class='ocrx_word' id='word_1_620' title='bbox 1245 4991 1439 5052; x_wconf 85' lang='lat' dir='ltr'>crucis</span> <span class='ocrx_word' id='word_1_621' title='bbox 1475 4988 1736 5070; x_wconf 90' lang='lat' dir='ltr'>patibulo</span> <span class='ocrx_word' id='word_1_622' title='bbox 1770 5008 1882 5067; x_wconf 91' lang='lat' dir='ltr'>pro</span> <span class='ocrx_word' id='word_1_623' title='bbox 1916 5008 2024 5047; x_wconf 87' lang='lat' dir='ltr'>no-</span> 
     </span>
    </p>
   </div>
   <div class='ocr_carea' id='block_1_82' title="bbox 382 5077 2026 5161">
    <p class='ocr_par' dir='ltr' id='par_1_82' title="bbox 382 5077 2026 5161">
     <span class='ocr_line' id='line_1_82' title="bbox 382 5077 2026 5161; baseline -0.002 -20"><span class='ocrx_word' id='word_1_624' title='bbox 382 5091 507 5143; x_wconf 87' lang='lat' dir='ltr'>stra</span> <span class='ocrx_word' id='word_1_625' title='bbox 535 5079 949 5161; x_wconf 91' lang='lat' dir='ltr'>redemptione</span> <span class='ocrx_word' id='word_1_626' title='bbox 997 5080 1294 5155; x_wconf 81' lang='lat' dir='ltr'>suffixum,</span> <span class='ocrx_word' id='word_1_627' title='bbox 1354 5097 1425 5141; x_wconf 84' lang='lat' dir='ltr'>ac</span> <span class='ocrx_word' id='word_1_628' title='bbox 1484 5088 1781 5139; x_wconf 92' lang='lat' dir='ltr'>mortuum</span> <span class='ocrx_word' id='word_1_629' title='bbox 1808 5077 2026 5157; x_wconf 89' lang='lat' dir='ltr'>Josepb</span> 
     </span>
    </p>
   </div>
   <div class='ocr_carea' id='block_1_83' title="bbox 376 5164 2032 5249">
    <p class='ocr_par' dir='ltr' id='par_1_83' title="bbox 376 5164 2032 5249">
     <span class='ocr_line' id='line_1_83' title="bbox 376 5164 2032 5249; baseline -0.004 -19"><span class='ocrx_word' id='word_1_630' title='bbox 376 5167 653 5230; x_wconf 89' lang='lat' dir='ltr'>manibus</span> <span class='ocrx_word' id='word_1_631' title='bbox 683 5168 981 5249; x_wconf 88' lang='lat' dir='ltr'>sepultum</span> <span class='ocrx_word' id='word_1_632' title='bbox 1042 5187 1197 5242; x_wconf 89' lang='lat' dir='ltr'>esse,</span> <span class='ocrx_word' id='word_1_633' title='bbox 1260 5168 1598 5248; x_wconf 87' lang='lat' dir='ltr'>evangelica</span> <span class='ocrx_word' id='word_1_634' title='bbox 1654 5166 1825 5229; x_wconf 89' lang='lat' dir='ltr'>nobis</span> <span class='ocrx_word' id='word_1_635' title='bbox 1855 5164 2032 5226; x_wconf 83' lang='lat' dir='ltr'>tradit</span> 
     </span>
    </p>
   </div>
   <div class='ocr_carea' id='block_1_84' title="bbox 378 5258 2028 5323">
    <p class='ocr_par' dir='ltr' id='par_1_84' title="bbox 378 5258 2028 5323">
     <span class='ocr_line' id='line_1_84' title="bbox 378 5258 2028 5323; baseline -0.002 -4"><span class='ocrx_word' id='word_1_636' title='bbox 378 5258 649 5321; x_wconf 88' lang='lat' dir='ltr'>historia.</span> <span class='ocrx_word' id='word_1_637' title='bbox 700 5259 824 5322; x_wconf 84' lang='lat' dir='ltr'>Hoc</span> <span class='ocrx_word' id='word_1_638' title='bbox 854 5259 916 5320; x_wconf 92' lang='lat' dir='ltr'>in</span> <span class='ocrx_word' id='word_1_639' title='bbox 948 5259 1079 5322; x_wconf 91' lang='lat' dir='ltr'>loco</span> <span class='ocrx_word' id='word_1_640' title='bbox 1107 5258 1442 5323; x_wconf 90' lang='lat' dir='ltr'>Christiano</span> <span class='ocrx_word' id='word_1_641' title='bbox 1502 5275 1665 5318; x_wconf 91' lang='lat' dir='ltr'>more</span> <span class='ocrx_word' id='word_1_642' title='bbox 1695 5262 2028 5318; x_wconf 82' lang='lat' dir='ltr'>constructa</span> 
     </span>
    </p>
   </div>
   <div class='ocr_carea' id='block_1_85' title="bbox 375 5345 2022 5431">
    <p class='ocr_par' dir='ltr' id='par_1_85' title="bbox 375 5345 2022 5431">
     <span class='ocr_line' id='line_1_85' title="bbox 375 5345 2022 5431; baseline -0.002 -23"><span class='ocrx_word' id='word_1_643' title='bbox 375 5355 469 5408; x_wconf 89' lang='lat' dir='ltr'>est</span> <span class='ocrx_word' id='word_1_644' title='bbox 498 5346 775 5425; x_wconf 90' lang='lat' dir='ltr'>ecclesia,</span> <span class='ocrx_word' id='word_1_645' title='bbox 809 5349 869 5410; x_wconf 94' lang='lat' dir='ltr'>in</span> <span class='ocrx_word' id='word_1_646' title='bbox 901 5367 1015 5431; x_wconf 90' lang='lat' dir='ltr'>qua</span> <span class='ocrx_word' id='word_1_647' title='bbox 1036 5368 1071 5411; x_wconf 93' lang='lat' dir='ltr'>a</span> <span class='ocrx_word' id='word_1_648' title='bbox 1100 5358 1320 5412; x_wconf 60' lang='lat' dir='ltr'>nostra;</span> <span class='ocrx_word' id='word_1_649' title='bbox 1342 5347 1647 5428; x_wconf 85' lang='lat' dir='ltr'>religionis</span> <span class='ocrx_word' id='word_1_650' title='bbox 1671 5345 2022 5427; x_wconf 75' lang='lat' dir='ltr'>professori-</span> 
     </span>
    </p>
   </div>
   <div class='ocr_carea' id='block_1_86' title="bbox 372 5432 2022 5520">
    <p class='ocr_par' dir='ltr' id='par_1_86' title="bbox 372 5432 2022 5520">
     <span class='ocr_line' id='line_1_86' title="bbox 372 5432 2022 5520; baseline -0.002 -23"><span class='ocrx_word' id='word_1_651' title='bbox 372 5433 486 5498; x_wconf 87' lang='lat' dir='ltr'>bus</span> <span class='ocrx_word' id='word_1_652' title='bbox 514 5436 719 5516; x_wconf 65' lang='lat' dir='ltr'>dgvina</span> <span class='ocrx_word' id='word_1_653' title='bbox 745 5438 1125 5501; x_wconf 90' lang='lat' dir='ltr'>celebrantur</span> <span class='ocrx_word' id='word_1_654' title='bbox 1154 5438 1366 5520; x_wconf 83' lang='lat' dir='ltr'>ofﬁcia,</span> <span class='ocrx_word' id='word_1_655' title='bbox 1392 5439 1490 5520; x_wconf 90' lang='lat' dir='ltr'>qui</span> <span class='ocrx_word' id='word_1_656' title='bbox 1514 5436 1856 5517; x_wconf 89' lang='lat' dir='ltr'>sepulcrum</span> <span class='ocrx_word' id='word_1_657' title='bbox 1878 5432 2022 5497; x_wconf 90' lang='lat' dir='ltr'>illud</span> 
     </span>
    </p>
   </div>
   <div class='ocr_carea' id='block_1_87' title="bbox 453 5612 1752 5699">
    <p class='ocr_par' dir='ltr' id='par_1_87' title="bbox 453 5612 1752 5699">
     <span class='ocr_line' id='line_1_87' title="bbox 453 5612 1752 5699; baseline -0.004 -20"><span class='ocrx_word' id='word_1_658' title='bbox 453 5612 511 5666; x_wconf 64' lang='lat'>*0</span> <span class='ocrx_word' id='word_1_659' title='bbox 537 5614 682 5680; x_wconf 87' lang='lat' dir='ltr'>Luc.</span> <span class='ocrx_word' id='word_1_660' title='bbox 711 5630 859 5693; x_wconf 81' lang='lat' dir='ltr'>nn,</span> <span class='ocrx_word' id='word_1_661' title='bbox 890 5615 990 5680; x_wconf 85' lang='grc'>19.</span> <span class='ocrx_word' id='word_1_662' title='bbox 1076 5615 1185 5679; x_wconf 77' lang='grc' dir='ltr'>ίίἸ</span> <span class='ocrx_word' id='word_1_663' title='bbox 1223 5615 1364 5682; x_wconf 91' lang='lat' dir='ltr'>Cor.</span> <span class='ocrx_word' id='word_1_664' title='bbox 1392 5633 1476 5699; x_wconf 84' lang='lat' dir='ltr'>xl,</span> <span class='ocrx_word' id='word_1_665' title='bbox 1507 5613 1609 5694; x_wconf 71' lang='lat'>28,</span> <span class='ocrx_word' id='word_1_666' title='bbox 1642 5613 1752 5677; x_wconf 75' lang='grc'>29.</span> 
     </span>
    </p>
   </div>
   <div class='ocr_carea' id='block_1_88' title="bbox 2114 4450 3749 4529">
    <p class='ocr_par' dir='ltr' id='par_1_88' title="bbox 2114 4450 3749 4529">
     <span class='ocr_line' id='line_1_88' title="bbox 2114 4450 3749 4529; baseline -0.002 -20"><span class='ocrx_word' id='word_1_667' title='bbox 2114 4451 2365 4526; x_wconf 90' lang='lat' dir='ltr'>monuit,</span> <span class='ocrx_word' id='word_1_668' title='bbox 2384 4468 2703 4511; x_wconf 86' lang='lat' dir='ltr'>conversus</span> <span class='ocrx_word' id='word_1_669' title='bbox 2717 4452 2786 4511; x_wconf 91' lang='lat' dir='ltr'>ad</span> <span class='ocrx_word' id='word_1_670' title='bbox 2813 4450 2992 4511; x_wconf 85' lang='lat' dir='ltr'>altare</span> <span class='ocrx_word' id='word_1_671' title='bbox 3019 4452 3248 4529; x_wconf 63' lang='lat' dir='ltr'>reliqua</span> <span class='ocrx_word' id='word_1_672' title='bbox 3268 4450 3379 4510; x_wconf 91' lang='lat' dir='ltr'>rite</span> <span class='ocrx_word' id='word_1_673' title='bbox 3406 4457 3749 4528; x_wconf 74' lang='lat' dir='ltr'>prosecutus</span> 
     </span>
    </p>
   </div>
   <div class='ocr_carea' id='block_1_89' title="bbox 2114 4536 3745 4619">
    <p class='ocr_par' dir='ltr' id='par_1_89' title="bbox 2114 4536 3745 4619">
     <span class='ocr_line' id='line_1_89' title="bbox 2114 4536 3745 4619; baseline -0.004 -19"><span class='ocrx_word' id='word_1_674' title='bbox 2114 4548 2224 4613; x_wconf 89' lang='lat' dir='ltr'>est,</span> <span class='ocrx_word' id='word_1_675' title='bbox 2260 4559 2326 4600; x_wconf 91' lang='lat' dir='ltr'>ac</span> <span class='ocrx_word' id='word_1_676' title='bbox 2359 4539 2467 4600; x_wconf 93' lang='lat' dir='ltr'>sub</span> <span class='ocrx_word' id='word_1_677' title='bbox 2527 4539 2693 4619; x_wconf 90' lang='lat' dir='ltr'>panis</span> <span class='ocrx_word' id='word_1_678' title='bbox 2752 4553 2808 4600; x_wconf 90' lang='lat' dir='ltr'>et</span> <span class='ocrx_word' id='word_1_679' title='bbox 2866 4539 2983 4599; x_wconf 90' lang='lat' dir='ltr'>vini</span> <span class='ocrx_word' id='word_1_680' title='bbox 3044 4539 3243 4619; x_wconf 86' lang='lat' dir='ltr'>specie</span> <span class='ocrx_word' id='word_1_681' title='bbox 3274 4557 3499 4598; x_wconf 72' lang='lat' dir='ltr'>sat-rum</span> <span class='ocrx_word' id='word_1_682' title='bbox 3534 4536 3745 4597; x_wconf 90' lang='lat' dir='ltr'>Christi</span> 
     </span>
    </p>
   </div>
   <div class='ocr_carea' id='block_1_90' title="bbox 2112 4626 3745 4707">
    <p class='ocr_par' dir='ltr' id='par_1_90' title="bbox 2112 4626 3745 4707">
     <span class='ocr_line' id='line_1_90' title="bbox 2112 4626 3745 4707; baseline -0.002 -18"><span class='ocrx_word' id='word_1_683' title='bbox 2112 4647 2326 4707; x_wconf 81' lang='lat' dir='ltr'>corpus</span> <span class='ocrx_word' id='word_1_684' title='bbox 2358 4637 2413 4688; x_wconf 86' lang='lat' dir='ltr'>et</span> <span class='ocrx_word' id='word_1_685' title='bbox 2439 4628 2784 4703; x_wconf 84' lang='lat' dir='ltr'>sanguinem</span> <span class='ocrx_word' id='word_1_686' title='bbox 2817 4626 3127 4687; x_wconf 87' lang='lat' dir='ltr'>verborum</span> <span class='ocrx_word' id='word_1_687' title='bbox 3157 4626 3487 4686; x_wconf 88' lang='lat' dir='ltr'>ministerio</span> <span class='ocrx_word' id='word_1_688' title='bbox 3532 4643 3745 4686; x_wconf 87' lang='lat' dir='ltr'>conse-</span> 
     </span>
    </p>
   </div>
   <div class='ocr_carea' id='block_1_91' title="bbox 2111 4713 3749 4796">
    <p class='ocr_par' dir='ltr' id='par_1_91' title="bbox 2111 4713 3749 4796">
     <span class='ocr_line' id='line_1_91' title="bbox 2111 4713 3749 4796; baseline -0.002 -19"><span class='ocrx_word' id='word_1_689' title='bbox 2111 4717 2312 4777; x_wconf 89' lang='lat' dir='ltr'>cravit.</span> <span class='ocrx_word' id='word_1_690' title='bbox 2345 4715 2469 4787; x_wconf 90' lang='lat' dir='ltr'>Quo</span> <span class='ocrx_word' id='word_1_691' title='bbox 2515 4726 2751 4795; x_wconf 86' lang='lat' dir='ltr'>peracto</span> <span class='ocrx_word' id='word_1_692' title='bbox 2810 4715 2867 4776; x_wconf 89' lang='lat' dir='ltr'>id</span> <span class='ocrx_word' id='word_1_693' title='bbox 2919 4717 3109 4796; x_wconf 73' lang='lat' dir='ltr'>ipsum</span> <span class='ocrx_word' id='word_1_694' title='bbox 3142 4716 3441 4793; x_wconf 81' lang='lat' dir='ltr'>fldelibus,</span> <span class='ocrx_word' id='word_1_695' title='bbox 3474 4714 3574 4794; x_wconf 93' lang='lat' dir='ltr'>qui</span> <span class='ocrx_word' id='word_1_696' title='bbox 3610 4713 3749 4774; x_wconf 90' lang='lat' dir='ltr'>illnc</span> 
     </span>
    </p>
   </div>
   <div class='ocr_carea' id='block_1_92' title="bbox 2113 4804 3753 4885">
    <p class='ocr_par' dir='ltr' id='par_1_92' title="bbox 2113 4804 3753 4885">
     <span class='ocr_line' id='line_1_92' title="bbox 2113 4804 3753 4885; baseline -0.002 -19"><span class='ocrx_word' id='word_1_697' title='bbox 2113 4806 2242 4885; x_wconf 87' lang='lat' dir='ltr'>ejus</span> <span class='ocrx_word' id='word_1_698' title='bbox 2264 4805 2353 4866; x_wconf 89' lang='lat' dir='ltr'>rei</span> <span class='ocrx_word' id='word_1_699' title='bbox 2371 4823 2544 4865; x_wconf 87' lang='lat' dir='ltr'>causa</span> <span class='ocrx_word' id='word_1_700' title='bbox 2566 4816 2986 4879; x_wconf 75' lang='lat' dir='ltr'>convenerant,</span> <span class='ocrx_word' id='word_1_701' title='bbox 3016 4804 3379 4865; x_wconf 77' lang='lat' dir='ltr'>distribuere</span> <span class='ocrx_word' id='word_1_702' title='bbox 3403 4813 3664 4864; x_wconf 88' lang='lat' dir='ltr'>tremens</span> <span class='ocrx_word' id='word_1_703' title='bbox 3680 4822 3753 4865; x_wconf 90' lang='lat' dir='ltr'>ac</span> 
     </span>
    </p>
   </div>
   <div class='ocr_carea' id='block_1_93' title="bbox 2112 4890 3752 4973">
    <p class='ocr_par' dir='ltr' id='par_1_93' title="bbox 2112 4890 3752 4973">
     <span class='ocr_line' id='line_1_93' title="bbox 2112 4890 3752 4973; baseline -0.001 -19"><span class='ocrx_word' id='word_1_704' title='bbox 2112 4913 2357 4971; x_wconf 81' lang='lat' dir='ltr'>gemens</span> <span class='ocrx_word' id='word_1_705' title='bbox 2414 4908 2586 4973; x_wconf 90' lang='lat' dir='ltr'>quam</span> <span class='ocrx_word' id='word_1_706' title='bbox 2647 4894 3028 4955; x_wconf 64' lang='lat' dir='ltr'>deviilissime</span> <span class='ocrx_word' id='word_1_707' title='bbox 3097 4892 3291 4971; x_wconf 69' lang='lat' dir='ltr'>caapit.</span> <span class='ocrx_word' id='word_1_708' title='bbox 3356 4890 3499 4953; x_wconf 91' lang='lat' dir='ltr'>Cum</span> <span class='ocrx_word' id='word_1_709' title='bbox 3556 4901 3752 4952; x_wconf 88' lang='lat' dir='ltr'>autem</span> 
     </span>
    </p>
   </div>
   <div class='ocr_carea' id='block_1_94' title="bbox 2114 4980 3751 5062">
    <p class='ocr_par' dir='ltr' id='par_1_94' title="bbox 2114 4980 3751 5062">
     <span class='ocr_line' id='line_1_94' title="bbox 2114 4980 3751 5062; baseline -0.002 -20"><span class='ocrx_word' id='word_1_710' title='bbox 2114 4983 2304 5062; x_wconf 90' lang='lat' dir='ltr'>ipsum</span> <span class='ocrx_word' id='word_1_711' title='bbox 2332 4990 2767 5043; x_wconf 85' lang='lat' dir='ltr'>sacramentum</span> <span class='ocrx_word' id='word_1_712' title='bbox 2808 4982 3130 5043; x_wconf 84' lang='lat' dir='ltr'>sacerdotis</span> <span class='ocrx_word' id='word_1_713' title='bbox 3163 4980 3435 5039; x_wconf 90' lang='lat' dir='ltr'>manibus</span> <span class='ocrx_word' id='word_1_714' title='bbox 3472 4987 3751 5039; x_wconf 87' lang='lat' dir='ltr'>attrecta-</span> 
     </span>
    </p>
   </div>
   <div class='ocr_carea' id='block_1_95' title="bbox 2117 5067 3752 5149">
    <p class='ocr_par' dir='ltr' id='par_1_95' title="bbox 2117 5067 3752 5149">
     <span class='ocr_line' id='line_1_95' title="bbox 2117 5067 3752 5149; baseline -0.001 -20"><span class='ocrx_word' id='word_1_715' title='bbox 2117 5079 2302 5145; x_wconf 83' lang='lat' dir='ltr'>iclur,</span> <span class='ocrx_word' id='word_1_716' title='bbox 2334 5068 2651 5149; x_wconf 81' lang='lat' dir='ltr'>omniaque</span> <span class='ocrx_word' id='word_1_717' title='bbox 2672 5071 2928 5131; x_wconf 90' lang='lat' dir='ltr'>infidelis</span> <span class='ocrx_word' id='word_1_718' title='bbox 2950 5068 3034 5129; x_wconf 90' lang='lat' dir='ltr'>illi</span> <span class='ocrx_word' id='word_1_719' title='bbox 3056 5077 3330 5129; x_wconf 88' lang='lat' dir='ltr'>accurate</span> <span class='ocrx_word' id='word_1_720' title='bbox 3370 5067 3752 5127; x_wconf 87' lang='lat' dir='ltr'>animadver-</span> 
     </span>
    </p>
   </div>
   <div class='ocr_carea' id='block_1_96' title="bbox 2116 5156 3757 5237">
    <p class='ocr_par' dir='ltr' id='par_1_96' title="bbox 2116 5156 3757 5237">
     <span class='ocr_line' id='line_1_96' title="bbox 2116 5156 3757 5237; baseline -0.002 -18"><span class='ocrx_word' id='word_1_721' title='bbox 2116 5167 2283 5235; x_wconf 85' lang='lat' dir='ltr'>teret,</span> <span class='ocrx_word' id='word_1_722' title='bbox 2315 5160 2469 5220; x_wconf 88' lang='lat' dir='ltr'>sicut</span> <span class='ocrx_word' id='word_1_723' title='bbox 2500 5160 2804 5221; x_wconf 88' lang='lat' dir='ltr'>Comlitori</span> <span class='ocrx_word' id='word_1_724' title='bbox 2863 5159 3127 5219; x_wconf 87' lang='lat' dir='ltr'>omnium</span> <span class='ocrx_word' id='word_1_725' title='bbox 3188 5156 3442 5237; x_wconf 89' lang='lat' dir='ltr'>placuit:</span> <span class='ocrx_word' id='word_1_726' title='bbox 3477 5156 3633 5215; x_wconf 87' lang='lat' dir='ltr'>visus</span> <span class='ocrx_word' id='word_1_727' title='bbox 3666 5166 3757 5216; x_wconf 89' lang='lat' dir='ltr'>est</span> 
     </span>
    </p>
   </div>
   <div class='ocr_carea' id='block_1_97' title="bbox 2116 5247 3755 5331">
    <p class='ocr_par' dir='ltr' id='par_1_97' title="bbox 2116 5247 3755 5331">
     <span class='ocr_line' id='line_1_97' title="bbox 2116 5247 3755 5331; baseline -0.001 -22"><span class='ocrx_word' id='word_1_728' title='bbox 2116 5254 2169 5309; x_wconf 89' lang='lat' dir='ltr'>ei</span> <span class='ocrx_word' id='word_1_729' title='bbox 2200 5250 2403 5310; x_wconf 86' lang='lat' dir='ltr'>videre</span> <span class='ocrx_word' id='word_1_730' title='bbox 2432 5250 2769 5328; x_wconf 89' lang='lat' dir='ltr'>agniculum</span> <span class='ocrx_word' id='word_1_731' title='bbox 2800 5249 3118 5331; x_wconf 88' lang='lat' dir='ltr'>quemdam</span> <span class='ocrx_word' id='word_1_732' title='bbox 3179 5248 3313 5307; x_wconf 89' lang='lat' dir='ltr'>nive</span> <span class='ocrx_word' id='word_1_733' title='bbox 3342 5247 3755 5321; x_wconf 82' lang='lat' dir='ltr'>candidiorem</span> 
     </span>
    </p>
   </div>
   <div class='ocr_carea' id='block_1_98' title="bbox 2110 5337 3757 5416">
    <p class='ocr_par' dir='ltr' id='par_1_98' title="bbox 2110 5337 3757 5416">
     <span class='ocr_line' id='line_1_98' title="bbox 2110 5337 3757 5416; baseline -0.001 -18"><span class='ocrx_word' id='word_1_734' title='bbox 2110 5339 2169 5398; x_wconf 90' lang='lat' dir='ltr'>in</span> <span class='ocrx_word' id='word_1_735' title='bbox 2205 5338 2369 5400; x_wconf 86' lang='lat' dir='ltr'>altari</span> <span class='ocrx_word' id='word_1_736' title='bbox 2402 5338 2705 5400; x_wconf 83' lang='lat' dir='ltr'>exsistere.</span> <span class='ocrx_word' id='word_1_737' title='bbox 2740 5338 2877 5411; x_wconf 66' lang='lat' dir='ltr'>Quae</span> <span class='ocrx_word' id='word_1_738' title='bbox 2910 5357 3006 5398; x_wconf 89' lang='lat' dir='ltr'>res</span> <span class='ocrx_word' id='word_1_739' title='bbox 3039 5356 3174 5398; x_wconf 91' lang='lat' dir='ltr'>eum</span> <span class='ocrx_word' id='word_1_740' title='bbox 3227 5355 3404 5415; x_wconf 87' lang='lat' dir='ltr'>supra</span> <span class='ocrx_word' id='word_1_741' title='bbox 3430 5356 3606 5416; x_wconf 86' lang='lat' dir='ltr'>quam</span> <span class='ocrx_word' id='word_1_742' title='bbox 3637 5337 3757 5397; x_wconf 90' lang='lat' dir='ltr'>dici</span> 
     </span>
    </p>
   </div>
   <div class='ocr_carea' id='block_1_99' title="bbox 2108 5426 3756 5507">
    <p class='ocr_par' dir='ltr' id='par_1_99' title="bbox 2108 5426 3756 5507">
     <span class='ocr_line' id='line_1_99' title="bbox 2108 5426 3756 5507; baseline -0.002 -18"><span class='ocrx_word' id='word_1_743' title='bbox 2108 5435 2207 5489; x_wconf 89' lang='lat' dir='ltr'>aut</span> <span class='ocrx_word' id='word_1_744' title='bbox 2237 5427 2412 5488; x_wconf 90' lang='lat' dir='ltr'>condi</span> <span class='ocrx_word' id='word_1_745' title='bbox 2462 5434 2681 5507; x_wconf 88' lang='lat' dir='ltr'>posset,</span> <span class='ocrx_word' id='word_1_746' title='bbox 2727 5428 2786 5487; x_wconf 92' lang='lat' dir='ltr'>in</span> <span class='ocrx_word' id='word_1_747' title='bbox 2837 5437 3140 5504; x_wconf 88' lang='lat' dir='ltr'>stuporem</span> <span class='ocrx_word' id='word_1_748' title='bbox 3171 5426 3501 5488; x_wconf 89' lang='lat' dir='ltr'>convertit:</span> <span class='ocrx_word' id='word_1_749' title='bbox 3539 5444 3609 5487; x_wconf 86' lang='lat' dir='ltr'>ex</span> <span class='ocrx_word' id='word_1_750' title='bbox 3640 5445 3756 5505; x_wconf 90' lang='lat' dir='ltr'>quo</span> 
     </span>
    </p>
   </div>
  </div>
