4068 6112
395 331 508 400 281

1332 347 1431 409 DE
1470 345 1887 409 RELIGIONE
1927 342 2398 409 CHRISTIANA
2439 346 2809 411 LIBELLUS

3641 338 3761 407 282
3830 304 3837 309 ’

392 469 574 549 cmpit
620 478 736 533 tam
793 472 1159 537 admirandae
1219 477 1303 537 rei
1361 477 1543 538 ﬁnem
1595 462 1778 539 multo
1812 477 2240 540 avidiusAmis
2292 477 2564 544 faucibus
2619 489 2849 562 gustate
2896 480 3248 545 videbatur:
3309 486 3435 541 erat
3466 478 3757 561 siquidem

395 566 761 637 exspectare.
794 562 939 625 Cum
984 572 1180 625 autem
1237 583 1341 644 pro
1400 584 1566 629 more
1627 586 1836 628 omnes
1868 566 2036 629 flexis

394 645 648 738 genibus
701 658 839 713 ante
897 652 1082 713 altare
1157 652 1582 728 consisterent,
1643 656 2038 738 cmpissetque

395 737 681 799 sacerdos
708 738 960 819 singulis
991 743 1103 803 hoc
1145 750 1581 804 sacramentum
1630 737 1985 807 distribuere
2020 767 2033 808 :

396 840 538 913 ecce
584 825 766 903 priori
799 828 1083 890 miraculo
1118 830 1277 892 aliud
1310 850 1427 892 non
1460 831 1655 893 minus
1675 834 2033 913 adjungitur.

396 909 655 974 Intuenti
686 915 845 977 enim
895 918 1147 993 infideli,
1210 920 1353 999 quid
1412 938 1446 981 a
1501 909 1812 983 sacerdote
1844 909 2033 995 fieret,

396 999 585 1062 visum
617 1014 729 1077 est,
763 1007 1050 1086 quosdam
1084 1026 1287 1069 eorum
1348 1009 1448 1089 qui
1477 1010 1655 1089 hujus
1685 1012 2039 1073 sacramenti

395 1089 758 1171 suscipiendi
818 1113 993 1156 causa
1049 1107 1470 1171 convenerant,
1533 1098 1811 1178 quoniam
1844 1119 2039 1181 neque

394 1196 533 1240 vere
569 1181 815 1260 purgati,
836 1202 1029 1263 neque
1057 1185 1315 1264 perfecte
1339 1187 1604 1248 mundati
1634 1198 2033 1266 accesserunt,

394 1284 512 1326 non
537 1267 649 1328 sub
668 1271 867 1349 specie
892 1273 1060 1351 panis
1080 1285 1131 1334 et
1151 1274 1295 1347 vini,
1321 1276 1425 1335 sed
1441 1275 1547 1336 sub
1567 1276 1812 1337 aliarum
1838 1295 2037 1338 rerum

390 1355 574 1417 variis
595 1358 1028 1441 horrendisque
1054 1363 1367 1443 speciebus
1391 1365 1533 1425 illud
1560 1366 1856 1446 accipere.
1877 1365 2040 1428 Unus

389 1446 595 1537 itaque
642 1448 800 1511 visus
858 1461 948 1512 est
1007 1452 1061 1513 ei
1118 1453 1397 1515 corticem
1457 1474 1788 1529 a~sumere,
1824 1457 1961 1537 quia
1991 1457 2041 1518 is

390 1535 663 1615 fortisan,
726 1550 1014 1620 quantum
1072 1543 1326 1626 humano
1383 1545 1620 1624 ingenio
1668 1535 2042 1626 interpretari

391 1644 734 1717 possumus,
786 1650 903 1691 non
964 1642 1079 1692 tam
1131 1625 1412 1695 medullae
1467 1653 1535 1695 ac
1591 1625 2040 1717 sensui,iquam

2118 567 2247 628 auri
2270 569 2609 649 cupiditate,
2634 580 2808 652 atque
2839 571 3229 635 immoderato
3253 567 3520 646 pecunia:
3559 583 3761 628 amore

2119 653 2200 717 ita
2226 655 2519 737 alligatus,
2555 667 2616 720 ut
2646 660 2794 721 nihil
2854 668 3067 739 praeter
3096 678 3304 722 aurum
3336 657 3524 718 sitiret
3548 673 3618 715 ac
3648 654 3759 716 de—

2121 744 2431 819 sideraret,
2466 747 2621 826 quod
2655 747 2776 809 vitii
2832 767 3018 825 genus
3065 745 3459 809 idololatriam
3491 762 3609 805 non
3642 742 3757 803 im-

2125 832 2332 894 merito
2363 835 2563 897 dicere
2593 855 2927 916 possumus,
2960 835 3224 916 Apostoli
3243 832 3579 897 testimonio
3611 850 3758 893 con-

2122 922 2364 996 firmati,
2424 926 2529 1002 qui
2585 927 2919 988 avaritiam
2983 925 3281 986 idolorum
3328 920 3764 986 servilutemw

2122 1013 2393 1092 appellet,
2438 1015 2781 1075 Postremus
2838 1033 2972 1075 vero
3032 1015 3132 1075 ille
3189 1014 3321 1088 fuit,
3382 1012 3483 1093 qui
3535 1028 3758 1071 sacram

2124 1102 2541 1164 eucharistiam
2590 1122 2624 1164 a
2682 1105 2987 1165 sacerdote
3046 1104 3343 1185 recipiens
3372 1120 3580 1180 magno
3613 1098 3759 1160 lucis

2125 1190 2443 1267 splendore
2476 1200 2593 1253 toto
2654 1211 2901 1273 corpore
2958 1193 3240 1255 illustrari
3299 1190 3605 1253 videbatur
3642 1208 3655 1247 :
3692 1206 3757 1247 ex

2124 1297 2240 1358 quo
2272 1279 2607 1358 intelligere
2640 1301 2974 1361 possumus,
3039 1283 3195 1343 hunc
3254 1279 3520 1362 purgatis
3550 1276 3762 1339 anima:

2124 1386 2246 1428 sum
2275 1368 2514 1429 latebris
2558 1388 2626 1430 ac
2673 1371 2951 1431 mundata
3010 1370 3377 1432 conscientia
3419 1368 3659 1446 dignum
3694 1383 3758 1425 se

2123 1457 2480 1531 reddidisse,
2505 1459 2604 1538 qui
2632 1477 2831 1519 verum
2864 1460 3085 1521 Christi
3107 1478 3321 1541 corpus
3344 1455 3756 1534 etsanguinem

2128 1554 2439 1619 sumeret;
2492 1554 2743 1615 cmteros
2778 1555 2970 1609 autem
3030 1548 3100 1610 ad
3160 1566 3397 1608 suarum
3428 1544 3757 1606 animarum

2120 1635 2411 1712 judicium
2444 1642 2501 1697 et
2543 1636 3095 1698 condemnationem
3129 1644 3244 1699 tam
3278 1630 3762 1697 excellentissimi

334 1736 335 1739 η
391 1715 602 1775 cortici
634 1724 694 1777 et
715 1719 908 1780 verbis
929 1721 1363 1802 Scripturarum
1388 1723 1716 1786 divinarum
1758 1715 2089 1804 imhiese-_
2127 1728 2481 1786 sacramenti
2538 1725 2899 1804 susceptioni
2954 1745 3017 1786 se
3073 1724 3494 1786 immiscuisse.
3554 1720 3599 1784 Ο
3631 1736 3756 1780 rem

391 1814 506 1880 rat,
546 1825 742 1885 neque
784 1819 898 1870 tam
943 1829 1093 1891 esse,
1137 1832 1309 1891 quam
1344 1812 1525 1873 videri
1559 1821 1615 1874 et
1638 1814 1894 1893 judicari
1926 1802 2099 1877 bo-B
2128 1807 2368 1892 stupore
2396 1822 2568 1893 atque
2598 1802 2988 1874 admiratione
3020 1814 3426 1891 dignissimam
3462 1812 3476 1871 !
3514 1815 3756 1875 Contre-

390 1910 508 1953 nus
556 1910 887 1957 curaverat.
946 1899 1111 1961 Alius
1166 1900 1314 1979 pilos
1350 1920 1418 1962 ac
1471 1901 1716 1981 capillos
1763 1903 2038 1966 dentibus

388 1992 706 2045 conterere
735 1986 1065 2063 videbatur,
1099 1990 1235 2069 quia
1264 1989 1465 2051 saeculi
1521 1991 1701 2068 hujus
1735 1991 2039 2054 illecebris

384 2089 453 2159 ac
487 2074 905 2152 voluptatibus,
945 2079 1368 2158 superfluaque
1418 2079 1738 2159 cupiditate
1768 2082 2041 2144 detentus

386 2158 462 2220 ad
496 2166 613 2220 tam
645 2161 859 2223 divina:
902 2164 992 2225 rei
1020 2165 1496 2229 communionem
1528 2167 1803 2247 indignus
1835 2190 2038 2231 arces-

389 2260 575 2310 serat.
610 2248 688 2312 Ut
718 2252 876 2313 euirn
913 2272 980 2315 ex
1015 2255 1327 2335 superfluis
1361 2256 1602 2317 humani
1634 2258 1898 2338 corporis
1930 2260 2032 2321 hu-

394 2338 665 2400 moribus
692 2342 937 2421 capillos
968 2353 1175 2405 natura
1211 2344 1481 2425 producit
1518 2365 1585 2407 ac
1617 2347 1807 2424 pilos:
1843 2348 1927 2410 sic
1968 2368 2039 2410 ex

395 2427 580 2517 nimia
609 2447 809 2490 rerum
864 2431 1345 2513 voluptatumque
1393 2435 1821 2496 mundanarum
1853 2456 2040 2517 appe-

399 2516 585 2607 tentis
634 2518 696 2577 in
746 2518 1007 2581 diversas
1067 2520 1341 2582 vitiorum
1398 2523 1606 2584 sordes
1637 2516 2041 2607 maximasque

2123 1902 2305 1963 mi~co
2335 1903 2463 1981 ipso
2499 1922 2612 1963 non
2670 1919 2895 1981 parum,
2960 1921 3093 1962 cum
3142 1901 3403 1961 divinam
3439 1899 3759 1980 potentiam

2123 1990 2548 2067 animadverto,
2584 2010 2715 2071 qua:
2744 2010 2982 2051 omnem
3009 1998 3229 2050 natura:
3259 1990 3371 2050 vim
3408 2007 3476 2049 ac
3502 1996 3759 2068 potesta-

2124 2086 2243 2140 tem
2275 2080 2335 2140 in
2395 2079 2559 2141 hisce
2621 2079 2992 2142 mirabilibus
3046 2080 3226 2141 rebus
3266 2077 3517 2152 excedit,
3552 2095 3762 2138 sensus

2123 2176 2363 2249 superat
2384 2176 2442 2229 et
2463 2168 2837 2230 sensibilium
2866 2186 3066 2228 rerum
3089 2165 3507 2228 similitudines
3536 2164 3757 2224 immu-

2126 2265 2221 2317 tat.
2250 2256 2387 2317 Haec
2408 2264 2465 2317 et
2503 2256 2596 2317 his
2621 2257 2839 2317 similia
2862 2256 3095 2336 quoties
3126 2254 3392 2328 audiunt,
3428 2252 3527 2334 qui
3565 2252 3758 2332 genti-

2123 2344 2267 2405 lium
2300 2344 2731 2423 philosophiam
2764 2351 3083 2416 sectantur,
3111 2360 3361 2423 eamque
3386 2341 3573 2402 solam
3607 2358 3757 2402 cun-

2125 2434 2235 2494 ctis
2267 2432 2582 2512 praeferunt
2613 2432 2968 2514 disciplinis,
3005 2451 3111 2493 nos
3140 2431 3412 2505 irrident,
3450 2430 3754 2500 damnant,

2126 2521 2527 2583 etmaledictis
2540 2529 2715 2601 atque
2738 2520 3071 2603 opprobriis
3091 2520 3483 2593 insectantur,
3504 2529 3761 2580 nostros-

393 2604 736 2667 divinorum
820 2609 1232 2671 mandatorum
1320 2613 1815 2689 transgressiones
1874 2604 2042 2676 mens
2124 2627 2238 2690 que
2267 2627 2578 2671 sermones
2609 2611 2793 2672 veluti
2841 2610 3233 2671 deliramenta
3284 2608 3551 2689 quadam
3585 2614 3760 2687 atque

397 2702 599 2754 nostra
633 2695 979 2774 prolabitur,
1009 2698 1244 2759 dicente
1274 2697 1400 2778 ipso
1434 2700 1684 2762 Domino
1706 2722 1731 2761 .:
1768 2702 1903 2764 Non
1925 2721 2041 2781 p0-.
2122 2699 2321 2761 inania
2352 2699 2575 2761 ludicra
2641 2707 3050 2769 contemnunt,
3111 2716 3183 2760 ac
3241 2696 3401 2778 parvi
3458 2696 3759 2777 pendunt;

397 2784 562 2843 testis
594 2784 828 2845 servire
857 2785 974 2847 Deo
992 2787 1505 2849 etmammouw”.
1548 2788 1870 2851 Videbatur
1900 2809 2046 2871 prae-
2126 2789 2401 2868 quoniam
2436 2795 2647 2868 praeter
2676 2788 3004 2850 naturalem
3052 2786 3370 2867 potentiam
3408 2784 3558 2847 nihil
3586 2785 3756 2858 alius,

398 2878 555 2932 terea
577 2872 1035 2953 tertiusquidam
1061 2876 1416 2953 nigerrimos
1437 2878 1725 2939 carbones
1744 2879 2038 2959 accipere,
2128 2876 2274 2937 nihil
2309 2878 2517 2956 majus,
2554 2886 2653 2938 aut
2709 2876 3099 2941 excellentius
3141 2875 3612 2950 considerantes,
3645 2874 3762 2934 im-

395 2959 562 3039 quasi
594 2960 645 3020 is
677 2961 934 3022 animam
968 2963 1320 3026 deﬂetorum
1354 2966 1621 3027 tenebris
1652 2967 2037 3046 denigratam.
2127 2983 2391 3026 mensam
2434 2965 2540 3026 Dei
2588 2965 2932 3045 potentiam,
2967 2984 3097 3045 quae
3125 2972 3392 3026 naturam
3425 2962 3612 3044 ipsam
3646 2980 3757 3023 na-

394 3067 528 3109 vero
556 3067 624 3109 ac
644 3051 946 3111 salutifero
966 3053 1324 3131 prenitentiae
1340 3056 1607 3116 remedio
1634 3075 1823 3135 neque
1847 3056 2039 3118 albam
2064 3122 2098 3135 Α
2127 3054 2454 3134 turaliaque
2484 3053 2684 3115 omnia
2715 3054 2933 3116 creavit
2990 3073 3056 3114 ex
3117 3053 3329 3131 nihilo,
3388 3069 3758 3132 nequaquam

395 3156 589 3217 neque
609 3140 888 3200 mundam
919 3122 1115 3203 facere
1142 3154 1431 3206 curasset.
1467 3144 1631 3207 Sicut
1670 3122 1827 3207 inim
1856 3122 2100 3207 sanctiC
2124 3122 2619 3203 animadvertunt.
2655 3142 2774 3204 Nos
2826 3160 2967 3203 vero
3025 3140 3125 3222 qui
3181 3122 3403 3203 Christi
3433 3122 3759 3203 doctrinam

394 3229 618 3307 etjusti
641 3228 702 3288 in
730 3230 883 3305 luce,
912 3231 997 3292 sic
1017 3245 1359 3312 peccatores
1396 3242 1454 3294 et
1491 3234 1657 3314 impii
1688 3235 1747 3295 in
1782 3236 2043 3296 tenebris

394 3316 701 3378 ambulare
730 3318 1030 3383 dicuntur.
1077 3320 1293 3383 Virtuti
1344 3322 1637 3403 siquidem
1685 3343 1752 3384 ac
1782 3324 2043 3386 veritatis

400 3405 703 3486 proprium
724 3415 832 3480 est,
869 3426 933 3469 se
958 3411 1351 3485 sequentibus
1382 3412 1580 3472 lumen
1610 3413 1928 3473 ostendere
1958 3431 1971 3476 :
2010 3432 2042 3474 e

306 3576 309 3577 ν
398 3506 605 3555 contra
624 3514 762 3556 vero
786 3495 1063 3558 vitiorum
1089 3506 1265 3578 atque
1290 3518 1565 3560 errorum
1588 3501 1861 3563 homines
1885 3510 2041 3563 leue-

399 3581 525 3642 bris
557 3581 1036 3670 circumfundere
1073 3607 1089 3661 ;
1148 3606 1280 3648 cum
1330 3587 1615 3649 Dominus
1645 3588 1802 3649 dicat
1836 3608 1849 3652 :
1908 3590 2041 3669 Ego

397 3690 528 3734 sum
558 3674 670 3735 tua:
696 3675 910 3735 mundi
927 3695 947 3744 ,·
978 3677 1081 3753 qui
1099 3677 1373 3755 sequitur
1402 3695 1496 3738 me
1525 3695 1645 3738 non
1677 3677 1945 3740 ambulat
1977 3682 2042 3741 in

396 3760 658 3822 tenebris
680 3760 758 3820 15.
792 3760 991 3840 Ignem
1043 3781 1118 3822 ex
1181 3764 1274 3824 his
1331 3763 1480 3824 alter
1539 3783 1645 3826 ore
1675 3765 2035 3847 assumebat,

396 3848 563 3927 quasi
596 3847 753 3910 illico
790 3869 893 3929 per
928 3858 1109 3912 totum
1173 3852 1300 3931 ejus
1346 3871 1564 3933 corpus
1594 3854 1845 3915 diffundi
1876 3855 2036 3915 vide-

396 3935 596 3999 batur.
628 3937 737 3999 Hic
771 3938 1012 3999 forsitan
1045 3941 1240 4002 carnis
1299 3942 1569 4002 molliore
1599 3960 1667 4003 ac
1700 3942 2040 4022 turpissimo

394 4024 645 4087 luxuria:
676 4026 811 4086 vitio
864 4045 981 4088 non
1042 4028 1230 4088 solum
1287 4029 1570 4110 animam,
1628 4048 1830 4091 verum
1864 4031 2038 4091 etiam

393 4132 610 4194 corpus
651 4115 1165 4191 dehonestaw-rat,
1211 4136 1343 4178 cum
1389 4118 1743 4179 atrocissimi
1776 4119 2043 4180 criminis

395 4222 574 4265 causa
595 4203 777 4282 venit,
802 4212 863 4264 ut
889 4204 1081 4286 inquit
1119 4206 1433 4285 Apostolus
1460 4224 1474 4268 :
1508 4206 1614 4268 Ira
1651 4206 1757 4269 Dei
1789 4210 1851 4269 in
1878 4209 2043 4287 filios

393 4292 744 4370 diffidentia:
766 4292 871 4366 ης
928 4303 987 4353 et
1039 4303 1102 4354 ut
1158 4312 1344 4355 sacrae
1402 4292 1672 4356 lectionis
1704 4313 1811 4356 nos
1844 4304 2045 4357 monet

394 4379 664 4458 historia,
726 4389 953 4460 septem
1015 4382 1127 4444 illa:
1206 4383 1469 4444 civitates
1522 4386 1596 4444 de
1658 4384 1806 4444 caelo
1866 4385 2044 4444 misso

396 4468 744 4529 exsecrabili
799 4469 1077 4531 incendio
1131 4472 1458 4550 perierunt.
1498 4470 1659 4533 Inter
1689 4472 1797 4531 hos
1827 4470 2045 4533 exstitit

395 4557 660 4637 quidam,
678 4559 777 4637 qui
798 4559 1029 4619 cineres
1054 4578 1156 4621 ore
1178 4560 1485 4641 suscipere
1515 4560 1859 4621 videbatur:
1892 4560 2047 4620 hunc

395 4646 663 4725 corporis
716 4648 968 4725 segnitie
1018 4650 1354 4730 mentisque
1408 4649 1641 4710 desidia
1671 4657 2045 4728 occupatum,

397 4733 569 4796 bonis
590 4735 985 4818 virtuosisque
1006 4739 1288 4818 operibus
1309 4740 1761 4819 haudquaquam
1788 4756 2042 4810 vacasse,

402 4841 712 4901 possumus
739 4825 1141 4903 interpretari.
1172 4830 1417 4889 Sexmm
1452 4846 1690 4889 carnem
1727 4825 2046 4905 etquidem

401 4911 765 4974 immundam
797 4915 1122 4993 deglutisse
1143 4918 1503 4997 accepimus,
1526 4916 1841 4996 utpotequi
1864 4913 2045 4975 illici-

406 5000 480 5060 tis
512 5002 867 5063 feminarum
925 5004 1318 5085 voluptatibus
1376 5007 1713 5078 demersus,
1746 5021 2045 5082 nunquam

401 5107 511 5169 per
539 5089 954 5153 abstinentiam
990 5102 1049 5154 et
1079 5094 1501 5155 continentiam
1529 5092 1946 5172 salubremque
1972 5091 2047 5152 de

402 5179 736 5240 commissis
767 5180 1175 5261 paenitentiam
1209 5182 1322 5243 sibi
1369 5190 1786 5263 prospexerat;
1843 5181 2047 5260 sicque

399 5266 709 5329 immunda
730 5279 926 5331 mente
950 5290 1019 5333 ac
1046 5272 1268 5350 polluto
1291 5291 1395 5335 ore
1425 5272 1496 5332 ad
1520 5281 1633 5333 tam
1666 5268 2045 5332 mundissiini

399 5358 752 5419 sacramenti
783 5360 1297 5440 participationem
1326 5362 1613 5422 accedere
1646 5377 2043 5440 praesumpse-

401 5453 514 5509 rat.
548 5449 686 5510 Post
713 5448 823 5511 hos
849 5448 965 5511 fuit
1004 5457 1061 5511 et
1112 5450 1288 5532 alius,
1335 5451 1435 5532 qui
1462 5468 1670 5511 aurum
1701 5448 2042 5531 impurissi-

2124 3230 2451 3310 sequimur,
2472 3230 2573 3310 qui
2606 3232 2721 3292 fide
2753 3231 3001 3292 vivimus
3017 3238 3076 3291 et
3103 3228 3474 3308 evangelicas
3496 3227 3763 3289 tradilio-

2127 3336 2232 3379 nes
2253 3326 2372 3379 toto
2403 3320 2582 3380 corde
2604 3319 3036 3399 amplectimur,
3073 3317 3359 3380 nihilDeo
3394 3316 3763 3397 impossibile

2117 3407 2454 3487 judicamus
2488 3426 2501 3470 :
2537 3409 2679 3489 quin
2711 3409 2831 3473 imo
2886 3417 2945 3469 et
3002 3407 3094 3469 his
3152 3408 3396 3486 majora.
3434 3406 3529 3486 pia
3560 3406 3676 3467 fide
3707 3412 3765 3466 et

2127 3515 2273 3575 puro
2314 3497 2511 3558 cordis
2540 3499 2748 3559 affectu
2781 3498 3132 3558 confitemur
3157 3505 3214 3556 et
3243 3495 3562 3557 credimus.
3598 3495 3762 3567 Quo-

2126 3585 2237 3646 ties
2265 3585 2422 3645 enim
2476 3587 2695 3649 mentis
2753 3594 2967 3647 nostra:
3020 3586 3208 3646 aciem
3260 3583 3332 3645 ad
3364 3583 3575 3645 divinae
3606 3582 3764 3644 illius

2126 3673 2403 3754 potentia),
2422 3673 2693 3754 abyssum
2717 3674 3026 3752 erigimus,
3051 3673 3225 3735 toties
3247 3672 3467 3745 omnia,
3491 3690 3765 3753 quaecun-

2122 3780 2238 3840 que
2268 3762 2354 3823 illi
2388 3764 2753 3842 placuerunt.
2794 3764 2921 3824 fieri
2966 3780 3138 3843 posse
3170 3766 3513 3824 constanter
3542 3759 3763 3822 asseri-

2125 3869 2273 3911 mus.
2306 3852 2551 3913 Discant
2575 3853 2753 3929 igitur
2775 3852 2980 3913 fideles
3005 3850 3229 3930 cuncti,
3257 3851 3368 3911 hoc
3391 3857 3506 3910 tam
3540 3847 3766 3910 celebri

2127 3939 2410 4000 miraculo
2440 3940 2747 4013 admoniti,
2786 3958 2899 3999 non
2951 3948 3175 3999 temere
3206 3956 3396 4018 neque
3424 3935 3756 3998 inconsulte

2124 4028 2194 4089 ad
2232 4043 2347 4089 tam
2385 4028 2683 4107 purissimi
2712 4027 3063 4089 sacramenti
3093 4026 3572 4088 communionem
3605 4042 3771 4085 acce-

2125 4116 2293 4191 dere,
2328 4115 2432 4176 sed
2457 4115 2710 4197 quisque
2744 4115 2908 4195 prius
2939 4116 3200 4193 seipsum
3235 4114 3540 4195 dijudicet,
3573 4121 3632 4173 et
3670 4131 3771 4173 se-

2127 4211 2288 4265 creta
2312 4204 2508 4265 cordis
2530 4206 2623 4266 sui
2654 4204 2976 4282 diligenter
3005 4202 3269 4284 iuquirat
3295 4220 3309 4265 :
3346 4220 3476 4283 quae
3507 4220 3641 4263 cum
3671 4220 3769 4262 sa-

2126 4291 2301 4354 lutari
2333 4292 2692 4372 paenitentia;
2713 4292 2981 4353 remedio
3010 4291 3365 4372 purgaverit,
3392 4309 3607 4370 magna
3635 4310 3769 4351 cum

2129 4381 2460 4443 humilitate
2493 4393 2551 4442 et
2581 4380 2919 4442 reverentia
2946 4380 3264 4444 Dominum
3297 4379 3604 4441 interioris
3632 4398 3768 4441 cor-

2064 4444 2220 4532 Ddis
2246 4469 2499 4549 hospitio
2532 4469 2747 4531 timens
2764 4469 3467 4550 tremensquesuscipiat;
3492 4470 3566 4531 de
3588 4468 3774 4549 ipsius

2130 4559 2314 4635 gratia
2340 4558 2682 4620 etbonitate
2705 4559 2986 4633 confisus,
3015 4558 3114 4639 qui
3139 4559 3302 4620 solus
3333 4577 3405 4621 ex
3434 4558 3768 4637 peccatori-

2133 4646 2244 4709 bus
2275 4655 2508 4708 sanctos
2538 4646 2673 4708 facit
2705 4655 2763 4708 et
2783 4648 2999 4726 justos,
3028 4657 3086 4708 et
3112 4666 3217 4728 per
3249 4648 3594 4728 prophetam
3628 4666 3771 4725 pec-

2135 4744 2366 4798 catores
2387 4735 2723 4796 consolatus
2748 4744 2834 4795 est
2853 4735 3093 4797 dicens:
3151 4735 3219 4797 In
3241 4753 3597 4815 quacunque
3619 4735 3772 4795 liora

2130 4842 2452 4888 conversus
2466 4825 2833 4903 ingemueri'
2849 4834 3142 4904 peccator,
3178 4828 3446 4888 omnium
3473 4824 3771 4901 iniquita-

2136 4922 2261 4977 tum
2276 4916 2405 4987 eius
2416 4932 2542 4975 non
2554 4914 2991 4978 recordabar-“5.
3010 4913 3438 4990 Summaigitur
3481 4910 3697 4972 mentis
3716 4928 3777 4970 e;

2134 5002 2404 5084 corporis
2455 5002 2707 5082 puritate
2737 5008 2918 5082 atque
2976 5003 3262 5063 munditia
3299 5001 3651 5062 sumendum
3682 5006 3774 5061 est

2132 5093 2246 5154 hoc
2278 5100 2736 5157 sacramentum.
2771 5110 2904 5152 cum
2938 5091 3102 5153 illum
3137 5091 3534 5169 eumdemque
3565 5088 3769 5149 Domi-

2132 5199 2274 5242 num
2299 5197 2692 5254 assumamus,
2721 5180 2819 5260 qui
2848 5198 2952 5261 pro
2983 5189 3185 5242 nostra
3206 5178 3393 5240 salute
3420 5195 3493 5238 ex
3528 5175 3772 5255 Virgine

2131 5269 2320 5339 nasci,
2364 5268 2701 5348 versarique
2724 5268 2879 5329 inter
2901 5268 3195 5341 homines,
3220 5266 3322 5347 qui
3347 5264 3516 5327 caecis
3550 5264 3766 5345 visum,

2130 5359 2357 5421 claudis
2376 5376 2668 5436 gressum,
2703 5358 2967 5420 auditum
2998 5356 3215 5432 surdis,
3250 5355 3545 5436 loquelam
3568 5354 3768 5429 mutis,

2128 5448 2429 5510 debilibus
2479 5446 2684 5532 robur,
2746 5445 3002 5508 inﬁrmis
3048 5444 3473 5520 valetudinem,
3522 5441 3770 5506 mortuis

486 5625 537 5669 '3
566 5627 764 5690 Matth.
798 5644 879 5701 vr,
913 5628 1016 5691 24.
1104 5628 1160 5680 ‘3
1190 5631 1357 5694 Joan.
1387 5645 1516 5704 VIII,
1554 5623 1648 5691 12.
1734 5630 1792 5682 14
1820 5631 2043 5713 Ephes.
2074 5646 2136 5707 v,
2169 5625 2228 5689 6.
2317 5626 2374 5677 15
2398 5624 2621 5705 Ephes.
2655 5642 2712 5707 v,
2748 5626 2807 5689 5.
2895 5622 2952 5674 ιϐ
2980 5623 3427 5700 Ezech.xxx1i1,
3462 5619 3585 5688 l2.-
