4068 6112
233 288 239 294 Ι
333 328 453 401 283
852 332 1252 400 EPIPHANII
1292 333 1646 399 MONACHI
1687 335 1787 397 DE
1827 333 2248 398 RELIGIONE
2288 331 2761 397 CHRISTIANA
2802 322 3178 396 LIBELLUS
3583 328 3701 394 284

334 469 516 532 vitam
534 469 913 551 animamque
934 469 1230 546 restituit;
1263 469 1363 550 qui
1393 468 1456 530 in
1487 467 1680 530 crucis
1710 464 1970 548 patibulo
1991 462 2448 528 Asmatis'unda
2496 459 2825 551 ministerio
2876 459 3202 551 sacerdotis
3256 457 3370 551 rite
3400 457 3691 551 perfusus,

339 565 543 620 nostra
571 545 1134 639 peccata-purgavit,
1158 557 1258 639 qui
1276 545 1351 620 ab
1372 545 1969 638 inferisantiquorum
2052 571 2188 614 cum
2245 568 2424 630 supra
2462 556 2651 629 caput
2706 550 2836 639 ejus
2883 547 3166 639 columba
3220 549 3356 639 nive
3383 545 3697 639 candidior

337 635 1101 727 patrum’animaseduxit,
1155 635 1254 727 qui
1311 646 1482 708 tertia
1531 645 1630 708 die
1659 664 1693 706 a
1724 635 1971 707 mortuis
2050 641 2357 712 astitisset,
2392 639 2556 703 Pauli
2579 638 2824 727 secundi
2846 637 2920 727 ab
2952 637 3078 727 ipso
3121 637 3429 727 sacerdote
3458 635 3546 697 illi
3578 654 3690 727 no-

334 724 681 805 resurrexit,
713 743 778 797 ut
803 743 993 796 morte
1050 752 1114 796 se
1168 724 1367 796 verum
1399 734 1727 808 hominem,
1761 751 1967 795 resur-
2052 748 2187 790 men
2219 727 2562 810 imponitur.
2592 725 2776 807 quue
2806 725 3120 788 admodum
3138 725 3579 787 convenienter.
3615 724 3694 787 Ut

333 824 598 885 rectione
627 842 768 885 vero
829 842 893 884 se
948 842 1148 885 verum
1203 822 1387 885 Deum
1449 823 1788 885 ostenderet
1824 842 1837 883 :
1868 822 1969 903 qui
2051 820 2210 880 enim
2241 816 2769 896 Paulusapostolus
2813 823 2939 894 post
2970 812 3693 903 innumerasChristianaa

333 911 505 973 nobis
528 931 634 974 suo
658 912 918 993 pretioso
950 913 1237 983 sanguine
1251 913 1492 992 januam
1512 910 1681 990 regni
1711 902 1970 973 caelestis
2050 906 2198 987 legis
2224 913 2693 985 cunctorumque
2714 905 2774 965 in
2792 904 3026 993 Christo
3069 902 3443 993 credentium
3476 919 3690 993 perse-

330 1001 584 1081 aperuit,
620 991 722 1082 qui
750 1000 973 1064 deinde
1000 1001 1070 1063 ad
1103 991 1284 1063 caelos
1316 993 1603 1076 ascendit,
1638 1010 1699 1064 et
1728 1001 1967 1062 tandem
2050 996 2343 1071 cutiones,
2368 994 2585 1056 damna
2612 1001 2789 1075 atque
2813 992 3083 1073 injurias,
3115 991 3314 1052 divina
3343 991 3527 1082 gratia
3551 1008 3688 1071 per-

330 1080 463 1170 post
481 1080 773 1152 universa;
812 1091 1007 1152 carnis
1049 1090 1547 1153 resurrectionem
1583 1097 1702 1150 tum
1736 1108 1965 1170 severo,
2046 1083 2337 1164 funditur,
2366 1083 2428 1146 ﬁt
2454 1103 2520 1145 ex
2545 1082 2720 1145 Saulo
2747 1083 2980 1161 Paulus,
3022 1100 3092 1143 ex
3132 1082 3301 1142 hoste
3333 1080 3582 1170 amicus,
3618 1097 3691 1141 ex

330 1169 451 1239 tum
483 1178 735 1257 benigno
766 1179 925 1240 vultu
959 1178 1142 1240 malos
1157 1197 1226 1240 ac
1247 1178 1434 1240 bonos
1456 1178 1829 1258 judicaturus
1857 1169 1967 1239 ad;
2048 1172 2460 1253 impugnatore
2492 1172 2790 1245 defensor,
2816 1190 2881 1232 ex
2908 1179 3286 1250 persecutore
3318 1169 3690 1258 praedicator;

328 1268 544 1332 veniet.
573 1256 717 1341 Quis
748 1284 946 1349 quaeso
1000 1287 1119 1330 non
1172 1256 1496 1328 formidet?
1548 1266 1678 1348 quis
1706 1285 1824 1328 non
1857 1285 1962 1347 pa-
2050 1260 2113 1322 ﬁt
2140 1261 2449 1339 religionis
2466 1269 2680 1322 nostra;
2707 1277 2998 1321 resonans
3027 1258 3193 1332 tuba,
3217 1258 3282 1321 ﬁt
3311 1275 3409 1319 vas
3439 1256 3689 1318 electio-

330 1355 506 1420 veat?
533 1357 665 1438 quis
697 1377 813 1419 non
866 1356 1310 1433 contremiscat,
1362 1375 1495 1419 cum
1526 1374 1731 1418 secum
1765 1357 1964 1417 consi-
2050 1353 2162 1428 nis,
2199 1361 2257 1415 et
2303 1352 2520 1417 Christi
2572 1352 2897 1427 apostolus,
2962 1361 3017 1412 et
3078 1350 3313 1412 tandem
3343 1350 3690 1429 religionem

332 1444 518 1519 derat,
563 1465 628 1508 se
655 1465 857 1508 verum
889 1445 1153 1507 omnium
1185 1448 1548 1525 Creatorem,
1583 1444 1800 1524 Regem
1833 1446 1969 1507 cmli
2049 1451 2309 1504 nostram
2342 1442 2820 1505 constantissime
2856 1441 3201 1515 praedicans,
3257 1452 3315 1500 et
3342 1439 3562 1520 ubique
3591 1440 3689 1501 in-

332 1547 385 1597 et
412 1541 603 1609 terrae,
627 1543 711 1598 tot
733 1546 1149 1616 tantorumque
1186 1534 1544 1596 mirabilium
1573 1533 1962 1610 Patratorem,
2050 1532 2282 1612 trepide
2313 1531 2643 1594 defendens
2697 1531 2903 1609 capitis
2966 1530 3242 1608 martyrio
3298 1527 3563 1605 migravit
3615 1528 3689 1589 ad

328 1622 596 1686 Judicem
622 1624 878 1705 denique
898 1625 1159 1686 vivorum
1184 1632 1241 1685 et
1267 1631 1649 1685 mortuorum.
1690 1622 1798 1685 sub
1829 1641 1968 1703 spe-
2047 1619 2365 1682 Dominum
2394 1642 2406 1683 :
2431 1620 2516 1682 sic
2538 1619 2755 1681 Paulus
2786 1619 2894 1679 iste
2924 1620 3226 1679 secundus
3248 1626 3377 1696 post
3406 1616 3689 1676 innume»

329 1710 422 1774 cie
452 1712 616 1791 panis
646 1722 705 1775 et
735 1713 842 1775 viri
888 1713 1041 1775 miro
1093 1712 1347 1793 quodam
1407 1712 1582 1774 modo
1640 1712 1908 1792 recipere
1937 1710 2145 1808 ?Bras
2166 1709 2349 1771 divini
2374 1708 2629 1770 nominis
2669 1705 3091 1807 blasphemias,
3124 1716 3186 1769 et
3217 1705 3688 1808 Christianorum

329 1798 470 1873 Quis
493 1809 720 1863 esttam
752 1801 989 1883 impius,
1023 1809 1139 1862 tam
1162 1801 1506 1880 sacrilegus,
1541 1813 1782 1881 tamque
1813 1793 2515 1877 salu-"persecutiones,
2571 1796 2835 1877 rapinas,
2883 1794 3152 1875 injurias,
3214 1794 3428 1883 caedes,
3487 1793 3686 1855 divino

326 1890 401 1950 tis
416 1907 540 1951 sua;
562 1882 897 1965 immemor,
923 1889 1023 1971 qui
1050 1907 1112 1950 se
1144 1908 1259 1950 non
1293 1896 1605 1970 praeparet,
1635 1888 1967 1968 nondispo-
2051 1903 2301 1946 munere
2331 1885 2401 1945 ad
2432 1885 2610 1946 ﬁdem
2662 1901 2984 1944 conversus
3041 1883 3224 1944 multo
3281 1882 3341 1943 in
3372 1900 3440 1943 ea
3471 1900 3688 1961 propa-

324 1984 446 2051 nat,
480 1997 597 2040 non
629 1979 869 2060 abjiciat
897 1970 1127 2055 serdes,
1151 1998 1268 2039 non
1311 1978 1565 2057 deponat
1592 1977 1868 2049 maculas,
1904 1995 1968 2039 se
2050 1974 2240 2053 ganda
2269 1982 2444 2054 atque
2473 1972 2850 2035 defendenda
2878 1972 2985 2033 fuit
3031 1970 3336 2033 ardentior
3377 1989 3550 2051 quam
3583 1971 3692 2032 fuit

327 2065 585 2147 denique
616 2076 799 2129 totum
831 2067 904 2130 ab
936 2069 1096 2130 omni
1127 2066 1573 2147 inquinamento
1607 2085 1722 2125 non
1757 2084 1969 2145 expur—
2048 2062 2108 2123 in
2138 2063 2558 2142 impugnanda.
2611 2062 2799 2123 Vi:am
2839 2080 3069 2122 summa
3100 2061 3460 2139 integritate,
3494 2060 3689 2120 conti-

327 2163 444 2236 get,
476 2162 541 2216 ut
572 2156 744 2219 talem
777 2175 845 2218 ac
875 2165 1099 2218 tantum
1134 2156 1427 2236 hospitem
1464 2174 1570 2216 suo
1600 2153 1777 2233 digne
1805 2155 1962 2215 reci-
2049 2151 2635 2213 nentiaetseveritate
2653 2151 2874 2227 exegit;
2917 2169 3132 2230 corpus
3152 2149 3422 2231 jejuniis,
3455 2149 3688 2227 vigiliis,

326 2244 444 2326 piat
509 2245 899 2307 habitacula?
948 2245 1007 2308 Si
1066 2248 1198 2326 quis
1252 2243 1578 2325 principem
1639 2262 1807 2303 suum
1867 2252 1963 2304 aut
2047 2249 2099 2300 el
2124 2242 2365 2319 ﬂagellis
2386 2242 2698 2322 castigans,
2728 2241 2888 2303 brevi
2917 2240 3116 2302 docuit
3149 2240 3398 2301 obedire
3428 2240 3684 2320 spiritui.

323 2333 505 2395 alium
534 2335 902 2414 superiorem
933 2335 993 2396 in
1028 2335 1267 2396 domum
1301 2352 1465 2394 suam
1487 2340 1789 2394 venturam
1815 2350 1964 2412 prae-
2047 2328 2252 2393 Carnis
2277 2332 2604 2413 voluptates
2626 2340 2801 2412 atque
2835 2331 3147 2392 illecebras
3178 2348 3387 2392 omnes
3418 2338 3686 2392 contem-

322 2421 548 2485 scieril.
586 2442 782 2485 nonne
833 2424 1075 2485 domum
1123 2432 1313 2497 ornat,
1377 2421 1643 2495 mundat,
1678 2434 1963 2499 curatque
2049 2419 2194 2499 psit:
2247 2421 2498 2481 orationi
2556 2431 2613 2481 ot
2643 2421 2886 2481 lectioni
2919 2438 3220 2481 sacrarum
3249 2420 3685 2499 Scripturarum

319 2529 496 2591 quam
519 2511 749 2584 sedulo,
776 2530 851 2572 ne
880 2512 1022 2593 quid
1054 2512 1113 2572 in
1147 2530 1213 2572 ea
1244 2513 1321 2573 sit
1344 2518 1537 2589 turpe,
1560 2509 1958 2579 immundum,
2045 2524 2283 2587 semper
2313 2511 2590 2572 intentus.
2637 2509 2807 2571 Oculi
2837 2527 3108 2570 somnum
3169 2526 3236 2569 ac
3285 2508 3553 2583 corporis
3584 2525 3687 2568 re-

318 2598 702 2660 inhonestum
717 2617 785 2661 ac
813 2599 1143 2675 sordidum,
1169 2598 1324 2678 quod
1350 2596 1719 2659 advenientis
1750 2597 1957 2676 hospi-
2045 2596 2244 2671 quiem
2281 2597 2394 2658 nisi
2423 2599 2493 2658 ad
2548 2606 2770 2659 natura:
2829 2617 2898 2659 ac
2953 2596 3162 2657 virium
3197 2596 3686 2658 sustentationem

322 2685 400 2747 tis
428 2686 632 2748 oculos
657 2695 758 2748 aut
804 2688 1066 2749 animum
1129 2687 1247 2748 ulla
1300 2686 1529 2747 ratione
1558 2686 1743 2766 possit
1766 2685 1960 2746 oﬁ‘en-
2044 2686 2201 2745 velut
2232 2695 2458 2765 pestem
2491 2686 2943 2767 aspeinabatur,
2990 2685 3189 2747 sciens
3239 2686 3415 2746 hosce
3448 2685 3684 2764 laqueos

322 2772 466 2836 dere
489 2773 699 2846 ?Quod
721 2776 769 2836 si
790 2776 967 2837 homo
999 2784 1300 2837 terrenum
1332 2793 1399 2835 ac
1423 2772 1728 2834 mortalem
1762 2773 1959 2834 homi-
2045 2790 2177 2833 esse
2231 2773 2472 2847 diaboli,
2529 2774 2743 2856 quibus
2797 2775 3031 2836 irretire
3082 2782 3140 2836 et
3195 2792 3407 2854 capere
3457 2774 3683 2834 animas

322 2880 460 2925 nem
493 2871 875 2945 suscepturus
903 2881 1031 2924 eam
1085 2863 1445 2942 diligentiam
1490 2860 1752 2935 adhibet,
1786 2880 1960 2942 quam
2045 2861 2252 2923 soleat.
2283 2865 2583 2923 Summam
2609 2863 2883 2924 omnibus
2904 2863 2962 2924 in
2985 2861 3164 2925 rebus
3185 2862 3523 2941 gravitatem
3543 2879 3683 2923 con-

321 2950 664 3032 puritatem,
699 2970 873 3032 quam
905 2952 1278 3031 munditiam,
1307 2950 1759 3031 quem-nitorem
1784 2957 1961 3030 atque
1979 2989 2020 3050 Ο
2042 2948 2476 3031 tinentiamque
2504 2951 2776 3023 servavit,
2814 2951 3077 3023 Divitias,
3111 2969 3256 3031 quas
3286 2950 3500 3012 multas
3528 2966 3677 3010 con-

319 3048 591 3102 ornatum
623 3039 908 3101 adbibere
933 3039 1109 3102 debet
1142 3058 1309 3101 mens
1350 3040 1625 3112 humana,
1659 3056 1955 3098 summum
1981 3037 2020 3050 “
2039 3048 2400 3116 gregaverat,
2436 3041 2716 3101 omnesin
2741 3057 3031 3122 pauperes
3052 3038 3376 3111 distribuit,
3403 3046 3463 3098 ut
3483 3037 3680 3099 nudus

318 3135 493 3207 atque
522 3127 984 3207 omnipotentem
1018 3127 1229 3200 Deum,
1262 3126 1363 3207 qui
1394 3126 1660 3187 omnium
1692 3136 1957 3187 secreto-
2040 3133 2214 3203 atque
2245 3126 2556 3206 expeditus
2574 3128 2865 3190 Christum
2899 3128 3121 3189 nudum
3152 3147 3219 3189 ac
3255 3145 3573 3207 pauperem
3592 3126 3682 3187 fa-

320 3233 454 3276 rum
486 3222 576 3277 est
604 3215 894 3295 cognitor,
927 3216 1084 3276 intra
1129 3214 1385 3296 pectoris
1441 3215 1533 3276 sui
1580 3232 1795 3276 arcana
1824 3233 1955 3276 me-
2043 3214 2215 3275 cilius
2247 3225 2620 3297 sequeretur,
2651 3227 2713 3280 ut
2773 3218 2847 3279 de
2904 3217 3032 3299 ipso
3095 3215 3505 3297 propheticum
3536 3214 3684 3277 illud

318 3303 433 3364 rito
463 3312 811 3384 susceptura
834 3305 865 3365 ?
894 3305 1012 3367 Sed
1039 3305 1160 3383 jam
1193 3305 1352 3366 unde
1382 3304 1682 3384 paulisper
1709 3304 1959 3383 digressi
2042 3322 2157 3363 non
2172 3303 2277 3365 abs
2295 3304 2492 3365 redici
2516 3305 2731 3377 possit:
2766 3305 3089 3385 Dispersit,
3113 3306 3275 3367 dedit
3292 3305 3682 3385 pauperibus,

319 3410 547 3467 sumus,
574 3393 645 3454 ad
677 3393 937 3455 historia;
957 3394 1225 3454 ordinem
1257 3392 1597 3454 redeamus.
2040 3398 2093 3453 et
2096 3393 2342 3468 justitia
2358 3396 2697 3469 ejusmanet
2747 3396 2809 3456 in
2851 3393 3127 3456 sceculum
3159 3393 3365 3455 seaculi
3390 3393 3466 3455 ιδ.
3494 3396 3682 3454 Pecu-

399 3479 485 3542 Re
505 3479 702 3542 divina
722 3482 1034 3559 completa,
1059 3481 1359 3562 sacrisque
1388 3480 1506 3541 illis
1539 3480 1815 3543 omnibus
1843 3481 1956 3544 rite
2038 3479 2633 3563 niaacaaterarumque
2646 3501 2846 3543 rerum
2883 3482 3314 3542 mundanarum
3334 3480 3684 3560 cupiditates

318 3569 968 3649 peractis,cumomnes
992 3570 1093 3651 qui
1115 3567 1957 3632 aderantabEcclesiadisces—
2039 3568 2284 3629 calcavit
2330 3576 2506 3651 atque
2566 3571 2921 3651 perdomuit.
2979 3569 3188 3631 Totius
3244 3570 3504 3649 denique
3550 3568 3682 3629 vitae

320 3656 559 3729 sissent,
584 3658 839 3720 inﬁdelis
870 3658 971 3722 ille
1003 3667 1295 3721 tantarum
1336 3676 1536 3719 rerum
1563 3657 1958 3721 admiratione
2040 3664 2237 3735 partes
2258 3656 2407 3718 mira
2426 3659 2682 3739 quadam
2712 3659 2972 3720 bonitate
3001 3656 3510 3736 sanctimoniaque
3540 3673 3681 3736 per-

319 3753 648 3826 superatus,
670 3747 1037 3810 sacerdotem
1070 3747 1364 3821 convenit,
1399 3766 1653 3827 eumque
1684 3747 1873 3809 amice
1889 3766 1957 3809 ac
2040 3743 2198 3807 fecit.
2236 3744 2394 3807 Nihil
2427 3747 2486 3806 in
2520 3766 2589 3808 eo
2623 3746 3119 3827 reprehensibile,
3155 3764 3273 3807 non
3302 3763 3522 3818 sermo,
3558 3763 3680 3805 non

316 3840 659 3897 reverenter
685 3835 1030 3916 alloquitur,
1060 3845 1122 3897 et
1161 3835 1384 3909 omnia,
1417 3854 1547 3915 quae
1573 3834 1659 3896 illi
1692 3844 1957 3916 tempore
2038 3831 2333 3909 incessus,
2361 3853 2476 3895 non
2516 3845 2823 3914 aspectus;
2862 3835 3008 3897 nihil
3034 3835 3189 3916 quod
3213 3835 3500 3914 cujusque
3530 3852 3675 3895 ocu-

318 3922 597 3986 sacriﬁcii
623 3931 1039 4006 apparuerant,
1073 3943 1181 3986 suo
1204 3923 1412 3985 ordine
1434 3922 1713 4004 exponit;
1745 3923 1955 4002 cupie-
2038 3921 2129 3983 los
2161 3923 2220 3983 in
2250 3941 2314 3986 se
2341 3932 2539 4003 posset
2565 3925 2894 3988 offendere.
2946 3926 3288 3988 Doctrinam
3318 3941 3457 3984 vero
3488 3941 3678 3985 evan-

320 4008 421 4072 bat
449 4011 606 4073 enim
640 4012 801 4074 velut
853 4013 1067 4075 divina;
1124 4012 1396 4093 potentiae
1452 4029 1689 4091 prorsus
1720 4009 1957 4089 ignarus
2039 4011 2314 4086 gelicam,
2341 4031 2513 4094 quam
2538 4022 2675 4075 ante
2705 4012 3010 4087 irridebat,
3045 4011 3380 4083 damnabat,
3415 4012 3678 4073 insecta-

318 4099 587 4179 apprime
618 4100 975 4182 intelligere,
1008 4100 1149 4182 quid
1182 4108 1267 4162 tot
1318 4099 1725 4161 distinctarum
1758 4115 1955 4158 rerum
2039 4097 2234 4175 batur,
2260 4100 2491 4180 populis
2514 4100 2941 4164 ardentissime
2966 4100 3320 4183 praedicavit,
3365 4107 3539 4181 atque
3571 4118 3677 4181 pro

320 4187 552 4267 species
565 4187 626 4249 in
650 4189 860 4253 eodem
876 4188 989 4251 sibi
1002 4189 1220 4252 vellent
1245 4196 1636 4259 sacramento,
1666 4204 2006 4270 quamque_
2042 4187 2169 4265 ejus
2190 4188 2433 4250 veritate
2464 4190 2706 4266 tuenda,
2753 4190 3013 4270 seipsum
3048 4188 3326 4269 martyrio
3353 4188 3680 4268 saepissime

320 4266 442 4357 pra:
456 4293 521 4338 se
542 4276 1296 4357 ferrentsigniﬁcalionem.
1324 4276 1473 4338 Tum
1496 4266 1774 4337 sacerdos
1798 4274 1950 4334 divi-
1971 4266 2021 4329 Ι)
2041 4274 2274 4338 obtulit.
2302 4275 2446 4338 Cum
2491 4286 2684 4339 autem
2723 4266 2861 4359 jam'
2892 4279 3089 4358 plures
3118 4266 3303 4339 annos
3330 4277 3392 4338 in
3417 4266 3526 4338 hac
3556 4284 3675 4339 tam

320 4382 457 4425 nam
482 4383 721 4426 manum
744 4366 881 4427 huic
916 4365 1006 4428 rei
1043 4366 1282 4429 aﬁ‘uisse
1307 4381 1692 4444 cognoscens,
1718 4362 1957 4424 videns-

324 4470 440 4534 que
469 4452 644 4533 hujus
698 4451 959 4515 inﬁdelis
1014 4464 1274 4516 mentem
1337 4454 1546 4515 timore
1577 4452 1958 4533 simulatque

320 4540 716 4604 admiratione
745 4560 1117 4618 concussam,
1151 4542 1332 4621 ccepit
1347 4542 1429 4603 illi
1453 4560 1527 4605 ex
1551 4540 1739 4604 sacris
1770 4540 1957 4602 Litte-

320 4631 404 4692 ris
433 4628 690 4690 divinam
746 4629 806 4691 in
866 4631 1074 4711 primis
1129 4630 1452 4711 potentiam
1509 4629 1847 4703 ostendere,
1889 4646 1959 4689 ac

321 4717 543 4781 deinde
571 4735 679 4799 per
706 4717 938 4798 singula
966 4719 1326 4794 discurrens,
1362 4727 1642 4800 quantum
1675 4717 1958 4798 temporis

322 4809 595 4887 angustia
640 4807 991 4886 patiebatur,
1048 4806 1344 4872 Christum
1400 4807 1486 4869 illi
1519 4807 1954 4886 evangelizavit.

321 4894 461 4969 Quae
490 4914 624 4958 cum
653 4895 755 4958 ille
783 4904 1003 4959 attente
1051 4896 1228 4959 simul
1284 4915 1352 4958 ac
1410 4896 1619 4958 devote
1648 4894 1953 4971 audiisset,

322 4984 676 5066 adessetque
704 4984 891 5065 gratia
939 4984 1197 5061 Domini,
1257 4983 1381 5066 qui,
1442 4991 1505 5046 ut
1554 4982 1749 5061 inquit
1792 4981 1956 5045 Scri-

321 5081 493 5154 ptura
522 5074 604 5152 l7,
652 5073 815 5137 solus
860 5080 1053 5156 potest
1108 5091 1210 5137 cor
1262 5072 1558 5154 lapideum
1614 5072 1808 5135 facere
1854 5089 1959 5133 cor

321 5178 624 5243 carneum,
649 5169 708 5225 et
727 5180 798 5225 ex
813 5161 1109 5244 lapidibus
1148 5160 1437 5224 suscitare
1472 5160 1625 5223 ﬁlios
1653 5158 1907 5222 Abrahae
1937 5177 1952 5222 :

320 5249 482 5312 illico
531 5249 879 5314 Christianae
928 5249 1213 5313 doctrinm
1241 5249 1515 5325 credidit,
1548 5267 1729 5331 seque
1759 5248 1955 5329 bapti-

319 5338 459 5413 zari,
484 5346 659 5420 atque
679 5338 903 5403 relictis
938 5339 1112 5402 idolis
1141 5349 1201 5401 et
1233 5337 1538 5401 erroribus
1565 5337 1721 5400 inter
1748 5338 1957 5400 ﬁdeles

322 5426 535 5492 Christi
568 5428 786 5492 milites
813 5428 1030 5492 ascribi
1081 5428 1281 5491 voluit.
1334 5427 1503 5491 Sacri
1528 5427 1727 5509 itaque
1757 5427 1953 5509 bapti-

401 5604 458 5655 ¹¹¹
478 5600 680 5669 ιιιιιιι.
710 5621 797 5684 ιιι,
828 5605 889 5671 9.
972 5605 1033 5658 ¹8
1056 5604 1212 5672 Psal.
1245 5620 1362 5683 cn,
1392 5606 1454 5671 9.

1544 5604 1603 5657 ¹9
1626 5603 1885 5688 Philipp.
1917 5604 2019 5670 23.

2039 4372 2241 4426 sancta
2300 4366 2746 4427 conversatione
2817 4366 3222 4446 transegisset,
3281 4364 3675 4445 omnibusque

2038 4461 2197 4514 esset
2226 4454 2450 4535 stupori
2506 4460 2566 4515 et
2618 4452 3020 4529 admirationi,
3080 4454 3291 4535 hisque
3322 4453 3671 4533 praesertim,

2040 4541 2141 4622 qui
2173 4542 2302 4618 ejus
2347 4542 2525 4603 vitam
2577 4549 2716 4603 ante
2773 4543 3225 4604 conversionem
3257 4548 3671 4620 cognoverant,

2043 4630 2259 4710 placuit
2285 4629 2677 4711 omnipotenti
2709 4628 2829 4692 Deo
2885 4631 3130 4693 militem
3176 4648 3349 4692 suum
3377 4629 3448 4691 ad
3474 4647 3539 4691 se
3567 4647 3671 4688 vo-

2039 4735 2198 4793 care,
2232 4725 2295 4779 ut
2323 4719 2424 4800 qui
2453 4727 2697 4781 strenue
2725 4737 2794 4782 ac
2849 4720 3100 4783 viriliter
3126 4719 3529 4799 dimicaverat,
3562 4717 3673 4780 de-

2040 4806 2162 4869 bita
2188 4807 2484 4888 reciperet
2525 4807 2821 4888 stipendia
2865 4809 3235 4871 meritorum.
3295 4806 3451 4869 Voce
3480 4807 3678 4889 itaque

2038 4895 2325 4977 angelica,
2356 4912 2472 4976 qua
2502 4895 2719 4977 saepius
2774 4897 3066 4959 consolari
3119 4895 3367 4972 solebat,
3400 4896 3531 4958 vitae
3558 4914 3680 4958 sua;

2040 4984 2220 5045 ﬁnem
2249 4983 2470 5046 instare
2496 4983 2585 5046 illi
2615 4985 2943 5066 nuntiatur,
2997 5003 3112 5066 qua
3142 5003 3211 5046 ex
3242 5003 3309 5046 re
3337 4983 3413 5046 de
3441 4982 3678 5046 Domini

2038 5070 2300 5135 bonitate
2327 5071 2854 5155 misericordiaque
2905 5075 3188 5148 conﬁsus,
3244 5071 3347 5154 qui
3374 5090 3677 5153 nunquam

2038 5160 2262 5223 deserit
2290 5168 2601 5242 sperantes
2628 5162 2690 5224 in
2719 5180 2808 5244 se,
2840 5160 3253 5225 incredibilem
3293 5159 3493 5223 animo
3523 5159 3678 5223 laeti-

2039 5250 2182 5311 tiom
2205 5250 2406 5331 coepit,
2427 5248 2571 5312 illud
2594 5249 2860 5332 Apostoli
2877 5251 3092 5332 saepius
3119 5255 3399 5331 repetens
3432 5267 3446 5312 :
3485 5250 3676 5331 Cupio

2037 5338 2306 5414 dissolvi,
2336 5347 2541 5402 etesse
2569 5357 2703 5402 cum
2744 5340 2983 5404 Christo
3003 5339 3061 5390 ‘9
3114 5338 3453 5418 Intelligens
3480 5347 3675 5401 autem

2039 5427 2271 5491 nullum
2287 5427 2511 5510 gratius
2528 5428 2872 5510 acceptabili
2880 5446 3066 5512 usque
3075 5426 3273 5491 offerri
3289 5425 3672 5504 sacriﬁcium,
