4068 6112
416 340 538 407 285

1083 343 1345 407 ALEXII
1387 343 1900 406 PATRIARGH/E
1942 341 2606 406 CONSTITUTIONES
2649 343 3115 407 SYNODALES.

3668 343 3785 410 286

425 491 599 554 quam
640 492 742 535 cor
779 473 1098 535 contritum
1129 481 1188 534 et
1219 471 1615 546 humiliatum,
1656 470 1808 532 facta
1838 472 2278 552 pecca-Acaaci
2307 471 2530 549 vident,
2565 473 2729 534 surdi
2761 473 3029 549 audiunt,
3058 475 3201 535 muti
3231 475 3788 557 loquuntur,claudi

421 570 614 624 torum
635 563 1032 637 confessione,
1048 571 1401 641 peractaque
1423 559 1784 640 pcenitentia,
1804 560 2065 640 seipsum

426 652 548 714 Deo
572 651 890 712 humilians
912 652 985 711 de
1015 651 1362 712 admirando
1390 668 1460 710 ac
1498 649 1800 710 salutifero
1834 649 1932 708 illo
1965 666 2063 708 sa-

427 749 730 801 cramento
759 740 1025 820 corporis
1047 749 1104 801 et
1126 738 1428 818 sanguinis
1467 738 1704 800 Domini
1735 739 1888 819 quod
1921 757 2067 798 con-

421 830 714 890 versionis
732 848 854 890 suae
874 846 1050 891 causa
1079 828 1290 903 fuerat,
1333 827 1707 889 devotissime
1741 826 2064 907 participa-

423 918 525 982 vit.
577 919 806 980 Deinde
838 937 970 980 cum
1000 937 1064 979 se
1097 918 1348 979 orationi
1378 917 1665 994 dedisset,
1699 936 1949 998 corpore
1978 916 2067 976 in-

419 1016 638 1069 terram
670 1007 972 1081 inclinato,
1024 1006 1219 1068 anima
1249 1011 1320 1068 ad
1381 1008 1698 1084 gloriosam
1755 1007 2064 1068 beatorum

2148 561 2473 632 ambulant,
2499 563 2716 642 leprosi
2742 563 3121 638 mundantur,
3165 571 3222 625 et
3251 566 3513 626 omnium
3541 567 3786 629 morbo-

2147 668 2278 710 rum
2309 669 2528 730 genera
2557 651 2733 730 hujus
2761 651 2951 713 sancti
2978 651 3089 713 viri
3147 651 3372 714 meritis
3403 662 3461 715 et
3492 655 3784 717 interces-

2149 739 2316 800 sione
2346 740 2539 801 curari
2569 742 2869 803 dicuntur.

2226 826 2454 899 Quanto
2509 829 2686 907 igitur
2741 829 2800 890 in
2858 829 3087 890 honore
3144 828 3504 905 habendam,
3550 833 3785 912 quantis

2148 918 2814 997 etferendamlaudibus,
2839 918 3051 998 quibus
3064 918 3457 980 extollendam
3475 923 3786 1000 praeconiis

2149 1008 2300 1067 hanc
2324 1015 2580 1067 nostram
2604 1006 2996 1069 Christianam
3029 1009 3353 1070 doctrinam
3374 1007 3728 1071 arbitramur
3761 1013 3775 1072 !

430 1097 676 1177 patriam
712 1096 1131 1158 comitantibus
1179 1096 1405 1175 angelis
1450 1096 1598 1157 mira
1627 1096 1928 1157 celeritate
1957 1094 2068 1154 ad-
2151 1095 2292 1166 Quis
2313 1097 2388 1157 de
2417 1096 2604 1175 ipsius
2627 1096 2889 1171 veritate,
2918 1097 3202 1176 dignitate
3227 1105 3400 1178 atque
3432 1099 3782 1160 excellentia

437 1187 677 1248 volavit.
709 1186 968 1250 Aderant
1006 1186 1273 1266 plerique
1304 1186 1488 1246 sancti
1520 1185 1648 1257 viri,
1685 1185 1782 1265 qui
1805 1183 2070 1245 referunt
2151 1183 2605 1265 dubitavit,qua3
2624 1204 2754 1246 cum
2780 1205 3076 1246 summnm
3111 1186 3295 1248 Deum
3342 1187 3541 1248 habuit
3574 1199 3779 1250 aucto-

427 1294 704 1353 magnum
743 1275 1058 1354 quemdam
1120 1273 1498 1354 splendorem
1548 1293 1652 1354 per
1680 1273 1854 1334 unius
1885 1277 2068 1332 ferme
2154 1291 2305 1346 rem,
2357 1273 2730 1353 Unigenitum
2763 1293 2898 1336 vero
2937 1274 3120 1355 ipsius
3150 1275 3362 1338 Filium
3396 1277 3778 1340 mediatorem

419 1364 583 1424 horae
613 1362 865 1442 spatium
899 1380 1114 1440 corpus
1163 1362 1305 1422 illud
1353 1362 1673 1442 pretiosum
1707 1359 2053 1422 circumful-

420 1452 592 1519 sisse.
618 1451 719 1513 sed
735 1459 792 1513 et
811 1469 1047 1512 suavem
1079 1451 1322 1512 odorem
1357 1468 1535 1530 super
1559 1458 1821 1511 aromata
1850 1457 2060 1510 cuncta

417 1560 626 1603 omnes
673 1541 734 1601 in
767 1540 1043 1602 cubiculo
1094 1539 1370 1601 sensisse.
1424 1539 1534 1610 Qui
1567 1558 1702 1600 vero
1733 1537 2060 1618 sepeliendi

421 1649 622 1692 curam
642 1629 1001 1708 habuerunt,
1023 1629 1082 1689 in
1119 1628 1176 1688 id
1215 1627 1613 1701 censentiunt,
1646 1627 1863 1688 nudato
1893 1626 2065 1687 vesti-

415 1720 526 1782 bus
559 1737 831 1797 corpore,
862 1718 923 1779 in
957 1719 1087 1797 ejus
1127 1717 1383 1797 pectoris
1418 1717 1613 1777 medio
1648 1716 1843 1778 crucis
1867 1716 2062 1795 cujus-

2139 1362 2356 1422 sanctis
2375 1381 2439 1423 ac
2457 1361 2634 1442 justis
2658 1363 2884 1442 repleta
2922 1364 2998 1424 sit
3031 1363 3428 1440 documentis,
3462 1374 3519 1426 et
3549 1375 3776 1428 morta-

2135 1443 2229 1510 les
2261 1449 2334 1510 ab
2367 1449 2671 1512 erroribus
2702 1452 2890 1512 trahat
2921 1452 2992 1512 ad
3039 1453 3367 1524 veritatem,
3403 1471 3504 1514 eos
3535 1454 3774 1516 demum

2144 1545 2468 1613 consortes,
2501 1538 2668 1616 regni
2712 1539 2960 1600 caelestis
3019 1540 3336 1620 participes
3383 1540 3558 1602 faciat
3591 1539 3615 1602 ?
3645 1545 3776 1621 quis

2145 1645 2272 1688 eam
2308 1627 2424 1687 non
2457 1628 2866 1708 amplectetur,
2901 1647 2969 1690 ac
2998 1629 3112 1690 sibi
3133 1629 3310 1691 veluti
3341 1629 3772 1691 ornatissimam

2147 1713 2460 1795 quamdam
2483 1734 2758 1796 sponsam
2787 1717 3184 1778 indissolubili
3205 1716 3435 1782 vinculo
3459 1738 3574 1779 non
3602 1739 3778 1798 copu-

422 1810 559 1870 dam
593 1807 848 1886 efﬁgiem
884 1826 951 1867 ex
982 1806 1168 1886 ipsius
1201 1823 1346 1884 puro
1378 1805 1663 1883 sanguine
1686 1805 1866 1866 visam
1901 1822 2055 1879 esse,
2083 1803 2333 1866 Blabit?
2361 1804 2556 1886 Ipsum
2587 1823 2724 1867 vero
2751 1806 3119 1868 salutiferum
3152 1808 3418 1888 coaporis
3447 1819 3503 1868 et
3533 1810 3774 1887 sangui-

417 1917 592 1979 quam
625 1897 717 1957 ha;
773 1896 980 1956 litterze
1039 1894 1099 1955 in
1159 1893 1396 1954 modum
1457 1912 1689 1954 coronae
1717 1912 1823 1954 seu
1852 1892 2056 1954 circuli

417 1985 759 2049 ambiebant
785 2006 798 2044 :
834 1987 1063 2047 Paulus
1091 1984 1385 2045 secundus
1406 2001 1616 2045 servus
1633 1981 1781 2045 Jesu
1803 1982 2052 2044 Christi.

422 2076 564 2149 Quae
593 2093 688 2135 res
721 2093 853 2134 cum
905 2073 1082 2151 digna
1122 2073 1244 2132 visa
1295 2080 1472 2146 esset,
1536 2091 1666 2151 quae
1696 2090 1800 2144 pro
1831 2073 2054 2132 honore

415 2177 595 2244 atque
627 2161 974 2226 excellentia
1025 2160 1330 2239 religionis
1388 2169 1606 2221 nostrae.
1636 2160 1708 2220 ad
1740 2160 2057 2220 multorum

417 2252 688 2315 notitiam
716 2251 1077 2331 perveniret,
1110 2251 1300 2311 effecit
1323 2249 1714 2327 utgloriosum
1748 2249 1890 2310 illud
1918 2267 2054 2310 cor-

414 2361 526 2424 pus
558 2341 774 2421 aliquot
833 2339 1046 2400 diebus
1104 2339 1475 2399 inhumatum
1501 2338 1751 2417 jaceret.
1786 2337 2056 2400 Accessit

410 2440 603 2493 autem
629 2429 698 2490 ad
723 2428 780 2490 id
805 2429 1109 2489 visendum
1136 2445 1346 2506 magna
1374 2427 1680 2487 hominum
1715 2426 2048 2500 multitudo,

412 2520 508 2600 qui
540 2538 665 2580 rem
701 2526 815 2581 tam
844 2517 1192 2596 stupendam
1228 2517 1523 2576 intuentes
1553 2534 1848 2576 summum
1874 2525 2054 2594 atque

407 2608 874 2686 omnipotentem
905 2606 1090 2667 Deum
1126 2605 1326 2665 multis
1359 2604 1656 2684 preconiis
1685 2603 1999 2665 laudabant
2031 2625 2044 2663 ε

409 2697 522 2772 Qui
541 2694 1017 2774 facitmirabilia
1037 2692 1434 2770 magnasolus
1454 2692 1535 2750 20.
1566 2694 1877 2771 Postquam
1909 2710 2048 2753 vero

407 2785 551 2847 tanti
586 2782 1228 2860 miraculifamalonge
1248 2781 1480 2860 lateque
1521 2781 1730 2841 diﬂ‘usa
1761 2787 1870 2853 est,
1909 2799 2046 2859 pre-

402 2874 618 2935 tiosum
654 2872 794 2933 illud
819 2889 1034 2950 corpus
1080 2870 1410 2932 Christiano
1444 2889 1606 2931 more
1635 2869 2049 2931 ecclesiasticae

407 2962 728 3042 sepultura:
751 2959 1122 3021 tradiderunt
1179 2958 1364 3020 Locus
1393 2966 1587 3018 autem
1617 2957 1873 3036 sepulcri
1898 2977 2045 3038 pau-

2141 1893 2232 1953 nis
2280 1893 2515 1954 Domini
2555 1902 2988 1955 sacramentum
3043 1915 3281 1957 omnem
3324 1900 3776 1976 supereminens

2139 1981 2467 2043 naturalem
2501 1983 2818 2062 potentiam
2859 1983 2991 2064 quis
3047 2003 3166 2044 non
3212 1984 3626 2048 admirabitur.
3655 2005 3772 2046 non

2142 2069 2540 2134 venerabitur.
2569 2091 2637 2133 ac
2659 2071 2913 2133 maxima
2934 2072 3129 2133 cordis
3157 2073 3405 2153 puritate
3437 2075 3770 2154 suscipien-

2139 2161 2279 2221 dum
2307 2179 2424 2221 non
2459 2161 2752 2240 judicabit
2781 2161 2805 2223 ?
2843 2161 3007 2234 Quod
3040 2161 3237 2223 divina
3267 2164 3521 2242 potentia
3555 2182 3659 2243 per
3685 2182 3773 2224 sa-

2140 2250 2399 2311 cerdmis
2447 2251 2657 2311 conﬁci
2718 2250 3113 2312 ministerium
3168 2261 3542 2313 sacrosancta
3595 2253 3774 2314 tradit

2138 2338 2404 2400 Ecclesia
2429 2357 2441 2400 :
2469 2340 2528 2400 in
2566 2359 2681 2420 quo
2721 2339 2822 2402 Dei
2849 2340 3034 2401 Filius
3066 2340 3349 2403 Dominus
3375 2349 3576 2402 noster
3603 2344 3770 2404 Jesus

2137 2428 2404 2488 Christus
2433 2446 2498 2489 se
2554 2429 2729 2490 talem
2790 2428 2960 2489 nobis
3017 2429 3489 2490 manducandum
3522 2429 3767 2510 praebet,

2135 2517 2366 2596 qualem
2405 2535 2475 2578 ex
2506 2515 2748 2596 Virgine
2783 2526 2983 2578 natum
3015 2527 3069 2579 et
3102 2518 3456 2580 confitemur
3483 2529 3540 2578 et
3567 2519 3770 2580 credi-

2134 2623 2287 2677 mus,
2321 2606 2471 2685 quod
2503 2607 2769 2686 quisquis
2797 2605 2972 2684 digne
3001 2606 3305 2686 suscipiat,
3339 2606 3642 2668 beatorum
3677 2626 3768 2667 so-

2132 2692 2325 2753 cietati
2385 2693 2834 2774 numerabitur;
2894 2694 2995 2774 qui
3051 2711 3189 2758 vero
3245 2694 3508 2774 indigne,
3545 2703 3769 2757 aeterno

2129 2782 2419 2862 supplicio
2449 2781 3054 2863 deputabitur.Deum
3080 2782 3276 2864 itaque
3307 2785 3466 2865 pium
3503 2794 3561 2846 et
3592 2785 3768 2846 mise-

2131 2870 2426 2930 ricordem
2449 2871 2735 2932 orandum
2757 2872 3010 2932 arbitror
3035 2879 3092 2933 et
3112 2871 3332 2933 sanctis
3357 2873 3635 2953 operibus
3651 2873 3770 2952 pla-

2128 2959 2404 3034 candum,
2463 2967 2526 3019 ut
2575 2959 2755 3021 corda
2803 2969 3004 3022 nostra
3048 2979 3170 3021 sua:
3221 2961 3422 3040 gratia)
3452 2962 3768 3042 splendore

401 3052 488 3113 cis
518 3049 794 3129 cognitus
853 3066 982 3109 esse
1039 3047 1279 3127 dicitur,
1335 3047 1513 3126 idque
1572 3064 1642 3106 ea
1670 3046 1884 3107 factum
1918 3065 2048 3108 esse
2068 3045 2440 3118 Cilluminet,
2465 3054 2746 3128 actusque
2772 3055 3004 3109 nostros
3029 3049 3089 3109 in
3118 3049 3330 3110 semita
3359 3052 3765 3112 mandatorum

400 3140 650 3211 ratione,
688 3156 762 3199 ne
811 3137 1143 3198 inﬁdelium
1201 3136 1398 3196 furore
1450 3144 1624 3214 atque
1673 3137 1894 3213 impetu
1929 3143 2042 3195 tam

403 3236 698 3307 sanctum,
736 3235 848 3287 tam
883 3225 1253 3305 praeclarum,
1293 3231 1529 3302 tamque
1563 3221 1793 3300 insigne
1825 3223 2044 3284 monile

402 3317 670 3379 Ecclesia
702 3314 1000 3397 perderet.
1063 3316 1326 3390 Longum
1388 3311 1564 3372 nimis
1625 3319 1778 3371 esset
1817 3311 2044 3373 referre

404 3405 700 3466 beneﬁcia
779 3422 910 3483 qum
989 3401 1277 3480 benignus
1338 3400 1621 3462 Dominus
1672 3398 2043 3460 visitantibus

397 3493 561 3555 illam
592 3511 822 3554 sacram
870 3489 1058 3552 (edem
1110 3508 1216 3551 sua
1271 3487 1536 3550 bonitate
1589 3488 2041 3566 largitur;nam

477 3671 538 3721 20
569 3670 725 3735 Psal.
759 3687 923 3743 Lxx1,
957 3671 1054 3729 18.

2129 3153 2368 3195 suorum
2401 3135 2487 3196 sic
2517 3136 2729 3214 dirigat
2786 3155 2854 3197 ac
2913 3137 3210 3217 disponat,
3271 3147 3334 3199 ut
3365 3158 3498 3200 cum
3534 3140 3703 3200 nobis
3735 3160 3766 3200 e

2126 3223 2244 3285 vita
2275 3224 2382 3285 hac
2415 3223 2602 3302 fragili
2644 3225 3012 3305 migrandum
3070 3226 3270 3302 fuerit,
3304 3229 3383 3288 ita
3405 3229 3582 3307 digne
3609 3227 3762 3290 istud

2124 3311 2472 3373 admirabile
2486 3322 2920 3375 sacramentum
2938 3314 3349 3394 suscipiamus.
3381 3326 3439 3377 ut
3460 3317 3764 3378 sanctissi-

2125 3420 2220 3460 mo
2244 3401 2326 3461 illi
2353 3401 2654 3462 beatorum
2677 3403 2989 3484 spirituum
3013 3405 3218 3484 coctui,
3243 3406 3371 3484 ipso
3405 3425 3509 3466 nos
3541 3406 3614 3467 ad
3647 3414 3761 3467 tam

2125 3506 2331 3553 suaves
2361 3491 2562 3571 epulas
2594 3493 2875 3555 invitante
2914 3494 3216 3574 aggregari
3245 3513 3602 3556 mereamur.

411 3827 3724 3887 a

1759 4057 1922 4106 ANNO
1964 4057 2171 4106 DOMINI
2212 4056 2404 4103 MXLIII

639 4231 1404 4402 ALEXII
1523 4233 2107 4402 ΡΑΤῖίῖ

2109 4232 3048 4404 IARCH/E
3172 4237 3494 4408 GP.

1133 4533 2217 4631 CONleTUTIONES
2309 4536 3026 4633 SYNODALES

565 4731 717 4795 Vide
773 4731 1021 4812 hujusce
1077 4732 1424 4813 Patrologiaa
1480 4731 1700 4795 Gaaecae
1751 4741 1898 4796 tom.
1957 4733 2150 4809 CXIX,
2209 4732 2266 4794 in
2327 4734 2678 4796 collectione
2735 4739 3165 4801 sententiarum
3217 4740 3582 4821 synodalium

1461 4864 1926 4946 patriarcharum
1965 4865 2102 4943 CP.,

2136 4867 2248 4929 col.
2281 4865 2400 4931 743
2431 4877 2489 4931 et
2524 4866 2674 4932 1009
