4068 6112
299 301 416 368 287

1589 301 1895 364 SYMEON
1938 302 2239 365 JUNIOR.

3548 302 3664 367 288

1709 608 1872 656 ANNO
1914 608 2122 656 DOMINI
2165 610 2266 657 ML.

826 810 1931 982 DEMETRII

2051 702 3129 988 SYNGELLI

1521 1115 1856 1182 CYZICENI
1908 1118 2461 1186 METROPOLITIE

542 1307 1649 1422 RESPONSIONES
1727 1308 1926 1418 DE
2003 1313 2546 1420 NUPTIIS
2626 1314 3428 1423 PROHlBlTlS

1302 1511 1437 1575 Vide
1464 1511 1821 1589 Pati-alogias
1851 1517 1895 1575 t.
1929 1510 2145 1587 CXIX,
2178 1513 2291 1575 col.
2324 1510 2680 1574 4098-1115

302 1641 588 1703 Libellum
614 1644 685 1703 de
711 1644 916 1703 haresi
944 1643 1352 1710 Jacobitarum,
1388 1659 1489 1702 seu
1522 1644 1591 1702 de
1618 1647 1792 1704 rebus
1821 1646 2121 1710 Armeniae,
2152 1662 2317 1719 quem
2346 1645 2929 1703 nonnulli.Demetrio
2962 1645 3308 1719 adjudicant,
3348 1645 3470 1717 jam
3496 1658 3675 1717 supra

1262 1729 1523 1788 dedimus
1548 1732 1607 1788 in
1639 1732 1904 1804 Philippo
1933 1732 2216 1791 Solitano.
2252 1733 2451 1791 Videt.
2484 1732 2733 1791 CXXVII.

2556 1911 3626 1953 _‘

1723 2083 1878 2131 ANNO
1920 2086 2123 2138 DOMINI
2166 2093 2260 2139 ML.
2364 2112 2369 2117 -

847 2378 853 2382 -
1018 2275 1924 2454 SYMEON

2074 2286 2182 2454 J
2207 2286 2490 2456 UN
2506 2285 2962 2457 10R.

1724 2832 2278 2926 NOTITIA.

1273 3021 1401 3095 (Leo
1432 3022 1675 3082 Allatius
1706 3024 1785 3083 De
1813 3024 2159 3099 Symeonum
2189 3032 2434 3105 scriptis,
2469 3049 2525 3106 p.
2561 3035 2711 3104 151.)

388 3356 556 3420 Alius
612 3376 655 3452 a_
695 3359 1091 3452 Metaphraste
1148 3369 1236 3422 est
1309 3366 1560 3445 Symeon
1630 3368 2100 3446 praefectusAah
2131 3372 2514 3434 Iconoclastis
2562 3390 2912 3452 perpessum
2967 3372 3201 3434 venisse
3254 3369 3680 3433 Constantino-

310 3447 658 3508 monasterii
691 3446 886 3510 Sancti
919 3450 1224 3513 Mamantis
1259 3452 1316 3514 in
1374 3454 1731 3519 Xerocerco.
1767 3459 1952 3532 Quid-

310 3537 450 3618 quid
503 3538 639 3600 illos
695 3541 1056 3604 confundant
1112 3546 1407 3625 Iosephus
1465 3547 1868 3609 Methonensis
1900 3556 1957 3609 et

310 3628 646 3702 Gretserus,
698 3639 762 3690 ut
819 3649 997 3710 supra
1054 3632 1330 3695 iudicavi.
1390 3635 1612 3696 Caetera
1648 3647 1949 3715 printereo,

311 3725 566 3797 tempus,
599 3738 714 3799 quo
744 3720 953 3783 vixerit
1004 3723 1312 3803 praefectus
1370 3724 1567 3786 Sancti
1624 3726 1950 3798 Mamantis,

311 3814 536 3867 tantum
558 3810 858 3870 examino.
888 3809 1020 3872 Sive
1050 3813 1209 3872 enim
1243 3813 1509 3874 ﬂoruerit
1529 3832 1683 3873 anno
1713 3815 1786 3874 ab
1809 3815 1955 3876 urbe

308 3895 543 3957 condito
575 3898 757 3974 6-200,
808 3905 871 3959 nt
925 3900 1097 3961 vertit
1154 3904 1448 3963 Pontanus
1499 3904 1560 3964 in
1622 3902 1812 3982 ipsius
1844 3902 1954 3984 Sy-

311 3984 540 4046 meonis
571 3999 720 4048 orat.
762 3988 870 4052 l3:
932 3990 1247 4052 Diabolum
1276 4010 1403 4053 esse
1431 3999 1704 4053 nostrum
1738 3991 1957 4053 hos-tim

310 4076 489 4134 annis
510 4076 637 4150 iam
668 4076 803 4155 plus
857 4080 1053 4140 sexies
1102 4079 1268 4142 mille
1322 4081 1616 4153 ducentis,
1650 4080 1751 4159 qui
1783 4080 1960 4140 fuerit

312 4170 530 4224 nostra;
559 4164 764 4225 salutis
787 4166 925 4247 692,
960 4168 1081 4228 sive
1110 4187 1265 4229 anno
1296 4168 1476 4242 6600,
1523 4169 1742 4230 Christi
1787 4167 1958 4246 I092,

311 4257 376 4311 ut
406 4250 622 4312 habent
677 4272 884 4315 omnes
932 4257 1170 4318 codices
1227 4257 1418 4320 Graeci
1481 4258 1865 4337 manuscripti
1900 4258 1959 4319 in

313 4339 519 4399 eadem
578 4340 861 4403 Oratione
909 4362 1228 4423 expresse:
1274 4350 1438 4411 Αὐτὸς
1497 4346 1551 4403 δὲ
1585 4347 1959 4428 ἑξακισχιλίοις

311 4431 398 4485 καὶ
429 4429 741 4507 ἑξακοσίοις,
803 4436 890 4490 καὶ
943 4435 1183 4492 ἐπέκεινα
1240 4439 1437 4493 τούτων
1494 4435 1630 4493 ἔτεσι
1688 4435 1959 4512 διαμείνας

311 4517 391 4573 ἀεὶ
443 4517 696 4595 πολέμιος
754 4527 859 4576 τῶν
933 4522 1221 4603 ἀνθρώπων
1297 4524 1490 4591 ἄδηλος
1542 4527 1629 4581 καὶ
1686 4526 1901 4605 κρύφιος
1938 4541 1950 4553 ⁸

2039 3463 2254 3542 polim:
2298 3466 2393 3521 Καὶ
2443 3464 2698 3538 Συμεῶνκ
2747 3465 2838 3518 τὸν
2896 3461 3239 3539 ὁμολογητὴν
3298 3464 3385 3518 καὶ
3440 3460 3686 3539 θεοφόρον

2036 3551 2163 3631 ὑπὲρ
2251 3559 2355 3608 τῶν
2467 3554 2630 3630 ἁγίων
2737 3551 2951 3606 εἰκόνων
3064 3553 3231 3627 εὑρεῖν
3309 3547 3686 3627 ἐγκεκλεισμέ-

2038 3662 2124 3695 νον
2142 3656 2153 3667 ο
2174 3639 2253 3699 Ει
2274 3638 2632 3719 ngeonem
2650 3639 3051 3715 confessorem
3073 3639 3359 3715 reperisse
3381 3638 3687 3697 inclusum

2036 3728 2103 3788 iu
2123 3745 2365 3789 carcere
2378 3736 2842 3808 prOpIersucras
2860 3727 3181 3804 imagines.
3200 3724 3475 3802 Nihilque
3488 3733 3685 3783 vetare

2037 3814 2387 3891 Symeonem
2422 3819 2594 3876 istum
2654 3834 2687 3876 a
2743 3813 3023 3891 Gregorio
3083 3812 3307 3873 aditum
3360 3830 3492 3872 esse
3543 3829 3682 3870 eum

2038 3904 2258 3983 ipsum,
2294 3924 2469 3984 quem
2501 3904 2842 3984 quaerimus,
2876 3920 3007 3962 cum
3060 3902 3187 3980 ipse
3221 3903 3279 3961 in
3310 3900 3588 3962 exsilium
3620 3917 3684 3960 se

2043 3993 2365 4072 projectum
2419 4012 2551 4053 esse
2605 3991 2836 4052 duobus
2892 3990 3038 4050 locis
3084 3999 3388 4063 testetur;
3448 4008 3568 4049 uno
3626 3989 3686 4047 in

2042 4080 2442 4153 Orationibus,
2473 4082 2664 4155 altero
2696 4080 2755 4140 in
2787 4078 3421 4155 Commentationibus,
3456 4077 3690 4137 tametsi

2042 4188 2276 4231 causam
2342 4178 2546 4231 taceat.
2609 4169 2692 4230 De
2770 4168 3043 4247 martyrio
3113 4186 3348 4248 quoque
3404 4167 3691 4246 Stephani

2040 4256 2307 4320 Junioris
2341 4259 2498 4339 loqui
2530 4266 2810 4338 tauquam
2844 4258 2916 4318 de
2974 4276 3041 4318 re
3097 4257 3270 4335 plane
3301 4276 3405 4317 suo
3437 4275 3557 4317 ἱενο
3592 4274 3688 4316 re-

2043 4348 2244 4422 centi;
2300 4348 2435 4408 licet
2487 4347 2647 4407 enim
2681 4346 2779 4425 qui
2814 4346 2913 4405 sui
2951 4345 3269 4408 Justitiam
3300 4344 3686 4405 Rhiuotmelo

2041 4436 2270 4497 vivebat
2311 4455 2468 4497 anno
2501 4434 2734 4495 Domini
2766 4435 2907 4506 692,
2941 4432 3195 4512 potuerit
3226 4433 3416 4493 adhuc
3456 4431 3513 4491 in
3546 4430 3691 4491 vivis

2042 4545 2173 4587 esse
2215 4545 2346 4586 cum
2371 4524 2486 4586 Leo
2514 4523 2749 4584 Isaurus
2789 4522 3104 4601 imperium
3136 4521 3463 4602 occupavit,
3500 4537 3686 4580 annos

312 4605 1567 4715 sexiesrpillescfvcenlis,etampliusannis
1583 4630 2021 4715 semperper-B
2043 4624 2172 4695 post
2200 4613 2645 4674 Bhinotmetum
2679 4611 2884 4690 viginti
2930 4611 3236 4690 quinque;
3293 4625 3347 4670 et
3383 4610 3431 4670 si
3460 4609 3690 4670 diutur-

310 4698 525 4756 sistens
554 4696 744 4759 hostis
764 4698 1083 4761 hominum
1114 4703 1355 4779 ignotus
1387 4709 1564 4782 atque
1592 4702 1873 4764 occultus.
1909 4696 2021 4761 A”
2041 4704 2270 4763 niorem
2302 4720 2535 4781 quoque
2549 4701 2721 4760 vitam
2737 4699 3460 4778 duxisset,Conronymum
3491 4697 3688 4776 ipsum

313 4784 619 4865 Symeonis
651 4789 1039 4868 Metaphraste
1071 4798 1239 4852 aetate
1297 4791 1462 4853 abest
1523 4811 1698 4872 quam
1730 4791 1951 4870 longis-

313 4876 483 4949 sime,
508 4875 609 4958 qui
630 4875 790 4938 circa
812 4885 1077 4957 tempora
1108 4880 1320 4943 Leonis
1350 4882 1547 4944 Basilii
1581 4881 1683 4941 ﬁlii
1718 4891 1951 4943 aetatem

308 4962 517 5042 agebat
545 4964 702 5027 circa
723 4985 941 5028 annum
986 4968 1224 5030 Domini
1272 4972 1414 5035 886.
1452 4968 1518 5031 Et
1549 4968 1747 5031 inania
1784 4969 1959 5049 plane

312 5062 449 5116 sunt
477 5072 606 5133 quae
634 5055 987 5131 aﬂ'eruntur,
1034 5057 1386 5138 Symeonem
1448 5061 1606 5122 hunc
1656 5057 1803 5137 ipsis
1839 5059 1961 5120 lco-

313 5143 743 5206 nomachorum
777 5146 1176 5228 temporibus,
1208 5148 1298 5209 vel
1349 5155 1510 5209 certe
1558 5164 1686 5228 p051
1717 5146 1845 5227 ipsa
1876 5145 1962 5205 vi—

312 5233 493 5306 xisse,
554 5231 663 5293 sub
718 5234 916 5297 Leone
974 5234 1233 5299 Isaurico
1289 5247 1350 5301 et
1407 5240 1814 5319 Copronymo:
1871 5234 1963 5296 vel

311 5329 475 5384 certe
498 5321 606 5383 sub
627 5327 827 5388 Leone
847 5327 1137 5402 Armeno,
1163 5328 1449 5390 Michaele
1468 5326 1675 5400 Balbo,
1693 5336 1751 5386 et
1775 5323 1967 5386 Theo-

311 5410 501 5491 philo,
534 5411 635 5492 qui
666 5432 875 5477 omnes
905 5433 1039 5477 cum
1093 5416 1453 5496 imaginibus
1501 5415 1657 5477 bella
1686 5430 1960 5494 gessere.

310 5497 528 5563 Naeuiae
558 5508 843 5580 praeterea
870 5512 1029 5579 sunt,
1058 5523 1190 5586 quae
1219 5503 1293 5567 ad
1349 5502 1659 5586 Symeonis
1688 5501 1950 5585 proban-

309 5589 447 5653 dam
474 5595 760 5670 Aetatem;
791 5609 863 5654 ex
915 5592 1264 5674 Menologiis
1321 5590 1659 5657 Gmcomm
1718 5591 1817 5654 die
1872 5589 1959 5655 ΞΟ

309 5685 455 5750 Nov.
488 5683 775 5762 referunt,
838 5679 1184 5761 Gregorium
1244 5681 1331 5746 De
1346 5681 1745 5765 capolitanum
1779 5680 1961 5745 multa

327 5768 497 5788 ..ι-..Δ

2041 4792 2329 4869 attingere
2358 4807 2549 4851 annos
2580 4796 2715 4869 post
2748 4787 3023 4847 eumdem
3064 4785 3505 4846 Rhinotmetum
3539 4804 3690 4865 qua-

2042 4879 2310 4958 dragiuta
2360 4896 2596 4950 novem,
2661 4883 2823 4937 certe
2882 4874 2991 4936 sub
3060 4877 3258 4936 Leone
3320 4876 3583 4936 Armeno
3639 4882 3699 4935 et

2043 4969 2249 5044 Balbo,
2309 4975 2370 5030 et
2420 4965 2753 5046 Theophila
2836 4967 2965 5045 ipse
3021 4971 3251 5025 aetatem
3311 4963 3689 5043 protraxisse,

2046 5057 2165 5119 nisi
2194 5056 2455 5118 insanire
2495 5056 2773 5128 velimus,
2806 5072 2925 5114 non
2956 5052 3143 5132 potuit
3170 5071 3356 5113 annos
3386 5060 3519 5131 post
3545 5050 3698 5112 Rhi-

2048 5154 2371 5207 netmetum
2392 5147 2494 5207 I37
2519 5143 2875 5224 etStephani
2898 5140 3161 5204 Junioris
3183 5141 3259 5203 ob
3284 5138 3696 5202 defensionem

2050 5253 2349 5296 sacrarum
2381 5233 2703 5313 imaginum
2739 5229 3033 5292 interfecti
3064 5229 3427 5291 meminisse.

2129 5323 2322 5397 Quare
2379 5326 2615 5403 exploso
2678 5321 2867 5402 primo
2924 5320 3036 5382 hoc
3086 5338 3334 5382 numero
3389 5319 3464 5380 ad
3524 5318 3690 5379 illum

2050 5432 2226 5494 quem
2278 5413 2517 5476 codices
2565 5408 2753 5475 Graaci
2810 5414 3259 5486 reprzesentant,
3322 5406 3696 5488 apertissime

2048 5502 2480 5565 recurrendum
2512 5509 2618 5562 est.
2654 5498 2824 5560 Hunc
2880 5514 3095 5576 nempe
3154 5494 3507 5577 Symeouem
3539 5514 3695 5557 anno

2045 5590 2251 5653 mundi
2285 5590 2465 5665 6600,
2499 5585 2717 5653 Christi
2752 5583 2926 5664 1052,
2978 5584 3133 5648 infra
3161 5585 3338 5650 etiam
3371 5583 3697 5648 nonnullos

2045 5679 2217 5756 alios,
2250 5697 2327 5743 ne
2384 5686 2614 5742 temere
2663 5673 2809 5739 illud
2866 5674 3109 5734 ἐπέκεινα
3167 5677 3502 5757 projectum
3563 5690 3699 5735 esse
