  <div class='ocr_page' id='page_1' title='image "/cluster/home/n/w/nwhite01/storage/ocr_20150623/120/mdp.39015008866736/150.png"; bbox 0 0 4068 6112; ppageno 0'>
   <div class='ocr_carea' id='block_1_1' title="bbox 367 295 3736 407">
    <p class='ocr_par' dir='ltr' id='par_1_1' title="bbox 367 295 3736 407">
     <span class='ocr_line' id='line_1_1' title="bbox 367 295 3736 407; baseline -0.007 -2"><span class='ocrx_word' id='word_1_1' title='bbox 367 337 476 407; x_wconf 74' lang='grc'><strong>289</strong></span> <span class='ocrx_word' id='word_1_2' title='bbox 1867 330 2208 401; x_wconf 85' lang='grc' dir='ltr'><strong>ΝΟΤΙΤῙΑ.</strong></span> <span class='ocrx_word' id='word_1_3' title='bbox 2299 295 2307 300; x_wconf 64' lang='grc'><strong>’</strong></span> <span class='ocrx_word' id='word_1_4' title='bbox 3613 314 3736 382; x_wconf 83' lang='lat'><strong>290</strong></span> 
     </span>
    </p>
   </div>
   <div class='ocr_carea' id='block_1_2' title="bbox 365 451 3734 556">
    <p class='ocr_par' dir='ltr' id='par_1_2' title="bbox 365 451 3734 556">
     <span class='ocr_line' id='line_1_2' title="bbox 365 451 3734 556; baseline -0.007 -19"><span class='ocrx_word' id='word_1_5' title='bbox 365 493 708 556; x_wconf 88' lang='lat' dir='ltr'><strong>asseramus,</strong></span> <span class='ocrx_word' id='word_1_6' title='bbox 790 473 1026 542; x_wconf 79' lang='lat' dir='ltr'><strong>vixisse.</strong></span> <span class='ocrx_word' id='word_1_7' title='bbox 1117 472 1518 553; x_wconf 85' lang='lat' dir='ltr'><strong>Metaphraste</strong></span> <span class='ocrx_word' id='word_1_8' title='bbox 1601 469 2001 556; x_wconf 80' lang='lat' dir='ltr'><strong>recentiorem</strong></span> <span class='ocrx_word' id='word_1_9' title='bbox 2022 471 2070 532; x_wconf 81' lang='grc' dir='ltr'><strong>Α</strong></span> <span class='ocrx_word' id='word_1_10' title='bbox 2089 464 2220 526; x_wconf 84' lang='lat' dir='ltr'><strong>vitae</strong></span> <span class='ocrx_word' id='word_1_11' title='bbox 2239 461 2457 526; x_wconf 80' lang='lat' dir='ltr'><strong>Nicetae</strong></span> <span class='ocrx_word' id='word_1_12' title='bbox 2476 461 2726 556; x_wconf 84' lang='lat' dir='ltr'><strong>anni38,</strong></span> <span class='ocrx_word' id='word_1_13' title='bbox 2746 467 2868 522; x_wconf 87' lang='lat' dir='ltr'><strong>tum</strong></span> <span class='ocrx_word' id='word_1_14' title='bbox 2881 476 3014 556; x_wconf 87' lang='lat' dir='ltr'><strong>cum</strong></span> <span class='ocrx_word' id='word_1_15' title='bbox 3027 453 3460 556; x_wconf 69' lang='lat' dir='ltr'><strong>adhucvivens,</strong></span> <span class='ocrx_word' id='word_1_16' title='bbox 3479 451 3734 514; x_wconf 78' lang='lat' dir='ltr'><strong>florens-</strong></span> 
     </span>
    </p>
   </div>
   <div class='ocr_carea' id='block_1_3' title="bbox 367 545 3732 644">
    <p class='ocr_par' dir='ltr' id='par_1_3' title="bbox 367 545 3732 644">
     <span class='ocr_line' id='line_1_3' title="bbox 367 545 3732 644; baseline -0.006 -19"><span class='ocrx_word' id='word_1_17' title='bbox 367 582 540 626; x_wconf 88' lang='lat' dir='ltr'><strong>annos</strong></span> <span class='ocrx_word' id='word_1_18' title='bbox 570 545 890 624; x_wconf 75' lang='lat' dir='ltr'><strong>minimum</strong></span> <span class='ocrx_word' id='word_1_19' title='bbox 943 561 1063 626; x_wconf 68' lang='lat'><strong>200</strong></span> <span class='ocrx_word' id='word_1_20' title='bbox 1112 561 1223 622; x_wconf 88' lang='lat' dir='ltr'><strong>sub</strong></span> <span class='ocrx_word' id='word_1_21' title='bbox 1277 545 1491 622; x_wconf 64' lang='lat' dir='ltr'><strong>Alexio</strong></span> <span class='ocrx_word' id='word_1_22' title='bbox 1549 558 1872 634; x_wconf 88' lang='lat' dir='ltr'><strong>Comneno,</strong></span> <span class='ocrx_word' id='word_1_23' title='bbox 1907 555 2009 637; x_wconf 89' lang='lat' dir='ltr'><strong>qui</strong></span> <span class='ocrx_word' id='word_1_24' title='bbox 2091 577 2205 637; x_wconf 91' lang='lat' dir='ltr'><strong>que</strong></span> <span class='ocrx_word' id='word_1_25' title='bbox 2245 556 2531 618; x_wconf 88' lang='lat' dir='ltr'><strong>scriberet</strong></span> <span class='ocrx_word' id='word_1_26' title='bbox 2556 554 2833 644; x_wconf 76' lang='lat' dir='ltr'><strong>Symeon,</strong></span> <span class='ocrx_word' id='word_1_27' title='bbox 2864 553 3032 644; x_wconf 81' lang='lat' dir='ltr'><strong>cujus</strong></span> <span class='ocrx_word' id='word_1_28' title='bbox 3061 545 3364 610; x_wconf 89' lang='lat' dir='ltr'><strong>ulterioris</strong></span> <span class='ocrx_word' id='word_1_29' title='bbox 3388 547 3732 644; x_wconf 41' lang='lat' dir='ltr'><strong>vitae-annos</strong></span> 
     </span>
    </p>
   </div>
   <div class='ocr_carea' id='block_1_4' title="bbox 367 632 3730 734">
    <p class='ocr_par' dir='ltr' id='par_1_4' title="bbox 367 632 3730 734">
     <span class='ocr_line' id='line_1_4' title="bbox 367 632 3730 734; baseline -0.006 -23"><span class='ocrx_word' id='word_1_30' title='bbox 367 660 488 732; x_wconf 91' lang='lat' dir='ltr'><strong>post</strong></span> <span class='ocrx_word' id='word_1_31' title='bbox 511 651 921 732; x_wconf 87' lang='lat' dir='ltr'><strong>Nicephorum</strong></span> <span class='ocrx_word' id='word_1_32' title='bbox 971 649 1342 711; x_wconf 89' lang='lat' dir='ltr'><strong>Botoniatem</strong></span> <span class='ocrx_word' id='word_1_33' title='bbox 1403 647 1721 726; x_wconf 89' lang='lat' dir='ltr'><strong>imperium</strong></span> <span class='ocrx_word' id='word_1_34' title='bbox 1764 632 2013 734; x_wconf 69' lang='lat' dir='ltr'><strong>occupa-</strong></span> <span class='ocrx_word' id='word_1_35' title='bbox 2093 632 2162 710; x_wconf 79' lang='lat' dir='ltr'><strong>ad</strong></span> <span class='ocrx_word' id='word_1_36' title='bbox 2193 632 2650 726; x_wconf 87' lang='lat' dir='ltr'><strong>obitumipsum,</strong></span> <span class='ocrx_word' id='word_1_37' title='bbox 2677 643 2724 705; x_wconf 94' lang='lat' dir='ltr'><strong>si</strong></span> <span class='ocrx_word' id='word_1_38' title='bbox 2742 643 2986 722; x_wconf 90' lang='lat' dir='ltr'><strong>reliquis</strong></span> <span class='ocrx_word' id='word_1_39' title='bbox 3017 632 3730 734; x_wconf 64' lang='lat' dir='ltr'><strong>connumer_es,1‘licetam</strong></span> 
     </span>
    </p>
   </div>
   <div class='ocr_carea' id='block_1_5' title="bbox 363 722 3730 824">
    <p class='ocr_par' dir='ltr' id='par_1_5' title="bbox 363 722 3730 824">
     <span class='ocr_line' id='line_1_5' title="bbox 363 722 3730 824; baseline -0.005 -26"><span class='ocrx_word' id='word_1_40' title='bbox 363 722 513 801; x_wconf 53' lang='lat' dir='ltr'><strong>ierat</strong></span> <span class='ocrx_word' id='word_1_41' title='bbox 539 722 682 800; x_wconf 77' lang='lat' dir='ltr'><strong>ante</strong></span> <span class='ocrx_word' id='word_1_42' title='bbox 711 741 1002 801; x_wconf 84' lang='lat' dir='ltr'><strong>Joannem</strong></span> <span class='ocrx_word' id='word_1_43' title='bbox 1044 747 1101 798; x_wconf 90' lang='lat' dir='ltr'><strong>et</strong></span> <span class='ocrx_word' id='word_1_44' title='bbox 1131 738 1465 799; x_wconf 84' lang='lat' dir='ltr'><strong>Manuelem</strong></span> <span class='ocrx_word' id='word_1_45' title='bbox 1496 722 1860 798; x_wconf 33' lang='lat' dir='ltr'><strong>&#39;Comnenos.</strong></span> <span class='ocrx_word' id='word_1_46' title='bbox 1893 722 2012 794; x_wconf 83' lang='lat' dir='ltr'><strong>Ve-</strong></span> <span class='ocrx_word' id='word_1_47' title='bbox 2097 735 2438 797; x_wconf 82' lang='lat' dir='ltr'><strong>centenario</strong></span> <span class='ocrx_word' id='word_1_48' title='bbox 2461 722 2744 814; x_wconf 80' lang='lat' dir='ltr'><strong>majorem</strong></span> <span class='ocrx_word' id='word_1_49' title='bbox 2777 749 2909 824; x_wconf 85' lang='lat' dir='ltr'><strong>cum</strong></span> <span class='ocrx_word' id='word_1_50' title='bbox 2943 727 3305 824; x_wconf 68' lang='lat' dir='ltr'><strong>praeferetur,</strong></span> <span class='ocrx_word' id='word_1_51' title='bbox 3339 722 3730 824; x_wconf 67' lang='lat' dir='ltr'><strong>habebimus;</strong></span> 
     </span>
    </p>
   </div>
   <div class='ocr_carea' id='block_1_6' title="bbox 364 812 3734 908">
    <p class='ocr_par' dir='ltr' id='par_1_6' title="bbox 364 812 3734 908">
     <span class='ocr_line' id='line_1_6' title="bbox 364 812 3734 908; baseline -0.005 -19"><span class='ocrx_word' id='word_1_52' title='bbox 364 847 486 889; x_wconf 90' lang='lat' dir='ltr'><strong>rum</strong></span> <span class='ocrx_word' id='word_1_53' title='bbox 516 828 658 888; x_wconf 90' lang='lat' dir='ltr'><strong>siin</strong></span> <span class='ocrx_word' id='word_1_54' title='bbox 724 827 836 888; x_wconf 92' lang='lat' dir='ltr'><strong>hoc</strong></span> <span class='ocrx_word' id='word_1_55' title='bbox 894 826 1130 908; x_wconf 81' lang='lat' dir='ltr'><strong>negotio</strong></span> <span class='ocrx_word' id='word_1_56' title='bbox 1189 825 1404 906; x_wconf 83' lang='lat' dir='ltr'><strong>aliquis</strong></span> <span class='ocrx_word' id='word_1_57' title='bbox 1461 825 1826 904; x_wconf 61' lang='lat' dir='ltr'><strong>conjectura;</strong></span> <span class='ocrx_word' id='word_1_58' title='bbox 1854 823 2018 892; x_wconf 76' lang='lat' dir='ltr'><strong>locus</strong></span> <span class='ocrx_word' id='word_1_59' title='bbox 2101 829 2254 906; x_wconf 81' lang='lat' dir='ltr'><strong>quod</strong></span> <span class='ocrx_word' id='word_1_60' title='bbox 2287 827 2398 887; x_wconf 85' lang='lat' dir='ltr'><strong>nisi</strong></span> <span class='ocrx_word' id='word_1_61' title='bbox 2457 812 2696 886; x_wconf 64' lang='lat' dir='ltr'><strong>aliunde</strong></span> <span class='ocrx_word' id='word_1_62' title='bbox 2751 821 3054 904; x_wconf 73' lang='lat' dir='ltr'><strong>probetur,</strong></span> <span class='ocrx_word' id='word_1_63' title='bbox 3116 818 3245 899; x_wconf 85' lang='lat' dir='ltr'><strong>ipse</strong></span> <span class='ocrx_word' id='word_1_64' title='bbox 3302 833 3422 876; x_wconf 91' lang='lat' dir='ltr'><strong>non</strong></span> <span class='ocrx_word' id='word_1_65' title='bbox 3452 813 3534 875; x_wconf 88' lang='lat' dir='ltr'><strong>ita</strong></span> <span class='ocrx_word' id='word_1_66' title='bbox 3561 812 3734 875; x_wconf 87' lang='lat' dir='ltr'><strong>facile</strong></span> 
     </span>
    </p>
   </div>
   <div class='ocr_carea' id='block_1_7' title="bbox 365 911 2437 993">
    <p class='ocr_par' dir='ltr' id='par_1_7' title="bbox 365 911 2437 993">
     <span class='ocr_line' id='line_1_7' title="bbox 365 911 2437 993; baseline 0 -17"><span class='ocrx_word' id='word_1_67' title='bbox 365 917 584 978; x_wconf 90' lang='lat' dir='ltr'><strong>dandus</strong></span> <span class='ocrx_word' id='word_1_68' title='bbox 611 924 721 990; x_wconf 91' lang='lat' dir='ltr'><strong>est,</strong></span> <span class='ocrx_word' id='word_1_69' title='bbox 755 915 1034 993; x_wconf 85' lang='lat' dir='ltr'><strong>dixerim,</strong></span> <span class='ocrx_word' id='word_1_70' title='bbox 1097 915 1258 976; x_wconf 91' lang='lat' dir='ltr'><strong>hunc</strong></span> <span class='ocrx_word' id='word_1_71' title='bbox 1313 913 1668 993; x_wconf 80' lang='lat' dir='ltr'><strong>scriptorem</strong></span> <span class='ocrx_word' id='word_1_72' title='bbox 1719 911 1839 986; x_wconf 87' lang='lat' dir='ltr'><strong>his,</strong></span> <span class='ocrx_word' id='word_1_73' title='bbox 1873 930 2020 990; x_wconf 91' lang='lat' dir='ltr'><strong>quos</strong></span> <span class='ocrx_word' id='word_1_74' title='bbox 2101 917 2437 978; x_wconf 83' lang='lat' dir='ltr'><strong>credidero.</strong></span> 
     </span>
    </p>
   </div>
   <div class='ocr_carea' id='block_1_8' title="bbox 365 994 3737 1085">
    <p class='ocr_par' dir='ltr' id='par_1_8' title="bbox 365 994 3737 1085">
     <span class='ocr_line' id='line_1_8' title="bbox 365 994 3737 1085; baseline -0.003 -21"><span class='ocrx_word' id='word_1_75' title='bbox 365 1005 484 1085; x_wconf 84' lang='lat' dir='ltr'><strong>ipse</strong></span> <span class='ocrx_word' id='word_1_76' title='bbox 499 1013 792 1077; x_wconf 77' lang='lat' dir='ltr'><strong>recenset,</strong></span> <span class='ocrx_word' id='word_1_77' title='bbox 820 1004 990 1065; x_wconf 92' lang='lat' dir='ltr'><strong>annis</strong></span> <span class='ocrx_word' id='word_1_78' title='bbox 1029 1003 1422 1083; x_wconf 82' lang='lat' dir='ltr'><strong>antiquiorem</strong></span> <span class='ocrx_word' id='word_1_79' title='bbox 1451 1002 1666 1076; x_wconf 87' lang='lat' dir='ltr'><strong>fuisse;</strong></span> <span class='ocrx_word' id='word_1_80' title='bbox 1692 1018 2001 1061; x_wconf 89' lang='lat' dir='ltr'><strong>numerum</strong></span> <span class='ocrx_word' id='word_1_81' title='bbox 2165 1005 2372 1067; x_wconf 76' lang='lat' dir='ltr'><strong>Dictus</strong></span> <span class='ocrx_word' id='word_1_82' title='bbox 2394 1013 2481 1065; x_wconf 74' lang='lat' dir='ltr'><strong>est</strong></span> <span class='ocrx_word' id='word_1_83' title='bbox 2505 1003 2841 1082; x_wconf 78' lang='lat' dir='ltr'><strong>Theologus</strong></span> <span class='ocrx_word' id='word_1_84' title='bbox 2859 1000 3096 1077; x_wconf 82' lang='lat' dir='ltr'><strong>Junior,</strong></span> <span class='ocrx_word' id='word_1_85' title='bbox 3117 994 3737 1085; x_wconf 82' lang='lat' dir='ltr'><strong>utnotantGretserus</strong></span> 
     </span>
    </p>
   </div>
   <div class='ocr_carea' id='block_1_9' title="bbox 365 1083 3736 1173">
    <p class='ocr_par' dir='ltr' id='par_1_9' title="bbox 365 1083 3736 1173">
     <span class='ocr_line' id='line_1_9' title="bbox 365 1083 3736 1173; baseline -0.003 -19"><span class='ocrx_word' id='word_1_86' title='bbox 365 1083 493 1155; x_wconf 81' lang='lat' dir='ltr'><strong>vero</strong></span> <span class='ocrx_word' id='word_1_87' title='bbox 523 1095 820 1173; x_wconf 84' lang='lat' dir='ltr'><strong>integrum</strong></span> <span class='ocrx_word' id='word_1_88' title='bbox 885 1111 1226 1172; x_wconf 83' lang='lat' dir='ltr'><strong>usurpasse,</strong></span> <span class='ocrx_word' id='word_1_89' title='bbox 1288 1110 1462 1172; x_wconf 89' lang='lat' dir='ltr'><strong>quem</strong></span> <span class='ocrx_word' id='word_1_90' title='bbox 1494 1099 1694 1172; x_wconf 87' lang='lat' dir='ltr'><strong>postea</strong></span> <span class='ocrx_word' id='word_1_91' title='bbox 1725 1089 2002 1150; x_wconf 75' lang='lat' dir='ltr'><strong>adverbio</strong></span> <span class='ocrx_word' id='word_1_92' title='bbox 2088 1104 2146 1156; x_wconf 93' lang='lat' dir='ltr'><strong>et</strong></span> <span class='ocrx_word' id='word_1_93' title='bbox 2175 1093 2546 1165; x_wconf 88' lang='lat' dir='ltr'><strong>Possevinus,</strong></span> <span class='ocrx_word' id='word_1_94' title='bbox 2607 1100 2669 1154; x_wconf 90' lang='lat' dir='ltr'><strong>ut</strong></span> <span class='ocrx_word' id='word_1_95' title='bbox 2711 1112 2742 1153; x_wconf 73' lang='grc' dir='ltr'><strong>ιι</strong></span> <span class='ocrx_word' id='word_1_96' title='bbox 2790 1089 3076 1168; x_wconf 82' lang='lat' dir='ltr'><strong>Gregorio</strong></span> <span class='ocrx_word' id='word_1_97' title='bbox 3130 1087 3500 1150; x_wconf 87' lang='lat' dir='ltr'><strong>Nazianzeno</strong></span> <span class='ocrx_word' id='word_1_98' title='bbox 3529 1083 3736 1145; x_wconf 90' lang='lat' dir='ltr'><strong>distin-</strong></span> 
     </span>
    </p>
   </div>
   <div class='ocr_carea' id='block_1_10' title="bbox 363 1173 3738 1262">
    <p class='ocr_par' dir='ltr' id='par_1_10' title="bbox 363 1173 3738 1262">
     <span class='ocr_line' id='line_1_10' title="bbox 363 1173 3738 1262; baseline -0.003 -20"><span class='ocrx_word' id='word_1_99' title='bbox 363 1182 460 1242; x_wconf 89' lang='lat' dir='ltr'><strong>illo</strong></span> <span class='ocrx_word' id='word_1_100' title='bbox 514 1184 759 1239; x_wconf 75' lang='grc' dir='ltr'>ἐπέκεινα</span> <span class='ocrx_word' id='word_1_101' title='bbox 822 1185 1162 1243; x_wconf 81' lang='lat' dir='ltr'><strong>moderatus</strong></span> <span class='ocrx_word' id='word_1_102' title='bbox 1217 1188 1325 1242; x_wconf 84' lang='lat' dir='ltr'><strong>est.</strong></span> <span class='ocrx_word' id='word_1_103' title='bbox 1389 1182 1542 1259; x_wconf 80' lang='lat' dir='ltr'><strong>quod</strong></span> <span class='ocrx_word' id='word_1_104' title='bbox 1599 1199 1719 1240; x_wconf 89' lang='lat' dir='ltr'><strong>non</strong></span> <span class='ocrx_word' id='word_1_105' title='bbox 1777 1187 2004 1240; x_wconf 75' lang='lat' dir='ltr'><strong>tantum</strong></span> <span class='ocrx_word' id='word_1_106' title='bbox 2087 1192 2391 1262; x_wconf 85' lang='lat' dir='ltr'><strong>gneretur.</strong></span> <span class='ocrx_word' id='word_1_107' title='bbox 2444 1180 2542 1243; x_wconf 89' lang='lat' dir='ltr'><strong>Sic</strong></span> <span class='ocrx_word' id='word_1_108' title='bbox 2589 1181 2925 1260; x_wconf 89' lang='lat' dir='ltr'><strong>Stephanus</strong></span> <span class='ocrx_word' id='word_1_109' title='bbox 2979 1175 3189 1240; x_wconf 89' lang='lat' dir='ltr'><strong>Junior</strong></span> <span class='ocrx_word' id='word_1_110' title='bbox 3247 1183 3464 1255; x_wconf 80' lang='lat' dir='ltr'><strong>martyr</strong></span> <span class='ocrx_word' id='word_1_111' title='bbox 3495 1173 3602 1234; x_wconf 90' lang='lat' dir='ltr'><strong>sub</strong></span> <span class='ocrx_word' id='word_1_112' title='bbox 3632 1175 3738 1237; x_wconf 84' lang='lat' dir='ltr'><strong>Go-</strong></span> 
     </span>
    </p>
   </div>
   <div class='ocr_carea' id='block_1_11' title="bbox 365 1263 3732 1350">
    <p class='ocr_par' dir='ltr' id='par_1_11' title="bbox 365 1263 3732 1350">
     <span class='ocr_line' id='line_1_11' title="bbox 365 1263 3732 1350; baseline -0.002 -19"><span class='ocrx_word' id='word_1_113' title='bbox 365 1289 542 1332; x_wconf 87' lang='lat' dir='ltr'><strong>annos</strong></span> <span class='ocrx_word' id='word_1_114' title='bbox 573 1278 920 1350; x_wconf 61' lang='lat' dir='ltr'><strong>sequentes,</strong></span> <span class='ocrx_word' id='word_1_115' title='bbox 975 1269 1081 1329; x_wconf 88' lang='lat' dir='ltr'><strong>sed</strong></span> <span class='ocrx_word' id='word_1_116' title='bbox 1141 1277 1472 1348; x_wconf 66' lang='lat' dir='ltr'><strong>praeeuntes</strong></span> <span class='ocrx_word' id='word_1_117' title='bbox 1504 1267 1680 1329; x_wconf 86' lang='lat' dir='ltr'><strong>etiam</strong></span> <span class='ocrx_word' id='word_1_118' title='bbox 1713 1265 2009 1328; x_wconf 83' lang='lat' dir='ltr'><strong>sexcentis</strong></span> <span class='ocrx_word' id='word_1_119' title='bbox 2092 1291 2373 1350; x_wconf 77' lang='lat' dir='ltr'><strong>pronymo</strong></span> <span class='ocrx_word' id='word_1_120' title='bbox 2397 1271 2465 1332; x_wconf 90' lang='lat' dir='ltr'><strong>ad</strong></span> <span class='ocrx_word' id='word_1_121' title='bbox 2485 1270 2922 1330; x_wconf 84' lang='lat' dir='ltr'><strong>distinctionem</strong></span> <span class='ocrx_word' id='word_1_122' title='bbox 2951 1265 3398 1348; x_wconf 85' lang='lat' dir='ltr'><strong>protomartyris</strong></span> <span class='ocrx_word' id='word_1_123' title='bbox 3424 1263 3732 1344; x_wconf 85' lang='lat' dir='ltr'><strong>Stephani,</strong></span> 
     </span>
    </p>
   </div>
   <div class='ocr_carea' id='block_1_12' title="bbox 364 1354 3736 1436">
    <p class='ocr_par' dir='ltr' id='par_1_12' title="bbox 364 1354 3736 1436">
     <span class='ocr_line' id='line_1_12' title="bbox 364 1354 3736 1436; baseline -0.003 -11"><span class='ocrx_word' id='word_1_124' title='bbox 364 1358 476 1436; x_wconf 75' lang='lat' dir='ltr'><strong>ills</strong></span> <span class='ocrx_word' id='word_1_125' title='bbox 510 1359 763 1419; x_wconf 87' lang='lat' dir='ltr'><strong>innuere</strong></span> <span class='ocrx_word' id='word_1_126' title='bbox 793 1359 984 1420; x_wconf 84' lang='lat' dir='ltr'><strong>valet:</strong></span> <span class='ocrx_word' id='word_1_127' title='bbox 1046 1377 1177 1418; x_wconf 88' lang='lat' dir='ltr'><strong>cum</strong></span> <span class='ocrx_word' id='word_1_128' title='bbox 1236 1377 1304 1418; x_wconf 79' lang='lat' dir='ltr'><strong>ex</strong></span> <span class='ocrx_word' id='word_1_129' title='bbox 1335 1358 1386 1416; x_wconf 89' lang='lat' dir='ltr'><strong>vi</strong></span> <span class='ocrx_word' id='word_1_130' title='bbox 1421 1375 1541 1416; x_wconf 67' lang='lat' dir='ltr'><strong>suae</strong></span> <span class='ocrx_word' id='word_1_131' title='bbox 1563 1354 2011 1434; x_wconf 61' lang='lat' dir='ltr'><strong>signiﬁcationis</strong></span> <span class='ocrx_word' id='word_1_132' title='bbox 2091 1361 2462 1425; x_wconf 80' lang='lat' dir='ltr'><strong>Theodosius</strong></span> <span class='ocrx_word' id='word_1_133' title='bbox 2490 1361 2720 1431; x_wconf 86' lang='lat' dir='ltr'><strong>Junior,</strong></span> <span class='ocrx_word' id='word_1_134' title='bbox 2743 1355 3442 1430; x_wconf 87' lang='lat' dir='ltr'><strong>ValentinianusJunior,</strong></span> <span class='ocrx_word' id='word_1_135' title='bbox 3459 1361 3736 1435; x_wconf 87' lang='lat' dir='ltr'><strong>respectu</strong></span> 
     </span>
    </p>
   </div>
   <div class='ocr_carea' id='block_1_13' title="bbox 371 1443 3734 1528">
    <p class='ocr_par' dir='ltr' id='par_1_13' title="bbox 371 1443 3734 1528">
     <span class='ocr_line' id='line_1_13' title="bbox 371 1443 3734 1528; baseline -0.001 -18"><span class='ocrx_word' id='word_1_136' title='bbox 371 1456 480 1508; x_wconf 88' lang='lat' dir='ltr'><strong>tam</strong></span> <span class='ocrx_word' id='word_1_137' title='bbox 512 1447 870 1518; x_wconf 83' lang='lat' dir='ltr'><strong>anteriores,</strong></span> <span class='ocrx_word' id='word_1_138' title='bbox 907 1465 1078 1526; x_wconf 86' lang='lat' dir='ltr'><strong>quam</strong></span> <span class='ocrx_word' id='word_1_139' title='bbox 1113 1445 1545 1526; x_wconf 81' lang='lat' dir='ltr'><strong>subsequentes</strong></span> <span class='ocrx_word' id='word_1_140' title='bbox 1575 1445 1818 1512; x_wconf 74' lang='lat' dir='ltr'><strong>indicet.</strong></span> <span class='ocrx_word' id='word_1_141' title='bbox 1867 1462 2009 1503; x_wconf 85' lang='lat' dir='ltr'><strong>sen-</strong></span> <span class='ocrx_word' id='word_1_142' title='bbox 2095 1451 2167 1510; x_wconf 90' lang='lat' dir='ltr'><strong>ad</strong></span> <span class='ocrx_word' id='word_1_143' title='bbox 2208 1449 2474 1528; x_wconf 76' lang='lat' dir='ltr'><strong>ejusdem</strong></span> <span class='ocrx_word' id='word_1_144' title='bbox 2510 1448 2768 1508; x_wconf 87' lang='lat' dir='ltr'><strong>nominis</strong></span> <span class='ocrx_word' id='word_1_145' title='bbox 2798 1457 3229 1508; x_wconf 80' lang='lat' dir='ltr'><strong>antecessores.</strong></span> <span class='ocrx_word' id='word_1_146' title='bbox 3263 1445 3346 1506; x_wconf 90' lang='lat' dir='ltr'><strong>De</strong></span> <span class='ocrx_word' id='word_1_147' title='bbox 3376 1451 3578 1505; x_wconf 91' lang='lat' dir='ltr'><strong>sancto</strong></span> <span class='ocrx_word' id='word_1_148' title='bbox 3610 1443 3734 1506; x_wconf 84' lang='lat' dir='ltr'><strong>Ma-</strong></span> 
     </span>
    </p>
   </div>
   <div class='ocr_carea' id='block_1_14' title="bbox 363 1531 3736 1616">
    <p class='ocr_par' dir='ltr' id='par_1_14' title="bbox 363 1531 3736 1616">
     <span class='ocr_line' id='line_1_14' title="bbox 363 1531 3736 1616; baseline -0.001 -20"><span class='ocrx_word' id='word_1_149' title='bbox 363 1554 606 1615; x_wconf 92' lang='lat' dir='ltr'><strong>sumque</strong></span> <span class='ocrx_word' id='word_1_150' title='bbox 639 1536 878 1596; x_wconf 90' lang='lat' dir='ltr'><strong>illorum</strong></span> <span class='ocrx_word' id='word_1_151' title='bbox 937 1535 1254 1595; x_wconf 61' lang='lat' dir='ltr'><strong>verborum</strong></span> <span class='ocrx_word' id='word_1_152' title='bbox 1317 1553 1470 1614; x_wconf 88' lang='lat' dir='ltr'><strong>esse,</strong></span> <span class='ocrx_word' id='word_1_153' title='bbox 1533 1533 1832 1594; x_wconf 83' lang='lat' dir='ltr'><strong>diabolum</strong></span> <span class='ocrx_word' id='word_1_154' title='bbox 1865 1532 2014 1592; x_wconf 90' lang='lat' dir='ltr'><strong>clam</strong></span> <span class='ocrx_word' id='word_1_155' title='bbox 2101 1546 2320 1616; x_wconf 72' lang='lat' dir='ltr'><strong>mante,</strong></span> <span class='ocrx_word' id='word_1_156' title='bbox 2355 1536 2791 1608; x_wconf 80' lang='lat' dir='ltr'><strong>etXerocerco,</strong></span> <span class='ocrx_word' id='word_1_157' title='bbox 2852 1536 3008 1615; x_wconf 90' lang='lat' dir='ltr'><strong>quod</strong></span> <span class='ocrx_word' id='word_1_158' title='bbox 3065 1535 3128 1594; x_wconf 91' lang='lat' dir='ltr'><strong>in</strong></span> <span class='ocrx_word' id='word_1_159' title='bbox 3181 1532 3566 1614; x_wconf 81' lang='lat' dir='ltr'><strong>Xylocercum</strong></span> <span class='ocrx_word' id='word_1_160' title='bbox 3616 1531 3736 1594; x_wconf 91' lang='lat' dir='ltr'><strong>im-</strong></span> 
     </span>
    </p>
   </div>
   <div class='ocr_carea' id='block_1_15' title="bbox 367 1619 3736 1706">
    <p class='ocr_par' dir='ltr' id='par_1_15' title="bbox 367 1619 3736 1706">
     <span class='ocr_line' id='line_1_15' title="bbox 367 1619 3736 1706; baseline -0.001 -20"><span class='ocrx_word' id='word_1_161' title='bbox 367 1644 608 1705; x_wconf 85' lang='lat' dir='ltr'><strong>semper</strong></span> <span class='ocrx_word' id='word_1_162' title='bbox 637 1635 695 1686; x_wconf 88' lang='lat' dir='ltr'><strong>et</strong></span> <span class='ocrx_word' id='word_1_163' title='bbox 723 1625 970 1685; x_wconf 89' lang='lat' dir='ltr'><strong>subdole</strong></span> <span class='ocrx_word' id='word_1_164' title='bbox 1003 1625 1374 1686; x_wconf 80' lang='lat' dir='ltr'><strong>adversatum</strong></span> <span class='ocrx_word' id='word_1_165' title='bbox 1411 1642 1542 1686; x_wconf 89' lang='lat' dir='ltr'><strong>esse</strong></span> <span class='ocrx_word' id='word_1_166' title='bbox 1572 1622 1912 1684; x_wconf 84' lang='lat' dir='ltr'><strong>hominibus</strong></span> <span class='ocrx_word' id='word_1_167' title='bbox 1943 1622 2016 1682; x_wconf 88' lang='lat' dir='ltr'><strong>ab</strong></span> <span class='ocrx_word' id='word_1_168' title='bbox 2101 1635 2348 1688; x_wconf 81' lang='lat' dir='ltr'><strong>mutant.</strong></span> <span class='ocrx_word' id='word_1_169' title='bbox 2381 1627 2574 1706; x_wconf 88' lang='lat' dir='ltr'><strong>deque</strong></span> <span class='ocrx_word' id='word_1_170' title='bbox 2603 1625 2948 1704; x_wconf 82' lang='lat' dir='ltr'><strong>Hegumeno</strong></span> <span class='ocrx_word' id='word_1_171' title='bbox 2987 1625 3047 1684; x_wconf 92' lang='lat' dir='ltr'><strong>in</strong></span> <span class='ocrx_word' id='word_1_172' title='bbox 3075 1625 3412 1702; x_wconf 75' lang='lat' dir='ltr'><strong>principem</strong></span> <span class='ocrx_word' id='word_1_173' title='bbox 3443 1619 3515 1689; x_wconf 86' lang='lat' dir='ltr'><strong>ab</strong></span> <span class='ocrx_word' id='word_1_174' title='bbox 3543 1621 3736 1682; x_wconf 66' lang='lat' dir='ltr'><strong>haere-</strong></span> 
     </span>
    </p>
   </div>
   <div class='ocr_carea' id='block_1_16' title="bbox 361 1710 3741 1792">
    <p class='ocr_par' dir='ltr' id='par_1_16' title="bbox 361 1710 3741 1792">
     <span class='ocr_line' id='line_1_16' title="bbox 361 1710 3741 1792; baseline -0.001 -18"><span class='ocrx_word' id='word_1_175' title='bbox 361 1714 500 1776; x_wconf 87' lang='lat' dir='ltr'><strong>orbe</strong></span> <span class='ocrx_word' id='word_1_176' title='bbox 534 1716 666 1792; x_wconf 86' lang='lat' dir='ltr'><strong>ipso</strong></span> <span class='ocrx_word' id='word_1_177' title='bbox 700 1713 936 1775; x_wconf 88' lang='lat' dir='ltr'><strong>condito</strong></span> <span class='ocrx_word' id='word_1_178' title='bbox 978 1716 1045 1774; x_wconf 86' lang='lat' dir='ltr'><strong>ad</strong></span> <span class='ocrx_word' id='word_1_179' title='bbox 1102 1733 1321 1773; x_wconf 89' lang='lat' dir='ltr'><strong>annum</strong></span> <span class='ocrx_word' id='word_1_180' title='bbox 1356 1714 1478 1773; x_wconf 84' lang='lat' dir='ltr'><strong>fere</strong></span> <span class='ocrx_word' id='word_1_181' title='bbox 1505 1731 1602 1772; x_wconf 84' lang='lat' dir='ltr'><strong>sex</strong></span> <span class='ocrx_word' id='word_1_182' title='bbox 1640 1713 2016 1772; x_wconf 87' lang='lat' dir='ltr'><strong>millesimum</strong></span> <span class='ocrx_word' id='word_1_183' title='bbox 2100 1715 2233 1776; x_wconf 87' lang='lat' dir='ltr'><strong>ticis</strong></span> <span class='ocrx_word' id='word_1_184' title='bbox 2266 1715 2416 1775; x_wconf 89' lang='lat' dir='ltr'><strong>mala</strong></span> <span class='ocrx_word' id='word_1_185' title='bbox 2448 1715 2564 1776; x_wconf 87' lang='lat' dir='ltr'><strong>fide</strong></span> <span class='ocrx_word' id='word_1_186' title='bbox 2617 1733 2805 1788; x_wconf 88' lang='lat' dir='ltr'><strong>verso,</strong></span> <span class='ocrx_word' id='word_1_187' title='bbox 2852 1713 2984 1774; x_wconf 87' lang='lat' dir='ltr'><strong>vide</strong></span> <span class='ocrx_word' id='word_1_188' title='bbox 3042 1711 3304 1773; x_wconf 86' lang='lat' dir='ltr'><strong>eosdem.</strong></span> <span class='ocrx_word' id='word_1_189' title='bbox 3340 1710 3480 1772; x_wconf 83' lang='lat' dir='ltr'><strong>Mihi</strong></span> <span class='ocrx_word' id='word_1_190' title='bbox 3509 1711 3741 1790; x_wconf 84' lang='lat' dir='ltr'><strong>singula</strong></span> 
     </span>
    </p>
   </div>
   <div class='ocr_carea' id='block_1_17' title="bbox 361 1800 3738 1882">
    <p class='ocr_par' dir='ltr' id='par_1_17' title="bbox 361 1800 3738 1882">
     <span class='ocr_line' id='line_1_17' title="bbox 361 1800 3738 1882; baseline -0 -19"><span class='ocrx_word' id='word_1_191' title='bbox 361 1803 857 1864; x_wconf 69' lang='lat' dir='ltr'><strong>sexcent°simum</strong></span> <span class='ocrx_word' id='word_1_192' title='bbox 891 1802 1326 1862; x_wconf 88' lang='lat' dir='ltr'><strong>imminentem.</strong></span> <span class='ocrx_word' id='word_1_193' title='bbox 1365 1804 1514 1864; x_wconf 89' lang='lat' dir='ltr'><strong>llinc</strong></span> <span class='ocrx_word' id='word_1_194' title='bbox 1539 1802 1665 1878; x_wconf 86' lang='lat' dir='ltr'><strong>ipse</strong></span> <span class='ocrx_word' id='word_1_195' title='bbox 1695 1800 1856 1860; x_wconf 88' lang='lat' dir='ltr'><strong>illius</strong></span> <span class='ocrx_word' id='word_1_196' title='bbox 1887 1804 2080 1864; x_wconf 60' lang='lat' dir='ltr'><strong>aeta.B</strong></span> <span class='ocrx_word' id='word_1_197' title='bbox 2101 1814 2159 1864; x_wconf 91' lang='lat' dir='ltr'><strong>et</strong></span> <span class='ocrx_word' id='word_1_198' title='bbox 2187 1804 2583 1864; x_wconf 79' lang='lat' dir='ltr'><strong>minutissima</strong></span> <span class='ocrx_word' id='word_1_199' title='bbox 2611 1820 2860 1882; x_wconf 71' lang='lat' dir='ltr'><strong>quaeque</strong></span> <span class='ocrx_word' id='word_1_200' title='bbox 2892 1801 3229 1864; x_wconf 87' lang='lat' dir='ltr'><strong>examinare</strong></span> <span class='ocrx_word' id='word_1_201' title='bbox 3260 1819 3457 1882; x_wconf 82' lang='lat' dir='ltr'><strong>operae</strong></span> <span class='ocrx_word' id='word_1_202' title='bbox 3485 1801 3738 1880; x_wconf 84' lang='lat' dir='ltr'><strong>pretium</strong></span> 
     </span>
    </p>
   </div>
   <div class='ocr_carea' id='block_1_18' title="bbox 364 1889 1990 1972">
    <p class='ocr_par' dir='ltr' id='par_1_18' title="bbox 364 1889 1990 1972">
     <span class='ocr_line' id='line_1_18' title="bbox 364 1889 1990 1972; baseline -0.001 -22"><span class='ocrx_word' id='word_1_203' title='bbox 364 1905 476 1952; x_wconf 89' lang='lat' dir='ltr'><strong>tem</strong></span> <span class='ocrx_word' id='word_1_204' title='bbox 502 1900 697 1952; x_wconf 77' lang='lat' dir='ltr'><strong>statuo</strong></span> <span class='ocrx_word' id='word_1_205' title='bbox 728 1910 827 1954; x_wconf 89' lang='lat' dir='ltr'><strong>an.</strong></span> <span class='ocrx_word' id='word_1_206' title='bbox 867 1893 1040 1972; x_wconf 74' lang='grc'>1051,</span> <span class='ocrx_word' id='word_1_207' title='bbox 1079 1891 1166 1952; x_wconf 86' lang='lat' dir='ltr'><strong>vel</strong></span> <span class='ocrx_word' id='word_1_208' title='bbox 1199 1889 1435 1952; x_wconf 86' lang='lat' dir='ltr'><strong>circiter</strong></span> <span class='ocrx_word' id='word_1_209' title='bbox 1468 1890 1576 1951; x_wconf 90' lang='lat' dir='ltr'><strong>sub</strong></span> <span class='ocrx_word' id='word_1_210' title='bbox 1601 1889 1820 1951; x_wconf 88' lang='lat' dir='ltr'><strong>Isaacio</strong></span> <span class='ocrx_word' id='word_1_211' title='bbox 1847 1889 1990 1951; x_wconf 90' lang='lat' dir='ltr'><strong>Com</strong></span> 
     </span>
    </p>
   </div>
   <div class='ocr_carea' id='block_1_19' title="bbox 367 1981 855 2044">
    <p class='ocr_par' dir='ltr' id='par_1_19' title="bbox 367 1981 855 2044">
     <span class='ocr_line' id='line_1_19' title="bbox 367 1981 855 2044; baseline 0.006 -3"><span class='ocrx_word' id='word_1_212' title='bbox 367 1999 519 2041; x_wconf 91' lang='lat' dir='ltr'><strong>neno</strong></span> <span class='ocrx_word' id='word_1_213' title='bbox 553 1990 615 2043; x_wconf 89' lang='lat' dir='ltr'><strong>et</strong></span> <span class='ocrx_word' id='word_1_214' title='bbox 651 1981 855 2044; x_wconf 87' lang='lat' dir='ltr'><strong>Ducis.</strong></span> 
     </span>
    </p>
   </div>
   <div class='ocr_carea' id='block_1_20' title="bbox 438 2065 2014 2149">
    <p class='ocr_par' dir='ltr' id='par_1_20' title="bbox 438 2065 2014 2149">
     <span class='ocr_line' id='line_1_20' title="bbox 438 2065 2014 2149; baseline -0.003 -20"><span class='ocrx_word' id='word_1_215' title='bbox 438 2068 596 2130; x_wconf 90' lang='lat' dir='ltr'><strong>Illud</strong></span> <span class='ocrx_word' id='word_1_216' title='bbox 659 2069 803 2129; x_wconf 90' lang='lat' dir='ltr'><strong>mihi</strong></span> <span class='ocrx_word' id='word_1_217' title='bbox 869 2069 1062 2130; x_wconf 89' lang='lat' dir='ltr'><strong>adhuc</strong></span> <span class='ocrx_word' id='word_1_218' title='bbox 1120 2066 1489 2149; x_wconf 85' lang='lat' dir='ltr'><strong>probandum</strong></span> <span class='ocrx_word' id='word_1_219' title='bbox 1549 2065 1804 2126; x_wconf 85' lang='lat' dir='ltr'><strong>maximo</strong></span> <span class='ocrx_word' id='word_1_220' title='bbox 1835 2083 2014 2143; x_wconf 86' lang='lat' dir='ltr'><strong>argu-</strong></span> 
     </span>
    </p>
   </div>
   <div class='ocr_carea' id='block_1_21' title="bbox 363 2153 2016 2234">
    <p class='ocr_par' dir='ltr' id='par_1_21' title="bbox 363 2153 2016 2234">
     <span class='ocr_line' id='line_1_21' title="bbox 363 2153 2016 2234; baseline -0.002 -17"><span class='ocrx_word' id='word_1_221' title='bbox 363 2166 560 2218; x_wconf 91' lang='lat' dir='ltr'><strong>mento</strong></span> <span class='ocrx_word' id='word_1_222' title='bbox 618 2157 694 2216; x_wconf 91' lang='lat' dir='ltr'><strong>sit</strong></span> <span class='ocrx_word' id='word_1_223' title='bbox 747 2156 984 2219; x_wconf 85' lang='lat' dir='ltr'><strong>Nicetas</strong></span> <span class='ocrx_word' id='word_1_224' title='bbox 1041 2156 1354 2226; x_wconf 90' lang='lat' dir='ltr'><strong>Stethatus,</strong></span> <span class='ocrx_word' id='word_1_225' title='bbox 1417 2155 1516 2234; x_wconf 91' lang='lat' dir='ltr'><strong>qui</strong></span> <span class='ocrx_word' id='word_1_226' title='bbox 1548 2173 1681 2215; x_wconf 85' lang='lat' dir='ltr'><strong>eum</strong></span> <span class='ocrx_word' id='word_1_227' title='bbox 1735 2153 2016 2214; x_wconf 83' lang='lat' dir='ltr'><strong>lllichaele</strong></span> 
     </span>
    </p>
   </div>
   <div class='ocr_carea' id='block_1_22' title="bbox 364 2243 2016 2326">
    <p class='ocr_par' dir='ltr' id='par_1_22' title="bbox 364 2243 2016 2326">
     <span class='ocr_line' id='line_1_22' title="bbox 364 2243 2016 2326; baseline -0.004 -19"><span class='ocrx_word' id='word_1_228' title='bbox 364 2245 672 2308; x_wconf 88' lang='lat' dir='ltr'><strong>Cerulario</strong></span> <span class='ocrx_word' id='word_1_229' title='bbox 736 2247 1080 2326; x_wconf 65' lang='lat' dir='ltr'><strong>pat&#39;iarcha</strong></span> <span class='ocrx_word' id='word_1_230' title='bbox 1155 2244 1822 2324; x_wconf 88' lang='lat' dir='ltr'><strong>Constantinopolitano,</strong></span> <span class='ocrx_word' id='word_1_231' title='bbox 1902 2243 2016 2301; x_wconf 84' lang='lat' dir='ltr'><strong>im-</strong></span> 
     </span>
    </p>
   </div>
   <div class='ocr_carea' id='block_1_23' title="bbox 365 2330 2018 2414">
    <p class='ocr_par' dir='ltr' id='par_1_23' title="bbox 365 2330 2018 2414">
     <span class='ocr_line' id='line_1_23' title="bbox 365 2330 2018 2414; baseline -0.004 -18"><span class='ocrx_word' id='word_1_232' title='bbox 365 2344 612 2414; x_wconf 88' lang='lat' dir='ltr'><strong>perante</strong></span> <span class='ocrx_word' id='word_1_233' title='bbox 663 2333 1044 2396; x_wconf 87' lang='lat' dir='ltr'><strong>Constantino</strong></span> <span class='ocrx_word' id='word_1_234' title='bbox 1104 2333 1516 2402; x_wconf 86' lang='lat' dir='ltr'><strong>Monomacho,</strong></span> <span class='ocrx_word' id='word_1_235' title='bbox 1569 2331 1768 2392; x_wconf 90' lang='lat' dir='ltr'><strong>multis</strong></span> <span class='ocrx_word' id='word_1_236' title='bbox 1821 2338 1910 2391; x_wconf 85' lang='lat' dir='ltr'><strong>est</strong></span> <span class='ocrx_word' id='word_1_237' title='bbox 1956 2330 2018 2390; x_wconf 92' lang='lat' dir='ltr'><strong>in</strong></span> 
     </span>
    </p>
   </div>
   <div class='ocr_carea' id='block_1_24' title="bbox 365 2421 2012 2503">
    <p class='ocr_par' dir='ltr' id='par_1_24' title="bbox 365 2421 2012 2503">
     <span class='ocr_line' id='line_1_24' title="bbox 365 2421 2012 2503; baseline -0.004 -19"><span class='ocrx_word' id='word_1_238' title='bbox 365 2423 604 2484; x_wconf 83' lang='lat' dir='ltr'><strong>Latinos</strong></span> <span class='ocrx_word' id='word_1_239' title='bbox 633 2423 922 2486; x_wconf 88' lang='lat' dir='ltr'><strong>invectus.</strong></span> <span class='ocrx_word' id='word_1_240' title='bbox 969 2423 1222 2503; x_wconf 90' lang='lat' dir='ltr'><strong>Ideoque</strong></span> <span class='ocrx_word' id='word_1_241' title='bbox 1252 2422 1525 2482; x_wconf 84' lang='lat' dir='ltr'><strong>volumen</strong></span> <span class='ocrx_word' id='word_1_242' title='bbox 1555 2421 1712 2482; x_wconf 93' lang='lat' dir='ltr'><strong>illius</strong></span> <span class='ocrx_word' id='word_1_243' title='bbox 1743 2427 2012 2481; x_wconf 76' lang='lat' dir='ltr'><strong>exustum</strong></span> 
     </span>
    </p>
   </div>
   <div class='ocr_carea' id='block_1_25' title="bbox 364 2505 2038 2590">
    <p class='ocr_par' dir='ltr' id='par_1_25' title="bbox 364 2505 2038 2590">
     <span class='ocr_line' id='line_1_25' title="bbox 364 2505 2038 2590; baseline -0.003 -20"><span class='ocrx_word' id='word_1_244' title='bbox 364 2529 516 2571; x_wconf 89' lang='lat' dir='ltr'><strong>anno</strong></span> <span class='ocrx_word' id='word_1_245' title='bbox 548 2512 735 2582; x_wconf 70' lang='grc'><strong>1054,</strong></span> <span class='ocrx_word' id='word_1_246' title='bbox 765 2511 825 2571; x_wconf 94' lang='lat' dir='ltr'><strong>in</strong></span> <span class='ocrx_word' id='word_1_247' title='bbox 860 2512 1036 2590; x_wconf 84' lang='lat' dir='ltr'><strong>hujus</strong></span> <span class='ocrx_word' id='word_1_248' title='bbox 1059 2509 1354 2572; x_wconf 90' lang='lat' dir='ltr'><strong>Simeonis</strong></span> <span class='ocrx_word' id='word_1_249' title='bbox 1377 2510 1452 2570; x_wconf 90' lang='lat' dir='ltr'><strong>de</strong></span> <span class='ocrx_word' id='word_1_250' title='bbox 1502 2508 1714 2568; x_wconf 82' lang='lat' dir='ltr'><strong>divinis</strong></span> <span class='ocrx_word' id='word_1_251' title='bbox 1746 2505 2038 2568; x_wconf 79' lang='lat' dir='ltr'><strong>laudibus</strong></span> 
     </span>
    </p>
   </div>
   <div class='ocr_carea' id='block_1_26' title="bbox 366 2593 2017 2678">
    <p class='ocr_par' dir='ltr' id='par_1_26' title="bbox 366 2593 2017 2678">
     <span class='ocr_line' id='line_1_26' title="bbox 366 2593 2017 2678; baseline -0.004 -20"><span class='ocrx_word' id='word_1_252' title='bbox 366 2598 582 2660; x_wconf 90' lang='lat' dir='ltr'><strong>librum</strong></span> <span class='ocrx_word' id='word_1_253' title='bbox 623 2600 920 2678; x_wconf 73' lang='lat' dir='ltr'><strong>przefatur.</strong></span> <span class='ocrx_word' id='word_1_254' title='bbox 981 2599 1281 2678; x_wconf 81' lang='lat' dir='ltr'><strong>refertque</strong></span> <span class='ocrx_word' id='word_1_255' title='bbox 1337 2617 1404 2658; x_wconf 88' lang='lat' dir='ltr'><strong>se</strong></span> <span class='ocrx_word' id='word_1_256' title='bbox 1458 2595 1616 2657; x_wconf 77' lang='lat' dir='ltr'><strong>illius</strong></span> <span class='ocrx_word' id='word_1_257' title='bbox 1663 2593 2017 2673; x_wconf 62' lang='lat' dir='ltr'><strong>discipulum</strong></span> 
     </span>
    </p>
   </div>
   <div class='ocr_carea' id='block_1_27' title="bbox 368 2683 2014 2762">
    <p class='ocr_par' dir='ltr' id='par_1_27' title="bbox 368 2683 2014 2762">
     <span class='ocr_line' id='line_1_27' title="bbox 368 2683 2014 2762; baseline -0.006 -15"><span class='ocrx_word' id='word_1_258' title='bbox 368 2687 600 2750; x_wconf 83' lang='lat' dir='ltr'><strong>fuisse:</strong></span> <span class='ocrx_word' id='word_1_259' title='bbox 665 2695 839 2746; x_wconf 72' lang='grc' dir='ltr'>Ταῦτα</span> <span class='ocrx_word' id='word_1_260' title='bbox 895 2691 982 2745; x_wconf 87' lang='grc' dir='ltr'><strong>καὶ</strong></span> <span class='ocrx_word' id='word_1_261' title='bbox 1036 2691 1200 2762; x_wconf 70' lang='grc' dir='ltr'>ἡμεῖς</span> <span class='ocrx_word' id='word_1_262' title='bbox 1259 2689 1332 2750; x_wconf 82' lang='grc' dir='ltr'>ὡς</span> <span class='ocrx_word' id='word_1_263' title='bbox 1391 2686 1530 2759; x_wconf 73' lang='grc' dir='ltr'><strong>αὖτῴ</strong></span> <span class='ocrx_word' id='word_1_264' title='bbox 1585 2683 2014 2760; x_wconf 78' lang='grc' dir='ltr'>μαθητευθὲντες,</span> 
     </span>
    </p>
   </div>
   <div class='ocr_carea' id='block_1_28' title="bbox 367 2773 2016 2853">
    <p class='ocr_par' dir='ltr' id='par_1_28' title="bbox 367 2773 2016 2853">
     <span class='ocr_line' id='line_1_28' title="bbox 367 2773 2016 2853; baseline -0.004 -21"><span class='ocrx_word' id='word_1_265' title='bbox 367 2779 450 2832; x_wconf 84' lang='grc' dir='ltr'><strong>καὶ</strong></span> <span class='ocrx_word' id='word_1_266' title='bbox 480 2780 538 2832; x_wconf 74' lang='grc' dir='ltr'>τὸ</span> <span class='ocrx_word' id='word_1_267' title='bbox 570 2776 733 2852; x_wconf 66' lang='grc' dir='ltr'>ὕψος,</span> <span class='ocrx_word' id='word_1_268' title='bbox 768 2779 856 2833; x_wconf 81' lang='grc' dir='ltr'><strong>καὶ</strong></span> <span class='ocrx_word' id='word_1_269' title='bbox 885 2779 1066 2853; x_wconf 82' lang='grc' dir='ltr'>βάθος,</span> <span class='ocrx_word' id='word_1_270' title='bbox 1100 2779 1186 2832; x_wconf 81' lang='grc' dir='ltr'><strong>καὶ</strong></span> <span class='ocrx_word' id='word_1_271' title='bbox 1238 2775 1435 2838; x_wconf 81' lang='grc' dir='ltr'>πλάτος</span> <span class='ocrx_word' id='word_1_272' title='bbox 1495 2780 1591 2840; x_wconf 78' lang='grc' dir='ltr'><strong>τῆς</strong></span> <span class='ocrx_word' id='word_1_273' title='bbox 1651 2775 1804 2830; x_wconf 70' lang='grc' dir='ltr'><strong>αύτοῦ</strong></span> <span class='ocrx_word' id='word_1_274' title='bbox 1835 2773 2016 2850; x_wconf 70' lang='grc' dir='ltr'>σοφάς</span> 
     </span>
    </p>
   </div>
   <div class='ocr_carea' id='block_1_29' title="bbox 368 2861 2018 2944">
    <p class='ocr_par' dir='ltr' id='par_1_29' title="bbox 368 2861 2018 2944">
     <span class='ocr_line' id='line_1_29' title="bbox 368 2861 2018 2944; baseline -0.003 -25"><span class='ocrx_word' id='word_1_275' title='bbox 368 2863 554 2929; x_wconf 73' lang='grc' dir='ltr'>εἰδότες</span> <span class='ocrx_word' id='word_1_276' title='bbox 662 2863 746 2923; x_wconf 71' lang='grc' dir='ltr'>διὰ</span> <span class='ocrx_word' id='word_1_277' title='bbox 827 2869 930 2922; x_wconf 79' lang='grc' dir='ltr'>τῶν</span> <span class='ocrx_word' id='word_1_278' title='bbox 1019 2865 1304 2944; x_wconf 71' lang='grc' dir='ltr'><strong>εἰρημένων</strong></span> <span class='ocrx_word' id='word_1_279' title='bbox 1403 2865 1493 2918; x_wconf 76' lang='grc' dir='ltr'><strong>καὶ</strong></span> <span class='ocrx_word' id='word_1_280' title='bbox 1584 2869 1675 2917; x_wconf 76' lang='grc' dir='ltr'><strong>του</strong></span> <span class='ocrx_word' id='word_1_281' title='bbox 1761 2861 2018 2938; x_wconf 77' lang='grc' dir='ltr'>παρόντος</span> 
     </span>
    </p>
   </div>
   <div class='ocr_carea' id='block_1_30' title="bbox 364 2945 2019 3034">
    <p class='ocr_par' dir='ltr' id='par_1_30' title="bbox 364 2945 2019 3034">
     <span class='ocr_line' id='line_1_30' title="bbox 364 2945 2019 3034; baseline -0.004 -26"><span class='ocrx_word' id='word_1_282' title='bbox 364 2951 522 3032; x_wconf 79' lang='grc' dir='ltr'>λόγου</span> <span class='ocrx_word' id='word_1_283' title='bbox 600 2961 710 3011; x_wconf 81' lang='grc' dir='ltr'>τῶν</span> <span class='ocrx_word' id='word_1_284' title='bbox 783 2955 956 3021; x_wconf 81' lang='grc' dir='ltr'>πάντη</span> <span class='ocrx_word' id='word_1_285' title='bbox 1015 2953 1252 3034; x_wconf 80' lang='grc' dir='ltr'>χονδρῶν</span> <span class='ocrx_word' id='word_1_286' title='bbox 1320 2953 1407 3008; x_wconf 83' lang='grc' dir='ltr'><strong>καὶ</strong></span> <span class='ocrx_word' id='word_1_287' title='bbox 1461 2951 1703 3026; x_wconf 77' lang='grc' dir='ltr'>ἀμύστων</span> <span class='ocrx_word' id='word_1_288' title='bbox 1783 2945 2019 3004; x_wconf 80' lang='grc' dir='ltr'>διαστελ-</span> 
     </span>
    </p>
   </div>
   <div class='ocr_carea' id='block_1_31' title="bbox 366 3036 2013 3124">
    <p class='ocr_par' dir='ltr' id='par_1_31' title="bbox 366 3036 2013 3124">
     <span class='ocr_line' id='line_1_31' title="bbox 366 3036 2013 3124; baseline -0.005 -25"><span class='ocrx_word' id='word_1_289' title='bbox 366 3041 550 3124; x_wconf 84' lang='grc' dir='ltr'>λομεν,</span> <span class='ocrx_word' id='word_1_290' title='bbox 643 3045 732 3100; x_wconf 85' lang='grc' dir='ltr'><strong>καὶ</strong></span> <span class='ocrx_word' id='word_1_291' title='bbox 829 3045 1087 3124; x_wconf 66' lang='grc' dir='ltr'>ἀνὲκφορα</span> <span class='ocrx_word' id='word_1_292' title='bbox 1164 3046 1365 3105; x_wconf 78' lang='grc' dir='ltr'><strong>τούτοις</strong></span> <span class='ocrx_word' id='word_1_293' title='bbox 1449 3041 1588 3097; x_wconf 75' lang='grc' dir='ltr'>εἶναι</span> <span class='ocrx_word' id='word_1_294' title='bbox 1700 3036 2013 3114; x_wconf 78' lang='grc' dir='ltr'>βουλόμεθα.</span> 
     </span>
    </p>
   </div>
   <div class='ocr_carea' id='block_1_32' title="bbox 370 3126 2019 3212">
    <p class='ocr_par' dir='ltr' id='par_1_32' title="bbox 370 3126 2019 3212">
     <span class='ocr_line' id='line_1_32' title="bbox 370 3126 2019 3212; baseline -0.004 -21"><span class='ocrx_word' id='word_1_295' title='bbox 370 3133 510 3194; x_wconf 67' lang='lat' dir='ltr'><strong>Herc</strong></span> <span class='ocrx_word' id='word_1_296' title='bbox 532 3149 654 3194; x_wconf 83' lang='lat' dir='ltr'><strong>nos</strong></span> <span class='ocrx_word' id='word_1_297' title='bbox 678 3140 972 3212; x_wconf 74' lang='lat' dir='ltr'><strong>tanquam</strong></span> <span class='ocrx_word' id='word_1_298' title='bbox 993 3131 1066 3193; x_wconf 84' lang='lat' dir='ltr'><strong>ab</strong></span> <span class='ocrx_word' id='word_1_299' title='bbox 1087 3149 1155 3193; x_wconf 89' lang='lat' dir='ltr'><strong>eo</strong></span> <span class='ocrx_word' id='word_1_300' title='bbox 1173 3131 1382 3204; x_wconf 54' lang='lat' dir='ltr'><strong>edi-eti,</strong></span> <span class='ocrx_word' id='word_1_301' title='bbox 1421 3135 1473 3191; x_wconf 86' lang='lat' dir='ltr'><strong>et</strong></span> <span class='ocrx_word' id='word_1_302' title='bbox 1507 3126 1938 3189; x_wconf 73' lang='lat' dir='ltr'><strong>sublimitatem</strong></span> <span class='ocrx_word' id='word_1_303' title='bbox 1965 3131 2019 3186; x_wconf 88' lang='lat' dir='ltr'><strong>et</strong></span> 
     </span>
    </p>
   </div>
   <div class='ocr_carea' id='block_1_33' title="bbox 643 3041 1588 3124">
    <p class='ocr_par' dir='ltr' id='par_1_33' title="bbox 643 3041 1588 3124">
     <span class='ocr_line' id='line_1_33' title="bbox 643 3041 1588 3124; baseline -0.005 -24"><span class='ocrx_word' id='word_1_304' title='bbox 643 3045 732 3100; x_wconf 85' lang='grc' dir='ltr'><strong>καὶ</strong></span> <span class='ocrx_word' id='word_1_305' title='bbox 829 3045 1087 3124; x_wconf 68' lang='grc' dir='ltr'>ἀνὲκιρορα</span> <span class='ocrx_word' id='word_1_306' title='bbox 1164 3046 1365 3105; x_wconf 79' lang='grc' dir='ltr'>τούτοις</span> <span class='ocrx_word' id='word_1_307' title='bbox 1449 3041 1588 3097; x_wconf 76' lang='grc' dir='ltr'>εἶναι</span> 
     </span>
    </p>
   </div>
   <div class='ocr_carea' id='block_1_34' title="bbox 2104 1892 2508 1953">
    <p class='ocr_par' dir='ltr' id='par_1_34' title="bbox 2104 1892 2508 1953">
     <span class='ocr_line' id='line_1_34' title="bbox 2104 1892 2508 1953; baseline 0 -1"><span class='ocrx_word' id='word_1_308' title='bbox 2104 1912 2220 1953; x_wconf 85' lang='grc' dir='ltr'><strong>ηοη</strong></span> <span class='ocrx_word' id='word_1_309' title='bbox 2257 1892 2508 1952; x_wconf 86' lang='lat' dir='ltr'><strong>videtur.</strong></span> 
     </span>
    </p>
   </div>
   <div class='ocr_carea' id='block_1_35' title="bbox 2179 1978 3740 2060">
    <p class='ocr_par' dir='ltr' id='par_1_35' title="bbox 2179 1978 3740 2060">
     <span class='ocr_line' id='line_1_35' title="bbox 2179 1978 3740 2060; baseline -0.001 -18"><span class='ocrx_word' id='word_1_310' title='bbox 2179 1981 2366 2060; x_wconf 86' lang='lat' dir='ltr'><strong>Hujus</strong></span> <span class='ocrx_word' id='word_1_311' title='bbox 2397 1981 2693 2045; x_wconf 88' lang='lat' dir='ltr'><strong>orationes</strong></span> <span class='ocrx_word' id='word_1_312' title='bbox 2723 1980 2958 2060; x_wconf 86' lang='lat' dir='ltr'><strong>triginta</strong></span> <span class='ocrx_word' id='word_1_313' title='bbox 2989 1987 3108 2042; x_wconf 85' lang='lat' dir='ltr'><strong>tres</strong></span> <span class='ocrx_word' id='word_1_314' title='bbox 3136 1978 3212 2040; x_wconf 87' lang='lat' dir='ltr'><strong>de</strong></span> <span class='ocrx_word' id='word_1_315' title='bbox 3243 1979 3358 2042; x_wconf 85' lang='lat' dir='ltr'><strong>ﬁde</strong></span> <span class='ocrx_word' id='word_1_316' title='bbox 3388 1987 3448 2042; x_wconf 90' lang='lat' dir='ltr'><strong>et</strong></span> <span class='ocrx_word' id='word_1_317' title='bbox 3475 1979 3740 2041; x_wconf 88' lang='lat' dir='ltr'><strong>moribus</strong></span> 
     </span>
    </p>
   </div>
   <div class='ocr_carea' id='block_1_36' title="bbox 2098 2067 3738 2133">
    <p class='ocr_par' dir='ltr' id='par_1_36' title="bbox 2098 2067 3738 2133">
     <span class='ocr_line' id='line_1_36' title="bbox 2098 2067 3738 2133; baseline -0.001 -3"><span class='ocrx_word' id='word_1_318' title='bbox 2098 2077 2222 2130; x_wconf 91' lang='lat' dir='ltr'><strong>tum</strong></span> <span class='ocrx_word' id='word_1_319' title='bbox 2255 2070 2603 2133; x_wconf 80' lang='lat' dir='ltr'><strong>Christianis</strong></span> <span class='ocrx_word' id='word_1_320' title='bbox 2635 2079 2756 2130; x_wconf 92' lang='lat' dir='ltr'><strong>tum</strong></span> <span class='ocrx_word' id='word_1_321' title='bbox 2789 2068 3148 2130; x_wconf 89' lang='lat' dir='ltr'><strong>monasticis.</strong></span> <span class='ocrx_word' id='word_1_322' title='bbox 3201 2067 3438 2130; x_wconf 81' lang='lat' dir='ltr'><strong>Librum</strong></span> <span class='ocrx_word' id='word_1_323' title='bbox 3471 2069 3613 2130; x_wconf 89' lang='lat' dir='ltr'><strong>item</strong></span> <span class='ocrx_word' id='word_1_324' title='bbox 3641 2067 3738 2130; x_wconf 89' lang='lat' dir='ltr'><strong>di-</strong></span> 
     </span>
    </p>
   </div>
   <div class='ocr_carea' id='block_1_37' title="bbox 2099 2157 3740 2231">
    <p class='ocr_par' dir='ltr' id='par_1_37' title="bbox 2099 2157 3740 2231">
     <span class='ocr_line' id='line_1_37' title="bbox 2099 2157 3740 2231; baseline 0.001 -13"><span class='ocrx_word' id='word_1_325' title='bbox 2099 2159 2364 2219; x_wconf 89' lang='lat' dir='ltr'><strong>vinorum</strong></span> <span class='ocrx_word' id='word_1_326' title='bbox 2416 2178 2708 2231; x_wconf 91' lang='lat' dir='ltr'><strong>amorum,</strong></span> <span class='ocrx_word' id='word_1_327' title='bbox 2763 2158 2886 2220; x_wconf 85' lang='lat' dir='ltr'><strong>sive</strong></span> <span class='ocrx_word' id='word_1_328' title='bbox 2941 2157 3179 2218; x_wconf 88' lang='lat' dir='ltr'><strong>laudum</strong></span> <span class='ocrx_word' id='word_1_329' title='bbox 3236 2175 3558 2231; x_wconf 88' lang='lat' dir='ltr'><strong>sacrarum,</strong></span> <span class='ocrx_word' id='word_1_330' title='bbox 3591 2176 3740 2219; x_wconf 86' lang='lat' dir='ltr'><strong>nec-</strong></span> 
     </span>
    </p>
   </div>
   <div class='ocr_carea' id='block_1_38' title="bbox 2103 2245 3740 2328">
    <p class='ocr_par' dir='ltr' id='par_1_38' title="bbox 2103 2245 3740 2328">
     <span class='ocr_line' id='line_1_38' title="bbox 2103 2245 3740 2328; baseline 0 -21"><span class='ocrx_word' id='word_1_331' title='bbox 2103 2267 2214 2308; x_wconf 93' lang='lat' dir='ltr'><strong>non</strong></span> <span class='ocrx_word' id='word_1_332' title='bbox 2274 2247 2465 2328; x_wconf 85' lang='lat' dir='ltr'><strong>capita</strong></span> <span class='ocrx_word' id='word_1_333' title='bbox 2521 2247 2766 2308; x_wconf 84' lang='lat' dir='ltr'><strong>moralia</strong></span> <span class='ocrx_word' id='word_1_334' title='bbox 2823 2246 3076 2308; x_wconf 78' lang='lat' dir='ltr'><strong>ducenta</strong></span> <span class='ocrx_word' id='word_1_335' title='bbox 3132 2245 3566 2324; x_wconf 82' lang='lat' dir='ltr'><strong>duodetriginta</strong></span> <span class='ocrx_word' id='word_1_336' title='bbox 3611 2263 3740 2326; x_wconf 75' lang='lat' dir='ltr'><strong>quae</strong></span> 
     </span>
    </p>
   </div>
   <div class='ocr_carea' id='block_1_39' title="bbox 2101 2333 3813 2416">
    <p class='ocr_par' dir='ltr' id='par_1_39' title="bbox 2101 2333 3813 2416">
     <span class='ocr_line' id='line_1_39' title="bbox 2101 2333 3813 2416; baseline -0.002 -18"><span class='ocrx_word' id='word_1_337' title='bbox 2101 2334 2301 2398; x_wconf 58' lang='lat' dir='ltr'><strong>Graece</strong></span> <span class='ocrx_word' id='word_1_338' title='bbox 2359 2337 2625 2416; x_wconf 82' lang='grc' dir='ltr'>Πρακτικὰ</span> <span class='ocrx_word' id='word_1_339' title='bbox 2680 2343 2738 2396; x_wconf 93' lang='lat' dir='ltr'><strong>et</strong></span> <span class='ocrx_word' id='word_1_340' title='bbox 2799 2335 3088 2414; x_wconf 84' lang='grc' dir='ltr'>Θεολογικὰ</span> <span class='ocrx_word' id='word_1_341' title='bbox 3143 2342 3279 2394; x_wconf 90' lang='lat' dir='ltr'><strong>sunt</strong></span> <span class='ocrx_word' id='word_1_342' title='bbox 3345 2333 3650 2414; x_wconf 85' lang='lat' dir='ltr'><strong>inscripta,</strong></span> <span class='ocrx_word' id='word_1_343' title='bbox 3709 2351 3742 2394; x_wconf 90' lang='lat' dir='ltr'><strong>e</strong></span> <span class='ocrx_word' id='word_1_344' title='bbox 3807 2336 3813 2342; x_wconf 89' lang='grc'><em>’</em></span> 
     </span>
    </p>
   </div>
   <div class='ocr_carea' id='block_1_40' title="bbox 2099 2421 3744 2502">
    <p class='ocr_par' dir='ltr' id='par_1_40' title="bbox 2099 2421 3744 2502">
     <span class='ocr_line' id='line_1_40' title="bbox 2099 2421 3744 2502; baseline -0.001 -18"><span class='ocrx_word' id='word_1_345' title='bbox 2099 2423 2377 2486; x_wconf 82' lang='lat' dir='ltr'><strong>Bavarica</strong></span> <span class='ocrx_word' id='word_1_346' title='bbox 2403 2431 2458 2484; x_wconf 91' lang='lat' dir='ltr'><strong>et</strong></span> <span class='ocrx_word' id='word_1_347' title='bbox 2515 2427 2856 2502; x_wconf 81' lang='lat' dir='ltr'><strong>Auguslana</strong></span> <span class='ocrx_word' id='word_1_348' title='bbox 2911 2421 3288 2485; x_wconf 89' lang='lat' dir='ltr'><strong>bibliothecis</strong></span> <span class='ocrx_word' id='word_1_349' title='bbox 3318 2422 3496 2484; x_wconf 91' lang='lat' dir='ltr'><strong>simul</strong></span> <span class='ocrx_word' id='word_1_350' title='bbox 3529 2423 3744 2485; x_wconf 88' lang='lat' dir='ltr'><strong>collata</strong></span> 
     </span>
    </p>
   </div>
   <div class='ocr_carea' id='block_1_41' title="bbox 2098 2509 3740 2589">
    <p class='ocr_par' dir='ltr' id='par_1_41' title="bbox 2098 2509 3740 2589">
     <span class='ocr_line' id='line_1_41' title="bbox 2098 2509 3740 2589; baseline 0.001 -18"><span class='ocrx_word' id='word_1_351' title='bbox 2098 2511 2354 2573; x_wconf 81' lang='lat' dir='ltr'><strong>Jacobus</strong></span> <span class='ocrx_word' id='word_1_352' title='bbox 2383 2511 2676 2572; x_wconf 62' lang='lat' dir='ltr'><strong>Pontanus</strong></span> <span class='ocrx_word' id='word_1_353' title='bbox 2708 2529 2778 2572; x_wconf 88' lang='lat' dir='ltr'><strong>ex</strong></span> <span class='ocrx_word' id='word_1_354' title='bbox 2835 2509 3054 2574; x_wconf 75' lang='lat' dir='ltr'><strong>Graecis</strong></span> <span class='ocrx_word' id='word_1_355' title='bbox 3113 2511 3310 2572; x_wconf 87' lang='lat' dir='ltr'><strong>Latina</strong></span> <span class='ocrx_word' id='word_1_356' title='bbox 3359 2513 3516 2589; x_wconf 87' lang='lat' dir='ltr'><strong>fecit,</strong></span> <span class='ocrx_word' id='word_1_357' title='bbox 3552 2521 3609 2574; x_wconf 89' lang='lat' dir='ltr'><strong>et</strong></span> <span class='ocrx_word' id='word_1_358' title='bbox 3636 2511 3740 2573; x_wconf 87' lang='lat' dir='ltr'><strong>In-</strong></span> 
     </span>
    </p>
   </div>
   <div class='ocr_carea' id='block_1_42' title="bbox 2101 2600 3742 2681">
    <p class='ocr_par' dir='ltr' id='par_1_42' title="bbox 2101 2600 3742 2681">
     <span class='ocr_line' id='line_1_42' title="bbox 2101 2600 3742 2681; baseline 0.001 -20"><span class='ocrx_word' id='word_1_359' title='bbox 2101 2601 2377 2681; x_wconf 74' lang='lat' dir='ltr'><strong>golstadii</strong></span> <span class='ocrx_word' id='word_1_360' title='bbox 2409 2620 2542 2662; x_wconf 92' lang='lat' dir='ltr'><strong>cum</strong></span> <span class='ocrx_word' id='word_1_361' title='bbox 2575 2601 2705 2662; x_wconf 90' lang='lat' dir='ltr'><strong>aliis</strong></span> <span class='ocrx_word' id='word_1_362' title='bbox 2760 2600 3099 2662; x_wconf 90' lang='lat' dir='ltr'><strong>auctoribus</strong></span> <span class='ocrx_word' id='word_1_363' title='bbox 3153 2600 3225 2662; x_wconf 89' lang='lat' dir='ltr'><strong>ab</strong></span> <span class='ocrx_word' id='word_1_364' title='bbox 3258 2619 3320 2662; x_wconf 92' lang='lat' dir='ltr'><strong>se</strong></span> <span class='ocrx_word' id='word_1_365' title='bbox 3353 2621 3385 2663; x_wconf 92' lang='lat' dir='ltr'><strong>e</strong></span> <span class='ocrx_word' id='word_1_366' title='bbox 3412 2601 3614 2665; x_wconf 64' lang='lat' dir='ltr'><strong>Grmco</strong></span> <span class='ocrx_word' id='word_1_367' title='bbox 3646 2602 3742 2662; x_wconf 87' lang='lat' dir='ltr'><strong>in-</strong></span> 
     </span>
    </p>
   </div>
   <div class='ocr_carea' id='block_1_43' title="bbox 2102 2689 3746 2768">
    <p class='ocr_par' dir='ltr' id='par_1_43' title="bbox 2102 2689 3746 2768">
     <span class='ocr_line' id='line_1_43' title="bbox 2102 2689 3746 2768; baseline -0.001 -14"><span class='ocrx_word' id='word_1_368' title='bbox 2102 2691 2376 2754; x_wconf 80' lang='lat' dir='ltr'><strong>Latinum</strong></span> <span class='ocrx_word' id='word_1_369' title='bbox 2412 2689 2713 2751; x_wconf 87' lang='lat' dir='ltr'><strong>conversis</strong></span> <span class='ocrx_word' id='word_1_370' title='bbox 2743 2689 2839 2750; x_wconf 91' lang='lat' dir='ltr'><strong>edi</strong></span> <span class='ocrx_word' id='word_1_371' title='bbox 2869 2689 3090 2751; x_wconf 87' lang='lat' dir='ltr'><strong>curavit</strong></span> <span class='ocrx_word' id='word_1_372' title='bbox 3119 2691 3268 2768; x_wconf 90' lang='lat' dir='ltr'><strong>apud</strong></span> <span class='ocrx_word' id='word_1_373' title='bbox 3295 2691 3584 2752; x_wconf 86' lang='lat' dir='ltr'><strong>Adamum</strong></span> <span class='ocrx_word' id='word_1_374' title='bbox 3611 2689 3746 2753; x_wconf 88' lang='lat' dir='ltr'><strong>Ser-</strong></span> 
     </span>
    </p>
   </div>
   <div class='ocr_carea' id='block_1_44' title="bbox 2101 2777 3740 2858">
    <p class='ocr_par' dir='ltr' id='par_1_44' title="bbox 2101 2777 3740 2858">
     <span class='ocr_line' id='line_1_44' title="bbox 2101 2777 3740 2858; baseline 0.001 -19"><span class='ocrx_word' id='word_1_375' title='bbox 2101 2781 2312 2842; x_wconf 89' lang='lat' dir='ltr'><strong>torium</strong></span> <span class='ocrx_word' id='word_1_376' title='bbox 2341 2797 2494 2839; x_wconf 87' lang='lat' dir='ltr'><strong>anno</strong></span> <span class='ocrx_word' id='word_1_377' title='bbox 2535 2777 2706 2858; x_wconf 83' lang='lat' dir='ltr'><strong>I603,</strong></span> <span class='ocrx_word' id='word_1_378' title='bbox 2743 2779 2994 2858; x_wconf 84' lang='lat' dir='ltr'><strong>Jacpbus</strong></span> <span class='ocrx_word' id='word_1_379' title='bbox 3026 2777 3336 2841; x_wconf 87' lang='lat' dir='ltr'><strong>Gretserus</strong></span> <span class='ocrx_word' id='word_1_380' title='bbox 3364 2780 3594 2841; x_wconf 86' lang='lat' dir='ltr'><strong>addidit</strong></span> <span class='ocrx_word' id='word_1_381' title='bbox 3618 2778 3740 2840; x_wconf 88' lang='lat' dir='ltr'><strong>No-</strong></span> 
     </span>
    </p>
   </div>
   <div class='ocr_carea' id='block_1_45' title="bbox 2102 2867 3742 2947">
    <p class='ocr_par' dir='ltr' id='par_1_45' title="bbox 2102 2867 3742 2947">
     <span class='ocr_line' id='line_1_45' title="bbox 2102 2867 3742 2947; baseline 0.001 -20"><span class='ocrx_word' id='word_1_382' title='bbox 2102 2876 2210 2939; x_wconf 87' lang='lat' dir='ltr'><strong>tas,</strong></span> <span class='ocrx_word' id='word_1_383' title='bbox 2261 2869 2320 2927; x_wconf 91' lang='lat' dir='ltr'><strong>in</strong></span> <span class='ocrx_word' id='word_1_384' title='bbox 2370 2867 2561 2946; x_wconf 89' lang='lat' dir='ltr'><strong>iisque</strong></span> <span class='ocrx_word' id='word_1_385' title='bbox 2618 2867 2892 2945; x_wconf 77' lang='lat' dir='ltr'><strong>praefatus</strong></span> <span class='ocrx_word' id='word_1_386' title='bbox 2949 2873 3057 2928; x_wconf 89' lang='lat' dir='ltr'><strong>est.</strong></span> <span class='ocrx_word' id='word_1_387' title='bbox 3114 2867 3382 2928; x_wconf 84' lang='lat' dir='ltr'><strong>Accessit</strong></span> <span class='ocrx_word' id='word_1_388' title='bbox 3429 2867 3742 2947; x_wconf 90' lang='lat' dir='ltr'><strong>cujusdam</strong></span> 
     </span>
    </p>
   </div>
   <div class='ocr_carea' id='block_1_46' title="bbox 2101 2953 3735 3036">
    <p class='ocr_par' dir='ltr' id='par_1_46' title="bbox 2101 2953 3735 3036">
     <span class='ocr_line' id='line_1_46' title="bbox 2101 2953 3735 3036; baseline 0 -18"><span class='ocrx_word' id='word_1_389' title='bbox 2101 2955 2438 3018; x_wconf 78' lang='lat' dir='ltr'><strong>scholastici</strong></span> <span class='ocrx_word' id='word_1_390' title='bbox 2461 2954 2733 3032; x_wconf 82' lang='lat' dir='ltr'><strong>Dialogus</strong></span> <span class='ocrx_word' id='word_1_391' title='bbox 2751 2955 2826 3015; x_wconf 90' lang='lat' dir='ltr'><strong>de</strong></span> <span class='ocrx_word' id='word_1_392' title='bbox 2843 2959 2959 3016; x_wconf 89' lang='lat' dir='ltr'><strong>Deo</strong></span> <span class='ocrx_word' id='word_1_393' title='bbox 2973 2955 3041 3016; x_wconf 89' lang='lat' dir='ltr'><strong>ad</strong></span> <span class='ocrx_word' id='word_1_394' title='bbox 3060 2956 3334 3018; x_wconf 88' lang='lat' dir='ltr'><strong>eumdem</strong></span> <span class='ocrx_word' id='word_1_395' title='bbox 3347 2953 3735 3036; x_wconf 79' lang='lat' dir='ltr'><strong>Symeonem.</strong></span> 
     </span>
    </p>
   </div>
   <div class='ocr_carea' id='block_1_47' title="bbox 2182 3043 3743 3124">
    <p class='ocr_par' dir='ltr' id='par_1_47' title="bbox 2182 3043 3743 3124">
     <span class='ocr_line' id='line_1_47' title="bbox 2182 3043 3743 3124; baseline 0.001 -19"><span class='ocrx_word' id='word_1_396' title='bbox 2182 3047 2255 3106; x_wconf 86' lang='lat' dir='ltr'><strong>Ut</strong></span> <span class='ocrx_word' id='word_1_397' title='bbox 2288 3053 2479 3105; x_wconf 87' lang='lat' dir='ltr'><strong>tamen</strong></span> <span class='ocrx_word' id='word_1_398' title='bbox 2513 3043 2717 3104; x_wconf 88' lang='lat' dir='ltr'><strong>lectori</strong></span> <span class='ocrx_word' id='word_1_399' title='bbox 2748 3043 3130 3117; x_wconf 58' lang='lat' dir='ltr'><strong>satisfaciam,</strong></span> <span class='ocrx_word' id='word_1_400' title='bbox 3187 3062 3476 3124; x_wconf 83' lang='lat' dir='ltr'><strong>apponam</strong></span> <span class='ocrx_word' id='word_1_401' title='bbox 3511 3045 3608 3107; x_wconf 91' lang='lat' dir='ltr'><strong>hic</strong></span> <span class='ocrx_word' id='word_1_402' title='bbox 3637 3063 3743 3106; x_wconf 93' lang='lat' dir='ltr'><strong>suo</strong></span> 
     </span>
    </p>
   </div>
   <div class='ocr_carea' id='block_1_48' title="bbox 2101 3132 3746 3213">
    <p class='ocr_par' dir='ltr' id='par_1_48' title="bbox 2101 3132 3746 3213">
     <span class='ocr_line' id='line_1_48' title="bbox 2101 3132 3746 3213; baseline 0.002 -20"><span class='ocrx_word' id='word_1_403' title='bbox 2101 3132 2312 3194; x_wconf 89' lang='lat' dir='ltr'><strong>ordine</strong></span> <span class='ocrx_word' id='word_1_404' title='bbox 2343 3151 2472 3213; x_wconf 67' lang='lat' dir='ltr'><strong>quae</strong></span> <span class='ocrx_word' id='word_1_405' title='bbox 2499 3133 2624 3213; x_wconf 89' lang='lat' dir='ltr'><strong>ipse</strong></span> <span class='ocrx_word' id='word_1_406' title='bbox 2655 3132 2714 3192; x_wconf 90' lang='lat' dir='ltr'><strong>in</strong></span> <span class='ocrx_word' id='word_1_407' title='bbox 2761 3133 2937 3192; x_wconf 87' lang='lat' dir='ltr'><strong>variis</strong></span> <span class='ocrx_word' id='word_1_408' title='bbox 2987 3133 3406 3212; x_wconf 85' lang='lat' dir='ltr'><strong>manuscriptis</strong></span> <span class='ocrx_word' id='word_1_409' title='bbox 3437 3133 3746 3196; x_wconf 88' lang='lat' dir='ltr'><strong>codicibus</strong></span> 
     </span>
    </p>
   </div>
   <div class='ocr_carea' id='block_1_49' title="bbox 361 3215 3748 3303">
    <p class='ocr_par' dir='ltr' id='par_1_49' title="bbox 361 3215 3748 3303">
     <span class='ocr_line' id='line_1_49' title="bbox 361 3215 3748 3303; baseline -0.002 -23"><span class='ocrx_word' id='word_1_410' title='bbox 361 3221 857 3299; x_wconf 80' lang='lat' dir='ltr'><strong>profunditatem</strong></span> <span class='ocrx_word' id='word_1_411' title='bbox 893 3227 948 3282; x_wconf 79' lang='lat' dir='ltr'><strong>et</strong></span> <span class='ocrx_word' id='word_1_412' title='bbox 986 3219 1372 3282; x_wconf 77' lang='lat' dir='ltr'><strong>latitudinem</strong></span> <span class='ocrx_word' id='word_1_413' title='bbox 1401 3216 1530 3279; x_wconf 70' lang='lat' dir='ltr'><strong>illis</strong></span> <span class='ocrx_word' id='word_1_414' title='bbox 1568 3215 1887 3294; x_wconf 68' lang='lat' dir='ltr'><strong>sapientia:</strong></span> <span class='ocrx_word' id='word_1_415' title='bbox 1909 3229 2011 3274; x_wconf 87' lang='lat' dir='ltr'><strong>co-</strong></span> <span class='ocrx_word' id='word_1_416' title='bbox 2101 3221 2457 3292; x_wconf 57' lang='lat' dir='ltr'><strong>observavi;</strong></span> <span class='ocrx_word' id='word_1_417' title='bbox 2520 3221 2675 3282; x_wconf 70' lang='lat' dir='ltr'><strong>edita</strong></span> <span class='ocrx_word' id='word_1_418' title='bbox 2730 3219 2937 3282; x_wconf 69' lang='lat' dir='ltr'><strong>Latine</strong></span> <span class='ocrx_word' id='word_1_419' title='bbox 2991 3221 3062 3282; x_wconf 80' lang='lat' dir='ltr'><strong>ab</strong></span> <span class='ocrx_word' id='word_1_420' title='bbox 3103 3221 3343 3282; x_wconf 64' lang='lat' dir='ltr'><strong>inp-dius</strong></span> <span class='ocrx_word' id='word_1_421' title='bbox 3399 3231 3634 3303; x_wconf 66' lang='lat' dir='ltr'><strong>notans,</strong></span> <span class='ocrx_word' id='word_1_422' title='bbox 3682 3230 3748 3283; x_wconf 70' lang='lat' dir='ltr'><strong>ut</strong></span> 
     </span>
    </p>
   </div>
   <div class='ocr_carea' id='block_1_50' title="bbox 363 3307 3744 3391">
    <p class='ocr_par' dir='ltr' id='par_1_50' title="bbox 363 3307 3744 3391">
     <span class='ocr_line' id='line_1_50' title="bbox 363 3307 3744 3391; baseline 0 -21"><span class='ocrx_word' id='word_1_423' title='bbox 363 3315 724 3388; x_wconf 82' lang='lat' dir='ltr'><strong>gnoscentes</strong></span> <span class='ocrx_word' id='word_1_424' title='bbox 743 3326 850 3388; x_wconf 84' lang='lat' dir='ltr'><strong>per</strong></span> <span class='ocrx_word' id='word_1_425' title='bbox 869 3307 997 3371; x_wconf 76' lang='lat' dir='ltr'><strong>hazc</strong></span> <span class='ocrx_word' id='word_1_426' title='bbox 1019 3308 1202 3380; x_wconf 81' lang='lat' dir='ltr'><strong>dicta,</strong></span> <span class='ocrx_word' id='word_1_427' title='bbox 1230 3316 1284 3369; x_wconf 89' lang='lat' dir='ltr'><strong>et</strong></span> <span class='ocrx_word' id='word_1_428' title='bbox 1309 3313 1658 3387; x_wconf 71' lang='lat' dir='ltr'><strong>praesen/em</strong></span> <span class='ocrx_word' id='word_1_429' title='bbox 1684 3317 2019 3365; x_wconf 80' lang='lat' dir='ltr'><strong>sermonem</strong></span> <span class='ocrx_word' id='word_1_430' title='bbox 2101 3326 2232 3388; x_wconf 66' lang='lat' dir='ltr'><strong>quae</strong></span> <span class='ocrx_word' id='word_1_431' title='bbox 2262 3307 2434 3368; x_wconf 80' lang='lat' dir='ltr'><strong>fuerit</strong></span> <span class='ocrx_word' id='word_1_432' title='bbox 2482 3307 2659 3386; x_wconf 87' lang='lat' dir='ltr'><strong>hujus</strong></span> <span class='ocrx_word' id='word_1_433' title='bbox 2689 3308 2944 3368; x_wconf 88' lang='lat' dir='ltr'><strong>auctoris</strong></span> <span class='ocrx_word' id='word_1_434' title='bbox 3003 3307 3065 3368; x_wconf 92' lang='lat' dir='ltr'><strong>in</strong></span> <span class='ocrx_word' id='word_1_435' title='bbox 3121 3307 3438 3370; x_wconf 88' lang='lat' dir='ltr'><strong>scribendo</strong></span> <span class='ocrx_word' id='word_1_436' title='bbox 3469 3308 3744 3391; x_wconf 82' lang='lat' dir='ltr'><strong>facilitas,</strong></span> 
     </span>
    </p>
   </div>
   <div class='ocr_carea' id='block_1_51' title="bbox 367 3391 3744 3477">
    <p class='ocr_par' dir='ltr' id='par_1_51' title="bbox 367 3391 3744 3477">
     <span class='ocr_line' id='line_1_51' title="bbox 367 3391 3744 3477; baseline 0.001 -19"><span class='ocrx_word' id='word_1_437' title='bbox 367 3397 438 3458; x_wconf 88' lang='lat' dir='ltr'><strong>ab</strong></span> <span class='ocrx_word' id='word_1_438' title='bbox 469 3399 687 3460; x_wconf 79' lang='lat' dir='ltr'><strong>idiotis</strong></span> <span class='ocrx_word' id='word_1_439' title='bbox 712 3397 980 3466; x_wconf 84' lang='lat' dir='ltr'><strong>omnino,</strong></span> <span class='ocrx_word' id='word_1_440' title='bbox 1004 3403 1060 3458; x_wconf 89' lang='lat' dir='ltr'><strong>et</strong></span> <span class='ocrx_word' id='word_1_441' title='bbox 1091 3398 1335 3476; x_wconf 79' lang='lat' dir='ltr'><strong>penitus</strong></span> <span class='ocrx_word' id='word_1_442' title='bbox 1365 3397 1582 3456; x_wconf 81' lang='lat' dir='ltr'><strong>harum</strong></span> <span class='ocrx_word' id='word_1_443' title='bbox 1605 3409 1804 3454; x_wconf 83' lang='lat' dir='ltr'><strong>rerum</strong></span> <span class='ocrx_word' id='word_1_444' title='bbox 1837 3391 2020 3477; x_wconf 58' lang='lat' dir='ltr'><strong>igne;</strong></span> <span class='ocrx_word' id='word_1_445' title='bbox 2109 3395 2208 3456; x_wconf 88' lang='lat' dir='ltr'><strong>alii</strong></span> <span class='ocrx_word' id='word_1_446' title='bbox 2229 3415 2482 3476; x_wconf 90' lang='lat' dir='ltr'><strong>quoque,</strong></span> <span class='ocrx_word' id='word_1_447' title='bbox 2510 3413 2602 3460; x_wconf 89' lang='lat' dir='ltr'><strong>me</strong></span> <span class='ocrx_word' id='word_1_448' title='bbox 2625 3404 2944 3477; x_wconf 76' lang='lat' dir='ltr'><strong>praeeunte,</strong></span> <span class='ocrx_word' id='word_1_449' title='bbox 2965 3396 3744 3462; x_wconf 87' lang='lat' dir='ltr'><strong>sinelaboreinternoscant.</strong></span> 
     </span>
    </p>
   </div>
   <div class='ocr_carea' id='block_1_52' title="bbox 365 3475 2426 3566">
    <p class='ocr_par' dir='ltr' id='par_1_52' title="bbox 365 3475 2426 3566">
     <span class='ocr_line' id='line_1_52' title="bbox 365 3475 2426 3566; baseline -0.005 -20"><span class='ocrx_word' id='word_1_450' title='bbox 365 3491 454 3547; x_wconf 82' lang='lat' dir='ltr'><strong>ris</strong></span> <span class='ocrx_word' id='word_1_451' title='bbox 483 3503 626 3566; x_wconf 65' lang='grc' dir='ltr'>θερί.</span> <span class='ocrx_word' id='word_1_452' title='bbox 639 3502 864 3558; x_wconf 82' lang='lat' dir='ltr'><strong>ramus,</strong></span> <span class='ocrx_word' id='word_1_453' title='bbox 897 3491 952 3548; x_wconf 87' lang='lat' dir='ltr'><strong>et</strong></span> <span class='ocrx_word' id='word_1_454' title='bbox 995 3475 1246 3548; x_wconf 74' lang='lat' dir='ltr'><strong>occulta&#39;</strong></span> <span class='ocrx_word' id='word_1_455' title='bbox 1270 3500 1398 3546; x_wconf 84' lang='lat' dir='ltr'><strong>esse</strong></span> <span class='ocrx_word' id='word_1_456' title='bbox 1430 3481 1598 3543; x_wconf 82' lang='lat' dir='ltr'><strong>illius</strong></span> <span class='ocrx_word' id='word_1_457' title='bbox 1626 3478 1926 3541; x_wconf 79' lang='lat' dir='ltr'><strong>volumus.</strong></span> <span class='ocrx_word' id='word_1_458' title='bbox 1958 3475 2032 3546; x_wconf 65' lang='lat' dir='ltr'><strong>Et</strong></span> <span class='ocrx_word' id='word_1_459' title='bbox 2113 3485 2203 3546; x_wconf 62' lang='lat' dir='ltr'><strong>Si:</strong></span> <span class='ocrx_word' id='word_1_460' title='bbox 2226 3475 2426 3564; x_wconf 44' lang='lat' dir='ltr'><strong>igitur,</strong></span> 
     </span>
    </p>
   </div>
   <div class='ocr_carea' id='block_1_53' title="bbox 364 3567 2026 3654">
    <p class='ocr_par' dir='ltr' id='par_1_53' title="bbox 364 3567 2026 3654">
     <span class='ocr_line' id='line_1_53' title="bbox 364 3567 2026 3654; baseline -0.008 -19"><span class='ocrx_word' id='word_1_461' title='bbox 364 3574 557 3638; x_wconf 83' lang='lat' dir='ltr'><strong>infra:</strong></span> <span class='ocrx_word' id='word_1_462' title='bbox 631 3572 783 3632; x_wconf 82' lang='grc' dir='ltr'>Ἐπεὶ</span> <span class='ocrx_word' id='word_1_463' title='bbox 829 3572 883 3630; x_wconf 81' lang='grc' dir='ltr'><em>δὲ</em></span> <span class='ocrx_word' id='word_1_464' title='bbox 926 3577 1056 3654; x_wconf 83' lang='grc' dir='ltr'>πρὸς</span> <span class='ocrx_word' id='word_1_465' title='bbox 1113 3579 1359 3630; x_wconf 79' lang='grc' dir='ltr'>τοσοῦτον</span> <span class='ocrx_word' id='word_1_466' title='bbox 1414 3571 1546 3646; x_wconf 72' lang='grc' dir='ltr'>ὕψος</span> <span class='ocrx_word' id='word_1_467' title='bbox 1607 3569 1820 3648; x_wconf 77' lang='grc' dir='ltr'>ἀνήχθη</span> <span class='ocrx_word' id='word_1_468' title='bbox 1852 3569 1887 3635; x_wconf 85' lang='grc' dir='ltr'><strong>ἡ</strong></span> <span class='ocrx_word' id='word_1_469' title='bbox 1915 3567 2026 3622; x_wconf 75' lang='grc' dir='ltr'>θεία</span> 
     </span>
    </p>
   </div>
   <div class='ocr_carea' id='block_1_54' title="bbox 364 3659 2020 3740">
    <p class='ocr_par' dir='ltr' id='par_1_54' title="bbox 364 3659 2020 3740">
     <span class='ocr_line' id='line_1_54' title="bbox 364 3659 2020 3740; baseline -0.006 -19"><span class='ocrx_word' id='word_1_470' title='bbox 364 3671 439 3739; x_wconf 86' lang='grc' dir='ltr'>τῷ</span> <span class='ocrx_word' id='word_1_471' title='bbox 521 3663 644 3721; x_wconf 71' lang='grc' dir='ltr'>ἕντι</span> <span class='ocrx_word' id='word_1_472' title='bbox 745 3665 832 3720; x_wconf 85' lang='grc' dir='ltr'><strong>καὶ</strong></span> <span class='ocrx_word' id='word_1_473' title='bbox 923 3662 1268 3740; x_wconf 78' lang='grc' dir='ltr'>καθαρωτάτη</span> <span class='ocrx_word' id='word_1_474' title='bbox 1355 3661 1507 3740; x_wconf 80' lang='grc' dir='ltr'>ψυχὴ</span> <span class='ocrx_word' id='word_1_475' title='bbox 1601 3667 1694 3716; x_wconf 77' lang='grc' dir='ltr'><strong>τοῦ</strong></span> <span class='ocrx_word' id='word_1_476' title='bbox 1785 3659 2020 3734; x_wconf 86' lang='grc' dir='ltr'>καθηγε-</span> 
     </span>
    </p>
   </div>
   <div class='ocr_carea' id='block_1_55' title="bbox 367 3742 2020 3828">
    <p class='ocr_par' dir='ltr' id='par_1_55' title="bbox 367 3742 2020 3828">
     <span class='ocr_line' id='line_1_55' title="bbox 367 3742 2020 3828; baseline -0.001 -22"><span class='ocrx_word' id='word_1_477' title='bbox 367 3752 528 3827; x_wconf 80' lang='grc' dir='ltr'>μόνος</span> <span class='ocrx_word' id='word_1_478' title='bbox 573 3754 762 3826; x_wconf 78' lang='grc' dir='ltr'>ἡμῶν,</span> <span class='ocrx_word' id='word_1_479' title='bbox 822 3753 909 3807; x_wconf 88' lang='grc' dir='ltr'><strong>καὶ</strong></span> <span class='ocrx_word' id='word_1_480' title='bbox 951 3753 1199 3806; x_wconf 80' lang='grc' dir='ltr'>τοιούτων</span> <span class='ocrx_word' id='word_1_481' title='bbox 1239 3749 1514 3828; x_wconf 65' lang='grc' dir='ltr'>ἐμφάσεων</span> <span class='ocrx_word' id='word_1_482' title='bbox 1559 3745 1779 3812; x_wconf 76' lang='grc' dir='ltr'>ἠξιώθη.</span> <span class='ocrx_word' id='word_1_483' title='bbox 1815 3742 2020 3818; x_wconf 83' lang='lat' dir='ltr'><strong>Quan-</strong></span> 
     </span>
    </p>
   </div>
   <div class='ocr_carea' id='block_1_56' title="bbox 366 3836 2026 3920">
    <p class='ocr_par' dir='ltr' id='par_1_56' title="bbox 366 3836 2026 3920">
     <span class='ocr_line' id='line_1_56' title="bbox 366 3836 2026 3920; baseline -0.006 -18"><span class='ocrx_word' id='word_1_484' title='bbox 366 3840 702 3920; x_wconf 85' lang='lat' dir='ltr'><strong>doquidem</strong></span> <span class='ocrx_word' id='word_1_485' title='bbox 753 3857 898 3901; x_wconf 82' lang='lat' dir='ltr'><strong>vero</strong></span> <span class='ocrx_word' id='word_1_486' title='bbox 954 3839 1034 3900; x_wconf 87' lang='lat' dir='ltr'><strong>ad</strong></span> <span class='ocrx_word' id='word_1_487' title='bbox 1091 3847 1326 3900; x_wconf 84' lang='lat' dir='ltr'><strong>tantam</strong></span> <span class='ocrx_word' id='word_1_488' title='bbox 1397 3836 1836 3898; x_wconf 77' lang='lat' dir='ltr'><strong>sublimitatem</strong></span> <span class='ocrx_word' id='word_1_489' title='bbox 1891 3849 2026 3920; x_wconf 75' lang='lat' dir='ltr'><strong>vere</strong></span> 
     </span>
    </p>
   </div>
   <div class='ocr_carea' id='block_1_57' title="bbox 369 3919 2054 4008">
    <p class='ocr_par' dir='ltr' id='par_1_57' title="bbox 369 3919 2054 4008">
     <span class='ocr_line' id='line_1_57' title="bbox 369 3919 2054 4008; baseline -0.006 -18"><span class='ocrx_word' id='word_1_490' title='bbox 369 3919 588 3992; x_wconf 68' lang='lat' dir='ltr'><strong>diuina</strong></span> <span class='ocrx_word' id='word_1_491' title='bbox 643 3935 702 3990; x_wconf 87' lang='lat' dir='ltr'><strong>et</strong></span> <span class='ocrx_word' id='word_1_492' title='bbox 755 3929 1084 4008; x_wconf 82' lang='lat' dir='ltr'><strong>purissima</strong></span> <span class='ocrx_word' id='word_1_493' title='bbox 1139 3927 1348 3988; x_wconf 84' lang='lat' dir='ltr'><strong>anima</strong></span> <span class='ocrx_word' id='word_1_494' title='bbox 1401 3927 1783 4003; x_wconf 68' lang='lat' dir='ltr'><strong>prrereptoris</strong></span> <span class='ocrx_word' id='word_1_495' title='bbox 1829 3919 2054 3981; x_wconf 68' lang='lat' dir='ltr'><strong>ttOstTi‘</strong></span> 
     </span>
    </p>
   </div>
   <div class='ocr_carea' id='block_1_58' title="bbox 367 4008 2024 4096">
    <p class='ocr_par' dir='ltr' id='par_1_58' title="bbox 367 4008 2024 4096">
     <span class='ocr_line' id='line_1_58' title="bbox 367 4008 2024 4096; baseline -0.007 -19"><span class='ocrx_word' id='word_1_496' title='bbox 367 4025 570 4080; x_wconf 76' lang='lat' dir='ltr'><strong>evecta</strong></span> <span class='ocrx_word' id='word_1_497' title='bbox 604 4024 717 4096; x_wconf 84' lang='lat' dir='ltr'><strong>est,</strong></span> <span class='ocrx_word' id='word_1_498' title='bbox 742 4023 798 4077; x_wconf 89' lang='lat' dir='ltr'><strong>et</strong></span> <span class='ocrx_word' id='word_1_499' title='bbox 819 4013 1643 4077; x_wconf 79' lang='lat' dir='ltr'><strong>similiumilluminat-ianum</strong></span> <span class='ocrx_word' id='word_1_500' title='bbox 1669 4011 1851 4084; x_wconf 80' lang='lat' dir='ltr'><strong>digna</strong></span> <span class='ocrx_word' id='word_1_501' title='bbox 1879 4008 2024 4086; x_wconf 76' lang='lat' dir='ltr'><strong>effe-</strong></span> 
     </span>
    </p>
   </div>
   <div class='ocr_carea' id='block_1_59' title="bbox 368 4098 2026 4179">
    <p class='ocr_par' dir='ltr' id='par_1_59' title="bbox 368 4098 2026 4179">
     <span class='ocr_line' id='line_1_59' title="bbox 368 4098 2026 4179; baseline -0.008 -12"><span class='ocrx_word' id='word_1_502' title='bbox 368 4113 484 4168; x_wconf 85' lang='lat' dir='ltr'><strong>cta.</strong></span> <span class='ocrx_word' id='word_1_503' title='bbox 562 4105 667 4174; x_wconf 85' lang='lat' dir='ltr'><strong>Et,</strong></span> <span class='ocrx_word' id='word_1_504' title='bbox 728 4112 901 4161; x_wconf 78' lang='grc' dir='ltr'>Ταῦτα</span> <span class='ocrx_word' id='word_1_505' title='bbox 955 4107 1123 4160; x_wconf 78' lang='grc' dir='ltr'>τοίνυν</span> <span class='ocrx_word' id='word_1_506' title='bbox 1195 4101 1279 4158; x_wconf 76' lang='grc' dir='ltr'>8ιά</span> <span class='ocrx_word' id='word_1_507' title='bbox 1350 4103 1468 4164; x_wconf 81' lang='grc' dir='ltr'>τοὺς</span> <span class='ocrx_word' id='word_1_508' title='bbox 1523 4101 1694 4179; x_wconf 54' lang='grc' dir='ltr'>φθόνῳ</span> <span class='ocrx_word' id='word_1_509' title='bbox 1760 4101 1890 4176; x_wconf 79' lang='grc' dir='ltr'>πρὸς</span> <span class='ocrx_word' id='word_1_510' title='bbox 1960 4098 2026 4154; x_wconf 74' lang='grc' dir='ltr'>τὰ</span> 
     </span>
    </p>
   </div>
   <div class='ocr_carea' id='block_1_60' title="bbox 2187 3575 3749 3658">
    <p class='ocr_par' dir='ltr' id='par_1_60' title="bbox 2187 3575 3749 3658">
     <span class='ocr_line' id='line_1_60' title="bbox 2187 3575 3749 3658; baseline 0.004 -25"><span class='ocrx_word' id='word_1_511' title='bbox 2187 3585 2227 3636; x_wconf 93' lang='grc' dir='ltr'><strong>Ι.</strong></span> <span class='ocrx_word' id='word_1_512' title='bbox 2303 3577 2425 3654; x_wconf 84' lang='grc' dir='ltr'>Περὶ</span> <span class='ocrx_word' id='word_1_513' title='bbox 2493 3575 2729 3654; x_wconf 80' lang='grc' dir='ltr'>ἀγάπης,</span> <span class='ocrx_word' id='word_1_514' title='bbox 2789 3577 2877 3632; x_wconf 87' lang='grc' dir='ltr'><strong>καὶ</strong></span> <span class='ocrx_word' id='word_1_515' title='bbox 2933 3577 3086 3633; x_wconf 80' lang='grc' dir='ltr'>ποῖαί</span> <span class='ocrx_word' id='word_1_516' title='bbox 3139 3578 3236 3633; x_wconf 85' lang='grc' dir='ltr'>εἰσι</span> <span class='ocrx_word' id='word_1_517' title='bbox 3293 3584 3400 3634; x_wconf 74' lang='grc' dir='ltr'><strong>τῶν</strong></span> <span class='ocrx_word' id='word_1_518' title='bbox 3454 3601 3749 3658; x_wconf 83' lang='grc' dir='ltr'>πνευματι-</span> 
     </span>
    </p>
   </div>
   <div class='ocr_carea' id='block_1_61' title="bbox 2105 3663 3747 3749">
    <p class='ocr_par' dir='ltr' id='par_1_61' title="bbox 2105 3663 3747 3749">
     <span class='ocr_line' id='line_1_61' title="bbox 2105 3663 3747 3749; baseline 0.004 -29"><span class='ocrx_word' id='word_1_519' title='bbox 2105 3670 2212 3721; x_wconf 79' lang='grc' dir='ltr'><strong>κῶν</strong></span> <span class='ocrx_word' id='word_1_520' title='bbox 2269 3663 2466 3744; x_wconf 82' lang='grc' dir='ltr'>ἀνδρῶν</span> <span class='ocrx_word' id='word_1_521' title='bbox 2523 3668 2572 3721; x_wconf 73' lang='grc' dir='ltr'>αἱ</span> <span class='ocrx_word' id='word_1_522' title='bbox 2627 3663 2734 3721; x_wconf 74' lang='grc' dir='ltr'>ὁδοὶ</span> <span class='ocrx_word' id='word_1_523' title='bbox 2791 3666 2878 3721; x_wconf 81' lang='grc' dir='ltr'><strong>καὶ</strong></span> <span class='ocrx_word' id='word_1_524' title='bbox 2934 3667 2984 3722; x_wconf 81' lang='grc' dir='ltr'>αἱ</span> <span class='ocrx_word' id='word_1_525' title='bbox 3043 3665 3252 3744; x_wconf 79' lang='grc' dir='ltr'>πράξεις</span> <span class='ocrx_word' id='word_1_526' title='bbox 3297 3690 3308 3702; x_wconf 92' lang='grc'><strong>·</strong></span> <span class='ocrx_word' id='word_1_527' title='bbox 3371 3671 3458 3724; x_wconf 82' lang='grc' dir='ltr'><strong>καὶ</strong></span> <span class='ocrx_word' id='word_1_528' title='bbox 3513 3691 3747 3749; x_wconf 82' lang='grc' dir='ltr'>μακαρι-</span> 
     </span>
    </p>
   </div>
   <div class='ocr_carea' id='block_1_62' title="bbox 2106 3753 3746 3836">
    <p class='ocr_par' dir='ltr' id='par_1_62' title="bbox 2106 3753 3746 3836">
     <span class='ocr_line' id='line_1_62' title="bbox 2106 3753 3746 3836; baseline 0.004 -27"><span class='ocrx_word' id='word_1_529' title='bbox 2106 3755 2238 3829; x_wconf 80' lang='grc' dir='ltr'>σμὸς</span> <span class='ocrx_word' id='word_1_530' title='bbox 2283 3757 2416 3833; x_wconf 72' lang='grc' dir='ltr'>πρὸς</span> <span class='ocrx_word' id='word_1_531' title='bbox 2472 3756 2592 3818; x_wconf 72' lang='grc' dir='ltr'>τοὺς</span> <span class='ocrx_word' id='word_1_532' title='bbox 2643 3753 2868 3834; x_wconf 78' lang='grc' dir='ltr'>ἔχοντας</span> <span class='ocrx_word' id='word_1_533' title='bbox 2923 3755 3021 3822; x_wconf 79' lang='grc' dir='ltr'><strong>τὴν</strong></span> <span class='ocrx_word' id='word_1_534' title='bbox 3079 3755 3290 3832; x_wconf 83' lang='grc' dir='ltr'>ἀγάπην</span> <span class='ocrx_word' id='word_1_535' title='bbox 3335 3755 3630 3836; x_wconf 80' lang='grc' dir='ltr'>ἐγκάρδιον,</span> <span class='ocrx_word' id='word_1_536' title='bbox 3687 3769 3746 3820; x_wconf 91' lang='lat' dir='ltr'><strong>P.</strong></span> 
     </span>
    </p>
   </div>
   <div class='ocr_carea' id='block_1_63' title="bbox 2107 3839 3750 3920">
    <p class='ocr_par' dir='ltr' id='par_1_63' title="bbox 2107 3839 3750 3920">
     <span class='ocr_line' id='line_1_63' title="bbox 2107 3839 3750 3920; baseline 0.005 -24"><span class='ocrx_word' id='word_1_537' title='bbox 2107 3839 2346 3920; x_wconf 66' lang='grc' dir='ltr'>Ἀδελφοὶ</span> <span class='ocrx_word' id='word_1_538' title='bbox 2400 3843 2487 3897; x_wconf 74' lang='grc' dir='ltr'><strong>καὶ</strong></span> <span class='ocrx_word' id='word_1_539' title='bbox 2557 3842 2806 3920; x_wconf 82' lang='grc' dir='ltr'>Πατέρες,</span> <span class='ocrx_word' id='word_1_540' title='bbox 2878 3840 3014 3896; x_wconf 80' lang='grc' dir='ltr'>θέλω</span> <span class='ocrx_word' id='word_1_541' title='bbox 3055 3843 3185 3920; x_wconf 77' lang='grc' dir='ltr'>πρὸς</span> <span class='ocrx_word' id='word_1_542' title='bbox 3240 3843 3375 3918; x_wconf 76' lang='grc' dir='ltr'>ὑμᾶς</span> <span class='ocrx_word' id='word_1_543' title='bbox 3434 3843 3617 3904; x_wconf 75' lang='grc' dir='ltr'>λαλεῖν</span> <span class='ocrx_word' id='word_1_544' title='bbox 3683 3848 3750 3906; x_wconf 75' lang='grc' dir='ltr'><strong>τὰ</strong></span> 
     </span>
    </p>
   </div>
   <div class='ocr_carea' id='block_1_64' title="bbox 2106 3928 3148 4010">
    <p class='ocr_par' dir='ltr' id='par_1_64' title="bbox 2106 3928 3148 4010">
     <span class='ocr_line' id='line_1_64' title="bbox 2106 3928 3148 4010; baseline 0.011 -30"><span class='ocrx_word' id='word_1_545' title='bbox 2106 3929 2430 3986; x_wconf 73' lang='grc' dir='ltr'>συντείνοντα</span> <span class='ocrx_word' id='word_1_546' title='bbox 2473 3931 2602 4007; x_wconf 78' lang='grc' dir='ltr'>πρὸς</span> <span class='ocrx_word' id='word_1_547' title='bbox 2647 3928 2901 4010; x_wconf 65' lang='grc' dir='ltr'>ὠφέλειαν</span> <span class='ocrx_word' id='word_1_548' title='bbox 2943 3933 3148 4009; x_wconf 73' lang='grc' dir='ltr'><strong>ψυχῆς.</strong></span> 
     </span>
    </p>
   </div>
   <div class='ocr_carea' id='block_1_65' title="bbox 2188 4015 3740 4102">
    <p class='ocr_par' dir='ltr' id='par_1_65' title="bbox 2188 4015 3740 4102">
     <span class='ocr_line' id='line_1_65' title="bbox 2188 4015 3740 4102; baseline 0.008 -33"><span class='ocrx_word' id='word_1_549' title='bbox 2188 4015 2260 4079; x_wconf 83' lang='grc' dir='ltr'><strong>ΙΙ,</strong></span> <span class='ocrx_word' id='word_1_550' title='bbox 2323 4019 2442 4096; x_wconf 80' lang='grc' dir='ltr'>Περὶ</span> <span class='ocrx_word' id='word_1_551' title='bbox 2489 4027 2580 4075; x_wconf 74' lang='grc' dir='ltr'><strong>τοῦ</strong></span> <span class='ocrx_word' id='word_1_552' title='bbox 2630 4019 2836 4096; x_wconf 76' lang='grc' dir='ltr'>φεύγειν</span> <span class='ocrx_word' id='word_1_553' title='bbox 2890 4019 3008 4082; x_wconf 78' lang='grc' dir='ltr'>τοὺς</span> <span class='ocrx_word' id='word_1_554' title='bbox 3053 4017 3272 4093; x_wconf 82' lang='grc' dir='ltr'>λοιμοὺς</span> <span class='ocrx_word' id='word_1_555' title='bbox 3319 4022 3408 4076; x_wconf 86' lang='grc' dir='ltr'><strong>καὶ</strong></span> <span class='ocrx_word' id='word_1_556' title='bbox 3451 4025 3740 4102; x_wconf 77' lang='grc' dir='ltr'>φθοροποι-</span> 
     </span>
    </p>
   </div>
   <div class='ocr_carea' id='block_1_66' title="bbox 2107 4105 3743 4189">
    <p class='ocr_par' dir='ltr' id='par_1_66' title="bbox 2107 4105 3743 4189">
     <span class='ocr_line' id='line_1_66' title="bbox 2107 4105 3743 4189; baseline 0.005 -28"><span class='ocrx_word' id='word_1_557' title='bbox 2107 4107 2194 4167; x_wconf 79' lang='grc' dir='ltr'><strong>οὺς</strong></span> <span class='ocrx_word' id='word_1_558' title='bbox 2229 4112 2328 4160; x_wconf 80' lang='grc' dir='ltr'><strong>τῶν</strong></span> <span class='ocrx_word' id='word_1_559' title='bbox 2357 4105 2666 4183; x_wconf 80' lang='grc' dir='ltr'>ἀνθρώπων,</span> <span class='ocrx_word' id='word_1_560' title='bbox 2711 4107 2798 4161; x_wconf 87' lang='grc' dir='ltr'><strong>καὶ</strong></span> <span class='ocrx_word' id='word_1_561' title='bbox 2853 4109 2973 4170; x_wconf 85' lang='grc' dir='ltr'>τοὺς</span> <span class='ocrx_word' id='word_1_562' title='bbox 3028 4105 3216 4183; x_wconf 85' lang='grc' dir='ltr'>λόγους</span> <span class='ocrx_word' id='word_1_563' title='bbox 3265 4107 3436 4164; x_wconf 71' lang='grc' dir='ltr'>αὐτῶν</span> <span class='ocrx_word' id='word_1_564' title='bbox 3486 4110 3743 4189; x_wconf 73' lang='grc' dir='ltr'>ἀποπέμ-</span> 
     </span>
    </p>
   </div>
   <div class='ocr_carea' id='block_1_67' title="bbox 369 4187 3747 4280">
    <p class='ocr_par' dir='ltr' id='par_1_67' title="bbox 369 4187 3747 4280">
     <span class='ocr_line' id='line_1_67' title="bbox 369 4187 3747 4280; baseline -0 -30"><span class='ocrx_word' id='word_1_565' title='bbox 369 4194 508 4251; x_wconf 75' lang='grc' dir='ltr'><strong>καλά</strong></span> <span class='ocrx_word' id='word_1_566' title='bbox 577 4195 674 4251; x_wconf 84' lang='grc' dir='ltr'><strong>καὶ</strong></span> <span class='ocrx_word' id='word_1_567' title='bbox 721 4193 935 4266; x_wconf 73' lang='grc' dir='ltr'>ἀπιστίᾳ</span> <span class='ocrx_word' id='word_1_568' title='bbox 1003 4195 1091 4248; x_wconf 81' lang='grc' dir='ltr'><strong>καὶ</strong></span> <span class='ocrx_word' id='word_1_569' title='bbox 1148 4191 1381 4269; x_wconf 74' lang='grc' dir='ltr'>ἀγνωσῖᾳ</span> <span class='ocrx_word' id='word_1_570' title='bbox 1421 4187 1840 4270; x_wconf 66' lang='grc' dir='ltr'>κεκρατημένους</span> <span class='ocrx_word' id='word_1_571' title='bbox 1889 4188 2022 4260; x_wconf 78' lang='grc' dir='ltr'><strong>ἡμῖν</strong></span> <span class='ocrx_word' id='word_1_572' title='bbox 2105 4197 2314 4273; x_wconf 77' lang='grc' dir='ltr'>πεσθκι,</span> <span class='ocrx_word' id='word_1_573' title='bbox 2352 4195 2472 4280; x_wconf 33' lang='grc' dir='ltr'>’,καὶ</span> <span class='ocrx_word' id='word_1_574' title='bbox 2525 4195 2656 4272; x_wconf 79' lang='grc' dir='ltr'>πρὸς</span> <span class='ocrx_word' id='word_1_575' title='bbox 2725 4201 2826 4250; x_wconf 85' lang='grc' dir='ltr'>τΓν</span> <span class='ocrx_word' id='word_1_576' title='bbox 2887 4193 3129 4273; x_wconf 77' lang='grc' dir='ltr'>ἐργασίαν</span> <span class='ocrx_word' id='word_1_577' title='bbox 3198 4201 3296 4264; x_wconf 78' lang='grc' dir='ltr'>τῆς</span> <span class='ocrx_word' id='word_1_578' title='bbox 3365 4197 3556 4278; x_wconf 78' lang='grc' dir='ltr'>ἀρετῆς</span> <span class='ocrx_word' id='word_1_579' title='bbox 3613 4187 3747 4259; x_wconf 32' lang='grc' dir='ltr'>ἀν-α-</span> 
     </span>
    </p>
   </div>
   <div class='ocr_carea' id='block_1_68' title="bbox 369 4275 3746 4386">
    <p class='ocr_par' dir='ltr' id='par_1_68' title="bbox 369 4275 3746 4386">
     <span class='ocr_line' id='line_1_68' title="bbox 369 4275 3746 4386; baseline -0.001 -35"><span class='ocrx_word' id='word_1_580' title='bbox 369 4283 636 4362; x_wconf 75' lang='grc' dir='ltr'>προετέθη</span> <span class='ocrx_word' id='word_1_581' title='bbox 665 4289 770 4338; x_wconf 76' lang='grc' dir='ltr'><strong>τῶν</strong></span> <span class='ocrx_word' id='word_1_582' title='bbox 815 4282 1075 4360; x_wconf 76' lang='grc' dir='ltr'>ἐρωτικῶν</span> <span class='ocrx_word' id='word_1_583' title='bbox 1105 4283 1194 4337; x_wconf 72' lang='grc' dir='ltr'><strong>καὶ</strong></span> <span class='ocrx_word' id='word_1_584' title='bbox 1239 4281 1389 4336; x_wconf 81' lang='grc' dir='ltr'>θείων</span> <span class='ocrx_word' id='word_1_585' title='bbox 1435 4279 1610 4354; x_wconf 70' lang='grc' dir='ltr'>ὕμνων</span> <span class='ocrx_word' id='word_1_586' title='bbox 1653 4287 1744 4336; x_wconf 74' lang='grc' dir='ltr'>τοῦ</span> <span class='ocrx_word' id='word_1_587' title='bbox 1772 4275 2020 4332; x_wconf 73' lang='grc' dir='ltr'>διδκσκά·</span> <span class='ocrx_word' id='word_1_588' title='bbox 2043 4287 2316 4386; x_wconf 70' lang='grc' dir='ltr'><strong>Ι)στῆναι.</strong></span> <span class='ocrx_word' id='word_1_589' title='bbox 2358 4275 2462 4339; x_wconf 66' lang='grc' dir='ltr'><strong>⁷Ἐτι</strong></span> <span class='ocrx_word' id='word_1_590' title='bbox 2495 4279 2665 4338; x_wconf 76' lang='grc' dir='ltr'>δὲκαὶ</span> <span class='ocrx_word' id='word_1_591' title='bbox 2717 4284 2834 4362; x_wconf 83' lang='grc' dir='ltr'>περὶ</span> <span class='ocrx_word' id='word_1_592' title='bbox 2873 4293 2962 4342; x_wconf 81' lang='grc' dir='ltr'><strong>τοῦ</strong></span> <span class='ocrx_word' id='word_1_593' title='bbox 3017 4281 3130 4340; x_wconf 82' lang='grc' dir='ltr'>δεῖν</span> <span class='ocrx_word' id='word_1_594' title='bbox 3181 4275 3429 4370; x_wconf 76' lang='grc' dir='ltr'>σκοπεῖν,</span> <span class='ocrx_word' id='word_1_595' title='bbox 3477 4291 3520 4346; x_wconf 81' lang='grc' dir='ltr'>εἷ</span> <span class='ocrx_word' id='word_1_596' title='bbox 3547 4291 3613 4350; x_wconf 66' lang='grc' dir='ltr'><strong>τὰ</strong></span> <span class='ocrx_word' id='word_1_597' title='bbox 3641 4297 3746 4348; x_wconf 86' lang='grc' dir='ltr'>τῶν</span> 
     </span>
     <span class='ocr_line' id='line_1_69' title="bbox 371 4364 3740 4386; baseline 0 0"><span class='ocrx_word' id='word_1_598' title='bbox 371 4369 390 4386; x_wconf 74' lang='lat'><em>\</em></span> <span class='ocrx_word' id='word_1_599' title='bbox 533 4373 584 4386; x_wconf 67' lang='grc' dir='ltr'><strong>αν</strong></span> <span class='ocrx_word' id='word_1_600' title='bbox 715 4371 727 4382; x_wconf 77' lang='grc' dir='ltr'><strong>ο</strong></span> <span class='ocrx_word' id='word_1_601' title='bbox 783 4371 816 4386; x_wconf 75' lang='grc' dir='ltr'><strong>υ.</strong></span> <span class='ocrx_word' id='word_1_602' title='bbox 1083 4375 1095 4386; x_wconf 77' lang='grc' dir='ltr'>ι</span> <span class='ocrx_word' id='word_1_603' title='bbox 1302 4385 1309 4386; x_wconf 59' lang='lat'><strong><em>,</em></strong></span> <span class='ocrx_word' id='word_1_604' title='bbox 1398 4369 1491 4386; x_wconf 60' lang='lat'><strong>-,,,_&#39;</strong></span> <span class='ocrx_word' id='word_1_605' title='bbox 1558 4384 1579 4386; x_wconf 49' lang='grc' dir='ltr'>η</span> <span class='ocrx_word' id='word_1_606' title='bbox 1604 4367 1840 4386; x_wconf 59' lang='lat'><strong>,!,,_._____</strong></span> <span class='ocrx_word' id='word_1_607' title='bbox 1876 4364 2020 4386; x_wconf 60' lang='lat' dir='ltr'><strong>L---“</strong></span> <span class='ocrx_word' id='word_1_608' title='bbox 2392 4375 2417 4385; x_wconf 73' lang='grc' dir='ltr'><strong>-υ</strong></span> <span class='ocrx_word' id='word_1_609' title='bbox 2593 4380 2615 4386; x_wconf 78' lang='grc'><strong>..</strong></span> <span class='ocrx_word' id='word_1_610' title='bbox 2688 4379 2727 4386; x_wconf 82' lang='grc'><strong>.-</strong></span> <span class='ocrx_word' id='word_1_611' title='bbox 2885 4379 2908 4386; x_wconf 79' lang='lat'><strong>..</strong></span> <span class='ocrx_word' id='word_1_612' title='bbox 2975 4372 2989 4386; x_wconf 66' lang='grc' dir='ltr'><strong>ς</strong></span> <span class='ocrx_word' id='word_1_613' title='bbox 3131 4375 3146 4386; x_wconf 70' lang='grc' dir='ltr'><strong>ι</strong></span> <span class='ocrx_word' id='word_1_614' title='bbox 3339 4374 3363 4386; x_wconf 73' lang='grc' dir='ltr'><strong><em>υ</em></strong></span> <span class='ocrx_word' id='word_1_615' title='bbox 3729 4382 3740 4386; x_wconf 84' lang='lat'><em>_</em></span> 
     </span>
    </p>
   </div>
   <div class='ocr_carea' id='block_1_69' title="bbox 371 4364 2025 4458">
    <p class='ocr_par' dir='ltr' id='par_1_69' title="bbox 371 4364 2023 4451">
     <span class='ocr_line' id='line_1_70' title="bbox 371 4364 2023 4451; baseline -0.008 -15"><span class='ocrx_word' id='word_1_616' title='bbox 371 4369 484 4435; x_wconf 77' lang='grc' dir='ltr'>λου.</span> <span class='ocrx_word' id='word_1_617' title='bbox 523 4373 676 4434; x_wconf 74' lang='lat' dir='ltr'><strong>Haec</strong></span> <span class='ocrx_word' id='word_1_618' title='bbox 703 4371 900 4451; x_wconf 78' lang='lat' dir='ltr'><strong>igitur</strong></span> <span class='ocrx_word' id='word_1_619' title='bbox 921 4375 1167 4450; x_wconf 86' lang='lat' dir='ltr'><strong>propter</strong></span> <span class='ocrx_word' id='word_1_620' title='bbox 1215 4385 1338 4439; x_wconf 84' lang='lat' dir='ltr'><strong>eos,</strong></span> <span class='ocrx_word' id='word_1_621' title='bbox 1385 4369 1492 4447; x_wconf 85' lang='lat' dir='ltr'><strong>qui</strong></span> <span class='ocrx_word' id='word_1_622' title='bbox 1545 4367 1842 4428; x_wconf 83' lang='lat' dir='ltr'><strong>adversus</strong></span> <span class='ocrx_word' id='word_1_623' title='bbox 1871 4364 2023 4426; x_wconf 85' lang='lat' dir='ltr'><strong>bona</strong></span> 
     </span>
    </p>
   </div>
   <div class='ocr_carea' id='block_1_70' title="bbox 2123 4364 3749 4458">
    <p class='ocr_par' dir='ltr' id='par_1_70' title="bbox 2123 4364 3749 4458">
     <span class='ocr_line' id='line_1_71' title="bbox 2123 4364 3749 4458; baseline 0.006 -30"><span class='ocrx_word' id='word_1_624' title='bbox 2123 4375 2458 4452; x_wconf 65' lang='grc' dir='ltr'>αακαρισμῶν</span> <span class='ocrx_word' id='word_1_625' title='bbox 2529 4380 2621 4430; x_wconf 79' lang='grc' dir='ltr'>τοῦ</span> <span class='ocrx_word' id='word_1_626' title='bbox 2688 4379 2912 4452; x_wconf 79' lang='grc' dir='ltr'>Χριστοῦ</span> <span class='ocrx_word' id='word_1_627' title='bbox 2973 4372 3026 4428; x_wconf 83' lang='grc' dir='ltr'>ἐν</span> <span class='ocrx_word' id='word_1_628' title='bbox 3091 4375 3275 4439; x_wconf 72' lang='grc' dir='ltr'>αὐτοῖς</span> <span class='ocrx_word' id='word_1_629' title='bbox 3339 4364 3536 4458; x_wconf 77' lang='grc' dir='ltr'>ἔχομεν</span> <span class='ocrx_word' id='word_1_630' title='bbox 3571 4393 3586 4410; x_wconf 86' lang='grc'><strong>⁰</strong></span> <span class='ocrx_word' id='word_1_631' title='bbox 3661 4382 3749 4438; x_wconf 81' lang='grc' dir='ltr'><strong>καὶ</strong></span> 
     </span>
    </p>
   </div>
   <div class='ocr_carea' id='block_1_71' title="bbox 371 4455 2025 4540">
    <p class='ocr_par' dir='ltr' id='par_1_71' title="bbox 371 4455 2025 4535">
     <span class='ocr_line' id='line_1_72' title="bbox 371 4455 2025 4535; baseline -0.002 -17"><span class='ocrx_word' id='word_1_632' title='bbox 371 4460 744 4535; x_wconf 74' lang='lat' dir='ltr'><strong>invidentia,</strong></span> <span class='ocrx_word' id='word_1_633' title='bbox 761 4458 1190 4521; x_wconf 76' lang='lat' dir='ltr'><strong>incredulitate</strong></span> <span class='ocrx_word' id='word_1_634' title='bbox 1201 4464 1257 4520; x_wconf 91' lang='lat' dir='ltr'><strong>et</strong></span> <span class='ocrx_word' id='word_1_635' title='bbox 1270 4455 2025 4535; x_wconf 66' lang='grc' dir='ltr'><strong>ἰςηοναιὶοηειιθιὶηθηιητ’,</strong></span> 
     </span>
    </p>
   </div>
   <div class='ocr_carea' id='block_1_72' title="bbox 2123 4455 3748 4540">
    <p class='ocr_par' dir='ltr' id='par_1_72' title="bbox 2123 4455 3748 4540">
     <span class='ocr_line' id='line_1_73' title="bbox 2207 4455 3406 4484; baseline 0.002 -2"><span class='ocrx_word' id='word_1_636' title='bbox 2207 4462 2223 4482; x_wconf 57' lang='grc' dir='ltr'><strong><em>κ</em></strong></span> <span class='ocrx_word' id='word_1_637' title='bbox 2295 4459 2319 4479; x_wconf 64' lang='grc' dir='ltr'><strong>εκ</strong></span> <span class='ocrx_word' id='word_1_638' title='bbox 2433 4459 2445 4480; x_wconf 84' lang='lat' dir='ltr'><strong><em>I</em></strong></span> <span class='ocrx_word' id='word_1_639' title='bbox 2675 4461 2691 4484; x_wconf 59' lang='grc' dir='ltr'><strong>κ</strong></span> <span class='ocrx_word' id='word_1_640' title='bbox 2943 4460 2984 4484; x_wconf 73' lang='grc' dir='ltr'><strong>ην</strong></span> <span class='ocrx_word' id='word_1_641' title='bbox 3359 4455 3406 4481; x_wconf 70' lang='grc'><strong>-;’</strong></span> 
     </span>
     <span class='ocr_line' id='line_1_74' title="bbox 2123 4463 3748 4540; baseline 0.004 -22"><span class='ocrx_word' id='word_1_642' title='bbox 2123 4483 2227 4540; x_wconf 76' lang='grc' dir='ltr'>περι</span> <span class='ocrx_word' id='word_1_643' title='bbox 2291 4478 2549 4539; x_wconf 82' lang='grc' dir='ltr'>οακρυων,</span> <span class='ocrx_word' id='word_1_644' title='bbox 2607 4482 2694 4517; x_wconf 87' lang='grc' dir='ltr'><strong>και</strong></span> <span class='ocrx_word' id='word_1_645' title='bbox 2761 4463 3242 4528; x_wconf 78' lang='grc' dir='ltr'>κατανυςεως.-Ρ.</span> <span class='ocrx_word' id='word_1_646' title='bbox 3301 4472 3411 4530; x_wconf 86' lang='grc' dir='ltr'>Πας</span> <span class='ocrx_word' id='word_1_647' title='bbox 3467 4465 3612 4533; x_wconf 86' lang='grc' dir='ltr'>ὅστις</span> <span class='ocrx_word' id='word_1_648' title='bbox 3655 4471 3748 4525; x_wconf 79' lang='grc' dir='ltr'>εὑ-</span> 
     </span>
    </p>
   </div>
   <div class='ocr_carea' id='block_1_73' title="bbox 375 4543 2025 4631">
    <p class='ocr_par' dir='ltr' id='par_1_73' title="bbox 375 4543 2025 4631">
     <span class='ocr_line' id='line_1_75' title="bbox 375 4543 2025 4631; baseline -0.004 -21"><span class='ocrx_word' id='word_1_649' title='bbox 375 4565 452 4611; x_wconf 77' lang='lat' dir='ltr'><strong>ex</strong></span> <span class='ocrx_word' id='word_1_650' title='bbox 460 4549 697 4612; x_wconf 80' lang='lat' dir='ltr'><strong>divinis</strong></span> <span class='ocrx_word' id='word_1_651' title='bbox 713 4548 1024 4610; x_wconf 78' lang='lat' dir='ltr'><strong>amoribus</strong></span> <span class='ocrx_word' id='word_1_652' title='bbox 1037 4564 1108 4608; x_wconf 87' lang='lat' dir='ltr'><strong>ac</strong></span> <span class='ocrx_word' id='word_1_653' title='bbox 1120 4545 1402 4609; x_wconf 79' lang='lat' dir='ltr'><strong>laudibus</strong></span> <span class='ocrx_word' id='word_1_654' title='bbox 1409 4544 1800 4626; x_wconf 76' lang='lat' dir='ltr'><strong>praeceptoris</strong></span> <span class='ocrx_word' id='word_1_655' title='bbox 1810 4559 1848 4605; x_wconf 82' lang='grc' dir='ltr'><strong>α</strong></span> <span class='ocrx_word' id='word_1_656' title='bbox 1860 4543 2025 4631; x_wconf 78' lang='lat' dir='ltr'><strong>nobis</strong></span> 
     </span>
    </p>
   </div>
   <div class='ocr_carea' id='block_1_74' title="bbox 2123 4543 3755 4631">
    <p class='ocr_par' dir='ltr' id='par_1_74' title="bbox 2123 4548 3755 4631">
     <span class='ocr_line' id='line_1_76' title="bbox 2123 4548 3755 4631; baseline 0.01 -28"><span class='ocrx_word' id='word_1_657' title='bbox 2123 4563 2226 4629; x_wconf 59' lang='grc' dir='ltr'>ρεϊν</span> <span class='ocrx_word' id='word_1_658' title='bbox 2272 4548 2514 4627; x_wconf 82' lang='grc' dir='ltr'>βούλεται</span> <span class='ocrx_word' id='word_1_659' title='bbox 2547 4552 2637 4606; x_wconf 81' lang='grc' dir='ltr'>τὸν</span> <span class='ocrx_word' id='word_1_660' title='bbox 2693 4551 2845 4624; x_wconf 80' lang='grc' dir='ltr'>Θεὸν,</span> <span class='ocrx_word' id='word_1_661' title='bbox 2890 4550 3279 4631; x_wconf 75' lang='grc' dir='ltr'>ἀπαρνησάσθω</span> <span class='ocrx_word' id='word_1_662' title='bbox 3333 4555 3542 4620; x_wconf 80' lang='grc' dir='ltr'>ἑαυτόν.</span> <span class='ocrx_word' id='word_1_663' title='bbox 3588 4555 3755 4622; x_wconf 89' lang='lat' dir='ltr'><strong>Inter</strong></span> 
     </span>
    </p>
   </div>
   <div class='ocr_carea' id='block_1_75' title="bbox 383 4629 2034 4718">
    <p class='ocr_par' dir='ltr' id='par_1_75' title="bbox 383 4629 2034 4718">
     <span class='ocr_line' id='line_1_77' title="bbox 383 4629 2034 4718; baseline -0.005 -21"><span class='ocrx_word' id='word_1_664' title='bbox 383 4640 716 4718; x_wconf 75' lang='lat' dir='ltr'><strong>prceposita</strong></span> <span class='ocrx_word' id='word_1_665' title='bbox 729 4643 899 4699; x_wconf 79' lang='lat' dir='ltr'><strong>sunt.</strong></span> <span class='ocrx_word' id='word_1_666' title='bbox 927 4636 1027 4700; x_wconf 88' lang='lat' dir='ltr'><strong>Sic</strong></span> <span class='ocrx_word' id='word_1_667' title='bbox 1047 4634 1354 4716; x_wconf 89' lang='lat' dir='ltr'><strong>discipulis</strong></span> <span class='ocrx_word' id='word_1_668' title='bbox 1375 4634 1450 4696; x_wconf 91' lang='lat' dir='ltr'><strong>de</strong></span> <span class='ocrx_word' id='word_1_669' title='bbox 1481 4631 1862 4714; x_wconf 82' lang='lat' dir='ltr'><strong>praeceptoris</strong></span> <span class='ocrx_word' id='word_1_670' title='bbox 1891 4629 2034 4692; x_wconf 84' lang='lat' dir='ltr'><strong>scri-</strong></span> 
     </span>
    </p>
   </div>
   <div class='ocr_carea' id='block_1_76' title="bbox 397 4719 2038 4808">
    <p class='ocr_par' dir='ltr' id='par_1_76' title="bbox 397 4719 2038 4808">
     <span class='ocr_line' id='line_1_78' title="bbox 397 4719 2038 4808; baseline -0.004 -22"><span class='ocrx_word' id='word_1_671' title='bbox 397 4726 528 4808; x_wconf 87' lang='lat' dir='ltr'><strong>ptis.</strong></span> <span class='ocrx_word' id='word_1_672' title='bbox 563 4726 767 4798; x_wconf 85' lang='lat' dir='ltr'><strong>Quare</strong></span> <span class='ocrx_word' id='word_1_673' title='bbox 791 4732 979 4802; x_wconf 89' lang='lat' dir='ltr'><strong>certo,</strong></span> <span class='ocrx_word' id='word_1_674' title='bbox 1037 4723 1256 4787; x_wconf 88' lang='lat' dir='ltr'><strong>certius</strong></span> <span class='ocrx_word' id='word_1_675' title='bbox 1299 4722 1775 4786; x_wconf 88' lang='lat' dir='ltr'><strong>concludendum</strong></span> <span class='ocrx_word' id='word_1_676' title='bbox 1805 4719 2038 4808; x_wconf 84' lang='lat' dir='ltr'><strong>videtur</strong></span> 
     </span>
    </p>
   </div>
   <div class='ocr_carea' id='block_1_77' title="bbox 383 4807 2038 4897">
    <p class='ocr_par' dir='ltr' id='par_1_77' title="bbox 383 4807 2038 4897">
     <span class='ocr_line' id='line_1_79' title="bbox 383 4807 2038 4897; baseline -0.007 -18"><span class='ocrx_word' id='word_1_677' title='bbox 383 4807 544 4880; x_wconf 84' lang='lat' dir='ltr'><strong>hunc</strong></span> <span class='ocrx_word' id='word_1_678' title='bbox 568 4817 950 4897; x_wconf 76' lang='lat' dir='ltr'><strong>Symeonem,</strong></span> <span class='ocrx_word' id='word_1_679' title='bbox 975 4814 1068 4875; x_wconf 83' lang='lat' dir='ltr'><strong>vel</strong></span> <span class='ocrx_word' id='word_1_680' title='bbox 1113 4812 1324 4876; x_wconf 92' lang='lat' dir='ltr'><strong>iisdem</strong></span> <span class='ocrx_word' id='word_1_681' title='bbox 1359 4831 1496 4875; x_wconf 90' lang='lat' dir='ltr'><strong>cum</strong></span> <span class='ocrx_word' id='word_1_682' title='bbox 1527 4809 1728 4873; x_wconf 89' lang='lat' dir='ltr'><strong>Niceta</strong></span> <span class='ocrx_word' id='word_1_683' title='bbox 1751 4807 2038 4897; x_wconf 84' lang='lat' dir='ltr'><strong>tempori—</strong></span> 
     </span>
    </p>
   </div>
   <div class='ocr_carea' id='block_1_78' title="bbox 387 4896 2035 4985">
    <p class='ocr_par' dir='ltr' id='par_1_78' title="bbox 387 4896 2035 4985">
     <span class='ocr_line' id='line_1_80' title="bbox 387 4896 2035 4985; baseline -0.009 -15"><span class='ocrx_word' id='word_1_684' title='bbox 387 4896 639 4980; x_wconf 79' lang='lat' dir='ltr'><strong>bus,vel</strong></span> <span class='ocrx_word' id='word_1_685' title='bbox 667 4904 840 4985; x_wconf 88' lang='lat' dir='ltr'><strong>paulo</strong></span> <span class='ocrx_word' id='word_1_686' title='bbox 861 4910 998 4966; x_wconf 89' lang='lat' dir='ltr'><strong>ante</strong></span> <span class='ocrx_word' id='word_1_687' title='bbox 1019 4900 1329 4982; x_wconf 87' lang='lat' dir='ltr'><strong>scripsisse</strong></span> <span class='ocrx_word' id='word_1_688' title='bbox 1355 4921 1369 4965; x_wconf 91' lang='lat'>:</span> <span class='ocrx_word' id='word_1_689' title='bbox 1410 4919 1486 4962; x_wconf 92' lang='lat' dir='ltr'><strong>ne</strong></span> <span class='ocrx_word' id='word_1_690' title='bbox 1525 4916 1802 4978; x_wconf 83' lang='lat' dir='ltr'><strong>eugamur</strong></span> <span class='ocrx_word' id='word_1_691' title='bbox 1833 4896 2035 4958; x_wconf 87' lang='lat' dir='ltr'><strong>dicere</strong></span> 
     </span>
    </p>
   </div>
   <div class='ocr_carea' id='block_1_79' title="bbox 394 4986 2036 5076">
    <p class='ocr_par' dir='ltr' id='par_1_79' title="bbox 394 4986 2036 5076">
     <span class='ocr_line' id='line_1_81' title="bbox 394 4986 2036 5076; baseline -0.007 -17"><span class='ocrx_word' id='word_1_692' title='bbox 394 4993 764 5076; x_wconf 87' lang='lat' dir='ltr'><strong>discipulum</strong></span> <span class='ocrx_word' id='word_1_693' title='bbox 791 5001 960 5056; x_wconf 74' lang='lat' dir='ltr'><strong>aetate</strong></span> <span class='ocrx_word' id='word_1_694' title='bbox 989 4991 1382 5072; x_wconf 88' lang='lat' dir='ltr'><strong>antiquiorem</strong></span> <span class='ocrx_word' id='word_1_695' title='bbox 1435 4989 1741 5076; x_wconf 83' lang='lat' dir='ltr'><strong>magistro,</strong></span> <span class='ocrx_word' id='word_1_696' title='bbox 1767 4993 1834 5048; x_wconf 91' lang='lat' dir='ltr'><strong>ut</strong></span> <span class='ocrx_word' id='word_1_697' title='bbox 1862 4986 2036 5066; x_wconf 88' lang='lat' dir='ltr'><strong>plane</strong></span> 
     </span>
    </p>
   </div>
   <div class='ocr_carea' id='block_1_80' title="bbox 381 5075 2030 5164">
    <p class='ocr_par' dir='ltr' id='par_1_80' title="bbox 381 5075 2030 5164">
     <span class='ocr_line' id='line_1_82' title="bbox 381 5075 2030 5164; baseline -0.006 -17"><span class='ocrx_word' id='word_1_698' title='bbox 381 5075 766 5164; x_wconf 79' lang='lat' dir='ltr'><strong>cogeremur,</strong></span> <span class='ocrx_word' id='word_1_699' title='bbox 800 5082 852 5144; x_wconf 91' lang='lat' dir='ltr'><strong>si</strong></span> <span class='ocrx_word' id='word_1_700' title='bbox 880 5081 1022 5144; x_wconf 89' lang='lat' dir='ltr'><strong>anni</strong></span> <span class='ocrx_word' id='word_1_701' title='bbox 1051 5079 1327 5144; x_wconf 84' lang='lat' dir='ltr'><strong>sexcenti</strong></span> <span class='ocrx_word' id='word_1_702' title='bbox 1346 5079 1594 5159; x_wconf 83' lang='lat' dir='ltr'><strong>integris</strong></span> <span class='ocrx_word' id='word_1_703' title='bbox 1615 5075 2030 5164; x_wconf 83' lang='lat' dir='ltr'><strong>perfectisque,</strong></span> 
     </span>
    </p>
   </div>
   <div class='ocr_carea' id='block_1_81' title="bbox 391 5163 2038 5250">
    <p class='ocr_par' dir='ltr' id='par_1_81' title="bbox 391 5163 2038 5250">
     <span class='ocr_line' id='line_1_83' title="bbox 391 5163 2038 5250; baseline -0.007 -14"><span class='ocrx_word' id='word_1_704' title='bbox 391 5163 516 5236; x_wconf 84' lang='lat' dir='ltr'><strong>tum</strong></span> <span class='ocrx_word' id='word_1_705' title='bbox 548 5191 691 5236; x_wconf 91' lang='lat' dir='ltr'><strong>cum</strong></span> <span class='ocrx_word' id='word_1_706' title='bbox 733 5171 835 5234; x_wconf 87' lang='lat' dir='ltr'><strong>illa</strong></span> <span class='ocrx_word' id='word_1_707' title='bbox 893 5169 1186 5233; x_wconf 88' lang='lat' dir='ltr'><strong>scriberet</strong></span> <span class='ocrx_word' id='word_1_708' title='bbox 1235 5167 1513 5250; x_wconf 80' lang='lat' dir='ltr'><strong>Symeon,</strong></span> <span class='ocrx_word' id='word_1_709' title='bbox 1564 5167 1854 5230; x_wconf 84' lang='lat' dir='ltr'><strong>fuissent.</strong></span> <span class='ocrx_word' id='word_1_710' title='bbox 1895 5163 2038 5226; x_wconf 87' lang='lat' dir='ltr'><strong>alias</strong></span> 
     </span>
    </p>
   </div>
   <div class='ocr_carea' id='block_1_82' title="bbox 383 5253 2034 5338">
    <p class='ocr_par' dir='ltr' id='par_1_82' title="bbox 383 5253 2034 5338">
     <span class='ocr_line' id='line_1_84' title="bbox 383 5253 2034 5338; baseline -0.007 -13"><span class='ocrx_word' id='word_1_711' title='bbox 383 5261 812 5325; x_wconf 80' lang='lat' dir='ltr'><strong>atﬁrmandum</strong></span> <span class='ocrx_word' id='word_1_712' title='bbox 858 5267 1042 5336; x_wconf 88' lang='lat' dir='ltr'><strong>esset,</strong></span> <span class='ocrx_word' id='word_1_713' title='bbox 1101 5257 1366 5322; x_wconf 86' lang='lat' dir='ltr'><strong>Nicetam</strong></span> <span class='ocrx_word' id='word_1_714' title='bbox 1424 5258 1777 5338; x_wconf 77' lang='grc' dir='ltr'>ἐσχατόγερον</span> <span class='ocrx_word' id='word_1_715' title='bbox 1827 5253 2034 5330; x_wconf 86' lang='lat' dir='ltr'><strong>fuisse,</strong></span> 
     </span>
    </p>
   </div>
   <div class='ocr_carea' id='block_1_83' title="bbox 387 5343 2039 5415">
    <p class='ocr_par' dir='ltr' id='par_1_83' title="bbox 387 5343 2039 5415">
     <span class='ocr_line' id='line_1_85' title="bbox 387 5343 2039 5415; baseline -0.007 0"><span class='ocrx_word' id='word_1_716' title='bbox 387 5369 534 5415; x_wconf 86' lang='lat' dir='ltr'><strong>cum</strong></span> <span class='ocrx_word' id='word_1_717' title='bbox 566 5349 980 5413; x_wconf 66' lang='lat' dir='ltr'><strong>Praefationem</strong></span> <span class='ocrx_word' id='word_1_718' title='bbox 1008 5347 1170 5412; x_wconf 89' lang='lat' dir='ltr'><strong>illam</strong></span> <span class='ocrx_word' id='word_1_719' title='bbox 1201 5347 1472 5411; x_wconf 90' lang='lat' dir='ltr'><strong>dictaret.</strong></span> <span class='ocrx_word' id='word_1_720' title='bbox 1505 5345 1652 5408; x_wconf 88' lang='lat' dir='ltr'><strong>Nam</strong></span> <span class='ocrx_word' id='word_1_721' title='bbox 1681 5345 1851 5408; x_wconf 92' lang='lat' dir='ltr'><strong>illum</strong></span> <span class='ocrx_word' id='word_1_722' title='bbox 1888 5343 2039 5408; x_wconf 77' lang='grc'><strong>1054</strong></span> 
     </span>
    </p>
   </div>
   <div class='ocr_carea' id='block_1_84' title="bbox 389 5435 2034 5520">
    <p class='ocr_par' dir='ltr' id='par_1_84' title="bbox 389 5435 2034 5520">
     <span class='ocr_line' id='line_1_86' title="bbox 389 5435 2034 5520; baseline -0.007 -17"><span class='ocrx_word' id='word_1_723' title='bbox 389 5447 567 5503; x_wconf 67' lang='lat' dir='ltr'><strong>aetate</strong></span> <span class='ocrx_word' id='word_1_724' title='bbox 596 5447 868 5520; x_wconf 85' lang='lat' dir='ltr'><strong>provecta</strong></span> <span class='ocrx_word' id='word_1_725' title='bbox 915 5439 1099 5501; x_wconf 84' lang='lat' dir='ltr'><strong>fuisse</strong></span> <span class='ocrx_word' id='word_1_726' title='bbox 1141 5445 1202 5500; x_wconf 90' lang='lat' dir='ltr'><strong>et</strong></span> <span class='ocrx_word' id='word_1_727' title='bbox 1255 5436 1477 5518; x_wconf 86' lang='lat' dir='ltr'><strong>scripta</strong></span> <span class='ocrx_word' id='word_1_728' title='bbox 1529 5435 1710 5511; x_wconf 91' lang='lat' dir='ltr'><strong>illius,</strong></span> <span class='ocrx_word' id='word_1_729' title='bbox 1747 5441 1806 5494; x_wconf 93' lang='lat' dir='ltr'><strong>et</strong></span> <span class='ocrx_word' id='word_1_730' title='bbox 1833 5439 2034 5494; x_wconf 89' lang='lat' dir='ltr'><strong>aucto-</strong></span> 
     </span>
    </p>
   </div>
   <div class='ocr_carea' id='block_1_85' title="bbox 391 5523 2032 5610">
    <p class='ocr_par' dir='ltr' id='par_1_85' title="bbox 391 5523 2032 5610">
     <span class='ocr_line' id='line_1_87' title="bbox 391 5523 2032 5610; baseline -0.005 -19"><span class='ocrx_word' id='word_1_731' title='bbox 391 5529 566 5610; x_wconf 81' lang='lat' dir='ltr'><strong>ritas,</strong></span> <span class='ocrx_word' id='word_1_732' title='bbox 600 5537 657 5590; x_wconf 90' lang='lat' dir='ltr'><strong>et</strong></span> <span class='ocrx_word' id='word_1_733' title='bbox 679 5528 991 5610; x_wconf 90' lang='lat' dir='ltr'><strong>judicium,</strong></span> <span class='ocrx_word' id='word_1_734' title='bbox 1040 5528 1105 5590; x_wconf 89' lang='lat' dir='ltr'><strong>in</strong></span> <span class='ocrx_word' id='word_1_735' title='bbox 1150 5544 1268 5609; x_wconf 90' lang='lat' dir='ltr'><strong>quo</strong></span> <span class='ocrx_word' id='word_1_736' title='bbox 1313 5525 1444 5607; x_wconf 88' lang='lat' dir='ltr'><strong>ipse</strong></span> <span class='ocrx_word' id='word_1_737' title='bbox 1472 5523 1900 5588; x_wconf 90' lang='lat' dir='ltr'><strong>condemnatus</strong></span> <span class='ocrx_word' id='word_1_738' title='bbox 1921 5527 2032 5598; x_wconf 89' lang='lat' dir='ltr'><strong>est,</strong></span> 
     </span>
    </p>
   </div>
   <div class='ocr_carea' id='block_1_86' title="bbox 396 5610 2040 5700">
    <p class='ocr_par' dir='ltr' id='par_1_86' title="bbox 396 5610 2040 5700">
     <span class='ocr_line' id='line_1_88' title="bbox 396 5610 2040 5700; baseline -0.004 -23"><span class='ocrx_word' id='word_1_739' title='bbox 396 5617 583 5700; x_wconf 81' lang='lat' dir='ltr'><strong>plane</strong></span> <span class='ocrx_word' id='word_1_740' title='bbox 605 5617 872 5698; x_wconf 86' lang='lat' dir='ltr'><strong>probant.</strong></span> <span class='ocrx_word' id='word_1_741' title='bbox 889 5618 956 5680; x_wconf 90' lang='lat' dir='ltr'><strong>Si</strong></span> <span class='ocrx_word' id='word_1_742' title='bbox 983 5613 1481 5680; x_wconf 81' lang='lat' dir='ltr'><strong>sexcentesimum</strong></span> <span class='ocrx_word' id='word_1_743' title='bbox 1511 5611 1715 5688; x_wconf 87' lang='lat' dir='ltr'><strong>addas,</strong></span> <span class='ocrx_word' id='word_1_744' title='bbox 1745 5610 2040 5674; x_wconf 88' lang='lat' dir='ltr'><strong>addentur</strong></span> 
     </span>
    </p>
   </div>
   <div class='ocr_carea' id='block_1_87' title="bbox 2117 4637 3122 4718">
    <p class='ocr_par' dir='ltr' id='par_1_87' title="bbox 2117 4637 3122 4718">
     <span class='ocr_line' id='line_1_89' title="bbox 2117 4637 3122 4718; baseline 0.001 -16"><span class='ocrx_word' id='word_1_745' title='bbox 2117 4637 2306 4702; x_wconf 90' lang='lat' dir='ltr'><strong>editas</strong></span> <span class='ocrx_word' id='word_1_746' title='bbox 2330 4657 2437 4718; x_wconf 89' lang='lat' dir='ltr'><strong>per</strong></span> <span class='ocrx_word' id='word_1_747' title='bbox 2467 4642 2792 4700; x_wconf 85' lang='lat' dir='ltr'><strong>Pontanum</strong></span> <span class='ocrx_word' id='word_1_748' title='bbox 2823 4657 2986 4703; x_wconf 91' lang='lat' dir='ltr'><strong>num.</strong></span> <span class='ocrx_word' id='word_1_749' title='bbox 3020 4641 3122 4702; x_wconf 70' lang='grc'><strong>28.</strong></span> 
     </span>
    </p>
   </div>
   <div class='ocr_carea' id='block_1_88' title="bbox 2199 4725 3756 4815">
    <p class='ocr_par' dir='ltr' id='par_1_88' title="bbox 2199 4725 3756 4815">
     <span class='ocr_line' id='line_1_90' title="bbox 2199 4725 3756 4815; baseline 0.008 -31"><span class='ocrx_word' id='word_1_750' title='bbox 2199 4726 2300 4792; x_wconf 83' lang='grc' dir='ltr'><strong>ΙΙΙ,</strong></span> <span class='ocrx_word' id='word_1_751' title='bbox 2355 4731 2479 4809; x_wconf 90' lang='grc' dir='ltr'>Περὶ</span> <span class='ocrx_word' id='word_1_752' title='bbox 2527 4727 2643 4808; x_wconf 74' lang='grc' dir='ltr'>τοῦ,</span> <span class='ocrx_word' id='word_1_753' title='bbox 2703 4725 2782 4784; x_wconf 82' lang='grc' dir='ltr'>ὅτι</span> <span class='ocrx_word' id='word_1_754' title='bbox 2839 4729 2950 4808; x_wconf 66' lang='grc' dir='ltr'>χρ“ι</span> <span class='ocrx_word' id='word_1_755' title='bbox 2993 4729 3171 4796; x_wconf 83' lang='grc' dir='ltr'>καλῶς</span> <span class='ocrx_word' id='word_1_756' title='bbox 3223 4733 3623 4815; x_wconf 74' lang='grc' dir='ltr'>ὑποτάσσεσθαι,</span> <span class='ocrx_word' id='word_1_757' title='bbox 3665 4741 3756 4798; x_wconf 79' lang='grc' dir='ltr'><strong>καὶ</strong></span> 
     </span>
    </p>
   </div>
   <div class='ocr_carea' id='block_1_89' title="bbox 2122 4817 3754 4905">
    <p class='ocr_par' dir='ltr' id='par_1_89' title="bbox 2122 4817 3754 4905">
     <span class='ocr_line' id='line_1_91' title="bbox 2122 4817 3754 4905; baseline 0.007 -29"><span class='ocrx_word' id='word_1_758' title='bbox 2122 4820 2199 4886; x_wconf 68' lang='grc' dir='ltr'><strong>αὴ</strong></span> <span class='ocrx_word' id='word_1_759' title='bbox 2256 4817 2680 4876; x_wconf 76' lang='grc' dir='ltr'>ἐπιλανθάνεσθαι</span> <span class='ocrx_word' id='word_1_760' title='bbox 2749 4824 2854 4875; x_wconf 83' lang='grc' dir='ltr'>τῶν</span> <span class='ocrx_word' id='word_1_761' title='bbox 2929 4823 3220 4895; x_wconf 85' lang='grc' dir='ltr'>συνθηκῶν,</span> <span class='ocrx_word' id='word_1_762' title='bbox 3299 4825 3374 4879; x_wconf 83' lang='grc' dir='ltr'>ὧν</span> <span class='ocrx_word' id='word_1_763' title='bbox 3426 4827 3558 4905; x_wconf 80' lang='grc' dir='ltr'>πρὸς</span> <span class='ocrx_word' id='word_1_764' title='bbox 3623 4831 3754 4886; x_wconf 83' lang='grc' dir='ltr'>Θεὸν</span> 
     </span>
    </p>
   </div>
   <div class='ocr_carea' id='block_1_90' title="bbox 2121 4905 3760 4991">
    <p class='ocr_par' dir='ltr' id='par_1_90' title="bbox 2121 4905 3760 4991">
     <span class='ocr_line' id='line_1_92' title="bbox 2121 4905 3760 4991; baseline 0.006 -25"><span class='ocrx_word' id='word_1_765' title='bbox 2121 4908 2430 4986; x_wconf 81' lang='grc' dir='ltr'>συνεθέμεθα</span> <span class='ocrx_word' id='word_1_766' title='bbox 2464 4927 2480 4942; x_wconf 86' lang='grc'><strong>·</strong></span> <span class='ocrx_word' id='word_1_767' title='bbox 2538 4911 2627 4964; x_wconf 86' lang='grc' dir='ltr'><strong>καὶ</strong></span> <span class='ocrx_word' id='word_1_768' title='bbox 2655 4905 2734 4965; x_wconf 82' lang='grc' dir='ltr'>ὅτι</span> <span class='ocrx_word' id='word_1_769' title='bbox 2790 4909 2850 4966; x_wconf 77' lang='grc' dir='ltr'><strong>ού</strong></span> <span class='ocrx_word' id='word_1_770' title='bbox 2903 4907 2987 4966; x_wconf 79' lang='grc' dir='ltr'><strong>δεῖ</strong></span> <span class='ocrx_word' id='word_1_771' title='bbox 3042 4913 3310 4991; x_wconf 83' lang='grc' dir='ltr'>γογγύζειν</span> <span class='ocrx_word' id='word_1_772' title='bbox 3365 4915 3452 4972; x_wconf 83' lang='grc' dir='ltr'><strong>ἐπὶ</strong></span> <span class='ocrx_word' id='word_1_773' title='bbox 3477 4930 3600 4981; x_wconf 75' lang='grc' dir='ltr'>ταῖς</span> <span class='ocrx_word' id='word_1_774' title='bbox 3626 4941 3760 4978; x_wconf 86' lang='grc' dir='ltr'>παν-</span> 
     </span>
    </p>
   </div>
   <div class='ocr_carea' id='block_1_91' title="bbox 2119 4997 3755 5081">
    <p class='ocr_par' dir='ltr' id='par_1_91' title="bbox 2119 4997 3755 5081">
     <span class='ocr_line' id='line_1_93' title="bbox 2119 4997 3755 5081; baseline -0.001 -25"><span class='ocrx_word' id='word_1_775' title='bbox 2119 4998 2331 5080; x_wconf 81' lang='grc' dir='ltr'>νυχέσιν</span> <span class='ocrx_word' id='word_1_776' title='bbox 2390 4997 2695 5077; x_wconf 76' lang='grc' dir='ltr'>ἀγρυπνίαις</span> <span class='ocrx_word' id='word_1_777' title='bbox 2775 5005 2882 5056; x_wconf 83' lang='grc' dir='ltr'><strong>τῶν</strong></span> <span class='ocrx_word' id='word_1_778' title='bbox 2962 4997 3178 5080; x_wconf 71' lang='grc' dir='ltr'>ὄρθρων.</span> <span class='ocrx_word' id='word_1_779' title='bbox 3237 5007 3296 5062; x_wconf 87' lang='grc' dir='ltr'><strong>Ρ.</strong></span> <span class='ocrx_word' id='word_1_780' title='bbox 3359 5001 3755 5081; x_wconf 75' lang='grc' dir='ltr'>Ἀναμνησθέν-</span> 
     </span>
    </p>
   </div>
   <div class='ocr_carea' id='block_1_92' title="bbox 2115 5085 3752 5173">
    <p class='ocr_par' dir='ltr' id='par_1_92' title="bbox 2115 5085 3752 5173">
     <span class='ocr_line' id='line_1_94' title="bbox 2115 5085 3752 5173; baseline 0.006 -29"><span class='ocrx_word' id='word_1_781' title='bbox 2115 5109 2202 5152; x_wconf 87' lang='grc' dir='ltr'><strong>τες</strong></span> <span class='ocrx_word' id='word_1_782' title='bbox 2257 5092 2364 5145; x_wconf 82' lang='grc' dir='ltr'>τῶν</span> <span class='ocrx_word' id='word_1_783' title='bbox 2419 5085 2511 5144; x_wconf 70' lang='grc' dir='ltr'>τοῦ</span> <span class='ocrx_word' id='word_1_784' title='bbox 2567 5086 2698 5144; x_wconf 76' lang='grc' dir='ltr'>Θεοό</span> <span class='ocrx_word' id='word_1_785' title='bbox 2750 5090 3198 5168; x_wconf 72' lang='grc' dir='ltr'>προσταγμάτων,</span> <span class='ocrx_word' id='word_1_786' title='bbox 3255 5089 3392 5149; x_wconf 69' lang='grc' dir='ltr'>οὕτω</span> <span class='ocrx_word' id='word_1_787' title='bbox 3447 5091 3710 5173; x_wconf 84' lang='grc' dir='ltr'>λεγόντων</span> <span class='ocrx_word' id='word_1_788' title='bbox 3735 5112 3752 5131; x_wconf 85' lang='grc'>⁶</span> 
     </span>
    </p>
   </div>
   <div class='ocr_carea' id='block_1_93' title="bbox 2118 5176 2455 5256">
    <p class='ocr_par' dir='ltr' id='par_1_93' title="bbox 2118 5176 2455 5256">
     <span class='ocr_line' id='line_1_95' title="bbox 2118 5176 2455 5256; baseline -0.009 -21"><span class='ocrx_word' id='word_1_789' title='bbox 2118 5177 2208 5246; x_wconf 76' lang='grc' dir='ltr'><strong>Μὴ</strong></span> <span class='ocrx_word' id='word_1_790' title='bbox 2235 5176 2455 5256; x_wconf 77' lang='grc' dir='ltr'>κρίνετε,</span> 
     </span>
    </p>
   </div>
   <div class='ocr_carea' id='block_1_94' title="bbox 2145 5263 3760 5354">
    <p class='ocr_par' dir='ltr' id='par_1_94' title="bbox 2145 5263 3760 5354">
     <span class='ocr_line' id='line_1_96' title="bbox 2145 5263 3760 5354; baseline 0.012 -40"><span class='ocrx_word' id='word_1_791' title='bbox 2145 5312 2147 5314; x_wconf 84' lang='grc'>.</span> <span class='ocrx_word' id='word_1_792' title='bbox 2196 5263 2296 5328; x_wconf 81' lang='lat' dir='ltr'><strong>1V,</strong></span> <span class='ocrx_word' id='word_1_793' title='bbox 2381 5267 2504 5346; x_wconf 81' lang='grc' dir='ltr'>Περὶ</span> <span class='ocrx_word' id='word_1_794' title='bbox 2587 5267 2862 5343; x_wconf 80' lang='grc' dir='ltr'>μετανοίας</span> <span class='ocrx_word' id='word_1_795' title='bbox 2940 5269 3028 5326; x_wconf 84' lang='grc' dir='ltr'><strong>καὶ</strong></span> <span class='ocrx_word' id='word_1_796' title='bbox 3098 5268 3450 5354; x_wconf 79' lang='grc' dir='ltr'>κατανύξεως,</span> <span class='ocrx_word' id='word_1_797' title='bbox 3526 5273 3616 5331; x_wconf 80' lang='grc' dir='ltr'><strong>καὶ</strong></span> <span class='ocrx_word' id='word_1_798' title='bbox 3699 5274 3760 5334; x_wconf 77' lang='grc' dir='ltr'>ἐκ</span> 
     </span>
    </p>
   </div>
   <div class='ocr_carea' id='block_1_95' title="bbox 2119 5355 3758 5444">
    <p class='ocr_par' dir='ltr' id='par_1_95' title="bbox 2119 5355 3758 5444">
     <span class='ocr_line' id='line_1_97' title="bbox 2119 5355 3758 5444; baseline 0.006 -30"><span class='ocrx_word' id='word_1_799' title='bbox 2119 5359 2311 5444; x_wconf 83' lang='grc' dir='ltr'>ποίων</span> <span class='ocrx_word' id='word_1_800' title='bbox 2339 5357 2534 5424; x_wconf 78' lang='grc' dir='ltr'>ταύτην</span> <span class='ocrx_word' id='word_1_801' title='bbox 2619 5355 2787 5438; x_wconf 70' lang='grc' dir='ltr'>ἔργων</span> <span class='ocrx_word' id='word_1_802' title='bbox 2868 5359 3159 5428; x_wconf 67' lang='grc' dir='ltr'>κτήσασθαι</span> <span class='ocrx_word' id='word_1_803' title='bbox 3236 5358 3474 5444; x_wconf 79' lang='grc' dir='ltr'>δυνατὸν,</span> <span class='ocrx_word' id='word_1_804' title='bbox 3533 5367 3622 5422; x_wconf 83' lang='grc' dir='ltr'><strong>καὶ</strong></span> <span class='ocrx_word' id='word_1_805' title='bbox 3676 5364 3758 5424; x_wconf 82' lang='grc' dir='ltr'>ὅτι</span> 
     </span>
    </p>
   </div>
   <div class='ocr_carea' id='block_1_96' title="bbox 2120 5443 3760 5530">
    <p class='ocr_par' dir='ltr' id='par_1_96' title="bbox 2120 5443 3760 5530">
     <span class='ocr_line' id='line_1_98' title="bbox 2120 5443 3760 5530; baseline 0.006 -28"><span class='ocrx_word' id='word_1_806' title='bbox 2120 5445 2240 5506; x_wconf 74' lang='grc' dir='ltr'>ἄνευ</span> <span class='ocrx_word' id='word_1_807' title='bbox 2297 5443 2528 5526; x_wconf 83' lang='grc' dir='ltr'>δακρύων</span> <span class='ocrx_word' id='word_1_808' title='bbox 2574 5444 2822 5504; x_wconf 84' lang='grc' dir='ltr'>ἀδύνατον</span> <span class='ocrx_word' id='word_1_809' title='bbox 2875 5449 2948 5512; x_wconf 73' lang='grc' dir='ltr'><strong>εἰς</strong></span> <span class='ocrx_word' id='word_1_810' title='bbox 3003 5449 3336 5530; x_wconf 74' lang='grc' dir='ltr'>καθαρότητα</span> <span class='ocrx_word' id='word_1_811' title='bbox 3391 5443 3478 5510; x_wconf 73' lang='grc' dir='ltr'><strong>καὶ</strong></span> <span class='ocrx_word' id='word_1_812' title='bbox 3533 5453 3760 5512; x_wconf 80' lang='grc' dir='ltr'>ἀπάθει-</span> 
     </span>
    </p>
   </div>
   <div class='ocr_carea' id='block_1_97' title="bbox 2119 5532 3760 5620">
    <p class='ocr_par' dir='ltr' id='par_1_97' title="bbox 2119 5532 3760 5620">
     <span class='ocr_line' id='line_1_99' title="bbox 2119 5532 3760 5620; baseline 0.005 -28"><span class='ocrx_word' id='word_1_813' title='bbox 2119 5557 2182 5592; x_wconf 85' lang='grc' dir='ltr'><strong>αν</strong></span> <span class='ocrx_word' id='word_1_814' title='bbox 2238 5533 2420 5592; x_wconf 75' lang='grc' dir='ltr'>ἐλάσαι</span> <span class='ocrx_word' id='word_1_815' title='bbox 2475 5535 2616 5598; x_wconf 84' lang='grc' dir='ltr'>τινά.</span> <span class='ocrx_word' id='word_1_816' title='bbox 2671 5544 2728 5599; x_wconf 88' lang='lat' dir='ltr'><strong><em>P.</em></strong></span> <span class='ocrx_word' id='word_1_817' title='bbox 2789 5532 3126 5616; x_wconf 81' lang='grc' dir='ltr'>Ἐπειδήπερ,</span> <span class='ocrx_word' id='word_1_818' title='bbox 3185 5539 3412 5620; x_wconf 83' lang='grc' dir='ltr'>Πατὲρες</span> <span class='ocrx_word' id='word_1_819' title='bbox 3468 5543 3557 5599; x_wconf 87' lang='grc' dir='ltr'><strong>καὶ</strong></span> <span class='ocrx_word' id='word_1_820' title='bbox 3610 5540 3760 5602; x_wconf 86' lang='grc' dir='ltr'>ἀδελ-</span> 
     </span>
    </p>
   </div>
   <div class='ocr_carea' id='block_1_98' title="bbox 2128 5621 3760 5706">
    <p class='ocr_par' dir='ltr' id='par_1_98' title="bbox 2128 5621 3760 5706">
     <span class='ocr_line' id='line_1_100' title="bbox 2128 5621 3760 5706; baseline 0.006 -26"><span class='ocrx_word' id='word_1_821' title='bbox 2128 5625 2237 5706; x_wconf 70' lang='grc' dir='ltr'>φοὶ,</span> <span class='ocrx_word' id='word_1_822' title='bbox 2285 5621 2376 5680; x_wconf 72' lang='grc' dir='ltr'><strong>τοῦ</strong></span> <span class='ocrx_word' id='word_1_823' title='bbox 2430 5623 2580 5701; x_wconf 79' lang='grc' dir='ltr'>ἁγίου</span> <span class='ocrx_word' id='word_1_824' title='bbox 2608 5623 2813 5703; x_wconf 81' lang='grc' dir='ltr'>Πατρὸς</span> <span class='ocrx_word' id='word_1_825' title='bbox 2869 5625 3022 5702; x_wconf 77' lang='grc' dir='ltr'><strong>ἡμῶν</strong></span> <span class='ocrx_word' id='word_1_826' title='bbox 3074 5627 3292 5704; x_wconf 83' lang='grc' dir='ltr'>Συμεὼν</span> <span class='ocrx_word' id='word_1_827' title='bbox 3345 5628 3438 5687; x_wconf 78' lang='grc' dir='ltr'>τοῦ</span> <span class='ocrx_word' id='word_1_828' title='bbox 3493 5628 3760 5692; x_wconf 83' lang='grc' dir='ltr'>Στουδιώ-</span> 
     </span>
    </p>
   </div>
  </div>
