4062 6094
266 194 377 261 291
1628 197 1940 264 SYMEON
1983 195 2279 266 JUNIOR.
3524 197 3641 264 292

268 350 364 387 του
390 331 497 385 τῶν
524 326 902 386 θεοπνεύστων.
948 321 1217 388 Habetur
1261 323 1419 389 inter
1459 324 1649 390 editas
1704 326 1865 390 Latin

1961 333 2180 411 ίγασίαν
2208 337 2312 390 τῶν
2340 332 2538 413 ἀρετῶν
2593 332 2648 388 ἐν
2689 337 2766 407 τῷ
2819 338 2986 410 καιρῷ
3040 336 3139 399 τῆς
3192 332 3436 399 νηστείας
3469 347 3485 363 ⁸
3544 332 3632 387 καὶ

268 433 378 498 per
403 416 755 489 Pontanum,
788 431 1039 475 numero
1062 413 1165 475 εἳ.
1994 422 2111 498 περὶ
2166 427 2398 496 σιωπῆς,
2463 423 2551 479 καὶ
2606 419 2750 486 ὅπως
2807 418 2890 478 δεῖ
2946 420 3001 477 ἐν
3072 421 3218 498 πάσῃ
3281 426 3342 497 τῇ

1994 422 2111 501 περὶ
2166 427 2398 496 σιωπῆς,
2463 423 2551 479 καὶ
2606 419 2750 486 ὅπως
2807 418 2890 478 δεῖ
2946 420 3001 477 ἐν
3072 421 3218 498 πάσῃ
3281 426 3349 497 τῇ
3417 422 3631 492 νηστείᾳ

345 530 418 596 ν.
477 535 602 613 Περὶ
680 533 980 612 μετανοίας,
1039 533 1128 589 καὶ
1185 530 1265 589 ὅτι
1322 532 1417 590 οὒκ
1474 532 1628 613 ἀρκεῖ
1682 536 1816 611 ἡμῖν
1873 537 1908 604 ἡ
1994 507 2339 613 διάγειν-τοῦς
2368 510 2783 613 ἀγωνιςομένους
2810 509 2896 613 ⁸ἐν
2950 508 3196 613 ἀληθείᾳἱ
3246 520 3305 569 Ρ.
3362 509 3505 613 ἰΕγὼ
3531 509 3627 613 μὲγ

1989 600 2077 654 καὶ
2145 605 2214 676 τῇ
2279 603 2431 681 ψυχῇ
2483 602 2570 657 καὶ
2625 606 2701 675 τῷ
2755 600 2960 675 σώματι
3018 598 3078 654 ἐκ
3136 597 3486 675 πλημμελοῦς
3539 599 3626 654 καὶ

1992 688 2216 765 ῥᾳθύμου
2247 688 2598 769 προαιρέσεώς
2622 711 2680 745 τε
2709 690 2797 746 καὶ
2825 687 3098 753 διαθέσως.

2069 775 2222 839 XIII.
2287 781 2410 859 Περὶ
2475 785 2571 846 τῆς
2629 787 2852 859 Χριστοῦ
2899 777 3256 857 ἀναστάσεως,
3315 777 3403 832 καὶ
3457 776 3621 836 ὁποῖά

1986 868 2063 931 τίς
2094 869 2256 950 ἐστιν,
2289 870 2325 939 ἢ
2369 878 2483 935 πῶς
2541 869 2593 926 ἐν
2654 872 2786 945 ἡμῖν
2844 869 3039 946 γίνεται
3094 870 3129 937 ἡ
3185 867 3466 930 ἀνάστασις
3526 872 3619 923 τοῦ

1985 963 2229 1039 Χριστοῦ,
2262 962 2348 1016 καὶ
2389 960 2441 1016 ἐν
2472 959 2604 1036 αύτῇ
2631 962 2666 1028 ἡ
2696 959 2977 1021 ἀνάστασις
3024 962 3122 1024 τῆς
3171 960 3404 1045 ψυχῆς;
3446 956 3545 1045 Δκαὶ
3574 954 3624 1010 τί

3392 1040 3505 1111 Ηδη
3561 1043 3623 1098 τὸ

264 628 371 680 τῶν
440 621 661 679 ἐνόντων
724 620 884 697 μόνον
952 618 1203 701 διάδοσις,
1289 622 1377 678 καὶ
1445 624 1480 689 ἡ
1534 622 1907 701 ἀπογύμνωσις

262 717 365 768 τῶν
392 711 740 791 ὑπαρχόντων
789 711 863 774 εἷς
914 711 1162 789 κάθαρσιν
1218 714 1424 791 ψυχῆς,
1488 710 1576 767 ἐὰν
1625 713 1701 786 μὴ
1732 714 1907 769 καὶτὸ

261 799 446 864 πένθος
502 799 840 875 κτησώμεθα.
901 800 1000 857 Καὶ
1080 800 1197 877 περὶ
1278 804 1380 866 τῆς
1439 798 1532 856 τοῦ
1589 796 1755 875 Ἀδαμ
1817 798 1905 865 ἐξ-

260 889 435 969 ορίαφ,
482 888 567 944 καὶ
634 888 740 958 ὃτι,
799 888 844 944 εἰ
892 886 1178 962 μετενόησε
1234 885 1494 966 παραϐὰς,
1557 887 1652 943 οὑκ
1694 886 1755 944 ἂν
1813 894 1905 944 τοῦ

259 976 570 1056 παραδείσου
626 976 864 1042 ἐξέπεσεν
899 994 914 1011 ’
996 976 1082 1031 καὶ
1162 978 1281 1031 οἷον
1361 975 1556 1053 ἀγαθὸν
1622 975 1900 1055 εἰργάσατο

261 1045 417 1127 αὐτοῦ
470 1069 505 1135 ἡ
577 1067 710 1129 μετὰ
778 1066 873 1134 τὴν
900 1066 917 1083 ί
952 1063 1212 1122 ἔκπτωσιν
1284 1045 1555 1141 μετάνοια,
1617 1045 1724 1123 κάξ
1789 1062 1909 1147 περὶ
1988 1048 2064 1147 ’ξδ’
2096 1049 2380 1147 μυστήριον
2431 1049 2627 1147 ταύτης
2682 1045 3192 1147 τῆς-ἀναστάσεως.
3251 1054 3309 1104 Ρ.

256 1161 355 1223 τῆς
417 1131 654 1237 δευτέρας
730 1131 844 1214 τοῦ-
887 1154 1072 1233 Κυρίου
1140 1131 1446 1234 παρουσίας,
1501 1157 1587 1212 καὶ
1640 1159 1740 1222 τῆς
1796 1131 1903 1211 τῶν
1988 1134 2181 1237 Πᾴσξλία
2323 1138 2658 1217 χαρμόσυνος
2713 1135 2907 1216 ἡμέρα,
2977 1136 3014 1203 ἦ
3075 1133 3252 1201 πάσης
3302 1131 3617 1211 εὐφροσύνης

260 1244 586 1326 ἁμαρτωλῶν
642 1245 1021 1324 κατακρίσεως,
1092 1244 1190 1301 Καὶ
1230 1244 1361 1322 πρὸς
1406 1251 1483 1318 τῷ
1541 1243 1679 1300 τέλει
1738 1242 1895 1323 ’ἐλεγ-

256 1356 358 1414 χος
386 1340 492 1391 τῶν
546 1333 599 1391 ἐν
648 1334 804 1405 κακίᾳ
859 1334 947 1390 καὶ
1001 1331 1266 1411 ὑποκρίσει
1320 1333 1555 1403 ζώντων,
1601 1342 1660 1395 Ρ.
1721 1332 1894 1390 Καλὸν

253 1424 289 1490 ἡ
369 1424 640 1499 μετάνοια,
713 1422 800 1479 καὶ
868 1424 902 1489 ἡ
973 1418 1025 1486 ἐξ
1100 1420 1262 1488 αὑτῆς
1322 1419 1581 1498 γενομένη
1638 1419 1888 1500 ὠφέλεια,

254 1507 520 1572 Habetur
543 1511 605 1571 in
633 1507 810 1572 editis
841 1527 1005 1569 num.
1044 1505 1144 1570 33.

334 1622 425 1685 VI.
480 1626 603 1704 Περὶ
669 1624 910 1704 ἐργασίας
978 1628 1363 1704 πνευματικῆς,
1429 1624 1517 1681 καὶ
1582 1625 1659 1687 τίς
1732 1624 1797 1692 ἦν
1853 1626 1887 1694 ἡ

250 1712 466 1794 ἐργασία
493 1719 598 1770 τῶν
654 1711 892 1769 παλαιῶν
949 1711 1109 1790 ἁγίων
1144 1728 1160 1743 ’
1208 1714 1296 1769 καὶ
1363 1718 1480 1775 πῶς
1535 1713 1728 1779 ταύτην
1757 1735 1888 1769 κατ-

250 1806 469 1882 ερθῶσαι
534 1801 811 1878 δυνάμεθα,
897 1799 991 1857 ’ίνα
1061 1802 1148 1856 καὶ
1228 1800 1451 1880 μέτοχοι
1521 1801 1695 1880 ὥσπερ
1748 1800 1889 1859 ἐκεῖ·

250 1913 327 1947 νοι
387 1889 480 1947 τοῦ
527 1890 783 1968 παναγίου
839 1890 1114 1968 γενώμεθα
1164 1889 1490 1964 Πνεύματος.
1551 1898 1609 1950 Ρ.
1668 1886 1883 1957 Ἐπειδὴ

246 2000 344 2059 περ
412 1977 618 2059 μεγάλα
672 1978 808 2042 τινὲς
888 1979 1118 2053 οἰόμενοι
1191 1978 1306 2056 περὶ
1393 1978 1587 2033 ἑαυτῶν
1645 1979 1718 2040 ὡς
1790 1977 1885 2035 οὒκ

243 2066 470 2148 ὤφελον.
505 2065 570 2128 In
602 2064 775 2128 editis
804 2069 914 2140 est,
950 2082 1112 2126 num.
1146 2064 1208 2127 8.

324 2178 447 2243 VII.
508 2180 633 2258 Περὶ
680 2176 1029 2257 προσπαθείας
1087 2180 1184 2242 τῆς
1241 2175 1314 2239 είς
1382 2175 1500 2238 τοὺς
1576 2190 1874 2255 συγγενεῖς,

240 2272 327 2328 καὶ
354 2270 432 2333 τίς
459 2270 495 2336 ἡ
524 2267 704 2333 ἀπάτη
748 2269 909 2333 αὑτῆς
945 2280 958 2294 ·
1007 2265 1095 2320 καὶ
1153 2264 1224 2327 εἷς
1272 2267 1388 2319 οἷον
1443 2263 1626 2343 βόθρον
1673 2266 1761 2321 καὶ
1788 2263 1879 2321 δε-

239 2360 373 2434 σμὸν
440 2355 659 2433 κατάγει
714 2354 835 2417 τοὺς
901 2350 1280 2431 κρατουμένους
1352 2352 1439 2407 ὑπ’
1517 2355 1682 2420 αὐτῆς
1718 2373 1732 2388 ⁸
1795 2353 1881 2410 καθ.

239 2447 358 2525 περὶ
408 2444 782 2522 ἀπογνώσεως,
837 2442 925 2498 καὶ
996 2446 1091 2507 τῆς
1149 2439 1204 2495 ἐν
1256 2440 1419 2516 ταύτῃ
1476 2438 1724 2521 διαφορᾶς
1758 2462 1772 2476 ·
1833 2445 1883 2500 τί

239 2532 347 2590 ἐστι
378 2534 464 2610 τὸ,
516 2525 573 2589 Ὀ
633 2530 915 2594 πιστεύσας
955 2530 1044 2586 καὶ
1098 2529 1407 2610 βαπτισθεὶςῄ
1455 2531 1748 2598 σωθήσεται
1787 2551 1802 2565 ·
1848 2535 1876 2589 6

237 2620 291 2678 δὲ
360 2608 659 2690 ἀπιστήσας
729 2619 1188 2697 κατακριθήσεται,
1273 2625 1329 2675 Ρ.
1395 2608 1486 2680 Ὠς
1537 2615 1741 2696 ὤφελόν
1811 2641 1872 2698 γε

235 2709 297 2767 ἂν
352 2715 554 2781 σιωπᾷν
608 2705 904 2786 ἦδυνήμην,
975 2706 1061 2761 καὶ
1118 2705 1183 2760 τὰ
1256 2703 1478 2779 ἐμαυτοῦ
1547 2707 1683 2761 κακὰ
1742 2706 1873 2765 ἀπο-

233 2797 524 2857 κλαίεσθαι.

310 2910 461 2977 VIII.
519 2913 642 2993 Περὶ
708 2909 912 2974 τελείας
967 2908 1204 2991 ἀγάπης,
1273 2912 1362 2967 καὶ
1418 2912 1495 2974 τίς
1562 2913 1598 2980 ἡ
1642 2913 1866 2989 ,ταύτης

229 3001 462 3082 ἐνέργεια
495 3018 510 3032 ⁸
554 3001 642 3057 καὶ
684 2997 788 3078 ὅτι,
832 2998 921 3054 ἐὰν
964 2999 1041 3074 μὴ
1093 2996 1177 3056 διὰ
1232 2997 1464 3066 σπουδῆς
1507 2999 1734 3057 ἐντεῦθεν
1760 2999 1862 3069 ἤδη

227 3096 328 3158 τῆς
378 3098 471 3146 τοῦ
536 3088 836 3164 Πνεύματος
916 3085 1168 3163 μεθέξεως
1253 3088 1527 3166 γενώμεθα
1609 3089 1855 3171 μέτοχοι,

227 3177 343 3236 οὐδὲ
417 3179 591 3235 πιστοὶ
666 3178 755 3233 καὶ
825 3178 1123 3250 Χριστιανοὶ
1197 3173 1452 3251 δυνάμεθα
1522 3177 1684 3252 ε’ίναι,
1744 3176 1863 3234 ἀλλ’

226 3265 342 3325 οὐδὲ
369 3268 468 3323 υἱοὶ
495 3267 582 3322 καὶ
608 3264 766 3323 τέκνα
815 3271 945 3322 Θεοῦ
998 3266 1423 3344 χρηματίσομεν.
1483 3273 1540 3325 Ρ.
1575 3268 1633 3322 Εἰ
1689 3268 1718 3322 ὸ
1764 3267 1862 3334 τὴν

192 3368 197 3375 “
224 3354 415 3436 ἀρετὴν
440 3353 846 3434 ὑποκρινόμενος
888 3355 1018 3432 πρὸς
1052 3352 1260 3421 ἀπάτην
1289 3352 1525 3416 πολλῶν,

302 3462 399 3527 ΙΧ,
433 3465 555 3544 Περὶ
602 3462 987 3543 ἐλεημοσύνης,
1043 3464 1130 3519 καὶ
1184 3463 1260 3528 τίς
1316 3463 1455 3521 ἐστιν
1510 3466 1538 3521 6
1592 3471 1855 3523 πεινῶντα

220 3553 309 3609 τόν
375 3554 504 3609 Θεὸν
557 3551 779 3631 τρέφων,
835 3553 923 3608 καὶ
964 3548 1199 3627 διψῶντα
1251 3555 1496 3629 ποτίζων,
1553 3555 1642 3611 καὶ
1697 3559 1854 3612 καθε-

219 3637 338 3722 ξῆς,
390 3642 478 3698 καὶ
518 3646 632 3703 πῶς
688 3640 842 3696 τοῦτό
890 3662 991 3696 τινι
1047 3641 1497 3719 κατορθωθήσεται
1530 3658 1545 3672 ’
1605 3645 1692 3700 καὶ
1746 3643 1850 3719 ὅτι,

217 3729 263 3785 εἰ
318 3730 394 3804 μή
449 3750 528 3793 τις
580 3729 668 3785 καὶ
737 3726 791 3784 ἐν
845 3729 986 3803 αὑτῷ
1038 3735 1202 3785 ταῦτα
1254 3728 1425 3787 πάντα
1482 3731 1707 3801 ποιήσας
1767 3736 1854 3789 καὶ

215 3818 416 3901 θρέψει,
482 3819 570 3875 καὶ
640 3820 842 3874 ποτίσει
916 3819 1158 3897 Χριστὸν,
1241 3815 1386 3875 οὒδὲν
1453 3818 1850 3900 ὠφεληθήσεται

215 3906 275 3965 ἐκ
343 3918 437 3969 τοῦ
515 3913 678 3964 ταῦτα
761 3907 921 3984 μόνον
990 3922 1168 3965 ποιεῖν
1237 3909 1310 3971 εἷς
1394 3911 1514 3974 τοὺς
1588 3912 1844 3994 πένητας,

213 3998 399 4055 ἑαυτὸν
427 3995 482 4053 δὲ
511 3996 845 4094 ἄτροφοννκαὶ
885 3999 1082 4075 γυμνὸν
1131 4004 1363 4078 παρορᾷν
1391 4004 1490 4066 τῆς
1519 3998 1849 4069 δικαιοσύνης

211 4095 304 4145 τοῦ
353 4093 599 4166 Χριστοῦ.
630 4094 687 4146 Ρ.
732 4082 868 4142 Ἐδει
927 4086 1022 4161 μὲν
1079 4091 1157 4162 μὴ
1211 4084 1412 4163 τολμᾷν
1462 4109 1528 4164 με
1555 4093 1684 4167 πρὸς
1714 4091 1848 4165 ὑμᾶς

210 4171 348 4238 ὅλως
378 4172 710 4254 φθέγγεσθαι.

1984 1224 2069 1278 καὶ
2097 1223 2374 1299 θυμηδίας.

2057 1309 2207 1372 XIV.
2256 1316 2378 1393 Περὶ
2432 1316 2707 1391 μετανοίας
2777 1314 2865 1371 καὶ
2920 1312 3095 1393 ἀρχῆς
3138 1311 3251 1387 βίου
3304 1305 3608 1385 μοναδικοῦ,

1972 1400 2203 1465 καὶπῶς
2247 1424 2326 1465 τις
2370 1401 2473 1477 ὁδῷ
2501 1404 2588 1459 καὶ
2633 1401 2772 1468 τάξει
2828 1399 3121 1481 προϐαίνων
3177 1400 3249 1461 είς
3309 1397 3501 1477 ἀρετῦν
3556 1394 3610 1453 ἐν

1972 1493 2041 1564 τῇ
2083 1494 2190 1545 τῶν
2229 1489 2456 1547 ἐντολῶν
2511 1491 2725 1571 ἐργασίᾳ
2781 1492 2853 1555 είς
2896 1488 3207 1554 τελειότητα
3258 1485 3498 1565 ἔρχεται.
3546 1493 3607 1548 Ρ.

1990 1580 2272 1656 Ανθρωπος
2341 1583 2369 1637 6
2435 1582 2647 1637 πάντων
2714 1580 3115 1660 καταφρονήσας
3168 1581 3273 1632 τῶν
3329 1572 3610 1660 ὁρωμένων

1909 1667 2056 1749 Βκαὶ
2083 1670 2246 1735 αὐτῆς
2276 1669 2433 1726 αὐτοῦ
2473 1674 2570 1737 τῆς
2609 1674 2814 1750 ψυχῆς.
2859 1659 3021 1728 Inter
3071 1664 3256 1727 editas
3304 1659 3604 1750 num.‘26.

2049 1753 2177 1820 Χν.
2210 1760 2332 1837 Περὶ
2360 1757 2623 1833 ἐμπαθοῦς
2671 1748 2758 1814 καὶ
2812 1757 3028 1813 ἀπίστου
3082 1756 3170 1812 καὶ
3222 1758 3456 1830 πονηρᾶς
3484 1748 3606 1806 δια-

1966 1844 2157 1911 θέσεως
2194 1865 2206 1878 ·
2240 1848 2328 1904 καὶ
2354 1848 2430 1910 τίς
2460 1849 2495 1915 ἡ
2545 1845 2729 1910 ἕνωσις
2785 1851 2878 1902 τοῦ
2931 1852 3062 1903 Θεοῦ
3101 1844 3232 1922 πρὸς
3289 1841 3409 1903 τοὺς
3465 1840 3601 1903 υἱοὺς

1965 1943 2059 1993 τοῦ
2097 1936 2269 2014 φωτός
2304 1956 2320 1972 ο
2380 1937 2468 1991 καὶ
2522 1937 2634 1992 τίνα
2689 1935 2878 2015 τρόπον
2938 1933 2992 1988 ἐν
3050 1932 3230 1994 αὑτοῖς
3284 1929 3414 1995 αὒτὴ
3456 1928 3602 2006 γίνε-

1964 2043 2050 2078 ται
2085 2043 2097 2056 ·
2130 2026 2217 2080 καὶ
2245 2027 2376 2102 πρὸς
2404 2026 2464 2080 τὸ
2508 2023 2660 2087 τέλος
2714 2021 3018 2102 καταδρομὴ
3073 2027 3179 2077 τῶν
3235 2017 3452 2083 ἀναξίως
3497 2039 3600 2073 κα-

1960 2110 2344 2186 τατολμώντων
2392 2118 2492 2180 τῆς
2549 2113 2969 2193 ἀρχιερωσύνης.
3030 2120 3089 2171 Ρ.
3149 2106 3258 2165 Ἀεὶ
3299 2106 3394 2182 μὲν
3425 2104 3599 2175 ἀλλή-

1961 2196 2074 2262 λοις
2128 2202 2438 2259 ἀντίκεινται
2495 2210 2572 2277 τῷ
2641 2203 2770 2282 φωτὶ
2819 2202 2880 2256 τὸ
2935 2199 3145 2275 σκότος,
3197 2203 3265 2274 τῇ
3319 2195 3490 2252 πίστει
3560 2196 3594 2261 ἡ

1961 2287 2196 2350 ἀπιστία.
2232 2288 2334 2350 Est
2361 2289 2423 2351 in
2449 2289 2625 2353 editis
2655 2308 2816 2351 num.
2852 2289 2952 2352 27.

2047 2375 2194 2438 Χνῐ.
2257 2381 2378 2458 Περὶ
2420 2386 2523 2438 τῶν
2581 2379 2854 2460 ἐνεργειῶν
2908 2386 2999 2436 τοῦ
3053 2376 3202 2453 ἁγίου
3267 2372 3592 2460 Πνεύματος,

1962 2468 2049 2522 καὶ
2089 2469 2165 2530 τίς
2219 2469 2254 2535 ἡ
2310 2471 2496 2549 θεωρία
2552 2472 2653 2525 τῶν
2715 2468 3010 2545 μυστηρίων
3068 2469 3245 2536 αὐτοῦ,
3303 2463 3391 2517 καὶ
3448 2459 3592 2522 ὅπως

1957 2569 2073 2620 τοῖς
2130 2560 2378 2637 καθαροῖς
2416 2546 2504 2634 τῇ
2559 2555 2741 2636 καρδίᾳ
2782 2554 3239 2613 ἀποκαλύπτονται
3267 2570 3281 2584 ·
3340 2551 3427 2605 καὶ
3467 2546 3591 2618 διή-

1955 2666 2113 2721 γησις
2171 2645 2231 2701 ἐκ
2271 2649 2557 2725 προοιμίων
2614 2645 2892 2725 ἐπωφελὴς
2945 2642 3063 2721 περί
3116 2662 3254 2704 τινος
3300 2640 3588 2694 ὑποτακτι-

1953 2742 2048 2791 κοῦ
2074 2732 2327 2798 λαϐόντος
2359 2742 2568 2811 Πνεῦμα
2595 2735 2742 2812 ἅγίον
2793 2746 2916 2795 ταῖς
2973 2736 3162 2810 εὖχαῖς
3206 2734 3295 2783 τοῦ
3353 2746 3581 2798 πνευμα-

1950 2828 2097 2878 τικοῦ
2169 2823 2324 2879 αὑτοῦ
2379 2823 2606 2899 Πατρός,
2679 2831 2736 2880 Ρ.
2810 2820 3075 2898 Νεώτερός
3148 2838 3227 2879 τις
3294 2811 3585 2891 διηγήσατό

1950 2931 2039 2984 μοι
2093 2908 2288 2990 λέγων,
2352 2911 2432 2968 ὅτι
2481 2911 2828 2973 ὑποτακτικὸς
2879 2908 3168 2989 τυχχάνων
3240 2904 3439 2982 Πατρὸς
3493 2923 3580 2956 τι·-

1945 2998 2085 3073 μίου.

2025 3114 2199 3184 XVII.
2284 3118 2407 3193 Περὶ
2512 3115 2725 3195 θεωρίας
2834 3114 2921 3169 καὶ
3001 3107 3404 3183 ἀποκαλύψεως,

1944 3207 2347 3290 πεφωνισμένης
2403 3193 2626 3285 ψυχῆς,
2654 3203 2742 3260 καὶ
2792 3202 2936 3264 ὅπως
2994 3202 3022 3256 6
3076 3200 3177 3254 ὑπὸ
3231 3201 3330 3263 τῆς
3367 3193 3579 3290 ἀγάπης

1942 3283 2286 3378 κατασχεθεὶς
2342 3303 2433 3353 τοῦ
2482 3283 2643 3367 Θεοῦ,
2686 3293 2774 3350 καὶ
2830 3292 2902 3353 εἷς
2957 3290 3113 3367 βάθος
3156 3283 3573 3364 ταπεινοφροσύ-

1942 3410 2038 3454 νης
2119 3376 2313 3451 ἐλάσας
2397 3385 2685 3464 ἐνεργεῖται
2762 3383 2861 3437 ὑπὸ
2948 3388 3040 3437 τοῦ
3115 3376 3416 3451 Πνεύματος
3455 3378 3578 3464 Δτοῦ

1938 3476 2108 3553 ἁγίου.
2169 3483 2224 3533 Ρ.
2313 3459 2494 3531 Πολλά
2527 3459 2534 3463 1
2565 3475 2600 3540 ἡ
2682 3465 3086 3549 συγκατάϐασις,
3161 3466 3249 3553 καὶ
3396 3459 3577 3553 φιλαν-

1935 3550 2135 3644 θρωπία
2167 3571 2297 3623 Θεοῦ
2336 3564 2466 3641 πρὸς
2515 3560 2815 3638 ἀνθρώπους
2849 3574 2862 3587 ⁸
2922 3554 3001 3613 διὸ
3056 3556 3143 3612 καὶ
3200 3550 3573 3625 ἐκπληττόμε-

1937 3677 2048 3719 νος.

3494 3104 3583 3159 καὶ

2014 3767 2217 3832 XVIII.
2251 3769 2373 3849 Περὶ
2404 3760 2653 3845 ’μεθόδων
2711 3773 2803 3824 τοῦ
2854 3769 3110 3840 πονηροῦ,
3154 3761 3228 3849 ὧν
3287 3752 3568 3849 ὑποϐάλλει

1931 3872 2047 3922 τοῖς
2101 3845 2435 3939 κουφοτέροις
2489 3856 2576 3912 καὶ
2647 3850 3139 3934 φιλοπρωτεύουσιν,
3198 3845 3394 3902 ὁπόταν
3445 3864 3570 3898 ποι-

1933 3949 2041 4024 μὴν
2098 3946 2150 4012 ἐξ
2200 3932 2484 4024 ἀνθρώπων
2538 3932 2769 4022 γίνηται.
2833 3941 2930 3998 Καὶ
2993 3936 3073 3992 ὅτι
3129 3934 3240 4024 χρὴ
3295 3934 3414 3997 τοὺς
3470 3932 3568 4007 μὲν

1932 4023 2150 4102 ἀναξίως
2182 4023 2550 4102 ἐπιπηδῶντας
2606 4038 2674 4109 τῇ
2729 4032 2874 4111 ἀρχῇ
2925 4028 3072 4102 πάσῃ
3127 4023 3348 4081 κωλύειν
3397 4042 3567 4077 σπου-

1932 4123 2017 4203 δῇ,
2076 4127 2197 4189 τοὺς
2251 4122 2305 4179 δὲ
2360 4122 2743 4198 πνευματικοὺς
2801 4121 2888 4175 καὶ
2942 4117 3119 4194 ἁγίους
3176 4116 3424 4172 συνωθεῖν
3479 4111 3569 4166 καὶ

1931 4200 2198 4294 συνεργεῖν
2235 4231 2248 4245 ’
2298 4216 2395 4294 ,καὶ
2444 4214 2575 4292 πρὸς
2604 4211 2681 4285 τῷ
2721 4207 2859 4267 τέλει
2900 4208 3031 4285 πρὸς
3086 4205 3175 4294 16v
3223 4200 3470 4294 ποιμένα.
3504 4209 3563 4260 Ρ.

289 4288 361 4351 Χ.
443 4290 594 4386 ίΙερὶὶ
619 4295 861 4386 μετοχῆς
919 4291 1219 4386 Ιῖνεύματος
1255 4292 1431 4386 ἑγίου,
1477 4294 1565 4350 καὶ
1607 4294 1910 4386 ἀγιωσύ-Ι)
1934 4288 2144 4360 [sil-165
2170 4304 2259 4360 καὶ
2284 4288 2515 4380 τέοιμνῆξ
2574 4300 2865 4378 ἡγούμενος
2916 4292 3261 4366 κατεστάθης,
3296 4288 3565 4355 σκόπησον

207 4401 325 4451 νης,
384 4380 472 4434 καὶ
516 4376 718 4441 τελείας
761 4378 1010 4443 ἀπαθείας
1046 4400 1061 4413 ⁶
1109 4382 1196 4436 καὶ
1253 4379 1332 4437 ὅτι
1388 4384 1416 4438 ὁ
1468 4382 1687 4459 ἀγαπῶν
1743 4385 1842 4451 τὴν

207 4465 260 4533 ἐξ
316 4467 599 4545 ἀνθρώπων
658 4464 808 4532 δόξαν
883 4464 1026 4524 οὖδὲν
1109 4467 1168 4523 ἐκ
1234 4472 1338 4524 τῶν
1392 4467 1591 4529 λοιπῶν
1646 4471 1842 4550 ἀρετῶν

205 4555 514 4636 ὠφελεῖται,
586 4553 684 4612 κᾶν
737 4555 910 4619 πάσας
973 4556 1338 4635 κατώρθωκεν.
1410 4567 1465 4618 Ρ.
1528 4561 1643 4639 Οὐχ
1690 4562 1842 4639 ὁρᾶτε

204 4650 319 4708 πῶς
347 4647 394 4700 οἱ
422 4651 500 4719 τῷ
527 4642 743 4722 ἐπιγείῳ
769 4642 979 4721 βασιλεῖ
1009 4645 1406 4722 παριστάμενοι,
1440 4647 1585 4706 αὐτοί
1608 4668 1664 4703 τε
1692 4644 1842 4713 δόξαν

203 4734 474 4812 ¹ἡγοῦνται.

281 4846 380 4912 XI.
420 4832 525 4907 ﬂ01c
558 4849 617 4906 οὒ
645 4850 780 4929 χρὴξ
808 4850 869 4905 τὸ
913 4854 1011 4912 τῆς
1065 4849 1307 4916 νηστείας
1357 4849 1622 4930 ὠφέλιμον
1679 4853 1731 4910 ἐν
1774 4861 1841 4933 τῇ

198 4938 385 5016 πρώτη
446 4940 535 4995 καὶ
605 4938 743 5015 μόνῃ
803 4944 906 4994 τῶν
968 4945 1222 5005 νηστειῶν
1280 4937 1525 5016 ἐϐδομάδι
1592 4942 1837 5001 σπουδαί-

199 5048 273 5091 ως
302 5041 509 5107 τηρεῖν,
538 5029 625 5085 καὶ
682 5027 999 5098 ἀσπάζεσθαι
1033 5044 1048 5058 ’
1109 5027 1245 5085 ἀλλά
1297 5028 1395 5096 τὴν
1451 5028 1578 5098 ἴσην
1623 5034 1710 5089 καὶ
1738 5035 1835 5103 τὴν

198 5115 359 5185 αιῖδτὴν
425 5115 655 5184 σπουδὴν
711 5117 762 5174 ἐν
820 5124 948 5173 πᾶσι
1003 5131 1126 5180 ταῖς
1182 5114 1430 5194 ἑϐδομάσι
1470 5126 1575 5175 τῶν
1616 5143 1832 5194 νηστει-

194 5208 270 5259 ῶν
335 5204 624 5284 ἀναγκαϊον
693 5218 811 5269 τοῖς
867 5202 1163 5270 σπουδαίοις
1222 5190 1514 5286 διατηρεῖν.
1576 5218 1634 5268 Ρ.
1695 5190 1830 5268 ’,Εδει

195 5291 295 5365 μὲν
335 5294 477 5367 ἡμᾶς
534 5301 603 5371 τῇ
659 5292 987 5374 παρελθούσῃ
1043 5300 1278 5375 Κυριακῇ
1333 5294 1399 5351 τὰ
1455 5306 1541 5356 νῦν
1571 5297 1830 5374 μέλλοντα

190 5377 529 5457 ῥηθήσεσθαι.

272 5492 402 5561 ΧΠ.
461 5498 582 5578 Περὶ
650 5497 955 5579 ἐγκρατείας
996 5500 1085 5557 καὶ
1137 5502 1412 5579 ὑπομονῆς
1453 5505 1526 5568 εἰς
1581 5503 1679 5572 τὴν
1737 5503 1828 5584 ἐρ-

1927 4392 2127 4458 καλῶς.

2004 4506 2153 4569 ΧΙΧ.
2193 4490 2297 4567 τδτι
2327 4508 2387 4565 οὖ
2415 4507 2526 4587 χρὴ
2579 4503 2664 4560 ἐπὶ
2709 4502 2890 4576 μόνοις
2944 4510 3061 4561 τοῖς
3089 4494 3294 4587 ,λόγοις
3325 4495 3410 4587 καὶ
3436 4504 3559 4587 ταῖς

1923 4598 2244 4679 ὑποσχέσεσι
2297 4580 2503 4676 θαῤῥεῖν
2556 4601 2662 4650 τῶν
2718 4590 3024 4679 ἀνθρώπων,
3079 4583 3197 4642 ἀλλ’
3227 4583 3419 4679 ἐκτῶν
3467 4580 3560 4679 ἔρις

1924 4709 2033 4765 γων
2065 4671 2134 4744 ’τὸ
2182 4671 2400 4743 πιστὸν·
2423 4681 2751 4761 βεϐαιοῦσθαι
2806 4684 2909 4734 τῶν
2961 4674 3135 4753 λόγων
3191 4672 3361 4729 αὑτῶν
3396 4690 3411 4704 ·
3471 4671 3557 4726 καὶ

1923 4758 2015 4833 οἵα
2063 4777 2140 4839 τίς
2197 4775 2334 4831 ἐστιν
2388 4758 2433 4841 ἡῆ
2477 4778 2581 4828 τῶν
2638 4768 2895 4835 ἀληθινῶν
2937 4760 3260 4820 διδασκάλων
3310 4758 3557 4839 διάθεσις,

1921 4870 2010 4925 καὶ
2063 4869 2246 4947 ἀγάπη
2302 4869 2431 4947 πρὸς
2483 4866 2603 4928 τοὺς
2689 4856 3138 4938 μαθητευομένους
3194 4854 3398 4947 αὐτοῖς,
3471 4856 3559 4947 καὶ

1922 4943 2121 5013 ὁποῖα*
2161 4958 2227 5013 τὰ
2315 4943 2622 5034 σπλάγχνα,
2689 4953 2775 5006 καὶ
2847 4950 2882 5018 ἡ
2938 4969 3146 5027 φροντις
3217 4944 3411 5018 αὑτῶν,
3467 4943 3555 4998 καὶ

1917 5041 2063 5107 ὅπως
2091 5043 2216 5124 ὑπὲρ
2245 5043 2413 5101 αὐτῶν
2466 5031 2840 5120 ἐντυγχάνουσι
2896 5037 2973 5111 τῷ
3027 5042 3165 5111 Θεῷ,
3316 5031 3553 5124 Τήνῌάρ-

1917 5133 2026 5213 χὴν
2082 5120 2197 5200 τῆς.
2247 5131 2499 5211 ὑμετέρας
2552 5131 2683 5210 πρός
2754 5149 2821 5206 με
2872 5125 3044 5207 φιλίας
3114 5123 3361 5203 γινώσκει
3430 5120 3552 5176 ἕκα-

1912 5242 2034 5285 στος
2043 5269 2057 5284 .

1992 5328 2118 5394 XX.
2148 5332 2272 5410 Περὶ
2312 5330 2586 5408 ἀποταγῆς
2637 5329 2723 5386 καὶ
2782 5327 3016 5393 ἐκκοπῆς
3072 5322 3369 5410 θελήματος
3419 5319 3550 5410 πρὸς

1909 5420 2032 5483 τοὺς
2061 5408 2379 5490 αἰτήσαντας
2424 5419 2621 5499 γράψαι
2679 5420 2883 5492 αὺτοῖς,
2944 5419 3061 5477 πῶς
3116 5409 3310 5491 ὀφείλει
3337 5431 3416 5474 τις
3459 5408 3549 5499 τὸν

1911 5507 2198 5577 ἀσκητικὸν
2250 5497 2484 5567 διανύσαι
2541 5506 2679 5588 βίον,
2734 5506 2823 5564 καὶ
2874 5502 2957 5561 ὅτι
3027 5499 3190 5559 καλὸν
3245 5499 3330 5557 ἐπὶ
3383 5497 3552 5556 τούτὼ
