4062 6094
385 258 506 326 295

1734 258 2041 327 SYMEON
2083 259 2385 328 IUNIOR.

3640 251 3759 320 296

381 426 478 503 μὲν
536 425 625 481 οὗν
680 423 1109 501 ἀπολογήσασθαι
1163 425 1250 480 καὶ
1319 425 1489 480 εἰπεῖν
1546 421 1646 479 ἔδει
1703 425 1831 503 πρὸς
1900 428 2208 489 τοῖςΑπου
2251 423 2345 479 οὒκ
2387 420 2598 505 ἀνέϐη,
2658 426 2745 490 Τίς
2801 423 2856 480 δὲ
2910 425 2996 481 καὶ
3049 430 3164 488 πῶς
3221 423 3388 494 ἔσται,
3439 421 3526 477 καὶ
3554 418 3694 476 ἔστιν
3721 419 3756 485 ἡ

380 512 870 587 ἀντιδιατιθεμένοις
900 514 1057 586 ἡμῖν.

460 598 736 661 XXXVII.
795 601 917 679 Περὶ
971 605 1070 667 τῆς
1128 597 1474 678 παραϐάσεως
1528 602 1617 657 καὶ
1686 599 1882 680 ἐξορίας
1936 608 2029 658 τοῦ

383 687 568 765 Ἀδάμ.
628 697 685 751 P.
755 686 903 745 ’Ἐπεὶ
954 686 1008 743 δὲ
1064 691 1151 745 καὶ
1195 689 1358 763 νόμον
1404 688 1584 755 αὗτοῖς
1642 687 1883 766 δέδωκεν,
1944 690 2026 745 ἐν·

378 777 687 851 τειλάμενος
720 778 795 851 μὴ
827 790 1019 858 φαγεῖν
1051 777 1211 852 μόνου
1254 787 1345 835 τοῦ
1376 774 1547 842 ξύλου.

459 863 767 927 XXXVIII.
815 866 938 944 Περὶ
1000 870 1097 931 τῆς
1152 871 1245 921 τοῦ
1301 864 1508 944 Λόγουᾼ
1543 866 1878 944 σαρκώσεως,
1938 867 2025 923 καὶ

380 955 492 1011 τίνα
524 954 715 1032 τρόπον
746 951 810 1008 δι’
840 937 983 1028 ἡμᾶς
1015 952 1310 1031 ἐσαρκώθη.
1367 937 1426 1014 Ρ.
1483 937 1676 1011 ’ὸτέδὲ
1721 957 1748 1010 6
1777 937 2018 1035 κολοφὼν

380 1040 663 1119 ἐπληρώθη
692 1045 790 1106 τῆς
824 1039 955 1118 ἄγαν
984 1042 1192 1104 κακίας.

399 1122 413 1134 κ
457 1127 709 1190 XXXIX.
772 1134 890 1192 Πῶς
934 1129 1076 1192 αὖθις
1134 1131 1169 1197 ἡ
1225 1131 1391 1192 κτίσις
1446 1135 1589 1184 πᾶσα
1648 1130 1827 1206 μέλλει
1888 1131 2020 1187 ἀνα-

377 1223 729 1296 καινισθῆναι,
785 1219 871 1273 καὶ
944 1217 1183 1295 γενέσθαι
1235 1219 1414 1273 καινὸν
1472 1220 1687 1297 οὐρανὸν
1756 1222 1844 1277 καὶ
1895 1242 2022 1276 και-

380 1307 475 1374 νῆν
503 1311 606 1384 γῆν
634 1306 770 1362 κατὰ
796 1307 887 1361 τὸν
940 1308 1085 1362 θετον
1147 1303 1495 1361 Ἀπόστολον.
1563 1314 1621 1363 Ρ.
1685 1307 1847 1364 Ἀλλά
1890 1329 2023 1364 σκο-

378 1396 659 1470 πήσωμεν,
693 1398 807 1456 πῶς
834 1396 868 1461 ἡ
899 1394 1065 1456 κτίσις
1096 1393 1612 1464 ἀνακαινισθήσεται.

459 1482 577 1545 XL.
616 1484 746 1539 Ποία
773 1481 917 1537 ἔσται
947 1483 980 1549 ἡ
1012 1482 1234 1563 ἐσχάται
1265 1481 1580 1563 λαμπρότης
1610 1489 1708 1551 τῆς
1737 1485 1956 1549 κτίσεως
2000 1502 2016 1519 ⁸

378 1573 431 1629 ἐν
464 1576 509 1647 ᾧ
537 1573 625 1628 καὶ
649 1571 764 1647 περὶ
794 1569 1034 1647 ἀγγέλων
1063 1572 1155 1627 κπὶ
1186 1575 1369 1650 ψυιῆς
1428 1581 1487 1633 Ρ,
1524 1575 1849 1651 Καθαρθεῖσα
1869 1572 1924 1629 δὲ
1947 1576 2018 1638 εἷς

377 1660 567 1741 φθορὰν
595 1660 683 1715 καὶ
711 1657 941 1715 δουλείαν
971 1660 1218 1739 μετήχθη
1244 1667 1309 1735 τῇ
1338 1660 1676 1735 ματαιότητι,

2109 514 2181 574 εἷς
2251 514 2394 587 ἡμᾶς
2449 522 2541 572 τοῦ
2596 520 2726 572 Θεοῦ
2778 511 3035 574 ϐασιλεία,
3109 514 3196 568 καὶ
3276 513 3353 572 τίς
3409 512 3445 577 ἡ
3511 509 3565 565 ἐν
3621 510 3756 583 ἡμῖν

2107 600 2301 666 ταύτης
2360 599 2643 681 ἐνέργειας
2718 611 2774 660 P.
2840 598 3157 679 Ἐπειδήπερ
3227 596 3508 677 διαρρήδην
3566 599 3594 653 6
3652 601 3757 650 τῶν

2108 689 2355 744 ἁπάντων
2416 691 2711 767 Δεσπότης,
2785 691 2873 748 καὶ
2951 690 3278 756 καθεκάστην
3335 686 3419 743 διὰ
3472 690 3577 742 τῶν
3649 685 3757 741 Εὖ-

2109 775 2368 855 αγγελίων
2400 780 2521 854 βοᾷ.

2186 866 2251 928 L.
2307 868 2429 945 Περὶ
2485 867 2759 945 ἀπαθείας,
2840 868 2922 923 ταὶ
2978 873 3083 923 τῶν
3139 866 3191 922 ἐν
3249 868 3379 940 αῦτῇ
3433 862 3570 920 κατά
3612 884 3751 941 προ-

2106 955 2279 1035 κοπὴν
2312 957 2662 1035 χαρισμάκων
2719 957 2806 1011 καὶ
2861 953 3067 1035 δωρεῶν
3100 974 3115 989 ⁸
3174 957 3260 1011 καὶ
3307 956 3386 1017 τίς
3415 954 3451 1020 ἡ
3481 950 3749 1035 τελείωσις

2102 1026 2199 1108 τῆς
2449 1022 2671 1123 Χριστὸν
2728 1022 3087 1118 πνευματικῆς
3142 1042 3372 1111 ἡλικίας.
3435 1049 3492 1100 Ρ.
3558 1022 3750 1116 εὨσπερ

2106 1131 2134 1185 6
2163 1132 2239 1203 τῷ
2267 1129 2624 1211 λαμπροτάτῳ
2651 1131 2786 1206 ἡλίῳ
2816 1131 3118 1203 ἐνατενίζειν
3147 1129 3461 1208 βουλόμενος
3490 1128 3747 1206 καθαροὺς

2106 1217 2303 1297 ὀφείλει
2314 1267 2327 1281 ,

2188 1304 2279 1367 LI.
2314 1308 2436 1386 Περὶ
2466 1313 2569 1363 τῶν
2600 1307 2851 1384 οἰομένων
2908 1309 3193 1387 ἀγνώστως
3253 1306 3397 1387 ’ἐχειν
3457 1305 3508 1361 ἐν
3540 1304 3752 1365 ἑαυτοῖς

2103 1397 2164 1451 16
2222 1400 2432 1469 Πνεῦμα
2500 1397 2560 1451 τὸ
2614 1396 2786 1475 ἅγιον,
2861 1398 2939 1472 μὴ
2995 1396 3452 1471 ἐπαισθανομένων
3505 1392 3560 1449 δὲ
3621 1394 3752 1447 καθ-

2104 1484 2229 1542 όλου
2260 1489 2357 1551 τῆς
2414 1484 2675 1563 ἐνεργείας
2736 1488 2893 1543 αὐτοῦ
2927 1504 2941 1518 '
3015 1488 3103 1543 καὶ
3154 1488 3272 1565 περὶ
3327 1491 3432 1540 τῶν
3488 1482 3755 1561 λεγόντων

2104 1575 2181 1650 μὴ
2212 1570 2452 1628 δύνασθαί
2498 1595 2615 1629 τινα
2669 1581 2773 1630 τῶν
2830 1574 3116 1653 ἀνθρώπων
3174 1575 3309 1630 κατὰ
3363 1574 3460 1641 τὴν
3487 1578 3756 1649 παροῦσαν

2104 1661 2246 1732 ζωὴν
2303 1663 2426 1739 ὁρᾷν
2483 1662 2580 1724 τὴν
2664 1660 2813 1727 δόξαν
2883 1666 3039 1719 αὐτοῦ
3072 1680 3086 1694 ·
3176 1665 3262 1719 καὶ
3339 1659 3598 1725 ἀπόδειξις
3672 1656 3754 1712 διὰ

457 1721 602 1809 XLI.
650 1753 770 1809 Πῶς
810 1721 1043 1804 ἑνοῦνται
1098 1721 1174 1822 τ’ξρ
1232 1721 1440 1823 Χριστῴ
1481 1750 1568 1804 καὶ
1627 1750 1761 1829 Θεῷ,
1819 1751 1907 1807 καὶ
1963 1721 2354 1829 ἓνΒχρήσεων
2384 1750 2500 1828 περὶ
2546 1751 2728 1809 τούτου
2761 1769 2775 1784 ·
2831 1752 2920 1806 καὶ
2977 1750 3056 1806 ὅτι
3100 1751 3287 1831 φθόνος
3345 1748 3507 1812 ουδεὶς
3556 1748 3608 1803 ἐν
3638 1758 3754 1808 τοῖς

377 1860 610 1919 γινονται
642 1834 758 1913 μετ’
802 1837 958 1894 αὒτοῦ
1014 1837 1205 1901 πάντες
1263 1842 1309 1894 οἱ
1357 1838 1522 1915 ἇίγιοι.
1584 1847 1641 1901 Ρ,
1699 1837 2023 1918 Ἀρκούντως

377 1925 465 1982 οὖν
508 1925 595 1981 καὶ
624 1926 815 1987 ἱκανῶς
858 1925 973 2004 περὶ
1001 1925 1199 1981 τούτων
1230 1926 1488 1988 εἰπόντες.

2106 1837 2297 1914 ἁγίοις,
2359 1836 2482 1893 ὅταν
2552 1835 2636 1893 διὰ
2689 1838 2867 1905 πάσης
2953 1836 3183 1904 σπουδῆς
3254 1836 3493 1917 ἐναρέτου
3550 1833 3753 1894 τούτοις

2108 1924 2488 2001 συνεξισώμεθα
2524 1946 2538 1959 ·
2597 1928 2685 1983 καὶ
2728 1928 2865 1999 ποίῳ
2931 1927 3109 2005 τρόπῳ
3164 1930 3259 2005 ὁρᾷ
3314 1948 3395 1988 τις
3450 1925 3540 1979 τὸν
3598 1923 3747 1989 Θεὸν,

457 2009 632 2074 XLII.
662 2018 781 2075 Πῶς
833 2010 917 2069 δεῖ
968 2012 1313 2092 πληρωθῆναι
1371 2015 1463 2069 τὸν
1520 2011 1628 2069 ἅνω
1682 2013 1903 2090 κόσμον,
1938 2019 2027 2073 καὶ
2110 2013 2249 2071 ἔνθεν
2286 2013 2388 2081 ἥδη
2420 2028 2631 2089 μυεῖται
2692 2018 2777 2071 καὶ
2832 2015 2927 2082 τὴν
2983 2014 3277 2090 μέλλουσαν
3334 2013 3545 2079 δοθῆναι
3595 2010 3649 2065 ἐν
3678 2013 3755 2083 τῴ

377 2104 564 2163 ὁποῖός
622 2100 698 2163 τίς
755 2099 890 2181 ἐστι,
960 2102 1047 2157 καὶ
1130 2103 1243 2157 τίνα
1327 2100 1734 2179 πληρωθήσεται
1806 2105 2020 2183 τρόπον,

376 2200 434 2252 Ρ.
472 2188 636 2246 Ἀλλὰ
691 2188 953 2246 πετάσατὲ
1009 2212 1098 2265 μοι
1153 2191 1246 2253 τὰς
1303 2189 1465 2252 ἀκοάς
1523 2193 1609 2247 καὶ
1665 2193 1754 2249 τὸν
1784 2194 2024 2272 ἡγεμόνα

378 2302 519 2340 νουν,

453 2363 655 2428 XLIII.
722 2348 828 2423 "01:.
884 2369 930 2421 οἱ
988 2366 1098 2441 μὲν
1156 2366 1349 2431 πάντες
1434 2370 1481 2423 ὁὶ
1533 2369 1915 2447 προωρισμένοι
1974 2378 2021 2431 οἱ

375 2456 510 2512 κατὰ
580 2455 762 2532 γενεὰν
817 2457 906 2511 καὶ
962 2456 1146 2532 γενεὰν
1206 2458 1557 2537 τεχθήσονται
1615 2458 1714 2522 ἕως
1782 2459 2021 2539 ἐσχάτης

372 2543 595 2621 ἡμέρας,
658 2544 746 2598 καὶ
800 2542 1204 2621 πληρωθήσεται
1259 2548 1286 2600 6
1356 2542 1463 2601 ἅνω
1522 2545 1744 2621 κόσμος,
1803 2555 1863 2606 Ρ.
1917 2556 2023 2603 Τε-

375 2635 571 2712 χθῆναι
604 2630 686 2687 δεῖ
714 2632 913 2695 πάντας
944 2632 1064 2695 τοὺς
1094 2634 1580 2710 προεγνωσμένους.

455 2717 651 2781 XLIV.
687 2722 772 2782 Εἷς
823 2722 884 2775 16
938 2720 1095 2797 ῥητὸν
1152 2728 1242 2775 τοῦ
1297 2721 1617 2799 Εὐαγγελίου
1664 2738 1678 2751 ’
1744 2712 2017 2797 Ὠμαιώθη

370 2811 405 2878 ἡ
452 2809 689 2886 βασιλεία
744 2815 849 2864 τῶν
906 2811 1133 2887 οὐρανῶν
1192 2809 1431 2885 βασιλεῖ.
1494 2819 1547 2868 Ρ.
1600 2810 1713 2889 Χρὴ
1774 2812 1861 2867 οὖν
1912 2811 2018 2867 ἀπὸ

370 2904 474 2955 τῶν
506 2896 859 2976 εὒαγγελικῶν
889 2897 1140 2974 ῥημάτων
1169 2899 1311 2973 ἡμᾶς
1343 2895 1669 2976 ἐνάρξασθαι,

448 2982 622 3048 XLV.
701 2995 793 3043 Οτι
845 2986 932 3041 καὶ
974 2986 1167 3049 πάντες
1244 2988 1291 3042 οἱ
1367 2986 1509 3064 ἅγιοι
1564 2988 1654 3043 τὸν
1713 2987 1883 3066 Λόγον
1926 2994 2017 3044 τοῦ

371 3082 501 3133 Θεοῦ
551 3073 605 3129 ἐν
654 3075 863 3138 ἑαυτοῖς
932 3072 1353 3149 συλλαμϐάνουσι
1414 3081 1483 3151 τῇ
1537 3075 1782 3148 Θεοτόκῳ
1838 3098 2015 3155 παρα-

368 3162 629 3231 πλησίως,
667 3164 751 3219 καὶ
782 3168 1030 3240 γεννῶσιν
1061 3164 1238 3237 αὖτὸν,
1273 3164 1359 3220 καὶ
1402 3170 1685 3241 γεννῶνται
1715 3161 1803 3219 ὑπ’
1836 3164 2013 3237 αὐτοῦ,

367 3252 455 3308 καὶ
483 3257 726 3329 γεννᾶται
774 3250 827 3306 ἐν
870 3251 1051 3313 αὒτοῖς
1082 3266 1094 3279 ·
1130 3252 1215 3307 καὶ
1247 3258 1360 3315 πῶς
1388 3254 1508 3324 υἱοὶ,
1543 3252 1629 3307 καὶ
1661 3249 1895 3332 ἀδελφοὶ,
1932 3253 2020 3308 καὶ

370 3340 595 3418 μητέρες
625 3340 781 3398 αὒτοῦ
810 3340 1218 3419 χρηματίζουσι.
1250 3348 1307 3401 P.
1343 3337 1593 3399 Ἐνταῦθά
1627 3363 1717 3416 μοι
1746 3352 1807 3396 10
1838 3342 2018 3398 καινὸν

366 3435 457 3483 τοῦ
503 3429 774 3503 νοήματος
808 3448 821 3462 ’
870 3426 1049 3506 διατίς

448 3512 646 3578 XLVI.
708 3518 796 3579 Εἰς
853 3518 915 3572 16
985 3516 1143 3594 ῥητὸν
1201 3522 1293 3573 τοῦ
1348 3516 1692 3595 Εὗαγγελίου,
1756 3520 1854 3575 Καὶ
1908 3517 2018 3573 ἀπ-

367 3604 568 3661 έστειλε
629 3606 750 3668 τοὺς
807 3603 1019 3668 δούλους
1080 3604 1234 3663 αὒτοῦ
1276 3604 1492 3661 καλέσαι
1549 3606 1671 3669 τοὺς
1740 3606 2016 3681 κεκλημέ-

365 3715 486 3757 νους
516 3694 587 3757 εἷς
611 3694 733 3757 τοὺς
763 3694 988 3773 γάμους,
1042 3694 1128 3748 καὶ
1174 3697 1267 3751 οὐκ
1296 3690 1482 3760 ἤθελον
1534 3693 1728 3757 ἐλθεῖν.
1765 3704 1822 3755 Ρ.
1854 3704 2016 3754 Τοῦτο

363 3785 532 3842 τοίνυν
591 3784 653 3841 τὸ
708 3786 813 3840 τῶν
883 3784 1069 3862 γάμων
1127 3783 1435 3862 μυστήριον,
1497 3784 1525 3839 ὃ
1593 3788 1671 3859 τῷ
1722 3791 2015 3862 Μονογενεῖ

364 3891 542 3931 αυτου.

451 3958 678 4023 XLVII.
745 3942 851 4019 τδτι
903 3961 963 4017 οὒ
1018 3961 1128 4041 χρὴ
1172 3961 1272 4039 πρὸ
1328 3967 1425 4028 τῆς
1481 3960 1724 4040 ἐργασίας
1785 3967 1891 4016 τῶν
1920 3959 2011 4017 ἐν-

369 4049 563 4125 τολῶν,
632 4052 719 4106 καὶ
774 4055 872 4116 τῆς
928 4052 999 4113 εἰς
1058 4050 1248 4129 ἀρετὴν
1306 4056 1604 4129 προκοπῆς,
1681 4048 2011 4116 τελειότητος

371 4139 437 4194 τὰ
464 4137 798 4217 κεκρυμμένα
845 4140 1107 4217 μυστήρια
1158 4145 1255 4206 τῆς
1314 4138 1578 4215 βασιλείας
1628 4129 1743 4195 τῶν
1783 4143 2013 4217 οὐρανῶν

371 4226 580 4304 ἐρευνᾷν
637 4232 739 4283 τῶν
791 4225 1040 4300 ἀμυήτων
1098 4227 1237 4300 τινὰ,
1283 4229 1371 4283 καὶ
1432 4226 1511 4282 ὅτι
1569 4228 1622 4282 ἐν
1682 4233 1748 4303 τῇ
1805 4224 2016 4305 δευτέρᾳ

371 4324 461 4372 τοῦ
519 4314 703 4393 Κυρίου
756 4313 951 4369 ἐλεύσει
1009 4316 1201 4377 πάντες
1258 4314 1521 4384 ἀλλήλους
1582 4316 1913 4394 γνωρίζουσιν
1968 4318 2078 4414 OED
2177 4312 2318 4378 LIV.
2368 4318 2488 4394 Περὶ
2547 4316 2760 4393 ἀγάπης
2816 4320 2904 4375 καὶ
2975 4320 3201 4382 πίστεως
3238 4333 3252 4348 ’

2111 2101 2356 2177 μέλλοντι
2412 2116 2528 2166 τοῖς
2588 2103 2754 2181 ἁγίοις
2828 2103 3138 2177 ἀπόλαυσιν,
3184 2105 3271 2159 καὶ
3315 2102 3393 2158 ὅτι
3452 2099 3550 2155 ὅσα
3607 2097 3668 2153 ἂν
3725 2099 3753 2153 6

2105 2201 2340 2255 τοιοῦτος
2371 2189 2526 2267 λέγῃ,
2579 2192 2614 2259 ἢ
2671 2199 2821 2269 ποιῇ,
2880 2192 2915 2259 ἢ
2971 2193 3172 2273 γράφῃ,
3232 2193 3326 2247 οὔκ
3381 2190 3557 2260 αυτὸς,
3619 2185 3755 2241 ἀλλὰ

2105 2282 2163 2335 τὸ
2194 2286 2403 2354 Πνεῦμα
2432 2282 2492 2337 τὸ
2536 2281 2688 2359 ἅγιον
2744 2283 2804 2336 16
2857 2279 3047 2339 λαλοῦν
3102 2281 3155 2337 ἐν
3210 2281 3350 2354 αὒτῷ
3377 2285 3541 2335 ταῦτα
3581 2274 3746 2353 λέγει,

2104 2371 2192 2425 καὶ
2244 2368 2430 2447 γράφει
2465 2387 2480 2403 ⁶
2561 2371 2646 2425 καὶ
2728 2371 2756 2424 6
2838 2369 2958 2431 τοὺς
3014 2368 3205 2448 λογοὺς
3263 2373 3418 2428 αὐτοῦ
3474 2366 3667 2421 ἀθετῶν
3712 2364 3746 2430 ἢ

2105 2456 2585 2535 παραλογιζόμενος
2644 2461 2714 2521 εἷς
2770 2459 2830 2514 16
2903 2465 3112 2534 Πνεῦμα
3153 2466 3244 2516 τοῦ
3302 2463 3432 2514 Θεοῦ
3488 2458 3549 2511 16
3599 2454 3746 2532 ἐνερ-

2105 2555 2229 2623 γοῦν
2259 2546 2345 2601 καὶ
2375 2545 2567 2604 λαλοῦν
2597 2546 2650 2600 ἐν
2709 2547 2849 2621 αὖτῷ
2904 2548 3208 2625 ἁμαρτάνει,
3266 2549 3352 2602 καὶ
3408 2544 3739 2622 βλασφημεῖ.

2105 2643 2161 2692 Ρ.
2220 2630 2349 2690 Ἰδοὺ
2391 2636 2478 2690 καὶ
2552 2633 2707 2690 πάλὶν
2763 2634 2871 2713 ἐγὼ
2933 2637 3063 2713 πρὸς
3120 2637 3240 2698 τοὺς
3297 2634 3548 2711 λέγοντας
3597 2630 3743 2709 ἔχειν

2101 2720 2386 2797 ἀγνώστως
2418 2728 2623 2795 Πνεῦμα
2654 2730 2805 2781 Θεοῦ.

2183 2807 2300 2870 LII.
2340 2811 2459 2887 Περὶ
2489 2810 2739 2872 ἀπαθείας
2793 2812 2881 2865 καὶ
2936 2809 3178 2888 ἐναρέτου
3227 2814 3367 2879 ζωῆς
3403 2826 3415 2839 ·
3481 2809 3568 2862 καὶ
3597 2806 3741 2866 ὅπως

2100 2896 2213 2976 χρὴ
2241 2899 2301 2952 16
2357 2899 2551 2953 οἰκεῖον
2604 2897 2882 2954 ἐκκόπτεῖν
2938 2896 3165 2973 θέλημα,
3226 2898 3313 2951 καὶ
3365 2898 3435 2959 εἷς
3479 2894 3610 2968 ὕψος
3644 2893 3740 2948 ἀν-

2103 2984 2347 3064 έρχεσθαι
2380 2984 2736 3060 τελειότητος,
2795 2987 2883 3042 καὶ
2938 2988 3054 3065 περὶ
3111 2986 3385 3065 συναφείας
3444 2989 3573 3039 Θεοῦ
3613 2983 3742 3060 πρὸς

2101 3074 2285 3153 ψυχὴν
2356 3076 2444 3131 καὶ
2502 3080 2683 3154 ψυχῆς
2739 3076 2867 3154 πρὸς
2944 3081 3118 3149 σῶμα,
3202 3076 3290 3129 καὶ
3346 3073 3582 3135 ἐνώσεως
3637 3070 3744 3126 τῶν

2100 3170 2257 3243 τριῶν
2329 3162 2619 3243 παραδόξου
2652 3183 2669 3199 ⁸
2754 3166 2840 3219 καὶ
2908 3166 3038 3242 πρὸς
3118 3163 3323 3225 τούτοις
3381 3164 3743 3235 πνευματικῆς

2099 3253 2325 3331 ἰατρείας
2361 3270 2373 3281 ⁸
2443 3254 2529 3308 καὶ
2590 3253 2735 3315 ὅπως
2791 3253 2902 3332 χρὴ
2966 3252 3263 3331 θεραπεύειν
3319 3251 3439 3313 τοὺς
3497 3254 3742 3327 ψυχικῶς

2100 3339 2464 3405 ἀσθενοῦντας.
2526 3350 2583 3399 Ρ.
2644 3340 2875 3403 Πολλοῖς
2933 3354 3049 3403 τοῖς
3114 3339 3166 3396 ἐν
3220 3338 3407 3413 κόσμῳ
3483 3335 3741 3399 πολλάκις

2099 3428 2523 3508 προσομιλήσας,
2556 3430 2643 3485 καί
2666 3450 2819 3484 τινων
2852 3429 3187 3499 σ·.›ζητήσεων
3219 3424 3537 3502 ἀναμεταξύ.

2180 3515 2324 3578 LIII.
2360 3520 2483 3596 Περὶ
2512 3524 2613 3574 τῶν
2656 3516 3000 3574 δυυλευόντων
3050 3521 3127 3591 τῷ
3184 3524 3320 3590 Θεῷ,
3375 3517 3511 3578 τίνες
3542 3536 3599 3570 τε
3630 3515 3742 3571 εἶεν

2099 3608 2187 3663 καὶ
2217 3610 2397 3663 ὁποῖοι
2452 3609 2540 3662 καὶ
2594 3608 2823 3663 ποταποί
2856 3622 2869 3636 ’
2931 3607 3019 3661 καὶ
3074 3606 3150 3669 τίς
3207 3606 3347 3663 ἐστιν
3388 3608 3416 3661 6
3447 3610 3737 3680 μετανοῶν,

2098 3695 2185 3751 καὶ
2216 3696 2250 3762 ἡ
2303 3695 2516 3773 ἐργασία
2574 3699 2730 3753 αὐτοῦ
2764 3712 2779 3729 ⁶
2853 3695 2940 3750 καὶ
2990 3695 3067 3758 τίς
3124 3694 3261 3751 ἐστιν
3317 3695 3345 3749 6
3386 3692 3483 3759 τὴν
3513 3692 3739 3758 ἀσκητι-

2097 3785 2198 3850 κῆν
2240 3770 2383 3854 ζωῆν
2415 3770 2840 3862 μετερχόμενος,
2896 3784 2983 3838 καὶ
3041 3784 3075 3851 ἡ
3122 3782 3336 3861 ἐργασία
3387 3781 3544 3838 αὖτοῦ
3581 3796 3593 3810 ⁸
3660 3780 3747 3835 καὶ

2099 3875 2178 3936 τίς
2212 3870 2471 3929 δουλεύων
2504 3879 2641 3946 Θεῷ,
2669 3874 2757 3927 καὶ
2812 3873 2873 3927 16
2932 3870 3082 3950 ἔργον
3140 3877 3298 3931 αὐτοῦ
3332 3890 3347 3906 ⁸
3408 3872 3497 3927 καὶ
3552 3870 3640 3926 ἐὰν
3672 3870 3748 3946 μῆ

2096 3963 2189 4025 τὰς
2248 3961 2433 4039 ἁρετάς
2495 3961 2839 4040 κτησώμεθα,
2919 3959 3063 4017 οὐδὲν
3145 3963 3289 4037 ἡμᾶς
3346 3963 3379 4029 ἠ
3461 3959 3748 4038 ἀπαλλαγὴ

2097 4051 2235 4126 μόνη
2324 4056 2428 4107 τῶν
2504 4052 2685 4106 παθῶν
2759 4047 3046 4129 ὠφελήσει.
3123 4058 3178 4111 Ρ.
3248 4048 3568 4128 Ἐπειόήπερ
3625 4048 3746 4105 ὅσον

2095 4138 2200 4195 ἀπὸ
2258 4143 2349 4194 τοῦ
2407 4138 2544 4197 θείου
2598 4138 2963 4215 βαπτίσματος
3044 4140 3383 4218 Χριστιανοὺς
3440 4141 3585 4213 ἡμᾶς
3644 4142 3745 4197 αὖ-

2095 4228 2215 4291 τοὺς
2256 4224 2379 4306 δίχα
2409 4233 2513 4282 τῶν
2545 4225 2732 4306 ἔργων.

3325 4316 3412 4372 καὶ
3469 4315 3614 4380 ὅπως
3666 4337 3746 4377 τις

369 4402 533 4481 ἅγιοι.
581 4412 638 4459 Ρ.
674 4409 956 4481 Τοιγαροῦν
1003 4403 1239 4480 ἐάσωμεν
1287 4404 1381 4467 τὰς
1441 4405 1665 4480 ματαίας
1693 4406 1782 4460 καὶ
1813 4402 2338 4484 ἀνωφε-”ἐγκύμων
2420 4404 2615 4482 γίνεται
2678 4411 2776 4472 τῆς
2848 4418 2939 4467 τοῦ
3002 4415 3132 4464 Θεοῦ
3182 4405 3422 4482 ἀγάπης,
3481 4406 3567 4459 καὶ
3623 4413 3739 4480 περὶ

370 4488 486 4554 λεῖς
516 4491 853 4560 συζητήσεις.

450 4576 703 4641 XLVIII.
778 4584 1156 4660 Προτρεπτικὸς
1238 4581 1299 4637 ἐκ
1369 4583 1660 4661 προοιμίων
1718 4585 1791 4647 εἰς
1848 4583 2010 4659 μετά-

369 4689 538 4742 νοιαν,
596 4670 683 4725 καὶ
742 4670 814 4731 εἰς
869 4672 931 4727 τὸ
986 4670 1143 4747 ῥητὸν
1186 4681 1279 4730 τοῦ
1334 4669 1678 4745 Ἀποστόλου,
1735 4674 1835 4736 Οὓς
1882 4695 2009 4752 προτ

370 4755 527 4835 ἱγνω,
560 4757 772 4821 τούτους
828 4759 916 4813 καὶ
968 4758 1252 4837 προώρισε,
1313 4759 1400 4814 καὶ
1457 4760 1529 4822 εἰς
1588 4760 1654 4814 τὰ
1704 4757 1826 4826 ἑξῆς
1857 4776 1873 4792 ⁶

366 4846 503 4901 κατὰ
556 4849 659 4901 τῶν
738 4843 1120 4925 στρεϐλούντων
1190 4847 1314 4902 αὐτό
1380 4868 1437 4902 τε
1515 4848 1603 4903 καὶ
1683 4854 1854 4904 πᾶσαν
1909 4849 2005 4917 τὴν

366 4933 505 4991 θείαν
534 4934 767 5014 Γραφήν.
802 4943 860 4992 Ρ.
892 4932 1127 4997 Πολλοὺς
1158 4934 1364 5005 ἀκήκοα
1392 4934 1641 5015 λέγοντας
1670 4941 1773 4994 τῶν
1803 4936 2006 5016 ἀνθρώ-

364 5044 500 5093 πων,
536 5020 853 5100 Ἐπειδήπερ
876 5026 1052 5105 φασὶν,
1086 5025 1185 5088 Οὒς
1216 5023 1457 5104 προέγνω
1487 5027 1515 5082 6
1545 5026 1697 5089 Θεὸς.

444 5108 641 5174 XLIX.
674 5113 759 5177 Εἰς
789 5114 850 5169 τὸ
877 5114 1035 5190 ῥητὸν
1064 5123 1159 5173 τοῦ
1200 5111 1549 5189 Ἀποστόλου,
1604 5114 1658 5170 ἐν
1712 5115 1758 5191 ᾧ
1808 5113 1952 5193 λέγει
1984 5130 1999 5146 ⁶

366 5202 465 5260 Καὶ
530 5198 676 5259 εἶδον
728 5202 821 5259 τὸν
890 5212 1122 5262 τοιοῦτον
1180 5204 1251 5267 εἰς
1321 5204 1491 5283 τρίτον
1559 5205 1771 5283 οὒρανὸν
1828 5206 2004 5283 ἁρπα-

361 5287 540 5367 γέντα,
574 5290 662 5345 καὶ
715 5289 1009 5347 ἀκούσαντα
1058 5288 1253 5370 ἅῤῥητα
1303 5291 1537 5371 ῥήματα,
1594 5292 1628 5347 ἃ
1684 5292 1779 5349 οὒκ
1806 5290 2001 5358 ἔξεστιν

358 5376 613 5455 ἀνθρώπῳ
653 5377 881 5441 ἀκούειν,
931 5381 990 5437 Τί
1043 5382 1130 5436 οὖν
1190 5381 1317 5437 εἰσιν
1374 5380 1408 5436 ἃ
1464 5380 1690 5450 ἀκήκοεν
1738 5381 1766 5435 6
1794 5378 2000 5443 Παῦλος

360 5460 559 5541 ἅῤῥητα
619 5466 877 5547 ῥήματας
937 5469 1062 5526 Τίνὰ
1115 5466 1170 5524 δὲ
1226 5469 1292 5526 τὰ
1338 5467 1507 5546 ἀγαθά
1537 5468 1571 5525 ἃ
1612 5466 1876 5549 ὀφθαλμὸς
1907 5472 2002 5527 οὒκ

362 5550 528 5628 εἶδαν,
560 5555 648 5611 καὶ
690 5554 779 5619 οὖς
832 5559 927 5614 οῦκ
974 5554 1187 5637 ἥκουσι,
1245 5558 1335 5614 καὶ
1390 5556 1473 5615 ἐπὶ
1526 5554 1738 5636 καρδίας
1795 5556 1999 5636 ἀνθρώ-

2093 4489 2409 4567 ἐλλάμψεως
2465 4494 2553 4548 καὶ
2608 4495 2823 4574 θεωρίας
2880 4498 3078 4575 φωτὸς,
3137 4494 3225 4549 καὶ
3303 4495 3561 4567 μυστικῆς
3618 4492 3741 4563 ὁμι-

2091 4579 2206 4645 λίας
2236 4588 2329 4637 τοῦ
2380 4582 2707 4657 Πνεύματος.
2772 4593 2828 4643 Ρ.
2892 4586 2949 4642 Εἰ
3006 4583 3153 4639 δοκεῖ
3206 4581 3396 4658 τοίνυν,
3426 4578 3736 4655 ἀκούσωμεν

2090 4677 2183 4726 τοῦ
2239 4675 2493 4750 Σωτῆρος
2569 4673 2723 4748 ἡμῶν
2793 4680 2923 4730 Θεοῦ
3003 4669 3282 4751 διαρρήδην
3336 4670 3590 4746 βοῶντος,
3653 4670 3741 4725 καὶ

2088 4757 2359 4837 λέγοντος.

2169 4845 2285 4910 LV.
2319 4850 2443 4928 Περὶ
2471 4849 2718 4927 γνώσεως
2772 4849 3026 4917 ἀληθινῆς
3061 4865 3074 4880 ’
3120 4849 3208 4906 καὶ
3262 4847 3343 4906 ὅτι
3400 4849 3435 4916 ἡ
3481 4857 3574 4907 τοῦ
3603 4855 3735 4907 Θεοῦ

2087 4943 2279 5017 γνῶσις
2341 4939 2434 4995 οὒκ
2491 4937 2552 4993 ἐκ
2615 4940 2964 5015 μαθημάτων,
3038 4935 3155 4995 ἀλλ’
3235 4936 3295 4995 ἐκ
3374 4938 3734 5016 καθαρότητος

2085 5025 2174 5081 καὶ
2246 5030 2344 5092 τῆς
2422 5023 2613 5083 ἀνωθεν
2675 5027 2894 5107 χάριτος
2971 5026 3253 5105 ἐπιγίνεται
3311 5017 3389 5101 τῷ
3444 5024 3728 5106 σπουδαίῳ,

2088 5114 2190 5171 Καὶ
2217 5111 2298 5169 ὅτι
2328 5113 2567 5194 χαλεπὸν
2621 5117 2681 5171 16
2736 5116 2927 5195 κρίνειν
2963 5135 2977 5151 ⁸
3038 5117 3125 5173 καὶ
3184 5113 3408 5195 ἔλεγχος
3469 5119 3576 5172 τῶν
3620 5115 3735 5171 οἷο-

2089 5200 2261 5278 μένων
2306 5201 2489 5260 εἰδέναι
2536 5205 2603 5261 τὰ
2657 5214 2747 5263 τοῦ
2804 5206 3106 5281 Πνεύματος
3150 5205 3317 5285 χωρὶς
3377 5204 3677 5279 Πνεύματος
3713 5218 3728 5235 ⁸

2084 5298 2141 5355 ἐν
2168 5290 2215 5365 ᾧ
2266 5293 2354 5348 καὶ
2409 5292 2525 5370 περὶ
2585 5297 2683 5361 τῆς
2739 5299 2832 5350 τοῦ
2902 5294 3205 5367 Πνεύματος
3264 5292 3595 5368 ἁγιωσύνης.
3660 5298 3741 5347 Κα

2083 5393 2200 5437 οῖον
2232 5378 2426 5457 ἀγαθόν
2470 5380 2611 5437 ἐστιν
2650 5383 2684 5450 ἡ
2745 5382 2945 5459 πίστις,
3007 5384 3093 5439 καὶ
3147 5384 3224 5445 τίς
3281 5383 3309 5437 6
3364 5383 3558 5447 ταύτης
3610 5401 3735 5459 καρ-

2078 5470 2207 5549 πὸς,
2263 5470 2351 5525 καὶ
2406 5466 2552 5535 ὅπως
2596 5469 2866 5536 αὐξάνεται
2904 5488 2919 5503 ·
2974 5473 3063 5528 καὶ
3119 5470 3200 5527 ὅτι
3256 5472 3304 5527 οἱ
3353 5471 3443 5527 τὸν
3474 5471 3732 5549 θησαυρὸν

2083 5555 2136 5615 ἐν
2168 5557 2379 5622 ἑαυτοῖς
2432 5557 2729 5639 ἐσχηκότες
2782 5569 2879 5622 κοῦ
2937 5560 3264 5640 Πνεύματος,
3322 5558 3413 5616 καὶ
3465 5557 3521 5616 ἐν
3549 5554 3731 5624 ἄλλοις
