4068 6112
404 257 526 329 303

1692 259 2074 326 SYMEONIS
2111 258 2486 328 JUNIORIS.

3662 236 3781 327 304

400 416 532 454 κονα
586 389 904 475 φυλάξαντες
957 376 1336 472 τὰςῇπονηρόις
1384 389 1626 469 δυνάμεις
1696 402 1788 452 τοῦ
1842 391 2044 473 ἅρχον-
2067 394 2427 473 Αριζόμενος,
2461 407 2579 457 τοῖς
2609 394 2708 451 ὑπὸ
2763 400 2855 451 τοῦ
2909 394 3056 473 ἁγίου
3114 396 3414 471 Πνεύματος
3472 395 3777 476 ἐνεργουμέ-

399 507 491 549 τος
522 490 618 540 τοῦ
646 483 863 545 σκότους
893 487 1281 539 καταπατοῦσιν
1317 499 1333 516 ·
1384 485 1430 539 οἱ
1478 480 1532 537 δὲ
1562 480 1711 539 ἄλλοι
1753 486 1837 544 οἷς
1868 482 2048 558 ἐμπα-

400 575 497 642 θὴς
551 575 580 629 6
635 572 768 649 βίος,
825 569 911 627 ὑπ’
972 572 1129 629 αὐτοῦ
1184 577 1490 650 κρατοῦνται
1546 573 1633 628 καὶ
1661 569 2047 648 βασιλεύονται,

402 671 459 721 P.
493 661 617 724 Φῶς
646 663 673 716 6
706 658 911 739 Πατὴρ,
943 665 1053 739 φῶς
1083 662 1110 715 6
1140 661 1282 740 Υἱὸς,
1314 665 1426 740 φῶς
1453 661 1515 716 τὸ
1543 659 1693 739 ἅγιον
1724 667 1956 734 Πνεῦμα.

482 748 503 772 ”
528 745 776 811 XXXIV.
826 741 938 805 Ὀτι
979 747 1014 815 ἡ
1068 752 1162 803 τοῦ
1211 747 1469 825 παναγίου
1521 749 1824 825 Πνεύματος
1862 746 2047 810 ἓνωσις

401 840 532 920 πρὸς
594 835 987 916 κεκαθαρμένας
1038 836 1216 914 ψυχὰς
1269 834 1322 892 ἐν
1379 836 1613 907 αἰσθήσει
1662 843 1849 917 τρανῇ,
1884 835 2048 914 ἤγουν

403 927 457 987 ἐν
489 927 770 1006 ἐπιγνώσει
800 926 1019 1003 γίνεται,
1070 925 1157 979 καὶ
1203 923 1256 979 ἐν
1303 928 1392 987 αἷς
1425 923 1486 980 ἂν
1534 925 1773 1003 γένηται,
1820 945 2047 1004 φωτοει-

401 1016 512 1090 δεϊς
547 1017 732 1094 ὁμοίας
791 1016 975 1071 ἑαυτοῦ
1029 1014 1116 1070 καὶ
1170 1019 1280 1094 φῶς
1336 1014 1497 1077 αὒτὰς
1553 1015 1923 1093 ἀπεργάζεται,
1985 1023 2042 1076 P.

408 1108 677 1164 Διίσταται
731 1112 836 1163 τῶν
893 1106 1095 1183 ὁρατῶν
1150 1104 1178 1158 6
1232 1102 1454 1182 ἀόρατος
1510 1103 1723 1166 πάντως
1789 1104 1878 1159 καὶ
1945 1108 2050 1158 τῶν

404 1196 732 1271 κτισμάτων.

482 1266 713 1347 XXXV.
752 1266 859 1341 τὈτι
915 1279 1107 1343 πάντες
1160 1277 1376 1359 ἄγγελοι
1432 1278 1824 1356 ἐλλαμπόμενοι
1880 1279 2050 1358 αὐγά-

403 1383 604 1455 ζονται,
636 1374 725 1430 καὶ
751 1372 851 1439 τὴν
892 1367 1040 1435 δόξαν
1087 1377 1179 1428 τοῦ
1230 1376 1362 1428 Θεοῦ
1410 1372 1722 1448 καθορῶσιν,
1774 1368 1847 1431 ὡς
1898 1371 2052 1443 θεμ·-

402 1467 496 1523 τὸν
525 1454 821 1543 ἀνθρωπίνῃ
867 1458 1015 1541 φύσει
1061 1459 1184 1538 ὁρᾷν
1242 1458 1393 1518 Θεόν.
1455 1467 1511 1520 P.
1570 1455 1775 1533 Βλέψον
1832 1454 2049 1537 ἄνωθεν,

407 1553 504 1612 Θεέ
534 1575 654 1629 μου,
686 1551 774 1608 καὶ
803 1546 1086 1615 εῦδόκησον
1114 1551 1365 1628 φανῆναι.

486 1637 743 1705 XXXVI.
800 1636 1122 1717 Εύχαρ·στία
1179 1635 1309 1716 ὑπὲρ
1372 1639 1471 1702 τῆς
1527 1633 1723 1714 ἐξορίας
1791 1635 1879 1691 καὶ
1948 1641 2053 1691 τῶν

2134 504 2266 546 νοις.
2299 491 2356 540 Ρ.
2396 480 2551 556 Δόξα,
2583 483 2760 558 αἶνος,
2809 483 2966 564 χάρις
3017 491 3094 559 τῷ
3146 486 3425 555 ποιήσαντι
3454 486 3551 553 τὴν
3608 487 3774 542 κτίσιν

2130 568 2183 636 ἐξ
2208 575 2302 626 οίικ
2330 569 2493 628 ὄντων
2504 618 2518 632 .

2210 657 2382 721 XLV.
2457 662 2578 739 Περὶ
2655 659 2923 740 θεολογίας
2983 661 3386 741 ἀκριϐεστάτης,
3446 665 3533 719 καὶ
3599 661 3678 719 ὅτι
3749 665 3776 719 6

2132 749 2209 825 μὴ
2255 752 2387 829 ὁρῶν
2433 750 2493 804 τὸ
2524 755 2635 830 φῶς
2682 755 2780 833 τῆς
2828 759 2919 809 τοῦ
2973 758 3102 807 Θεοῦ
3159 749 3312 819 δόξης
3341 752 3533 833 χείρων
3564 752 3774 831 τυγχά-

2130 860 2205 894 νει
2263 837 2489 920 ωφλῶν.
2553 848 2608 901 Ρ.
2687 824 2744 894 ":2
2816 839 3189 920 φιλοικτίρμων
3241 842 3337 897 Θεέ
3400 864 3521 916 μου,
3570 842 3775 908 Ποιητά

2132 951 2253 1004 μου,
2287 927 2500 1003 λᾶμψον
2528 927 2627 985 πλε
2640 929 2715 985 ξύν
2739 951 2850 1004 μοι.

2212 1014 2409 1078 XLVI.
2466 1014 2878 1096 Ἐξομολόγησις
2932 1018 3068 1098 εὒχῇ
3126 1018 3436 1095 συνημμένη
3468 1038 3484 1054 ⁶
3529 1020 3615 1074 καὶ
3658 1019 3773 1099 περὶ

2132 1105 2408 1187 συναφείας
2451 1107 2754 1181 Πνεύματος
2801 1108 2970 1183 ἁγίου,
3032 1110 3120 1163 καὶ
3175 1107 3446 1172 ἀπαθείας.
3506 1117 3564 1170 Ρ.
3613 1104 3774 1183 Ἐμά-

2133 1218 2316 1276 κρυνα,
2348 1193 2702 1275 φιλάνθρωπε,
2752 1194 3003 1262 ηὒλίσθην
3045 1196 3098 1252 ἐν
3130 1195 3332 1275 ἐρήμῳ.

2214 1280 2444 1346 XLVII.
2517 1286 2639 1363 Περὶ
2708 1294 2800 1343 τοῦ
2869 1291 3058 1350 νοητοῦ
3123 1283 3435 1365 παραδείσου
3501 1283 3773 1363 τηλαυγὴς

2132 1372 2321 1452 θεωρία
2353 1390 2367 1406 ⁸
2412 1374 2501 1429 καὶ
2545 1375 2661 1452 περὶ
2706 1383 2797 1432 τοῦ
2842 1373 2896 1430 ἐν
2957 1374 3098 1449 αὒτῷ
3136 1372 3285 1439 ξύλου
3337 1380 3506 1445 ζωῆς.
3550 1384 3605 1432 Ρ.
3668 1376 3773 1432 Εὖ-

2135 1462 2364 1540 λογητὸς
2409 1461 2463 1518 εἴ
2496 1460 2679 1540 ἰξύριος
2713 1479 2725 1492 ”
2763 1460 3049 1540 εὐλογητὸς
3077 1464 3131 1519 εἶ
3164 1464 3347 1539 μόνος.

2213 1533 2463 1612 XLVI“.
2529 1533 2634 1607 οὅτι
2686 1548 2806 1616 δόξα
2847 1533 2934 1607 καὶ
2962 1553 3092 1628 τιμή
3149 1533 3257 1608 ἐστι
3312 1553 3467 1607 παντὶ
3522 1550 3777 1632 ἀνθρώπῳ

2133 1637 2472 1720 ὒϐριζομένῳ,
2526 1640 2613 1695 καὶ
2666 1640 2928 1720 πάσχοντι
2984 1646 3161 1704 κακῶς
3218 1640 3301 1696 διὰ
3344 1647 3472 1697 Θεοῦ
3527 1639 3769 1721 ἐντολὴν,

405 1731 655 1809 θλίψεων,
685 1732 760 1786 ὧν
813 1726 1012 1793 ὑπέστη
1067 1724 1121 1782 ἐν
1178 1732 1256 1800 τῷ
1307 1724 1426 1781 κατ’
1484 1727 1636 1784 αὐτὸν
1687 1722 1926 1803 διωγμῷ.
1990 1734 2048 1788 Ρ.
2072 1727 2171 1818 Βῆ
2226 1728 2354 1807 ὑπὲρ
2408 1730 2569 1793 αὐτῆς
2621 1733 2719 1794 τῆς
2774 1727 2992 1795 ἐντολῆς
3062 1734 3156 1785 τοῦ
3212 1734 3344 1785 Θεοῦ
3399 1728 3580 1804 ἀτιμία
3617 1751 3631 1766 ο
3688 1732 3776 1786 καὶ

407 1824 722 1902 Εὐχαριστῶ
749 1839 855 1888 σοι,
892 1815 1067 1894 Κύριε,
1102 1817 1399 1895 εὐχαριστῶ
1436 1835 1541 1888 σοι,
1580 1813 1729 1889 μόνε,

487 1901 769 1972 XXXVII.
829 1904 1020 1972 Δέησις
1086 1905 1175 1961 καὶ
1242 1904 1518 1984 προσευχὴ
1577 1912 1670 1962 τοῦ
1730 1902 1887 1962 αὒτοῦ
1909 1901 2051 1982 ῖπρὸς

408 2001 560 2076 Θεὸν,
632 2002 730 2064 τῆς
805 1994 1002 2050 ἐκείνου
1096 1991 1248 2048 ἕνεκα
1337 1993 1602 2069 βοηθείας.
1676 2000 1736 2051 P.
1813 1990 2052 2047 Δέσποτα

407 2083 598 2167 Χριστέ
630 2099 645 2115 ’
697 2080 936 2139 Δέσποτα
993 2083 1341 2159 ψυχοσῶστα,
1379 2078 1616 2136 Δέσποτα
1643 2077 1763 2157 ξΘεέ
1817 2078 2049 2142 πάντων.

486 2168 794 2237 XXXVIII.
858 2169 982 2248 Περὶ
1032 2166 1301 2246 θεολογίας
1333 2184 1349 2200 ⁸
1411 2168 1500 2224 καὶ
1555 2166 1636 2223 ὅτι
1694 2169 1722 2224 6
1781 2173 1900 2230 νοῦς
1954 2172 2052 2234 τῆς

405 2262 538 2331 ὕλης
605 2268 711 2320 τῶν
778 2260 960 2316 παθῶν
1028 2256 1297 2336 καθαρθεὶς
1367 2254 1540 2319 ἁύλως
1603 2256 1694 2312 τὸν
1759 2255 1915 2313 ἄυλον
1967 2257 2054 2312 καὶ

406 2353 631 2433 ἀόρατον
696 2351 914 2427 καθορᾷ.
987 2354 1045 2405 Ρ.
1118 2345 1278 2403 Ποίαν
1337 2342 1455 2402 ὁδὸν
1530 2341 1841 2426 ὁδεύσαιμι;
1898 2343 2054 2401 ποίαν

410 2441 633 2499 ἐκκλίνω
657 2436 843 2519 τρίϐον.
856 2457 875 2519 ς

486 2508 751 2595 XXXIX.
817 2508 924 2584 t61::
979 2524 1009 2580 6
1062 2522 1220 2586 πόθος
1272 2523 1359 2579 καὶ
1413 2524 1446 2591 ἡ
1496 2524 1627 2602 πρὸς
1683 2523 1812 2579 Θεὸν
1868 2521 2051 2600 ἀγάπη

409 2616 702 2699 ὑπερϐαίνει
752 2620 926 2673 πᾶσαν
982 2611 1217 2691 ἀγάπην,
1277 2613 1367 2669 καὶ
1416 2611 1591 2668 πάντα
1634 2612 1793 2668 πόθον
1847 2611 2052 2690 ἀνθρώ-

409 2698 583 2766 πινον.
644 2705 831 2784 Βαφεὶς
884 2700 939 2757 δὲ
991 2703 1020 2757 6
1072 2706 1190 2762 νοῦς
1250 2705 1356 2756 τῶν
1397 2700 1793 2778 καθαιρομάνων
1857 2698 1910 2755 ἐν
1979 2706 2055 2774 τῷ

411 2797 543 2877 φωτὶ
591 2802 684 2852 τοῦ
738 2799 889 2870 Θεοῦ,
943 2786 1066 2852 ὅλος
1122 2790 1350 2861 θεοῦται,
1400 2789 1489 2845 καὶ
1529 2798 1648 2852 νοῦς
1677 2788 1874 2845 ἐκεῖθεν
1906 2811 2053 2869 χρη-

414 2874 617 2963 ματίζει
645 2884 891 2961 Χριστοῦ.
941 2887 1000 2936 Ρ.
1034 2874 1347 2955 Ἀμήχανον
1388 2877 1449 2932 τὸ
1499 2874 1693 2941 κάλλος
1738 2899 1850 2953 σου,
1885 2876 2054 2956 ἀσύγ-

413 2994 590 3054 κριτον
619 2972 681 3054 τὸ
709 2966 876 3032 εἶδος.

494 3060 612 3124 XL.
649 3050 939 3135 εΟμολογία
982 3059 1080 3122 τῆς
1135 3053 1355 3134 χάριτος
1395 3059 1502 3110 τῶν
1545 3062 1637 3113 τοῦ
1665 3059 1796 3111 θεοῦ
1823 3050 2050 3133 δωρεῶν,
2076 3044 2119 3106 C

413 3153 503 3210 καὶ
534 3150 679 3212 ὅπως
711 3150 739 3203 6
781 3153 947 3203 ταῦτα
999 3144 1213 3225 γράφων
1271 3147 1452 3222 Πατὴρ
1510 3141 1788 3223 ἐνηργεῖτο
1841 3144 1942 3199 ὑπὸ
1967 3150 2061 3202 τοῦ

415 3242 565 3321 ἁγίου
608 3237 936 3313 Πνεύματος,
994 3234 1084 3290 καὶ
1139 3229 1440 3289 διδασκαλία
1485 3232 1706 3310 ῥηθεῖσα
1755 3235 1856 3290 ὑπὸ
1904 3240 2055 3315 Θεοῦ,

414 3333 476 3388 τὸ
517 3329 567 3385 τί
593 3326 675 3383 δεῖ
703 3322 955 3382 ποιοῦντά
996 3343 1111 3377 τινα
1150 3326 1249 3388 τῆς
1290 3326 1396 3376 τῶν
1439 3323 1750 3398 σωζομένων
1795 3323 2059 3402 σωτηρίας

414 3430 627 3499 τυχεῖν.
659 3424 718 3474 Ρ.
751 3411 915 3472 Πάλιν
955 3409 1214 3486 ἐκλάμπει
1262 3431 1352 3487 μοι
1395 3411 1456 3467 τὸ
1511 3417 1623 3491 φῶς
1655 3428 1668 3443 ⁸
1716 3410 1875 3469 πάλιν
1930 3434 2059 3493 τρα-

415 3515 518 3572 νῶς
546 3510 753 3587 ὁρᾶται.

493 3592 640 3658 XLI.
684 3589 1008 3672 Εὐχαριστία
1047 3588 1177 3667 πρὸς
1233 3588 1361 3645 Θεὸν
1409 3587 1537 3667 ὑπὲρ
1581 3595 1688 3646 τῶν
1729 3588 1855 3669 παρ’
1902 3590 2061 3648 αὐτοῦ

413 3689 697 3768 γεγονυιῶν
747 3683 1075 3760 εὐεργεσιῶν,
1135 3679 1223 3733 καὶ
1278 3676 1494 3744 αἴτησις
1552 3684 1644 3734 τοῦ
1674 3681 1885 3753 μαθεῖν,
1918 3679 2058 3745 τίνος

412 3763 573 3857 χάριν
602 3774 651 3829 οἱ
700 3769 890 3826 τέλειοι
948 3765 1225 3845 γεγονότες
1282 3765 1383 3857 61:6
1428 3770 1534 3823 τῶν
1588 3763 1851 3857 δαιμόνων
1879 3791 2056 3847 παρα-

412 3856 711 3946 χωροῦνται
767 3856 1096 3937 πειράζεσθαι
1131 3901 1145 3915 .
1210 3856 1298 3912 καὶ
1350 3857 1466 3935 περὶ
1520 3862 1626 3912 τῶν
1680 3856 2057 3935 ἆποτασσομέ-

411 3941 515 4011 νων
568 3956 646 4025 τῷ
685 3948 874 4024 κόσμῳ
925 3941 1251 4019 διδασκαλία,
1311 3945 1399 3999 καὶ
1451 3944 1783 4008 ὑπο-τύπωσις
1837 3946 2058 4023 ῥηθεϊσα

410 4041 552 4121 παρὰ
624 4046 775 4097 Θεοῦ.
832 4045 891 4098 Ρ.
950 4033 1232 4098 Γινώσκεις
1288 4033 1390 4099 τὴν
1443 4035 1715 4116 πτωχείαν
1781 4058 1900 4111 μου,
1975 4034 2057 4093 ἴδε

408 4130 508 4198 τὴν
538 4128 806 4208 ὀρφανίαν.

490 4198 666 4280 ΧΕῙ-Ῑ,
705 4198 814 4273 «Οτι
842 4216 890 4269 οἱ
931 4219 1008 4288 τῷ
1056 4218 1171 4287 Θεῷ
1212 4211 1512 4269 ἆνεντεῦθεν
1562 4209 1664 4279 ἤδη
1717 4209 1799 4268 διὰ
1837 4217 1935 4280 τῆς
1964 4222 2057 4273 τοῦ

2135 1814 2379 1894 διάλογος
2408 1817 2538 1895 πρὸς
2590 1815 2686 1883 τὴν
2736 1815 2863 1872 ἰδίαν
2921 1821 3128 1897 ψυχῆν,
3186 1815 3442 1873 διδάσκων
3496 1819 3589 1873 τὸν
3644 1818 3773 1874 ἀκέ-

2135 1926 2301 1962 νωτον
2327 1902 2552 1962 πλοῦτον
2592 1914 2684 1963 τοῦ
2740 1905 3064 1981 Πνεύματος.
3128 1915 3185 1968 P.
3250 1905 3350 1970 Δός
3411 1928 3501 1981 μοι
3549 1907 3647 1974 τὴν
3676 1905 3773 1963 αἵ-

2134 1998 2339 2073 σθησιν,
2373 1993 2584 2073 Χριστὲ,
2617 1993 2680 2062 ἣν
2708 1993 2850 2059 ἅπαξ
2879 1992 3149 2073 ἐδωρήσω,

2214 2080 2238 2105 ’
2265 2063 2464 2144 XLIX.
2653 2082 2789 2139 ἔστιν
2846 2081 2934 2140 ὅτε
3122 2081 3205 2139 διὰ
3251 2089 3348 2150 τῆς
3398 2081 3623 2151 πλησίον
3652 2084 3776 2142 ἐπι-

2136 2171 2347 2248 μελείας
2427 2175 2515 2229 καὶ
2602 2170 2923 2251 διορθώσεως
3012 2176 3472 2251 ωγκατασπᾶσθαι
3543 2176 3635 2230 τὸν
3701 2173 3775 2230 6:-

2134 2259 2394 2319 δάσκαλον
2449 2263 2522 2325 εἷς
2579 2262 2676 2329 τὴν
2732 2261 2948 2320 ἐνοῦσαν
3006 2261 3188 2335 ἐκείνῳ
3246 2271 3338 2320 τοῦ
3379 2261 3572 2326 πάθους
3627 2263 3775 2320 ἀσθέ-

2134 2370 2299 2412 νειαν,
2335 2359 2391 2412 P.
2426 2347 2678 2417 Ἐλέησόν
2705 2370 2794 2430 με,
2828 2350 3004 2429 Κύριε,
3038 2347 3255 2416 ἐλέησόν
3288 2371 3376 2430 με,
3411 2351 3558 2426 μόνε,

2219 2440 2235 2458 ’
2271 2437 2333 2501 [ι.
2375 2441 2498 2519 Περὶ
2565 2439 2782 2518 θεωρίας
2853 2445 3004 2512 Θεοῦ,
3079 2440 3167 2494 καὶ
3221 2438 3371 2494 θείων
3424 2440 3773 2519 πραγμάτων,

2134 2528 2223 2584 καὶ
2280 2529 2580 2604 Πνεύματος
2638 2527 2785 2605 ἁγίου
2845 2524 3136 2606 παραδόξου
3193 2526 3474 2606 ἐνεργείας,
3521 2529 3609 2585 καὶ
3663 2531 3779 2608 περὶ

2136 2623 2240 2672 τῶν
2291 2616 2431 2673 ἰδίων
2479 2623 2577 2683 τῆς
2637 2616 2789 2694 ἁγίας
2841 2617 2928 2672 καὶ
2999 2618 3275 2691 ὁμοουσίου
3347 2615 3560 2695 Τρίάδος
3594 2622 3610 2649 ‘
3690 2620 3777 2674 καὶ

2136 2703 2216 2761 ὅτι
2272 2707 2299 2761 6
2369 2706 2444 2780 μὴ
2501 2706 2701 2785 φθίσας
2770 2703 3021 2761 εἰσελθεῖν
3082 2706 3153 2769 εἰς
3205 2704 3302 2772 τὴν
3357 2704 3620 2780 βασιλείαν
3674 2713 3778 2762 τῶν

2137 2794 2388 2873 οῦρανῶν,
2468 2792 2612 2852 οὐδὲν
2681 2791 3103 2875 ὠφεληθήσεται,
3175 2792 3272 2851 κᾶν
3343 2793 3491 2857 ἐκτὸς
3558 2795 3775 2872 γένηται

2137 2888 2242 2939 τῶν
2269 2891 2362 2939 τοῦ
2390 2879 2512 2954 ᾅδου
2556 2880 2845 2940 κολάσεων.
2912 2891 2969 2946 Ρ,
3021 2885 3080 2941 Τί
3135 2885 3194 2939 τὸ
3250 2882 3304 2939 ἐν
3357 2882 3472 2959 ἐμοὶ
3516 2885 3654 2962 παρὰ
3684 2891 3776 2940 σοῦ

2139 2969 2480 3050 εἰργασμένον
2491 3017 2503 3029 .

2415 3043 2521 3117 Ὅτι
2590 3068 2683 3117 τοῦ
2750 3060 3055 3135 Πνεύματος
3124 3059 3423 3138 λάμποντος
3486 3063 3622 3138 ἡμῖν
3684 3069 3778 3119 τοῦ

2140 3148 2288 3228 ἁγίου
2345 3148 2515 3205 πάντα
2570 3153 2674 3205 τῶν
2728 3152 2906 3205 παθῶν
2966 3147 3327 3230 φυγαδεύεται,
3400 3152 3473 3214 ὡς
3531 3151 3632 3207 ὑπὸ
3688 3160 3782 3210 τοῦ

2141 3239 2314 3319 φωτὸς
2354 3239 2414 3294 τὸ
2457 3237 2643 3301 σκότος
2677 3255 2691 3268 ’
2747 3237 3120 3302 συστέλλοντος
3177 3237 3231 3295 δὲ
3287 3240 3443 3296 αὐτοῦ
3494 3241 3590 3303 τὰς
3618 3240 3781 3297 ἀκτῖ-

2141 3349 2255 3407 νας,
2316 3327 2416 3384 ὑπὸ
2470 3327 2669 3385 τούτων
2726 3329 2815 3385 καὶ
2866 3331 2969 3385 τῶν
3024 3335 3271 3409 πονηρῶν
3337 3327 3637 3406 βαλλόμεὼι
3684 3329 3782 3387 λο-

2140 3422 2369 3495 γισμῶν.
2429 3425 2486 3477 Ρ.
2546 3418 2619 3475 Τὸ
2677 3423 2787 3499 φῶς
2845 3440 2938 3476 σου
2991 3417 3324 3498 περιλάμπον
3383 3440 3449 3495 με
3500 3425 3782 3498 ζωογονεϊ,

2141 3506 2333 3585 Χριστέ
2362 3529 2483 3582 μου.

2222 3594 2342 3657 LII.
2390 3597 2513 3675 Περὶ
2566 3594 2838 3675 θεολογίας
2871 3641 2887 3656 .
2935 3597 3022 3653 καὶ
3078 3596 3157 3653 ὅτι
3213 3604 3289 3672 τῷ
3338 3596 3413 3672 μὴ
3444 3594 3778 3653 ἆλλοιωθέντι

2139 3691 2207 3762 τῇ
2234 3693 2326 3743 τοῦ
2354 3685 2503 3762 ἁγίου
2531 3685 2836 3761 Πνεύματος
2887 3687 3154 3765 μετουσίᾳ,
3202 3688 3292 3742 καὶ
3347 3685 3585 3763 γεγονότι
3640 3684 3777 3741 θέσει

2140 3773 2195 3829 ἐν
2251 3772 2443 3853 γνώσει
2503 3780 2639 3850 Θεῷ,
2704 3772 2960 3830 διδάσκειν
3012 3774 3079 3828 τὰ
3126 3777 3245 3831 θεῖα
3299 3774 3420 3838 τοὺς
3479 3772 3778 3850 ἀνθρώπους

2139 3865 2233 3920 οὒκ
2286 3858 2502 3926 ἔξεστιν,
2558 3870 2616 3921 P.
2691 3863 2777 3925 Τίς
2847 3883 2945 3938 μου
3000 3862 3431 3939 παραμυθήσεται
3484 3860 3576 3915 τὸν
3618 3860 3778 3918 πόνον

2138 3956 2237 4019 τῆς
2266 3948 2476 4029 καρδίας
2505 3969 2521 4030 ς

2224 4041 2243 4059 ’
2272 4036 2420 4101 LIII.
2454 4039 2601 4097 Κατὰ
2620 4036 2890 4097 διάλεκτον
2913 4046 3065 4114 Θεοῦ,
3098 4039 3185 4095 καὶ
3212 4043 3303 4093 τοῦ
3328 4039 3531 4118 Πατρὸς
3560 4045 3667 4096 τῶν
3697 4038 3786 4096 λό-

2140 4151 2247 4207 γων
2279 4132 2307 4185 6
2337 4130 2528 4207 Λόγος,
2561 4130 2649 4186 καὶ
2687 4128 2832 4193 ὅπως
2883 4131 2983 4185 ὑπὸ
3032 4139 3122 4188 τοῦ
3165 4128 3313 4207 ἁγίου
3355 4129 3657 4204 Πνεύματος
3687 4128 3782 4185 ἐλ-

2137 4216 2478 4294 λαμπόμενος
2508 4220 2535 4273 6
2562 4221 2706 4281 θεῖος
2738 4221 2889 4282 οὗτος
2920 4218 3102 4297 Πατὴρ
3149 4215 3335 4293 ὡμίλει
3388 4225 3527 4297 Θεῷ,
3559 4220 3648 4274 καὶ
3696 4215 3784 4275 ὑπ’

410 4307 561 4385 ἁγίου
630 4304 931 4380 Πνεύματος
1004 4301 1302 4377 μετουσίας,
1383 4299 1656 4364 ἐνωθέντες
1708 4298 2340 4385 ἐκδημοῦντεςθέκείνο)
2410 4305 2844 4386 ἐμυσταγωγεῖτο
2912 4307 2978 4363 τὰ
3046 4307 3167 4363 θεῖά
3218 4326 3275 4362 τε
3324 4306 3413 4362 καὶ
3464 4305 3781 4386 ἀνθρώπινα.

410 4402 502 4452 τοῦ
544 4393 679 4472 βίου,
737 4393 811 4456 εἰς
866 4390 1031 4447 αἰῶνα
1092 4393 1233 4464 αὐτῷ
1290 4387 1490 4446 ἐκεῖθεν
1548 4389 1867 4448 συνέσονται.
1927 4394 1987 4448 Ei
2015 4389 2060 4446 δ’

411 4481 501 4539 οῦν
565 4480 702 4537 ἀλλὰ
759 4482 820 4536 τὸ
868 4476 1126 4535 ἀνάπαλιν
1195 4490 1313 4542 τοῖς
1356 4475 1531 4542 ἄλλως
1585 4476 1799 4557 ἔχουσιν
1846 4478 2065 4538 ἐνταῦθα

410 4572 715 4651 γενήσεται.
749 4579 809 4629 Ρ.
839 4566 1018 4648 Ἀρχὴ
1047 4576 1137 4626 τοῦ
1161 4567 1273 4644 βίου
1327 4565 1476 4630 τέλος
1521 4588 1633 4648 μοι,
1684 4569 1772 4625 καὶ
1818 4569 1881 4626 τὸ
1909 4567 2060 4634 τέλος

408 4660 565 4751 ἀρχή
590 4681 715 4751 1:2:-
755 4728 780 4751 ..

490 4745 688 4811 XLIII.
755 4743 864 4805 Ότι
918 4759 1164 4827 κρεῖσσον
1232 4748 1294 4803 τὸ
1362 4743 1540 4808 καλῶς
1608 4747 1974 4822 ποιμαίνεσθαι
2017 4747 2053 4816 ἢ

406 4840 528 4904 τοὺς
587 4838 665 4916 μὴ
735 4835 1085 4914 βουλομένους
1153 4836 1471 4912 ποομαίνειν,
1539 4833 1697 4894 Οὐδὲν
1767 4837 1866 4916 γὰρ
1892 4835 2054 4913 ,ἔσται

406 4927 590 5009 κέρδος
657 4933 734 5003 τῷ
801 4922 991 4989 ἄλλους
1062 4924 1158 5001 μὲν
1218 4922 1557 4995 σπουδάζοντι
1627 4930 1813 4999 σῶσαι,
1870 4925 2053 4982 ἑαυτὸν

407 5016 463 5074 δὲ
492 5016 577 5076 διὰ
630 5022 728 5081 τῆς
785 5014 996 5071 ἐκείνων
1047 5012 1362 5069 ἀπολέσαντι
1419 5013 1762 5092 προστασίας.
1808 5023 1866 5073 Ρ.
1896 5015 2047 5095 Εἰπὲ,

407 5106 625 5187 Χριστὲ,
654 5111 731 5181 τῷ
758 5102 930 5178 δούλῳ
956 5124 1073 5185 σου,
1105 5102 1217 5159 εἰπὲ
1244 5104 1307 5158 τὸ
1335 5107 1445 5182 φῶς
1474 5108 1566 5159 τοῦ
1595 5101 1820 5177 κόσμου.

487 5193 689 5258 XLIV.
735 5196 796 5254 Τί
823 5195 933 5251 ἐστι
985 5195 1045 5250 τὸ
1093 5189 1212 5249 κατ’
1263 5190 1462 5265 εἰκόνα,
1521 5191 1609 5246 καὶ
1663 5196 1777 5256 πῶς
1834 5192 2051 5257 εἰκότως

407 5299 609 5343 νοεῖται
671 5287 744 5350 ὡς
800 5290 893 5340 τοῦ
932 5288 1063 5340 Θεοῦ
1105 5282 1258 5338 εἰκὼν
1314 5283 1342 5336 6
1399 5279 1666 5359 ἅνθρωπος
1701 5297 1716 5312 ·
1769 5282 1858 5338 καὶ
1900 5280 1981 5337 ὅτι
2024 5284 2052 5338 ὁ

405 5377 527 5439 τοὺς
556 5377 778 5456 ἐχθροὺς
833 5378 906 5439 ὡς
963 5372 1234 5452 εὐεργέτας
1275 5369 1441 5453 φιλῶν
1496 5372 1737 5447 μιμητής
1796 5372 1906 5429 ἐστι
1961 5383 2054 5432 τοῦ

407 5470 559 5522 Θεοῦ.
592 5465 895 5540 Πνεύματος
938 5461 994 5518 δὲ
1049 5461 1197 5539 ἁγίου
1251 5460 1480 5519 ἐντεῦθεν
1538 5459 1770 5541 μέτοχος
1818 5463 2052 5539 γεγονὼς

407 5551 546 5610 θέσει
576 5554 727 5627 Θεὸς,
762 5554 851 5610 καὶ
904 5551 1087 5631 χάριτι
1143 5555 1363 5631 γίνεται,
1421 5551 1601 5626 μόνοις
1655 5550 1871 5614 ἐκείνοις
1902 5574 2048 5628 γνω-

2142 4391 2206 4457 Ρ.
2242 4394 2442 4458 Dleesl.

2224 4482 2250 4508 ’⁸
2280 4482 2422 4545 LIV.
2467 4466 2573 4541 c'01::
2601 4489 2705 4539 τῶν
2735 4483 3016 4563 ἀνθρώπων
3053 4483 3260 4558 ἑκάστῳ
3308 4480 3528 4540 δέδωκεν
3575 4486 3603 4539 ὁ
3651 4484 3780 4547 Θεὸς

2143 4577 2445 4653 προσφυῶς,
2500 4574 2592 4628 καὶ
2659 4573 2789 4652 πρὸς
2858 4573 2918 4628 τὸ
2975 4571 3233 4652 συμφέρον
3289 4574 3350 4629 τὸ
3408 4572 3643 4651 χάρισμα
3699 4568 3782 4626 διὰ

2144 4663 2446 4738 Πνεύματος
2499 4660 2646 4740 ἁγίου
2694 4662 2765 4725 εἰς
2824 4662 2885 4717 τὸ
2940 4661 3195 4740 ἐνεργεῖν,
3238 4660 3343 4740 οὐχ
3399 4661 3574 4739 ὥσπερ
3630 4660 3784 4724 αὐτὸς

2136 4749 2294 4827 θέλει,
2331 4747 2448 4806 ἁλλ’
2480 4752 2551 4813 ὡς
2614 4748 2704 4807 ὑπ’
2763 4749 2921 4808 αὒτοῦ
2961 4751 3286 4829 προωρίσθη,
3344 4749 3417 4812 εἷς
3471 4751 3531 4804 τὸ
3583 4749 3659 4824 μὴ
3687 4768 3783 4804 κε-

2137 4841 2224 4897 νὸν
2295 4841 2435 4897 εἶναι
2507 4838 2667 4915 μέσον
2735 4844 2833 4906 τῆς
2891 4836 3208 4904 Ἐκκλησίας
3287 4839 3466 4899 αὐτοῦ.
3540 4836 3787 4917 Abs‘que

2138 4926 2451 5009 principio.
2482 4908 2697 5008 Incipit
2741 4945 2880 4988 vero
2928 4925 3001 4988 ab
3058 4925 3177 4987 illis
3232 4924 3616 4987 carminibus.
3652 4908 3785 4983 Ἕκα

2134 5039 2257 5074 στον
2314 5018 2413 5085 τὴν
2479 5016 2742 5096 ἐνέργειαν
2812 5016 3064 5083 κέκτηται
3120 5016 3217 5083 τὴν
3275 5013 3431 5075 ἰδίαν.
3489 5012 3636 5072 Ἀλλ’
3693 5017 3788 5073 οῦκ

2134 5104 2223 5185 ἀφ’
2255 5107 2439 5164 ἑαυτοῦ
2458 5104 2665 5185 λαϐὼν,
2701 5104 2752 5171 ἐξ
2782 5108 2936 5181 ἡμῶν
2967 5104 3021 5162 δέ
3049 5127 3110 5185 γε
3141 5106 3375 5170 πάντως.

2220 5200 2241 5221 ³
2270 5196 2392 5258 ΙΝ.
2455 5181 2560 5253 ﬂ01::
2605 5209 2721 5259 τοῖς
2764 5198 2825 5251 τὸ
2874 5194 3024 5274 ἅγιον
3065 5181 3357 5272 Ἷβάπτισμα
3399 5192 3651 5275 φυλάξασι
3679 5214 3785 5249 κα-

2133 5285 2311 5364 θαρὸν,
2346 5284 2633 5363 παραμένει
2681 5286 2741 5340 τὸ
2788 5290 3000 5359 Πνεῦμα
3054 5285 3114 5340 τὸ
3170 5283 3321 5362 ἅγιον
3359 5302 3375 5319 ’
3420 5283 3526 5339 ἀπὸ
3568 5280 3622 5338 δὲ
3679 5288 3788 5337 τῶν

2136 5372 2471 5448 μολυνάντων
2514 5374 2639 5431 αὐτὸ
2690 5371 3060 5430 ἀπανίσταται.
3122 5381 3181 5430 Ρ.
3241 5371 3315 5427 Σύ
3356 5393 3422 5448 με
3478 5371 3782 5451 γινώσκεις,

2133 5461 2178 5537 ᾦ
2212 5461 2421 5541 Χριστέ,
2453 5462 2630 5528 πὰσης
2668 5461 2995 5540 παρανομίας
3026 5459 3275 5540 ἐργάτην.

2211 5548 2358 5614 LVI.
2393 5550 2546 5629 Εῦχὴ
2592 5549 2724 5628 πρὸς
2779 5550 2871 5605 τὸν
2928 5550 3083 5630 Θεὸν,
3134 5547 3220 5607 ἐπὶ
3261 5550 3538 5632 γεγονόσιν
3580 5550 3653 5614 εἰς
3684 5546 3786 5604 αῦ-
