4068 6112
310 350 421 419 309

986 507 1088 559 Τοῦ
1117 502 1292 564 αὐτοῦ,

307 577 370 646 Ὠ
404 592 567 667 μέστα
595 595 734 651 θείου
767 599 1069 673 Πνεόματος
1100 599 1422 679 μυστηρίων,

307 682 407 769 iisti
437 685 752 764 μυσταγωγέ
786 684 1063 766 δογμάτων
1090 688 1428 769 ἀποκρύφων.

310 760 369 826 Ὀ
401 777 509 850 φῶς
540 772 740 847 μεθέξει
771 783 864 832 τοῦ
893 777 1038 857 φύσει
1063 777 1272 856 πρώτου
1302 777 1462 858 φάους

306 861 426 946 ξ”ιὸς
457 867 587 917 Θεοῦ
616 885 672 918 τε
703 866 791 919 καὶ
823 867 951 928 Θεὸς
982 867 1339 946 χρηματίσας,

307 938 402 1010 Ὠς
431 956 535 1004 τῶν
563 950 793 1031 ἀπείρων
820 938 1046 1030 citasti}
1077 957 1163 1012 καὶ
1193 954 1448 1012 ποικίλων

302 1036 539 1115 Στερῥῶς
571 1040 801 1119 ἐνεγκὼν
830 1044 928 1110 τὴν
958 1043 1265 1123 ἐπηρμένην
1292 1043 1489 1126 φλόγα,

304 1127 405 1216 ἰέαὶ
435 1127 512 1200 μὴ
545 1127 834 1209 μαλαχθεὶς
961 1133 1188 1212 παρώσει
1224 1135 1317 1197 τὰς
1347 1134 1559 1214 φρένας.

321 1225 460 1292 Αρας
494 1216 680 1294 στέφος
711 1241 768 1274 τε
800 1223 1071 1301 μαρτύρων
1103 1221 1351 1288 ἐπαξίως.

300 1304 374 1357 Σὺ
407 1305 503 1377 μὲν
533 1309 760 1385 καθαρὰς
790 1317 894 1365 τῶν
925 1314 1098 1386 θυμῶν
1130 1313 1229 1379 τῖιν
1263 1310 1512 1386 πεντάδα,

301 1389 503 1469 ἰδρῶσι
533 1394 760 1459 πολλοῖς
789 1398 1024 1478 πράξεων
1055 1400 1308 1480 ἐναρέτων

302 1483 399 1538 Καὶ
430 1487 531 1548 τῆς
562 1487 820 1563 προσύλου
851 1493 1206 1569 προσπαθείας
1236 1498 1339 1547 τῶν
1366 1491 1512 1547 κάτω

298 1571 369 1626 Τὸ
401 1582 494 1631 τοῦ
522 1576 640 1639 νοὸς
671 1577 915 1656 φρόνημα
940 1581 1113 1647 πάντη
1146 1582 1381 1660 χωρίσας

297 1666 415 1735 Θεῷ
443 1663 714 1745 παρέσχες
746 1669 933 1724 σαυτὸν
964 1671 1035 1733 εἷς
1065 1672 1356 1730 κατοικίαν.

296 1751 463 1846 ἐιῦτὸς
493 1751 546 1808 δὲ
572 1776 667 1814 σου
697 1758 785 1813 τὸν
813 1759 962 1814 εἶκον
991 1758 1220 1822 εἷσδύνας
1250 1759 1412 1842 ὅλως,

315 1840 562 1908 Επλησεν
591 1845 736 1909 εὐθὺς
766 1847 988 1927 ἀφθόνου
1026 1851 1301 1924 μετουσίας

295 1937 411 1990 Τῶν
444 1933 778 2012 έπταρίθμων
810 1938 1111 2013 Πνεῦματος
1138 1941 1484 2020 χαρισμάτων
1522 1960 1536 1975 ·

298 2020 638 2086 Καταξιώσας
670 2023 773 2080 εἶθ’
805 2027 970 2091 οὕτως
1001 2029 1101 2096 σὴν
1145 2028 1376 2109 καρδίαν,

298 2108 414 2190 Ἀφ’
443 2113 618 2191 ἧσπερ
648 2112 960 2193 ἐκρεόσαντα
988 2119 1164 2198 ῥεῖθρα
1193 2108 1298 2176 τῶν
1341 2120 1538 2204 λόγων,

296 2205 520 2276 Χριστοῦ
546 2201 913 2281 καταρδεύουσι
942 2207 1039 2274 τὴν
1074 2205 1415 2285 Ἐκκλησίαν,

296 2289 392 2344 Καὶ
421 2287 476 2344 δε
490 2303 620 2367 τγμα
649 2297 746 2358 τῆς
779 2299 878 2360 σῆς
910 2303 1168 2369 μυστικῆς
1198 2301 1414 2379 θεωρίας

312 2383 386 2432 Ην
417 2400 500 2433 σοι
531 2380 800 2460 παρέσχεν
829 2385 863 2451 ἡ
893 2386 1138 2465 κάθαρσις
1170 2387 1446 2470 πλουσίαν,

294 2465 491 2560 Ξῐολλαὶ
521 2470 619 2542 μὲν
650 2470 805 2527 ἄλλαι
848 2481 953 2529 σῦν
983 2477 1307 2552 πονημάτων
1337 2465 1532 2557 βίϐλοι,

310 2566 381 2618 ,λς
411 2558 764 2634 συντέθεικας,
799 2563 896 2629 τὴν
926 2573 1262 2623 συνοικοῦσαν
1296 2568 1454 2648 χάριν

291 2652 389 2701 Τοῦ
421 2651 836 2728 πανσθενουργοῦ
868 2656 1168 2729 Πνεύματος
1197 2658 1545 2734 κεκτημένος,

292 2735 397 2800 Τὴν
425 2739 546 2791 θεῖα
571 2738 773 2802 πάντας
805 2750 1252 2822 μυσταγωγοῦσαν
1283 2746 1464 2826 φρένα,

295 2821 618 2914 εἶαιδεύσεως
645 2828 748 2906 γὰρ
771 2835 870 2895 τῆς
900 2832 1235 2906 πατουμένης
1280 2833 1417 2898 ὅλως

309 2919 565 2987 Αγευστος
597 2914 749 2987 ἦσθα,
787 2918 958 2974 πάντα
986 2927 1146 3000 τῦφον
1177 2921 1449 2984 ἐκκλίνων.

299 2998 458 3094 (illim:
490 2999 544 3057 δὲ
575 3010 757 3060 πασῶν
788 3008 822 3074 ἡ
852 3019 1088 3086 παροῦσα
1117 3007 1356 3087 δεικνύει,

311 3095 386 3144 Ην
417 3088 678 3170 ἔμμετρον
710 3093 805 3167 μὲν
834 3097 920 3150 καὶ
949 3099 1208 3177 στιχηρὰν
1240 3097 1433 3174 ἐξέθου,

293 3166 383 3240 Ὠς
413 3179 588 3234 πάντα
616 3181 857 3258 πράττων
888 3185 977 3239 σὺν
1007 3184 1153 3264 λόγῳ
1180 3209 1236 3242 τε
1269 3190 1356 3244 καὶ
1387 3188 1584 3268 μέτρῳ,

293 3269 387 3325 Καὶ
416 3267 562 3334 τάξιν
593 3269 739 3335 εἰδὼς
769 3279 887 3328 τΞσι
919 3273 1122 3348 μᾶλλον
1152 3276 1459 3354 ἒμπρέπειν.

291 3359 503 3455 ξιτίχων
533 3357 578 3413 δ’
609 3359 823 3438 ἀριθμὸν
855 3367 1190 3429 συντεθεικὼς
1219 3368 1436 3448 μυρίων,

311 3448 651 3504 Επτακοσίων
683 3453 1012 3522 πεντήκοντα
1037 3457 1124 3511 καὶ
1153 3453 1240 3512 δύο

290 3542 478 3615 Σαφῶς
511 3546 764 3616 παριστᾷς
793 3547 900 3596 σῶν
927 3542 1104 3599 καλῶν
1129 3543 1382 3624 κορωνίδα

289 3627 395 3692 Τὴν
425 3627 663 3695 παντελῆ
693 3631 938 3710 κάθαρσιν
969 3634 1340 3714 αἰσθητηρίων.

291 3719 406 3777 Πῶς
439 3715 588 3779 ἐντὸς
618 3716 779 3795 ἤγουν
808 3722 893 3775 καὶ
923 3743 983 3798 γε
1010 3729 1115 3777 τῶν
1145 3725 1449 3803 ὁρωμένων.

288 3803 392 3870 Τὴν
423 3808 684 3878 μυστικήν
715 3829 771 3862 τε
803 3810 1101 3884 Πνεῦματος
1130 3815 1426 3890 κοινωνίαν,

290 3894 384 3948 Καὶ
411 3902 505 3952 τοῦ
532 3893 730 3952 τελείου
760 3896 858 3963 τὴν
887 3897 1045 3977 ἄκραν
1077 3905 1376 3976 μετουσίαν.

283 3977 446 4078 illius
479 3985 769 4078 praeterea
788 4003 917 4078 non
949 3985 1079 4048 sine
1130 3987 1305 4051 laude
1353 3993 1620 4056 meminit
1668 3994 1920 4078 Symeon

283 4067 834 4134 Thessalonicensis
848 4072 1090 4153 Dialogo
1114 4085 1318 4140 contra
1336 4079 1613 4157 haereses,
1640 4067 1797 4147 inier
1821 4105 1924 4149 eos

281 4157 381 4252 qui
412 4158 490 4220 de
538 4161 807 4252 oratione
855 4165 1242 4246 scripserunt.
1298 4172 1397 4228 Καὶ
1444 4175 1662 4248 Συμεὼν
1691 4177 1817 4249 οσίῳ
1846 4182 1922 4252 τῷ

281 4248 396 4303 Νέω
443 4248 711 4329 Θεολόγορ,
791 4254 879 4310 καὶ
947 4253 1159 4320 λοιποῖς
1231 4256 1410 4322 ἅλλοις
1482 4260 1634 4326 ἀξίως
1704 4248 1797 4324 τοῦ
1866 4248 1919 4320 ἐν

280 4336 458 4427 23m";
491 4341 627 4394 θείου
646 4343 943 4416 Πνεῦματος
969 4359 983 4373 ⁹
1023 4342 1105 4404 Εἰ
1137 4343 1328 4408 Beato
1359 4347 1644 4427 Symeoni
1667 4352 1919 4415 Juniori

282 4425 597 4509 Theotogo,
631 4439 685 4494 et
730 4431 981 4514 reliquis
1037 4435 1178 4498 aliis
1219 4454 1334 4516 pro
1361 4425 1648 4517 dignitate
1694 4445 1916 4519 divini,

279 4520 382 4595 qui
410 4519 476 4579 in
507 4521 651 4601 ipsis
678 4531 834 4594 erat,
869 4524 1157 4602 Spiritus.

337 4613 888 4714 .Catholiciquoquc
908 4641 1027 4714 non
1051 4623 1244 4686 minus
1261 4626 1566 4708 pietatem,
1589 4638 1767 4712 atque
1784 4632 1921 4694 doc-

282 4706 488 4803 trinam
513 4706 784 4803 laudibus
805 4712 1162 4777 extulerunt.
1197 4706 1365 4778 Hunc
1382 4706 1733 4798 scriptorem
1760 4722 1918 4782 inte-

277 4795 577 4867 gritatiset
596 4797 952 4860 innocentiae
968 4802 1437 4867 Christianorum
1460 4795 1724 4870 omnium
1749 4829 1916 4871 sum-

277 4900 503 4977 morum
528 4885 694 4977 juxta
727 4905 795 4977 ac
825 4887 1161 4951 inﬁmorum
1213 4893 1384 4972 longe
1437 4897 1914 4977 cupidissimum,

273 4971 343 5030 ad
375 4990 548 5052 quam
582 4976 788 5036 sedulo
836 4978 1220 5042 excolendam
1274 4971 1376 5044 eos
1418 4971 1693 5047 omnibus
1726 4988 1916 5048 modis

273 5062 590 5124 exsuscitat
613 5073 670 5125 et
707 5067 1060 5145 exstimulat,
1095 5069 1310 5132 fuisse:
1348 5080 1411 5133 ut
1442 5093 1618 5152 porro
1641 5095 1918 5137 commu-

272 5167 406 5211 nem
440 5153 592 5212 hanc
611 5153 1056 5232 perfectionem,
1078 5166 1254 5239 atque
1270 5163 1720 5226 sanctimoniam
1742 5165 1914 5227 vehe-

272 5247 505 5300 menter
523 5250 714 5320 urget,
748 5243 836 5304 sic
861 5247 1244 5310 monasticam
1268 5251 1632 5315 creberrime
1651 5263 1708 5315 et
1727 5273 1911 5316 accu-

269 5328 566 5420 ratissime
595 5333 1034 5407 commendare,
1057 5337 1305 5420 ejusque
1332 5343 1905 5405 consectandaadesi-

269 5417 433 5479 derio
475 5421 613 5510 Atei»:
664 5423 986 5496 μονάζοντας
1043 5417 1433 5510 inflammare,
1486 5440 1543 5492 et
1593 5431 1812 5492 inertes
1839 5451 1908 5494 ac

269 5508 594 5600 secundum
627 5529 868 5571 carnem
889 5513 1257 5577 ambulantes
1275 5508 1563 5580 acerrime
1583 5521 1908 5600 reprehen-

269 5595 458 5688 dere”:
494 5616 753 5688 nrcnon
785 5602 1132 5683 praepositos
1173 5613 1348 5688 atque
1374 5617 1635 5671 rectores
1657 5595 1904 5686 eorum,

267 5684 447 5748 oftlcii
475 5684 568 5748 sui
598 5686 824 5752 diserte
868 5690 1212 5758 admonere.
1251 5684 1417 5761 Hinc
1455 5684 1905 5782 inscriptionem

1834 366 2176 432 NOTITIA.

3579 359 3700 430 310

1976 504 2021 562 A
2044 496 2496 560 convenientem
2513 496 2907 578 etappositam
2923 492 3106 576 Operi
3118 493 3343 570 datam,
3363 495 3693 557 Orationes

2036 588 2114 650 de
2137 586 2588 654 ﬁdeetmoribus
2603 592 2728 649 tum
2748 584 3136 659 Christianis,
3161 588 3286 646 tum
3312 583 3688 664 monasticis,

2034 673 2097 736 in
2121 676 2307 738 sacris
2330 675 2569 739 Litteris
2589 692 2776 756 eaque
2797 671 3090 752 doctrina,
3118 691 3251 754 qua:
3271 672 3684 752 theologorum

2037 764 2288 827 habetur
2317 764 2578 846 propria,
2613 763 2769 827 bene
2818 761 3224 833 exercitatum,
3259 780 3327 823 ac
3357 769 3545 822 tutum
3576 779 3687 841 ap-

2041 873 2268 934 parere.
2289 854 2501 928 Quaein
2517 853 2724 916 Sacris
2736 851 3022 915 laudibus
3041 853 3388 926 efferuntur,
3406 851 3686 932 pietatem

2038 944 2126 1006 vel
2152 944 2538 1025 praecipuam,
2556 951 2613 1004 et
2631 942 2834 1004 beatos
2851 941 2981 1003 illos
3000 942 3198 1015 ﬂores,
3217 939 3433 1022 quibus
3455 941 3688 1020 Sponsa

2038 1033 2235 1098 fulciri
2281 1032 2599 1108 desiderat,
2617 1031 3095 1114 etunguentailla
3110 1029 3410 1104 redolere,
3431 1047 3682 1110 quorum

2038 1123 2185 1184 odor
2215 1129 2304 1184 est
2330 1140 2510 1202 super
2539 1121 2738 1182 omnia
2758 1127 3041 1181 aromata.
3079 1119 3163 1181 De
3193 1119 3314 1180 Deo
3348 1117 3531 1179 multa
3561 1136 3682 1180 non

2034 1217 2223 1278 solum
2254 1215 2616 1291 doctissime,
2651 1213 2757 1276 sed
2814 1213 2991 1274 etiam
3043 1211 3410 1287 dulcissime,
3445 1211 3680 1274 tametsi

2035 1325 2480 1387 nonnunquam,
2555 1312 2616 1366 ut
2687 1302 2864 1365 etiam
2938 1319 3118 1383 supra
3171 1302 3234 1364 in
3290 1299 3674 1364 Orationibus

2031 1396 2484 1474 ἐκστατικωτέρως
2553 1393 2973 1456 disseruntur:
3063 1389 3150 1452 sic
3246 1408 3486 1472 quoque
3553 1409 3676 1452 non

2031 1503 2243 1564 paucas
2273 1482 2700 1564 praeceptiones
2750 1480 3030 1560 iuterjici,
3081 1478 3295 1561 quibus
3342 1478 3432 1540 vel
3464 1476 3671 1542 Chris-

2025 1575 2202 1654 tiana,
2234 1574 2324 1635 vel
2357 1571 2680 1634 monastica
2708 1569 2822 1632 vita
2849 1569 3174 1631 instituitur
3204 1574 3262 1630 et
3302 1567 3375 1630 ad
3431 1568 3670 1649 perfec-

2026 1662 2246 1723 tionem
2279 1680 2444 1724 suam
2473 1659 2898 1722 conformatur.
2940 1657 3007 1720 In
3057 1654 3359 1738 Capitibus
3407 1656 3668 1720 similem

2027 1770 2159 1814 esse
2191 1751 2305 1812 sibi
2355 1750 2734 1830 Symeouem,
2787 1755 2846 1810 et
2891 1765 3009 1830 qua
3055 1746 3369 1826 religione,
3429 1746 3668 1828 pietate,

1962 1863 2008 1924 Β
2029 1840 2294 1904 doctrina
2311 1847 2522 1902 caetera
2547 1838 2755 1901 eadem
2778 1838 2904 1899 haec
2926 1835 3186 1900 edidisse
3218 1857 3234 1912 ;
3267 1855 3379 1898 nec
3397 1835 3592 1898 minus
3609 1835 3673 1898 in

2026 1930 2140 2004 his,
2174 1948 2350 2010 quam
2381 1929 2443 1990 in
2475 1925 2960 1991 antecedentibus
2989 1924 3404 2007 Christianam,
3436 1942 3506 1989 ac
3537 1945 3673 1988 mo-

2026 2020 2308 2081 nasticam
2339 2017 2822 2091 sanctitudinem,
2881 2013 3165 2076 adhibitis
3211 2014 3388 2076 etiam
3440 2015 3672 2077 idoneis

2024 2106 2536 2179 similitudinibus,
2571 2103 2774 2169 doceri
2797 2111 2857 2165 et
2876 2102 3182 2165 inculcari.
3207 2101 3443 2165 Cautius
3469 2111 3666 2166 tamen

2025 2194 2335 2259 Gretserus
2364 2213 2482 2257 non
2514 2193 2689 2256 modo
2721 2193 2784 2254 in
2812 2194 2922 2255 hoc
2954 2191 3275 2272 Symeone,
3310 2191 3415 2252 sed
3448 2191 3510 2253 in
3540 2192 3675 2256 aliis

2023 2303 2143 2346 non
2193 2285 2392 2364 paucis
2453 2283 2796 2346 monasticis
2851 2289 2910 2344 et
2961 2279 3234 2343 asceticis
3283 2280 3675 2362 scriptoribus

2023 2392 2305 2435 ocurrere
2321 2373 2590 2454 quaedam
2614 2370 2962 2434 duriuscule
2982 2369 3139 2432 dicta
3179 2389 3310 2451 quae
3344 2369 3485 2431 lima
3499 2368 3669 2449 judi-

2023 2461 2103 2523 cii
2131 2469 2362 2541 egeant,
2396 2479 2648 2542 quorum
2703 2460 2984 2541 pleraque
3031 2458 3184 2519 notis
3233 2457 3356 2520 suis
3387 2457 3668 2519 eruditis-

2020 2550 2188 2612 simis
2209 2550 2514 2630 emollivit,
2541 2558 2599 2611 et
2619 2549 2679 2610 in
2707 2549 2929 2613 bonum
2951 2566 3192 2610 sensum
3214 2547 3451 2609 trahere
3480 2565 3666 2609 cona-

2023 2647 2114 2702 tus
2145 2649 2256 2703 est.
2287 2640 2357 2702 Et
2377 2641 2503 2702 baac
2542 2639 2782 2721 quidem
2817 2639 2912 2700 isti
2943 2657 3062 2700 non
3093 2637 3294 2698 omnia
3323 2635 3667 2700 suboderati

2021 2729 2095 2791 de
2128 2730 2340 2810 pietate
2361 2739 2419 2793 et
2449 2729 2722 2793 doctrina
2763 2726 3072 2810 Symeonis
3101 2727 3279 2808 hujus
3309 2725 3372 2788 in
3401 2724 3666 2789 medium

2016 2821 2359 2884 attulerunt.

2097 2941 2216 3003 Nos
2248 2947 2432 3003 tracto
2457 2940 2769 3023 proscenio
2791 2938 2880 3002 rei
2903 2939 3080 3001 totius
3110 2956 3354 3002 scenam
3377 2937 3664 3001 discutia-

2021 3049 2172 3093 mus.
2209 3031 2550 3112 nodumque
2579 3030 2942 3093 difﬁcultatis
2969 3029 3226 3109 ingenue
3257 3028 3664 3110 expediemus.

1953 3100 1996 3163 α
2019 3119 2315 3201 Quidquid
2349 3120 2425 3182 sit
2453 3100 2527 3181 de
2557 3119 2772 3201 pietate
2803 3121 2978 3198 hujus
3009 3100 3140 3193 viri,
3179 3100 3396 3180 verane
3425 3135 3500 3180 an
3530 3117 3667 3180 ficta

2017 3209 2194 3270 fuerit
2216 3233 2232 3281 ;
2266 3209 2402 3270 nolo
2428 3210 2587 3272 enim
2606 3208 2923 3290 quidquam
2947 3207 3032 3269 illi
3055 3207 3130 3269 de
3145 3206 3332 3287 gloria
3348 3206 3662 3288 derogare.

2020 3295 2175 3359 Sane
2205 3297 2280 3360 de
2309 3297 2580 3360 doctrina
2610 3305 2699 3360 est
2726 3296 2979 3377 aliquid,
3034 3297 3189 3378 quod
3245 3315 3342 3358 me
3395 3295 3458 3358 in
3486 3297 3660 3359 aliam

2021 3395 2246 3468 partem
2279 3388 2512 3449 trahere
2534 3387 2738 3469 possit,
2766 3387 3084 3470 quaeetiam
3107 3405 3240 3449 cum
3259 3386 3388 3466 ipse
3413 3385 3654 3459 viveret,

2017 3475 2378 3538 scriberetve
2397 3477 2650 3538 aliorum
2675 3477 2850 3539 variis
2872 3474 3386 3538 criminationibus
3415 3474 3522 3536 fuit
3547 3473 3658 3536 ob-

2019 3565 2216 3646 noxia,
2240 3584 2416 3648 quam
2431 3566 2738 3648 Symeonis
2754 3564 3293 3648 Symmistaeverbo,
3313 3563 3660 3646 scriptoque

2013 3654 2336 3718 defendere
2366 3655 2562 3718 conati
2604 3663 2763 3718 sunt.
2822 3655 3058 3719 Nicetas
3109 3653 3412 3716 Stethatus
3451 3651 3659 3715 Praefat

2011 3746 2073 3807 in
2129 3764 2326 3808 sacras
2382 3744 2660 3807 Laudes:
2724 3747 2782 3803 Εἰ
2835 3746 2935 3824 γὰρ
2986 3748 3037 3801 αἱ
3094 3743 3454 3820 ἀποκαλύψεις
3479 3743 3659 3821 αὗται,

2009 3839 2096 3893 καὶ
2129 3840 2177 3892 αἱ
2208 3837 2397 3917 φωναὶ,
2456 3843 2516 3892 οῦ
2572 3836 2738 3916 φωναὶ
2796 3841 2949 3914 Θεοῦ,
3007 3831 3122 3890 οὐδὲ
3169 3838 3353 3913 ψυχῆς
3407 3833 3653 3889 ἀποθεω-

2006 3929 2204 3998 θείσης,
2265 3927 2353 3982 καὶ
2405 3924 2694 4002 γενομένης
2754 3921 2852 3988 ἔξω
2905 3923 3082 3990 πάσης
3141 3931 3230 3980 τοῦ
3298 3922 3499 3996 κόσμου
3565 3923 3654 3977 αἶ-

2003 4018 2236 4086 σθήσεως
2264 4015 2352 4071 καὶ
2380 4012 2511 4080 ὅλης
2567 4011 2791 4069 καθόλου
2849 4013 3024 4091 ἁγίας,
3084 4009 3263 4092 σχολῇ
3319 4006 3372 4089 γ’
3430 4008 3492 4065 ἂν
3522 4007 3652 4067 ἄλλο

2001 4128 2051 4161 τι
2106 4107 2210 4160 τῶν
2269 4103 2605 4181 ἀνθρωπίνων
2663 4102 2750 4156 καὶ
2805 4103 2935 4180 πρὸς
2988 4103 3141 4176 ἡμῶν
3188 4097 3520 4174 τελουμένων
3567 4097 3653 4160 διὰ

2001 4193 2177 4258 πάσης
2261 4188 2490 4257 σπουδῆς
2563 4187 2910 4246 εὖαπόδεκτον
2967 4187 3310 4268 ἀποδειχθείη
3382 4193 3498 4263 Θεῷ
3563 4191 3651 4245 καὶ

2002 4281 2291 4360 ἀνθρώποις
2362 4279 2653 4354 ἐπαινετὸν,
2727 4279 2754 4334 ὃ
2826 4277 2902 4354 μὴ
2975 4278 3131 4356 σοφίᾳ
3198 4278 3285 4333 καὶ
3341 4276 3531 4355 γνώσει
3582 4283 3652 4354 τῇ

2015 4370 2269 4442 ἀνωτάττρ
2325 4377 2456 4427 Θεοῦ
2508 4370 2570 4424 τὸ
2620 4365 2851 4433 ἐπίδοξον
2908 4368 2995 4424 καὶ
3049 4366 3290 4446 λαμπρὸν
3329 4365 3653 4448 ἐπιφέρεται.

1953 4459 2186 4520 ΒΤαῦτα
2241 4459 2411 4516 τοίνυν
2486 4456 2570 4514 διὰ
2637 4458 2758 4520 τοὺς
2816 4456 2988 4535 φθόνῳ
3042 4457 3172 4536 πρὸς
3229 4457 3296 4512 τὰ
3361 4455 3499 4514 καλὰ
3567 4457 3656 4514 καὶ

2002 4549 2240 4624 ἀπιστίᾳ,
2301 4551 2389 4606 καὶ
2443 4547 2675 4626 ἀγνωσίᾳ
2729 4545 3148 4626 κεκρατημένους
3204 4547 3340 4622 ἡμῖν
3397 4546 3652 4626 προετέθη

1999 4647 2106 4695 τῶν
2153 4640 2416 4718 ἐρωτικῶν
2473 4638 2561 4692 καὶ
2616 4635 2764 4692 θείων
2812 4634 2990 4710 ὕμνων
3038 4642 3130 4691 τοῦ
3177 4632 3490 4696 διδασκάλου
3521 4651 3537 4667 ⁸
3568 4633 3645 4692 ἵν’

2001 4727 2038 4795 ἢ
2132 4727 2267 4783 κατά
2363 4725 2577 4805 πρώτην
2665 4724 2809 4787 εῦθὺς
2911 4719 3166 4792 ἐπιϐολὴν
3235 4723 3648 4804 ἐντυγχάνοντες

1997 4817 2286 4895 κρείττονες
2367 4815 2563 4870 ἑαυτῶν
2640 4812 2874 4891 γένοιντό
2933 4833 3084 4882 ποτε,
3148 4815 3235 4869 καὶ
3303 4815 3490 4894 φθόνου
3559 4815 3650 4870 καὶ

1999 4906 2280 4982 βασκανίας
2339 4903 2619 4983 ἀνώτερος,
2677 4903 2765 4958 καὶ
2818 4900 3107 4967 δοξάσωσιν
3161 4904 3234 4966 ὡς
3291 4902 3502 4982 ἐφικτὸν
3557 4904 3648 4959 τὸν

2000 4995 2052 5050 ἐν
2082 4992 2260 5072 πράξει
2291 4995 2379 5048 καὶ
2419 4991 2587 5070 λόγῳ,
2645 4993 2731 5048 καὶ
2777 4994 2964 5071 θεωρίᾳ
3020 4989 3306 5056 δοξάσαντα
3361 4993 3452 5048 τὸν
3483 4992 3651 5066 Θεὸν,

2002 5084 2089 5138 καὶ
2143 5083 2202 5136 τὸ
2257 5077 2446 5156 ὄνομα,
2503 5081 2564 5135 τὸ
2619 5078 2747 5158 ὑπὲρ
2802 5085 2906 5135 πᾶν
2963 5075 3128 5153 ὄνομα
3183 5077 3237 5133 ἐν
3284 5089 3402 5141 τοῖς
3461 5075 3646 5135 ἑαυτοῦ

1997 5171 2208 5247 μέλεσιν
2239 5170 2530 5249 ἁγιάσαντα
2562 5185 2577 5200 ⁸
2632 5167 2668 5236 ἢ
2725 5169 2798 5232 ὡς
2855 5171 2958 5224 τῶν
3005 5166 3182 5224 καλῶν
3239 5164 3503 5246 ἄγευστοι,
3556 5166 3645 5221 καὶ

1995 5260 2170 5324 πάντη
2199 5257 2474 5336 ἀχώρητοι
2531 5262 2634 5312 τῶν
2689 5256 2910 5332 ὑψηλῶν
2965 5255 3240 5330 θεαμάτων
3299 5252 3385 5310 διὰ
3413 5255 3510 5321 τὴν
3543 5253 3643 5311 αὒ-

1991 5361 2108 5410 τοϊς
2138 5353 2433 5426 προσοῦσαν
2482 5345 2791 5425 παχύτητα,
2844 5349 2942 5410 τῆς
2999 5343 3357 5422 ἐγμειρήσεως
3402 5345 3492 5400 καὶ
3538 5349 3638 5412 τῆς

1991 5441 2096 5492 τῶν
2155 5432 2536 5514 γεγραμμένων
2596 5431 2812 5490 ἐνταῦθα
2887 5431 3159 5512 περιέργυυ
3217 5431 3428 5511 ἐρεύνης
3498 5432 3642 5490 ἀπό-

1991 5545 2211 5604 σχοιντο
2248 5540 2261 5554 ·
2295 5521 2540 5584 Etenim
2571 5521 2626 5583 si
2654 5521 3046 5583 revelationes
3073 5528 3130 5583 et
3159 5537 3328 5583 voces
3349 5539 3470 5584 non
3495 5528 3642 5586 sunt

1992 5609 2106 5674 Dei
2123 5627 2309 5684 voces,
2322 5627 2515 5690 neque
2525 5610 2750 5672 animo:
2762 5611 2827 5671 in
2839 5608 3037 5671 Deum
3047 5626 3369 5693 conversa,
3394 5618 3452 5675 et
3465 5618 3642 5676 extra

1991 5717 2233 5766 omnem
2259 5697 2476 5764 mundi
2498 5715 2739 5762 sensum
2776 5697 2972 5777 factae,
3020 5705 3078 5762 et
3107 5701 3290 5766 totius
3310 5701 3638 5780 secundum
