4068 6112
411 330 523 404 311

1781 335 2088 398 SYMEON
2127 335 2161 398 Ι
2167 334 2271 398 UN
2279 335 2426 398 10R.

3673 327 3790 394 312

411 489 617 535 omnes
647 488 790 534 suas
814 476 1028 551 partes
1053 477 1302 542 sanctos,
1346 469 1538 532 multo
1567 468 1770 530 minus
1817 468 2056 546 aliquid
2075 471 2120 533 A
2142 467 2296 530 tinos
2325 469 2530 550 edens,
2561 469 2633 531 ab
2676 469 3034 551 imperatore
3077 476 3138 532 et
3183 487 3394 548 magno
3441 463 3782 530 Domestico

408 560 745 624 humanum
757 611 771 642 ,
785 569 840 621 et
855 578 894 622 a
906 559 1238 637 majoribus
1254 558 1715 638 diligentissime
1721 565 2053 637 patratum,

411 651 779 728 acceptabile
801 651 917 711 Deo
928 648 1291 721 ostendetur,
1307 655 1360 708 et
1377 646 1910 708 hominibuslauda
1919 646 2054 720 bile,

410 740 570 820 quod
595 739 898 819 sapientia
918 744 974 798 et
996 753 1273 816 suprema
1298 735 1413 797 Dei
1439 736 1783 816 cognitione
1815 736 2056 798 laudem

408 830 530 891 sibi
550 829 923 908 adiunctam,
967 833 1022 888 et
1057 825 1439 906 splendorem
1469 842 1591 887 non
1631 824 1875 888 habent.
1909 825 2057 888 Haec

410 919 605 1000 igitur
621 925 977 998 proptereos
990 933 1091 994 qui
1109 915 1176 976 in
1194 913 1350 976 bona
1375 920 1432 974 in
1442 913 1767 989 vehuntur,
1781 915 2054 978 obsiden-

409 1015 626 1089 turque
646 1007 1007 1073 invidentia,
1033 1002 1459 1067 incredulitate
1484 1009 1538 1065 et
1575 1006 1978 1082 ignoratione,
2015 1022 2052 1066 α

407 1103 586 1159 nonis
598 1097 913 1177 proposita
938 1102 1079 1156 sunt
1104 1093 1331 1155 divinis
1358 1091 1644 1154 laudibus
1665 1100 1720 1155 et
1747 1093 2053 1156 amor-ibus

401 1191 813 1265 praceptoris,
839 1192 907 1247 ut
937 1184 1044 1264 qui
1061 1183 1255 1259 primo
1284 1182 1492 1243 statim
1529 1200 1819 1262 aggressa
1839 1183 1902 1244 in
1927 1183 2053 1245 haec

407 1275 787 1356 offenderint,
804 1276 1017 1355 seipsis
1033 1272 1310 1334 meliores
1331 1271 1661 1350 aliquando
1681 1273 1966 1345 evadant,
1993 1281 2054 1335 et

406 1365 707 1427 invidiam
745 1382 816 1427 ac
849 1363 1226 1426 calumniam
1275 1360 1594 1441 repellant,
1639 1361 2052 1442 exlollantque

407 1453 708 1528 laudibus,
734 1464 802 1515 ul
815 1458 1113 1532 poterunt,
1138 1469 1270 1512 eum
1295 1455 1402 1530 qui
1421 1451 1678 1523 actione,
1703 1468 1972 1515 sermone
1994 1460 2050 1513 et

2139 558 2416 638 ampliter
2445 559 2753 637 accipitur,
2785 578 2957 621 carus
3003 559 3120 622 illis
3149 578 3218 620 ac
3261 558 3530 619 intimus.
3571 555 3678 617 Hic
3707 551 3778 615 ad

2139 649 2452 726 quemdam
2469 649 2644 722 exiis,
2664 647 3153 729 quiHesychastm
3165 648 3462 721 dicuntur,
3482 646 3782 728 proiectus

2140 735 2378 796 modum
2396 737 2523 797 vitae
2554 736 2850 812 solitariae,
2879 756 2947 798 ac
2966 747 3257 817 praecepta
3279 735 3634 798 obedientize
3667 751 3778 793 au-

2138 823 2318 887 divit:
2356 836 2477 886 tum
2510 845 2625 906 quo
2661 834 2825 905 pacto
2859 826 3307 906 proficiscentes
3352 824 3597 886 solitarii
3629 841 3777 903 pau-

2139 911 2298 972 latim
2332 923 2389 974 et
2420 915 2731 994 tranquille
2783 915 3218 995 precationibus
3245 914 3480 983 intenti,
3514 915 3777 975 exsulta-

2141 1001 2297 1062 tione
2348 1003 2552 1072 animi,
2613 1013 2669 1064 et
2721 1004 2919 1064 divina
2961 1004 3214 1085 quadam
3258 1002 3779 1084 inexplicabilique

2137 1091 2429 1170 voluptate
2460 1093 2911 1172 perfundantur,
2945 1102 3002 1156 et
3031 1093 3218 1155 oculis
3239 1092 3545 1174 corporeis
3575 1093 3776 1152 lumen

2139 1199 2204 1241 se
2239 1181 2700 1260 circumlulgens
2729 1182 3039 1264 aspiciant.
3067 1183 3130 1245 Id
3155 1183 3404 1245 audiens
3433 1183 3777 1245 Barlaamus

2136 1271 2332 1331 statim
2363 1271 2659 1334 solitarius
2687 1272 2968 1335 insectari
2996 1295 3012 1350 ;
3043 1274 3422 1352 impostores,
3465 1272 3774 1335 Massalia-

2135 1378 2265 1433 nos,
2295 1362 2853 1442 Omphalopsychos,
2879 1382 3292 1439 germanorum
3325 1361 3772 1438 Ecclesiaedog-

2136 1458 2351 1509 matum
2387 1459 2782 1531 corruptores,
2817 1460 2874 1514 et
2902 1452 3196 1514 similibus
3223 1452 3352 1514 aliis
3371 1452 3530 1514 notis
3553 1470 3776 1512 nuncu-

403 1543 809 1624 speculatione
837 1542 1023 1604 Deum
1072 1539 1460 1620 gloriﬁcavit,
1503 1558 1840 1620 nomenque
1867 1561 2050 1622 supra
2131 1555 2294 1615 pare,
2329 1555 2651 1620 eorumque
2681 1542 3197 1617 consuetudinem,
3233 1551 3507 1622 tanquam
3541 1541 3639 1621 qui
3671 1558 3771 1601 se-

404 1650 579 1695 omne
607 1651 822 1695 nomen
862 1635 928 1694 in
959 1633 1084 1694 suis
1125 1629 1408 1691 membris
1444 1631 1846 1709 sanctiﬁcavil
1873 1656 1888 1707 ς
1943 1638 2049 1695 aut
2131 1624 2416 1688 ducerent
2443 1640 2501 1690 et
2529 1629 2979 1706 seducerentur,
3010 1631 3351 1709 fugiendum
3383 1649 3514 1692 esse
3538 1629 3772 1710 publice

407 1729 700 1802 tanquam
728 1723 1028 1784 bonarum
1054 1736 1256 1781 rerum
1264 1719 1490 1797 jejuni,
1523 1725 1577 1781 et
1593 1726 1836 1797 penitus
1850 1721 2046 1784 subli—
2133 1713 2564 1780 disseminare:
2598 1719 2826 1780 animas
2856 1720 3014 1782 enim
3037 1720 3153 1782 sibi
3178 1719 3252 1781 ob
3278 1719 3574 1800 pietatem,
3597 1738 3771 1800 quam

404 1817 595 1872 mium
615 1811 1100 1889 speculationum
1136 1811 1450 1887 incupaces
1493 1816 1747 1888 pr0pter
1777 1811 2254 1882 inizataanpl‘ae
2284 1823 2348 1866 se
2398 1806 2666 1868 ferebant
2712 1809 3108 1882 concreditas,
3168 1809 3421 1870 maxima
3467 1808 3772 1887 religionis

405 1900 534 1963 illis
547 1901 897 1970 ruditatem,
925 1898 1000 1961 ab
1018 1901 1146 1977 ipsa
1164 1897 1546 1978 aggressione
1558 1905 1615 1960 et
1627 1900 1842 1961 [torum
1865 1902 2050 1980 scrip-

405 1997 607 2052 torum
630 1991 881 2051 curiosa:
919 1987 1316 2062 indagatione
1337 1984 1699 2048 abstineant.
1744 1987 1894 2060 Quin
1931 1996 2046 2051 imo

407 2078 721 2160 publicatis
743 2077 917 2139 etiam
937 2073 1314 2139 Orationibus
1339 2074 1606 2155 opposita
1631 2074 1904 2157 Magistro
1935 2079 2048 2140 cri-

405 2168 569 2230 mina
590 2167 832 2228 abluere
846 2164 1298 2238 contenderunt,
1333 2174 1766 2244 oppugnatores
1791 2186 1908 2229 non
1931 2169 2046 2231 alio

401 2277 576 2340 quam
645 2257 1262 2336 Hagiocategororum
1313 2254 1555 2316 nomine
1613 2273 2041 2339 nuncupantes,

402 2349 570 2430 quasi
595 2347 697 2430 qui
723 2345 1072 2428 Symeonem
1107 2344 1424 2423 incuSaret,
1460 2345 1831 2408 sanctitatem
1855 2347 2043 2427 ipsam

403 2438 844 2500 criminaretur.
865 2434 985 2497 Sub
1009 2435 1120 2495 hoc
1141 2434 1305 2494 titulo
1334 2431 1674 2497 Orationem
1699 2435 1855 2498 idem
1876 2438 2047 2501 Nice—

403 2536 490 2590 tas
511 2525 731 2588 edidit:
767 2525 1009 2582 Πιπτέτω
1031 2525 1238 2605 φθόνος,
1273 2526 1300 2580 ὁ
1325 2537 1440 2586 τοῖς
1461 2522 1650 2589 καλοῖς
1675 2535 1933 2609 νεμεσῶν,
1958 2533 2044 2586 καὶ

400 2619 677 2692 ὓμνείσθω,
709 2617 797 2672 καὶ
828 2615 1158 2693 εὖφημείσθω
1201 2615 1228 2668 ὁ
1258 2611 1433 2687 ὕμνων
1465 2615 1552 2668 καὶ
1582 2614 1860 2692 ἐγκωμίων
1901 2641 2042 2674 παν-

399 2707 556 2762 τοίων
586 2705 727 2769 ἄξιος
752 2704 993 2778 Συμεὼν,
1016 2702 1150 2758 καθὰ
1179 2702 1263 2756 καὶ
1294 2701 1347 2755 ἐν
1367 2708 1444 2775 τῷ
1477 2693 1935 2784 Ἀγιοκχῖηγὸρων
1958 2707 2046 2764 λό-

401 2816 482 2872 γῳ
512 2793 645 2868 μετᾶ
677 2793 924 2872 χρήσεων
955 2793 1106 2868 ἱερῶν
1131 2787 1451 2868 πλατύτερον
1481 2789 1751 2867 ἐξεοέμεθκ
1785 2809 1798 2823 ⁶
1853 2794 2046 2857 Abeat

400 2884 764 2961 invidentia,
813 2897 944 2959 quae
984 2895 1220 2958 semper
1265 2877 1445 2940 bonos
1474 2879 1618 2943 edit.
1652 2883 1964 2948 Laudetur
1991 2903 2048 2955 et

399 2975 548 3035 satis
569 2971 790 3050 faustis
831 2968 1073 3031 vocibus
1104 2965 1459 3041 extollatur,
1514 2972 1620 3049 qui
1665 2970 1946 3038 laudibus
1991 2987 2046 3040 et

398 3061 740 3141 omnigenis
763 3058 1048 3120 encomiis
1083 3057 1309 3134 dignus
1341 3064 1423 3119 est
1441 3056 1720 3138 Symeon,
1753 3066 2042 3140 quemad-

396 3149 639 3212 modum
667 3148 952 3210 adversus
973 3144 1482 3225 Hagiocategoros
1503 3147 1789 3211 Oratione
1813 3159 2043 3215 sancto-

397 3256 534 3302 rum
563 3233 1017 3300 auctoritatibus
1044 3234 1322 3298 adductis
1341 3237 1538 3318 fusius
1567 3238 2036 3318 explicavimus.

477 3414 621 3479 Cum
655 3413 841 3476 turbae
861 3430 978 3474 non
999 3411 1374 3492 quiescerent
1390 3411 1643 3494 Symeon
1667 3415 1723 3477 in
1741 3417 2032 3498 judicium

395 3514 655 3579 vocatus,
679 3512 740 3566 et
762 3503 823 3564 in
856 3501 1149 3564 sententia
1170 3501 1494 3581 persistens
1525 3505 1953 3570 condemnatur
1977 3511 2037 3572 in

394 3611 718 3668 carcerem,
755 3611 872 3654 non
903 3598 1144 3671 pr0pter
1173 3590 1352 3652 ﬁdem
1386 3600 1444 3652 et
1473 3591 1547 3653 ob
1579 3593 1853 3657 defensas
1884 3597 2036 3661 ima-

391 3684 588 3763 gines,
615 3701 759 3764 quas
790 3691 911 3744 tum
943 3681 1140 3742 nullus
1189 3681 1586 3761 oppugnabat,
1643 3691 1700 3745 et
1729 3685 2036 3749 ardentem

389 3773 519 3854 ejus
546 3773 762 3843 zelum,
793 3789 912 3850 quo
953 3771 1347 3832 eﬂ‘ervescens
1402 3770 1624 3832 solutos
1663 3771 2038 3853 imperatoris

2131 1892 2319 1968 clade,
2358 1896 2703 1974 perdebant.
2761 1896 2864 1960 His
2895 1897 3174 1960 commoti
3203 1897 3772 1959 Thessalonicenses

2130 1984 2400 2065 solitarii,
2426 1984 2781 2048 intermissis
2803 1987 3010 2049 amicis
3041 1987 3328 2066 rogabant
3358 1996 3422 2049 ut
3442 1986 3578 2048 talia
3605 1984 3776 2066 loqui

2129 2073 2408 2134 adversus
2439 2074 2826 2156 Hesychastas
2875 2076 3229 2154 desisteret;
3263 2096 3373 2139 nec
3403 2077 3581 2138 unius
3621 2075 3770 2136 male

2129 2161 2255 2222 sani
2284 2163 2670 2226 instructione
2703 2167 2966 2244 projecle
2997 2175 3256 2228 sanctam
3305 2167 3564 2248 quietem
3599 2166 3768 2226 inva-

2129 2248 2317 2324 deret,
2344 2260 2400 2312 et
2423 2251 2750 2314 maledictis
2773 2255 3198 2334 proscinderet.
3230 2255 3598 2317 Hoclumine
3623 2254 3766 2316 mul-

2131 2347 2218 2400 tos
2276 2342 2705 2420 persecutionis
2756 2344 3160 2424 temporibus;
3214 2354 3480 2407 sanctum
3534 2361 3770 2426 quoque

2125 2428 2448 2490 Antonium
2481 2437 2685 2492 contra
2713 2430 3011 2492 daemones
3066 2432 3126 2493 in
3155 2435 3280 2494 acie
3311 2442 3586 2508 stantem,
3619 2451 3763 2494 con-

2127 2520 2367 2578 vestitos
2398 2518 2623 2580 fuisse:
2688 2537 2860 2599 posse
2918 2520 3046 2582 ﬁeri
3106 2524 3164 2584 in
3213 2523 3399 2585 oculis
3455 2527 3767 2604 corporeis

2127 2607 2418 2687 quispiam
2446 2607 2706 2669 divinum
2731 2608 3134 2674 etincreatum
3154 2612 3378 2676 Lumen
3403 2620 3770 2699 contemple-

2128 2703 2221 2792 tur
2249 2695 2576 2792 _In.monle
2607 2697 2886 2792 'l‘habqre
2926 2699 3200 2792 homines
3231 2713 3287 2764 et
3317 2705 3508 2770 adhuc
3538 2695 3765 2792 imper-

2126 2784 2285 2859 fecti,
2318 2786 2775 2866 circumfulgens
2807 2787 2991 2869 ipsos,
3051 2809 3120 2852 ac
3167 2790 3494 2858 increatum
3539 2784 3764 2868 Lumen

2130 2874 2328 2936 videre
2362 2885 2676 2955 potuerunt
2711 2898 2723 2939 :
2759 2896 2874 2937 non
2907 2896 3037 2940 esse
3068 2879 3307 2956 mirum,
3333 2884 3380 2946 si
3403 2897 3764 2957 nuncsancti

2128 2983 2385 3045 superne
2406 2985 2438 3027 a
2462 2969 2583 3029 Deo
2616 2967 2938 3028 collustrati
2962 2967 3235 3032 dicantur
3254 2972 3364 3034 hoc
3381 2977 3605 3042 Lumen
3625 3001 3763 3045 cer-

2126 3073 2292 3156 nere.
2327 3057 2512 3156 Dictis
2541 3056 2884 3156 Barlaamus
2923 3075 2987 3118 se
3014 3061 3342 3156 continere
3385 3084 3499 3128 non
3551 3074 3760 3156 potuit,

2063 3127 2104 3189 Ο
2125 3144 2231 3204 sed
2262 3144 2641 3206 exclamavit:
2679 3143 2740 3207 Si
2763 3146 2988 3208 Lumen
3010 3145 3154 3208 illud
3175 3169 3366 3231 neque
3387 3171 3482 3216 res
3503 3127 3760 3239 cdndita:

2123 3250 2318 3312 neque
2349 3233 2458 3296 Dei
2489 3242 2697 3294 natura
2726 3241 2837 3312 est,
2870 3235 3060 3296 Deum
3091 3237 3247 3298 enim
3283 3259 3457 3304 nemo
3487 3245 3630 3309 vidit
3659 3233 3766 3312 un;

2121 3339 2318 3401 quam,
2344 3340 2444 3384 vos
2460 3321 2691 3384 duobus
2710 3321 2823 3383 diis
2837 3322 3096 3405 servitis,
3115 3327 3474 3408 uniquidem
3493 3339 3762 3403 omnium

2122 3411 2477 3492 fabricatori,
2513 3432 2687 3493 quem
2718 3420 2775 3474 et
2804 3414 3290 3494 inaspectabilem
3320 3441 3526 3485 omnes
3568 3432 3758 3492 conii-

2123 3507 2338 3579 tentur,
2373 3503 2543 3563 alteri
2570 3504 2680 3564 sub
2737 3511 3039 3582 aspectum
3093 3505 3347 3584 cadenti,
3391 3523 3449 3572 et
3495 3515 3760 3582 increato

2121 3590 2378 3652 Lumini.
2415 3590 2572 3652 Nihil
2605 3611 2669 3654 se
2699 3609 2732 3652 a
2761 3591 2960 3652 divina
3009 3595 3263 3656 essentia
3311 3598 3633 3680 diversum,
3688 3627 3759 3672 ac

2120 3678 2465 3761 discrepans
2486 3682 2813 3745 increatum
2836 3681 3130 3778 arbitrari,
3155 3703 3335 3764 quare
3355 3687 3499 3767 ipsis
3529 3678 3749 3778 διθὲίαν,

2117 3768 2372 3863 duorum.
2398 3771 2642 3863 deorum
2666 3771 2890 3833 cultum
2917 3770 3151 3832 crimini
3175 3773 3368 3836 dabat.
3399 3776 3496 3840 Sic
3529 3768 3752 3863 Byzan;

387 3879 583 3923 mores
614 3859 1038 3940 licentiamque
1083 3857 1332 3920 liberius
1361 3859 1656 3921 accusarit
1702 3861 1858 3942 quod
1893 3883 2034 3927 sane
2117 3857 2260 3919 lium
2295 3859 2594 3939 navigans,
2619 3861 2876 3940 ﬁsusque
2905 3879 3025 3920 sua;
3052 3879 3263 3937 causae,
3289 3857 3754 3945 synodum'con-

386 3969 688 4030 nunquam
717 3949 872 4030 ipse,
904 3966 1037 4009 cum
1081 3947 1340 4010 carceris
1366 3949 1725 4024 meminerit,
1752 3953 2030 4016 tacuisset
2113 3950 2343 4043 gregari
2373 3950 2550 4010 instat
2584 3967 2596 4011 :
2632 3947 2902 4010 Monacbi
2944 3947 3508 4043 Thesz-alonicenses
3551 3961 3624 4022 ad
3650 3963 3755 4043 ju-

384 4040 540 4120 quod
576 4040 648 4101 ad
679 4039 1134 4120 gloriamipsius
1159 4047 1216 4099 et
1239 4037 1527 4101 universae
1542 4039 1826 4104 Ecclesia;
1845 4052 2030 4108 verte-
2113 4034 2332 4097 dicium
2364 4045 2749 4099 accersuntur
2775 4055 2789 4100 :
2825 4048 2884 4099 et
2913 4057 3044 4100 cum
3072 4038 3394 4120 imperator
3422 4045 3556 4111 lites
3584 4034 3756 4114 coin-

381 4135 567 4189 retur.
631 4127 982 4191 Theodorus
1037 4125 1264 4188 Studita
1320 4145 1427 4188 sua
1483 4128 1678 4204 exilia,
1715 4131 2023 4211 supplicia,
2113 4143 2333 4203 ponere
2367 4126 2680 4202 niteretur,
2718 4135 2776 4189 et
2803 4128 3289 4194 altercationibus
3341 4137 3580 4200 modum
3627 4142 3757 4206 ﬁeri

383 4233 774 4293 carceresque
797 4233 1294 4289 commemorans,
1320 4235 1552 4278 causam
1579 4216 1652 4278 ob
1674 4236 1846 4299 quam
1867 4219 2026 4281 simi-
2047 4211 2464 4305 nhortaretur,
2488 4217 2790 4280 Barlaamo
2817 4216 2973 4278 haud
3001 4220 3364 4298 quiescente,
3399 4229 3624 4305 synodo
3655 4251 3757 4294 ne-

381 4303 459 4365 lia
489 4302 691 4383 subiit,
725 4321 840 4363 non
871 4303 1111 4364 reticuit
1139 4320 1152 4365 :
1189 4323 1264 4364 ne
1294 4305 1437 4399 quid
1494 4305 1684 4367 dicam
1719 4307 1791 4368 de
1837 4310 2019 4372 Atha-
2045 4302 2330 4378 "gotium
2353 4306 2763 4399 committitur.
2792 4307 3251 4399 Prmsidentibus
3280 4302 3478 4392 itaque
3502 4336 3754 4399 impera.

381 4392 571 4466 nasio,
604 4391 1040 4471 Chrysostomo,
1068 4393 1295 4454 Joanne
1326 4392 1517 4456 Vecco
1549 4405 1605 4456 et
1633 4395 1785 4460 aliis.
1844 4397 2013 4460 Fate-
2107 4398 2320 4486 ιονιξθῑ
2344 4394 2678 4473 Patriam”
2709 4412 2941 4486 980m"
2971 4395 3230 4486 Feminis
3257 4391 3748 4486 θρίδδορίείῐπό-

379 4488 478 4542 tur
507 4497 804 4560 carceres,
858 4499 1094 4568 causam
1151 4491 1305 4543 tacet
1352 4481 1412 4544 in
1459 4493 1617 4546 tanto
1665 4486 2041 4568 scriptorum

378 4586 650 4636 numero.
685 4587 804 4629 non
834 4567 1145 4656 laudabilis
1175 4588 1351 4632 causa
1381 4579 1490 4634 est.
1533 4567 1854 4654 Suspectus
1898 4575 2026 4656 ipse

377 4657 454 4720 de
484 4656 714 4719 scelere
743 4664 851 4719 est.
886 4655 1070 4730 Quem
1123 4658 1304 4720 finem
1356 4678 1632 4722 carceres
1686 4655 2019 4739 habuerint,

377 4745 520 4808 mihi
540 4764 659 4806 non
687 4745 868 4826 liquet
890 4744 1407 4826 ;subsequentium
1427 4748 1814 4812 nihilominus
1835 4751 2024 4832 scrip-

374 4842 566 4898 torum
596 4834 899 4896 sdentium
930 4834 1151 4897 indicio
1192 4845 1304 4917 est,
1336 4837 1496 4900 illius
1527 4839 1842 4920 opiniones
1870 4860 2020 4902 con-

373 4923 704 5001 demnatas,
764 4925 826 4986 in
883 4923 1136 4986 obscuro
1191 4944 1260 4987 ac
1316 4926 1558 4990 latebris
1599 4928 1900 5008 neglectas
1922 4931 2020 5010 ja-

372 5013 585 5076 cuisse.
622 5011 738 5076 Sed
769 5031 918 5075 novo
949 5031 1097 5076 nova
1127 5033 1365 5095 semper
1413 5017 1757 5079 audentium
1805 5017 1953 5080 fastu
1987 5038 2020 5080 e

373 5101 634 5165 tenebris
659 5110 864 5178 erutae,
893 5101 1049 5164 inter
1068 5104 1283 5166 Montis
1303 5105 1441 5166 Athi
1464 5107 1784 5169 monachos
1813 5116 2020 5170 aucto-

369 5190 610 5253 ritatem
642 5189 1047 5265 obtinuerunt,
1092 5193 1286 5254 donec
1334 5193 1696 5276 Barlaamus,
1731 5205 1794 5258 ut
1823 5205 2022 5258 narrat

371 5279 833 5360 Cantacuzenus,
867 5279 1088 5342 Histor.
1125 5279 1204 5342 lib
1227 5298 1293 5357 ιι,
1319 5301 1352 5343 e
1376 5281 1646 5346 Calabria
1666 5286 2013 5360 Monachus,

2104 4479 2340 4574 ceiibuhs
2380 4493 2439 4574 et
2467 4482 2844 4574 senatoribus
2870 4483 3269 4547 assidentibus
3312 4488 3372 4550 in
3406 4479 3622 4574 templo
3650 4498 3747 4558 di-

2110 4567 2258 4631 vina:
2289 4569 2605 4652 Sapientiae
2649 4572 2905 4653 synodus
2953 4574 3200 4652 cogitur.
3239 4567 3543 4642 Barlaamo
3572 4585 3748 4648 veluti

2105 4663 2288 4748 actori
2324 4660 2545 4740 primus
2575 4661 2819 4722 dicendi
2842 4661 3196 4724 locusdalus
3217 4674 3325 4740 est,
3351 4669 3452 4748 qui
3483 4670 3744 4736 libellum

2105 4745 2180 4805 de
2208 4747 2282 4838 iis
2310 4749 2486 4810 rebus
2519 4749 2786 4811 Patribus
2819 4749 3086 4830 poriigit,
3119 4752 3190 4812 ad
3213 4772 3339 4815 rem
3370 4745 3743 4838 _pr0positam

2104 4836 2282 4930 verba
2309 4838 2547 4919 adjecit,
2604 4840 2841 4902 tandem
2892 4842 3211 4903 monachos
3255 4836 3601 4910 criminatus
3631 4860 3742 4930 est,

2103 4925 2256 5004 quod
2293 4945 2487 5007 neque
2519 4929 2920 5008 precationem
2953 4948 3126 5009 quam
3159 4949 3223 4992 se
3253 4933 3561 4998 celebrare
3592 4925 3750 5003 dice-

2107 5021 2264 5107 rent,
2297 5015 2521 5098 absque
2551 5017 2786 5079 defectu
2819 5027 2878 5079 et
2915 5017 3340 5083 convenienter
3371 5027 3742 5107 proferrent;

2103 5102 2208 5163 sed
2243 5114 2512 5199 egentem
2544 5107 3197 5199 additamento,_idque
3227 5102 3378 5190 ipse
3401 5102 3744 5199 adjiciebat,

2104 5193 2331 5273 utquod
2348 5197 2606 5270 deesset,
2627 5195 2954 5277 suppleret.
2984 5195 3095 5258 Pro
3117 5202 3419 5262 monachis
3437 5193 3749 5282 respondii

2101 5282 2387 5360 Palamas,
2423 5294 2482 5346 et
2531 5293 2892 5359 sanctorum,
2947 5294 3006 5347 et
3060 5287 3371 5366 theologia:
3410 5293 3743 5372 peritorum

370 5376 543 5466 acuto
573 5368 662 5430 vir
690 5368 926 5448 ingenio
957 5379 1017 5434 et
1045 5369 1402 5452 perspicaci,
1437 5381 1493 5432 et
1514 5371 1712 5452 lingua
1743 5373 2014 5437 disertts-
2098 5371 2408 5434 hominum
2427 5375 2616 5437 etl‘atis
2635 5375 2994 5466 contrarium
3017 5378 3336 5440 astruebat.
3363 5368 3746 5466 Docebatque

367 5455 578 5536 simus,
597 5465 796 5520 extera
809 5457 1652 5547 pbilosopborum,nostraque
1665 5474 2008 5526 sanctorum
2096 5461 2297 5524 lumen
2317 5463 2377 5524 in
2401 5463 2660 5540 Thabor,
2685 5485 2800 5546 quo
2826 5464 3100 5546 discipuli
3121 5466 3392 5531 illustrati
3416 5481 3573 5547 sunt,
3610 5455 3744 5536 esse

366 5543 604 5644 Patrum
653 5546 926 5644 doctrina
959 5547 1248 5644 imbutus,
1291 5547 1774 5644 Thessalonicam
1823 5553 2006 5644 adve-
2093 5551 2341 5644 gloriam
2360 5554 2463 5644 Dei
2485 5543 2771 5635 principio
2795 5543 3094 5618 carentem
3119 5564 3179 5619 et
3203 5543 3567 5640 majestatem
3584 5565 3737 5644 ejus,

367 5630 561 5710 aiens,
593 5641 652 5698 et
679 5634 866 5698 multa
882 5634 944 5697 ia
964 5636 1272 5718 religionis
1310 5639 1545 5720 negotio
1576 5641 1860 5707 adversus
1891 5641 2006 5705 La-
2092 5650 2151 5704 et
2174 5643 2376 5706 lumen
2399 5630 2729 5707 Divinitatis
2750 5655 2805 5708 et
2829 5643 3145 5724 Deitatem,
3196 5657 3255 5714 et
3276 5630 3541 5716 naturale
3560 5630 3739 5718 scier-'-
