4068 6112
308 343 427 412 318

1823 346 2169 414 ΝΟΤΙΤΙΑ.

3573 334 3694 404 3η

317 501 581 567 numque
599 485 706 550 Dei
730 484 956 560 lumen,
983 492 1042 550 et
1065 503 1453 568 quacumque
1472 483 1586 547 alia
1605 502 1640 546 a
1662 480 1956 560 theologis
1975 479 2024 543 A
2046 496 2178 568 esse
2206 479 2283 542 de
2311 478 2588 560 dogmate
2614 478 2688 542 ob
2709 477 3083 560 prasentiam
3114 474 3409 568 imperita
3428 472 3701 568 multitu:

320 572 394 636 de
415 574 516 635 illo
538 575 818 637 dicuntur
840 596 855 650 ;
877 575 1161 657 deinceps
1183 572 1575 638 concludebat
1594 582 1876 635 aternum
1904 579 1963 633 et

323 664 589 726 naturale
618 665 723 726 Dei
755 684 873 726 non
903 684 1034 728 esse
1064 665 1393 740 conditum,
1428 683 1539 726 nec
1561 665 1690 743 ejus
1714 662 1957 742 gloriam

320 760 378 813 et
406 754 800 830 majeslalem,
834 772 946 816 nec
973 754 1257 835 quidquid
1303 754 1444 816 illud
1499 752 1697 813 lumen
1726 771 1757 812 ιι
1791 752 1964 812 theo-

320 841 468 921 logis
497 860 630 902 esse
663 844 1054 921 pradicatur;
1091 852 1213 905 tum
1240 842 1488 904 Tomum
1521 861 1552 902 a
1576 840 1882 902 monachis
1904 840 1964 901 in

321 931 472 992 Atho
504 930 905 993 habitantabus
935 932 1327 1012 compositum
1381 948 1679 1010 promens,
1726 947 1792 991 se
1830 948 1964 990 cum

319 1018 542 1080 sanctis
568 1022 927 1092 consentire,
960 1020 1117 1082 dicta
1164 1039 1304 1081 vero
1352 1018 1643 1082 Barlaami
1695 1035 1968 1097 perversa

317 1107 595 1186 dogmata
625 1127 756 1169 esse
792 1110 1177 1171 monstrabat.
1215 1107 1359 1170 Cum
1396 1116 1524 1187 post
1574 1108 1806 1184 longam
1839 1106 1966 1167 dis-

319 1195 688 1276 putationem
721 1197 966 1259 victoria
1015 1199 1086 1258 atl
1142 1195 1492 1276 Gregorium
1543 1204 1601 1256 et
1644 1196 1967 1256 monachos

315 1283 655 1354 inclinaret.
684 1286 1025 1348 Barlaamus
1057 1287 1285 1356 videns.
1319 1304 1437 1347 non
1469 1283 1847 1362 etl‘ugiturum
1873 1302 1959 1359 se,

316 1374 459 1455 quin
491 1375 968 1438 maledicentiam
1000 1395 1164 1437 suam
1206 1384 1266 1438 et
1295 1373 1709 1437 scurrilitatem
1746 1378 1959 1454 lueret,

314 1463 386 1523 ad
419 1483 700 1542 magnum
748 1464 1138 1526 domesticum
1185 1465 1414 1527 accedit
1456 1463 1528 1524 ab
1576 1482 1644 1525 eo
1696 1461 1964 1541 ﬂagitans

314 1553 603 1614 auxilium
638 1561 697 1615 et
728 1555 1065 1629 consilium,
1114 1573 1230 1635 quo
1260 1554 1669 1615 imminentem
1730 1570 1961 1632 panam

314 1642 615 1703 evaderet.
652 1642 891 1722 Magnus
911 1643 1270 1705 domesticus
1300 1642 1493 1705 ofﬁcia
1521 1660 1627 1702 sua
1671 1640 1959 1721 promisit,

312 1730 710 1811 hortaturque
739 1749 814 1793 ne
845 1740 1214 1812 exspectaret
1259 1739 1449 1793 atrum
1508 1730 1822 1804 calculum,
1857 1728 1962 1791 sed

314 1818 511 1899 potius
529 1818 793 1900 priorem
817 1821 943 1902 ipse
964 1820 1281 1900 inscitiam,
1302 1819 1631 1899 etagnitam
1659 1818 1962 1881 veritatem

313 1908 508 1989 palam
540 1908 846 1983 fateretur,
882 1909 1271 1971 asseutiretur
1312 1928 1445 1970 cum
1477 1907 1718 1983 sanctis,
1755 1916 1815 1969 et
1845 1906 1964 1967 ini-

314 1997 574 2059 micitias
593 2017 726 2059 cum
752 1999 1056 2059 monachis
1080 2005 1348 2079 poneret,
1365 1997 1451 2058 sic
1475 1996 1765 2057 innocuus
1787 1997 1962 2056 vitam

313 2096 539 2164 ageret,
577 2087 881 2148 monachis
910 2087 1162 2161 amicus,
1206 2086 1307 2168 qui
1336 2105 1454 2147 non
1488 2085 1772 2147 conviciis
1800 2084 1861 2146 in
1901 2103 1967 2146 se

315 2174 542 2246 elfusis,
578 2175 680 2236 sed
716 2176 1081 2255 perversitati
1113 2173 1845 2255 doctrinaecclesiastica
1863 2191 1965 2234 re-

316 2262 622 2326 sisterent.
659 2264 1006 2329 Afﬁrmabat
1036 2265 1378 2327 Barlaamus
1430 2262 1717 2345 optimum
1764 2262 1877 2324 sibi
1902 2262 1962 2324 id

315 2351 509 2413 videri
530 2352 842 2415 consilium
869 2372 883 2417 :
918 2353 1129 2415 ti'nere
1154 2363 1375 2426 tamen,
1403 2372 1477 2415 ne
1499 2350 1965 2434 postconfessio-

317 2459 457 2503 nem
486 2440 686 2522 aliqua
714 2444 1065 2504 multaretur
1086 2442 1434 2522 ignominia,
1461 2461 1592 2503 cum
1622 2439 1883 2521 probatis
1906 2447 1961 2500 et

315 2532 580 2611 receptis
602 2531 973 2611 dogmatibus
994 2551 1059 2594 se
1080 2532 1423 2613 opposuerit
1448 2552 1463 2608 ;
1490 2529 1738 2611 proinde
1759 2528 1968 2605 sijtalia

321 2638 600 2700 passurus
629 2628 805 2695 esset,
842 2621 1055 2683 melius
1086 2621 1322 2683 silentio
1341 2620 1543 2683 tulisse
1558 2617 1877 2699 judicium,
1903 2624 1965 2678 ut

322 2719 383 2772 et
412 2711 473 2770 in
506 2717 809 2789 posterum
844 2709 957 2770 sibi
985 2709 1200 2772 factam
1245 2709 1525 2790 injuriam
1576 2716 1634 2768 et
1668 2706 1962 2787 judicium

321 2797 506 2879 possit
532 2815 836 2862 revocare.
872 2797 1014 2860 Cum
1050 2816 1296 2876 magnus
1344 2797 1707 2859 domesticus
1734 2796 1963 2873 [mone-

317 2895 429 2958 ret,
465 2905 542 2948 ne
573 2887 714 2968 quid
747 2887 1039 2968 ejusmodi
1071 2905 1138 2948 se
1180 2895 1468 2968 prasente
1518 2891 1830 2958 metueret,
1864 2883 1967 2946 ille

319 2974 556 3037 medius
585 2983 746 3036 stans
789 2975 1145 3057 prateritam
1176 2974 1572 3055 ignorantiam
1621 2973 1961 3047 conﬁtetur,

2043 567 2222 639 dinis,
2259 576 2379 630 tum
2412 587 2487 631 ne
2539 568 2849 648 theologia
2898 565 3178 646 mysteria
3228 563 3489 646 profanis
3536 561 3700 641 vulgi

2045 656 2286 720 auribus
2315 657 2751 736 ingererentur,
2790 667 2914 719 tum
2946 675 3023 719 ne
3052 654 3318 717 Palamas
3340 660 3546 715 contra
3579 650 3674 712 dis

2048 753 2289 825 putante
2321 745 2632 807 Barlaamo
2663 745 3027 826 blasphema
3057 742 3343 805 doctrina
3373 739 3697 801 convince-

2046 842 2213 895 retur
2246 852 2259 897 :
2292 844 2349 896 ct
2377 835 2749 897 Barlaamum
2773 834 3232 897 condemnatum
3261 849 3379 893 non
3398 828 3553 910 quod
3580 845 3697 909 non

2048 922 2294 984 sentiret
2315 941 2383 984 ea
2406 943 2538 1004 qua
2561 923 2845 999 Palamas,
2871 922 2973 985 sed
3008 941 3076 984 ex
3098 921 3231 983 aliis
3252 919 3439 999 ipsius
3462 915 3699 996 scriptis

2049 1011 2476 1075 malevolentia
2531 1024 2591 1076 et
2624 1013 2984 1091 pertinacia,
3039 1020 3097 1073 et
3148 1011 3209 1071 in
3259 1006 3465 1090 primis
3494 1004 3694 1085 gloria

2048 1100 2406 1181 cupiditatis.
2469 1103 2788 1164 convictus.
2852 1101 3183 1163 Audiatur:
3249 1108 3412 1158 Τοῦτο
3482 1094 3537 1151 δὲ
3606 1095 3696 1151 καὶ

2046 1189 2138 1245 ’ἕνα
2170 1192 2245 1265 μὴ
2276 1189 2419 1256 δίκαις
2449 1192 2647 1252 ἀτόπου
2698 1192 2941 1270 γλώττης
2972 1193 3059 1248 καὶ
3091 1190 3309 1269 γνώμης
3340 1186 3567 1248 διδόντος
3601 1190 3693 1241 τοῦ

2048 1278 2321 1360 Βαρλαὰμ,
2396 1278 2539 1345 δίκας
2608 1282 2926 1362 βλασφήμου
2981 1302 3038 1337 τε
3097 1281 3184 1336 καὶ
3239 1279 3452 1355 ἀκαίρου
3504 1272 3692 1331 θεολο-

2044 1367 2160 1443 γίας
2220 1367 2394 1449 ὅφλων
2449 1377 2587 1451 φκνῇ
2652 1373 2738 1428 xxi
2795 1374 2822 1427 6
2882 1369 3161 1445 Παλαμᾶς,
3234 1366 3507 1421 κάντεῦθεν
3581 1362 3695 1417 ἀντὶ

2043 1460 2142 1522 τῆς
2172 1456 2534 1536 ἁρμοττούσης
2592 1474 2707 1523 τοῖς
2761 1460 3062 1539 πράγμασιν
3121 1458 3334 1536 εἰρήνης
3389 1455 3477 1510 καὶ
3532 1452 3687 1508 εὔτα-

2045 1542 2174 1616 ξίας,
2248 1545 2461 1626 θόρυϐος
2540 1548 2756 1626 γένηται
2824 1551 2912 1605 καὶ
2985 1546 3310 1625 ἀτέκμαρτος
3381 1543 3638 1621 σύγχυσις
3672 1554 3685 1568 ⁸

2045 1632 2159 1690 ὅθεν
2190 1637 2253 1693 τὰ
2280 1642 2376 1704 τῆς
2425 1639 2591 1718 εὐχῆς
2636 1641 2707 1702 εἷς
2761 1638 2919 1714 μέσον
2977 1637 3171 1694 ἐτίθετο
3206 1652 3218 1664 ·
3279 1635 3343 1690 τὰ
3375 1630 3429 1688 δὲ
3460 1636 3557 1697 τῆς
3585 1635 3689 1685 τῶν

2048 1723 2432 1781 Μασσχλιανῶν
2486 1716 2730 1807 οιῖρέσεως
2787 1728 2871 1784 ἐπὶ
2937 1727 3142 1789 τούτοις
3199 1722 3531 1803 ἐγκλήματα,
3593 1716 3690 1773 ὅσα

2048 1814 2182 1868 κατὰ
2211 1821 2300 1871 τσό
2329 1815 2555 1891 Παλαμά
2597 1818 2948 1897 προῦτείνετο,
2999 1817 3268 1895 ὑπέρθεσιν
3317 1814 3388 1875 εἷς
3436 1808 3691 1889 βραχείας

2050 1900 2211 1981 ἔσχον
2235 1903 2436 1983 ἡμέρας
2462 1921 2475 1934 ⁹
2536 1909 2622 1963 καὶ
2651 1908 2695 1964 εἰ
2725 1909 2801 1983 μὴ
2832 1911 2859 1964 6
2888 1917 2980 1966 τοῦ
3009 1904 3266 1983 βασιλέως
3316 1901 3497 1958 εἵπετο
3526 1897 3693 1954 κατό-

2047 2013 2137 2046 πιν
2167 1990 2414 2073 αἰφνίδιος
2469 1995 2712 2076 θάνατος,
2772 1998 2910 2076 ταχὺ
2960 1997 3021 2053 τὸ
3072 1994 3233 2073 πέρας
3281 1988 3573 2065 ἐλάμϐανον
3630 1983 3693 2040 ἂν

2047 2084 2100 2137 αἱ
2129 2084 2287 2142 αὐτοῦ
2333 2083 2547 2165 σφοδραὶ
2596 2089 2731 2143 κατὰ
2771 2093 2869 2154 τῆς
2924 2086 3168 2165 αἱρέσεως
3216 2089 3315 2149 τῆς
3376 2078 3691 2154 Παλαμικῆς

2047 2169 2377 2250 ἐπαγγελίαι.
2412 2174 2549 2253 Λέγο
2596 2174 2661 2241 δὴ
2703 2177 2799 2244 τὴν
2858 2175 3090 2251 ἐκτομὴν
3150 2177 3335 2243 αὐτῆς,
3396 2166 3693 2245 μελλούσης

2048 2258 2122 2317 ἔτι
2174 2262 2409 2341 φύεσθαι.
2468 2267 2568 2323 Καὶ
2617 2265 2709 2322 ἵνα
2766 2267 2859 2323 τὰν
2916 2265 3062 2340 μέσῳ
3115 2261 3373 2338 συντέμω,
3422 2257 3499 2334 μὴ
3557 2277 3692 2333 συγ-

2045 2352 2291 2429 χορηθεὶς
2361 2354 2389 2408 6
2460 2352 2711 2433 Βπρλαὰμ
2764 2352 3033 2419 ἀποδεϊξπιι
3090 2353 3156 2409 τὰ
3210 2345 3594 2429 προτεινόμενά
3646 2345 3694 2399 οἱ

2046 2445 2150 2495 τῶν
2216 2438 2533 2520 θεολογικῶν
2632 2442 3007 2521 ἐγκλημάτων,
3082 2439 3148 2497 δι’
3228 2438 3393 2517 ἅσπερ
3464 2434 3695 2515 ἔφθημεν

2047 2529 2315 2607 εἰρηκότες
2392 2532 2585 2606 αἰτίας,
2656 2532 2707 2598 ἐξ
2777 2533 2968 2612 ἐτέρων
3039 2531 3196 2587 αὐτοῦ
3267 2524 3695 2606 συγγραμμάτων

2044 2620 2275 2695 ἡττήθη,
2334 2624 2421 2679 καὶ
2480 2620 2802 2703 ἀπηλέγχθη
2855 2620 3307 2699 κακογνωμοσύνῃ
3375 2618 3464 2674 καὶ
3530 2617 3696 2703 αὖθι-

2045 2706 2125 2781 δίᾳ
2154 2710 2391 2774 σύνοικος
2447 2710 2545 2785 ὢν,
2603 2713 2692 2768 καὶ
2726 2702 2889 2778 ίὸόξης
2937 2707 3210 2785 δημώδους
3254 2708 3308 2770 ἐς
3355 2707 3422 2763 τὰ
3470 2702 3701 2779 μάλιστα

2047 2796 2290 2877 ἐραστής·
2304 2798 2453 2862 Tum
2464 2817 2543 2861 ne
2553 2817 2690 2863 cum
2704 2798 3069 2861 Barlaamus
3087 2798 3303 2877 inepta
3319 2791 3699 2874 loquacitatis

2048 2892 2106 2949 et
2123 2890 2345 2951 mentis
2362 2907 2569 2969 panos
2582 2890 2786 2967 lueret,
2809 2888 3094 2952 Palamas
3117 2885 3475 2967 blasphema
3497 2888 3553 2945 et
3578 2883 3695 2943 im-

2044 2986 2324 3056 portuna
2344 2979 2659 3059 theologia
2686 2997 2826 3042 reus
2853 2996 2980 3042 esse
3000 2979 3340 3041 videretur:
3367 2981 3542 3052 atque
3557 2970 3699 3032 inde

319 3064 392 3125 ob
428 3064 609 3125 stulte
638 3063 789 3125 dicta
823 3064 1052 3127 veniam
1097 3065 1267 3146 petit,
1299 3082 1388 3138 se,
1420 3081 1554 3125 cum
1585 3062 1731 3123 alios
1763 3079 1963 3151 errare
1986 3066 2173 3130 Cloco
2194 3069 2384 3146 pacis,
2407 3086 2693 3147 quamres
2708 3069 3264 3151 ﬂagitabantatque
3281 3065 3419 3128 boni
3438 3062 3692 3135 ordinis,

318 3154 683 3231 opinaretur,
716 3152 789 3214 ad
821 3172 1025 3215 eorum
1057 3171 1321 3215 errorem
1354 3151 1791 3215 emendandum
1823 3149 1963 3210 dili-

318 3240 579 3320 gentiam
611 3241 956 3305 adhibuisse
988 3262 1002 3303 :
1039 3260 1199 3304 nunc
1250 3240 1399 3302 nihil
1446 3238 1518 3301 ab
1550 3238 1623 3299 iis
1654 3237 1966 3318 dissidere,

322 3337 380 3393 et
406 3330 469 3391 in
500 3328 778 3393 Thabore
809 3331 1010 3392 lumen
1040 3330 1289 3411 gloriam
1325 3328 1425 3390 Dei
1452 3326 1731 3407 principii
1764 3344 1971 3405 exper-

322 3427 465 3494 tem,
492 3429 552 3482 et
573 3428 857 3483 aternum
880 3439 1011 3483 esse
1037 3420 1239 3482 lumen
1252 3419 1501 3481 credere
1522 3435 1611 3497 se,
1635 3425 1810 3495 atque
1830 3433 1971 3476 con--

322 3507 503 3593 literi.
535 3507 704 3570 Nunc
737 3508 1056 3588 Gregorius
1085 3528 1219 3571 cum
1253 3514 1413 3593 catu
1454 3504 1967 3593 suo_Barlaamum

322 3588 862 3678 complexiveniam
887 3596 1202 3679 prateritis
1221 3588 1538 3667 dederunt,
1554 3590 1793 3671 Deoque
1808 3589 1969 3670 pacis

324 3692 381 3748 et
398 3685 735 3749 concordia
757 3687 974 3766 gratias
1012 3694 1283 3765 egerunt.
1312 3685 1385 3747 Et
1405 3683 1514 3745 hac
1536 3681 1765 3742 ratione
1788 3698 1967 3759 syno-

324 3773 435 3836 dus
466 3774 712 3837 dimissa
743 3784 853 3839 est.
883 3775 1227 3839 Barlaamus
1250 3792 1366 3835 non
1389 3772 1489 3833 diu
1522 3778 1672 3853 post,
1705 3769 1965 3849 impera-

328 3870 452 3924 tore
508 3862 809 3939 defuncto,
867 3863 1062 3926 denuo
1120 3862 1283 3924 litem
1331 3859 1514 3934 novit,
1572 3873 1632 3920 et
1674 3854 1966 3937 judicium

328 3952 493 4015 valde
548 3953 921 4015 claudicasse
977 3951 1287 4015 clamitans
1335 3950 1398 4012 in
1445 3948 1671 4012 Italiam
1720 3944 1964 4024 aufugit.

2048 3155 2401 3219 tumultuset
2415 3160 2620 3234 ingens
2631 3157 2908 3237 confusio
2918 3155 3481 3218 oriretur.Primum
3494 3153 3698 3232 itaque

2047 3246 2309 3307 crimina
2326 3247 2695 3326 precationis
2726 3245 3250 3327 proponebantur.
3280 3241 3431 3318 Qua
3453 3258 3599 3303 vero
3619 3238 3698 3302 ad

2050 3332 2480 3396 Massalianam
2495 3335 2768 3398 haresim
2781 3343 2856 3407 ,et
2871 3353 3003 3416 qua
3014 3333 3142 3396 alia
3159 3340 3369 3395 contra
3379 3329 3696 3393 Palamam

2049 3420 2479 3500 offerebantur,
2540 3424 2951 3504 pertinebant,
2985 3426 3054 3486 in
3078 3439 3305 3503 paucos
3350 3421 3478 3483 dies
3503 3418 3702 3481 dilata

2048 3517 2221 3585 sunt;
2244 3517 2297 3572 et
2309 3513 2430 3573 nisi
2441 3529 2582 3574 mox
2595 3514 2942 3592 imperatori
2963 3530 3120 3575 mors
3134 3518 3444 3574 consecuta
3458 3511 3695 3587 fuisset.

2049 3598 2330 3661 celeriter
2344 3599 2721 3664 vehementes
2746 3604 2805 3664 in
2831 3600 3210 3664 Palamicam
3232 3600 3515 3663 haeresim
3540 3597 3696 3660 veli—

2050 3691 2304 3749 tationes
2336 3688 2623 3753 absolutae
2651 3699 2879 3753 essent:
2908 3692 3020 3753 hoc
3038 3697 3147 3766 est,
3167 3708 3239 3752 ea
3264 3706 3393 3768 qua
3413 3689 3698 3767 futurum

2048 3786 2181 3839 erat
2203 3785 2272 3839 ut
2293 3785 2638 3859 augeretur,
2663 3780 3002 3859 exstirpata
3026 3787 3152 3843 tum
3175 3772 3409 3857 fuisset.
3433 3776 3514 3838 Et
3536 3785 3601 3838 ut
3623 3792 3697 3837 ea

2045 3882 2177 3945 qua
2196 3871 2692 3948 intercesserunt,
2723 3870 3016 3943 omittam,
3051 3886 3187 3930 cum
3216 3868 3552 3930 Barlaamo
3576 3883 3699 3929 non

2050 3956 2495 4037 concederetur,
2527 3974 2675 4035 quas
2703 3957 2774 4020 ob
2803 3975 3016 4020 causas
3047 3958 3342 4031 diximus,
3379 3955 3702 4031 theologica

327 4040 649 4122 Gregorius
660 4051 862 4123 postea
878 4050 1269 4120 cognomento
1288 4038 1660 4120 Acyndynus,
1679 4033 1965 4098 Barlaami

2051 4044 2313 4107 crimina
2329 4033 2769 4119 demonstrare,
2785 4064 2863 4110 ea:
2881 4045 3021 4108 aliis
3035 4052 3164 4125 ejus
3173 4047 3415 4126 scriptis
3431 4061 3496 4107 co
3505 4060 3703 4123 mper-

323 4130 500 4210 longo
532 4131 817 4206 temporis
837 4131 1025 4212 spatio
1056 4129 1404 4210 discipulus,
1439 4127 1643 4189 eadem
1700 4131 1965 4215 conatus,

2054 4137 2151 4195 tus
2171 4138 2280 4208 est,
2311 4140 2371 4194 et
2386 4132 2826 4197 malevolentia
2857 4142 2917 4196 et
2946 4137 3311 4215 pertinacia,
3330 4135 3462 4195 etin
3486 4133 3701 4211 primis

322 4221 384 4283 in
407 4221 583 4301 plena
614 4220 838 4303 synodo
865 4221 927 4283 in
950 4221 1162 4283 eodem
1194 4219 1412 4301 templo
1436 4224 1638 4280 coacta
1666 4215 1737 4276 ab
1771 4212 1966 4276 omni-
2050 4220 2369 4301 popularis
2385 4219 2594 4301 gloria
2610 4212 3295 4303 cupiditate’damnalus
3349 4221 3536 4285 Causa
3560 4238 3700 4298 ergo

324 4312 432 4375 bus
464 4311 920 4388 condemnatur,
964 4320 1020 4374 et
1065 4319 1270 4373 contra
1314 4308 1687 4372 Barlaamum
1722 4305 1967 4385 ejusque
1990 4391 2019 4393 _
2049 4308 2340 4370 Barlaami
2372 4309 2480 4370 fuit
2501 4310 2938 4388 maledicentia,
2973 4321 3028 4375 et
3060 4330 3277 4393 procax
3299 4314 3355 4375 in
3380 4309 3701 4371 monachos

323 4409 674 4473 sectatores,
721 4408 786 4463 ut
840 4399 1151 4463 hareticos
1192 4398 1306 4462 nisi
1352 4396 1795 4478 resipiscerent,
1853 4391 3026 4481 lataDaggressio;Palatna,blasphema
3044 4391 3703 4479 etimportunatheolo-

326 4500 415 4553 est
446 4489 762 4566 sententia,
816 4498 875 4552 et
919 4490 992 4552 ab
1035 4489 1496 4552 orthodoxorum
1549 4482 1970 4546 communione

328 4594 578 4661 uterque
602 4588 964 4661 segregatus,
998 4588 1057 4640 et
1085 4579 1135 4640 si
1167 4579 1299 4659 quis
1326 4576 1476 4639 alius
1496 4574 1571 4637 de
1599 4580 1811 4635 calero
1834 4570 1971 4661 talia

330 4658 578 4731 auderet
606 4677 665 4729 et
693 4658 960 4741 Palama,
993 4658 1268 4748 aliisque,
1304 4665 1474 4742 quasi
1527 4662 1678 4723 male
1719 4660 1794 4721 de
1821 4658 1969 4720 reli-

334 4757 504 4838 gione
533 4756 934 4818 sentientibus
960 4754 1473 4831 crimeninfcrret,
1498 4759 1557 4812 et
1578 4750 1825 4838 Tomum
1866 4764 1970 4838 pro

329 4835 511 4909 veteri
539 4844 899 4925 synodorum
930 4863 1095 4907 more
1126 4841 1516 4924 compositum
1549 4837 1644 4900 cui
1673 4835 1967 4917 subscrip-

329 4933 760 5000 seratJoannes
782 4934 1116 5016 patriarcha
1138 4941 1195 4996 et
1216 4942 1336 4995 tum
1350 4936 1672 5012 prasentes
1686 4925 1973 5007 episcopi,

328 5027 665 5107 aliilpostea
686 5024 854 5086 multi
877 5023 1177 5106 prioribus
1204 5021 1427 5085 assensi
1468 5017 1968 5107 subscripserunt,

330 5105 589 5182 Palama
616 5123 675 5176 et
705 5113 1081 5176 consortibus
1110 5113 1259 5194 ejus,
1294 5129 1410 5191 quo
1440 5127 1502 5170 se
1552 5105 1966 5178 defenderent,

330 5205 727 5271 tradiderunt.
762 5204 837 5267 Et
878 5203 1002 5265 hac
1049 5202 1288 5284 quidem
1340 5200 1781 5284 Cantacuzenus
1834 5212 1969 5284 pro-

328 5296 528 5372 lixius,
587 5312 718 5375 qua
771 5293 956 5371 magis
984 5281 1281 5353 succincte
1323 5287 1537 5368 repetit
1591 5285 1652 5345 in
1683 5281 1975 5375 Proamio

330 5386 487 5466 quod
548 5373 840 5466 praeponit
897 5382 1021 5444 suis
1077 5375 1644 5466 contradictionibus
1691 5373 1977 5466 adversus

329 5460 869 5539 Hieromonachum
901 5469 1263 5532 Prochorum
1298 5465 1656 5547 Cj'donium,
1689 5460 1973 5525 Demetrii

326 5563 597 5643 fratrem,
632 5562 707 5624 de
734 5560 959 5622 lumine
988 5557 1312 5620 Thaborio.

411 5641 718 5735 Gregoras,
741 5649 848 5715 lib.
872 5665 936 5713 ιι.
964 5647 1140 5711 referl
1159 5646 1220 5710 in
1249 5663 1319 5710 ea
1346 5645 1567 5731 synodo
1596 5641 1744 5709 nihil
1772 5648 1968 5711 actum

2051 4487 2144 4567 gia
2171 4485 2325 4549 Vera
2348 4506 2523 4568 porro
2543 4508 2783 4553 narrare
2798 4490 3291 4569 nobisGregoram
3312 4491 3499 4552 habeo
3517 4488 3701 4551 exTo-

2052 4595 2147 4637 mo
2173 4578 2414 4640 Joannis
2434 4578 2804 4659 patriarcha,
2828 4581 2927 4660 qui
2948 4581 3169 4661 synodo
3203 4580 3465 4642 interluit
3493 4587 3706 4659 agente

2053 4665 2127 4726 de
2151 4665 2266 4727 alio
2289 4670 2500 4741 Tomo,
2527 4686 2703 4747 quem
2723 4686 2831 4730 nos
2853 4668 3057 4733 Grace
3081 4677 3137 4731 et
3160 4671 3364 4733 Latine
3382 4668 3699 4740 edidimus,
3774 4707 3781 4713 -

2057 4755 2141 4817 De
2157 4756 2542 4818 consensione
2559 4757 3272 4835 EcclesiaOccidentalis
3293 4764 3469 4835 atque
3489 4754 3705 4819 Orien-

2056 4845 2218 4906 talis.
2257 4843 2361 4905 lib.
2399 4861 2464 4919 II,
2497 4862 2629 4926 cap.
2666 4846 2738 4909 17
2777 4868 2789 4909 :
2826 4828 2969 4905 ⁸Ἰὲστι
2993 4849 3088 4924 μὲν
3106 4848 3210 4903 ἀπὸ
3238 4854 3331 4902 τοῦ
3347 4828 3521 4917 Ἰ²όμου
3543 4866 3702 4900 κατα·

2056 4935 2236 5014 φινὲς,
2296 4940 2371 5008 τῷ
2426 4935 2503 5010 μὴ
2560 4937 2690 5014 πρὸς
2743 4936 3032 5017 ant-£03m
3084 4937 3276 5016 κρίνειν
3336 4932 3589 5006 ἐθέλοντι,
3624 4934 3696 4995 ὡς

2056 5022 2141 5077 ἐπὶ
2171 5021 2352 5097 μόνοις
2399 5037 2516 5089 τοῖς
2567 5021 2677 5083 δυσὶ
2724 5024 3024 5106 κεφχλκίοις
3084 5025 3291 5104 ἐγένετο
3345 5025 3380 5092 ἡ
3418 5023 3586 5101 κρίσις
3616 5022 3704 5076 καί

2050 5112 2085 5178 ἦ
2113 5110 2397 5191 ἀπόφασις,
2449 5118 2527 5189 τῷ
2575 5115 2691 5194 περὶ
2730 5124 2821 5173 τοῦ
2870 5115 2923 5171 ἐν
2970 5119 3047 5188 τῷ
3094 5113 3344 5193 Θαῧωρίῳ
3397 5111 3539 5189 λέγω
3566 5110 3701 5166 θείου

2057 5201 2256 5280 φωτὸς,
2331 5202 2418 5258 καὶ
2486 5208 2563 5275 τῷ
2631 5204 2747 5281 περὶ
2818 5208 2914 5270 τῆς
2986 5203 3175 5282 εὒχῆς,
3246 5204 3318 5264 ὡς
3390 5198 3702 5274 δηλώσομεν

2057 5288 2336 5367 προϊόντες
2370 5309 2384 5325 ⁶
2430 5291 2519 5346 καὶ
2547 5288 2632 5347 ἐπ’
2680 5293 2862 5353 αὐτοῖς
2914 5303 3031 5352 τοῖς
3076 5287 3184 5344 δυσὶ
3231 5286 3535 5368 κεφαλαίοις
3565 5308 3701 5343 κατ-

2032 5374 2326 5458 Δ,εδικ.οἱσθη,
2387 5380 2474 5435 καὶ
2527 5379 2842 5460 ἀπεπέμφθη
2902 5381 2929 5434 6
2985 5375 3255 5456 Βαρλαὰμ,
3307 5379 3395 5434 καὶ
3444 5378 3504 5435 τὸ
3543 5375 3597 5432 ἐν
3626 5383 3704 5451 τῷ

2057 5466 2217 5542 Τόμῳ
2311 5467 2453 5525 τεθὲν
2550 5475 2642 5525 τοῦ
2710 5468 2969 5542 ἐπιτιμίου
3036 5466 3201 5545 Βάρος
3279 5465 3364 5522 ἐπὶ
3427 5462 3700 5546 δεφενδεύ-

2052 5575 2131 5609 σει
2191 5561 2294 5611 τῶν
2352 5553 2440 5612 δύο
2494 5557 2692 5613 τούτων
2748 5554 2899 5612 ἕνεκα
2955 5555 3129 5631 μόνων
3176 5553 3472 5636 κεφιλπιίων
3523 5552 3701 5623 ἐτέθη,

2057 5640 2276 5705 Palam
2292 5650 2376 5705 est
2392 5661 2469 5706 ea:
2481 5645 2609 5725 ipso
2631 5643 2826 5718 Tomo,
2841 5643 2967 5706 nisi
2977 5641 3114 5729 quis
3124 5660 3199 5707 ea:
3208 5644 3512 5707 individia
3523 5647 3707 5731 atque
