  <div class='ocr_page' id='page_1' title='image "/cluster/home/n/w/nwhite01/storage/ocr_20150623/120/mdp.39015008866736/164.png"; bbox 0 0 4068 6112; ppageno 0'>
   <div class='ocr_carea' id='block_1_1' title="bbox 297 330 1945 408">
    <p class='ocr_par' dir='ltr' id='par_1_1' title="bbox 297 335 1945 408">
     <span class='ocr_line' id='line_1_1' title="bbox 297 335 1945 408; baseline -0.004 -1"><span class='ocrx_word' id='word_1_1' title='bbox 297 340 413 408; x_wconf 83' lang='grc'><strong>317</strong></span> <span class='ocrx_word' id='word_1_2' title='bbox 1428 335 1687 404; x_wconf 81' lang='lat' dir='ltr'><strong>JACOBI</strong></span> <span class='ocrx_word' id='word_1_3' title='bbox 1728 336 1945 403; x_wconf 69' lang='lat' dir='ltr'><strong>PONT.</strong></span> 
     </span>
    </p>
   </div>
   <div class='ocr_carea' id='block_1_2' title="bbox 2029 330 3703 408">
    <p class='ocr_par' dir='ltr' id='par_1_2' title="bbox 2029 330 3703 404">
     <span class='ocr_line' id='line_1_2' title="bbox 2029 330 3703 404; baseline -0.004 0"><span class='ocrx_word' id='word_1_4' title='bbox 2029 338 2075 404; x_wconf 81' lang='lat' dir='ltr'><strong>il</strong></span> <span class='ocrx_word' id='word_1_5' title='bbox 2116 336 2542 403; x_wconf 78' lang='grc' dir='ltr'><strong>ΡΒιΕΕΑΤΙΟ.</strong></span> <span class='ocrx_word' id='word_1_6' title='bbox 3560 330 3679 398; x_wconf 85' lang='grc'><strong>318</strong></span> <span class='ocrx_word' id='word_1_7' title='bbox 3699 346 3703 355; x_wconf 90' lang='lat'><strong>&#39;</strong></span> 
     </span>
    </p>
   </div>
   <div class='ocr_carea' id='block_1_3' title="bbox 292 466 3674 552">
    <p class='ocr_par' dir='ltr' id='par_1_3' title="bbox 292 466 3674 552">
     <span class='ocr_line' id='line_1_3' title="bbox 292 466 3674 552; baseline -0.001 -18"><span class='ocrx_word' id='word_1_8' title='bbox 292 488 402 534; x_wconf 87' lang='lat' dir='ltr'><strong>nos</strong></span> <span class='ocrx_word' id='word_1_9' title='bbox 428 469 596 552; x_wconf 87' lang='lat' dir='ltr'><strong>apud</strong></span> <span class='ocrx_word' id='word_1_10' title='bbox 622 487 742 545; x_wconf 83' lang='lat' dir='ltr'><strong>eos,</strong></span> <span class='ocrx_word' id='word_1_11' title='bbox 768 469 877 552; x_wconf 86' lang='lat' dir='ltr'><strong>qui</strong></span> <span class='ocrx_word' id='word_1_12' title='bbox 919 467 1301 548; x_wconf 71' lang='lat' dir='ltr'><strong>Hesychastat</strong></span> <span class='ocrx_word' id='word_1_13' title='bbox 1334 466 1727 543; x_wconf 77' lang='lat' dir='ltr'><strong>dicebantur,</strong></span> <span class='ocrx_word' id='word_1_14' title='bbox 1756 467 2011 532; x_wconf 84' lang='lat' dir='ltr'><strong>velutiA</strong></span> <span class='ocrx_word' id='word_1_15' title='bbox 2112 467 2260 532; x_wconf 88' lang='lat' dir='ltr'><strong>Hinc</strong></span> <span class='ocrx_word' id='word_1_16' title='bbox 2294 469 2770 533; x_wconf 89' lang='lat' dir='ltr'><strong>concludendum</strong></span> <span class='ocrx_word' id='word_1_17' title='bbox 2802 488 3020 533; x_wconf 82' lang='lat' dir='ltr'><strong>censeo</strong></span> <span class='ocrx_word' id='word_1_18' title='bbox 3052 478 3223 534; x_wconf 83' lang='lat' dir='ltr'><strong>caute</strong></span> <span class='ocrx_word' id='word_1_19' title='bbox 3260 470 3480 552; x_wconf 87' lang='lat' dir='ltr'><strong>scripta</strong></span> <span class='ocrx_word' id='word_1_20' title='bbox 3509 470 3674 550; x_wconf 89' lang='lat' dir='ltr'><strong>ejus-</strong></span> 
     </span>
    </p>
   </div>
   <div class='ocr_carea' id='block_1_4' title="bbox 294 556 3680 643">
    <p class='ocr_par' dir='ltr' id='par_1_4' title="bbox 294 556 3680 643">
     <span class='ocr_line' id='line_1_4' title="bbox 294 556 3680 643; baseline -0.001 -20"><span class='ocrx_word' id='word_1_21' title='bbox 294 562 363 623; x_wconf 86' lang='lat' dir='ltr'><strong>in</strong></span> <span class='ocrx_word' id='word_1_22' title='bbox 380 562 633 622; x_wconf 87' lang='lat' dir='ltr'><strong>arcanis</strong></span> <span class='ocrx_word' id='word_1_23' title='bbox 681 560 930 623; x_wconf 74' lang='lat' dir='ltr'><strong>haeresis</strong></span> <span class='ocrx_word' id='word_1_24' title='bbox 968 557 1501 621; x_wconf 83' lang='lat' dir='ltr'><strong>insusurrabatur.</strong></span> <span class='ocrx_word' id='word_1_25' title='bbox 1536 556 1712 633; x_wconf 85' lang='lat' dir='ltr'><strong>Quod</strong></span> <span class='ocrx_word' id='word_1_26' title='bbox 1740 558 1945 637; x_wconf 83' lang='lat' dir='ltr'><strong>palam</strong></span> <span class='ocrx_word' id='word_1_27' title='bbox 2030 559 2191 620; x_wconf 90' lang='lat' dir='ltr'><strong>modi</strong></span> <span class='ocrx_word' id='word_1_28' title='bbox 2214 560 2502 623; x_wconf 87' lang='lat' dir='ltr'><strong>versanda</strong></span> <span class='ocrx_word' id='word_1_29' title='bbox 2524 578 2676 637; x_wconf 88' lang='lat' dir='ltr'><strong>esse,</strong></span> <span class='ocrx_word' id='word_1_30' title='bbox 2705 579 2779 623; x_wconf 92' lang='lat' dir='ltr'><strong>ne</strong></span> <span class='ocrx_word' id='word_1_31' title='bbox 2805 580 3053 634; x_wconf 81' lang='lat' dir='ltr'><strong>veneno,</strong></span> <span class='ocrx_word' id='word_1_32' title='bbox 3082 562 3239 643; x_wconf 88' lang='lat' dir='ltr'><strong>quod</strong></span> <span class='ocrx_word' id='word_1_33' title='bbox 3265 562 3373 623; x_wconf 92' lang='lat' dir='ltr'><strong>sub</strong></span> <span class='ocrx_word' id='word_1_34' title='bbox 3400 561 3515 623; x_wconf 85' lang='lat' dir='ltr'><strong>illis</strong></span> <span class='ocrx_word' id='word_1_35' title='bbox 3538 560 3680 620; x_wconf 87' lang='lat' dir='ltr'><strong>latet</strong></span> 
     </span>
    </p>
   </div>
   <div class='ocr_carea' id='block_1_5' title="bbox 292 647 3679 731">
    <p class='ocr_par' dir='ltr' id='par_1_5' title="bbox 292 647 3679 731">
     <span class='ocr_line' id='line_1_5' title="bbox 292 647 3679 731; baseline -0.001 -20"><span class='ocrx_word' id='word_1_36' title='bbox 292 650 372 712; x_wconf 80' lang='lat' dir='ltr'><strong>si&#39;</strong></span> <span class='ocrx_word' id='word_1_37' title='bbox 403 667 481 711; x_wconf 72' lang='lat' dir='ltr'><strong>ea;</strong></span> <span class='ocrx_word' id='word_1_38' title='bbox 505 648 600 711; x_wconf 85' lang='lat' dir='ltr'><strong>his</strong></span> <span class='ocrx_word' id='word_1_39' title='bbox 630 666 770 729; x_wconf 65' lang='lat' dir='ltr'><strong>quae</strong></span> <span class='ocrx_word' id='word_1_40' title='bbox 796 647 1063 729; x_wconf 81' lang='lat' dir='ltr'><strong>Symeon</strong></span> <span class='ocrx_word' id='word_1_41' title='bbox 1087 647 1337 728; x_wconf 85' lang='lat' dir='ltr'><strong>quidam</strong></span> <span class='ocrx_word' id='word_1_42' title='bbox 1361 647 1730 709; x_wconf 85' lang='lat' dir='ltr'><strong>monasterio</strong></span> <span class='ocrx_word' id='word_1_43' title='bbox 1754 647 1944 708; x_wconf 82' lang='lat' dir='ltr'><strong>Xero-</strong></span> <span class='ocrx_word' id='word_1_44' title='bbox 2029 648 2453 710; x_wconf 84' lang='lat' dir='ltr'><strong>nocentissima</strong></span> <span class='ocrx_word' id='word_1_45' title='bbox 2479 650 2710 723; x_wconf 88' lang='lat' dir='ltr'><strong>hausto,</strong></span> <span class='ocrx_word' id='word_1_46' title='bbox 2736 649 2845 711; x_wconf 90' lang='lat' dir='ltr'><strong>sub</strong></span> <span class='ocrx_word' id='word_1_47' title='bbox 2872 650 3075 730; x_wconf 81' lang='lat' dir='ltr'><strong>specie</strong></span> <span class='ocrx_word' id='word_1_48' title='bbox 3110 652 3341 731; x_wconf 86' lang='lat' dir='ltr'><strong>pietatis</strong></span> <span class='ocrx_word' id='word_1_49' title='bbox 3370 650 3679 728; x_wconf 77' lang='lat' dir='ltr'><strong>cultusque</strong></span> 
     </span>
    </p>
   </div>
   <div class='ocr_carea' id='block_1_6' title="bbox 295 735 3675 819">
    <p class='ocr_par' dir='ltr' id='par_1_6' title="bbox 295 735 3675 819">
     <span class='ocr_line' id='line_1_6' title="bbox 295 735 3675 819; baseline -0.001 -19"><span class='ocrx_word' id='word_1_50' title='bbox 295 742 455 801; x_wconf 73' lang='lat' dir='ltr'><strong>cerei</strong></span> <span class='ocrx_word' id='word_1_51' title='bbox 477 738 824 818; x_wconf 72' lang='lat' dir='ltr'><strong>praefectus,</strong></span> <span class='ocrx_word' id='word_1_52' title='bbox 845 755 1013 816; x_wconf 85' lang='lat' dir='ltr'><strong>quem</strong></span> <span class='ocrx_word' id='word_1_53' title='bbox 1037 745 1092 798; x_wconf 89' lang='lat' dir='ltr'><strong>et</strong></span> <span class='ocrx_word' id='word_1_54' title='bbox 1116 735 1763 817; x_wconf 78' lang='lat' dir='ltr'><strong>theologumjuniorem</strong></span> <span class='ocrx_word' id='word_1_55' title='bbox 1783 735 1948 797; x_wconf 82' lang='lat' dir='ltr'><strong>simi-</strong></span> <span class='ocrx_word' id='word_1_56' title='bbox 2029 736 2236 811; x_wconf 81' lang='lat' dir='ltr'><strong>divini,</strong></span> <span class='ocrx_word' id='word_1_57' title='bbox 2270 737 2329 798; x_wconf 82' lang='lat' dir='ltr'><strong>in</strong></span> <span class='ocrx_word' id='word_1_58' title='bbox 2366 739 2655 817; x_wconf 77' lang='lat' dir='ltr'><strong>pessimas</strong></span> <span class='ocrx_word' id='word_1_59' title='bbox 2686 739 2966 814; x_wconf 73' lang='lat' dir='ltr'><strong>haereses,</strong></span> <span class='ocrx_word' id='word_1_60' title='bbox 3003 749 3060 800; x_wconf 91' lang='lat' dir='ltr'><strong>et</strong></span> <span class='ocrx_word' id='word_1_61' title='bbox 3097 759 3228 819; x_wconf 84' lang='lat' dir='ltr'><strong>quae</strong></span> <span class='ocrx_word' id='word_1_62' title='bbox 3259 737 3578 800; x_wconf 75' lang='lat' dir='ltr'><strong>difﬁculter</strong></span> <span class='ocrx_word' id='word_1_63' title='bbox 3604 754 3675 796; x_wconf 82' lang='lat' dir='ltr'><strong>ex</strong></span> 
     </span>
    </p>
   </div>
   <div class='ocr_carea' id='block_1_7' title="bbox 295 822 3675 908">
    <p class='ocr_par' dir='ltr' id='par_1_7' title="bbox 295 822 3675 908">
     <span class='ocr_line' id='line_1_7' title="bbox 295 822 3675 908; baseline -0.001 -22"><span class='ocrx_word' id='word_1_64' title='bbox 295 825 444 888; x_wconf 84' lang='lat' dir='ltr'><strong>tium</strong></span> <span class='ocrx_word' id='word_1_65' title='bbox 476 834 690 906; x_wconf 74' lang='lat' dir='ltr'><strong>mysta:</strong></span> <span class='ocrx_word' id='word_1_66' title='bbox 714 832 769 888; x_wconf 91' lang='lat' dir='ltr'><strong>et</strong></span> <span class='ocrx_word' id='word_1_67' title='bbox 796 825 1140 905; x_wconf 83' lang='lat' dir='ltr'><strong>mystagogi</strong></span> <span class='ocrx_word' id='word_1_68' title='bbox 1183 827 1651 904; x_wconf 80' lang='lat' dir='ltr'><strong>inscripserunt,</strong></span> <span class='ocrx_word' id='word_1_69' title='bbox 1705 825 1768 884; x_wconf 82' lang='lat' dir='ltr'><strong>in</strong></span> <span class='ocrx_word' id='word_1_70' title='bbox 1798 824 1947 885; x_wconf 84' lang='lat' dir='ltr'><strong>aiiis</strong></span> <span class='ocrx_word' id='word_1_71' title='bbox 2028 828 2224 886; x_wconf 89' lang='lat' dir='ltr'><strong>animo</strong></span> <span class='ocrx_word' id='word_1_72' title='bbox 2256 826 2423 886; x_wconf 79' lang='lat' dir='ltr'><strong>avelli</strong></span> <span class='ocrx_word' id='word_1_73' title='bbox 2459 836 2727 906; x_wconf 80' lang='lat' dir='ltr'><strong>possunt,</strong></span> <span class='ocrx_word' id='word_1_74' title='bbox 2777 827 3034 889; x_wconf 83' lang='lat' dir='ltr'><strong>lectores</strong></span> <span class='ocrx_word' id='word_1_75' title='bbox 3080 828 3483 908; x_wconf 79' lang='lat' dir='ltr'><strong>prolabantur,</strong></span> <span class='ocrx_word' id='word_1_76' title='bbox 3516 822 3675 906; x_wconf 91' lang='lat' dir='ltr'><strong>quod</strong></span> 
     </span>
    </p>
   </div>
   <div class='ocr_carea' id='block_1_8' title="bbox 295 912 1945 996">
    <p class='ocr_par' dir='ltr' id='par_1_8' title="bbox 295 912 1945 996">
     <span class='ocr_line' id='line_1_8' title="bbox 295 912 1945 996; baseline -0.004 -18"><span class='ocrx_word' id='word_1_77' title='bbox 295 916 558 996; x_wconf 78' lang='lat' dir='ltr'><strong>scriptis,</strong></span> <span class='ocrx_word' id='word_1_78' title='bbox 572 918 700 976; x_wconf 84' lang='lat' dir='ltr'><strong>suis</strong></span> <span class='ocrx_word' id='word_1_79' title='bbox 712 913 901 977; x_wconf 69' lang='lat' dir='ltr'><strong>multa</strong></span> <span class='ocrx_word' id='word_1_80' title='bbox 916 913 1261 994; x_wconf 78' lang='lat' dir='ltr'><strong>blaspheme</strong></span> <span class='ocrx_word' id='word_1_81' title='bbox 1271 915 1648 992; x_wconf 80' lang='lat' dir='ltr'><strong>profanaque</strong></span> <span class='ocrx_word' id='word_1_82' title='bbox 1663 912 1945 987; x_wconf 80' lang='lat' dir='ltr'><strong>tradidit,</strong></span> 
     </span>
    </p>
   </div>
   <div class='ocr_carea' id='block_1_9' title="bbox 294 1002 1947 1085">
    <p class='ocr_par' dir='ltr' id='par_1_9' title="bbox 294 1002 1947 1085">
     <span class='ocr_line' id='line_1_9' title="bbox 294 1002 1947 1085; baseline -0.003 -19"><span class='ocrx_word' id='word_1_83' title='bbox 294 1006 405 1066; x_wconf 87' lang='lat' dir='ltr'><strong>sed</strong></span> <span class='ocrx_word' id='word_1_84' title='bbox 424 1005 811 1085; x_wconf 86' lang='lat' dir='ltr'><strong>potissimum</strong></span> <span class='ocrx_word' id='word_1_85' title='bbox 841 1005 906 1065; x_wconf 88' lang='lat' dir='ltr'><strong>in</strong></span> <span class='ocrx_word' id='word_1_86' title='bbox 937 1020 1115 1083; x_wconf 85' lang='lat' dir='ltr'><strong>opere</strong></span> <span class='ocrx_word' id='word_1_87' title='bbox 1148 1002 1236 1064; x_wconf 88' lang='lat' dir='ltr'><strong>De</strong></span> <span class='ocrx_word' id='word_1_88' title='bbox 1273 1003 1595 1065; x_wconf 77' lang='lat' dir='ltr'><strong>sobrietate</strong></span> <span class='ocrx_word' id='word_1_89' title='bbox 1644 1010 1699 1064; x_wconf 86' lang='lat' dir='ltr'><strong>et</strong></span> <span class='ocrx_word' id='word_1_90' title='bbox 1742 1007 1947 1063; x_wconf 83' lang='lat' dir='ltr'><strong>atten-</strong></span> 
     </span>
    </p>
   </div>
   <div class='ocr_carea' id='block_1_10' title="bbox 294 1088 1944 1168">
    <p class='ocr_par' dir='ltr' id='par_1_10' title="bbox 294 1088 1944 1168">
     <span class='ocr_line' id='line_1_10' title="bbox 294 1088 1944 1168; baseline -0.005 -14"><span class='ocrx_word' id='word_1_91' title='bbox 294 1094 462 1155; x_wconf 81' lang='lat' dir='ltr'><strong>tione</strong></span> <span class='ocrx_word' id='word_1_92' title='bbox 488 1091 614 1153; x_wconf 73' lang='lat' dir='ltr'><strong>ltaec</strong></span> <span class='ocrx_word' id='word_1_93' title='bbox 644 1092 866 1153; x_wconf 76' lang='lat' dir='ltr'><strong>habet:</strong></span> <span class='ocrx_word' id='word_1_94' title='bbox 904 1109 933 1149; x_wconf 83' lang='grc'>‹</span> <span class='ocrx_word' id='word_1_95' title='bbox 989 1090 1135 1153; x_wconf 81' lang='lat' dir='ltr'><strong>Sede</strong></span> <span class='ocrx_word' id='word_1_96' title='bbox 1184 1091 1249 1152; x_wconf 79' lang='lat' dir='ltr'><strong>in</strong></span> <span class='ocrx_word' id='word_1_97' title='bbox 1296 1107 1418 1151; x_wconf 88' lang='lat' dir='ltr'><strong>uno</strong></span> <span class='ocrx_word' id='word_1_98' title='bbox 1464 1088 1710 1168; x_wconf 84' lang='lat' dir='ltr'><strong>angulo,</strong></span> <span class='ocrx_word' id='word_1_99' title='bbox 1747 1113 1775 1144; x_wconf 81' lang='lat'><strong><em>»</em></strong></span> <span class='ocrx_word' id='word_1_100' title='bbox 1829 1096 1944 1149; x_wconf 86' lang='lat' dir='ltr'><strong>etc.</strong></span> 
     </span>
    </p>
   </div>
   <div class='ocr_carea' id='block_1_11' title="bbox 292 1175 1945 1260">
    <p class='ocr_par' dir='ltr' id='par_1_11' title="bbox 292 1175 1945 1260">
     <span class='ocr_line' id='line_1_11' title="bbox 292 1175 1945 1260; baseline -0.004 -18"><span class='ocrx_word' id='word_1_101' title='bbox 292 1179 448 1242; x_wconf 83' lang='lat' dir='ltr'><strong>Hinc</strong></span> <span class='ocrx_word' id='word_1_102' title='bbox 475 1177 727 1260; x_wconf 84' lang='lat' dir='ltr'><strong>Symeon</strong></span> <span class='ocrx_word' id='word_1_103' title='bbox 783 1178 895 1240; x_wconf 88' lang='lat' dir='ltr'><strong>iste</strong></span> <span class='ocrx_word' id='word_1_104' title='bbox 939 1178 1189 1257; x_wconf 79' lang='lat' dir='ltr'><strong>singulis</strong></span> <span class='ocrx_word' id='word_1_105' title='bbox 1238 1179 1464 1259; x_wconf 80' lang='lat' dir='ltr'><strong>paginis</strong></span> <span class='ocrx_word' id='word_1_106' title='bbox 1512 1177 1726 1258; x_wconf 84' lang='lat' dir='ltr'><strong>saepius</strong></span> <span class='ocrx_word' id='word_1_107' title='bbox 1774 1186 1832 1239; x_wconf 90' lang='lat' dir='ltr'><strong>et</strong></span> <span class='ocrx_word' id='word_1_108' title='bbox 1875 1175 1945 1237; x_wconf 86' lang='lat' dir='ltr'><strong>ad</strong></span> 
     </span>
    </p>
   </div>
   <div class='ocr_carea' id='block_1_12' title="bbox 297 1265 1943 1346">
    <p class='ocr_par' dir='ltr' id='par_1_12' title="bbox 297 1265 1943 1346">
     <span class='ocr_line' id='line_1_12' title="bbox 297 1265 1943 1346; baseline -0.004 -15"><span class='ocrx_word' id='word_1_109' title='bbox 297 1286 582 1331; x_wconf 75' lang='lat' dir='ltr'><strong>nauseam</strong></span> <span class='ocrx_word' id='word_1_110' title='bbox 611 1267 870 1329; x_wconf 85' lang='lat' dir='ltr'><strong>inculcat</strong></span> <span class='ocrx_word' id='word_1_111' title='bbox 926 1267 1397 1329; x_wconf 82' lang='lat' dir='ltr'><strong>illuminationes</strong></span> <span class='ocrx_word' id='word_1_112' title='bbox 1442 1265 1693 1346; x_wconf 85' lang='lat' dir='ltr'><strong>divinas,</strong></span> <span class='ocrx_word' id='word_1_113' title='bbox 1741 1266 1943 1327; x_wconf 87' lang='lat' dir='ltr'><strong>lumen</strong></span> 
     </span>
    </p>
   </div>
   <div class='ocr_carea' id='block_1_13' title="bbox 294 1355 1940 1433">
    <p class='ocr_par' dir='ltr' id='par_1_13' title="bbox 294 1355 1940 1433">
     <span class='ocr_line' id='line_1_13' title="bbox 294 1355 1940 1433; baseline -0.003 -13"><span class='ocrx_word' id='word_1_114' title='bbox 294 1357 588 1433; x_wconf 85' lang='lat' dir='ltr'><strong>divinum,</strong></span> <span class='ocrx_word' id='word_1_115' title='bbox 612 1356 859 1418; x_wconf 85' lang='lat' dir='ltr'><strong>uniones</strong></span> <span class='ocrx_word' id='word_1_116' title='bbox 882 1356 1136 1431; x_wconf 84' lang='lat' dir='ltr'><strong>divinas,</strong></span> <span class='ocrx_word' id='word_1_117' title='bbox 1169 1356 1420 1418; x_wconf 81' lang='lat' dir='ltr'><strong>uniones</strong></span> <span class='ocrx_word' id='word_1_118' title='bbox 1442 1355 1787 1417; x_wconf 84' lang='lat' dir='ltr'><strong>essentiales</strong></span> <span class='ocrx_word' id='word_1_119' title='bbox 1808 1373 1940 1416; x_wconf 90' lang='lat' dir='ltr'><strong>cum</strong></span> 
     </span>
    </p>
   </div>
   <div class='ocr_carea' id='block_1_14' title="bbox 294 1444 1943 1525">
    <p class='ocr_par' dir='ltr' id='par_1_14' title="bbox 294 1444 1943 1525">
     <span class='ocr_line' id='line_1_14' title="bbox 294 1444 1943 1525; baseline -0.004 -14"><span class='ocrx_word' id='word_1_120' title='bbox 294 1451 443 1521; x_wconf 87' lang='lat' dir='ltr'><strong>Deo,</strong></span> <span class='ocrx_word' id='word_1_121' title='bbox 478 1455 536 1508; x_wconf 90' lang='lat' dir='ltr'><strong>et</strong></span> <span class='ocrx_word' id='word_1_122' title='bbox 564 1454 842 1508; x_wconf 79' lang='lat' dir='ltr'><strong>sexcenta</strong></span> <span class='ocrx_word' id='word_1_123' title='bbox 892 1446 1005 1507; x_wconf 85' lang='lat' dir='ltr'><strong>alia</strong></span> <span class='ocrx_word' id='word_1_124' title='bbox 1056 1445 1296 1507; x_wconf 85' lang='lat' dir='ltr'><strong>similia.</strong></span> <span class='ocrx_word' id='word_1_125' title='bbox 1333 1444 1450 1507; x_wconf 89' lang='lat' dir='ltr'><strong>Sed</strong></span> <span class='ocrx_word' id='word_1_126' title='bbox 1485 1444 1616 1525; x_wconf 85' lang='lat' dir='ltr'><strong>quis</strong></span> <span class='ocrx_word' id='word_1_127' title='bbox 1648 1445 1749 1506; x_wconf 91' lang='lat' dir='ltr'><strong>illa</strong></span> <span class='ocrx_word' id='word_1_128' title='bbox 1775 1464 1943 1524; x_wconf 61' lang='lat' dir='ltr'><strong>aequo</strong></span> 
     </span>
    </p>
   </div>
   <div class='ocr_carea' id='block_1_15' title="bbox 291 1533 1947 1616">
    <p class='ocr_par' dir='ltr' id='par_1_15' title="bbox 291 1533 1947 1616">
     <span class='ocr_line' id='line_1_15' title="bbox 291 1533 1947 1616; baseline -0.004 -19"><span class='ocrx_word' id='word_1_129' title='bbox 291 1536 496 1598; x_wconf 90' lang='lat' dir='ltr'><strong>animo</strong></span> <span class='ocrx_word' id='word_1_130' title='bbox 553 1535 722 1611; x_wconf 78' lang='lat' dir='ltr'><strong>feret,</strong></span> <span class='ocrx_word' id='word_1_131' title='bbox 786 1543 848 1595; x_wconf 92' lang='lat' dir='ltr'><strong>ut</strong></span> <span class='ocrx_word' id='word_1_132' title='bbox 898 1535 1129 1616; x_wconf 76' lang='lat' dir='ltr'><strong>reliqua</strong></span> <span class='ocrx_word' id='word_1_133' title='bbox 1166 1534 1402 1595; x_wconf 86' lang='lat' dir='ltr'><strong>silentio</strong></span> <span class='ocrx_word' id='word_1_134' title='bbox 1451 1533 1764 1607; x_wconf 75' lang='lat' dir='ltr'><strong>involvam,</strong></span> <span class='ocrx_word' id='word_1_135' title='bbox 1818 1550 1947 1612; x_wconf 66' lang='lat' dir='ltr'><strong>qua:</strong></span> 
     </span>
    </p>
   </div>
   <div class='ocr_carea' id='block_1_16' title="bbox 291 1609 1946 1701">
    <p class='ocr_par' dir='ltr' id='par_1_16' title="bbox 291 1609 1946 1701">
     <span class='ocr_line' id='line_1_16' title="bbox 291 1609 1946 1701; baseline -0.006 -14"><span class='ocrx_word' id='word_1_136' title='bbox 291 1625 593 1688; x_wconf 89' lang='lat' dir='ltr'><strong>habentur</strong></span> <span class='ocrx_word' id='word_1_137' title='bbox 622 1609 772 1689; x_wconf 62' lang='lat' dir='ltr'><strong>orat.</strong></span> <span class='ocrx_word' id='word_1_138' title='bbox 805 1626 882 1683; x_wconf 73' lang='lat'><strong>9.7</strong></span> <span class='ocrx_word' id='word_1_139' title='bbox 919 1641 932 1685; x_wconf 75' lang='grc' dir='ltr'>ε</span> <span class='ocrx_word' id='word_1_140' title='bbox 966 1609 1148 1683; x_wconf 55' lang='lat' dir='ltr'><strong>“st-106</strong></span> <span class='ocrx_word' id='word_1_141' title='bbox 1199 1625 1459 1698; x_wconf 66' lang='grc' dir='ltr'><strong>θλιύματος</strong></span> <span class='ocrx_word' id='word_1_142' title='bbox 1488 1622 1502 1682; x_wconf 86' lang='lat'>!</span> <span class='ocrx_word' id='word_1_143' title='bbox 1555 1621 1636 1678; x_wconf 80' lang='grc' dir='ltr'><strong>ὅτι</strong></span> <span class='ocrx_word' id='word_1_144' title='bbox 1680 1609 1946 1701; x_wconf 51' lang='lat' dir='ltr'><strong>timene—7:0;</strong></span> 
     </span>
    </p>
   </div>
   <div class='ocr_carea' id='block_1_17' title="bbox 293 1711 1945 1793">
    <p class='ocr_par' dir='ltr' id='par_1_17' title="bbox 293 1711 1945 1793">
     <span class='ocr_line' id='line_1_17' title="bbox 293 1711 1945 1793; baseline -0.005 -20"><span class='ocrx_word' id='word_1_145' title='bbox 293 1716 502 1773; x_wconf 72' lang='grc' dir='ltr'><strong>ἑνοῦται</strong></span> <span class='ocrx_word' id='word_1_146' title='bbox 533 1721 903 1788; x_wconf 73' lang='grc' dir='ltr'>πνευματικῶς</span> <span class='ocrx_word' id='word_1_147' title='bbox 926 1716 1015 1770; x_wconf 73' lang='grc' dir='ltr'>καὶ</span> <span class='ocrx_word' id='word_1_148' title='bbox 1036 1718 1377 1793; x_wconf 56' lang='grc' dir='ltr'><strong>σωματικῶς⁵</strong></span> <span class='ocrx_word' id='word_1_149' title='bbox 1408 1712 1561 1791; x_wconf 79' lang='grc' dir='ltr'>εἴπερ</span> <span class='ocrx_word' id='word_1_150' title='bbox 1583 1711 1641 1768; x_wconf 77' lang='grc' dir='ltr'>οὗ</span> <span class='ocrx_word' id='word_1_151' title='bbox 1665 1712 1945 1791; x_wconf 71' lang='grc' dir='ltr'><strong>χωρὲζεται</strong></span> 
     </span>
    </p>
   </div>
   <div class='ocr_carea' id='block_1_18' title="bbox 291 1797 1946 1882">
    <p class='ocr_par' dir='ltr' id='par_1_18' title="bbox 291 1797 1946 1882">
     <span class='ocr_line' id='line_1_18' title="bbox 291 1797 1946 1882; baseline -0.005 -19"><span class='ocrx_word' id='word_1_152' title='bbox 291 1813 388 1863; x_wconf 79' lang='grc' dir='ltr'>τοῦ</span> <span class='ocrx_word' id='word_1_153' title='bbox 417 1812 507 1861; x_wconf 80' lang='grc' dir='ltr'>νοῦ</span> <span class='ocrx_word' id='word_1_154' title='bbox 534 1804 570 1870; x_wconf 81' lang='grc' dir='ltr'>ἡ</span> <span class='ocrx_word' id='word_1_155' title='bbox 602 1803 778 1882; x_wconf 67' lang='grc' dir='ltr'>ψυχὴ,</span> <span class='ocrx_word' id='word_1_156' title='bbox 831 1800 948 1858; x_wconf 71' lang='grc' dir='ltr'>οὗδὶ</span> <span class='ocrx_word' id='word_1_157' title='bbox 992 1808 1088 1869; x_wconf 76' lang='grc' dir='ltr'><strong>τῆς</strong></span> <span class='ocrx_word' id='word_1_158' title='bbox 1144 1807 1327 1882; x_wconf 76' lang='grc' dir='ltr'>ψυχῆς</span> <span class='ocrx_word' id='word_1_159' title='bbox 1378 1803 1438 1857; x_wconf 82' lang='grc' dir='ltr'><strong>τὸ</strong></span> <span class='ocrx_word' id='word_1_160' title='bbox 1484 1807 1664 1876; x_wconf 68' lang='grc' dir='ltr'><strong>σῶμα,</strong></span> <span class='ocrx_word' id='word_1_161' title='bbox 1713 1797 1849 1855; x_wconf 78' lang='grc' dir='ltr'>ἀλλὰ</span> <span class='ocrx_word' id='word_1_162' title='bbox 1879 1804 1946 1875; x_wconf 78' lang='grc' dir='ltr'><strong>τῇ</strong></span> 
     </span>
    </p>
   </div>
   <div class='ocr_carea' id='block_1_19' title="bbox 294 1890 1946 1971">
    <p class='ocr_par' dir='ltr' id='par_1_19' title="bbox 294 1890 1946 1971">
     <span class='ocr_line' id='line_1_19' title="bbox 294 1890 1946 1971; baseline -0.004 -21"><span class='ocrx_word' id='word_1_163' title='bbox 294 1890 561 1955; x_wconf 74' lang='grc' dir='ltr'><strong>οὐσιωδῶς</strong></span> <span class='ocrx_word' id='word_1_164' title='bbox 593 1893 776 1947; x_wconf 78' lang='grc' dir='ltr'>ἐνώσει</span> <span class='ocrx_word' id='word_1_165' title='bbox 808 1893 1003 1969; x_wconf 67' lang='grc' dir='ltr'><strong>γίνεται</strong></span> <span class='ocrx_word' id='word_1_166' title='bbox 1032 1892 1459 1971; x_wconf 59' lang='grc' dir='ltr'>ερισυπόστατος</span> <span class='ocrx_word' id='word_1_167' title='bbox 1507 1890 1643 1947; x_wconf 71' lang='grc' dir='ltr'>κατὰ</span> <span class='ocrx_word' id='word_1_168' title='bbox 1672 1890 1829 1969; x_wconf 84' lang='grc' dir='ltr'>χάριν</span> <span class='ocrx_word' id='word_1_169' title='bbox 1858 1890 1946 1944; x_wconf 67' lang='grc' dir='ltr'><strong>κπιὶ</strong></span> 
     </span>
    </p>
   </div>
   <div class='ocr_carea' id='block_1_20' title="bbox 292 1979 1947 2060">
    <p class='ocr_par' dir='ltr' id='par_1_20' title="bbox 292 1979 1947 2060">
     <span class='ocr_line' id='line_1_20' title="bbox 292 1979 1947 2060; baseline -0.004 -20"><span class='ocrx_word' id='word_1_170' title='bbox 292 1984 322 2040; x_wconf 80' lang='grc' dir='ltr'>ὁ</span> <span class='ocrx_word' id='word_1_171' title='bbox 352 1979 627 2060; x_wconf 74' lang='grc' dir='ltr'>ἄνθρωπος</span> <span class='ocrx_word' id='word_1_172' title='bbox 660 1980 745 2044; x_wconf 75' lang='grc' dir='ltr'><strong>εἷς</strong></span> <span class='ocrx_word' id='word_1_173' title='bbox 776 1980 911 2037; x_wconf 81' lang='grc' dir='ltr'>θέσει</span> <span class='ocrx_word' id='word_1_174' title='bbox 946 1982 1096 2051; x_wconf 83' lang='grc' dir='ltr'>Θεὸς,</span> <span class='ocrx_word' id='word_1_175' title='bbox 1150 1980 1211 2037; x_wconf 84' lang='grc' dir='ltr'>ἐκ</span> <span class='ocrx_word' id='word_1_176' title='bbox 1256 1979 1500 2055; x_wconf 65' lang='grc' dir='ltr'><strong>σώματος</strong></span> <span class='ocrx_word' id='word_1_177' title='bbox 1532 1980 1619 2035; x_wconf 77' lang='grc' dir='ltr'><strong>καὶ</strong></span> <span class='ocrx_word' id='word_1_178' title='bbox 1648 1983 1831 2058; x_wconf 75' lang='grc' dir='ltr'>ψυχῆς</span> <span class='ocrx_word' id='word_1_179' title='bbox 1863 1979 1947 2034; x_wconf 83' lang='grc' dir='ltr'>καὶ</span> 
     </span>
    </p>
   </div>
   <div class='ocr_carea' id='block_1_21' title="bbox 292 2066 1945 2150">
    <p class='ocr_par' dir='ltr' id='par_1_21' title="bbox 292 2066 1945 2150">
     <span class='ocr_line' id='line_1_21' title="bbox 292 2066 1945 2150; baseline -0.003 -22"><span class='ocrx_word' id='word_1_180' title='bbox 292 2072 455 2149; x_wconf 68' lang='grc' dir='ltr'>οὗπερ</span> <span class='ocrx_word' id='word_1_181' title='bbox 489 2068 772 2150; x_wconf 78' lang='grc' dir='ltr'>μετείληφε</span> <span class='ocrx_word' id='word_1_182' title='bbox 800 2069 938 2126; x_wconf 82' lang='grc' dir='ltr'>θείου</span> <span class='ocrx_word' id='word_1_183' title='bbox 969 2069 1295 2145; x_wconf 70' lang='grc' dir='ltr'><strong>Πνεύματος,</strong></span> <span class='ocrx_word' id='word_1_184' title='bbox 1338 2070 1423 2124; x_wconf 69' lang='grc' dir='ltr'><strong>καὶ</strong></span> <span class='ocrx_word' id='word_1_185' title='bbox 1464 2066 1756 2148; x_wconf 66' lang='grc' dir='ltr'><strong>πληροῦτκι</strong></span> <span class='ocrx_word' id='word_1_186' title='bbox 1786 2089 1945 2134; x_wconf 83' lang='grc' dir='ltr'>τηνι-</span> 
     </span>
    </p>
   </div>
   <div class='ocr_carea' id='block_1_22' title="bbox 2030 913 3673 994">
    <p class='ocr_par' dir='ltr' id='par_1_22' title="bbox 2030 913 3673 994">
     <span class='ocr_line' id='line_1_22' title="bbox 2030 913 3673 994; baseline -0.001 -20"><span class='ocrx_word' id='word_1_187' title='bbox 2030 914 2394 994; x_wconf 77' lang='lat' dir='ltr'><strong>temporibus</strong></span> <span class='ocrx_word' id='word_1_188' title='bbox 2428 915 2699 990; x_wconf 75' lang='lat' dir='ltr'><strong>Palamze,</strong></span> <span class='ocrx_word' id='word_1_189' title='bbox 2726 917 2980 978; x_wconf 82' lang='lat' dir='ltr'><strong>maxime</strong></span> <span class='ocrx_word' id='word_1_190' title='bbox 3004 916 3312 994; x_wconf 75' lang='lat' dir='ltr'><strong>reiigionis</strong></span> <span class='ocrx_word' id='word_1_191' title='bbox 3334 934 3453 977; x_wconf 64' lang='lat' dir='ltr'><strong>sua;</strong></span> <span class='ocrx_word' id='word_1_192' title='bbox 3482 913 3673 976; x_wconf 88' lang='lat' dir='ltr'><strong>detri—</strong></span> 
     </span>
    </p>
   </div>
   <div class='ocr_carea' id='block_1_23' title="bbox 2030 1003 3675 1086">
    <p class='ocr_par' dir='ltr' id='par_1_23' title="bbox 2030 1003 3675 1086">
     <span class='ocr_line' id='line_1_23' title="bbox 2030 1003 3675 1086; baseline -0.001 -23"><span class='ocrx_word' id='word_1_193' title='bbox 2030 1011 2228 1064; x_wconf 90' lang='lat' dir='ltr'><strong>mento</strong></span> <span class='ocrx_word' id='word_1_194' title='bbox 2250 1004 2525 1065; x_wconf 70' lang='lat' dir='ltr'><strong>universa</strong></span> <span class='ocrx_word' id='word_1_195' title='bbox 2541 1003 2879 1067; x_wconf 56' lang='lat' dir='ltr'><strong>Graecorum</strong></span> <span class='ocrx_word' id='word_1_196' title='bbox 2893 1004 3159 1066; x_wconf 70' lang='lat' dir='ltr'><strong>Ecclesia</strong></span> <span class='ocrx_word' id='word_1_197' title='bbox 3177 1014 3419 1086; x_wconf 77' lang='lat' dir='ltr'><strong>experta</strong></span> <span class='ocrx_word' id='word_1_198' title='bbox 3431 1011 3675 1082; x_wconf 85' lang='lat' dir='ltr'><strong>est,non</strong></span> 
     </span>
    </p>
   </div>
   <div class='ocr_carea' id='block_1_24' title="bbox 2029 1092 3669 1175">
    <p class='ocr_par' dir='ltr' id='par_1_24' title="bbox 2029 1092 3669 1175">
     <span class='ocr_line' id='line_1_24' title="bbox 2029 1092 3669 1175; baseline -0.001 -23"><span class='ocrx_word' id='word_1_199' title='bbox 2029 1100 2144 1153; x_wconf 88' lang='lat' dir='ltr'><strong>tan&#39;</strong></span> <span class='ocrx_word' id='word_1_200' title='bbox 2160 1111 2257 1153; x_wconf 91' lang='lat' dir='ltr'><strong>um</strong></span> <span class='ocrx_word' id='word_1_201' title='bbox 2278 1092 2432 1172; x_wconf 91' lang='lat' dir='ltr'><strong>quod</strong></span> <span class='ocrx_word' id='word_1_202' title='bbox 2457 1092 2684 1154; x_wconf 83' lang='lat' dir='ltr'><strong>similes</strong></span> <span class='ocrx_word' id='word_1_203' title='bbox 2706 1094 2966 1155; x_wconf 65' lang='lat' dir='ltr'><strong>haereses</strong></span> <span class='ocrx_word' id='word_1_204' title='bbox 2988 1094 3147 1157; x_wconf 86' lang='lat' dir='ltr'><strong>inter</strong></span> <span class='ocrx_word' id='word_1_205' title='bbox 3161 1113 3261 1155; x_wconf 90' lang='lat' dir='ltr'><strong>eos</strong></span> <span class='ocrx_word' id='word_1_206' title='bbox 3278 1092 3669 1175; x_wconf 88' lang='lat' dir='ltr'><strong>potissimum,</strong></span> 
     </span>
    </p>
   </div>
   <div class='ocr_carea' id='block_1_25' title="bbox 2030 1180 3674 1263">
    <p class='ocr_par' dir='ltr' id='par_1_25' title="bbox 2030 1180 3674 1263">
     <span class='ocr_line' id='line_1_25' title="bbox 2030 1180 3674 1263; baseline -0.001 -22"><span class='ocrx_word' id='word_1_207' title='bbox 2030 1180 2131 1261; x_wconf 89' lang='lat' dir='ltr'><strong>qui</strong></span> <span class='ocrx_word' id='word_1_208' title='bbox 2163 1180 2413 1241; x_wconf 87' lang='lat' dir='ltr'><strong>aliorum</strong></span> <span class='ocrx_word' id='word_1_209' title='bbox 2448 1183 2724 1243; x_wconf 84' lang='lat' dir='ltr'><strong>ductores</strong></span> <span class='ocrx_word' id='word_1_210' title='bbox 2765 1190 2934 1243; x_wconf 88' lang='lat' dir='ltr'><strong>erant</strong></span> <span class='ocrx_word' id='word_1_211' title='bbox 2983 1183 3055 1244; x_wconf 86' lang='lat' dir='ltr'><strong>ad</strong></span> <span class='ocrx_word' id='word_1_212' title='bbox 3108 1183 3408 1262; x_wconf 79' lang='lat' dir='ltr'><strong>pietatem,</strong></span> <span class='ocrx_word' id='word_1_213' title='bbox 3461 1180 3674 1263; x_wconf 84' lang='lat' dir='ltr'><strong>pedem</strong></span> 
     </span>
    </p>
   </div>
   <div class='ocr_carea' id='block_1_26' title="bbox 2026 1269 3679 1350">
    <p class='ocr_par' dir='ltr' id='par_1_26' title="bbox 2026 1269 3679 1350">
     <span class='ocr_line' id='line_1_26' title="bbox 2026 1269 3679 1350; baseline 0 -21"><span class='ocrx_word' id='word_1_214' title='bbox 2026 1270 2293 1340; x_wconf 78' lang='lat' dir='ltr'><strong>ﬁxerant,</strong></span> <span class='ocrx_word' id='word_1_215' title='bbox 2329 1269 2433 1331; x_wconf 88' lang='lat' dir='ltr'><strong>sed</strong></span> <span class='ocrx_word' id='word_1_216' title='bbox 2466 1290 2582 1350; x_wconf 89' lang='lat' dir='ltr'><strong>quo</strong></span> <span class='ocrx_word' id='word_1_217' title='bbox 2614 1269 2673 1330; x_wconf 92' lang='lat' dir='ltr'><strong>in</strong></span> <span class='ocrx_word' id='word_1_218' title='bbox 2707 1279 2906 1350; x_wconf 88' lang='lat' dir='ltr'><strong>partes</strong></span> <span class='ocrx_word' id='word_1_219' title='bbox 2937 1288 3004 1333; x_wconf 89' lang='lat' dir='ltr'><strong>ac</strong></span> <span class='ocrx_word' id='word_1_220' title='bbox 3060 1272 3349 1333; x_wconf 81' lang='lat' dir='ltr'><strong>factiones</strong></span> <span class='ocrx_word' id='word_1_221' title='bbox 3399 1271 3679 1332; x_wconf 88' lang='lat' dir='ltr'><strong>distracta</strong></span> 
     </span>
    </p>
   </div>
   <div class='ocr_carea' id='block_1_27' title="bbox 2026 1358 3671 1442">
    <p class='ocr_par' dir='ltr' id='par_1_27' title="bbox 2026 1358 3671 1442">
     <span class='ocr_line' id='line_1_27' title="bbox 2026 1358 3671 1442; baseline -0.001 -22"><span class='ocrx_word' id='word_1_222' title='bbox 2026 1359 2083 1420; x_wconf 90' lang='lat' dir='ltr'><strong>in</strong></span> <span class='ocrx_word' id='word_1_223' title='bbox 2116 1358 2391 1421; x_wconf 88' lang='lat' dir='ltr'><strong>inanibus</strong></span> <span class='ocrx_word' id='word_1_224' title='bbox 2437 1359 2940 1433; x_wconf 85' lang='lat' dir='ltr'><strong>contentionibus,</strong></span> <span class='ocrx_word' id='word_1_225' title='bbox 2991 1368 3048 1422; x_wconf 88' lang='lat' dir='ltr'><strong>et</strong></span> <span class='ocrx_word' id='word_1_226' title='bbox 3094 1362 3266 1442; x_wconf 89' lang='lat' dir='ltr'><strong>plane</strong></span> <span class='ocrx_word' id='word_1_227' title='bbox 3314 1361 3493 1422; x_wconf 91' lang='lat' dir='ltr'><strong>nullis</strong></span> <span class='ocrx_word' id='word_1_228' title='bbox 3542 1366 3671 1420; x_wconf 79' lang='lat' dir='ltr'><strong>asta</strong></span> 
     </span>
    </p>
   </div>
   <div class='ocr_carea' id='block_1_28' title="bbox 2029 1447 3674 1528">
    <p class='ocr_par' dir='ltr' id='par_1_28' title="bbox 2029 1447 3674 1528">
     <span class='ocr_line' id='line_1_28' title="bbox 2029 1447 3674 1528; baseline 0 -20"><span class='ocrx_word' id='word_1_229' title='bbox 2029 1447 2337 1528; x_wconf 80' lang='lat' dir='ltr'><strong>plusquam</strong></span> <span class='ocrx_word' id='word_1_230' title='bbox 2368 1447 2666 1509; x_wconf 80' lang='lat' dir='ltr'><strong>diabolica</strong></span> <span class='ocrx_word' id='word_1_231' title='bbox 2700 1449 2892 1509; x_wconf 85' lang='lat' dir='ltr'><strong>studia</strong></span> <span class='ocrx_word' id='word_1_232' title='bbox 2933 1467 3039 1511; x_wconf 78' lang='lat' dir='ltr'><strong>sua</strong></span> <span class='ocrx_word' id='word_1_233' title='bbox 3086 1451 3287 1511; x_wconf 89' lang='lat' dir='ltr'><strong>omnia</strong></span> <span class='ocrx_word' id='word_1_234' title='bbox 3333 1450 3674 1522; x_wconf 79' lang='lat' dir='ltr'><strong>conferens,</strong></span> 
     </span>
    </p>
   </div>
   <div class='ocr_carea' id='block_1_29' title="bbox 2029 1536 3674 1616">
    <p class='ocr_par' dir='ltr' id='par_1_29' title="bbox 2029 1536 3674 1616">
     <span class='ocr_line' id='line_1_29' title="bbox 2029 1536 3674 1616; baseline 0.002 -21"><span class='ocrx_word' id='word_1_235' title='bbox 2029 1555 2223 1598; x_wconf 87' lang='lat' dir='ltr'><strong>veram</strong></span> <span class='ocrx_word' id='word_1_236' title='bbox 2257 1545 2315 1598; x_wconf 91' lang='lat' dir='ltr'><strong>et</strong></span> <span class='ocrx_word' id='word_1_237' title='bbox 2344 1555 2378 1597; x_wconf 91' lang='lat' dir='ltr'><strong>a</strong></span> <span class='ocrx_word' id='word_1_238' title='bbox 2408 1536 2680 1600; x_wconf 83' lang='lat' dir='ltr'><strong>Patribus</strong></span> <span class='ocrx_word' id='word_1_239' title='bbox 2709 1545 3017 1616; x_wconf 83' lang='lat' dir='ltr'><strong>acceptam</strong></span> <span class='ocrx_word' id='word_1_240' title='bbox 3046 1538 3122 1600; x_wconf 89' lang='lat' dir='ltr'><strong>de</strong></span> <span class='ocrx_word' id='word_1_241' title='bbox 3141 1539 3319 1601; x_wconf 85' lang='lat' dir='ltr'><strong>rebus</strong></span> <span class='ocrx_word' id='word_1_242' title='bbox 3341 1538 3555 1600; x_wconf 86' lang='lat' dir='ltr'><strong>divinis</strong></span> <span class='ocrx_word' id='word_1_243' title='bbox 3573 1538 3674 1599; x_wconf 91' lang='lat' dir='ltr'><strong>do-</strong></span> 
     </span>
    </p>
   </div>
   <div class='ocr_carea' id='block_1_30' title="bbox 2031 1626 3677 1704">
    <p class='ocr_par' dir='ltr' id='par_1_30' title="bbox 2031 1626 3677 1704">
     <span class='ocr_line' id='line_1_30' title="bbox 2031 1626 3677 1704; baseline -0.001 -19"><span class='ocrx_word' id='word_1_244' title='bbox 2031 1626 2278 1686; x_wconf 85' lang='lat' dir='ltr'><strong>ctrinam</strong></span> <span class='ocrx_word' id='word_1_245' title='bbox 2314 1626 2676 1704; x_wconf 80' lang='lat' dir='ltr'><strong>perdiderat.</strong></span> <span class='ocrx_word' id='word_1_246' title='bbox 2710 1626 2784 1686; x_wconf 85' lang='lat' dir='ltr'><strong>Et</strong></span> <span class='ocrx_word' id='word_1_247' title='bbox 2817 1626 3029 1686; x_wconf 89' lang='lat' dir='ltr'><strong>mirum</strong></span> <span class='ocrx_word' id='word_1_248' title='bbox 3065 1644 3209 1688; x_wconf 78' lang='lat' dir='ltr'><strong>sane</strong></span> <span class='ocrx_word' id='word_1_249' title='bbox 3262 1637 3351 1689; x_wconf 87' lang='lat' dir='ltr'><strong>est</strong></span> <span class='ocrx_word' id='word_1_250' title='bbox 3392 1627 3549 1688; x_wconf 90' lang='lat' dir='ltr'><strong>inter</strong></span> <span class='ocrx_word' id='word_1_251' title='bbox 3591 1632 3677 1685; x_wconf 80' lang='lat' dir='ltr'><strong>tot</strong></span> 
     </span>
    </p>
   </div>
   <div class='ocr_carea' id='block_1_31' title="bbox 2030 1711 3676 1793">
    <p class='ocr_par' dir='ltr' id='par_1_31' title="bbox 2030 1711 3676 1793">
     <span class='ocr_line' id='line_1_31' title="bbox 2030 1711 3676 1793; baseline 0 -18"><span class='ocrx_word' id='word_1_252' title='bbox 2030 1713 2299 1787; x_wconf 89' lang='lat' dir='ltr'><strong>dissidia,</strong></span> <span class='ocrx_word' id='word_1_253' title='bbox 2331 1722 2390 1774; x_wconf 87' lang='lat' dir='ltr'><strong>et</strong></span> <span class='ocrx_word' id='word_1_254' title='bbox 2410 1713 2693 1775; x_wconf 88' lang='lat' dir='ltr'><strong>mentium</strong></span> <span class='ocrx_word' id='word_1_255' title='bbox 2722 1712 3049 1774; x_wconf 76' lang='lat' dir='ltr'><strong>obSIinatas</strong></span> <span class='ocrx_word' id='word_1_256' title='bbox 3072 1713 3439 1793; x_wconf 78' lang='lat' dir='ltr'><strong>agitationes,</strong></span> <span class='ocrx_word' id='word_1_257' title='bbox 3465 1715 3544 1775; x_wconf 90' lang='lat' dir='ltr'><strong>ita</strong></span> <span class='ocrx_word' id='word_1_258' title='bbox 3575 1711 3676 1792; x_wconf 77' lang='lat' dir='ltr'><strong>Sy-</strong></span> 
     </span>
    </p>
   </div>
   <div class='ocr_carea' id='block_1_32' title="bbox 1967 1801 3679 1897">
    <p class='ocr_par' dir='ltr' id='par_1_32' title="bbox 1967 1801 3679 1897">
     <span class='ocr_line' id='line_1_32' title="bbox 1967 1801 3679 1897; baseline -0.002 -33"><span class='ocrx_word' id='word_1_259' title='bbox 1967 1802 2260 1897; x_wconf 82' lang='lat' dir='ltr'><strong>Bmeonis</strong></span> <span class='ocrx_word' id='word_1_260' title='bbox 2289 1802 2463 1897; x_wconf 83' lang='lat' dir='ltr'><strong>hujus</strong></span> <span class='ocrx_word' id='word_1_261' title='bbox 2493 1801 2662 1862; x_wconf 73' lang='lat' dir='ltr'><strong>famae</strong></span> <span class='ocrx_word' id='word_1_262' title='bbox 2710 1801 3007 1897; x_wconf 71' lang='lat' dir='ltr'><strong>provisum</strong></span> <span class='ocrx_word' id='word_1_263' title='bbox 3040 1802 3243 1874; x_wconf 81' lang='lat' dir='ltr'><strong>fuisse,</strong></span> <span class='ocrx_word' id='word_1_264' title='bbox 3277 1812 3340 1864; x_wconf 93' lang='lat' dir='ltr'><strong>ut</strong></span> <span class='ocrx_word' id='word_1_265' title='bbox 3368 1803 3679 1865; x_wconf 86' lang='lat' dir='ltr'><strong>videantur</strong></span> 
     </span>
    </p>
   </div>
   <div class='ocr_carea' id='block_1_33' title="bbox 2029 1889 3674 1971">
    <p class='ocr_par' dir='ltr' id='par_1_33' title="bbox 2029 1889 3674 1971">
     <span class='ocr_line' id='line_1_33' title="bbox 2029 1889 3674 1971; baseline -0.001 -20"><span class='ocrx_word' id='word_1_266' title='bbox 2029 1908 2151 1951; x_wconf 83' lang='lat' dir='ltr'><strong>suae</strong></span> <span class='ocrx_word' id='word_1_267' title='bbox 2171 1889 2479 1952; x_wconf 59' lang='lat' dir='ltr'><strong>sententia;</strong></span> <span class='ocrx_word' id='word_1_268' title='bbox 2501 1898 2805 1952; x_wconf 83' lang='lat' dir='ltr'><strong>auctorem</strong></span> <span class='ocrx_word' id='word_1_269' title='bbox 2824 1889 3149 1967; x_wconf 85' lang='lat' dir='ltr'><strong>ignorasse,</strong></span> <span class='ocrx_word' id='word_1_270' title='bbox 3174 1910 3352 1971; x_wconf 85' lang='lat' dir='ltr'><strong>quem</strong></span> <span class='ocrx_word' id='word_1_271' title='bbox 3374 1907 3674 1971; x_wconf 90' lang='lat' dir='ltr'><strong>nunquam</strong></span> 
     </span>
    </p>
   </div>
   <div class='ocr_carea' id='block_1_34' title="bbox 2028 1977 3671 2041">
    <p class='ocr_par' dir='ltr' id='par_1_34' title="bbox 2028 1977 3671 2041">
     <span class='ocr_line' id='line_1_34' title="bbox 2028 1977 3671 2041; baseline -0.001 -1"><span class='ocrx_word' id='word_1_272' title='bbox 2028 1978 2101 2041; x_wconf 93' lang='lat' dir='ltr'><strong>de</strong></span> <span class='ocrx_word' id='word_1_273' title='bbox 2132 1979 2374 2041; x_wconf 91' lang='lat' dir='ltr'><strong>nomine</strong></span> <span class='ocrx_word' id='word_1_274' title='bbox 2407 1978 2531 2040; x_wconf 87' lang='lat' dir='ltr'><strong>fere</strong></span> <span class='ocrx_word' id='word_1_275' title='bbox 2557 1987 2793 2040; x_wconf 76' lang='lat' dir='ltr'><strong>norunt.</strong></span> <span class='ocrx_word' id='word_1_276' title='bbox 2831 1977 2902 2039; x_wconf 92' lang='lat' dir='ltr'><strong>Et</strong></span> <span class='ocrx_word' id='word_1_277' title='bbox 2938 1997 3071 2040; x_wconf 93' lang='lat' dir='ltr'><strong>cum</strong></span> <span class='ocrx_word' id='word_1_278' title='bbox 3107 1978 3268 2041; x_wconf 90' lang='lat' dir='ltr'><strong>illius</strong></span> <span class='ocrx_word' id='word_1_279' title='bbox 3320 1979 3539 2041; x_wconf 90' lang='lat' dir='ltr'><strong>mentio</strong></span> <span class='ocrx_word' id='word_1_280' title='bbox 3560 1996 3671 2039; x_wconf 91' lang='lat' dir='ltr'><strong>ne-</strong></span> 
     </span>
    </p>
   </div>
   <div class='ocr_carea' id='block_1_35' title="bbox 2029 2065 3687 2140">
    <p class='ocr_par' dir='ltr' id='par_1_35' title="bbox 2029 2065 3687 2140">
     <span class='ocr_line' id='line_1_35' title="bbox 2029 2065 3687 2140; baseline -0.002 -10"><span class='ocrx_word' id='word_1_281' title='bbox 2029 2066 2289 2130; x_wconf 90' lang='lat' dir='ltr'><strong>cessario</strong></span> <span class='ocrx_word' id='word_1_282' title='bbox 2308 2067 2659 2130; x_wconf 82' lang='lat' dir='ltr'><strong>inculcanda</strong></span> <span class='ocrx_word' id='word_1_283' title='bbox 2682 2075 2792 2139; x_wconf 91' lang='lat' dir='ltr'><strong>est,</strong></span> <span class='ocrx_word' id='word_1_284' title='bbox 2818 2066 2993 2128; x_wconf 89' lang='lat' dir='ltr'><strong>tacito</strong></span> <span class='ocrx_word' id='word_1_285' title='bbox 3019 2068 3287 2140; x_wconf 86' lang='lat' dir='ltr'><strong>nomine,</strong></span> <span class='ocrx_word' id='word_1_286' title='bbox 3314 2067 3500 2130; x_wconf 86' lang='lat' dir='ltr'><strong>titulis</strong></span> <span class='ocrx_word' id='word_1_287' title='bbox 3539 2065 3687 2128; x_wconf 77' lang='lat' dir='ltr'><strong>aliis</strong></span> 
     </span>
    </p>
   </div>
   <div class='ocr_carea' id='block_1_36' title="bbox 292 2154 1945 2238">
    <p class='ocr_par' dir='ltr' id='par_1_36' title="bbox 292 2154 1945 2238">
     <span class='ocr_line' id='line_1_36' title="bbox 292 2154 1945 2238; baseline -0.002 -22"><span class='ocrx_word' id='word_1_288' title='bbox 292 2171 463 2219; x_wconf 64' lang='grc' dir='ltr'><strong>ταῦτα</strong></span> <span class='ocrx_word' id='word_1_289' title='bbox 511 2162 574 2217; x_wconf 73' lang='grc' dir='ltr'><strong>τὸ</strong></span> <span class='ocrx_word' id='word_1_290' title='bbox 636 2159 910 2238; x_wconf 75' lang='grc' dir='ltr'><strong>εἰρημένον</strong></span> <span class='ocrx_word' id='word_1_291' title='bbox 965 2161 1066 2218; x_wconf 76' lang='grc' dir='ltr'><strong>ὑπὸ</strong></span> <span class='ocrx_word' id='word_1_292' title='bbox 1121 2166 1211 2215; x_wconf 77' lang='grc' dir='ltr'><strong>τοῦ</strong></span> <span class='ocrx_word' id='word_1_293' title='bbox 1236 2159 1506 2238; x_wconf 76' lang='grc' dir='ltr'>προφήτου</span> <span class='ocrx_word' id='word_1_294' title='bbox 1566 2155 1752 2237; x_wconf 73' lang='grc' dir='ltr'><strong>Δοιυΐδ³</strong></span> <span class='ocrx_word' id='word_1_295' title='bbox 1807 2154 1945 2234; x_wconf 80' lang='grc' dir='ltr'><strong>Ἐγὼ</strong></span> 
     </span>
    </p>
   </div>
   <div class='ocr_carea' id='block_1_37' title="bbox 2029 2154 3679 2238">
    <p class='ocr_par' dir='ltr' id='par_1_37' title="bbox 2029 2156 3679 2237">
     <span class='ocr_line' id='line_1_37' title="bbox 2029 2156 3679 2237; baseline -0.001 -20"><span class='ocrx_word' id='word_1_296' title='bbox 2029 2157 2215 2218; x_wconf 87' lang='lat' dir='ltr'><strong>virum</strong></span> <span class='ocrx_word' id='word_1_297' title='bbox 2249 2156 2568 2233; x_wconf 85' lang='lat' dir='ltr'><strong>indicasse,</strong></span> <span class='ocrx_word' id='word_1_298' title='bbox 2601 2158 2833 2237; x_wconf 67' lang='grc' dir='ltr'>καθάπερ</span> <span class='ocrx_word' id='word_1_299' title='bbox 2863 2158 2940 2220; x_wconf 84' lang='grc' dir='ltr'><strong>τίς</strong></span> <span class='ocrx_word' id='word_1_300' title='bbox 2971 2164 3077 2212; x_wconf 64' lang='grc' dir='ltr'><strong>τιον</strong></span> <span class='ocrx_word' id='word_1_301' title='bbox 3124 2157 3394 2236; x_wconf 76' lang='grc' dir='ltr'><strong>μεγάλων,</strong></span> <span class='ocrx_word' id='word_1_302' title='bbox 3441 2165 3507 2218; x_wconf 82' lang='lat' dir='ltr'><strong>ut</strong></span> <span class='ocrx_word' id='word_1_303' title='bbox 3532 2156 3679 2235; x_wconf 85' lang='lat' dir='ltr'><strong>qui-</strong></span> 
     </span>
    </p>
   </div>
   <div class='ocr_carea' id='block_1_38' title="bbox 292 2239 1945 2329">
    <p class='ocr_par' dir='ltr' id='par_1_38' title="bbox 292 2239 1945 2329">
     <span class='ocr_line' id='line_1_38' title="bbox 321 2239 1880 2281; baseline -0.004 -8"><span class='ocrx_word' id='word_1_304' title='bbox 321 2252 348 2273; x_wconf 66' lang='grc' dir='ltr'><strong><em>τ</em></strong></span> <span class='ocrx_word' id='word_1_305' title='bbox 845 2249 859 2268; x_wconf 80' lang='lat'><strong><em>\</em></strong></span> <span class='ocrx_word' id='word_1_306' title='bbox 923 2251 936 2265; x_wconf 74' lang='grc' dir='ltr'><em>υ</em></span> <span class='ocrx_word' id='word_1_307' title='bbox 970 2249 985 2269; x_wconf 78' lang='lat'><strong><em>\</em></strong></span> <span class='ocrx_word' id='word_1_308' title='bbox 1023 2239 1036 2260; x_wconf 68' lang='grc' dir='ltr'><strong>ε</strong></span> <span class='ocrx_word' id='word_1_309' title='bbox 1367 2249 1378 2268; x_wconf 79' lang='grc' dir='ltr'><em>ι</em></span> <span class='ocrx_word' id='word_1_310' title='bbox 1537 2263 1549 2276; x_wconf 83' lang='grc'><em>,</em></span> <span class='ocrx_word' id='word_1_311' title='bbox 1672 2243 1719 2281; x_wconf 46' lang='lat' dir='ltr'><strong>a9</strong></span> <span class='ocrx_word' id='word_1_312' title='bbox 1820 2269 1831 2279; x_wconf 34' lang='grc' dir='ltr'>θ</span> <span class='ocrx_word' id='word_1_313' title='bbox 1870 2246 1880 2266; x_wconf 74' lang='grc' dir='ltr'><em>ι</em></span> 
     </span>
     <span class='ocr_line' id='line_1_39' title="bbox 292 2248 1945 2329; baseline -0.004 -22"><span class='ocrx_word' id='word_1_314' title='bbox 292 2272 429 2307; x_wconf 71' lang='grc' dir='ltr'><strong>ειπκ</strong></span> <span class='ocrx_word' id='word_1_315' title='bbox 457 2250 579 2306; x_wconf 82' lang='grc' dir='ltr'>Θεοί</span> <span class='ocrx_word' id='word_1_316' title='bbox 607 2248 747 2329; x_wconf 67' lang='grc' dir='ltr'>ἐστε,</span> <span class='ocrx_word' id='word_1_317' title='bbox 775 2271 863 2305; x_wconf 81' lang='grc' dir='ltr'><strong>και</strong></span> <span class='ocrx_word' id='word_1_318' title='bbox 892 2270 989 2304; x_wconf 87' lang='grc' dir='ltr'>υιοι</span> <span class='ocrx_word' id='word_1_319' title='bbox 1042 2248 1270 2324; x_wconf 74' lang='grc' dir='ltr'>Υψίστου</span> <span class='ocrx_word' id='word_1_320' title='bbox 1309 2269 1501 2311; x_wconf 57' lang='grc' dir='ltr'>παντες</span> <span class='ocrx_word' id='word_1_321' title='bbox 1603 2270 1699 2303; x_wconf 77' lang='grc' dir='ltr'><strong>κα.</strong></span> <span class='ocrx_word' id='word_1_322' title='bbox 1773 2248 1945 2302; x_wconf 53' lang='lat' dir='ltr'><strong>sinon</strong></span> 
     </span>
    </p>
   </div>
   <div class='ocr_carea' id='block_1_39' title="bbox 2029 2239 3675 2329">
    <p class='ocr_par' dir='ltr' id='par_1_39' title="bbox 2029 2240 3675 2323">
     <span class='ocr_line' id='line_1_40' title="bbox 2029 2240 3675 2323; baseline -0.002 -16"><span class='ocrx_word' id='word_1_323' title='bbox 2029 2246 2169 2308; x_wconf 86' lang='lat' dir='ltr'><strong>dam</strong></span> <span class='ocrx_word' id='word_1_324' title='bbox 2188 2262 2264 2306; x_wconf 79' lang='lat' dir='ltr'><strong>ea:</strong></span> <span class='ocrx_word' id='word_1_325' title='bbox 2292 2247 2440 2307; x_wconf 82' lang='lat' dir='ltr'><strong>viris</strong></span> <span class='ocrx_word' id='word_1_326' title='bbox 2451 2246 2715 2323; x_wconf 77' lang='lat' dir='ltr'><strong>magnis,</strong></span> <span class='ocrx_word' id='word_1_327' title='bbox 2744 2245 2818 2306; x_wconf 92' lang='lat' dir='ltr'><strong>de</strong></span> <span class='ocrx_word' id='word_1_328' title='bbox 2833 2263 2904 2306; x_wconf 93' lang='lat' dir='ltr'><strong>eo</strong></span> <span class='ocrx_word' id='word_1_329' title='bbox 2920 2240 3258 2307; x_wconf 74' lang='lat' dir='ltr'><strong>sermonem</strong></span> <span class='ocrx_word' id='word_1_330' title='bbox 3281 2245 3509 2306; x_wconf 88' lang='lat' dir='ltr'><strong>habens</strong></span> <span class='ocrx_word' id='word_1_331' title='bbox 3531 2242 3675 2305; x_wconf 90' lang='lat' dir='ltr'><strong>dicit</strong></span> 
     </span>
    </p>
   </div>
   <div class='ocr_carea' id='block_1_40' title="bbox 293 2329 1945 2418">
    <p class='ocr_par' dir='ltr' id='par_1_40' title="bbox 293 2329 1945 2418">
     <span class='ocr_line' id='line_1_41' title="bbox 293 2329 1945 2418; baseline -0.002 -24"><span class='ocrx_word' id='word_1_332' title='bbox 293 2336 527 2418; x_wconf 66' lang='grc' dir='ltr'><strong>δτλλοιδ-ἶνι³</strong></span> <span class='ocrx_word' id='word_1_333' title='bbox 581 2338 669 2395; x_wconf 75' lang='grc' dir='ltr'>καὶ</span> <span class='ocrx_word' id='word_1_334' title='bbox 713 2335 829 2394; x_wconf 79' lang='grc' dir='ltr'>καθ’</span> <span class='ocrx_word' id='word_1_335' title='bbox 886 2337 1138 2412; x_wconf 72' lang='grc' dir='ltr'><strong>ὁμοίωσιν</strong></span> <span class='ocrx_word' id='word_1_336' title='bbox 1196 2346 1290 2395; x_wconf 79' lang='grc' dir='ltr'>τοῦ</span> <span class='ocrx_word' id='word_1_337' title='bbox 1344 2329 1611 2412; x_wconf 54' lang='grc' dir='ltr'><strong>Ὑψίστου,</strong></span> <span class='ocrx_word' id='word_1_338' title='bbox 1644 2336 1945 2413; x_wconf 70' lang='grc' dir='ltr'>γεννήματα</span> 
     </span>
    </p>
   </div>
   <div class='ocr_carea' id='block_1_41' title="bbox 2029 2329 3676 2418">
    <p class='ocr_par' dir='ltr' id='par_1_41' title="bbox 2031 2334 3676 2416">
     <span class='ocr_line' id='line_1_42' title="bbox 2031 2334 3676 2416; baseline -0.005 -18"><span class='ocrx_word' id='word_1_339' title='bbox 2031 2336 2274 2398; x_wconf 87' lang='lat' dir='ltr'><strong>Palama</strong></span> <span class='ocrx_word' id='word_1_340' title='bbox 2326 2334 2386 2395; x_wconf 92' lang='lat' dir='ltr'><strong>in</strong></span> <span class='ocrx_word' id='word_1_341' title='bbox 2443 2334 2480 2393; x_wconf 71' lang='grc'><strong>2</strong></span> <span class='ocrx_word' id='word_1_342' title='bbox 2529 2342 2677 2397; x_wconf 90' lang='lat' dir='ltr'><strong>orat.</strong></span> <span class='ocrx_word' id='word_1_343' title='bbox 2731 2353 2876 2415; x_wconf 91' lang='lat' dir='ltr'><strong>quas</strong></span> <span class='ocrx_word' id='word_1_344' title='bbox 2929 2335 3058 2415; x_wconf 90' lang='lat' dir='ltr'><strong>ipse</strong></span> <span class='ocrx_word' id='word_1_345' title='bbox 3093 2334 3394 2416; x_wconf 82' lang='lat' dir='ltr'><strong>inscripsit</strong></span> <span class='ocrx_word' id='word_1_346' title='bbox 3424 2336 3676 2414; x_wconf 63' lang='grc' dir='ltr'><strong>Πατέρες.</strong></span> 
     </span>
    </p>
   </div>
   <div class='ocr_carea' id='block_1_42' title="bbox 290 2422 1945 2503">
    <p class='ocr_par' dir='ltr' id='par_1_42' title="bbox 290 2424 1945 2502">
     <span class='ocr_line' id='line_1_43' title="bbox 290 2424 1945 2502; baseline 0.001 -17"><span class='ocrx_word' id='word_1_347' title='bbox 290 2431 414 2485; x_wconf 70' lang='grc' dir='ltr'><strong>Θεῖι</strong></span> <span class='ocrx_word' id='word_1_348' title='bbox 470 2426 531 2484; x_wconf 73' lang='grc' dir='ltr'><strong>ἐκ</strong></span> <span class='ocrx_word' id='word_1_349' title='bbox 578 2433 667 2483; x_wconf 78' lang='grc' dir='ltr'><strong>τοῦ</strong></span> <span class='ocrx_word' id='word_1_350' title='bbox 718 2426 852 2485; x_wconf 72' lang='grc' dir='ltr'>θείου</span> <span class='ocrx_word' id='word_1_351' title='bbox 906 2426 1207 2502; x_wconf 71' lang='grc' dir='ltr'><strong>Πνειεμαιτος</strong></span> <span class='ocrx_word' id='word_1_352' title='bbox 1242 2446 1259 2464; x_wconf 88' lang='grc'><strong>·</strong></span> <span class='ocrx_word' id='word_1_353' title='bbox 1309 2424 1363 2487; x_wconf 90' lang='grc' dir='ltr'><em>Ο</em></span> <span class='ocrx_word' id='word_1_354' title='bbox 1393 2426 1556 2487; x_wconf 86' lang='lat' dir='ltr'><strong>mira</strong></span> <span class='ocrx_word' id='word_1_355' title='bbox 1586 2425 1726 2487; x_wconf 82' lang='lat' dir='ltr'><strong>res!</strong></span> <span class='ocrx_word' id='word_1_356' title='bbox 1777 2424 1945 2485; x_wconf 80' lang='lat' dir='ltr'><strong>homo</strong></span> 
     </span>
    </p>
   </div>
   <div class='ocr_carea' id='block_1_43' title="bbox 2029 2422 3674 2503">
    <p class='ocr_par' dir='ltr' id='par_1_43' title="bbox 2032 2422 3674 2503">
     <span class='ocr_line' id='line_1_44' title="bbox 2032 2422 3674 2503; baseline -0.002 -17"><span class='ocrx_word' id='word_1_357' title='bbox 2032 2423 2271 2486; x_wconf 81' lang='lat' dir='ltr'><strong>Patres.</strong></span> <span class='ocrx_word' id='word_1_358' title='bbox 2297 2422 2555 2503; x_wconf 80' lang='lat' dir='ltr'><strong>Epistula</strong></span> <span class='ocrx_word' id='word_1_359' title='bbox 2579 2422 2651 2484; x_wconf 91' lang='lat' dir='ltr'><strong>ad</strong></span> <span class='ocrx_word' id='word_1_360' title='bbox 2683 2427 2941 2498; x_wconf 88' lang='lat' dir='ltr'><strong>Menam,</strong></span> <span class='ocrx_word' id='word_1_361' title='bbox 2977 2428 3022 2480; x_wconf 77' lang='grc' dir='ltr'>οἷ</span> <span class='ocrx_word' id='word_1_362' title='bbox 3054 2424 3386 2500; x_wconf 61' lang='grc' dir='ltr'>μεμυημένοι</span> <span class='ocrx_word' id='word_1_363' title='bbox 3422 2424 3674 2486; x_wconf 86' lang='lat' dir='ltr'><strong>initiati.</strong></span> 
     </span>
    </p>
   </div>
   <div class='ocr_carea' id='block_1_44' title="bbox 292 2511 3684 2595">
    <p class='ocr_par' dir='ltr' id='par_1_44' title="bbox 292 2511 3684 2595">
     <span class='ocr_line' id='line_1_45' title="bbox 292 2511 3684 2595; baseline -0.001 -17"><span class='ocrx_word' id='word_1_364' title='bbox 292 2514 422 2578; x_wconf 87' lang='lat' dir='ltr'><strong>Deo</strong></span> <span class='ocrx_word' id='word_1_365' title='bbox 473 2512 908 2595; x_wconf 82' lang='lat' dir='ltr'><strong>spiritualiter,</strong></span> <span class='ocrx_word' id='word_1_366' title='bbox 961 2515 1485 2595; x_wconf 71' lang='lat' dir='ltr'><strong>corporatiterque</strong></span> <span class='ocrx_word' id='word_1_367' title='bbox 1535 2515 1796 2575; x_wconf 81' lang='lat' dir='ltr'><strong>unitur:</strong></span> <span class='ocrx_word' id='word_1_368' title='bbox 1857 2517 1947 2572; x_wconf 85' lang='lat' dir='ltr'><strong>si-</strong></span> <span class='ocrx_word' id='word_1_369' title='bbox 2032 2512 2171 2574; x_wconf 89' lang='lat' dir='ltr'><strong>alibi</strong></span> <span class='ocrx_word' id='word_1_370' title='bbox 2204 2512 2481 2592; x_wconf 75' lang='grc' dir='ltr'>θεολόγοι,</span> <span class='ocrx_word' id='word_1_371' title='bbox 2525 2511 2797 2591; x_wconf 81' lang='lat' dir='ltr'><strong>Tncologi</strong></span> <span class='ocrx_word' id='word_1_372' title='bbox 2847 2511 3313 2593; x_wconf 87' lang='lat' dir='ltr'><strong>Cantacuzenus,</strong></span> <span class='ocrx_word' id='word_1_373' title='bbox 3360 2526 3418 2574; x_wconf 87' lang='lat' dir='ltr'><strong>et</strong></span> <span class='ocrx_word' id='word_1_374' title='bbox 3462 2511 3684 2573; x_wconf 82' lang='lat' dir='ltr'><strong>similia</strong></span> 
     </span>
    </p>
   </div>
   <div class='ocr_carea' id='block_1_45' title="bbox 290 2600 3675 2684">
    <p class='ocr_par' dir='ltr' id='par_1_45' title="bbox 290 2600 3675 2684">
     <span class='ocr_line' id='line_1_46' title="bbox 290 2600 3675 2684; baseline -0.001 -19"><span class='ocrx_word' id='word_1_375' title='bbox 290 2605 544 2684; x_wconf 80' lang='lat' dir='ltr'><strong>quidem</strong></span> <span class='ocrx_word' id='word_1_376' title='bbox 575 2603 786 2665; x_wconf 88' lang='lat' dir='ltr'><strong>anima</strong></span> <span class='ocrx_word' id='word_1_377' title='bbox 806 2620 926 2664; x_wconf 87' lang='lat' dir='ltr'><strong>non</strong></span> <span class='ocrx_word' id='word_1_378' title='bbox 956 2621 993 2662; x_wconf 90' lang='lat' dir='ltr'><strong>a</strong></span> <span class='ocrx_word' id='word_1_379' title='bbox 1018 2611 1233 2679; x_wconf 81' lang='lat' dir='ltr'><strong>mente,</strong></span> <span class='ocrx_word' id='word_1_380' title='bbox 1268 2621 1377 2665; x_wconf 82' lang='lat' dir='ltr'><strong>nec</strong></span> <span class='ocrx_word' id='word_1_381' title='bbox 1402 2601 1476 2665; x_wconf 87' lang='lat' dir='ltr'><strong>ab</strong></span> <span class='ocrx_word' id='word_1_382' title='bbox 1502 2603 1714 2663; x_wconf 85' lang='lat' dir='ltr'><strong>anima</strong></span> <span class='ocrx_word' id='word_1_383' title='bbox 1735 2618 1951 2682; x_wconf 86' lang='lat' dir='ltr'><strong>corpus</strong></span> <span class='ocrx_word' id='word_1_384' title='bbox 2034 2604 2274 2666; x_wconf 76' lang='lat' dir='ltr'><strong>Factum</strong></span> <span class='ocrx_word' id='word_1_385' title='bbox 2303 2610 2500 2663; x_wconf 88' lang='lat' dir='ltr'><strong>autem</strong></span> <span class='ocrx_word' id='word_1_386' title='bbox 2531 2600 2591 2661; x_wconf 81' lang='lat' dir='ltr'><strong>id</strong></span> <span class='ocrx_word' id='word_1_387' title='bbox 2617 2600 2913 2669; x_wconf 85' lang='lat' dir='ltr'><strong>existimo,</strong></span> <span class='ocrx_word' id='word_1_388' title='bbox 2962 2619 3037 2663; x_wconf 93' lang='lat' dir='ltr'><strong>ne</strong></span> <span class='ocrx_word' id='word_1_389' title='bbox 3081 2602 3323 2663; x_wconf 90' lang='lat' dir='ltr'><strong>nomine</strong></span> <span class='ocrx_word' id='word_1_390' title='bbox 3359 2601 3469 2662; x_wconf 88' lang='lat' dir='ltr'><strong>viri</strong></span> <span class='ocrx_word' id='word_1_391' title='bbox 3514 2600 3675 2662; x_wconf 88' lang='lat' dir='ltr'><strong>indi-</strong></span> 
     </span>
    </p>
   </div>
   <div class='ocr_carea' id='block_1_46' title="bbox 292 2689 3676 2772">
    <p class='ocr_par' dir='ltr' id='par_1_46' title="bbox 292 2689 3676 2772">
     <span class='ocr_line' id='line_1_47' title="bbox 292 2689 3676 2772; baseline -0.001 -17"><span class='ocrx_word' id='word_1_392' title='bbox 292 2692 669 2772; x_wconf 79' lang='lat' dir='ltr'><strong>sejungitur,</strong></span> <span class='ocrx_word' id='word_1_393' title='bbox 701 2698 756 2753; x_wconf 87' lang='lat' dir='ltr'><strong>et</strong></span> <span class='ocrx_word' id='word_1_394' title='bbox 783 2691 1014 2753; x_wconf 84' lang='lat' dir='ltr'><strong>unione</strong></span> <span class='ocrx_word' id='word_1_395' title='bbox 1058 2690 1370 2753; x_wconf 84' lang='lat' dir='ltr'><strong>essentiati</strong></span> <span class='ocrx_word' id='word_1_396' title='bbox 1418 2691 1603 2754; x_wconf 82' lang='lat' dir='ltr'><strong>etiam</strong></span> <span class='ocrx_word' id='word_1_397' title='bbox 1633 2690 1810 2752; x_wconf 83' lang='lat' dir='ltr'><strong>homo</strong></span> <span class='ocrx_word' id='word_1_398' title='bbox 1838 2706 1953 2768; x_wconf 88' lang='lat' dir='ltr'><strong>per</strong></span> <span class='ocrx_word' id='word_1_399' title='bbox 2033 2699 2183 2763; x_wconf 89' lang='lat' dir='ltr'><strong>cato,</strong></span> <span class='ocrx_word' id='word_1_400' title='bbox 2217 2689 2430 2771; x_wconf 78' lang='lat' dir='ltr'><strong>quibus</strong></span> <span class='ocrx_word' id='word_1_401' title='bbox 2459 2689 2765 2765; x_wconf 84' lang='lat' dir='ltr'><strong>intererat,</strong></span> <span class='ocrx_word' id='word_1_402' title='bbox 2818 2690 3094 2751; x_wconf 89' lang='lat' dir='ltr'><strong>homines</strong></span> <span class='ocrx_word' id='word_1_403' title='bbox 3124 2690 3306 2752; x_wconf 88' lang='lat' dir='ltr'><strong>libros</strong></span> <span class='ocrx_word' id='word_1_404' title='bbox 3339 2690 3498 2752; x_wconf 91' lang='lat' dir='ltr'><strong>illius</strong></span> <span class='ocrx_word' id='word_1_405' title='bbox 3528 2708 3676 2751; x_wconf 89' lang='lat' dir='ltr'><strong>con-</strong></span> 
     </span>
    </p>
   </div>
   <div class='ocr_carea' id='block_1_47' title="bbox 293 2778 3682 2862">
    <p class='ocr_par' dir='ltr' id='par_1_47' title="bbox 293 2778 3682 2862">
     <span class='ocr_line' id='line_1_48' title="bbox 293 2778 3682 2862; baseline 0 -20"><span class='ocrx_word' id='word_1_406' title='bbox 293 2783 558 2862; x_wconf 85' lang='lat' dir='ltr'><strong>gratiam</strong></span> <span class='ocrx_word' id='word_1_407' title='bbox 586 2781 664 2842; x_wconf 88' lang='lat' dir='ltr'><strong>sit</strong></span> <span class='ocrx_word' id='word_1_408' title='bbox 695 2783 890 2842; x_wconf 86' lang='lat' dir='ltr'><strong>trium</strong></span> <span class='ocrx_word' id='word_1_409' title='bbox 918 2781 1316 2860; x_wconf 75' lang='lat' dir='ltr'><strong>hypostaseon</strong></span> <span class='ocrx_word' id='word_1_410' title='bbox 1344 2798 1501 2841; x_wconf 81' lang='lat' dir='ltr'><strong>unus</strong></span> <span class='ocrx_word' id='word_1_411' title='bbox 1535 2797 1641 2860; x_wconf 85' lang='lat' dir='ltr'><strong>per</strong></span> <span class='ocrx_word' id='word_1_412' title='bbox 1670 2778 1949 2860; x_wconf 85' lang='lat' dir='ltr'><strong>adoptio-</strong></span> <span class='ocrx_word' id='word_1_413' title='bbox 2029 2780 2337 2862; x_wconf 91' lang='lat' dir='ltr'><strong>quirerent</strong></span> <span class='ocrx_word' id='word_1_414' title='bbox 2367 2788 2423 2842; x_wconf 91' lang='lat' dir='ltr'><strong>et</strong></span> <span class='ocrx_word' id='word_1_415' title='bbox 2456 2780 2884 2855; x_wconf 87' lang='lat' dir='ltr'><strong>examinareut,</strong></span> <span class='ocrx_word' id='word_1_416' title='bbox 2921 2788 2979 2842; x_wconf 87' lang='lat' dir='ltr'><strong>et</strong></span> <span class='ocrx_word' id='word_1_417' title='bbox 3010 2799 3146 2843; x_wconf 92' lang='lat' dir='ltr'><strong>cum</strong></span> <span class='ocrx_word' id='word_1_418' title='bbox 3179 2800 3299 2842; x_wconf 91' lang='lat' dir='ltr'><strong>non</strong></span> <span class='ocrx_word' id='word_1_419' title='bbox 3333 2781 3558 2858; x_wconf 92' lang='lat' dir='ltr'><strong>omnia,</strong></span> <span class='ocrx_word' id='word_1_420' title='bbox 3592 2782 3682 2843; x_wconf 90' lang='lat' dir='ltr'><strong>uti</strong></span> 
     </span>
    </p>
   </div>
   <div class='ocr_carea' id='block_1_48' title="bbox 294 2868 3677 2950">
    <p class='ocr_par' dir='ltr' id='par_1_48' title="bbox 294 2868 3677 2950">
     <span class='ocr_line' id='line_1_49' title="bbox 294 2868 3677 2950; baseline -0.001 -17"><span class='ocrx_word' id='word_1_421' title='bbox 294 2888 432 2933; x_wconf 88' lang='lat' dir='ltr'><strong>nem</strong></span> <span class='ocrx_word' id='word_1_422' title='bbox 462 2869 648 2949; x_wconf 85' lang='lat' dir='ltr'><strong>Deus,</strong></span> <span class='ocrx_word' id='word_1_423' title='bbox 673 2885 750 2931; x_wconf 75' lang='lat' dir='ltr'><strong>ex</strong></span> <span class='ocrx_word' id='word_1_424' title='bbox 779 2886 1022 2948; x_wconf 86' lang='lat' dir='ltr'><strong>corpore</strong></span> <span class='ocrx_word' id='word_1_425' title='bbox 1039 2868 1316 2931; x_wconf 84' lang='lat' dir='ltr'><strong>videlicet</strong></span> <span class='ocrx_word' id='word_1_426' title='bbox 1338 2875 1397 2931; x_wconf 87' lang='lat' dir='ltr'><strong>et</strong></span> <span class='ocrx_word' id='word_1_427' title='bbox 1417 2870 1649 2941; x_wconf 85' lang='lat' dir='ltr'><strong>anima,</strong></span> <span class='ocrx_word' id='word_1_428' title='bbox 1677 2874 1755 2944; x_wconf 81' lang='lat' dir='ltr'><strong>et,</strong></span> <span class='ocrx_word' id='word_1_429' title='bbox 1780 2870 1950 2946; x_wconf 78' lang='lat' dir='ltr'><strong>cuius</strong></span> <span class='ocrx_word' id='word_1_430' title='bbox 2030 2888 2139 2950; x_wconf 87' lang='lat' dir='ltr'><strong>par</strong></span> <span class='ocrx_word' id='word_1_431' title='bbox 2170 2877 2314 2943; x_wconf 91' lang='lat' dir='ltr'><strong>erat,</strong></span> <span class='ocrx_word' id='word_1_432' title='bbox 2349 2869 2618 2931; x_wconf 68' lang='lat' dir='ltr'><strong>nuntiata</strong></span> <span class='ocrx_word' id='word_1_433' title='bbox 2641 2869 2713 2931; x_wconf 89' lang='lat' dir='ltr'><strong>ad</strong></span> <span class='ocrx_word' id='word_1_434' title='bbox 2748 2888 3017 2931; x_wconf 87' lang='lat' dir='ltr'><strong>normam</strong></span> <span class='ocrx_word' id='word_1_435' title='bbox 3068 2888 3220 2931; x_wconf 83' lang='lat' dir='ltr'><strong>verae</strong></span> <span class='ocrx_word' id='word_1_436' title='bbox 3268 2870 3553 2932; x_wconf 70' lang='lat' dir='ltr'><strong>doctrinae</strong></span> <span class='ocrx_word' id='word_1_437' title='bbox 3584 2869 3677 2932; x_wconf 90' lang='lat' dir='ltr'><strong>di-</strong></span> 
     </span>
    </p>
   </div>
   <div class='ocr_carea' id='block_1_49' title="bbox 295 2957 3674 3038">
    <p class='ocr_par' dir='ltr' id='par_1_49' title="bbox 295 2957 3674 3038">
     <span class='ocr_line' id='line_1_50' title="bbox 295 2957 3674 3038; baseline -0.001 -16"><span class='ocrx_word' id='word_1_438' title='bbox 295 2963 494 3038; x_wconf 80' lang='lat' dir='ltr'><strong>[actus</strong></span> <span class='ocrx_word' id='word_1_439' title='bbox 525 2964 611 3020; x_wconf 82' lang='lat' dir='ltr'><strong>est</strong></span> <span class='ocrx_word' id='word_1_440' title='bbox 638 2958 966 3038; x_wconf 82' lang='lat' dir='ltr'><strong>particeps,</strong></span> <span class='ocrx_word' id='word_1_441' title='bbox 995 2958 1202 3020; x_wconf 84' lang='lat' dir='ltr'><strong>divino</strong></span> <span class='ocrx_word' id='word_1_442' title='bbox 1230 2958 1467 3038; x_wconf 83' lang='lat' dir='ltr'><strong>Spiritu</strong></span> <span class='ocrx_word' id='word_1_443' title='bbox 1486 2962 1792 3033; x_wconf 80' lang='lat' dir='ltr'><strong>constans,</strong></span> <span class='ocrx_word' id='word_1_444' title='bbox 1827 2959 1945 3018; x_wconf 88' lang='lat' dir='ltr'><strong>im-</strong></span> <span class='ocrx_word' id='word_1_445' title='bbox 2031 2966 2178 3020; x_wconf 82' lang='lat' dir='ltr'><strong>ctata</strong></span> <span class='ocrx_word' id='word_1_446' title='bbox 2212 2957 2568 3038; x_wconf 89' lang='lat' dir='ltr'><strong>reperirent,</strong></span> <span class='ocrx_word' id='word_1_447' title='bbox 2603 2957 3089 3035; x_wconf 85' lang='lat' dir='ltr'><strong>criminarentur,</strong></span> <span class='ocrx_word' id='word_1_448' title='bbox 3123 2965 3324 3021; x_wconf 87' lang='lat' dir='ltr'><strong>coacta</strong></span> <span class='ocrx_word' id='word_1_449' title='bbox 3352 2959 3532 3020; x_wconf 85' lang='lat' dir='ltr'><strong>etiam</strong></span> <span class='ocrx_word' id='word_1_450' title='bbox 3575 2976 3674 3038; x_wconf 90' lang='lat' dir='ltr'><strong>sy-</strong></span> 
     </span>
    </p>
   </div>
   <div class='ocr_carea' id='block_1_50' title="bbox 288 3045 3677 3130">
    <p class='ocr_par' dir='ltr' id='par_1_50' title="bbox 288 3045 3677 3130">
     <span class='ocr_line' id='line_1_51' title="bbox 288 3045 3677 3130; baseline 0 -21"><span class='ocrx_word' id='word_1_451' title='bbox 288 3047 612 3130; x_wconf 83' lang='lat' dir='ltr'><strong>pleturque</strong></span> <span class='ocrx_word' id='word_1_452' title='bbox 641 3056 770 3108; x_wconf 85' lang='lat' dir='ltr'><strong>tum</strong></span> <span class='ocrx_word' id='word_1_453' title='bbox 819 3046 979 3109; x_wconf 73' lang='lat' dir='ltr'><strong>illud</strong></span> <span class='ocrx_word' id='word_1_454' title='bbox 1027 3047 1282 3109; x_wconf 77' lang='lat' dir='ltr'><strong>Davidts</strong></span> <span class='ocrx_word' id='word_1_455' title='bbox 1328 3045 1645 3126; x_wconf 64' lang='lat' dir='ltr'><strong>Prophetas</strong></span> <span class='ocrx_word' id='word_1_456' title='bbox 1677 3067 1696 3107; x_wconf 92' lang='lat'><strong><em>:</em></strong></span> <span class='ocrx_word' id='word_1_457' title='bbox 1734 3065 1764 3106; x_wconf 66' lang='lat' dir='ltr'><strong>tt</strong></span> <span class='ocrx_word' id='word_1_458' title='bbox 1814 3045 1948 3123; x_wconf 88' lang='lat' dir='ltr'><strong>Ego</strong></span> <span class='ocrx_word' id='word_1_459' title='bbox 2032 3056 2211 3119; x_wconf 90' lang='lat' dir='ltr'><strong>nodo,</strong></span> <span class='ocrx_word' id='word_1_460' title='bbox 2238 3059 2299 3109; x_wconf 90' lang='lat' dir='ltr'><strong>ut</strong></span> <span class='ocrx_word' id='word_1_461' title='bbox 2322 3056 2612 3122; x_wconf 89' lang='lat' dir='ltr'><strong>sueverat,</strong></span> <span class='ocrx_word' id='word_1_462' title='bbox 2643 3049 3133 3122; x_wconf 87' lang='lat' dir='ltr'><strong>condemnarent,</strong></span> <span class='ocrx_word' id='word_1_463' title='bbox 3160 3067 3276 3129; x_wconf 91' lang='lat' dir='ltr'><strong>qua</strong></span> <span class='ocrx_word' id='word_1_464' title='bbox 3298 3056 3500 3129; x_wconf 90' lang='lat' dir='ltr'><strong>postea</strong></span> <span class='ocrx_word' id='word_1_465' title='bbox 3529 3066 3677 3109; x_wconf 82' lang='lat' dir='ltr'><strong>con-</strong></span> 
     </span>
    </p>
   </div>
   <div class='ocr_carea' id='block_1_51' title="bbox 293 3134 3677 3228">
    <p class='ocr_par' dir='ltr' id='par_1_51' title="bbox 293 3134 3677 3228">
     <span class='ocr_line' id='line_1_52' title="bbox 293 3134 3677 3228; baseline -0.001 -28"><span class='ocrx_word' id='word_1_466' title='bbox 293 3137 598 3228; x_wconf 33' lang='grc' dir='ltr'><strong>(ξιζτὶνάὶἱ</strong></span> <span class='ocrx_word' id='word_1_467' title='bbox 652 3139 820 3228; x_wconf 80' lang='lat' dir='ltr'><strong>estis,</strong></span> <span class='ocrx_word' id='word_1_468' title='bbox 873 3142 952 3228; x_wconf 74' lang='lat' dir='ltr'><strong>et_</strong></span> <span class='ocrx_word' id='word_1_469' title='bbox 980 3135 1399 3228; x_wconf 72' lang='lat' dir='ltr'><strong>ﬁliiEa&#39;celsi</strong></span> <span class='ocrx_word' id='word_1_470' title='bbox 1440 3152 1688 3228; x_wconf 79' lang='lat' dir='ltr'><strong>omnes;</strong></span> <span class='ocrx_word' id='word_1_471' title='bbox 1734 3158 1769 3228; x_wconf 70' lang='lat' dir='ltr'><strong>_n</strong></span> <span class='ocrx_word' id='word_1_472' title='bbox 1831 3134 2413 3228; x_wconf 70' lang='lat' dir='ltr'><strong>ﬁtiicdemnatione</strong></span> <span class='ocrx_word' id='word_1_473' title='bbox 2444 3136 2557 3216; x_wconf 91' lang='lat' dir='ltr'><strong>ipsi</strong></span> <span class='ocrx_word' id='word_1_474' title='bbox 2587 3155 2824 3218; x_wconf 83' lang='lat' dir='ltr'><strong>quoque</strong></span> <span class='ocrx_word' id='word_1_475' title='bbox 2868 3135 2929 3199; x_wconf 92' lang='lat' dir='ltr'><strong>in</strong></span> <span class='ocrx_word' id='word_1_476' title='bbox 2960 3135 3187 3199; x_wconf 86' lang='lat' dir='ltr'><strong>crimen</strong></span> <span class='ocrx_word' id='word_1_477' title='bbox 3216 3136 3677 3216; x_wconf 89' lang='lat' dir='ltr'><strong>adducerentur,</strong></span> 
     </span>
    </p>
   </div>
   <div class='ocr_carea' id='block_1_52' title="bbox 291 3223 3682 3308">
    <p class='ocr_par' dir='ltr' id='par_1_52' title="bbox 291 3223 3682 3308">
     <span class='ocr_line' id='line_1_53' title="bbox 291 3223 3682 3308; baseline -0.001 -19"><span class='ocrx_word' id='word_1_478' title='bbox 291 3226 541 3289; x_wconf 72' lang='lat' dir='ltr'><strong>Excetsi</strong></span> <span class='ocrx_word' id='word_1_479' title='bbox 567 3224 901 3287; x_wconf 79' lang='lat' dir='ltr'><strong>secundum</strong></span> <span class='ocrx_word' id='word_1_480' title='bbox 928 3225 1261 3306; x_wconf 86' lang='lat' dir='ltr'><strong>imaginem</strong></span> <span class='ocrx_word' id='word_1_481' title='bbox 1292 3224 1567 3287; x_wconf 82' lang='lat' dir='ltr'><strong>videlicet</strong></span> <span class='ocrx_word' id='word_1_482' title='bbox 1584 3223 1948 3286; x_wconf 72' lang='lat' dir='ltr'><strong>similitudi-</strong></span> <span class='ocrx_word' id='word_1_483' title='bbox 1975 3223 2009 3228; x_wconf 63' lang='grc'><strong>⁷</strong></span> <span class='ocrx_word' id='word_1_484' title='bbox 2039 3233 2315 3306; x_wconf 86' lang='lat' dir='ltr'><strong>tanquam</strong></span> <span class='ocrx_word' id='word_1_485' title='bbox 2349 3224 2447 3304; x_wconf 88' lang='lat' dir='ltr'><strong>qui</strong></span> <span class='ocrx_word' id='word_1_486' title='bbox 2478 3225 2626 3286; x_wconf 81' lang='lat' dir='ltr'><strong>alias</strong></span> <span class='ocrx_word' id='word_1_487' title='bbox 2648 3244 2756 3306; x_wconf 88' lang='lat' dir='ltr'><strong>per</strong></span> <span class='ocrx_word' id='word_1_488' title='bbox 2773 3226 3061 3308; x_wconf 79' lang='lat' dir='ltr'><strong>synodum</strong></span> <span class='ocrx_word' id='word_1_489' title='bbox 3095 3224 3488 3289; x_wconf 84' lang='lat' dir='ltr'><strong>condemnata</strong></span> <span class='ocrx_word' id='word_1_490' title='bbox 3515 3234 3682 3287; x_wconf 84' lang='lat' dir='ltr'><strong>tene-</strong></span> 
     </span>
    </p>
   </div>
   <div class='ocr_carea' id='block_1_53' title="bbox 290 3311 2715 3397">
    <p class='ocr_par' dir='ltr' id='par_1_53' title="bbox 290 3311 2715 3397">
     <span class='ocr_line' id='line_1_54' title="bbox 290 3311 2715 3397; baseline -0.002 -19"><span class='ocrx_word' id='word_1_491' title='bbox 290 3311 1952 3397; x_wconf 66' lang='lat' dir='ltr'><strong>nemqueAltissimidivinaprogenieseadivinoSpiritu.</strong></span> <span class='ocrx_word' id='word_1_492' title='bbox 2036 3321 2172 3375; x_wconf 90' lang='lat' dir='ltr'><strong>rent</strong></span> <span class='ocrx_word' id='word_1_493' title='bbox 2200 3331 2270 3375; x_wconf 90' lang='lat' dir='ltr'><strong>ac</strong></span> <span class='ocrx_word' id='word_1_494' title='bbox 2299 3313 2715 3376; x_wconf 77' lang='lat' dir='ltr'><strong>defenderent.</strong></span> 
     </span>
    </p>
   </div>
   <div class='ocr_carea' id='block_1_54' title="bbox 1084 3633 2896 3737">
    <p class='ocr_par' dir='ltr' id='par_1_54' title="bbox 1084 3633 2896 3737">
     <span class='ocr_line' id='line_1_55' title="bbox 1084 3633 2896 3737; baseline -0.003 -1"><span class='ocrx_word' id='word_1_495' title='bbox 1084 3633 1518 3737; x_wconf 82' lang='lat' dir='ltr'><strong>JACOBI</strong></span> <span class='ocrx_word' id='word_1_496' title='bbox 1599 3633 2150 3731; x_wconf 89' lang='lat' dir='ltr'><strong>PONTANI</strong></span> <span class='ocrx_word' id='word_1_497' title='bbox 2225 3634 2896 3730; x_wconf 67' lang='lat' dir='ltr'><strong>PRZEFATIO</strong></span> 
     </span>
    </p>
   </div>
   <div class='ocr_carea' id='block_1_55' title="bbox 1237 3839 2728 3927">
    <p class='ocr_par' dir='ltr' id='par_1_55' title="bbox 1237 3839 2728 3927">
     <span class='ocr_line' id='line_1_56' title="bbox 1237 3839 2728 3927; baseline -0.002 -19"><span class='ocrx_word' id='word_1_498' title='bbox 1237 3840 1417 3927; x_wconf 90' lang='lat' dir='ltr'><strong>[0pp.</strong></span> <span class='ocrx_word' id='word_1_499' title='bbox 1451 3841 1763 3927; x_wconf 86' lang='lat' dir='ltr'><strong>Symeonis</strong></span> <span class='ocrx_word' id='word_1_500' title='bbox 1792 3840 2077 3925; x_wconf 82' lang='lat' dir='ltr'><strong>Junioris,</strong></span> <span class='ocrx_word' id='word_1_501' title='bbox 2110 3839 2480 3922; x_wconf 80' lang='lat' dir='ltr'><strong>Ingoldstad.</strong></span> <span class='ocrx_word' id='word_1_502' title='bbox 2515 3841 2728 3924; x_wconf 78' lang='lat'><strong>1603.]</strong></span> 
     </span>
    </p>
   </div>
   <div class='ocr_carea' id='block_1_56' title="bbox 379 4164 3678 4251">
    <p class='ocr_par' dir='ltr' id='par_1_56' title="bbox 379 4164 3678 4251">
     <span class='ocr_line' id='line_1_57' title="bbox 379 4164 3678 4251; baseline -0.001 -21"><span class='ocrx_word' id='word_1_503' title='bbox 379 4167 616 4230; x_wconf 89' lang='lat' dir='ltr'><strong>Titulus</strong></span> <span class='ocrx_word' id='word_1_504' title='bbox 644 4167 981 4232; x_wconf 88' lang='lat' dir='ltr'><strong>orationum</strong></span> <span class='ocrx_word' id='word_1_505' title='bbox 1025 4179 1114 4234; x_wconf 91' lang='lat' dir='ltr'><strong>est</strong></span> <span class='ocrx_word' id='word_1_506' title='bbox 1143 4171 1252 4234; x_wconf 90' lang='lat' dir='ltr'><strong>iste</strong></span> <span class='ocrx_word' id='word_1_507' title='bbox 1285 4190 1299 4235; x_wconf 91' lang='lat'>:</span> <span class='ocrx_word' id='word_1_508' title='bbox 1333 4183 1436 4233; x_wconf 78' lang='grc' dir='ltr'>Τοῦ</span> <span class='ocrx_word' id='word_1_509' title='bbox 1465 4172 1519 4229; x_wconf 80' lang='grc' dir='ltr'>ἐν</span> <span class='ocrx_word' id='word_1_510' title='bbox 1549 4173 1717 4251; x_wconf 71' lang='grc' dir='ltr'><strong>ἁγίοις</strong></span> <span class='ocrx_word' id='word_1_511' title='bbox 1747 4172 1947 4251; x_wconf 62' lang='lat' dir='ltr'><strong>nat-cpe;</strong></span> <span class='ocrx_word' id='word_1_512' title='bbox 2028 4166 2218 4248; x_wconf 88' lang='lat' dir='ltr'><strong>positi</strong></span> <span class='ocrx_word' id='word_1_513' title='bbox 2228 4164 2586 4227; x_wconf 85' lang='lat' dir='ltr'><strong>monasterii</strong></span> <span class='ocrx_word' id='word_1_514' title='bbox 2599 4165 3081 4246; x_wconf 84' lang='lat' dir='ltr'><strong>sanctietmagni</strong></span> <span class='ocrx_word' id='word_1_515' title='bbox 3091 4165 3389 4244; x_wconf 83' lang='lat' dir='ltr'><strong>martyris</strong></span> <span class='ocrx_word' id='word_1_516' title='bbox 3407 4167 3678 4227; x_wconf 81' lang='lat' dir='ltr'><strong>Maman-</strong></span> 
     </span>
    </p>
   </div>
   <div class='ocr_carea' id='block_1_57' title="bbox 293 4253 1945 4341">
    <p class='ocr_par' dir='ltr' id='par_1_57' title="bbox 293 4258 1945 4341">
     <span class='ocr_line' id='line_1_58' title="bbox 293 4258 1945 4341; baseline 0.004 -29"><span class='ocrx_word' id='word_1_517' title='bbox 293 4260 450 4334; x_wconf 75' lang='grc' dir='ltr'><strong>ἡμῶν</strong></span> <span class='ocrx_word' id='word_1_518' title='bbox 484 4260 708 4334; x_wconf 80' lang='grc' dir='ltr'><strong>Συμεὼν</strong></span> <span class='ocrx_word' id='word_1_519' title='bbox 734 4267 826 4317; x_wconf 78' lang='grc' dir='ltr'>τοῦ</span> <span class='ocrx_word' id='word_1_520' title='bbox 849 4260 982 4320; x_wconf 81' lang='grc' dir='ltr'>Νέου</span> <span class='ocrx_word' id='word_1_521' title='bbox 1011 4260 1293 4341; x_wconf 83' lang='grc' dir='ltr'>Θεολόγου,</span> <span class='ocrx_word' id='word_1_522' title='bbox 1313 4262 1456 4332; x_wconf 88' lang='lat' dir='ltr'><strong>sive,</strong></span> <span class='ocrx_word' id='word_1_523' title='bbox 1482 4258 1945 4323; x_wconf 86' lang='lat' dir='ltr'><strong>uthabetinscri-</strong></span> 
     </span>
    </p>
   </div>
   <div class='ocr_carea' id='block_1_58' title="bbox 2029 4253 3677 4341">
    <p class='ocr_par' dir='ltr' id='par_1_58' title="bbox 2032 4253 3677 4335">
     <span class='ocr_line' id='line_1_59' title="bbox 2032 4253 3677 4335; baseline -0.002 -16"><span class='ocrx_word' id='word_1_524' title='bbox 2032 4257 2109 4319; x_wconf 85' lang='lat' dir='ltr'><strong>tis</strong></span> <span class='ocrx_word' id='word_1_525' title='bbox 2126 4274 2188 4317; x_wconf 78' lang='lat' dir='ltr'><strong>in</strong></span> <span class='ocrx_word' id='word_1_526' title='bbox 2208 4253 2551 4335; x_wconf 78' lang='lat' dir='ltr'><strong>Xylorerco.</strong></span> <span class='ocrx_word' id='word_1_527' title='bbox 2573 4253 2658 4315; x_wconf 91' lang='lat' dir='ltr'><strong>De</strong></span> <span class='ocrx_word' id='word_1_528' title='bbox 2681 4260 2885 4318; x_wconf 83' lang='lat' dir='ltr'><strong>sancto</strong></span> <span class='ocrx_word' id='word_1_529' title='bbox 2908 4253 3197 4316; x_wconf 89' lang='lat' dir='ltr'><strong>Mamante</strong></span> <span class='ocrx_word' id='word_1_530' title='bbox 3220 4261 3477 4334; x_wconf 88' lang='lat' dir='ltr'><strong>martyre</strong></span> <span class='ocrx_word' id='word_1_531' title='bbox 3496 4261 3677 4333; x_wconf 83' lang='lat' dir='ltr'><strong>agunt</strong></span> 
     </span>
    </p>
   </div>
   <div class='ocr_carea' id='block_1_59' title="bbox 296 4341 3671 4436">
    <p class='ocr_par' dir='ltr' id='par_1_59' title="bbox 296 4341 3671 4436">
     <span class='ocr_line' id='line_1_60' title="bbox 296 4341 3671 4436; baseline -0.001 -31"><span class='ocrx_word' id='word_1_532' title='bbox 296 4348 419 4436; x_wconf 85' lang='lat' dir='ltr'><strong>ptio</strong></span> <span class='ocrx_word' id='word_1_533' title='bbox 439 4345 599 4436; x_wconf 89' lang='lat' dir='ltr'><strong>libro</strong></span> <span class='ocrx_word' id='word_1_534' title='bbox 622 4345 955 4436; x_wconf 87' lang='lat' dir='ltr'><strong>divinorum</strong></span> <span class='ocrx_word' id='word_1_535' title='bbox 976 4350 1327 4431; x_wconf 78' lang='lat' dir='ltr'><strong>hymnorum</strong></span> <span class='ocrx_word' id='word_1_536' title='bbox 1352 4351 1611 4432; x_wconf 59' lang='lat' dir='ltr'><strong>praeﬁxa,</strong></span> <span class='ocrx_word' id='word_1_537' title='bbox 1630 4360 1732 4409; x_wconf 81' lang='grc' dir='ltr'><strong>Τοῦ</strong></span> <span class='ocrx_word' id='word_1_538' title='bbox 1753 4349 1869 4406; x_wconf 79' lang='grc' dir='ltr'>νέου</span> <span class='ocrx_word' id='word_1_539' title='bbox 1894 4349 1945 4405; x_wconf 83' lang='grc' dir='ltr'>ἐν</span> <span class='ocrx_word' id='word_1_540' title='bbox 1968 4375 2016 4436; x_wconf 84' lang='lat' dir='ltr'><strong>D</strong></span> <span class='ocrx_word' id='word_1_541' title='bbox 2036 4344 2241 4436; x_wconf 84' lang='lat' dir='ltr'><strong>Latina</strong></span> <span class='ocrx_word' id='word_1_542' title='bbox 2273 4343 2683 4436; x_wconf 62' lang='lat' dir='ltr'><strong>Martyrologia</strong></span> <span class='ocrx_word' id='word_1_543' title='bbox 2708 4345 2799 4436; x_wconf 57' lang='grc' dir='ltr'><strong>Δ17</strong></span> <span class='ocrx_word' id='word_1_544' title='bbox 2853 4344 2951 4404; x_wconf 90' lang='lat' dir='ltr'><strong>die</strong></span> <span class='ocrx_word' id='word_1_545' title='bbox 2983 4343 3271 4436; x_wconf 55' lang='lat' dir='ltr'><strong>Augusti,</strong></span> <span class='ocrx_word' id='word_1_546' title='bbox 3331 4341 3671 4436; x_wconf 64' lang='lat' dir='ltr'><strong>Graecorum</strong></span> 
     </span>
    </p>
   </div>
   <div class='ocr_carea' id='block_1_60' title="bbox 298 4433 1947 4518">
    <p class='ocr_par' dir='ltr' id='par_1_60' title="bbox 298 4433 1947 4518">
     <span class='ocr_line' id='line_1_61' title="bbox 298 4433 1947 4518; baseline 0.002 -27"><span class='ocrx_word' id='word_1_547' title='bbox 298 4433 573 4513; x_wconf 77' lang='grc' dir='ltr'><strong>θεολόγοις</strong></span> <span class='ocrx_word' id='word_1_548' title='bbox 619 4435 968 4517; x_wconf 76' lang='grc' dir='ltr'>πρεσϐυτέρου</span> <span class='ocrx_word' id='word_1_549' title='bbox 1023 4442 1111 4495; x_wconf 81' lang='grc' dir='ltr'><strong>καὶ</strong></span> <span class='ocrx_word' id='word_1_550' title='bbox 1157 4439 1451 4518; x_wconf 76' lang='grc' dir='ltr'>ἡγουμένου</span> <span class='ocrx_word' id='word_1_551' title='bbox 1507 4445 1606 4507; x_wconf 81' lang='grc' dir='ltr'><strong>τῆς</strong></span> <span class='ocrx_word' id='word_1_552' title='bbox 1659 4444 1826 4517; x_wconf 82' lang='grc' dir='ltr'>μονῆς</span> <span class='ocrx_word' id='word_1_553' title='bbox 1855 4444 1947 4494; x_wconf 79' lang='grc' dir='ltr'><strong>τοῦ</strong></span> 
     </span>
    </p>
   </div>
   <div class='ocr_carea' id='block_1_61' title="bbox 302 4522 1951 4607">
    <p class='ocr_par' dir='ltr' id='par_1_61' title="bbox 302 4522 1951 4607">
     <span class='ocr_line' id='line_1_62' title="bbox 302 4522 1951 4607; baseline 0.004 -28"><span class='ocrx_word' id='word_1_554' title='bbox 302 4522 451 4601; x_wconf 69' lang='grc' dir='ltr'><strong>ἄγξω</strong></span> <span class='ocrx_word' id='word_1_555' title='bbox 466 4522 930 4606; x_wconf 74' lang='grc' dir='ltr'>μεγαλομάρτυρος</span> <span class='ocrx_word' id='word_1_556' title='bbox 954 4527 1237 4603; x_wconf 69' lang='grc' dir='ltr'><strong>Μάμοιντος</strong></span> <span class='ocrx_word' id='word_1_557' title='bbox 1253 4533 1349 4595; x_wconf 79' lang='grc' dir='ltr'><strong>τῆς</strong></span> <span class='ocrx_word' id='word_1_558' title='bbox 1363 4526 1718 4607; x_wconf 70' lang='grc' dir='ltr'>Ξυλοκέριεου,</span> <span class='ocrx_word' id='word_1_559' title='bbox 1737 4526 1951 4590; x_wconf 89' lang='lat' dir='ltr'><strong>Sancti</strong></span> 
     </span>
    </p>
   </div>
   <div class='ocr_carea' id='block_1_62' title="bbox 303 4612 1949 4695">
    <p class='ocr_par' dir='ltr' id='par_1_62' title="bbox 303 4612 1949 4695">
     <span class='ocr_line' id='line_1_63' title="bbox 303 4612 1949 4695; baseline 0.002 -25"><span class='ocrx_word' id='word_1_560' title='bbox 303 4612 522 4674; x_wconf 84' lang='lat' dir='ltr'><strong>Patris</strong></span> <span class='ocrx_word' id='word_1_561' title='bbox 576 4615 804 4676; x_wconf 84' lang='lat' dir='ltr'><strong>nostris</strong></span> <span class='ocrx_word' id='word_1_562' title='bbox 853 4612 1175 4693; x_wconf 77' lang='lat' dir='ltr'><strong>Symeonis</strong></span> <span class='ocrx_word' id='word_1_563' title='bbox 1236 4613 1428 4695; x_wconf 85' lang='lat' dir='ltr'><strong>(vulgo</strong></span> <span class='ocrx_word' id='word_1_564' title='bbox 1501 4614 1796 4677; x_wconf 88' lang='lat' dir='ltr'><strong>Simeonis</strong></span> <span class='ocrx_word' id='word_1_565' title='bbox 1844 4632 1949 4694; x_wconf 91' lang='lat' dir='ltr'><strong>per</strong></span> 
     </span>
    </p>
   </div>
   <div class='ocr_carea' id='block_1_63' title="bbox 301 4699 1946 4782">
    <p class='ocr_par' dir='ltr' id='par_1_63' title="bbox 301 4699 1946 4782">
     <span class='ocr_line' id='line_1_64' title="bbox 301 4699 1946 4782; baseline 0.004 -28"><span class='ocrx_word' id='word_1_566' title='bbox 301 4699 454 4771; x_wconf 70' lang='lat' dir='ltr'><strong>irim,</strong></span> <span class='ocrx_word' id='word_1_567' title='bbox 489 4717 607 4760; x_wconf 92' lang='lat' dir='ltr'><strong>non</strong></span> <span class='ocrx_word' id='word_1_568' title='bbox 639 4719 742 4780; x_wconf 89' lang='lat' dir='ltr'><strong>per</strong></span> <span class='ocrx_word' id='word_1_569' title='bbox 761 4700 966 4778; x_wconf 78' lang='grc' dir='ltr'>ὑψιλόν)</span> <span class='ocrx_word' id='word_1_570' title='bbox 987 4704 1262 4763; x_wconf 81' lang='lat' dir='ltr'><strong>Juntoris</strong></span> <span class='ocrx_word' id='word_1_571' title='bbox 1288 4701 1595 4782; x_wconf 76' lang='lat' dir='ltr'><strong>Theotoyi,</strong></span> <span class='ocrx_word' id='word_1_572' title='bbox 1627 4701 1713 4763; x_wconf 91' lang='lat' dir='ltr'><strong>sic</strong></span> <span class='ocrx_word' id='word_1_573' title='bbox 1737 4700 1946 4782; x_wconf 88' lang='lat' dir='ltr'><strong>appel-</strong></span> 
     </span>
    </p>
   </div>
   <div class='ocr_carea' id='block_1_64' title="bbox 302 4785 1947 4871">
    <p class='ocr_par' dir='ltr' id='par_1_64' title="bbox 302 4785 1947 4871">
     <span class='ocr_line' id='line_1_65' title="bbox 302 4785 1947 4871; baseline 0.002 -23"><span class='ocrx_word' id='word_1_574' title='bbox 302 4785 456 4849; x_wconf 80' lang='lat' dir='ltr'><strong>latus</strong></span> <span class='ocrx_word' id='word_1_575' title='bbox 484 4790 737 4865; x_wconf 87' lang='lat' dir='ltr'><strong>videtur,</strong></span> <span class='ocrx_word' id='word_1_576' title='bbox 770 4799 833 4851; x_wconf 91' lang='lat' dir='ltr'><strong>ut</strong></span> <span class='ocrx_word' id='word_1_577' title='bbox 865 4800 1282 4854; x_wconf 87' lang='lat' dir='ltr'><strong>secerneretur</strong></span> <span class='ocrx_word' id='word_1_578' title='bbox 1310 4810 1343 4852; x_wconf 89' lang='lat' dir='ltr'><strong>a</strong></span> <span class='ocrx_word' id='word_1_579' title='bbox 1372 4791 1652 4871; x_wconf 84' lang='lat' dir='ltr'><strong>Gregorio</strong></span> <span class='ocrx_word' id='word_1_580' title='bbox 1687 4791 1947 4855; x_wconf 89' lang='lat' dir='ltr'><strong>Nazian-</strong></span> 
     </span>
    </p>
   </div>
   <div class='ocr_carea' id='block_1_65' title="bbox 300 4877 1941 4961">
    <p class='ocr_par' dir='ltr' id='par_1_65' title="bbox 300 4877 1941 4961">
     <span class='ocr_line' id='line_1_66' title="bbox 300 4877 1941 4961; baseline 0.002 -23"><span class='ocrx_word' id='word_1_581' title='bbox 300 4894 473 4952; x_wconf 78' lang='lat' dir='ltr'><strong>zeno,</strong></span> <span class='ocrx_word' id='word_1_582' title='bbox 510 4877 611 4958; x_wconf 89' lang='lat' dir='ltr'><strong>qui</strong></span> <span class='ocrx_word' id='word_1_583' title='bbox 637 4878 930 4959; x_wconf 81' lang='lat' dir='ltr'><strong>Theologi</strong></span> <span class='ocrx_word' id='word_1_584' title='bbox 959 4898 1177 4942; x_wconf 91' lang='lat' dir='ltr'><strong>nomen</strong></span> <span class='ocrx_word' id='word_1_585' title='bbox 1204 4881 1359 4961; x_wconf 90' lang='lat' dir='ltr'><strong>apud</strong></span> <span class='ocrx_word' id='word_1_586' title='bbox 1392 4879 1628 4944; x_wconf 75' lang='lat' dir='ltr'><strong>Graecos</strong></span> <span class='ocrx_word' id='word_1_587' title='bbox 1650 4879 1941 4942; x_wconf 89' lang='lat' dir='ltr'><strong>obtinuit:</strong></span> 
     </span>
    </p>
   </div>
   <div class='ocr_carea' id='block_1_66' title="bbox 300 4964 1944 5047">
    <p class='ocr_par' dir='ltr' id='par_1_66' title="bbox 300 4964 1944 5047">
     <span class='ocr_line' id='line_1_67' title="bbox 300 4964 1944 5047; baseline 0.001 -20"><span class='ocrx_word' id='word_1_588' title='bbox 300 4964 458 5047; x_wconf 90' lang='lat' dir='ltr'><strong>quod</strong></span> <span class='ocrx_word' id='word_1_589' title='bbox 486 4965 625 5046; x_wconf 87' lang='lat' dir='ltr'><strong>quia</strong></span> <span class='ocrx_word' id='word_1_590' title='bbox 656 4975 715 5028; x_wconf 89' lang='lat' dir='ltr'><strong>et</strong></span> <span class='ocrx_word' id='word_1_591' title='bbox 751 4967 1019 5028; x_wconf 91' lang='lat' dir='ltr'><strong>Simeoni</strong></span> <span class='ocrx_word' id='word_1_592' title='bbox 1060 4977 1262 5030; x_wconf 86' lang='lat' dir='ltr'><strong>nostro</strong></span> <span class='ocrx_word' id='word_1_593' title='bbox 1293 4969 1491 5030; x_wconf 90' lang='lat' dir='ltr'><strong>datum</strong></span> <span class='ocrx_word' id='word_1_594' title='bbox 1525 4980 1636 5044; x_wconf 89' lang='lat' dir='ltr'><strong>est,</strong></span> <span class='ocrx_word' id='word_1_595' title='bbox 1670 4968 1807 5030; x_wconf 86' lang='lat' dir='ltr'><strong>ideo</strong></span> <span class='ocrx_word' id='word_1_596' title='bbox 1837 4987 1944 5029; x_wconf 87' lang='lat' dir='ltr'><strong>vox</strong></span> 
     </span>
    </p>
   </div>
   <div class='ocr_carea' id='block_1_67' title="bbox 298 5054 1946 5137">
    <p class='ocr_par' dir='ltr' id='par_1_67' title="bbox 298 5054 1946 5137">
     <span class='ocr_line' id='line_1_68' title="bbox 298 5054 1946 5137; baseline 0 -19"><span class='ocrx_word' id='word_1_597' title='bbox 298 5061 398 5122; x_wconf 80' lang='grc' dir='ltr'><strong>τῆς</strong></span> <span class='ocrx_word' id='word_1_598' title='bbox 451 5055 573 5115; x_wconf 84' lang='grc' dir='ltr'>νέου</span> <span class='ocrx_word' id='word_1_599' title='bbox 638 5056 849 5117; x_wconf 84' lang='lat' dir='ltr'><strong>usitato</strong></span> <span class='ocrx_word' id='word_1_600' title='bbox 910 5054 1249 5120; x_wconf 68' lang='lat' dir='ltr'><strong>Graecarum</strong></span> <span class='ocrx_word' id='word_1_601' title='bbox 1304 5076 1468 5119; x_wconf 89' lang='lat' dir='ltr'><strong>more</strong></span> <span class='ocrx_word' id='word_1_602' title='bbox 1518 5057 1818 5137; x_wconf 85' lang='lat' dir='ltr'><strong>adjicitur,</strong></span> <span class='ocrx_word' id='word_1_603' title='bbox 1871 5076 1946 5118; x_wconf 91' lang='lat' dir='ltr'><strong>ne</strong></span> 
     </span>
    </p>
   </div>
   <div class='ocr_carea' id='block_1_68' title="bbox 298 5143 1943 5286">
    <p class='ocr_par' dir='ltr' id='par_1_68' title="bbox 298 5143 1943 5286">
     <span class='ocr_line' id='line_1_69' title="bbox 298 5143 1943 5286; baseline 0.003 -84"><span class='ocrx_word' id='word_1_604' title='bbox 298 5143 457 5286; x_wconf 51' lang='lat' dir='ltr'><strong>quis,</strong></span> <span class='ocrx_word' id='word_1_605' title='bbox 490 5143 692 5204; x_wconf 80' lang='lat' dir='ltr'><strong>audito</strong></span> <span class='ocrx_word' id='word_1_606' title='bbox 723 5144 852 5206; x_wconf 89' lang='lat' dir='ltr'><strong>sine</strong></span> <span class='ocrx_word' id='word_1_607' title='bbox 866 5145 983 5206; x_wconf 89' lang='lat' dir='ltr'><strong>ulla</strong></span> <span class='ocrx_word' id='word_1_608' title='bbox 998 5146 1335 5226; x_wconf 88' lang='lat' dir='ltr'><strong>adjectione</strong></span> <span class='ocrx_word' id='word_1_609' title='bbox 1366 5145 1652 5225; x_wconf 84' lang='lat' dir='ltr'><strong>Theologi</strong></span> <span class='ocrx_word' id='word_1_610' title='bbox 1679 5147 1943 5221; x_wconf 81' lang='lat' dir='ltr'><strong>nonine,</strong></span> 
     </span>
     <span class='ocr_line' id='line_1_70' title="bbox 351 5222 1943 5286; baseline 0.001 -2"><span class='ocrx_word' id='word_1_611' title='bbox 351 5223 656 5286; x_wconf 71' lang='lat' dir='ltr'><strong>regorium</strong></span> <span class='ocrx_word' id='word_1_612' title='bbox 712 5222 1144 5286; x_wconf 87' lang='lat' dir='ltr'><strong>Nazianzenum</strong></span> <span class='ocrx_word' id='word_1_613' title='bbox 1192 5229 1389 5286; x_wconf 89' lang='lat' dir='ltr'><strong>animo</strong></span> <span class='ocrx_word' id='word_1_614' title='bbox 1438 5230 1813 5286; x_wconf 87' lang='lat' dir='ltr'><strong>concineret:</strong></span> <span class='ocrx_word' id='word_1_615' title='bbox 1861 5226 1943 5286; x_wconf 90' lang='lat' dir='ltr'><strong>sic</strong></span> 
     </span>
    </p>
   </div>
   <div class='ocr_carea' id='block_1_69' title="bbox 351 5222 1949 5306">
    <p class='ocr_par' dir='ltr' id='par_1_69' title="bbox 351 5222 1949 5306">
     <span class='ocr_line' id='line_1_71' title="bbox 351 5222 1949 5306; baseline 0.002 -22"><span class='ocrx_word' id='word_1_616' title='bbox 351 5223 656 5302; x_wconf 82' lang='lat' dir='ltr'><strong>regorium</strong></span> <span class='ocrx_word' id='word_1_617' title='bbox 712 5222 1144 5288; x_wconf 81' lang='lat' dir='ltr'><strong>Nazianzemim</strong></span> <span class='ocrx_word' id='word_1_618' title='bbox 1192 5229 1389 5289; x_wconf 88' lang='lat' dir='ltr'><strong>animo</strong></span> <span class='ocrx_word' id='word_1_619' title='bbox 1438 5222 1813 5306; x_wconf 76' lang='lat' dir='ltr'><strong>conciperet;</strong></span> <span class='ocrx_word' id='word_1_620' title='bbox 1861 5226 1949 5288; x_wconf 90' lang='lat' dir='ltr'><strong>sic</strong></span> 
     </span>
    </p>
   </div>
   <div class='ocr_carea' id='block_1_70' title="bbox 298 5308 1943 5397">
    <p class='ocr_par' dir='ltr' id='par_1_70' title="bbox 298 5308 1943 5397">
     <span class='ocr_line' id='line_1_72' title="bbox 298 5308 1943 5397; baseline 0.001 -24"><span class='ocrx_word' id='word_1_621' title='bbox 298 5308 640 5392; x_wconf 87' lang='lat' dir='ltr'><strong>Stephanus</strong></span> <span class='ocrx_word' id='word_1_622' title='bbox 668 5314 697 5368; x_wconf 89' lang='lat' dir='ltr'><strong>‘o</strong></span> <span class='ocrx_word' id='word_1_623' title='bbox 728 5313 869 5389; x_wconf 84' lang='grc' dir='ltr'>νὲος,</span> <span class='ocrx_word' id='word_1_624' title='bbox 898 5316 1141 5388; x_wconf 87' lang='lat' dir='ltr'><strong>Junior,</strong></span> <span class='ocrx_word' id='word_1_625' title='bbox 1168 5325 1390 5396; x_wconf 79' lang='lat' dir='ltr'><strong>martyr</strong></span> <span class='ocrx_word' id='word_1_626' title='bbox 1410 5315 1519 5377; x_wconf 87' lang='lat' dir='ltr'><strong>sub</strong></span> <span class='ocrx_word' id='word_1_627' title='bbox 1544 5316 1943 5397; x_wconf 80' lang='lat' dir='ltr'><strong>C0pronymo,</strong></span> 
     </span>
    </p>
   </div>
   <div class='ocr_carea' id='block_1_71' title="bbox 296 5399 1949 5486">
    <p class='ocr_par' dir='ltr' id='par_1_71' title="bbox 296 5399 1949 5486">
     <span class='ocr_line' id='line_1_73' title="bbox 296 5399 1949 5486; baseline 0.003 -26"><span class='ocrx_word' id='word_1_628' title='bbox 296 5399 367 5461; x_wconf 81' lang='lat' dir='ltr'><strong>ad</strong></span> <span class='ocrx_word' id='word_1_629' title='bbox 383 5399 831 5463; x_wconf 80' lang='lat' dir='ltr'><strong>distinctionem</strong></span> <span class='ocrx_word' id='word_1_630' title='bbox 851 5404 1292 5485; x_wconf 87' lang='lat' dir='ltr'><strong>protomartyris</strong></span> <span class='ocrx_word' id='word_1_631' title='bbox 1305 5403 1625 5486; x_wconf 77' lang='lat' dir='ltr'><strong>Stephani;</strong></span> <span class='ocrx_word' id='word_1_632' title='bbox 1648 5405 1733 5466; x_wconf 91' lang='lat' dir='ltr'><strong>sic</strong></span> <span class='ocrx_word' id='word_1_633' title='bbox 1755 5405 1949 5468; x_wconf 89' lang='lat' dir='ltr'><strong>Theo-</strong></span> 
     </span>
    </p>
   </div>
   <div class='ocr_carea' id='block_1_72' title="bbox 297 5488 1947 5575">
    <p class='ocr_par' dir='ltr' id='par_1_72' title="bbox 297 5488 1947 5575">
     <span class='ocr_line' id='line_1_74' title="bbox 297 5488 1947 5575; baseline 0.002 -25"><span class='ocrx_word' id='word_1_634' title='bbox 297 5488 505 5552; x_wconf 88' lang='lat' dir='ltr'><strong>dosius</strong></span> <span class='ocrx_word' id='word_1_635' title='bbox 534 5493 563 5548; x_wconf 80' lang='grc' dir='ltr'>ὸ</span> <span class='ocrx_word' id='word_1_636' title='bbox 602 5490 744 5562; x_wconf 76' lang='grc' dir='ltr'>νέος,</span> <span class='ocrx_word' id='word_1_637' title='bbox 789 5490 1239 5554; x_wconf 84' lang='lat' dir='ltr'><strong>Valentinianus</strong></span> <span class='ocrx_word' id='word_1_638' title='bbox 1283 5497 1311 5552; x_wconf 85' lang='grc' dir='ltr'>ὁ</span> <span class='ocrx_word' id='word_1_639' title='bbox 1361 5495 1500 5575; x_wconf 73' lang='grc' dir='ltr'>νέος,</span> <span class='ocrx_word' id='word_1_640' title='bbox 1557 5501 1833 5575; x_wconf 89' lang='lat' dir='ltr'><strong>respectu</strong></span> <span class='ocrx_word' id='word_1_641' title='bbox 1875 5491 1947 5553; x_wconf 91' lang='lat' dir='ltr'><strong>ad</strong></span> 
     </span>
    </p>
   </div>
   <div class='ocr_carea' id='block_1_73' title="bbox 299 5576 1950 5666">
    <p class='ocr_par' dir='ltr' id='par_1_73' title="bbox 299 5576 1950 5666">
     <span class='ocr_line' id='line_1_75' title="bbox 299 5576 1950 5666; baseline 0.005 -30"><span class='ocrx_word' id='word_1_642' title='bbox 299 5576 573 5663; x_wconf 79' lang='lat' dir='ltr'><strong>ejusdem</strong></span> <span class='ocrx_word' id='word_1_643' title='bbox 595 5578 855 5642; x_wconf 87' lang='lat' dir='ltr'><strong>nominis</strong></span> <span class='ocrx_word' id='word_1_644' title='bbox 871 5588 1281 5647; x_wconf 81' lang='lat' dir='ltr'><strong>antecessores</strong></span> <span class='ocrx_word' id='word_1_645' title='bbox 1301 5600 1315 5647; x_wconf 89' lang='lat'>:</span> <span class='ocrx_word' id='word_1_646' title='bbox 1346 5582 1700 5665; x_wconf 79' lang='lat' dir='ltr'><strong>Presbyteri</strong></span> <span class='ocrx_word' id='word_1_647' title='bbox 1720 5589 1778 5646; x_wconf 87' lang='lat' dir='ltr'><strong>et</strong></span> <span class='ocrx_word' id='word_1_648' title='bbox 1791 5598 1950 5666; x_wconf 69' lang='lat' dir='ltr'><strong>prat-</strong></span> 
     </span>
    </p>
   </div>
   <div class='ocr_carea' id='block_1_74' title="bbox 2033 4430 3673 4514">
    <p class='ocr_par' dir='ltr' id='par_1_74' title="bbox 2033 4430 3673 4514">
     <span class='ocr_line' id='line_1_76' title="bbox 2033 4430 3673 4514; baseline -0.001 -21"><span class='ocrx_word' id='word_1_649' title='bbox 2033 4432 2364 4511; x_wconf 85' lang='lat' dir='ltr'><strong>Menologia</strong></span> <span class='ocrx_word' id='word_1_650' title='bbox 2391 4432 2430 4494; x_wconf 80' lang='lat'><strong>2</strong></span> <span class='ocrx_word' id='word_1_651' title='bbox 2460 4430 2849 4514; x_wconf 91' lang='lat' dir='ltr'><strong>Septembris.</strong></span> <span class='ocrx_word' id='word_1_652' title='bbox 2897 4433 3339 4497; x_wconf 89' lang='lat' dir='ltr'><strong>Celeberrimus</strong></span> <span class='ocrx_word' id='word_1_653' title='bbox 3372 4432 3477 4493; x_wconf 89' lang='lat' dir='ltr'><strong>fuit</strong></span> <span class='ocrx_word' id='word_1_654' title='bbox 3518 4431 3673 4512; x_wconf 89' lang='lat' dir='ltr'><strong>apud</strong></span> 
     </span>
    </p>
   </div>
   <div class='ocr_carea' id='block_1_75' title="bbox 2031 4521 3680 4602">
    <p class='ocr_par' dir='ltr' id='par_1_75' title="bbox 2031 4521 3680 4602">
     <span class='ocr_line' id='line_1_77' title="bbox 2031 4521 3680 4602; baseline -0.002 -16"><span class='ocrx_word' id='word_1_655' title='bbox 2031 4524 2288 4591; x_wconf 65' lang='lat' dir='ltr'><strong>Graecos,</strong></span> <span class='ocrx_word' id='word_1_656' title='bbox 2324 4529 2386 4582; x_wconf 92' lang='lat' dir='ltr'><strong>ut</strong></span> <span class='ocrx_word' id='word_1_657' title='bbox 2415 4521 2600 4602; x_wconf 84' lang='lat' dir='ltr'><strong>liquet</strong></span> <span class='ocrx_word' id='word_1_658' title='bbox 2642 4538 2776 4584; x_wconf 90' lang='lat' dir='ltr'><strong>cum</strong></span> <span class='ocrx_word' id='word_1_659' title='bbox 2803 4521 3063 4595; x_wconf 88' lang='lat' dir='ltr'><strong>aliunde,</strong></span> <span class='ocrx_word' id='word_1_660' title='bbox 3119 4531 3243 4582; x_wconf 92' lang='lat' dir='ltr'><strong>tum</strong></span> <span class='ocrx_word' id='word_1_661' title='bbox 3290 4540 3358 4583; x_wconf 83' lang='lat' dir='ltr'><strong>ex</strong></span> <span class='ocrx_word' id='word_1_662' title='bbox 3411 4521 3680 4583; x_wconf 89' lang='lat' dir='ltr'><strong>oratione</strong></span> 
     </span>
    </p>
   </div>
   <div class='ocr_carea' id='block_1_76' title="bbox 2030 4607 3679 4693">
    <p class='ocr_par' dir='ltr' id='par_1_76' title="bbox 2030 4607 3679 4693">
     <span class='ocr_line' id='line_1_78' title="bbox 2030 4607 3679 4693; baseline 0 -22"><span class='ocrx_word' id='word_1_663' title='bbox 2030 4630 2148 4693; x_wconf 89' lang='lat' dir='ltr'><strong>qua</strong></span> <span class='ocrx_word' id='word_1_664' title='bbox 2180 4618 2492 4690; x_wconf 88' lang='lat' dir='ltr'><strong>martyrem</strong></span> <span class='ocrx_word' id='word_1_665' title='bbox 2527 4611 2683 4671; x_wconf 90' lang='lat' dir='ltr'><strong>hunc</strong></span> <span class='ocrx_word' id='word_1_666' title='bbox 2711 4620 2946 4671; x_wconf 87' lang='lat' dir='ltr'><strong>sanctus</strong></span> <span class='ocrx_word' id='word_1_667' title='bbox 2971 4607 3223 4670; x_wconf 89' lang='lat' dir='ltr'><strong>Basilius</strong></span> <span class='ocrx_word' id='word_1_668' title='bbox 3246 4611 3566 4672; x_wconf 82' lang='lat' dir='ltr'><strong>exornavit.</strong></span> <span class='ocrx_word' id='word_1_669' title='bbox 3592 4611 3679 4671; x_wconf 87' lang='lat' dir='ltr'><strong>De</strong></span> 
     </span>
    </p>
   </div>
   <div class='ocr_carea' id='block_1_77' title="bbox 2031 4696 3672 4778">
    <p class='ocr_par' dir='ltr' id='par_1_77' title="bbox 2031 4696 3672 4778">
     <span class='ocr_line' id='line_1_79' title="bbox 2031 4696 3672 4778; baseline -0.002 -16"><span class='ocrx_word' id='word_1_670' title='bbox 2031 4700 2241 4762; x_wconf 89' lang='lat' dir='ltr'><strong>eodem</strong></span> <span class='ocrx_word' id='word_1_671' title='bbox 2279 4718 2394 4759; x_wconf 92' lang='lat' dir='ltr'><strong>non</strong></span> <span class='ocrx_word' id='word_1_672' title='bbox 2430 4718 2614 4778; x_wconf 89' lang='lat' dir='ltr'><strong>pauca</strong></span> <span class='ocrx_word' id='word_1_673' title='bbox 2641 4708 2878 4761; x_wconf 87' lang='lat' dir='ltr'><strong>sanctus</strong></span> <span class='ocrx_word' id='word_1_674' title='bbox 2908 4698 3228 4776; x_wconf 76' lang='lat' dir='ltr'><strong>Gregorius</strong></span> <span class='ocrx_word' id='word_1_675' title='bbox 3249 4696 3672 4772; x_wconf 86' lang='lat' dir='ltr'><strong>Nazianzenus,</strong></span> 
     </span>
    </p>
   </div>
   <div class='ocr_carea' id='block_1_78' title="bbox 2029 4786 3677 4851">
    <p class='ocr_par' dir='ltr' id='par_1_78' title="bbox 2029 4786 3677 4851">
     <span class='ocr_line' id='line_1_80' title="bbox 2029 4786 3677 4851; baseline -0.002 -1"><span class='ocrx_word' id='word_1_676' title='bbox 2029 4796 2177 4851; x_wconf 87' lang='lat' dir='ltr'><strong>orat.</strong></span> <span class='ocrx_word' id='word_1_677' title='bbox 2208 4788 2270 4848; x_wconf 90' lang='lat' dir='ltr'><strong>in</strong></span> <span class='ocrx_word' id='word_1_678' title='bbox 2302 4786 2519 4849; x_wconf 89' lang='lat' dir='ltr'><strong>Novam</strong></span> <span class='ocrx_word' id='word_1_679' title='bbox 2550 4787 2939 4849; x_wconf 74' lang='lat' dir='ltr'><strong>Dominicam.</strong></span> <span class='ocrx_word' id='word_1_680' title='bbox 2991 4786 3264 4851; x_wconf 85' lang='lat' dir='ltr'><strong>Meminit</strong></span> <span class='ocrx_word' id='word_1_681' title='bbox 3308 4797 3366 4847; x_wconf 91' lang='lat' dir='ltr'><strong>et</strong></span> <span class='ocrx_word' id='word_1_682' title='bbox 3411 4787 3677 4849; x_wconf 86' lang='lat' dir='ltr'><strong>Miscella</strong></span> 
     </span>
    </p>
   </div>
   <div class='ocr_carea' id='block_1_79' title="bbox 2029 4874 3676 4956">
    <p class='ocr_par' dir='ltr' id='par_1_79' title="bbox 2029 4874 3676 4956">
     <span class='ocr_line' id='line_1_81' title="bbox 2029 4874 3676 4956; baseline -0.003 -17"><span class='ocrx_word' id='word_1_683' title='bbox 2029 4876 2273 4939; x_wconf 88' lang='lat' dir='ltr'><strong>historia</strong></span> <span class='ocrx_word' id='word_1_684' title='bbox 2304 4876 2621 4956; x_wconf 85' lang='lat' dir='ltr'><strong>aliquoties</strong></span> <span class='ocrx_word' id='word_1_685' title='bbox 2668 4875 2939 4956; x_wconf 87' lang='lat' dir='ltr'><strong>martyris</strong></span> <span class='ocrx_word' id='word_1_686' title='bbox 2980 4875 3204 4949; x_wconf 63' lang='lat' dir='ltr'><strong>Mamae,</strong></span> <span class='ocrx_word' id='word_1_687' title='bbox 3242 4874 3298 4934; x_wconf 94' lang='lat' dir='ltr'><strong>in</strong></span> <span class='ocrx_word' id='word_1_688' title='bbox 3333 4875 3490 4936; x_wconf 91' lang='lat' dir='ltr'><strong>hunc</strong></span> <span class='ocrx_word' id='word_1_689' title='bbox 3519 4875 3676 4935; x_wconf 89' lang='lat' dir='ltr'><strong>enim</strong></span> 
     </span>
    </p>
   </div>
   <div class='ocr_carea' id='block_1_80' title="bbox 2031 4963 3675 5043">
    <p class='ocr_par' dir='ltr' id='par_1_80' title="bbox 2031 4963 3675 5043">
     <span class='ocr_line' id='line_1_82' title="bbox 2031 4963 3675 5043; baseline -0.004 -16"><span class='ocrx_word' id='word_1_690' title='bbox 2031 4967 2269 5027; x_wconf 92' lang='lat' dir='ltr'><strong>modum</strong></span> <span class='ocrx_word' id='word_1_691' title='bbox 2304 4965 2554 5026; x_wconf 86' lang='lat' dir='ltr'><strong>inﬂectit</strong></span> <span class='ocrx_word' id='word_1_692' title='bbox 2582 4976 2788 5029; x_wconf 87' lang='lat' dir='ltr'><strong>auctor</strong></span> <span class='ocrx_word' id='word_1_693' title='bbox 2817 4965 2914 5026; x_wconf 91' lang='lat' dir='ltr'><strong>ille</strong></span> <span class='ocrx_word' id='word_1_694' title='bbox 2940 4983 3155 5026; x_wconf 92' lang='lat' dir='ltr'><strong>nomen</strong></span> <span class='ocrx_word' id='word_1_695' title='bbox 3178 4963 3356 5043; x_wconf 89' lang='lat' dir='ltr'><strong>hujus</strong></span> <span class='ocrx_word' id='word_1_696' title='bbox 3384 4963 3675 5042; x_wconf 90' lang='lat' dir='ltr'><strong>martyris.</strong></span> 
     </span>
    </p>
   </div>
   <div class='ocr_carea' id='block_1_81' title="bbox 2029 5051 3678 5134">
    <p class='ocr_par' dir='ltr' id='par_1_81' title="bbox 2029 5051 3678 5134">
     <span class='ocr_line' id='line_1_83' title="bbox 2029 5051 3678 5134; baseline -0.004 -17"><span class='ocrx_word' id='word_1_697' title='bbox 2029 5055 2092 5117; x_wconf 93' lang='lat' dir='ltr'><strong>In</strong></span> <span class='ocrx_word' id='word_1_698' title='bbox 2123 5055 2294 5134; x_wconf 86' lang='lat' dir='ltr'><strong>cujus</strong></span> <span class='ocrx_word' id='word_1_699' title='bbox 2325 5054 2613 5115; x_wconf 89' lang='lat' dir='ltr'><strong>honorem</strong></span> <span class='ocrx_word' id='word_1_700' title='bbox 2657 5054 2940 5134; x_wconf 91' lang='lat' dir='ltr'><strong>templum</strong></span> <span class='ocrx_word' id='word_1_701' title='bbox 2970 5062 3025 5114; x_wconf 92' lang='lat' dir='ltr'><strong>et</strong></span> <span class='ocrx_word' id='word_1_702' title='bbox 3062 5051 3486 5113; x_wconf 89' lang='lat' dir='ltr'><strong>monasterium</strong></span> <span class='ocrx_word' id='word_1_703' title='bbox 3519 5051 3678 5114; x_wconf 89' lang='lat' dir='ltr'><strong>Con-</strong></span> 
     </span>
    </p>
   </div>
   <div class='ocr_carea' id='block_1_82' title="bbox 2031 5137 3685 5221">
    <p class='ocr_par' dir='ltr' id='par_1_82' title="bbox 2031 5137 3685 5221">
     <span class='ocr_line' id='line_1_84' title="bbox 2031 5137 3685 5221; baseline -0.004 -17"><span class='ocrx_word' id='word_1_704' title='bbox 2031 5141 2415 5221; x_wconf 90' lang='lat' dir='ltr'><strong>stantinopoli</strong></span> <span class='ocrx_word' id='word_1_705' title='bbox 2445 5141 2708 5203; x_wconf 88' lang='lat' dir='ltr'><strong>condidit</strong></span> <span class='ocrx_word' id='word_1_706' title='bbox 2743 5143 3173 5205; x_wconf 82' lang='lat' dir='ltr'><strong>Pharasmanes</strong></span> <span class='ocrx_word' id='word_1_707' title='bbox 3208 5138 3331 5219; x_wconf 85' lang='lat' dir='ltr'><strong>(qui</strong></span> <span class='ocrx_word' id='word_1_708' title='bbox 3362 5138 3470 5199; x_wconf 90' lang='lat' dir='ltr'><strong>sub</strong></span> <span class='ocrx_word' id='word_1_709' title='bbox 3499 5137 3685 5200; x_wconf 86' lang='lat' dir='ltr'><strong>Justi-</strong></span> 
     </span>
    </p>
   </div>
   <div class='ocr_carea' id='block_1_83' title="bbox 2032 5226 3678 5310">
    <p class='ocr_par' dir='ltr' id='par_1_83' title="bbox 2032 5226 3678 5310">
     <span class='ocr_line' id='line_1_85' title="bbox 2032 5226 3678 5310; baseline -0.003 -18"><span class='ocrx_word' id='word_1_710' title='bbox 2032 5231 2208 5292; x_wconf 87' lang='lat' dir='ltr'><strong>niano</strong></span> <span class='ocrx_word' id='word_1_711' title='bbox 2236 5229 2562 5310; x_wconf 89' lang='lat' dir='ltr'><strong>imperialis</strong></span> <span class='ocrx_word' id='word_1_712' title='bbox 2592 5230 2847 5292; x_wconf 89' lang='lat' dir='ltr'><strong>cubiculi</strong></span> <span class='ocrx_word' id='word_1_713' title='bbox 2900 5229 3212 5310; x_wconf 75' lang='lat' dir='ltr'><strong>praefectus</strong></span> <span class='ocrx_word' id='word_1_714' title='bbox 3245 5226 3376 5299; x_wconf 82' lang='lat' dir='ltr'><strong>fuit,</strong></span> <span class='ocrx_word' id='word_1_715' title='bbox 3417 5234 3480 5286; x_wconf 91' lang='lat' dir='ltr'><strong>ut</strong></span> <span class='ocrx_word' id='word_1_716' title='bbox 3523 5226 3678 5287; x_wconf 87' lang='lat' dir='ltr'><strong>scri-</strong></span> 
     </span>
    </p>
   </div>
   <div class='ocr_carea' id='block_1_84' title="bbox 2033 5317 3681 5400">
    <p class='ocr_par' dir='ltr' id='par_1_84' title="bbox 2033 5317 3681 5400">
     <span class='ocr_line' id='line_1_86' title="bbox 2033 5317 3681 5400; baseline -0.004 -17"><span class='ocrx_word' id='word_1_717' title='bbox 2033 5319 2530 5400; x_wconf 88' lang='lat' dir='ltr'><strong>bitNicephorus,</strong></span> <span class='ocrx_word' id='word_1_718' title='bbox 2554 5318 2658 5382; x_wconf 93' lang='lat' dir='ltr'><strong>lib.</strong></span> <span class='ocrx_word' id='word_1_719' title='bbox 2695 5337 2861 5399; x_wconf 82' lang='lat' dir='ltr'><strong>xvul,</strong></span> <span class='ocrx_word' id='word_1_720' title='bbox 2887 5335 3015 5396; x_wconf 85' lang='lat' dir='ltr'><strong>cap.</strong></span> <span class='ocrx_word' id='word_1_721' title='bbox 3041 5317 3186 5391; x_wconf 77' lang='grc'><strong>441,</strong></span> <span class='ocrx_word' id='word_1_722' title='bbox 3216 5332 3407 5396; x_wconf 85' lang='lat' dir='ltr'><strong>prope</strong></span> <span class='ocrx_word' id='word_1_723' title='bbox 3436 5331 3681 5377; x_wconf 85' lang='lat' dir='ltr'><strong>murum</strong></span> 
     </span>
    </p>
   </div>
   <div class='ocr_carea' id='block_1_85' title="bbox 2030 5402 3684 5488">
    <p class='ocr_par' dir='ltr' id='par_1_85' title="bbox 2030 5402 3684 5488">
     <span class='ocr_line' id='line_1_87' title="bbox 2030 5402 3684 5488; baseline -0.004 -16"><span class='ocrx_word' id='word_1_724' title='bbox 2030 5410 2131 5472; x_wconf 81' lang='lat' dir='ltr'><strong>cui.</strong></span> <span class='ocrx_word' id='word_1_725' title='bbox 2157 5406 2519 5488; x_wconf 81' lang='lat' dir='ltr'><strong>Xylocercus</strong></span> <span class='ocrx_word' id='word_1_726' title='bbox 2544 5426 2756 5470; x_wconf 88' lang='lat' dir='ltr'><strong>nomen</strong></span> <span class='ocrx_word' id='word_1_727' title='bbox 2775 5414 2884 5469; x_wconf 88' lang='lat' dir='ltr'><strong>est.</strong></span> <span class='ocrx_word' id='word_1_728' title='bbox 2914 5405 2983 5467; x_wconf 88' lang='lat' dir='ltr'><strong>Et</strong></span> <span class='ocrx_word' id='word_1_729' title='bbox 3008 5404 3185 5484; x_wconf 86' lang='lat' dir='ltr'><strong>hujus</strong></span> <span class='ocrx_word' id='word_1_730' title='bbox 3209 5402 3551 5465; x_wconf 88' lang='lat' dir='ltr'><strong>monasterii</strong></span> <span class='ocrx_word' id='word_1_731' title='bbox 3571 5404 3684 5465; x_wconf 79' lang='lat' dir='ltr'><strong>fuit</strong></span> 
     </span>
    </p>
   </div>
   <div class='ocr_carea' id='block_1_86' title="bbox 2032 5492 3674 5576">
    <p class='ocr_par' dir='ltr' id='par_1_86' title="bbox 2032 5492 3674 5576">
     <span class='ocr_line' id='line_1_88' title="bbox 2032 5492 3674 5576; baseline -0.002 -17"><span class='ocrx_word' id='word_1_732' title='bbox 2032 5497 2132 5559; x_wconf 89' lang='lat' dir='ltr'><strong>hic</strong></span> <span class='ocrx_word' id='word_1_733' title='bbox 2161 5503 2364 5557; x_wconf 88' lang='lat' dir='ltr'><strong>noster</strong></span> <span class='ocrx_word' id='word_1_734' title='bbox 2393 5497 2644 5576; x_wconf 83' lang='lat' dir='ltr'><strong>Symeon</strong></span> <span class='ocrx_word' id='word_1_735' title='bbox 2677 5498 2928 5558; x_wconf 90' lang='lat' dir='ltr'><strong>antistes</strong></span> <span class='ocrx_word' id='word_1_736' title='bbox 2950 5503 3006 5555; x_wconf 92' lang='lat' dir='ltr'><strong>et</strong></span> <span class='ocrx_word' id='word_1_737' title='bbox 3038 5492 3365 5573; x_wconf 87' lang='lat' dir='ltr'><strong>presbyter.</strong></span> <span class='ocrx_word' id='word_1_738' title='bbox 3393 5493 3516 5555; x_wconf 90' lang='lat' dir='ltr'><strong>Nec</strong></span> <span class='ocrx_word' id='word_1_739' title='bbox 3539 5512 3674 5555; x_wconf 88' lang='lat' dir='ltr'><strong>mu-</strong></span> 
     </span>
    </p>
   </div>
   <div class='ocr_carea' id='block_1_87' title="bbox 2030 5580 3680 5666">
    <p class='ocr_par' dir='ltr' id='par_1_87' title="bbox 2030 5580 3680 5666">
     <span class='ocr_line' id='line_1_89' title="bbox 2030 5580 3680 5666; baseline -0.004 -15"><span class='ocrx_word' id='word_1_740' title='bbox 2030 5603 2135 5651; x_wconf 90' lang='lat' dir='ltr'><strong>rus</strong></span> <span class='ocrx_word' id='word_1_741' title='bbox 2165 5592 2393 5647; x_wconf 90' lang='lat' dir='ltr'><strong>tantum</strong></span> <span class='ocrx_word' id='word_1_742' title='bbox 2424 5583 2761 5665; x_wconf 78' lang='grc' dir='ltr'>Ξυλόκερκος</span> <span class='ocrx_word' id='word_1_743' title='bbox 2800 5582 3132 5666; x_wconf 87' lang='lat' dir='ltr'><strong>appellatus</strong></span> <span class='ocrx_word' id='word_1_744' title='bbox 3160 5589 3293 5657; x_wconf 88' lang='lat' dir='ltr'><strong>est;</strong></span> <span class='ocrx_word' id='word_1_745' title='bbox 3327 5580 3431 5643; x_wconf 90' lang='lat' dir='ltr'><strong>sed</strong></span> <span class='ocrx_word' id='word_1_746' title='bbox 3465 5588 3523 5644; x_wconf 91' lang='lat' dir='ltr'><strong>et</strong></span> <span class='ocrx_word' id='word_1_747' title='bbox 3553 5581 3680 5664; x_wconf 89' lang='lat' dir='ltr'><strong>ejus</strong></span> 
     </span>
    </p>
   </div>
  </div>
