4068 6112
367 330 487 401 319

1652 326 2030 395 SYMEONIS
2068 328 2438 394 lUNIORIS.

3621 331 3739 400 320

364 465 481 529 loci
512 473 700 547 porta,
733 481 803 526 ea
832 461 908 555 de
936 479 1132 555 causa,
1177 465 1257 555 ut
1292 468 1454 525 notat
1486 469 1693 555 auctor
1721 460 2004 525 Pandect.
2029 462 2322 546 ACilicia,
2350 471 2519 551 cujus
2538 470 2806 533 meminit
2832 471 3091 535 Pratum
3110 474 3452 551 spirituale,
3479 492 3611 555 cap.
3632 474 3730 538 57.

372 558 544 619 Turc.
575 555 730 616 Hist.
759 574 779 615 :
812 553 984 627 Quod
1028 552 1294 631 artifices
1311 558 1555 633 portam
1580 550 1752 613 illam
1774 558 2010 613 struen-

366 654 473 716 tes,
510 663 736 728 magna
774 646 839 705 in
881 644 1280 721 fundamento
1319 660 1491 723 aquae
1525 647 1764 721 reperta
1802 640 2002 721 ecpia,

365 739 549 817 tignis
564 734 853 816 plurimis
877 750 948 795 ac
991 732 1152 812 palis
1200 734 1266 793 in
1316 750 1479 812 aqua
1519 732 1741 812 deficis
1777 730 2009 809 lapides

364 828 701 904 iniecerint,
726 823 999 900 atqueita
1022 821 1265 883 demum
1284 822 1527 900 aediﬁcii
1541 821 2009 899 fundamentum

363 919 608 999 firmum
650 913 973 994 effecerint.
1016 910 1203 973 Hodie
1234 910 1571 971 nominatur
1595 908 2011 999 Hagiobazari

362 996 558 1089 porta,
566 1024 672 1086 per
683 1019 864 1085 quam
872 1004 1101 1065 scilicet
1115 1002 1546 1081 ingrediuntur
1565 1001 1775 1061 urbem
1788 996 2009 1089 litigio-

367 1087 657 1159 bazaritw
688 1105 858 1156 trans
879 1099 1084 1156 sinum
1132 1091 1473 1154 habitantes
1495 1108 1528 1152 e
1555 1089 1804 1170 regione
1831 1087 2010 1164 hujus

358 1192 550 1267 portae
584 1184 817 1246 Nomen
839 1181 1255 1262 Hagiobazari
1272 1180 1577 1261 signiﬁcat
1597 1176 1692 1241 vel
1708 1177 1904 1239 sancti
1918 1175 2008 1237 rel

363 1284 638 1337 sanctum
662 1275 1019 1353 emporium.
1049 1272 1122 1332 Et
1151 1268 1851 1350 Emporii,vocengeon
1869 1283 2008 1346 quo-

367 1382 481 1446 que
518 1363 808 1442 Magister
846 1378 980 1423 cum
1020 1359 1162 1421 aliis
1192 1358 1417 1422 Graecis
1446 1357 1644 1446 utitur
1670 1373 1790 1437 pro
1818 1355 2008 1446 nullis

366 1442 572 1514 clauso
610 1451 828 1531 portis,
880 1455 987 1511 aut
1024 1447 1211 1509 nullis
1245 1447 1441 1509 cincto
1475 1445 1671 1506 muris
1699 1442 2002 1524 oppidulo.

365 1540 579 1604 Sancti
588 1539 790 1619 potius
801 1537 1139 1600 existimem
1149 1536 1464 1597 dicendum
1479 1533 1807 1613 emporium
1819 1539 1909 1605 ,ut
1922 1532 2012 1592 in~

364 1629 676 1709 telligatur
706 1626 1042 1704 emporium
1066 1627 1280 1687 Sancti
1314 1624 1657 1701 Mamantis,
1692 1623 1853 1701 quod
1867 1620 2012 1682 olim

364 1717 807 1781 monasterium
848 1716 1104 1793 insigne,
1159 1713 1464 1793 palatium
1497 1712 1835 1793 Augustale
1865 1710 2009 1773 cele-

2088 556 2233 619 Nam
2266 568 2471 621 noster
2499 559 2611 622 iste
2661 579 2777 622 non
2811 560 2919 623 fuit
2967 560 3240 642 Stylites;
3271 570 3328 624 et
3359 572 3478 625 tres
3513 564 3602 625 isti
3633 562 3734 626 Si-

2091 666 2336 711 meones
2348 649 2764 712 vixeruntante
2783 658 3052 731 tempora
3076 653 3468 714 Iconomacha
3491 674 3506 725 ;
3531 659 3734 714 noster

2089 737 2179 798 vel
2209 738 2271 798 in
2301 738 2470 818 ipsis,
2503 739 2592 800 vel
2617 746 2775 801 certe
2808 740 3109 820 postipsa.
3142 740 3287 801 Nam
3320 740 3607 821 Stephani
3627 740 3735 805 Ju-

2092 825 2340 888 niorisa
2391 828 2761 909 Copronymo
2810 828 2884 890 ob
2935 828 3342 893 defensionem
3393 841 3729 892 Sanctarum

2090 915 2413 992 imaginum
2436 917 2754 993 interfecti,
2780 917 3071 979 meminit.
3095 917 3236 991 Quae
3258 937 3397 998 ergo
3419 917 3737 999 ejusaatas?

2090 1003 2377 1084 Equidem
2423 1006 2532 1067 sub
2582 1006 2968 1068 Iconoclastis
3016 1007 3481 1087 imperatoribus
3522 1008 3737 1071 vixisse

2091 1111 2225 1153 eum
2260 1094 2533 1156 arbitrari
2581 1095 2723 1176 quis,
2758 1104 3002 1176 posset;
3051 1096 3162 1157 sub
3204 1100 3427 1172 Leone,
3466 1096 3733 1178 inquam,

2088 1180 2349 1245 Isaurico
2382 1193 2439 1245 et
2469 1185 2841 1265 COpronymo
2868 1202 2883 1260 ;
2911 1186 2998 1246 vel
3031 1193 3194 1247 certe
3224 1186 3332 1247 sub
3384 1186 3582 1249 Leone
3613 1191 3732 1250 Ar-

2092 1290 2288 1339 meno.
2323 1273 2612 1335 Michaele
2643 1274 2826 1337 Balbo
2861 1283 2918 1335 et
2974 1274 3325 1354 Theophilo,
3378 1275 3478 1357 qui
3526 1295 3736 1338 omnes

2090 1378 2223 1421 cum
2255 1362 2612 1442 imaginibus
2644 1362 2799 1424 bella
2839 1371 3169 1441 gesserunt.
3222 1363 3347 1425 Hoc
3378 1365 3734 1427 conﬁrmare

2093 1448 2437 1530 licetipsius
2467 1450 2772 1532 Symeonis
2805 1452 3167 1528 testimonio,
3202 1452 3302 1533 qui
3341 1454 3609 1516 oratione
3628 1471 3733 1518 xm

2094 1537 2210 1599 ait:
2238 1539 2560 1602 Diabolum
2578 1558 2700 1602 esse
2720 1549 2997 1602 nostrum
3024 1541 3250 1603 hostem
3269 1545 3583 1620 anuisiam
3599 1542 3739 1623 plus

2090 1632 2289 1689 sexies
2360 1627 2527 1690 mille
2577 1629 2899 1706 ducentis,
2972 1630 3389 1710 supputatione
3460 1632 3739 1695 videlicet

2094 1716 2459 1791 Graecorum,
2510 1718 2585 1779 ab
2637 1718 2780 1780 orbe
2832 1717 3090 1779 condito.
3145 1718 3212 1780 Et
3266 1738 3341 1781 ne
3393 1719 3524 1799 quis
3564 1739 3739 1782 men-

368 1807 693 1871 berrimum
714 1806 779 1866 in
797 1806 1092 1878 historiis,
1115 1811 1353 1883 pontem
1378 1802 1783 1891 deniquenon
1813 1801 2012 1891 minus
2032 1874 2074 1891 ﬂ
2094 1802 2234 1864 dum
2265 1804 2326 1865 in
2356 1824 2635 1867 numeros
2677 1806 3003 1887 irrepsisse
3024 1808 3338 1880 existimet,
3378 1809 3531 1870 scire
3555 1830 3738 1891 opor-

364 1895 624 1959 nobilem
647 1894 856 1958 Sancti
880 1874 1204 1954 Mamantis
1227 1874 1615 1970 appellatum,
1642 1889 1871 1951 habuit.
1902 1890 2011 1951 Hic
2032 1874 2075 1934 Β
2100 1897 2202 1971 tet,
2245 1911 2560 1955 numerum
2592 1895 2750 1956 hunc
2791 1874 2849 1956 in
2897 1894 3098 1958 Graeco
3142 1874 3353 1957 codice
3393 1917 3510 1957 non
3543 1874 3737 1962 notari

366 1987 528 2048 enim
554 1982 868 2063 effundunt
889 1999 948 2042 se
972 1983 1039 2042 in
1059 1988 1393 2042 extremum
1423 1979 1793 2040 Ceratimum
1811 1980 2014 2039 sinum

366 2075 615 2139 celebres
644 2072 739 2135 illi
766 2071 984 2152 priscis
1027 2069 1266 2150 ﬂuviali
1299 2069 1556 2148 Cydaris
1602 2074 1656 2130 et
1691 2068 2009 2147 Barbyses,

364 2181 528 2227 nunc
558 2160 868 2224 Machlena
901 2168 955 2222 et
991 2158 1412 2236 Charlaricon,
1462 2162 1590 2236 qui,
1639 2157 1881 2237 quidem
1929 2156 2008 2218 ad

366 2254 654 2318 Sanctum
679 2248 1047 2312 Mamantem
1076 2254 1255 2327 ponte
1270 2248 1656 2323 junguntur.
1690 2244 2005 2324 Hagioba-

363 2343 752 2406 zariotarum
777 2356 896 2400 eoa:
939 2337 1176 2399 denotat
1217 2334 1441 2398 incolas
1484 2335 1742 2415 emporii
1788 2335 2009 2398 Sancti

363 2431 712 2495 Mamantis.
748 2428 886 2490 Haec
917 2427 1038 2488 ille.

446 2520 578 2584 Fuit
608 2519 853 2597 insuper
880 2515 1031 2596 apud
1063 2524 1330 2577 sanctum
1375 2513 1726 2576 Mamantem
1757 2512 2010 2575 celebris

367 2608 833 2691 Hippodromus,
866 2605 925 2666 in
959 2623 1076 2685 quo
1091 2603 1493 2684 Copronymus
1516 2604 1814 2665 Andream
1839 2602 2010 2683 Caly-

369 2699 532 2762 biten
566 2695 917 2758 monachum
962 2694 1200 2767 occidit,
1254 2702 1317 2754 ut
1365 2694 1517 2755 libro
1568 2710 1684 2756 xxu
1733 2693 2012 2756 Miscellae

369 2787 639 2850 traditur.
678 2789 758 2847 De
811 2790 986 2865 ponte
1034 2780 1105 2843 ad
1138 2779 1418 2843 Sanctum
1474 2782 1824 2844 Mamantem
1881 2782 2012 2843 Vide

370 2877 615 2943 Suidam
647 2873 825 2936 verbo
850 2875 1050 2950 μάμας,
1080 2878 1138 2932 et
1160 2871 1437 2950 Origines
1459 2870 2023 2951 Constantinopoli-

380 2977 558 3035 tonas
591 2965 733 3029 Cod.
767 2966 846 3025 M.
875 2960 1105 3044 Scripta
1126 2961 1254 3040 ejus
1280 2979 1436 3022 nunc
1461 2960 1712 3041 primum
1741 2960 1800 3021 in
1826 2962 2015 3022 lucem

373 3057 777 3140 proferuntur,
810 3070 1060 3134 quorum
1119 3049 1593 3140 meminitetiam
1627 3051 1884 3140 epitome
1922 3050 2018 3112 bi-

2097 1979 2251 2039 notis
2304 1982 2748 2059 numeralibus,
2801 1983 2907 2045 sed
2968 1984 3216 2063 integris
3280 1984 3473 2047 verbis
3519 1987 3740 2050 diserte

2095 2070 2412 2149 perscribi.

2168 2157 2303 2218 Iniit
2325 2167 2525 2221 autem
2555 2164 2675 2224 Leo
2702 2161 2995 2225 Isauricus
3020 2163 3336 2245 imperium
3353 2183 3508 2226 anno
3528 2166 3739 2227 mundi

2089 2247 2313 2308 conditi
2342 2252 2530 2309 sexies
2569 2251 2886 2312 millesimo
2916 2251 3323 2314 ducentesimo
3366 2271 3544 2333 nono,
3581 2264 3731 2316 teste

2089 2336 2383 2399 Cedreno.
2412 2339 2638 2400 Deinde
2680 2341 2740 2401 in
2779 2342 3129 2421 Menologiis
3160 2341 3500 2405 Graecorum
3530 2342 3627 2405 die
3658 2346 3735 2406 20

2089 2423 2439 2486 Novembris
2495 2428 2768 2497 refertur.
2846 2429 3194 2509 Gregorium
3244 2432 3731 2511 Decapolitanum

2093 2514 2273 2573 multa
2294 2514 2366 2574 ab
2392 2517 2771 2577 lconoclastis
2794 2535 3164 2599 perpeSSum,
3194 2520 3426 2581 venisse
3450 2524 3744 2583 Constan-

2094 2601 2408 2681 tinopolin.
2464 2608 2562 2663 Καὶ
2611 2614 2867 2682 Συμεῶνα
2912 2611 3001 2664 τὸν
3050 2608 3392 2687 ὁμολογητὴν
3429 2614 3514 2667 καὶ
3544 2612 3739 2691 θεοπρό-

2093 2713 2181 2769 ρον
2210 2692 2336 2770 ὑπὲρ
2366 2699 2470 2749 τῶν
2500 2696 2661 2772 ἁγίων
2693 2696 2906 2754 εἰκόνων
2938 2699 3108 2776 εὸρεϊν
3141 2697 3574 2776 ἐγκεκλεισμένον
3605 2716 3617 2729 ’
3654 2699 3738 2761 Et

2101 2777 2452 2857 Symeonem
2509 2783 2902 2861 confessorem
2965 2786 3254 2865 reperisse
3310 2787 3614 2848 inclusum
3674 2793 3741 2849 in

2101 2884 2352 2931 carcere
2376 2879 2627 2951 propter
2646 2888 2852 2935 sacras
2880 2874 3200 2953 imagines.
3234 2873 3384 2946 Quid
3411 2882 3601 2935 autem
3635 2893 3738 2936 ve-

2104 2963 2180 3016 tat
2212 2955 2562 3037 Symeonem
2597 2960 2773 3021 istum
2798 2981 2831 3023 a
2861 2961 3142 3041 Gregorio
3183 2963 3402 3024 aditum
3437 2980 3570 3025 esse
3601 2981 3738 3026 eum

2100 3043 2316 3124 ipsum,
2346 3067 2523 3129 quem
2556 3050 2901 3132 quaerimus,
2925 3070 3058 3112 cum
3102 3053 3228 3132 ipse
3258 3050 3317 3112 in
3360 3052 3635 3115 exsilium
3670 3071 3737 3114 se

374 3136 684 3209 bliothecm
703 3140 1101 3206 Gcsnerianaa.
1134 3137 1250 3199 Sed
1299 3137 1450 3199 male
1481 3156 1546 3199 ex
1576 3157 1692 3199 uno
1728 3137 2078 3217 Symeonec
2102 3136 2430 3217 projectum
2464 3156 2596 3202 csse
2619 3140 2850 3203 duobus
2883 3142 3029 3204 locis
3055 3149 3321 3217 testetur,
3347 3162 3465 3204 uno
3498 3143 3558 3204 in
3591 3162 3731 3205 ora-

377 3244 499 3298 tres
512 3233 686 3296 nobis
702 3231 885 3294 cudit.
909 3228 1054 3291 Nam
1068 3230 1320 3308 Symeon
1342 3226 1667 3308 presbyter,
1687 3236 1745 3289 et
1761 3226 2011 3308 Symeon

372 3323 604 3402 Junior,
631 3339 760 3395 seu,
778 3319 1121 3399 utEpitome
1138 3316 1417 3397 loquitur,
1440 3315 2009 3396 NovusTheologus,

376 3422 435 3476 et
460 3411 708 3494 Symeon
746 3407 1032 3471 Xeroceri
1074 3406 1374 3487 princeps,
1404 3415 1540 3467 sunt
1588 3424 1737 3468 unus
1768 3414 1825 3468 et
1852 3406 2012 3467 idem

380 3501 658 3583 Symeon,
704 3497 820 3559 nisi
849 3496 1003 3578 quod
1034 3497 1234 3575 inepte
1265 3503 1429 3556 vocat
1478 3494 1801 3558 Xerocerci
1840 3496 2021 3583 prin—_

377 3577 593 3671 ci-pem,
655 3588 756 3669 qui
812 3577 1108 3648 vocandus
1162 3591 1288 3646 erat
1343 3585 1588 3646 antistes
1644 3604 1749 3646 seu
1810 3577 2022 3652 ;r:esul

382 3680 447 3741 S.
500 3676 813 3743 Mamantis
855 3674 928 3737 ad
974 3674 1394 3754 leocercum.
1446 3673 1568 3735 Etsi
1614 3674 1772 3735 enim
1828 3683 2026 3734 noster

377 3769 555 3832 etiam
602 3767 785 3829 codex
842 3764 1022 3827 habet
1074 3770 1172 3831 τῆς
1224 3763 1588 3844 Ξηροκέρκου,
1649 3781 1768 3823 non
1829 3769 2024 3824 tamen

376 3857 610 3933 dubito,
645 3856 788 3939 quin
818 3854 1134 3932 legendum
1170 3852 1245 3913 sit
1277 3851 1635 3933 Ξυλοκέρκοοο.

455 3945 641 4008 Porro
693 3951 903 4026 praeter
951 3949 1338 4003 monumenta
1388 3940 1490 4001 illa
1526 3939 1854 4026 Symeonis,
1890 3957 2020 4020 quae

374 4052 533 4096 nunc
589 4032 652 4093 in
695 4025 904 4094 lucem
964 4037 1216 4105 exeunt,
1276 4037 1701 4091 commemorat
1747 4025 2020 4108 Epitome

378 4130 558 4188 besn.
596 4122 816 4184 librum
848 4121 931 4183 De
959 4120 1255 4200 oratione,
1299 4120 1425 4182 sive
1467 4118 1540 4180 de
1596 4118 1787 4180 tribus
1826 4117 2021 4178 modis

377 4212 601 4275 orandi
629 4260 645 4284 ,
679 4229 857 4289 quem
907 4208 969 4270 in
1018 4208 1314 4271 Bavaricis
1363 4205 1668 4268 codicibus
1694 4224 1811 4266 non
1841 4223 2019 4284 repe-

378 4300 588 4362 rimus.
622 4298 702 4361 Ex
739 4298 1029 4379 capitibus
1067 4298 1338 4379 practicis
1360 4305 1419 4357 et
1468 4294 1814 4374 theologicis
1857 4292 2023 4375 ponit

382 4387 787 4450 tantummodo
823 4394 1081 4462 centum,
1119 4395 1176 4448 et
1204 4386 1276 4447 ad
1308 4386 1457 4461 haec,
1487 4384 1599 4445 alia
1630 4382 1831 4462 viginti
1855 4382 2025 4461 quin-

384 4495 522 4558 que.
556 4476 673 4540 Sed
694 4475 1151 4539 instructissima
1180 4475 1458 4536 Boiorum
1490 4473 1775 4554 principis
1802 4473 2024 4534 Biblio-

384 4567 559 4629 theca
587 4565 760 4643 louge
788 4565 980 4646 plura,
1021 4574 1087 4627 ut
1115 4564 1301 4637 vides,
1359 4561 1529 4623 nobis
1580 4559 1973 4642 suppeditavit
2004 4578 2018 4622 :

387 4674 517 4738 quae
562 4655 623 4716 in
675 4654 881 4718 codice
932 4654 1045 4717 104
1104 4652 1295 4714 tribus
1352 4651 1532 4713 titulis
1563 4648 2021 4729 distinguuntur.

384 4750 432 4811 Ι,
465 4754 567 4805 Τοῦ
596 4744 739 4802 ὁσίου
771 4746 973 4824 Πατρὸς
1021 4746 1174 4819 ἡμῶν
1218 4743 1434 4818 Συμεὼν
1482 4751 1573 4800 τοῦ
1604 4740 1735 4799 Νέου
1767 4738 2026 4817 Θεολόγου

386 4834 681 4915 ἡγουμένου
713 4839 879 4911 μονῆς
909 4843 1000 4892 τοῦ
1032 4824 1209 4909 Ἀγέου
1238 4833 1521 4915 Μάμαντ-ος
1566 4835 1664 4897 τῆς
1692 4828 2029 4908 Ξηροκέρκου

388 4911 649 5007 κεφάλαια
678 4924 940 5003 πρακτικὰ
968 4925 1055 4979 καὶ
1080 4921 1356 5000 Θεολογικὰ
1381 4911 1485 5001 ρα’.
1622 4917 1891 4999 Κεφάλαια
1941 4928 2032 4975 τοῦ

388 4998 548 5070 αὒξοῦ
576 5013 842 5091 γνωστικὰ
868 5013 957 5069 καὶ
988 5012 1117 5091 ’περὶ
1164 5009 1429 5088 θεολογίας
1476 4998 1575 5066 κε’.
1620 5010 1678 5069 3.
1733 5016 1835 5065 Τοῦ
1878 5010 2032 5065 αἱ)τοῦ

386 5101 648 5182 κεφάλαια
675 5099 951 5180 Θεολογικὰ
979 5088 1356 5178 καὶ-πρακτικὰ
1385 5088 1488 5177 ρβ’.

467 5189 550 5251 De
583 5198 848 5270 tempore
878 5208 992 5269 quo
1016 5186 1267 5268 Symeon
1304 5186 1415 5248 iste
1436 5184 1658 5261 floruit,
1692 5202 1882 5245 meam
1914 5202 2033 5244 non

391 5297 523 5359 qua;
552 5285 739 5353 cert»,
773 5279 873 5339 sed
902 5296 1032 5358 quae
1078 5274 1460 5357 probabiliter
1488 5281 1790 5354 comperta
1819 5271 2031 5334 habeo.

390 5369 481 5430 Ac
513 5368 572 5429 in
605 5366 812 5448 primis
828 5386 903 5428 ne
927 5367 1288 5427 monendum
1304 5364 1543 5447 quidem
1576 5363 1852 5443 arbitror,
1878 5362 2034 5423 hunc

393 5453 744 5537 Symeonem
770 5463 1032 5517 nostrum
1067 5455 1363 5518 diversum
1392 5472 1523 5516 esse
1546 5473 1579 5515 a
1603 5451 1893 5534 Symeone
1913 5450 2037 5532 Sty-

389 5546 494 5610 lita
509 5550 745 5609 seniore
773 5568 789 5625 ;
820 5548 987 5627 cujus
1010 5544 1187 5609 vitam
1209 5545 1612 5609 Theodoretus
1635 5543 1842 5606 litteris
1863 5561 2035 5604 man-

390 5634 585 5712 davit;
617 5635 760 5698 item
819 5654 855 5697 a
902 5635 1192 5717 Symeone
1235 5635 1438 5718 Stylita
1475 5634 1740 5715 juniore,
1790 5632 1891 5713 qui
1923 5631 2032 5693 sub

390 5724 622 5798 Justino
653 5724 887 5789 minore
919 5725 1152 5789 ﬂoruit:
1186 5724 1326 5788 item
1358 5743 1392 5789 a
1420 5721 1711 5808 Symeone
1741 5721 1943 5805 Stylite
1974 5722 2035 5785 in

2098 3225 2396 3310 tionibus;
2459 3229 2666 3310 altero,
2695 3233 2753 3291 in
2802 3232 3448 3295 commentationibus:
3496 3233 3738 3296 tametsi

2097 3333 2333 3377 causam
2366 3326 2538 3381 tacet.
2574 3321 2659 3380 De
2692 3319 2966 3400 martyrio
3020 3338 3253 3401 quoque
3302 3320 3592 3402 Stephani
3632 3324 3738 3402 ju-

2096 3403 2284 3466 nioris
2315 3406 2473 3487 loqui
2502 3406 2756 3477 videtur,
2789 3415 3070 3489 tanquam
3093 3409 3169 3470 de
3190 3427 3255 3470 re
3273 3427 3379 3472 suo
3410 3428 3533 3471 aevo
3564 3411 3741 3492 plane

2106 3494 2353 3556 recenti.

2185 3586 2325 3646 Haec
2356 3593 2410 3645 et
2441 3584 2499 3646 id
2532 3604 2719 3663 genus
2752 3586 2861 3647 alia
2881 3585 3397 3648 verisimilitudine
3422 3604 3540 3647 non
3570 3605 3740 3648 care~

2108 3680 2275 3747 rent;
2309 3673 2440 3735 siin
2476 3677 2677 3737 Graeco
2710 3675 2917 3738 codice
2954 3675 3233 3738 διχκοσῐοις
3283 3693 3400 3735 non
3450 3674 3739 3740 ἑξακοσίοις

2110 3781 2387 3845 expresse
2416 3764 2700 3845 scriptum
2749 3771 2923 3838 esset,
2958 3765 3111 3827 αὐτὸς
3152 3763 3205 3819 δὲ
3234 3761 3612 3843 ἑξακισχιλίοις
3653 3765 3743 3820 καὶ

2108 3852 2395 3917 ἑξακοσίοις
2448 3857 2535 3911 καὶ
2587 3853 2828 3911 ἐπέκεινα
2879 3854 3074 3909 τούτων
3144 3853 3279 3908 ἔτεσι
3337 3850 3605 3927 διαμείνας
3663 3853 3745 3910 ἀεὶ

2107 3940 2362 4017 πολέμιος
2375 3948 2479 3999 τῶν
2492 3944 2779 4021 ἀνθρώπων
2808 3941 3000 4010 ἄδηλος
3021 3943 3108 3998 καὶ
3123 3942 3366 4021 πρύφιος,
3385 3948 3502 4001 etc.
3526 3938 3750 4004 Senties

2102 4029 2271 4092 mille
2300 4033 2623 4103 sexcentis,
2656 4039 2712 4094 et
2741 4048 2809 4093 eo
2841 4029 3105 4110 amplius
3145 4030 3345 4092 annis.
3372 4030 3572 4109 Longe
3612 4047 3753 4108 ergo

2098 4118 2303 4197 junior
2330 4129 2417 4179 est
2442 4120 2552 4180 iste
2584 4117 2838 4200 Symeon
2871 4140 2887 4195 ;
2936 4128 3194 4199 aetasque
3252 4118 3408 4180 illius
3453 4118 3515 4179 in
3553 4119 3749 4199 impe-

2101 4208 2257 4268 rium
2288 4209 2528 4270 Joannis
2557 4224 2655 4269 aut
2680 4206 2969 4270 Manuelis
2993 4207 3284 4269 Comneni
3310 4206 3555 4283 incidit;
3580 4209 3751 4288 cujus

2102 4304 2334 4359 exstant
2365 4296 2589 4377 aliquot
2620 4298 2887 4365 n‘tvellae.
2924 4314 3171 4377 quarum
3220 4314 3339 4357 una
3392 4295 3477 4358 De
3528 4301 3751 4359 volun-

2111 4389 2290 4449 tariis
2330 4387 2661 4459 homicitlis,
2715 4386 2870 4447 edita
2920 4395 2978 4447 et
3009 4385 3306 4466 publicata
3349 4392 3437 4446 est
3486 4385 3558 4447 ab
3607 4385 3753 4447 orbe

2111 4476 2346 4537 condito
2378 4476 2570 4538 sexies
2600 4475 2915 4537 millesimo
2947 4475 3383 4536 sexcentesimo
3435 4482 3750 4554 septuage-

2107 4564 2258 4626 simo
2290 4574 2519 4646 quarto,
2551 4575 2616 4627 ut
2646 4574 2703 4627 et
2751 4564 2867 4626 alia
2910 4563 3181 4644 ejusdem
3228 4563 3599 4645 imperatoris
3633 4570 3753 4642 Περὶ

2105 4653 2363 4734 διχφόρων
2395 4656 2711 4728 ὑποθέσεων,
2746 4654 2831 4715 De
2859 4653 3113 4715 diversis
3145 4660 3346 4715 causis
3373 4672 3442 4712 ac
3467 4652 3746 4731 negotiis.

2114 4742 2247 4805 iniit
2275 4751 2469 4802 autem
2502 4742 2734 4805 Manuel
2789 4742 3108 4821 imperium
3142 4760 3297 4802 anno
3323 4740 3544 4804 Christi
3575 4738 3755 4814 1143,

2113 4830 2162 4891 si
2192 4850 2308 4891 non
2341 4831 2486 4892 fallit
2517 4830 2858 4913 Onuplirius
2886 4829 2947 4891 in
3000 4830 3331 4905 Chronico;
3378 4829 3537 4908 quod
3569 4846 3760 4890 annos

2115 4919 2353 4993 triginta
2380 4928 2510 4980 octo
2536 4918 2995 4992 administravit,
3030 4918 3220 4979 tribus
3250 4917 3553 4979 mensibus
3585 4917 3759 4978 dem-

2116 5014 2256 5090 ptis,
2292 5017 2442 5072 teste
2472 5009 2698 5086 Niceta,
2733 5010 2836 5072 lib.
2866 5028 2945 5071 vn
2980 5009 3069 5072 De
3097 5008 3274 5071 rebus
3303 5005 3760 5082 Manuclis,sub

2114 5100 2318 5162 tinem.
2352 5100 2507 5179 Ergo
2561 5097 2809 5180 Symeon
2863 5098 2974 5159 iste
3024 5096 3464 5159 Comnenorum
3508 5094 3763 5176 imperio

2112 5187 2357 5251 Joannis
2380 5197 2478 5249 aut
2498 5186 2789 5251 Manuelis
2811 5185 3030 5262 ﬂoruit,
3059 5185 3283 5266 hasque
3310 5184 3609 5247 orationes
3630 5202 3771 5245 con-

2114 5276 2373 5357 scripsit.
2407 5275 2602 5348 Quare
2636 5270 2990 5355 corrigenda
3030 5283 3169 5335 sunt
3198 5292 3267 5335 ea
3297 5291 3428 5354 quae
3460 5272 3520 5334 in
3553 5272 3765 5335 Adno-

2116 5368 2334 5428 tatione
2363 5365 2434 5428 ad
2470 5365 2796 5426 orationem
2849 5363 3083 5425 tertiam
3139 5363 3213 5424 de
3242 5371 3413 5425 aetate
3456 5360 3769 5443 Symeonis

2119 5456 2275 5517 dicta
2302 5462 2458 5532 sunt,
2494 5452 2919 5515 convenienter
2953 5453 3158 5532 primae
3189 5451 3478 5533 opinioni,
3513 5469 3640 5533 quae
3673 5458 3766 5511 ta-

2120 5562 2256 5606 men
2314 5544 2455 5625 ruit,
2515 5543 2563 5604 si
2619 5561 2734 5604 non
2792 5539 3104 5615 διακοσίοις,
3159 5541 3266 5604 sed
3310 5541 3596 5608 ἑξακοσίοις
3631 5558 3764 5602 cum

2118 5632 2322 5697 Graeco
2354 5630 2561 5694 codice
2618 5630 2905 5711 legamus,
2955 5636 3019 5692 ut
3066 5648 3209 5693 sane
3256 5630 3457 5711 legere
3486 5637 3759 5711 oportet;

2118 5740 2255 5785 cum
2283 5720 2648 5803 Scripturam
2677 5720 2831 5783 hanc
2862 5719 3047 5785 codex
3079 5718 3395 5785 manifeste
3423 5734 3768 5802 repraesen-
