4068 6112
315 219 423 289 321

1808 228 2088 299 ORATIO
2129 228 2181 299 Ι.

3583 222 3703 294 329

318 368 428 426 tet.
460 362 534 425 Et
558 364 828 446 quamvis
841 365 960 443 jam
992 370 1116 426 tum
1154 363 1420 428 schisma
1438 367 1840 431 Crmcanicum
1864 387 1968 430 ex-
1988 384 2035 444 Α
2052 387 2187 431 rere
2215 369 2369 430 volet
2396 383 2704 429 sermones
2725 363 3012 427 asceticos
3039 362 3230 426 Esaiae
3249 361 3500 445 abbatis,
3522 360 3695 426 Joan-

317 454 587 531 stitisset,
613 456 812 518 omnia
835 465 1029 518 tamen
1052 457 1182 518 loca
1202 456 1417 538 qnibus
1439 458 1694 538 Symeon
1720 479 1958 540 proces-

316 544 505 606 sionis
547 547 737 609 sancti
792 546 1013 626 Spiritu
1065 546 1359 622 meminit,
1394 567 1428 609 a
1458 548 1613 610 bono
1643 550 1866 612 lectore
1898 549 1959 611 in

315 632 539 697 bonum
560 655 803 699 sensum
823 635 1011 716 accipi
1037 644 1301 716 possunt,
1332 645 1393 697 ut
1438 646 1493 699 et
1513 637 1627 700 alia
1654 639 1958 720 pleraque,

312 724 382 785 ad
416 745 673 806 quorum
706 726 988 788 nonnulla
1035 727 1547 789 alnotatiunculas
1587 728 1957 808 adjecimus;

314 813 428 874 alia
457 815 677 875 eruditi
709 815 945 876 lectoris
993 814 1236 876 candori
1289 815 1692 896 permisimus.
1732 817 1961 878 Etenim

319 920 433 962 non
463 904 640 964 modo
672 904 731 964 in
767 904 876 964 hoc
918 902 1210 983 Symeone
1249 911 1477 979 nostro,
1511 905 1617 966 sed
1649 913 1707 967 et
1739 906 1797 966 in
1833 906 1963 967 aliis

315 1007 430 1050 non
465 993 668 1070 paucis
688 992 1029 1053 monasticis
1054 1001 1113 1053 et
1137 993 1411 1055 asceticis
1434 993 1826 1073 scriptoribus
1854 1014 1961 1055 oc-

313 1089 561 1141 currunt
587 1082 857 1161 quaedam
889 1082 1233 1143 duriuscule
1269 1083 1451 1162 dicta,
1483 1102 1615 1162 quae
1647 1084 1784 1145 lima
1807 1084 1967 1164 judi-

316 1168 403 1229 cis
432 1178 670 1249 egeant.
724 1171 877 1232 Vera
911 1189 1009 1232 me
1038 1171 1201 1252 loqui
1231 1172 1531 1249 fatebitur,
1580 1173 1678 1254 qui
1713 1193 1961 1254 percur-

1778 1400 2261 1407 m—‘_
2270 1400 2409 1407 ...υ-...-

2044 458 2432 531 ηἰὈΙὶηιειεί,
2473 455 2670 532 ttarci,
2704 453 2820 516 Nili
2867 461 2928 516 et
2984 453 3258 517 aliorum.
3311 452 3565 515 Tantum
3619 453 3694 515 de

2043 545 2339 626 Symeone
2370 545 2722 607 habuimus:
2757 545 2829 607 ad
2879 561 3056 625 quem
3088 542 3265 605 etiam
3316 542 3571 623 scriptus
3601 549 3697 605 est

2041 635 2385 698 scholastici
2415 636 2573 697 illius
2596 634 2897 713 Dialogus,
2930 652 3109 712 quem
3142 630 3414 712 reperies
3446 637 3574 712 post
3600 650 3696 693 ca-

2046 725 2163 806 pita
2177 726 2440 799 moralia,
2468 744 2596 805 qum
2623 723 2768 784 nihil
2794 722 2953 783 aliud
2979 731 3134 792 sunt,
3166 740 3339 802 quam
3363 721 3694 803 aphorismi

2044 815 2307 895 quidam,
2345 817 2668 895 brevesque
2700 812 3011 875 sen'entiae
3040 812 3113 873 ad
3145 812 3317 873 vitam
3370 821 3533 873 recte
3587 812 3684 874 in-

2045 904 2400 965 stituendam
2431 902 2928 982 accommodatae;
2964 901 3297 981 cujusmodi
3338 901 3531 981 capita
3563 901 3690 964 edi-

2045 993 2255 1053 derunt
2288 1011 2422 1053 cum
2470 992 2589 1057 alii.
2651 1000 2771 1051 tum
2821 992 3052 1053 Marcus
3103 989 3315 1053 Asceta
3363 996 3421 1051 et
3451 999 3691 1054 sanctus

2047 1080 2233 1156 Nilus,
2268 1100 2397 1161 quae
2431 1090 2682 1143 exstant.

2419 1419 2445 1421 Α
2462 1418 2479 1423 η,
2530 1418 2625 1423 κ...
2664 1397 3632 1423 γῃαοα-ᾔ--ωπῑ

2664 1414 3404 1423 γῃαοα-ᾔ--ω

873 1600 1992 1773 SYMEONIS
2106 1601 2212 1770 J
2238 1599 3140 1771 UNIORIS

827 1904 1240 1970 PRKEPOSITI
1276 1905 1738 1971 MONASTERII
1781 1907 2053 1971 SANCTI
2099 1906 2489 1970 MAtlANTIS
2533 1908 2633 1971 AD
2674 1905 3184 1974 XYLOCEliCUrl

1419 2092 2133 2189 OliATlONES
2225 2092 2608 2185 ΧΧΧΞΗ

862 2412 1143 2480 ORATIO
1189 2415 1419 2479 PRIMA

927 2512 1340 2559 ARGUMENTUM.

319 2573 841 2648 Quemadmodum
859 2574 1036 2638 homo
1050 2580 1337 2656 paradiso
1348 2576 1719 2652 cinxit-betas,
1744 2585 1962 2641 verita-

402 2661 539 2738 tem,
566 2672 700 2738 quis
719 2657 1069 2738 estverbmn
1088 2657 1221 2738 Dei,
1245 2659 1596 2737 perdiderit.
1628 2660 1713 2719 De
1726 2667 1961 2734 peccato

396 2733 705 2818 diabotiet
726 2735 971 2797 Adami.
999 2736 1079 2798 Ab
1100 2733 1232 2816 ipsi:
1245 2733 1632 2818 conceptione
1652 2733 1957 2801 hominem

396 2814 717 2899 quemlibet
764 2833 891 2899 esse
932 2814 1300 2899 peccatorem
1328 2835 1347 2878 :
1398 2814 1457 2880 et
1487 2836 1605 2898 quo
1645 2825 1826 2897 pactn
1855 2838 1958 2899 per

398 2897 767 2977 Qaptismnm
834 2897 903 2977 in
974 2896 1215 2977 Spiritu
1289 2896 1513 2960 sancto
1551 2896 1954 2977 regrneret'ur.

397 2973 693 3049 Quaenam
732 2993 785 3036 m
798 2975 907 3036 ulli
933 2973 1124 3056 reges,
1157 2985 1213 3040 et
1234 2979 1539 3057 propheta:
1566 2973 1702 3042 ante
1731 2979 1961 3042 Christi

396 3062 667 3133 tempore
687 3057 1154 3134 concupiverint.
1180 3057 1827 3121 Christianosnondum
1844 3062 1960 3123 ini-

400 3136 513 3197 tiat
533 3152 622 3214 os,
647 3135 1047 3219 dolentesque,
1096 3146 1156 3199 et
1176 3147 1423 3218 peccata
1463 3156 1572 3200 sua
1598 3141 1952 3219 conﬁtentes.

399 3220 703 3297 canonicis
725 3217 1003 3289 vinculis,
1033 3217 1308 3297 acpcenis
1328 3221 1585 3281 minime
1601 3217 1836 3295 subiici,
1862 3223 1965 3283 sed

396 3296 541 3379 ﬁdei
568 3297 877 3379 mysteriis
910 3296 1165 3379 erudiri,
1213 3306 1269 3362 et
1302 3305 1391 3361 ita
1423 3299 1665 3361 demum
1720 3301 1963 3363 initiari

399 3375 638 3438 debere.
704 3375 1200 3457 Unumquemque
1270 3379 1686 3441 Christianum
1756 3380 1963 3442 divina

401 3457 1122 3538 immutatimteindigere,
1144 3462 1206 3521 in
1223 3477 1341 3539 qua
1350 3460 1633 3539 perfectio
1645 3462 1957 3524 consistat.

395 3563 656 3626 Adamus
687 3571 992 3644 postquam
1030 3564 1265 3626 diabolo
1324 3567 1569 3627 mentito
1620 3567 1793 3628 ﬁdem
1850 3569 1960 3629 ha-

317 3652 464 3725 buit,
499 3660 555 3713 et
587 3670 719 3712 cum
750 3670 819 3712 ea
864 3652 977 3713 ﬁde
1029 3654 1101 3713 de
1155 3654 1312 3732 ligno
1362 3654 1626 3715 scientiae
1678 3657 1958 3739 comedit,

319 3742 625 3804 veritatem
675 3741 909 3813 amisit;
956 3762 1131 3821 quam
1187 3743 1405 3804 deinde
1454 3752 1660 3803 natura
1709 3744 1966 3807 humana

317 3830 417 3893 diu
448 3835 815 3909 multumque
854 3829 1277 3909 investigatam,
1304 3830 1572 3892 invenire
1603 3850 1721 3892 non
1750 3833 1961 3912 potuit.

321 3918 685 3981 Testimonio
736 3927 873 3979 sunt
920 3938 1125 3979 omnes
1174 3919 1416 3983 Graeciae
1464 3921 1785 4000 sapientes,
1825 3921 1964 3983 dum

324 4016 542 4071 tantam
572 4009 961 4069 humanarum
1011 4009 1357 4089 opinionum
1401 4010 1822 4083 diversitatem,
1863 4030 1967 4091 per

320 4098 512 4161 varias
537 4097 882 4177 disciplinas
928 4098 1021 4158 via
1066 4118 1134 4160 ac
1185 4099 1412 4159 ratione
1458 4099 1700 4160 traditas
1750 4099 1963 4179 praeci-

323 4206 559 4269 pueque
592 4203 697 4265 per
726 4186 938 4247 multas
967 4205 1034 4248 ac
1082 4188 1285 4266 longas
1326 4187 1401 4247 de
1446 4187 1660 4249 virtute
1712 4201 1770 4248 et
1825 4188 1967 4250 vitio

322 4275 774 4358 disputationes,
808 4293 952 4355 quas
980 4275 1372 4356 reliquerunt,
1422 4277 1493 4337 ad
1528 4273 1967 4357 simplicitatem

325 4372 383 4426 et
410 4363 829 4429 rectitudinem
857 4363 1150 4444 redigere,
1174 4374 1683 4445 congruenterque
1704 4364 1764 4426 in
1787 4384 1970 4426 unum

324 4459 736 4531 coagmentare
792 4460 849 4512 et
917 4455 1323 4531 constringere
1397 4455 1814 4530 nequiverunt.
1869 4454 1970 4515 Est

322 4551 515 4603 autem
548 4540 766 4601 veritas
813 4538 1071 4602 Verbum
1124 4541 1253 4616 Dei,
1314 4541 1436 4603 sive
1486 4543 1672 4621 gratia
1719 4541 1958 4619 Christi,

325 4650 454 4711 quae
481 4629 821 4709 complures
851 4629 1006 4704 illas,
1040 4639 1097 4692 et
1127 4631 1281 4692 inter
1309 4650 1373 4693 se
1405 4639 1754 4711 pugnantes,
1789 4640 1965 4712 atque

325 4718 664 4799 implicitas,
699 4728 756 4779 et
787 4727 1077 4780 tortuosas
1122 4739 1190 4781 ex
1246 4719 1554 4781 hominum
1585 4721 1960 4798 cogitationi-

321 4806 455 4883 bus,
480 4807 895 4868 ratiocination
923 4807 1149 4889 busque
1181 4810 1474 4889 profectas
1499 4810 1812 4870 verborum
1845 4810 1962 4870 dis-

318 4897 692 4971 sertationes,
731 4915 844 4956 una
874 4910 933 4957 et
964 4897 1191 4958 directa
1229 4897 1623 4978 simplicitate,
1662 4898 1821 4959 velut
1850 4916 1960 4959 na-

314 4986 514 5059 turali,
577 4985 820 5064 paciﬁca
868 4995 924 5046 et
1004 4987 1318 5067 tranquilla
1366 4985 1787 5066 conjunctione
1862 4987 1960 5047 in-

1981 2502 2139 2562 Bsus
2170 2499 2518 2562 necessitate
2549 2499 2888 2581 complexus
2928 2509 3038 2576 est,
3073 2501 3133 2563 in
3166 2520 3295 2565 eam
3332 2520 3563 2580 poenam
3596 2502 3694 2563 in-

2043 2592 2245 2670 currit,
2285 2598 2346 2649 ut
2379 2590 2680 2651 veritatem
2740 2598 3043 2652 scrutetur
3092 2592 3192 2652 ille
3245 2591 3509 2671 quidem,
3566 2592 3698 2672 ejus

2043 2685 2237 2739 tamen
2271 2697 2515 2758 compos
2546 2698 2663 2739 non
2697 2680 2926 2759 evadat,
2954 2690 3365 2760 persequatur.
3399 2698 3509 2742 nec
3542 2698 3701 2741 com-

2044 2767 2393 2847 prehendat.
2446 2766 2676 2827 Etenim
2725 2787 2855 2848 qua;
2898 2767 3012 2829 ﬁde
3069 2766 3383 2829 mendacio
3433 2767 3699 2831 adhibita

2045 2857 2232 2917 oculis
2257 2855 2472 2916 nostris
2495 2863 2696 2935 erepta
2735 2856 2864 2930 fuit,
2894 2856 3007 2918 ﬁde
3032 2856 3263 2918 veritati
3296 2856 3692 2932 commodata,

2043 2963 2280 3006 rursum
2338 2944 2634 3005 invenitur
2688 2964 2755 3006 ac
2811 2946 3163 3007 restituitur.
3224 2944 3329 3007 Ille
3385 2945 3695 3008 mendacio

2044 3041 2246 3113 aperto
2276 3032 2707 3113 manifestoque
2763 3031 3067 3095 credidit:
3132 3051 3239 3094 nos
3295 3051 3573 3111 magnum
3627 3050 3695 3094 ac

2046 3122 2422 3183 manifestum
2452 3129 2795 3201 mysterium
2818 3123 2860 3202 ί,
2912 3123 3098 3184 Deum
3128 3120 3405 3183 videlicet
3435 3122 3695 3182 humano

2047 3230 2295 3293 corpore
2351 3211 2647 3285 indutum,
2710 3211 3030 3273 credimus.
3082 3211 3232 3273 Illud
3297 3218 3538 3292 propter
3587 3210 3699 3272 Dei

2046 3300 2386 3361 mandatum
2417 3307 2546 3361 erat
2593 3299 2992 3363 incredibile:
3047 3300 3160 3362 hoc
3210 3308 3452 3381 propter
3501 3301 3692 3362 Deum

2044 3407 2152 3450 nos
2174 3389 2572 3469 alloquentem
2600 3389 2867 3450 redditur
2888 3389 3191 3452 credibile.
3220 3389 3365 3451 Illud
3400 3389 3690 3451 creditum

2044 3478 2484 3558 deprehensum
2536 3486 2624 3538 est
2682 3478 2891 3539 falsum
2946 3478 3314 3559 (credentem
3363 3479 3582 3559 quippe
3634 3479 3694 3540 in

2045 3567 2286 3629 exitium
2307 3585 2373 3627 ac
2387 3578 2643 3628 mortem
2667 3567 3143 3647 praecipitavitg),
3163 3568 3273 3628 hoc
3296 3567 3585 3629 creditum
3600 3585 3701 3628 ve-

2044 3655 2580 3735 ritasromperitur,
2599 3656 2896 3735 siquidem
2914 3675 3048 3717 eum
3070 3655 3169 3736 qui
3188 3655 3493 3717 mendacio
3517 3654 3694 3717 ﬁdem

1980 3778 2021 3839 Ο
2045 3746 2538 3813 commodaverat,
2574 3743 2647 3805 ab
2679 3745 2854 3806 exitio
2878 3765 2947 3806 ac
2972 3753 3159 3806 morte
3184 3753 3440 3819 revocat,
3477 3763 3693 3824 pecca-

2049 3843 2170 3895 tum
2195 3834 2322 3913 ejus
2340 3834 2575 3906 tollens,
2601 3834 2774 3915 eique
2795 3842 2859 3895 ut
2878 3835 3111 3896 beneac
3124 3835 3292 3895 beate
3309 3834 3384 3895 sit
3404 3834 3693 3911 largiens:

2050 3931 2106 3984 et
2128 3942 2198 3983 ex
2233 3924 2345 3983 line
2372 3930 2712 4002 utrumque,
2762 3923 3139 3984 mendacium
3169 3929 3307 4003 puta
3334 3922 3691 4003 veritasque,

2054 4010 2425 4092 perspicitur.
2447 4009 2641 4072 Unum
2657 4009 2831 4087 igitur
2848 4021 3182 4091 peccatum,
3220 4019 3277 4072 et
3306 4030 3421 4071 una
3437 4011 3689 4091 justitia.

2133 4099 2283 4160 Vide
2300 4097 2439 4179 quid
2463 4098 2754 4175 diabolus,
2779 4100 3092 4161 considera
3112 4098 3251 4180 quid
3275 4099 3535 4161 Adamus
3560 4119 3698 4180 pec-

2051 4188 2291 4269 caverit,
2325 4196 2381 4248 et
2409 4204 2521 4249 non
2555 4186 2739 4262 aliud,
2784 4207 2959 4269 quam
2990 4189 3205 4249 suimet
3235 4188 3693 4251 admirationem

2050 4266 2503 4357 superbiamque
2528 4266 2818 4338 invenies:
2843 4276 3064 4339 Verum
3089 4277 3173 4337 illi
3201 4277 3276 4338 ob
3303 4277 3691 4339 excellentem

2050 4367 2257 4445 gloriae
2288 4365 2751 4444 magnitudinem
2801 4365 2880 4427 ita
2917 4384 2983 4428 se
3012 4375 3346 4445 gesserunt.
3382 4365 3504 4428 Nec
3533 4366 3690 4428 enim

2054 4475 2120 4518 ex
2154 4455 2483 4517 humilitate
2511 4454 2756 4534 gloriam
2799 4456 2997 4536 adepti
3036 4475 3100 4518 se
3153 4457 3490 4519 extulerunt
3522 4474 3535 4519 :
3589 4458 3694 4519 sed

2046 4564 2182 4607 cum
2214 4544 2603 4605 humilitatem
2644 4545 2899 4607 necdum
2941 4554 3388 4625 cognoscerent,
3425 4554 3483 4608 et
3511 4565 3691 4608 secu-

2048 4641 2236 4694 turam
2267 4651 2299 4694 e
2323 4652 2463 4694 casu
2486 4633 2750 4711 ipsorum
2782 4634 3250 4695 humiliationem
3282 4635 3696 4714 ignominiam-

2046 4741 2160 4802 que
2182 4722 2549 4800 ignorarent,
2576 4721 2799 4783 idcirco
2824 4724 2969 4784 nihil
2995 4742 3124 4785 eam
3148 4732 3498 4799 metuentes,
3527 4742 3696 4785 eous-

2046 4829 2161 4891 que
2193 4811 2405 4873 eﬁ‘erre
2435 4829 2499 4872 se
2532 4830 2648 4872 non
2691 4812 3054 4875 dubitarunt.
3091 4813 3510 4876 Animadverte
3541 4832 3690 4875 con-

2046 4913 2160 4975 tra,
2200 4899 2496 4980 quomodo
2532 4901 2887 4980 justiﬁcatus
2910 4903 2982 4964 sit
3004 4903 3199 4966 Jesus.
3230 4906 3377 4965 Cum
3411 4905 3565 4965 Deus
3590 4920 3690 4962 es-

2044 4997 2153 5063 set,
2192 5008 2375 5070 usque
2421 4989 2493 5050 ad
2552 5003 2807 5052 mortem
2856 4994 3273 5068 voluntariam,
3326 5000 3387 5052 et
3439 5000 3689 5052 mortem

315 5075 753 5156 comprehensa
782 5076 1038 5154 potentia
1065 5094 1170 5136 sua
1199 5076 1548 5157 composuit,
1584 5076 1964 5156 reliquosque
1983 5071 2239 5138 Dcrucis
2273 5077 2452 5158 (quod
2476 5088 2601 5139 erat
2620 5081 3047 5142 sceleratorum
3071 5079 3446 5161 supplicium)
3478 5087 3695 5141 semet-

314 5163 722 5227 doctrinarum
759 5181 1063 5225 sermones
1092 5164 1163 5224 ad
1216 5184 1402 5226 unum
1453 5184 1662 5226 omnes
1717 5166 1965 5242 otiosos,

316 5253 521 5318 irritos
548 5262 606 5314 et
636 5252 876 5313 inutiles
901 5254 1359 5328 demonstravit;
1407 5273 1541 5315 cum
1572 5272 1738 5314 more
1770 5273 1964 5315 caeco-

316 5363 453 5406 rum
486 5343 800 5424 palpando,
835 5343 1161 5416 veritatem,
1194 5343 1266 5405 ab
1290 5344 1476 5405 oculis
1501 5343 1715 5405 nostris
1747 5343 1965 5405 merito

316 5442 632 5505 remotam,
653 5432 1042 5514 inquirentes,
1069 5452 1189 5495 non
1203 5435 1434 5494 valeant
1456 5433 1746 5513 reperire.
1776 5433 1963 5495 Simul

319 5540 388 5584 ac
416 5520 578 5583 enim
608 5522 786 5583 homo
807 5520 1186 5585 mendacium
1215 5531 1445 5605 sponte,
1480 5540 1548 5584 ac
1569 5521 1732 5583 nulla
1750 5520 1967 5603 impul-

2047 5169 2240 5247 ipsum
2277 5167 2676 5232 humiliavit3.
2709 5167 2903 5232 Unum
2954 5190 3093 5249 ergo
3127 5177 3455 5250 peccatum,
3489 5167 3692 5230 inﬂata

2048 5256 2120 5317 de
2147 5275 2210 5318 se
2242 5257 2464 5337 opinio,
2498 5265 2556 5318 et
2587 5277 2702 5320 una
2742 5260 2993 5337 justitia,
3047 5266 3312 5319 extrema
3356 5256 3682 5321 humilitas.

2047 5343 2214 5406 Nunc
2243 5355 2437 5407 autem
2468 5345 2601 5426 quis
2641 5347 2924 5427 seipsum,
2978 5347 3093 5407 nisi
3137 5344 3459 5406 admodum
3493 5346 3690 5406 fatuus

2049 5434 2309 5495 exultet?
2338 5436 2527 5497 Nemo
2559 5436 2717 5496 cnim
2741 5437 2800 5497 in
2835 5437 2943 5497 hac
2966 5435 3082 5496 vita
3102 5433 3155 5494 vi
3186 5433 3383 5495 divina
3415 5432 3692 5514 praeditus

2049 5530 2158 5604 est,
2193 5530 2254 5584 ut
2284 5541 2577 5584 summam
2608 5523 2722 5586 sibi
2773 5524 3022 5604 gloriam
3051 5530 3389 5606 comparet:
3426 5541 3538 5587 nec
3564 5522 3690 5606 ille,

404 5717 427 5761 1
455 5715 482 5781 Ι
508 5714 666 5781 Tim.
698 5732 785 5795 ιιι,
823 5716 917 5783 16.
1003 5716 1031 5761 ²
1058 5718 1213 5784 Gen.
1248 5736 1331 5799 ιιι,
1363 5719 1424 5784 6.
1508 5717 1542 5771 5
1566 5715 1826 5801 Philipp.
1860 5732 1926 5797 tt,
1956 5719 2020 5804 7,
2044 5718 2105 5782 8.
