4068 6112
365 179 486 248 323
1672 179 1980 247 SYMEON
1983 178 2055 243 IS
2090 177 2443 247 JUNIORIS
3620 176 3740 243 324

360 324 677 399 antequam
708 333 772 378 se
801 315 1159 387 humiliaret,
1208 313 1455 394 gloriam
1503 319 1858 377 consecutus
1890 316 2221 390 ert,Aerat
2274 314 2375 394 qui
2427 312 2656 394 primus
2708 320 2798 377 est
2853 313 3145 389 conditus,
3210 313 3272 377 in
3326 312 3598 395 patatiiso
3643 310 3758 375 sub

363 407 471 470 sed
501 407 841 489 quicunque
870 405 931 466 in
982 406 1132 466 hanc
1173 404 1365 466 lucem
1418 404 1634 478 editur,
1680 403 1876 465 statim
1928 410 2016 463 cst
2097 403 2546 483 intelligentiam
2572 403 2820 465 cadente
2841 401 3752 485 opezeturetcustodemagait:

361 496 669 575 inglorius,
708 504 765 557 et
812 494 1102 574 gradatim
1155 494 1591 575 quodammodo
1644 493 1715 554 ad
1759 492 2013 571 gl0uiam
2098 503 2381 573 opetetur
2408 493 2651 574 quidem
2684 494 2963 556 mandata
2991 496 3130 557 Jesu
3164 492 3380 557 Christi
3439 511 3473 554 a
3503 510 3624 573 quo
3654 510 3758 552 re-

359 585 601 648 tandem
636 584 1031 664 progreditur.
1057 581 1167 655 Qui
1197 582 1698 661 igiturpristinam
1730 580 2014 641 vilitatem
2099 591 2341 643 novatus
2367 590 2477 659 est,
2513 584 2806 645 custodiat
2848 591 3069 661 autem,
3115 603 3290 666 quam
3318 583 3516 645 div'no
3542 584 3758 645 tinctus

359 693 532 737 suam
564 673 934 746 recordatus,
992 672 1256 752 seipsum
1289 671 1528 743 exaltat,
1559 669 1855 751 quomodo
1882 678 2024 729 stut-
2109 671 2338 732 lavacro
2361 690 2394 732 a
2419 671 2639 752 Spiritu
2666 681 2868 734 sancto
2893 674 3141 752 gratiam
3179 672 3433 754 accepit,
3467 671 3755 733 confitea-

368 777 462 829 tus
490 782 558 825 ac
589 780 780 823 czecus
812 780 927 822 non
962 761 1085 823 sit?
1143 758 1289 820 Nam
1347 759 1504 841 quod
1552 759 1792 837 dicitur,
1841 759 2024 820 Nemo
2109 766 2322 842 turque
2355 768 2414 821 et
2443 761 2620 835 dicat,
2656 761 2841 822 virtus
2876 762 3004 841 eius
3045 764 3294 842 (gratiae,
3329 762 3507 841 inqua
3523 761 3595 839 Tn)
3623 776 3754 840 qua;

360 860 495 917 sine
507 857 769 932 peccato,
796 852 918 911 nisi
930 852 1090 911 solus
1112 849 1294 923 Deus,
1320 866 1428 910 nec
1444 850 1672 927 infans,
1693 851 1868 925 cuius
1897 852 2025 910 vita
2107 849 2168 909 in
2205 869 2298 911 me
2329 858 2441 924 est,
2475 850 2693 914 Christi
2746 860 3045 931 praecepta
3101 871 3332 914 mecum
3382 850 3711 931 operatur5
3734 892 3748 907 .

363 949 547 1007 unius
578 941 701 1003 diei
730 946 816 1001 est
839 939 911 1010 4,·
940 957 1059 999 non
1092 938 1166 999 de
1196 938 1273 999 iis
1328 937 1569 1012 dicitur,
1602 936 1701 1019 qui
1735 953 2021 1016 peccave-
2106 938 2244 1001 Haec
2274 940 2435 1002 enim
2465 949 2555 1003 est
2581 940 2873 1003 custodia;
2916 941 3082 1003 Sicut
3130 960 3385 1022 namque
3431 938 3750 1001 aedificium

360 1041 500 1095 runt
532 1051 545 1093 :
579 1048 693 1110 quo
725 1028 884 1090 enim
922 1036 1086 1107 pacto
1114 1027 1311 1087 infans
1342 1026 1587 1089 unicum
1627 1027 1787 1086 diem
1823 1034 2018 1093 natus,
2104 1035 2283 1103 stare,
2315 1039 2415 1091 aut
2447 1028 2687 1091 excitari
2717 1028 2940 1111 absque
2970 1029 3351 1092 fundamento
3382 1028 3590 1110 nequit
3617 1050 3632 1089 :
3668 1027 3751 1089 ita

361 1127 669 1204 peccatum
700 1115 1070 1177 committat?
1100 1116 1202 1176 sed
1234 1116 1346 1176 hoc
1376 1114 1516 1175 latet
1543 1114 1829 1195 mysterii,
1852 1124 2018 1176 natu-
2099 1118 2296 1179 anima
2329 1117 2562 1181 Christo
2581 1118 2857 1194 credens,
2898 1119 3013 1181 nisi
3036 1118 3237 1199 gratiae
3275 1117 3533 1200 Spiritus
3554 1117 3745 1180 sancti

355 1231 485 1274 ram
516 1212 834 1272 humanam
862 1207 935 1267 ab
955 1207 1084 1287 ipso
1106 1214 1397 1286 conceptu
1427 1205 1824 1286 peceatricem
1858 1224 2012 1267 esse.
2098 1208 2546 1269 fundamentum
2579 1208 2972 1283 collocaverit
3036 1209 3214 1271 vitam
3265 1217 3324 1270 et
3373 1226 3570 1270 mores
3622 1206 3745 1269 Deo

353 1303 438 1366 Ac
466 1300 619 1362 Deus
649 1296 890 1378 quidem
949 1296 1249 1356 hominem
1303 1314 1417 1356 non
1467 1302 1867 1375 peccatorem,
1902 1294 2006 1356 sed
2093 1295 2340 1375 placitos
2370 1298 2677 1376 suscipere
2722 1296 3061 1377 neutiquam
3096 1306 3333 1377 potest;
3368 1297 3618 1377 eiusque
3643 1295 3746 1375 je-

357 1407 567 1472 purum
610 1396 668 1447 et
696 1392 960 1446 sanctum
995 1385 1180 1445 finxit.
1216 1382 1602 1463 Posteaquam
1630 1401 1769 1444 vero
1802 1391 2005 1463 proto—
2081 1386 2277 1467 jttnia,
2311 1386 2807 1467 pervigilationcs,
2843 1385 3008 1447 humi
3034 1395 3282 1448 stratum
3339 1386 3560 1458 cubile,
3613 1385 3745 1446 a‘iae

356 1478 711 1563 plastusille,
737 1474 1063 1536 sanctitatis
1087 1474 1235 1535 stola
1260 1474 1444 1535 solius
1465 1473 1758 1552 superbiae
1781 1474 2004 1553 piaculo
2089 1477 2354 1555 corporis
2383 1475 2755 1550 afﬂictiones,
2801 1482 3136 1555 paupertas,
3183 1474 3480 1563 lacrgtnaa,
3523 1492 3741 1563 preca-

353 1561 657 1650 spoliatus,
741 1562 1132 1643 corruptioni,
1203 1562 1592 1642 interituique
1665 1563 1848 1623 factus
1917 1571 2004 1622 est
2027 1564 2280 1661 Btiones
2310 1565 2530 1626 nullius
2554 1563 2840 1625 momenti
2862 1564 3166 1625 censenda
3196 1572 3354 1624 sunt.
3389 1561 3489 1624 Sic
3518 1562 3741 1624 e'enim

354 1655 665 1726 obnoxius,
698 1673 767 1714 ex
801 1671 871 1713 eo
898 1660 1075 1713 et:am
1127 1650 1297 1726 satio,
1348 1650 1691 1725 conceptio,
1725 1659 1909 1725 ortus,
1945 1659 2003 1711 et
2027 1650 2380 1717 "Christum
2418 1662 2800 1731 negaverunt,
2838 1653 2941 1734 qui
2992 1659 3124 1733 post
3169 1654 3388 1714 multos
3445 1652 3744 1713 cruciatus

351 1748 583 1828 reliqua
602 1744 887 1821 deinceps
905 1742 1104 1804 omnia
1127 1750 1366 1822 peccato
1390 1742 1626 1802 subdita
1648 1742 1907 1807 fuerunt.
1934 1742 2003 1803 Et
2084 1752 2449 1818 negaverunt
2480 1762 2492 1806 :
2535 1742 2650 1817 Qui
2681 1743 2748 1804 in
2768 1759 2861 1804 me
2877 1743 3186 1820 confessus
3214 1744 3408 1821 fuerit
3430 1740 3488 1814 ϐ,
3525 1740 3736 1819 inquit.

353 1842 620 1910 omnino,
655 1831 922 1912 quisquis
951 1832 1125 1892 homo
1176 1839 1537 1907 numeratur,
1588 1849 1801 1911 quatnv
1827 1851 1852 1891 s
1885 1851 1998 1893 non
2081 1829 2145 1892 In
2178 1831 2305 1912 ipso
2336 1834 2712 1908 confitemur,
2748 1831 2809 1892 in
2843 1830 2972 1912 ipso
3005 1830 3343 1904 adoramus,
3378 1830 3436 1892 in
3471 1832 3600 1911 ipso
3622 1829 3741 1891 sal-

353 1919 1042 2009 peccarit,nihilominus
1083 1928 1355 1999 peccator
1379 1928 1487 1980 est.
1525 1920 1814 1991 Quocirca
1844 1922 1999 1982 venit
2080 1938 2301 1981 vamur.
2339 1918 2865 2009 Spiritussanctus
2902 1919 3201 2000 siquidem
3232 1920 3490 1982 animum
3547 1939 3737 1982 reno-

349 2008 463 2079 alia
517 2008 796 2075 nascendi
853 2009 1137 2087 conditio,
1198 2017 1259 2071 et
1308 2010 1496 2070 altera
1537 2009 1831 2085 formatio,
1884 2029 1998 2090 qua

347 2104 587 2187 quidem
620 2102 798 2162 homo
829 2116 860 2160 e
901 2106 1276 2159 sacrosancto
1308 2097 1485 2187 fintei
1518 2097 1888 2173 baptismatis
1934 2099 1995 2160 in

348 2186 568 2274 Spiritu
599 2197 799 2250 sancto
848 2187 1043 2249 denuo
1083 2195 1423 2265 generatur,
1474 2186 1808 2267 iterumque
1860 2207 1991 2248 cum

348 2281 545 2345 divina
568 2287 796 2349 natura,
826 2275 980 2337 sicut
1004 2283 1152 2347 erat,
1183 2295 1335 2355 quan
1363 2276 1417 2335 lo
1448 2275 1614 2335 illum
1634 2275 1847 2336 divinae
1876 2296 1998 2337 ma-

348 2391 461 2434 nus
477 2366 864 2445 'eiiingebant.
902 2365 1074 2425 modo
1106 2366 1359 2445 quodam
1414 2364 1718 2438 miscetur,
1774 2374 1830 2426 et
1862 2373 1994 2426 tan-

351 2477 525 2541 quam
550 2475 582 2517 a
617 2454 824 2532 primis
854 2454 1186 2526 elementis,
1220 2453 1349 2531 ejus
1415 2453 1627 2514 anima;
1673 2454 1827 2515 vires
1857 2455 1994 2515 uni-

347 2565 534 2611 versae
564 2545 979 2618 informantur,
1025 2550 1200 2622 atque
1230 2542 1289 2603 in
1323 2561 1455 2603 eum
1490 2550 1729 2623 statum,
1789 2544 1847 2604 in
1878 2563 1994 2624 quo

350 2645 524 2718 caput
549 2641 607 2695 et
638 2631 912 2713 princeps
941 2631 1176 2709 generis
1204 2631 1388 2691 nostri
1414 2639 1549 2692 ante
1576 2632 1995 2712 transgressio-

349 2744 486 2788 nem
535 2721 899 2792 versabatur,
958 2727 1251 2780 renovatae
1297 2719 1730 2795 restituuntur;
1780 2728 1837 2781 et
1886 2725 1994 2782 isto

349 2813 527 2876 modo
559 2810 630 2872 ad
661 2827 909 2887 regnum
943 2808 1045 2871 Dei
1080 2807 1392 2868 instruitur
1421 2826 1489 2868 ac
1521 2819 1903 2891 prteparatur,
1934 2812 1994 2871 in

2078 2016 2193 2089 vat,
2223 2008 2724 2090 quemadmodum
2758 2008 2860 2070 illa
2892 2027 3139 2089 corpus.

2160 2102 2431 2179 Magnum
2471 2099 2837 2179 mysterium,
2873 2099 3026 2180 quod
3061 2108 3216 2161 totus
3248 2106 3539 2161 terrarum
3572 2098 3738 2161 orbis

2071 2191 2208 2267 jure
2257 2196 2589 2251 veneretur.
2626 2187 2687 2250 [η
2709 2187 2921 2250 eodem
2946 2188 3303 2252 sacriﬁcium
3326 2188 3519 2251 laudis
3555 2188 3731 2265 inest,

2078 2278 2356 2339 nimirum
2392 2297 2493 2338 cor
2517 2278 2922 2358 purum,quod
2952 2286 3043 2338 est
3072 2296 3177 2339 cor
3206 2277 3522 2340 contritum
3551 2287 3609 2341 et
3628 2280 3733 2340 hu-

2078 2366 2431 2429 miliatum7.
2469 2366 2637 2428 Novit
2665 2366 2826 2428 enim
2881 2384 2943 2427 se
2995 2366 3298 2448 proprium
3331 2367 3478 2429 nihil
3511 2368 3731 2432 habere

2079 2475 2136 2517 et
2157 2456 2455 2537 quomodo
2478 2456 2804 2518 elevabitur
2826 2456 2857 2516 ‘2
2882 2455 2983 2516 Est
3006 2456 3386 2537 porroipsum
3401 2457 3513 2519 sibi
3537 2458 3726 2520 humi-

2079 2544 2258 2605 litatis
2275 2553 2686 2623 argtimentum
2712 2552 2771 2605 et
2792 2543 3061 2605 materia.
3083 2542 3253 2615 Quod
3276 2544 3325 2604 si
3342 2545 3577 2619 veritas,
3607 2566 3724 2609 non

2076 2634 2317 2696 ambitio
2348 2635 2702 2697 sacriﬁcium
2755 2635 2941 2696 laudis
2976 2643 3067 2697 est
3098 2637 3244 2709 Deo,
3279 2645 3336 2697 et
3365 2640 3519 2717 apud
3553 2637 3722 2701 illum

2078 2742 2197 2785 non
2230 2732 2506 2802 peccator
2526 2724 2680 2804 (quis
2697 2726 2855 2784 enim
2880 2732 3036 2785 caret
3062 2735 3303 2804 peccato
3319 2724 3367 2799 ?)
3397 2725 3497 2786 sed
3532 2728 3726 2789 omnis

2079 2812 2234 2873 elato
2248 2813 2782 2875 cordeimmundus
2803 2813 3074 2888 habetur,
3099 2814 3338 2875 humilis
3356 2814 3535 2876 corde
3550 2815 3725 2895 justi-

350 2902 532 2985 quod,
564 2899 666 2982 qui
698 2897 943 2959 salutari
966 2915 1117 2977 aqua
1145 2897 1713 2989 purgatusgnond‘um
1738 2906 1847 2971 est,
1881 2918 1993 2961 nec
2014 2926 2058 2989 ε
2080 2901 2308 2983 ﬁcatus,
2326 2902 2521 2982 justus
2549 2921 2794 2963 munere
2815 2922 2922 2964 suo
2954 2902 3215 2977 functus,
3259 2921 3388 2974 seu,
3414 2902 3723 2980 utdebuit,

349 2991 606 3072 ingredi,
622 2989 938 3067 necipsum
956 2985 1272 3067 speculari,
1291 3004 1400 3046 nec
1425 2985 1754 3065 intelligere
1779 2996 1989 3067 potest.

348 3080 424 3145 Ut
449 3081 528 3142 ita
557 3078 807 3159 quilibet
828 3074 1149 3157 baptizatus
1197 3073 1304 3155 (Ι)²
1336 3074 1467 3137 talis
1485 3074 1633 3155 jam,
1668 3074 1859 3156 qualis
1895 3076 1995 3139 ille

428 3212 463 3263 4
489 3208 595 3275 Job
625 3225 747 3282 XIV,
780 3208 838 3284 4,
875 3209 909 3271 5
940 3224 1063 3269 sec.
1097 3204 1267 3269 LXX.
1352 3207 1386 3257 5
1416 3206 1644 3269 Coloss.
1679 3222 1720 3283 Ι,
1749 3206 1849 3271 99.

423 3375 495 3442 (l)
526 3369 699 3443 Caute
726 3366 1005 3443 legendus
1066 3375 1151 3443 cst
1188 3366 1448 3443 ‘Simeon.
1471 3367 1797 3443 quandoet
1827 3369 1920 3426 hic
1951 3378 2008 3428 et

357 3437 494 3503 alibi
528 3442 740 3511 saepius
771 3437 1099 3512 baptismati
1144 3438 1329 3512 nimis
1369 3437 1893 3512 multumtribuere
1923 3443 2005 3497 vi-

354 3517 541 3581 detur,
596 3509 1033 3586 nempefquod
1093 3509 1581 3586 reddathomines
1611 3511 2003 3582 impeccabitcs.

356 3588 508 3646 idem
542 3581 750 3647 asserit
771 3584 840 3639 de
870 3582 1221 3653 professione
1252 3581 1703 3653 vitaerel‘giosaa’
1742 3598 1840 3639 seu
1891 3598 2006 3641 mo-

351 3660 611 3717 nasticm.
687 3652 886 3717 Verba
929 3653 1119 3711 Graeca
1189 3652 1535 3722 perioches,’
1576 3666 1705 3723 quas
1759 3655 2003 3711 orationi

353 3749 793 3812 praponuntur,
825 3748 960 3812 sunt
988 3734 1090 3790 ista
1126 3753 1139 3786 :
1192 3727 1262 3812 Τὸ
1310 3723 1457 3812 ἅγιον
1508 3726 1779 3812 βάπτισμα
1878 3727 1999 3784 ἀκι-

358 3804 551 3883 ἶιήτόυς
620 3815 655 3882 ἢ
710 3810 1070 3878 δυσκινήτους,
1132 3806 1262 3885 πρὸς
1344 3807 1405 3861 τὸ
1472 3809 1635 3885 κακὸλν
1692 3804 1999 3881 διατίθησιν,

352 3882 532 3972 ὥσπερ
590 3896 682 3950 ml
755 3893 817 3949 τὸ
874 3886 1108 3966 δεύτερον
1164 3882 1435 3962 βάπτισμα
1489 3887 1550 3941 τὸ
1596 3882 1679 3941 διὰ
1724 3894 1813 3944 τοῦ
1865 3889 2001 3943 θείου

349 3974 437 4030 καὶ
467 3970 756 4051 ἀγγελικοῦ
786 3970 1092 4051 stipatos.
1124 3975 1386 4051 Sanctum
1418 3974 1706 4051 _bnptisma
1750 3980 1866 4051 aut
1895 3977 2002 4033 im-

348 4046 593 4115 mobiles,
628 4060 729 4109 aut
757 4046 1050 4123 difficulter
1096 4047 1314 4123 mobiles
1358 4046 1680 4123 admotum
1707 4046 1909 4123 reddit,
1940 4052 2002 4105 ut

353 4128 408 4204 8!.
446 4125 687 4204 alterum
737 4118 1218 4204 ῡιμῆζιετπίξνηιιυοιζ
1256 4118 1501 4204 φηείεέίι
1528 4118 1619 4204 ,ἔτι
1646 4120 2002 4204 secretior"!

349 4193 528 4266 diuini
557 4201 608 4251 et
633 4188 867 4266 angelici
915 4188 1145 4266 habitas,
1207 4192 1315 4246 hoc
1367 4198 1472 4266 est.
1526 4188 1582 4244 in
1641 4188 1995 4266 ingreésuin

349 4265 689 4333 religiosum
711 4260 821 4320 'seu
854 4264 1230 4318 mutasticum
1284 4260 1540 4333 ordinem
1576 4280 1590 4327 ;
1641 4260 1796 4316 hunc
1840 4263 1995 4318 enim

351 4331 596 4393 alterum
657 4336 933 4405 baptisma
994 4332 1270 4388 nominat.
1323 4331 1387 4387 In
1447 4332 1567 4405 ipsa
1625 4333 1882 4405 oratione
1913 4334 1996 4388 sic

353 4423 562 4483 praeter
607 4403 809 4470 caetera
868 4410 1120 4480 loquitur
1167 4408 1391 4483 Simeon
1421 4426 1435 4466 ;
1469 4404 1566 4483 Τὸ
1595 4403 1694 4481 γὰρ
1721 4407 1866 4460 θεῖον
1892 4405 1996 4481 βά-

350 4478 555 4561 ἇττισμαι
621 4494 714 4543 τοῦ
790 4478 1013 4562 Χριστ-οῠ
1089 4485 1207 4543 τοὺς
1268 4482 1384 4559 πρὶν
1460 4478 1829 4554 ἆϐκπὲίστους,
1893 4478 1995 4541 Ἵκειὶ

349 4560 491 4643 πρὸς
536 4566 597 4620 τὸ
663 4560 849 4620 κακὸνν
896 4562 1222 4636 εὒκινήτως,
1280 4561 1529 4639 κριταιὰν
1588 4560 1703 4642 ἔχει
1756 4562 1993 4644 δύναμιν,

351 4626 758 4715 κᾶτεεσκευάζειν
842 4641 1245 4720 βαπτισθέντας,
1317 4626 1657 4711 ’ἀκινήτους
1727 4626 1891 4723 πρὸς.
1934 4626 1994 4701 τέ

351 4727 537 4801 κακὸν,
597 4726 641 4780 εἰ
698 4722 741 4779 δ’
787 4722 866 4782 0’3.
902 4720 1036 4777 ἀλλὰ
1088 4721 1220 4784 τέως
1251 4721 1379 4800 πρὸς
1409 4722 1469 4776 τὸ
1492 4725 1656 4801 παρὸν
1688 4720 1990 4794 ἀκινήτους,

352 4802 491 4872 Quae
520 4799 712 4861 Omnia
746 4802 885 4859 dura
947 4799 1203 4872 profecto
1261 4799 1395 4858 sunt
1425 4810 1480 4872 et
1507 4799 2000 4872 animadversione

350 4870 549 4949 digna,
610 4884 669 4931 et
718 4870 974 4949 errorem
1029 4871 1339 4949 Jovinia_ni_
1375 4870 1710 4933 rtdolentia.
1770 4876 1890 4949 qui,
1933 4884 2002 4949 ut

350 4942 555 5004 scribit
582 4956 815 5003 sanctus
845 4944 996 5001 Hiert
1021 4957 1247 5014 nymus,
1283 4942 1381 4999 lib.
1445 4956 1485 4999 tt
1538 4949 1735 5000 contra
1763 4945 2003 5003 Iovinia-

350 5033 504 5084 num,
566 5027 621 5075 et
679 5013 1338 5087 sanctusAugustinus,
1394 5014 1499 5071 lib.
1565 5013 1639 5072 De
1664 5016 1999 5087 Hcercsibus,

350 5103 474 5159 cap.
540 5088 630 5155 82,
692 5088 885 5146 docuit
931 5086 1246 5151 hominem,
1282 5099 1434 5159 ‘vere
1493 5086 1832 5157 baptizatum
1882 5086 1998 5145 non

348 5156 519 5231 poSse
549 5161 797 5231 amplius
828 5172 1083 5231 peccare,
1117 5166 1171 5213 et
1200 5159 1244 5213 si
1276 5156 1417 5214 forte
1447 5168 1661 5231 peccat,
1686 5172 1798 5215 non
1824 5159 1999 5231 fuisse

347 5228 592 5289 tinctum
626 5228 735 5289 titsn
770 5228 938 5302 aqua.
970 5228 1052 5286 Ad
1108 5242 1277 5299 quem
1327 5242 1581 5302 errorem
1611 5229 1999 5301 loquendique

348 5305 581 5360 modum
612 5298 1259 5372 alludit’SimeonJum
1309 5300 1390 5356 ait
1435 5298 1551 5372 illis
1602 5298 1703 5372 qui
1735 5308 1868 5370 post
1896 5298 1999 5358 lia-

347 5378 556 5445 ptisma
587 5374 777 5430 faciles
806 5388 907 5430 seu
934 5370 1215 5445 ﬂexibiles
1246 5383 1378 5427 sunt
1405 5369 1475 5427 ad
1505 5369 1749 5440 malum,
1792 5386 1998 5442 aquam

346 5444 707 5525 superfusam
756 5467 885 5525 esse
940 5444 1065 5525 ᾡσεὶ
1120 5456 1355 5525 γεγροτς,
1416 5454 1683 5525 tanquam
1733 5454 1991 5525 mortuis.

347 5522 738 5605 Quod-itidem
775 5522 1086 5605 de_alter_o
1133 5522 1454 5605 baptismo,
1498 5535 1602 5579 seu
1624 5522 1998 5605 deningressu

345 5596 407 5655 in
437 5594 780 5668 religionem
811 5594 1078 5668 atﬂrmat.
1138 5594 1306 5652 Forte
1354 5593 1480 5668 erit,
1539 5593 1641 5665 qui
1669 5593 1999 5668 Simeonem

346 5662 598 5727 excuset.
634 5665 698 5725 1d
728 5678 869 5725 vero
921 5663 1089 5723 nobis
1143 5677 1263 5724 non
1317 5662 1489 5723 modo
1542 5662 1664 5724 non
1693 5664 2000 5726 molestum

1935 3206 1970 3258 ϐ
2002 3209 2144 3272 Luc.
2179 3227 2284 3285 xu,
2317 3210 2378 3275 8.

2078 3000 2460 3053 conversatus
2492 2999 2601 3054 est.
2634 2991 2984 3054 Justiﬁcatio
3010 2991 3195 3053 sancti
3218 2990 3472 3071 Spiritus
3494 2992 3720 3055 donum

2081 3086 2191 3142 est.
2225 3078 2337 3152 Qui
2364 3098 2399 3141 a
2428 3079 2643 3162 Spiritu
2674 3088 2877 3142 sancto
2900 3080 3284 3158 gubernatur,
3309 3080 3728 3163 gloriﬁcalus;

2465 3210 2495 3260 7
2526 3209 2682 3273 Psal.
2713 3228 2775 3288 L,
2814 3211 2907 3274 19.

2087 3370 2186 3445 sed
2218 3381 2271 3429 et
2301 3385 2572 3443 perquam
2599 3371 2919 3445 jucundum
2952 3371 3059 3430 erit
3090 3392 3104 3439 ;
3157 3372 3373 3431 utinam
3404 3386 3521 3432 non
3557 3376 3728 3435 modo

2087 3442 2315 3514 Simeon
2346 3442 2556 3509 noster,
2591 3442 2688 3501 sed
2723 3454 2776 3501 et
2806 3445 2992 3514 quivis
3035 3446 3182 3501 alius
3237 3445 3308 3501 ab
3339 3449 3493 3503 omni
3525 3461 3728 3505 errore

2086 3513 2158 3570 sit
2190 3515 2480 3572 immunis.
2515 3515 2748 3572 Interim
2783 3513 3032 3572 veritatis
3065 3520 3151 3573 hae
3180 3526 3315 3573 sunt
3344 3532 3546 3576 voces:
3580 3517 3723 3576 Vero

2086 3586 2444 3659 ct_legitime
2497 3587 2840 3659 baptizatum
2900 3588 3088 3659 denuo
3144 3602 3382 3658 peccare
3435 3603 3619 3659 posse,
3673 3591 3721 3647 si

2088 3656 2373 3715 velithd
2430 3657 2766 3727 baptizatum
2824 3658 2975 3714 enim
3031 3656 3209 3715 tendit
3265 3658 3360 3715 illa
3406 3656 3720 3718 cohortatio

2084 3731 2267 3787 sancti
2299 3728 2452 3784 Pauli
2486 3730 2645 3786 Rom.
2677 3744 2735 3797 ii,
2767 3728 2881 3784 20:
2924 3728 3014 3801 i’l'u
3065 3729 3172 3801 βαρ
3217 3736 3351 3794 stas.
3401 3731 3519 3787 noti
3546 3731 3721 3788 altum

2081 3814 2293 3874 sapere,
2330 3802 2425 3857 sed
2473 3801 2619 3857 time.
2667 3801 2731 3857 Et
2769 3801 2838 3874 ad
2895 3800 3080 3874 Hebr._
3116 3812 3196 3867 Vl,
3252 3803 3330 3874 ις
3383 3802 3723 3874 Imposst'bt'le

2084 3872 2232 3945 enim
2258 3875 2338 3945 est
2377 3886 2460 3928 eos
2497 3874 2594 3942 qui
2620 3873 2781 3929 semel
2834 3879 2963 3928 sunt
3003 3871 3341 3945 illuminati,
3367 3871 3726 3945 gustavcrunt

2082 3943 2251 3999 etiam
2282 3942 2489 4018 donum
2515 3947 2735 4009 cw’estc,
2782 3950 2830 3999 et
2855 3943 3154 4018 participes
3194 3943 3333 4018 facti
3370 3942 3513 4018 sunt
3539 3946 3727 4018 Spiri—

2082 4017 2171 4071 tus
2194 4015 2395 4077 sancti,
2424 4019 2785 4084 gustaverunt
2826 4014 3189 4070 nihilominus
3239 4014 3443 4071 bonum
3469 4014 3724 4075 Dei'ver-

2083 4084 2211 4140 bum
2266 4085 2600 4156 virtutesque
2643 4085 2832 4142 saeculi
2884 4086 3122 4158 venturi,
3165 4089 3214 4140 et
3261 4087 3516 4158 prolapsi
3563 4093 3716 4155 sunt,

2078 4171 2281 4230 rursus
2302 4158 2565 4230 renovari
2598 4158 2672 4213 ad
2723 4157 3115 4230 pmnitemiam,
3147 4164 3252 4230 etc.
3289 4158 3392 4214 Ubi
3424 4157 3725 4217 manifeste

2080 4227 2293 4301 indicat
2320 4232 2492 4301 Apost
2534 4228 2623 4285 lus
2656 4227 2784 4286 eu'tn
2832 4230 2930 4301 qui
2980 4241 3109 4284 vero
3158 4228 3463 4297 baptizatus
3493 4236 3724 4301 gratiae-

2018 4292 2190 4369 une
2220 4292 2425 4371 divinae
2476 4300 2755 4370 particeps
2804 4292 3036 4371 ellectus
3084 4310 3193 4371 eSt,
3235 4292 3308 4355 'in
3372 4292 3596 4371 pectﬁta
3623 4303 3722 4358 de-

2079 4367 2196 4444 nuo
2227 4370 2335 4426 labi
2370 4367 2555 4444 posse,
2589 4367 2757 4442 atque
2786 4367 2926 4427 adeo
2958 4384 3059 4444 per
3082 4367 3423 4444 baptismum
3448 4373 3719 4444 impecca-

2080 4440 2240 4515 bilem
2269 4440 2383 4498 non
2437 4442 2605 4515 tﬂlci,
2657 4440 2808 4512 quod
2858 4442 3041 4515 multo
3077 4444 3272 4515 magis
3318 4443 3387 4515 ait
3438 4440 3720 4515 religiosa)

2077 4514 2205 4569 vitae
2235 4514 2640 4581 professionem
2672 4510 3090 4569 accommodari
3121 4510 3304 4570 debet.
3357 4514 3513 4582 Qum,
3549 4510 3625 4570 ’ω
3660 4523 3718 4572 et

2077 4591 2393 4663 baptismus
2421 4608 2525 4649 nec
2554 4585 2855 4659 ἀκινήτους,
2908 4606 3015 4648 nec
3062 4582 3396 4664 δυσκινήτους
3452 4594 3523 4650 ad
3574 4606 3715 4664 pec-

2078 4671 2559 4745 candumgreddit,
2592 4682 2647 4730 et
2697 4674 2742 4728 si
2792 4672 3131 4745 baptizatus
3160 4663 3465 4734 δυσκινητος
3523 4663 3718 4745 aliquo

2082 4756 2255 4816 sensu
2288 4743 2397 4799 dici
2431 4753 2630 4813 potest,
2662 4745 2792 4816 quia
2826 4752 3066 4816 gratiam
3104 4744 3202 4800 Dei
3238 4760 3338 4816 per
3367 4743 3715 4816 baptismum

2076 4812 2194 4884 jam
2226 4812 2586 4887 consecutus,
2650 4812 2854 4872 multo'
2886 4815 3054 4872 habet
3109 4812 3321 4887 majora
3367 4825 3423 4875 et
3447 4812 3721 4875 validoria

2084 4884 2348 5011 Blaesidia
2372 4889 2636 4943 vitiorum
2668 4887 2966 4943 illecebras
2998 4884 3358 5011 regiudi'andi,
3390 4904 3561 4958 quam
3590 4898 3723 4946 ante

2125 4958 2350 5011 antismi
2380 4958 2779 5011 initiationem.
2813 4957 3047 5011 dummo
3089 4973 3124 5011 ο
3181 4959 3297 5011 illis
3359 4959 3608 5011 legitime
3640 4959 3720 5011 uti

2125 4958 2350 5025 aptismi
2380 4958 2779 5024 initiationem,
2813 4957 3124 5015 dummodo
3181 4959 3297 5014 illis
3359 4957 3608 5029 legitime
3640 4959 3721 5017 uti

2085 5029 2263 5085 velit:
2295 5043 2426 5085 nam
2459 5030 2507 5085 si
2537 5032 2617 5087 uti
2650 5030 2814 5092 nolit.
2864 5039 2917 5085 et
2973 5043 3076 5099 per
3128 5031 3349 5088 arbitrii
3405 5032 3721 5089 libertatem

2081 5112 2283 5156 rursus
2313 5100 2381 5172 ad
2416 5101 2627 5171 peccati
2657 5100 2855 5158 sordes
2887 5100 3153 5169 declinet,
3184 5115 3346 5172 teque
3377 5102 3431 5157 id
3456 5112 3634 5171 potest
3655 5116 3722 5159 ac

2079 5181 2241 5244 antea
2269 5187 2282 5227 :
2307 5170 2687 5244 Qantingilque
2716 5173 2789 5234 ei,
2821 5179 2890 5244 ut
2913 5179 3145 5244 sanctus
3171 5170 3372 5230 Petrus
3387 5170 3463 5231 ait
3484 5173 3549 5243 (ll
3575 5173 3719 5230 Petr.

2079 5251 2141 5309 tt,
2169 5243 2281 5314 22),
2304 5241 2443 5300 illud
2468 5240 2932 5314 vhiproccrbii:
2966 5240 3135 5314 Canis
3157 5259 3407 5302 reversus
3452 5240 3529 5301 ad
3560 5259 3725 5302 suum

2077 5313 2365 5381 uomitum,
2391 5319 2443 5371 et
2463 5330 2557 5372 sus
2578 5313 2691 5371 tota
2709 5316 2771 5370 in
2792 5313 3083 5370 volutabra
3099 5315 3224 5372 tuti.
3248 5318 3448 5373 Lector
3463 5315 3727 5374 consulat

2080 5384 2450 5470 cardindem
2478 5386 2887 5470 Bellarminum
2907 5384 3097 5470 thbro.
3137 5387 3216 5444 De
3270 5386 3563 5470 baptism,
3593 5396 3718 5470 cap.

2081 5455 2167 5521 14,
2200 5456 2299 5514 ubi
2327 5461 2557 5528 copiose
2585 5456 2889 5528 adversus_
2907 5454 3203 5528 haareticos
3233 5454 3501 5527 ostendit,
3534 5454 3728 5518 homi-

2077 5538 2185 5586 nes
2208 5541 2310 5600 per
2337 5524 2682 5603 baptismum
2710 5540 2828 5587 non
2854 5524 2985 5585 ﬁeri
3013 5526 3437 5604 impeccahites.
