4068 6112
291 205 410 274 325
1243 205 1255 210 ’
1792 217 1965 284 ΟΒΑἽ

2048 218 2071 282 )
2114 216 2165 281 Ι.
3555 214 3678 282 326

286 349 385 443 qui
413 350 802 443 gloriﬁcatus,
835 355 1237 420 Sanctificatus
1266 367 1356 421 est
1379 377 1396 435 ;
1428 359 1560 422 sine
1592 360 1934 424 sanctifica-
1958 354 2005 416 A
2022 359 2376 434 minabitur,
2402 375 2526 421 non
2544 359 2705 422 enim
2724 359 2868 422 estis
2892 360 3004 422 sub
3032 356 3183 438 lege,
3218 359 3323 423 sed
3340 361 3448 423 sub
3467 362 3676 443 gratia

287 438 450 533 tione
482 441 668 533 Deum
704 464 880 507 nemo
907 446 1153 509 videbit.
1189 448 1456 512 Toltatur
1484 453 1725 533 impius,
1748 470 1823 514 ue
1854 452 1937 514 vi-
2025 449 2251 513 Christi
2280 449 2325 497 Η
2365 492 2378 505 .
2408 446 2536 510 Nisi
2566 448 2723 510 enim
2765 448 3121 528 rejecissent
3152 448 3398 527 gratiam
3428 438 3667 527 Christi,

287 526 426 621 deut
450 532 716 609 gloriam
746 533 996 596 Domini
1012 536 1043 586 8
1064 587 1078 600 .
1113 535 1255 609 Quis
1279 526 1616 620 etimpius'?
1639 526 1940 621 Superbus
2020 556 2197 620 quam
2230 545 2650 616 cognoverant,
2697 556 2815 599 non
2834 526 2940 599 eos
2964 536 3066 598 illa
3093 556 3340 618 peccare
3365 526 3671 619 permisis-F

289 618 516 710 utique,
552 629 609 683 et
642 630 867 686 tantum
898 626 1113 706 impius
1135 618 1744 710 quantum—superbus
1799 629 1939 702 Quis
2023 618 2138 690 set.
2169 631 2240 691 Et
2274 627 2385 708 ipsi
2417 636 2609 689 semet
2635 645 2769 691 reos
2799 627 3068 688 fecerunt
3103 618 3408 707 sanguinis
3430 629 3668 705 Christi,

288 705 532 797 humilis
563 710 793 773 corde?
822 733 938 774 non
960 705 1244 796 prudens,
1272 705 1675 797 nonsapiens,
1708 738 1822 779 non
1855 720 1941 779 in—

293 795 591 888 telligens,
611 819 727 861 non
741 795 1094 882 versipellis,
1121 823 1236 867 non
1251 823 1285 869 a
1307 795 1626 888 semetipso
1644 795 1851 870 doctus
1871 824 1942 867 ac

293 887 530 962 sciens;
562 888 667 949 sed
708 908 839 952 cum
875 890 1094 972 Spiritu
1129 901 1331 956 sancto
1377 887 1845 970 communicatis,
1882 896 1940 955 in

292 990 405 1072 quo
436 977 747 1072 prudentia
776 988 836 1072 et
867 980 1179 1072 sapientia,
1203 992 1261 1044 et
1290 983 1710 1066 intelligentia,
1746 985 1941 1072 erudi-

290 1065 369 1122 tio
398 1080 469 1125 ac
497 1065 750 1129 scientia
778 1068 839 1129 in
891 1068 1018 1150 ipsi»
1068 1080 1344 1150 puirgatae,
1378 1091 1448 1134 ac
1478 1065 1747 1147 viventis,
1784 1071 1940 1134 Deo-

292 1169 408 1230 que
441 1154 727 1232 placentis
757 1157 1097 1222 animae.0b
1128 1160 1185 1221 id
1212 1161 1372 1222 enim
1387 1161 1648 1224 Verbum
1677 1162 1942 1224 acFilius

2025 719 2133 799 qui
2161 719 2504 780 amandavit
2540 717 2965 779 conscientiam
3010 715 3257 777 illorum
3287 718 3364 778 ab
3394 717 3675 797 aperibus

2022 808 2299 878 mortuis,
2316 807 2395 868 ad
2405 808 2793 868 serviendum
2822 807 2936 867 Deo
2950 811 3082 867 vivo
3107 813 3162 868 et
3184 823 3328 867 vero
3346 806 3433 884 19;
3455 807 3676 869 denuo-

2022 914 2136 976 que
2169 914 2276 976 per
2308 895 2539 956 labores
2570 913 2805 974 nempe,
2858 894 3126 967 sudores,
3169 895 3445 971 gemitus,
3472 898 3669 977 lacry-

2028 1003 2150 1045 mas
2177 984 2486 1045 emundari
2510 984 2754 1051 debent,
2781 983 3053 1043 utdicant
3074 982 3223 1044 Deo:
3269 983 3411 1047 Vide
3425 987 3675 1051 humili-

2026 1078 2211 1135 tatem
2240 1081 2297 1133 et
2326 1073 2588 1133 laborem
2607 1089 2829 1143 meum,
2865 1080 2916 1132 ct
2942 1071 3182 1133 dimitte
3209 1073 3414 1135 omnia
3430 1084 3677 1153 peccata

2023 1179 2155 1223 mea
2180 1162 2235 1211 15
2260 1207 2273 1221 .
2308 1160 2603 1223 Remissio
2633 1169 2826 1221 autem
2878 1158 3139 1239 perfecta
3188 1178 3424 1224 rursum
3475 1166 3677 1244 gratia;

291 1239 402 1333 Dei
434 1243 736 1307 hominem
777 1247 992 1323 induit,
1026 1268 1094 1311 ac
1141 1260 1390 1312 mortem
1440 1252 1706 1333 pertulit,
1760 1270 1942 1332 seque
2026 1249 2396 1329 participatio
2439 1258 2547 1320 est,
2586 1265 2703 1309 non
2744 1248 2899 1328 quod
2953 1247 3109 1309 Deus
3159 1239 3675 1330 defatigationibus

294 1328 493 1423 ipsum
520 1352 634 1423 pro
665 1342 783 1396 toto
814 1354 1035 1413 genere
1065 1340 1323 1400 humano
1348 1328 1656 1402 liberanda
1689 1328 1940 1423 pretium
2026 1328 2093 1398 ac
2127 1338 2426 1398 laboribus
2452 1336 2790 1417 pcenitcutis
2816 1336 3108 1414 indigeat:
3138 1339 3240 1398 sed
3284 1328 3363 1401 ne
3388 1342 3678 1420 paenitens

295 1417 483 1511 dedit.
520 1419 741 1483 Verum
773 1425 1073 1488 enimvero
1108 1448 1210 1508 pro
1245 1428 1377 1510 piis,
1406 1430 1505 1511 qui
1534 1417 1709 1492 antea
1732 1431 1947 1490 obdor-
2027 1427 2238 1487 divinae
2286 1426 2486 1504 gratiae
2533 1425 2680 1486 citra
2727 1424 2988 1486 laborem
3042 1417 3483 1505 reconciliatus,
3518 1449 3672 1507 eam,

300 1506 615 1601 miverant,
652 1530 925 1593 magnum
954 1526 1012 1577 et
1045 1506 1378 1595 augustum,
1406 1506 1474 1581 ac
1506 1529 1816 1599 propterea
1843 1538 1943 1581 re-
2026 1515 2110 1575 uti
2143 1515 2325 1596 prius,
2377 1520 2738 1589 contemnat,
2797 1514 3084 1595 tertiaque
3138 1516 3485 1595 purgatione
3530 1506 3678 1601 opus

297 1596 780 1699 pulsaenescium
812 1607 1168 1669 sacrificium
1200 1608 1387 1671 factus
1408 1596 1524 1688 est,
1553 1596 1789 1689 quando
1815 1616 1947 1688 post
1971 1604 2281 1699 Bhabens,
2301 1602 2671 1683 reprobetur,
2700 1602 2841 1699 etin
2866 1601 3502 1685 ignemsempiternum
3533 1596 3677 1688 pur-

293 1687 513 1778 Adami
545 1689 771 1770 lapsum
796 1693 1093 1773 justorum
1145 1698 1339 1759 nullus
1389 1687 1643 1778 adipisci
1695 1687 1946 1760 salutem
1971 1687 2257 1771 "gandus
2283 1693 2657 1773 conjiciatur,
2684 1693 2785 1773 qui
2810 1711 2942 1753 cum
2969 1711 3208 1774 semper
3234 1703 3390 1775 urat,
3425 1687 3679 1778 purgare

299 1776 825 1869 potuit,_omnibus
848 1795 1090 1862 peccato
1125 1787 1297 1865 primi
1332 1776 1615 1869 parentis,
1652 1788 1951 1868 mortique
2035 1800 2151 1842 non
2187 1789 2375 1862 potest
2409 1801 2587 1863 quem
2618 1782 2759 1843 urit.

295 1881 366 1958 ac
397 1866 716 1958 perditioni
735 1872 1017 1953 subjectis
1045 1897 1057 1934 :
1084 1877 1239 1956 quod
1267 1866 1441 1939 nemo
1464 1884 1740 1949 exstaret,
1770 1866 1946 1958 quem
2034 1957 2046 1958 ί
2111 1869 2242 1933 Jam
2267 1891 2403 1933 vero
2432 1890 2649 1933 arcana
2671 1869 3339 1951 Christianmreligionis
3361 1873 3682 1954 ignoranti-

301 1952 697 2046 flammoailla
719 1952 1017 2042 romphaea
1039 1952 1951 2046 paradisicustos,postejectum
2034 1957 2142 2019 bus
2174 1960 2336 2024 (sunt
2382 1963 2567 2027 enim.
2614 1969 2770 2030 sunt,
2824 1959 3088 2039 inquam,
3142 1961 3339 2040 plures
3389 1952 3678 2044 baptismo

301 2041 444 2135 inde
474 2041 899 2135 protoplasmm
926 2041 1096 2113 facile
1113 2041 1699 2135 admitteret,quoin
1725 2041 1951 2134 impol-
2034 2047 2229 2135 aﬂ'ecti
2256 2048 2521 2129 quidem,
2558 2062 2615 2109 et
2649 2056 2965 2129 propterea
2993 2048 3278 2128 indigitati
3313 2041 3670 2119 Christiani:

304 2131 542 2223 luta,_et
574 2134 645 2196 ab
669 2138 829 2199 omni
851 2138 1070 2202 delicto
1097 2142 1332 2217 munda,
1358 2150 1413 2204 et
1438 2131 1642 2205 sancta
1673 2131 1951 2203 taberna-
2034 2134 2138 2223 sed
2172 2136 2406 2215 penitus
2437 2138 2595 2199 nulla
2626 2136 2923 2199 catechesi
2955 2137 3163 2199 imbuti
3190 2148 3248 2200 et
3272 2139 3516 2219 indocti,
3542 2153 3685 2223 etut

304 2221 435 2282 cula
458 2221 680 2287 intrare
700 2234 759 2287 et
783 2227 843 2289 in
868 2230 1100 2292 Sanctis
1143 2239 1482 2293 sanctorum
1504 2231 1670 2292 atriis
1718 2250 1951 2313 perma-
2035 2221 2295 2313 breviter
2320 2223 2537 2300 dicam,
2573 2225 2825 2304 profani,
2882 2244 2950 2288 ac
3001 2227 3180 2287 rudes
3212 2228 3387 2309 hujus
3418 2222 3688 2310 praeclari

302 2328 449 2371 nere
474 2323 669 2391 posset
699 2316 1023 2397 (quoniam,
1051 2320 1307 2382 utetiam
1332 2321 1650 2400 Apostolus
1673 2311 1773 2392 ait,
1812 2339 1952 2384 cor-
2040 2311 2581 2391 mysteriittalibUS.
2636 2313 2901 2394 inquam.
2955 2324 3196 2394 Ρθοοδῑδ
3243 2334 3371 2391 sua.
3426 2328 3557 2398 Ροδι
3586 2339 3685 2382 Sa-

304 2401 510 2491 ruptio
523 2403 1024 2483 incorruptionem
1038 2428 1161 2472 non
1171 2410 1398 2473 haeredi
1405 2410 1607 2486 tabit9)
1624 2411 1957 2491 oportebat-

2048 2418 2201 2461 crum
2222 2401 2574 2482 baptismum
2595 2410 2952 2483 perpetrata,
2970 2404 3412 2481 conﬁtentibus,
3430 2425 3615 2469 nexus
3630 2417 3688 2470 et

304 2488 894 2574 queincorruptibile
919 2496 1023 2558 Dei
1049 2498 1312 2562 Verbum
1347 2501 1407 2561 in
1446 2520 1623 2561 carne
1656 2488 1759 2560 sua
1792 2519 1953 2561 mor-
2037 2491 2251 2553 auxilia
2298 2493 2528 2554 medica
2578 2494 2796 2555 nullam
2848 2494 3157 2555 utilitatem
3208 2496 3482 2557 afferunt.
3541 2497 3690 2570 Quia

304 2577 407 2671 tali
439 2578 634 2671 oblato
654 2584 1154 2667 sacriﬁciojusaos
1193 2607 1225 2650 ε
1248 2590 1631 2671 corruptione
1663 2591 1948 2651 eximere,
2016 2581 2576 2671 enimmysterium
2600 2583 2812 2646 Christi
2840 2583 3135 2657 nesciunt,
3164 2586 3266 2645 sed
3292 2585 3685 2665 spiritualium

309 2662 477 2757 Haud
510 2670 669 2731 enim
703 2672 760 2732 ίη
808 2662 1048 2737 moram
1092 2685 1381 2757 potestate
1432 2662 1582 2752 έναι,
1628 2678 1701 2740 ad
1750 2679 1951 2740 ίηεοιι-
2016 2664 2399 2731 'vinculorum
2426 2671 3264 2753 medicaminumquesensum
3284 2662 3688 2756 etinlelligen-

310 2755 647 2848 I‘lﬂlllonem
681 2760 837 2823 illam
865 2755 1202 2838 instaurari,
1230 2766 1290 2828 ί]
1320 2786 1436 2848 qua
1478 2769 1754 2847 princeps
1775 2769 1954 2829 homo
2040 2759 2179 2820 tiam
2205 2760 2429 2823 habere
2447 2781 2701 2843 unquam
2735 2770 3032 2842 poterunt.
3072 2764 3295 2824 Etcum
3325 2783 3438 2825 non
3475 2755 3693 2828 intelli-

313 2842 768 2937 eﬂictusl‘ueral,
796 2859 937 2914 etex
961 2873 1077 2935 qua
1098 2842 1434 2917 εχρίάθτ-ξιιε
1470 2842 1659 2918 έράειά
1690 2842 1955 2937 magnam
1984 2921 1996 2933 ο
2043 2859 2249 2928 gentes
2271 2871 2320 2912 Cl
2342 2851 2658 2924 ediderint,
2685 2852 2813 2913 sine
2838 2852 3143 2913 intellectu
3169 2863 3601 2932 peccaverunt:
3630 2864 3692 2918 et

316 2930 493 3026 hanc,
527 2944 585 2998 et
614 2936 673 2998 in
712 2939 939 3018 judicio
969 2930 1036 3004 ac
1057 2945 1287 3024 justitia
1336 2957 1667 3026 susceptam
1717 2930 1959 3007 (econo-
2044 2941 2180 3019 quia
2200 2941 2328 3002 sine
2349 2942 2576 3003 ratione
2601 2950 3010 3022 peccaverunt,
3039 2930 3435 3022 spiritualem,
3470 2954 3527 3006 et
3559 2965 3691 3026 qua;

318 3024 500 3086 miam
532 3030 854 3108 spectabat.
891 3033 965 3094 At
1008 3053 1144 3096 vero
1188 3054 1296 3117 pro
1328 3036 1400 3098 iis
1428 3024 1530 3117 qui
1563 3044 1766 3118 postea
1794 3036 1958 3097 vixe-

315 3123 477 3206 runt,
515 3124 636 3206 tum
667 3120 1047 3191 sacriﬁcium.
1084 3132 1205 3186 tum
1228 3125 1567 3187 communio
1592 3126 1959 3206 appellatur;

319 3203 463 3293 quia
481 3205 711 3271 scilicet
738 3229 843 3290 per
856 3213 1252 3293 sumptionem
1273 3233 1336 3275 se
1359 3233 1490 3275 cum
1516 3203 1787 3277 sumente
1808 3234 1968 3276 com-

320 3290 557 3383 miscet,
593 3303 652 3355 et
682 3296 783 3359 illa
809 3290 1223 3365 commistione
1260 3303 1598 3383 unioneque
1629 3304 1701 3366 de
1730 3303 1964 3383 integro

321 3380 724 3473 eum__format.
761 3388 1112 3472 unitumque
1130 3380 1532 3473 inexplicabili
1554 3392 1762 3453 virtute
1784 3380 1965 3454 artiﬁ-

323 3466 411 3529 cis
439 3469 763 3534 divinitatis
793 3495 913 3539 sum
939 3466 1032 3541 adi
1054 3466 1438 3562 semetipsum
1471 3482 1732 3562 adducit,
1772 3491 1833 3543 ut
1861 3501 1962 3544 se-

322 3574 459 3618 cum
489 3578 773 3651 geimane
798 3568 1107 3633 coalescat.
1161 3570 1666 3644 Quemadmodum
1698 3580 1754 3632 et
1783 3572 1961 3651 ignis,

325 3649 562 3741 tametsi
583 3669 617 3712 a
645 3657 995 3736 corporibus
1017 3678 1079 3720 se
1097 3659 1438 3722 durioribus
1462 3670 1791 3741 susceptus,
1809 3649 1964 3722 con-

318 3736 636 3817 junctione
664 3742 794 3822 ipsa
824 3746 1016 3824 ignem
1075 3749 1228 3821 facit,
1284 3769 1394 3812 nec
1444 3736 1655 3811 eorum
1698 3759 1963 3812 naturam

328 3832 577 3892 evertit:
613 3831 1004 3898 nihilominus
1030 3839 1288 3918 quandiu
1340 3858 1473 3900 cum
1525 3839 1662 3919 igne
1693 3840 1966 3919 copulata

329 3924 488 4009 sunt,
523 3919 702 3981 etiam
732 3920 860 4002 ipsa
888 3925 1037 4004 ignis
1066 3937 1223 3989 sunt.
1259 3928 1450 4008 Atque
1503 3929 1613 3989 hoc
1661 3936 1776 4002 est,
1810 3929 1967 4009 quod

324 4004 469 4069 olim
503 4010 671 4070 multi
703 4016 1024 4096 prophetae,
1057 4034 1227 4095 reges
1257 4025 1315 4078 et
1353 4004 1499 4096 justi
1530 4004 1962 4097 desiderarunt,

330 4113 464 4157 cum
498 4113 603 4160 eos
636 4102 1028 4180 przeviderent
1051 4106 1107 4156 10
1128 4158 1143 4185 ,
1176 4106 1275 4186 qui
1307 4124 1443 4167 caro
1474 4105 1548 4167 de
1580 4124 1757 4167 carne
1791 4105 1972 4168 Verbi

331 4186 444 4249 Dei
473 4194 531 4249 et
558 4207 625 4249 os
656 4208 727 4251 ex
756 4193 989 4255 ossibus
1032 4196 1162 4274 ejus
1213 4194 1390 4256 futuri
1439 4204 1657 4271 essent,
1707 4213 1890 4276 seque
1939 4214 1975 4257 a

331 4284 493 4338 tanto
524 4277 679 4341 bono
710 4284 1007 4363 sejunctas
1038 4286 1452 4365 intelligerent.

418 4365 790 4450 Quapropter
807 4373 1131 4450 instructis,
1149 4387 1205 4438 et
1220 4375 1489 4455 eruditis,
1516 4376 1828 4456 magnique
1853 4395 1975 4457 my-

336 4456 504 4544 sterii
535 4456 992 4525 Christianitatis
1037 4464 1431 4544 cognitionem
1464 4465 1820 4533 consecutis,
1854 4456 1974 4525 ini-

334 4543 612 4635 tiatisque
643 4549 940 4628 ﬁdelibus,
974 4554 1024 4615 si
1055 4543 1255 4633 postea
1287 4572 1391 4635 pro
1422 4554 1678 4615 humana
1707 4553 1977 4616 imbecil-

332 4630 523 4708 litate,
559 4646 617 4697 et
638 4639 776 4718 quia
795 4641 987 4702 adhuc
1007 4630 1243 4720 pulvere
1266 4630 1729 4712 circumdantur,
1768 4641 1824 4702 in
1853 4641 1977 4702 cul-

334 4739 469 4802 pam
498 4723 835 4803 inciderint,
869 4729 1022 4791 bona
1077 4732 1188 4792 erit
1220 4730 1514 4794 medicina
1543 4730 1889 4811 spiritualis,
1922 4730 1975 4792 si

337 4828 469 4872 eam
524 4818 938 4879 confitentibus
992 4819 1333 4899 injiciantur
1391 4819 1620 4880 vincula
1664 4818 1972 4894 canonica,

2043 3030 2242 3090 animo
2273 3033 2556 3103 cernitur,
2611 3030 2966 3091 medicinam
3013 3049 3336 3107 agnoscere
3385 3053 3501 3094 non
3547 3054 3689 3114 pos-

2045 3127 2201 3181 sunt.
2231 3118 2627 3192 Quamobrem
2651 3120 2948 3199 quomodo
2964 3120 3240 3199 mysteria
3256 3121 3696 3185 Christianismi

2046 3208 2390 3289 scientibus,
2425 3209 2830 3289 memoriaque
2858 3209 3219 3283 tenentibus,
3261 3229 3366 3290 pro
3413 3230 3695 3275 mensura

2047 3298 2422 3377 cognitionis,
2461 3311 2520 3360 et
2551 3298 2732 3360 errati
2762 3299 3036 3380 vinculis,
3078 3300 3396 3375 medicina,
3432 3302 3690 3380 ustione,

2046 3389 2386 3463 afflictione,
2423 3397 2479 3449 et
2510 3407 2718 3469 pmna;
2751 3389 2835 3449 sic
2866 3406 3070 3449 eorum
3104 3388 3371 3465 rudibus,
3402 3391 3693 3452 nondum-

2047 3499 2164 3561 que
2194 3479 2497 3554 institutis,
2524 3478 2918 3559 institutione,
2945 3479 3085 3553 lide,
3113 3488 3169 3540 et
3196 3480 3546 3554 initiatione,
3576 3500 3694 3543 non

2049 3568 2302 3630 vinculis
2333 3586 2480 3648 opus
2510 3576 2619 3630 est.
2670 3567 2914 3629 Viucire
2969 3567 3124 3628 enim
3179 3577 3237 3630 et
3285 3588 3481 3651 urcre,
3535 3571 3693 3651 quod

2048 3677 2226 3720 sensu
2260 3666 2440 3731 caret,
2474 3657 2798 3720 absurdum
2826 3679 2841 3727 ;
2874 3666 2935 3718 et
2992 3658 3358 3720 curationem
3404 3660 3697 3721 adhibere

2048 3756 2305 3822 mortuo,
2338 3748 2603 3826 ineptum
2632 3747 2933 3826 negotium
2972 3765 3041 3808 ac
3072 3747 3293 3808 fatuum
3327 3757 3437 3809 est.
3477 3750 3697 3809 Verum

2046 3841 2383 3917 quicunque
2403 3838 2469 3898 in
2486 3836 2614 3916 lege
2633 3843 3048 3916 peccaverunt,
3075 3836 3187 3897 hoc
3210 3846 3321 3906 est,
3340 3855 3476 3897 cum
3502 3837 3696 3913 cogni-

2050 3927 2233 4007 tione,
2261 3943 2368 4004 per
2390 3926 2573 4004 legem
2594 3925 3026 4002 iudicabuntur
3046 3924 3133 4000 14,
3164 3926 3238 3986 ad
3272 3942 3576 3986 sacrorum
3605 3944 3705 3988 ca-

2050 4034 2271 4077 nonum
2302 4032 2568 4075 normam
2600 4033 2669 4074 ac
2701 4012 3106 4094 praescriptum
3158 4013 3456 4075 videlicet.
3491 4012 3567 4075 At
3596 4024 3704 4095 qui

2053 4106 2181 4167 sine
2208 4104 2343 4183 lege
2369 4110 2794 4184 peccaverunt,
2813 4103 3052 4177 hocest,
3077 4121 3149 4164 ea
3167 4120 3284 4165 non
3298 4103 3556 4181 cognita,
3573 4105 3705 4166 sine

2056 4194 2184 4273 lege
2197 4191 2374 4254 etiam
2402 4190 2698 4272 peribunt,
2719 4190 2931 4252 frustra
2956 4190 3240 4253 nimirum
3264 4192 3702 4269 ignorationem

1993 4290 2043 4351 D
2060 4290 2429 4364 excusantes,
2453 4298 2586 4342 cum
2609 4298 2640 4341 a
2664 4279 2914 4341 Domino
2938 4280 3159 4341 dictum
3181 4282 3293 4342 sit:
3334 4281 3708 4345 Praedicabi-

2057 4379 2158 4435 tur
2175 4370 2577 4450 Evangetium
2599 4369 2708 4431 hoc
2729 4374 2795 4430 in
2808 4376 2924 4431 toto
2946 4370 3191 4450 mundo,
3217 4371 3709 4434 intestimonium

2057 4462 2331 4525 omnibus
2359 4459 2640 4541 gentibus
2662 4458 2754 4518 ‘5.
2790 4455 3071 4538 Sequitur
3095 4459 3254 4535 hinc,
3281 4461 3329 4521 si
3350 4470 3555 4540 gentes
3589 4479 3708 4522 ma-

2058 4560 2157 4613 net
2185 4548 2623 4629 condemnatio,
2656 4548 2840 4608 multo
2888 4548 3072 4627 magis
3103 4567 3207 4611 eos
3239 4552 3704 4612 condemnatum

2057 4640 2153 4716 iri,
2183 4639 2281 4720 qui
2309 4638 2369 4699 in
2391 4637 2583 4698 medio
2611 4635 2831 4699 Chrisd
2857 4636 3143 4699 Ecclesiae
3174 4639 3500 4719 primorum
3538 4638 3713 4700 rudi-

2058 4737 2391 4790 mentorum
2421 4725 2704 4805 imperiti,
2730 4734 2787 4787 et
2816 4726 2875 4785 in
2912 4727 3239 4788 rationibus
3269 4729 3486 4790 divina;
3516 4729 3701 4809 pieta-

2061 4818 2136 4881 tis
2172 4816 2432 4897 hospites
2448 4834 2515 4875 ac
2549 4815 2846 4893 peregrini
2870 4815 3187 4878 Christiani
3209 4824 3539 4891 versantur,
3567 4834 3707 4878 con-

337 4899 555 4981 quibus
584 4907 810 4984 peccati
841 4907 1087 4969 nexibus
1131 4909 1522 4984 exsolvantur,
1580 4916 1638 4969 et
1665 4909 1981 4989 pharmaca
2066 4914 2388 4986 temptores
2412 4904 2744 4965 admirandi
2769 4904 2943 4983 hujus
2967 4906 3167 4986 operis
3190 4904 3372 4968 Verbi
3395 4904 3522 4976 Dei,
3547 4905 3719 4984 cujus

337 4990 622 5054 salutaria
653 4996 1046 5076 applicentur,
1103 4997 1585 5078 quandoquidem
1627 4997 1844 5078 quibus
1875 4998 1986 5058 de-
2069 5015 2245 5058 causa
2273 4992 2548 5056 humanis
2599 5011 2661 5054 se
2691 4994 2937 5056 artubus
2983 4995 3353 5067 convestivit,
3387 5013 3521 5056 cum
3554 4993 3712 5055 Deus

338 5078 894 5149 hentinitiamentis
911 5088 1149 5163 exculti,
1184 5089 1457 5149 virtutem
1486 5087 1703 5151 Christi
1731 5094 1991 5166 gustave-

342 5172 659 5272 runtacui
687 5174 1007 5272 fidere,__et
1026 5188 1355 5272 _peccatum
1408 5195 1617 5272 cavere
1646 5178 1993 5272 _oportebat’

333 5263 980 5347 juxtailludApostoli:
1017 5266 1340 5330 Peccatum
1369 5268 1529 5330 enim
1560 5269 1723 5330 vobis
1757 5285 1882 5330 non
1897 5263 2000 5331 do'.

430 5464 465 5514 8
491 5460 609 5526 Isa.
636 5479 800 5539 xxvi,
835 5461 934 5540 10,
965 5481 1085 5525 sec.
1123 5462 1291 5527 LXX.

348 5546 411 5599 *3
438 5544 597 5609 Psal.
629 5560 796 5621 ntv,
829 5544 928 5609 18.

1376 5462 1410 5513 9
1437 5462 1461 5525 Ι
1492 5461 1623 5526 Cor.
1655 5479 1758 5535 xv,
1794 5461 1893 5527 50.

1014 5543 1071 5595 14
1088 5542 1260 5609 Rom.
1292 5558 1360 5619 II,
1390 5544 1488 5607 12.

1979 5462 2036 5513 10
2067 5464 2204 5526 Luc.
2246 5476 2305 5533 x,
2335 5456 2435 5522 24.

1576 5542 1629 5587 1⁵
1654 5542 1853 5606 Matth.
1884 5559 2047 5622 xxw,
2088 5549 2184 5607 ιιι.

2074 5093 2256 5161 esset,
2312 5082 2859 5161 contumelioseque
2905 5092 3236 5155 tractatum,
3293 5090 3353 5145 et
3398 5101 3517 5143 non
3544 5099 3718 5143 secus

2076 5192 2250 5255 quam
2288 5191 2393 5251 pro
2423 5172 2749 5233 sceleribus
2786 5171 2910 5232 suis
2941 5173 3070 5234 neci
3101 5172 3365 5233 deditum
3401 5179 3513 5234 est.
3549 5169 3719 5242 Quod

2080 5277 2278 5327 autem
2312 5261 2576 5324 nonnulli
2607 5261 2682 5324 de
2711 5261 2970 5341 profanis
3010 5261 3137 5323 istis
3159 5261 3222 5322 in
3267 5263 3480 5323 throno
3512 5257 3723 5341 gloriae

2524 5458 2575 5509 ¹¹
2619 5458 2794 5522 Rom.
2828 5472 2909 5532 VI,
2965 5456 3060 5521 14.
3146 5456 3200 5501 η
3246 5456 3432 5522 Hebr.
3480 5471 3563 5530 IX,
3625 5456 3720 5517 14.
