4068 6112
383 192 499 296 32.7

1680 205 2064 275 SYMEONIS
2103 206 2474 277 JUNIORIS.

3652 182 3768 283 328

377 343 549 424 regni
575 342 794 407 Christi
823 344 1124 426 sedentes,
1168 364 1301 426 quae
1327 344 1436 426 ipsi
1490 364 1610 408 non
1661 345 2022 422 didicerunt,
2049 338 2518 420 Apraescribere.
2554 340 2665 415 Qui
2696 341 2856 404 enim
2887 341 3017 406 ﬁeri
3055 350 3244 424 potest
3296 353 3360 408 ut
3406 346 3581 409 tellus
3628 345 3753 429 spi-

377 433 526 497 alios
583 432 818 505 docent,
882 453 989 515 pro
1035 434 1314 516 patientia
1346 435 1473 509 Dii,
1525 435 1645 496 imo
1694 454 1829 496 vero
1878 434 2026 496 iram

375 541 643 603 magnam
670 531 728 584 et
755 522 1206 587 derelictionem
1241 543 1257 602 ;
1291 525 1570 604 quoniam
1604 524 1881 587 illusores
1911 524 2023 585 do-

377 612 698 684 minantur,
732 619 790 672 et
823 612 1036 686 dolosi,
1082 620 1136 673 et
1179 612 1576 693 impudentes,
1632 620 1689 674 et
1719 620 1781 673 ut
1812 612 2023 672 malam

375 701 799 764 conscientiam
854 701 1165 776 habentes,
1203 702 1519 765 increduli.
1559 701 1804 764 Maxime
1834 700 1934 782 qui
1964 698 2024 761 iu

372 790 549 852 idolis
580 790 702 851 suis
730 790 1085 868 gloriantur,
1116 793 1183 854 in
1207 792 1395 853 doctis
1416 791 1713 872 videlicet,
1744 790 2022 852 humanm

372 882 686 961 sapientia:
704 878 919 953 verbis,
945 898 1194 957 quorum
1220 880 1404 957 gratia
1421 879 1492 940 ab
1515 879 1881 941 auditoribus
1898 877 2021 939 suis

372 987 537 1051 asque
571 967 829 1049 profanis
861 968 1034 1029 laude
1063 976 1121 1030 et
1149 968 1542 1030 admiratione
1573 967 1912 1030 afﬁciuntur
1928 966 2014 1030 16.

450 1058 680 1119 Bonum
712 1057 886 1117 estin
921 1056 1219 1118 Christum
1268 1055 1540 1132 credere,
1579 1055 1859 1136 quoniam
1889 1055 2020 1118 sine

370 1145 487 1209 ﬁde
508 1146 571 1207 in
602 1145 795 1226 ipsum
817 1164 932 1206 non
952 1152 1119 1207 estut
1148 1144 1278 1226 quis
1309 1146 1565 1207 salvetur
1580 1146 1636 1194 17
1657 1189 1672 1205 .
1698 1144 2016 1208 Verumta-

370 1254 508 1297 men
523 1234 697 1296 etiam
720 1234 985 1295 veritatis
1006 1233 1271 1297 notitiam
1295 1252 1607 1315 capessere
1634 1251 1879 1296 necesse
1901 1239 2012 1295 est.

366 1325 598 1388 Bonum
634 1329 723 1385 est
742 1321 1044 1385 veritatem
1068 1322 1290 1404 doceri,
1325 1323 1623 1403 siquidem
1649 1330 1708 1385 et
1736 1340 2006 1384 necessa-

364 1414 519 1476 rium
555 1430 569 1475 :
604 1412 745 1493 quin
780 1421 838 1472 et
867 1411 1214 1493 baptismate
1236 1412 1470 1473 lustrari
1502 1412 1562 1474 in
1585 1411 1826 1474 nomine
1855 1411 2006 1471 vivi-

367 1504 493 1565 ﬁcas
520 1500 843 1571 Trinitatis,
865 1508 927 1562 ut
943 1500 1141 1562 anima
1162 1502 1339 1562 vitam
1361 1501 1743 1582 adipiscatur.
1780 1500 2010 1562 Bonum

363 1605 455 1655 est
482 1590 762 1671 baptizari
790 1608 804 1653 :
843 1591 944 1652 sed
974 1591 1228 1672 mysticae
1251 1591 1425 1672 hujus
1447 1590 1598 1668 vitae,
1625 1591 1749 1652 sive
1772 1589 2014 1652 luminis

363 1680 688 1763 spiritualis
705 1680 879 1742 etiam
899 1679 1097 1741 animo
1116 1698 1352 1741 sensum
1373 1698 1588 1761 capere
1607 1687 1844 1758 Oportet
1869 1699 1883 1742 :
1904 1678 2015 1740 Bo-

363 1789 504 1831 num
537 1776 627 1831 est
653 1786 895 1829 sensum
927 1766 1116 1843 illum,
1162 1769 1261 1849 qui
1296 1770 1355 1829 in
1387 1775 1646 1829 mentem
1678 1766 1855 1840 cadit,
1889 1765 2012 1828 sive

361 1857 856 1920 illuminationem
875 1874 1235 1935 cognoscere
1254 1879 1266 1916 :
1285 1858 1389 1919 sed
1415 1876 1597 1938 opera
1613 1855 2009 1938 quoquelucis

362 1949 771 2027 requiruntur.
806 1944 915 2018 Qui
939 1964 1190 2026 namque
1213 1965 1361 2027 pure
1378 1955 1434 2007 et
1454 1943 1851 2027 liquidissime
1874 1962 2008 2005 cer-

362 2036 469 2117 nit,
501 2054 637 2098 cum
668 2034 842 2098 etiam
875 2054 1060 2112 opera
1092 2036 1194 2099 Dei
1227 2036 1421 2098 facere
1451 2034 1748 2097 convenit.
1774 2034 2004 2096 Bonum

363 2136 451 2188 est
481 2125 628 2186 lucis
658 2142 839 2204 opera
860 2122 1076 2204 facere,
1104 2124 1204 2185 sed
1228 2124 1618 2186 humilitatem
1654 2132 1712 2186 et
1737 2140 2007 2185 mansue-

361 2218 627 2281 tudinem
658 2217 879 2280 Christi
908 2217 1155 2280 induere
1187 2219 1433 2296 insuper
1460 2219 1633 2280 decet
1667 2239 1680 2281 :
1717 2230 1779 2280 ut
1811 2216 1912 2298 qui
1942 2217 2003 2277 in

357 2307 655 2371 Christum
687 2306 899 2381 credit,
936 2306 1153 2370 Christi
1194 2310 1594 2370 characterem
1650 2316 1706 2368 et
1750 2306 2005 2386 insignia

353 2397 524 2469 ferat,
563 2406 621 2459 et
648 2397 723 2459 ad
756 2403 1019 2457 naturam
1045 2398 1246 2458 mitem
1273 2403 1451 2477 atque
1469 2397 1754 2458 humilem
1788 2395 2003 2457 immu-

353 2494 530 2562 tatus,
562 2486 623 2546 in
656 2504 904 2563 regnum
953 2486 1243 2547 caelorum
1290 2487 1361 2549 ad
1398 2486 1609 2565 gaudia
1641 2484 1878 2547 Domini
1910 2484 2002 2545 sui

352 2576 695 2655 recipiatur.
730 2577 1014 2637 Caeterum
1046 2574 1146 2655 qui
1170 2576 1282 2637 hoc
1315 2576 1526 2637 ordine
1556 2575 1706 2635 viam
1741 2573 1848 2635 Dei
1878 2592 2002 2634 am-

350 2663 574 2741 bulant,
608 2663 654 2723 si
690 2662 746 2722 in
780 2682 849 2723 ea
881 2681 985 2741 pro
1019 2664 1268 2725 naturali
1315 2663 1656 2725 conditione
1701 2662 1991 2723 moriendi

350 2751 661 2833 praepediti
690 2750 931 2826 fuerint,
956 2769 988 2811 a
1016 2749 1425 2812 misericordia
1447 2750 1510 2813 AI
1523 2749 1734 2811 tissimi
1765 2768 1881 2810 non
1901 2768 1995 2811 re.

347 2841 662 2921 pellentur,
698 2856 807 2900 nec
836 2838 908 2900 ab
939 2839 1183 2900 introitu
1212 2840 1380 2918 regni
1410 2838 1668 2902 caelestis
1695 2837 1991 2900 arcebun-

344 2937 461 2992 tur.
493 2927 618 2991 Hoc
649 2927 859 2989 itinere
893 2927 994 3009 qui
1025 2946 1141 2989 non
1175 2927 1483 3006 incedunt,
1511 2945 1716 2990 eorum
1757 2934 1814 2990 et
1845 2927 1994 2989 ﬁdes

347 3026 404 3081 et
431 3017 767 3101 progressio
797 3017 990 3079 inanis
1021 3032 1132 3079 est.

979 3103 1251 3168 ORATIO
1285 3104 1357 3169 Il.

941 3186 1376 3250 Anconsnrun.

343 3277 663 3342 Hominem
671 3278 891 3356 priuso
905 3274 1540 3356 Christopersanctum
1556 3274 1853 3356 baptisma
1864 3291 1992 3337 cor-

424 3359 726 3432 roborari,
748 3375 815 3419 ac
832 3365 965 3418 tum
982 3357 1221 3419 demum
1240 3356 1543 3419 mandatis
1571 3361 1699 3429 eius
1723 3356 1990 3419 deditum

419 3456 545 3500 esse
567 3446 865 3517 oportere.
882 3437 1039 3498 Eam
1062 3438 1257 3498 inesse
1276 3438 1339 3498 in
1353 3445 1559 3517 sancto
1578 3436 1824 3517 lavacro
1840 3441 1983 3511 vim,

421 3515 998 3597 utaut-inﬂexibilem
1018 3523 1123 3579 aut
1135 3518 1319 3596 penei
1324 3535 1356 3578 η
1362 3515 1572 3597 ﬂexibi
1577 3516 1660 3579 tes
1675 3517 1756 3579 ad
1768 3519 1988 3596 impro-

419 3596 664 3660 bitatem
687 3598 900 3660 reddat
928 3597 1270 3678 :quomodo
1291 3605 1347 3658 et
1364 3596 1634 3678 alterum
1658 3597 1983 3678 baptisma,

415 3678 576 3757 quod
594 3695 701 3758 per
719 3678 995 3741 divinum
1017 3685 1071 3738 et
1092 3675 1433 3758 angelicum
1455 3675 1978 3756 Itabitum'conferL

415 3767 539 3821 tur.
565 3757 825 3821 Ouinam
846 3775 990 3820 vere
1014 3758 1079 3819 in.
1106 3757 1414 3819 Christum
1434 3757 1752 3819 credidisse
1771 3757 1980 3820 dicen-

415 3840 503 3902 di.
531 3838 755 3915 Quales
769 3855 1082 3900 sacrorum
1108 3838 1400 3913 ministri,
1433 3838 1797 3912 sacerdotes,
1820 3839 1983 3918 epis-

415 3925 570 4000 copi,
596 3921 1069 3997 animarumque
1090 3919 1362 3980 doctores
1384 3919 1800 3996 requirantur.

411 4008 521 4080 Qui
552 4008 811 4090 cuipiam
842 4007 1008 4080 dicit,
1046 4007 1157 4068 hoc
1188 4006 1301 4081 fac,
1337 4014 1393 4066 et
1441 4005 1587 4067 illud
1638 4025 1714 4068 ne
1746 4005 1977 4082 feceris,

331 4096 506 4178 plane
535 4095 619 4158 sic
650 4097 817 4169 dicit,
851 4115 920 4158 ac
946 4095 1136 4170 siille,
1161 4096 1255 4156 cui
1287 4094 1575 4177 praecipit,
1609 4096 1804 4157 facere
1838 4114 1981 4176 pos-

328 4185 407 4246 sit
434 4194 533 4246 aut
562 4185 855 4247 omittere.
891 4184 1002 4257 Qui
1033 4203 1171 4245 vero
1193 4185 1279 4245 sic
1310 4183 1453 4244 dicit
1475 4185 1556 4259 ei,
1585 4184 1688 4264 qui
1720 4203 1839 4244 non
1871 4203 1981 4265 po-

2011 2980 2052 3042 C

2114 429 2205 489 nis
2234 447 2302 490 ac
2331 429 2772 514 tribulisﬂplena
2804 449 3017 511 purum
3047 431 3331 496 frumenti
3356 452 3564 497 semen
3596 436 3758 497 acci-

2113 516 2252 596 piat,
2285 526 2342 579 et
2370 517 2625 599 idipsum
2647 538 2852 582 semen
2877 540 2995 583 non
3026 522 3350 585 suffocatur
3367 523 3398 584 ‘I
3426 522 3619 596 Quare
3637 526 3757 586 fru-

2108 619 2267 668 ctum
2299 627 2600 688 nunquam
2642 609 2922 685 referent,
2944 610 3044 692 qui
3066 619 3270 674 contra
3289 621 3584 686 naturam,
3610 631 3757 675 cou-

2109 703 2314 776 traque
2344 697 2637 772 ordinem,
2671 700 3151 761 commoditatem
3211 703 3457 763 rationis
3486 702 3753 763 inﬁrmos

2101 783 2297 847 adhuc
2317 786 2742 865 aggrediuntur
2766 788 3023 850 :ratioue
3041 791 3202 851 enim
3223 800 3280 852 et
3299 792 3581 871 producta
3594 799 3751 867 sunt,

2103 883 2162 934 et
2191 875 2593 952 continentur,
2627 884 2683 938 et
2716 877 2788 939 ad
2838 877 3018 940 ﬁnem
3070 881 3480 960 perducuntur
3528 880 3750 944 omnia.

2101 961 2244 1024 Nam
2276 963 2538 1028 divinum
2571 966 2794 1029 Christi
2848 966 3138 1048 baptisma
3178 971 3438 1032 nondum
3492 970 3746 1047 ablutos,

2101 1059 2379 1115 etcereos
2402 1054 2461 1115 in
2486 1053 2692 1115 vitium
2728 1055 2913 1133 ﬂecti,
2961 1057 3367 1120 etﬁcacitatem
3403 1058 3597 1138 habet,
3623 1060 3745 1138 jam

2101 1139 2250 1202 lotos
2280 1161 2313 1203 a
2336 1151 2574 1223 peccato
2602 1142 2850 1205 invictos
2898 1154 3195 1226 praestare.
3233 1148 3334 1209 Sin
3371 1148 3593 1229 minus,
3625 1147 3746 1207 sal-

2098 1235 2218 1290 tem
2241 1248 2374 1293 cum
2398 1249 2462 1293 se
2486 1230 2770 1294 obtulerit
2793 1233 3045 1303 occasio,
3073 1235 3144 1295 ad
3171 1235 3225 1295 id
3260 1235 3553 1309 difﬁciles,
3586 1235 3741 1315 quod

2086 1316 2215 1397 ejus
2244 1319 2362 1380 vim
2393 1320 2828 1402 potentiamque
2857 1321 3138 1384 declarat.
3186 1325 3275 1387 ΑιΙ
3327 1327 3599 1385 virtutem
3631 1344 3740 1383 au-

2092 1414 2209 1469 tem
2260 1409 2753 1491 honestatemque
2800 1412 3113 1491 proclives,
3173 1423 3445 1494 tanquam
3493 1416 3742 1494 angelos

2091 1502 2363 1576 potentes
2380 1498 2623 1570 virtute,
2656 1500 2948 1575 facientes
2972 1501 3336 1563 voluntatem
3368 1502 3477 1564 Dei
3496 1501 3571 1564 εί.
3605 1501 3741 1563 Ideo

2096 1585 2364 1648 Christus
2392 1594 2832 1649 sacrosanctum
2868 1589 3212 1668 sanguinem
3249 1611 3418 1651 suum
3451 1593 3743 1652 credenti-

2036 1652 2207 1735 Bbus
2233 1674 2292 1735 in
2324 1674 2491 1736 illum
2524 1675 2771 1754 largitus
2802 1685 2913 1757 est,
2947 1652 3010 1738 υἶ
3043 1697 3146 1758 per
3186 1680 3312 1758 ejus
3342 1681 3737 1760 sumptiouem

2094 1763 2812 1845 communicationemque
2842 1765 3048 1827 ﬁdeles
3079 1767 3292 1828 divina:
3324 1769 3482 1848 prius
3515 1780 3735 1831 natura:

2093 1860 2397 1914 consortes
2427 1853 2622 1916 effecti
2655 1853 2786 1934 (Dei
2817 1854 2973 1915 enim
3003 1859 3241 1935 sanguis
3272 1867 3379 1931 est)
3415 1877 3521 1919 ceu
3553 1858 3732 1920 divini

2090 1938 2423 2021 divinaeque
2452 1941 2678 2002 virtutis
2722 1942 2845 2021 jam
2894 1945 3148 2004 assecuti
3198 1945 3397 2018 robur,
3429 1946 3600 2007 etiam
3634 1966 3727 2007 se-

2089 2029 2349 2091 cundum
2379 2031 2696 2110 perfectam
2721 2030 2940 2095 Christi
2975 2032 3161 2110 legem
3196 2033 3322 2094 vitae
3347 2036 3604 2097 rationes
3634 2039 3733 2098 iu-

2085 2117 2327 2179 stituant
2354 2137 2368 2182 :
2403 2129 2466 2181 ut
2498 2127 2762 2198 potentes
2793 2119 3004 2181 virtute
3036 2123 3395 2184 voluntatem
3445 2124 3573 2204 ejus
3622 2143 3728 2188 ex-

2087 2216 2424 2288 sequentes.
2453 2211 2536 2272 De
2553 2216 2767 2271 caetero
2785 2208 3032 2291 quisque
3054 2208 3339 2286 ﬁdelium,
3356 2219 3413 2273 et
3433 2211 3729 2278 Christum

2087 2297 2493 2389 conﬁtentium
2524 2298 2677 2379 apud
2706 2316 2769 2359 se
2793 2304 3029 2376 cogitet,
3057 2299 3107 2360 si
3129 2300 3241 2362 hoc
3265 2300 3480 2365 robore
3500 2313 3727 2389 septus,

2086 2384 2299 2449 Christi
2330 2386 2560 2467 legibus
2619 2407 2827 2467 parere
2856 2389 3164 2468 spreverit,
3219 2409 3352 2451 cum
3400 2390 3473 2453 iis
3518 2384 3730 2474 parere

2084 2484 2280 2556 queat,
2309 2494 2418 2538 nec
2438 2477 2639 2551 vitam,
2674 2486 2732 2539 et
2762 2495 2959 2540 mores
2998 2479 3068 2539 ad
3102 2479 3212 2542 Dei
3244 2487 3446 2541 nutum
3480 2501 3730 2565 compo-

2085 2565 2288 2641 suerit,
2322 2584 2387 2628 se
2418 2566 2715 2629 Christum
2749 2568 3078 2650 negavisse,
3112 2578 3169 2631 et
3205 2588 3272 2630 ex
3302 2569 3567 2650 Apostoli
3598 2593 3733 2636 sen-

2079 2656 2261 2716 tentia
2287 2655 2660 2717 conculcasse
2692 2657 2912 2718 Filium
2960 2656 3101 2733 Dei,
3135 2664 3606 2742 sanguinemque
3633 2672 3726 2727 te-

2075 2745 2363 2807 stamenti
2388 2744 2684 2823 pollutum
2712 2745 2957 2808 duxisse
2977 2746 3032 2789 93
3051 2792 3067 2807 .

2155 2832 2323 2905 Quod
2345 2833 2416 2908 si,
2443 2833 2611 2914 aquis
2632 2834 2990 2896 salutaribus
3014 2835 3256 2916 expiati,
3277 2836 3576 2918 divinique
3592 2856 3721 2901 cor-

2076 2923 2236 3004 poris
2255 2929 2314 2983 et
2329 2922 2631 3003 sanguinis
2656 2924 2971 3004 participes
2993 2924 3154 2998 facti,
3175 2925 3436 2987 nondum
3452 2935 3718 3006 potentes

2074 3018 2212 3074 sunt
2238 3012 2449 3076 virtute
2479 3012 2553 3073 ad
2590 3011 3011 3092 perﬁciendam
3040 3014 3141 3075 Dei
3175 3014 3534 3078 voluntatem
3564 3035 3581 3091 ;
3611 3017 3720 3079 sed

2073 3101 2144 3163 ad
2168 3100 2303 3164 vitia
2333 3109 2390 3164 et
2423 3110 2663 3182 peccata
2691 3101 2884 3164 adhuc
2912 3101 3086 3164 facile
3108 3112 3435 3178 moventur,
3466 3106 3719 3186 perinde

2075 3209 2144 3253 ac
2192 3190 2438 3252 mortuis
2485 3209 2635 3271 aqua
2678 3189 2797 3251 illis
2845 3190 3159 3271 superfusa
3207 3200 3343 3256 est:
3394 3195 3717 3257 etiamnum

2074 3280 2294 3362 quippe
2322 3281 2384 3342 in
2415 3279 2711 3343 Christum
2759 3299 2877 3342 non
2908 3280 3317 3345 crediderunt.
3348 3282 3542 3364 Atque
3574 3303 3722 3367 opus

2071 3379 2156 3432 est
2192 3369 2598 3449 hujuscemodi
2633 3370 2905 3431 homines
2935 3370 3006 3431 ad
3055 3371 3362 3452 episcopos
3409 3381 3468 3434 et
3516 3392 3719 3436 sacer-

2071 3458 2240 3520 dotes
2269 3458 2452 3532 adire,
2487 3458 2626 3519 ﬁdei
2683 3458 2994 3519 formulam
3030 3459 3292 3532 edoceri,
3328 3460 3388 3520 in
3421 3459 3716 3523 Christum

2068 3547 2340 3627 credere,
2367 3554 2489 3607 tuto
2510 3555 2683 3608 antea
2715 3547 3092 3609 fundamento
3112 3547 3318 3628 posito,
3349 3550 3713 3628 poenitentia,

2067 3634 2334 3715 inquam,
2371 3634 2548 3713 hujus
2577 3635 2874 3710 amentiae,
2911 3645 2969 3697 et
2996 3635 3373 3715 impositione
3408 3656 3709 3710 manuum,

2066 3725 2464 3803 unctioneque
2494 3724 2645 3784 sacri
2672 3723 3065 3785 charismatis.
3105 3725 3177 3786 Et
3206 3743 3339 3784 cum
3371 3724 3489 3785 illis
3517 3725 3711 3786 Evan-

2063 3813 2277 3891 gelium
2295 3811 2543 3891 justitim
2558 3813 2881 3873 revelatum
2903 3811 3097 3893 fuerit,
3117 3831 3450 3894 novumque
3470 3832 3709 3876 sensum

2063 3900 2453 3977 intelligibilis
2484 3901 2697 3962 Christi
2732 3900 2933 3980 gratiae
2966 3903 3287 3975 hauserint,
3324 3921 3457 3982 quae
3486 3903 3715 3966 animas

2066 4008 2269 4051 eorum
2304 3988 2580 4068 tetigerit,
2613 3990 2746 4050 etin
2780 3990 2924 4070 ipsis
2953 4009 3056 4051 cor
3076 3992 3390 4053 contritum
3422 4010 3490 4054 ac
3522 3993 3688 4054 humi

2063 4078 2268 4140 liatum
2328 4086 2512 4157 creat,
2573 4087 2917 4158 castumque
2972 4078 3076 4141 Dei
3135 4079 3406 4140 timorem
3463 4080 3716 4143 aediﬁcat

2069 4166 2217 4245 (hinc
2252 4185 2505 4247 namque
2536 4165 2888 4227 Christianis
2935 4166 3047 4229 viae
3096 4167 3264 4229 bona:
3310 4167 3385 4229 ad
3431 4168 3604 4230 vitam
3636 4187 3712 4230 ex

326 4281 460 4349 test,
498 4291 695 4334 nonne
727 4254 940 4335 frustra
970 4274 1164 4335 dicit?
1213 4273 1504 4334 Dominus
1540 4254 1637 4334 ait
1666 4254 1976 4353 discipulis

2080 4254 2280 4318 3hristi
2305 4255 2640 4353 praescripto
2661 4254 2996 4353 agitandam
3026 4257 3350 4337 primordia
3372 4262 3555 4332 sunt),
3587 4265 3710 4320 tum

326 4363 449 4423 suis
475 4379 493 4422 :
524 4361 757 4424 Euntes
775 4363 979 4425 docete
998 4379 1204 4424 omnes
1224 4368 1446 4440 gentes,
1477 4361 1855 4440 baptizantes
1884 4379 1978 4424 eos

327 4455 393 4513 in
416 4451 665 4512 nomine
692 4449 919 4527 Patris,
945 4458 1004 4512 et
1028 4450 1193 4523 Filii,
1216 4456 1273 4512 et
1302 4448 1569 4529 Spiritus
1586 4450 1856 4513 sancti‘8
1885 4450 1971 4510 19.

320 4540 416 4602 Εη
442 4538 786 4618 expurgatio
835 4548 892 4600 et
942 4538 1124 4599 virtus
1175 4538 1326 4599 sacri
1375 4537 1743 4618 baptismatis
1785 4539 1975 4620 primo

317 4628 448 4691 loco
474 4627 868 4689 constituitur.
890 4626 1041 4699 Quid
1063 4635 1265 4708 postea
1283 4626 1314 4686 ‘2
1334 4627 1631 4690 Docentes
1652 4647 1748 4690 eos
1766 4647 1976 4692 serva-

320 4735 390 4780 re
411 4718 621 4779 omnia
646 4733 777 4795 quae
807 4718 1096 4779 mandavi
1113 4716 1281 4779 vobis
1300 4716 1359 4768 20
1384 4764 1399 4779 .
1430 4715 1780 4798 Quicunque
1800 4718 1976 4797 igitur

317 4808 428 4868 hoc
458 4805 676 4868 robore
694 4813 829 4867 ante
860 4805 1241 4868 conﬁrmatus
1273 4825 1390 4868 non
1422 4821 1535 4881 eSt,
1576 4805 1637 4865 in
1680 4808 1971 4869 mandatis

238 4946 243 4951 .
314 4893 423 4959 Dei
452 4894 838 4957 observandis
868 4894 1165 4958 incassum
1200 4894 1467 4972 laborat;
1502 4895 1845 4975 quicunque
1869 4896 1969 4958 illa

318 4984 547 5047 homini
579 4991 870 5065 praecepta
900 4985 1018 5058 dat,
1043 5001 1149 5065 pro
1171 5002 1325 5046 caeco
1351 4993 1409 5046 et
1434 4983 1647 5044 stolido
1679 4984 1970 5045 habeatur

316 5073 454 5135 licet
486 5090 500 5134 :
538 5073 777 5154 quando
811 5071 972 5153 prius
1003 5072 1252 5151 gratiam
1304 5071 1550 5147 Christi,
1603 5090 1733 5153 qua;
1766 5081 1967 5137 mente

316 5156 661 5243 percipitur,
697 5169 753 5223 et
783 5169 1012 5242 purgat,
1046 5162 1304 5222 animam
1340 5160 1673 5241 suscipere,
1706 5161 1966 5243 indeque

314 5269 442 5312 eam
471 5251 810 5313 conﬁrmari
834 5269 931 5313 res
945 5252 1221 5332 postulat,
1247 5259 1422 5332 atque
1444 5250 1525 5311 ita
1542 5249 1779 5313 demum
1807 5252 1969 5331 leges

393 5430 452 5480 1ϐ
482 5430 507 5493 Ι
534 5432 771 5511 Cor._n,
806 5432 905 5493 t3.
990 5432 1048 5482 47
1076 5431 1259 5497 Aebr.
1293 5448 1373 5511 χι,
1401 5432 1461 5495 6.

315 5527 379 5594 ι,
411 5512 512 5578 29.
595 5509 928 5575 2:11pm.
964 5530 1007 5593 ι,
1040 5513 1101 5579 4.

2059 4363 2293 4424 quoque
2324 4343 2698 4404 immaculato
2720 4344 2849 4420 ejus
2890 4362 3162 4425 corpore,
3188 4353 3246 4406 et
3265 4346 3552 4425 sanguine
3583 4364 3715 4426 per-

2061 4432 2357 4512 cipiendo,
2386 4430 2595 4492 merito
2619 4429 2782 4507 digni
2808 4441 3204 4495 ceust'antur:
3241 4442 3305 4494 ut
3334 4453 3467 4495 cum
3500 4433 3711 4497 divinae

2060 4529 2285 4581 naturae
2314 4527 2618 4582 consortes
2636 4518 2729 4595 95,
2766 4527 2824 4580 et
2856 4513 3208 4582 sanctiﬁcati
3238 4523 3555 4597 evaserint,
3588 4540 3707 4583 nou

2060 4608 2146 4670 eis
2178 4616 2503 4688 peccatum,
2550 4607 2845 4687 quomodo
2893 4611 3164 4685 antehac,
3229 4610 3590 4675 dominetur.
3642 4610 3709 4673 In

2056 4699 2167 4759 hoc
2200 4697 2358 4758 enim
2390 4695 2775 4757 sanctiﬁcatio
2817 4695 2929 4758 sita
2959 4706 3067 4763 est.
3132 4708 3193 4758 ut
3239 4699 3592 4763 Christianis
3634 4700 3709 4761 ad

2054 4786 2383 4850 faciendam
2416 4785 2774 4847 voluntatem
2805 4784 2911 4847 Dei
2942 4795 3150 4866 potens
3194 4787 3407 4849 virtute
3436 4788 3558 4868 ﬁat,
3592 4808 3711 4869 quo

2053 4876 2471 4939 corroboratus
2501 4882 2559 4934 et
2583 4872 2776 4937 ﬁdelis
2807 4874 3179 4939 Christianus
3207 4877 3579 4951 nominetur,
3609 4877 3710 4959 qui

2050 4965 2268 5028 Christi
2292 4963 2538 5044 gratiam
2572 4964 2928 5045 susceperit,
2966 4972 3025 5025 et
3075 4965 3171 5027 cui
3219 4965 3363 5028 ﬁdes
3392 4965 3703 5041 habeatur,

2051 5056 2271 5137 quique
2297 5055 2360 5115 in
2389 5053 2614 5134 Spiritu
2636 5063 2840 5115 sancto
2863 5053 3228 5117 curriculum
3260 5055 3393 5115 vitae
3422 5073 3544 5116 sua:
3575 5074 3708 5117 mo-

2050 5146 2315 5207 deretur.
2338 5145 2420 5206 lta
2439 5160 2596 5204 enim
2615 5161 2733 5203 non
2752 5142 2924 5204 aliter
2944 5143 3285 5223 quempiam
3303 5143 3707 5206 Christianum

2051 5234 2205 5310 ﬁeri,
2240 5242 2301 5296 et
2330 5250 2463 5294 esse
2491 5235 2683 5294 datur.
2716 5231 2887 5294 Prior
2913 5249 3049 5293 vero
3075 5232 3176 5294 ille
3201 5232 3481 5311 gravibus
3510 5236 3710 5314 poenis

1551 5431 1631 5499 ‘3.
1656 5435 1715 5486 ‘9
1741 5433 1948 5503 Matth.
1976 5447 2186 5513 XXVIII,
2212 5431 2314 5497 19.
2396 5429 2461 5482 20
2486 5426 2639 5491 Ibid.
2663 5426 2766 5489 20.
2851 5427 2905 5480 21
2932 5426 3087 5493 Psal.
3112 5441 3215 5506 cu,
3242 5424 3343 5489 20.
3431 5425 3495 5479 εἰ
3514 5425 3702 5496 Hebr.
