4068 6112
226 271 340 354 329

1683 277 1970 344 ORATIO
2011 279 2127 342 III.

3492 260 3616 335 330

227 413 914 476 etanimadversionibus
937 419 1178 494 peccata
1203 411 1463 474 admissa
1491 427 1878 492 compensare
1896 414 1944 476 A
1965 410 2207 492 quidam
2229 415 2330 472 aut
2361 404 2622 469 ministri
2658 399 3066 494 ecclesiastici,
3099 408 3206 494 aut
3234 399 3606 479 sacerdotes,

232 500 430 576 debet,
467 509 526 566 et
554 503 847 584 lacrymas
895 501 967 562 ad
1001 501 1279 582 baptismi
1304 501 1527 562 fontem
1560 518 1879 580 exaequan-

233 590 370 651 dum
404 591 676 668 fundere,
709 612 778 654 ac
806 591 993 652 Deum
1052 609 1223 652 orare
1266 599 1569 670 praeterea,
1603 597 1668 649 ut
1696 606 1882 667 usque

233 679 308 741 ad
330 681 510 742 ﬁdem
533 681 856 744 curationis
870 689 1098 742 aetatem
1116 679 1334 759 degere
1359 679 1472 740 sibi
1498 677 1877 752 concedatur,

236 787 312 830 ne
344 779 479 833 ante
506 771 873 832 sanationem
927 769 1208 850 abreptus
1268 776 1325 830 et
1357 768 1667 829 damnatus
1695 765 1757 826 in
1786 784 1884 844 ge-

234 857 455 938 henna,
488 879 592 939 pro
626 879 697 921 eo
757 878 825 920 ac
882 858 1118 934 meruit,
1182 864 1494 919 torreatur.
1547 855 1689 928 Quis
1721 853 1881 915 enim

236 948 550 1028 praestabit,
580 949 782 1009 tandiu
833 967 967 1008 cum
997 955 1256 1023 curetur,
1293 946 1417 1008 fore
1445 945 1823 1026 superstitem
1852 943 1883 1003 ἱ)

311 1037 420 1098 Hic
446 1039 679 1100 vincula
701 1057 847 1118 opus
893 1045 1050 1112 sunt,
1088 1037 1181 1098 hic
1212 1033 1878 1108 excommunicationes,

227 1125 323 1187 hic
345 1126 645 1189 diuturna:
667 1126 1138 1206 lacrymationes,
1165 1125 1262 1186 hic
1288 1123 1768 1204 genuﬁexiones,
1791 1140 1884 1182 ra-

227 1233 469 1296 rusque,
507 1226 565 1278 et
594 1217 686 1278 vix
729 1215 941 1296 aliquis
1000 1235 1132 1276 cum
1194 1213 1472 1276 ﬁdelibus
1502 1229 1879 1291 congressus.

226 1305 308 1365 Ac
346 1306 462 1366 tale
510 1304 1064 1387 quidemjudicium
1105 1303 1259 1364 haud
1298 1302 1579 1382 injustum
1615 1315 1734 1363 est.
1766 1300 1884 1363 Cur

226 1394 389 1456 enim
411 1394 515 1474 qui
545 1395 806 1455 divinum
838 1393 1180 1473 mysterium
1215 1391 1515 1470 cognovit,
1550 1397 1607 1450 et
1627 1388 1877 1469 accepit,

225 1503 342 1544 non
376 1484 529 1545 cavit
558 1483 583 1546 ?
617 1484 866 1566 Lapsum
931 1483 1087 1544 hunc
1145 1481 1357 1544 Adami
1390 1481 1555 1559 lapsu
1587 1479 1880 1539 minorem

223 1573 423 1634 dicere
447 1592 564 1633 non
589 1579 804 1653 potest.
831 1572 936 1634 Ille
960 1570 1205 1645 etenim,
1255 1570 1305 1631 si
1345 1572 1532 1633 Deum
1561 1587 1694 1630 esse
1727 1567 1787 1628 in
1818 1585 1882 1628 se

228 1662 518 1743 novisset,
553 1661 627 1722 de
655 1661 845 1722 fructu
874 1657 1369 1740 praevaricationis
1414 1676 1532 1719 non
1564 1662 1875 1736 gustasset.

225 1751 292 1814 Et
322 1769 666 1832 quanquam
701 1751 966 1830 seipsum
995 1769 1114 1810 non
1142 1756 1313 1810 norat
1369 1746 1554 1830 prius,
1591 1766 1725 1808 cum
1759 1748 1877 1808 Deo

227 1842 582 1921 privaretur,
621 1848 814 1901 tamen
847 1846 1052 1919 postea
1104 1838 1165 1899 in
1210 1837 1418 1898 habitu
1448 1835 1738 1915 cognovit.
1773 1835 1880 1896 Ast

227 1929 324 1991 hic
357 1949 465 2009 per
492 1921 772 1991 sanctum
797 1929 1088 2008 baptisma
1118 1926 1414 1990 Christum
1439 1946 1472 1988 a
1495 1944 1558 1987 se
1580 1923 1878 2003 cognitum

228 2019 422 2079 nudus
453 2018 751 2090 induerat,
812 2025 877 2078 ut
932 2015 1218 2097 scriptum
1278 2022 1367 2076 est
1421 2013 1494 2074 ab
1543 2013 1872 2094 Apostolo:

230 2108 600 2184 Quicunque
619 2107 682 2166 in
702 2103 940 2167 Christo
955 2103 1246 2184 baptizati
1269 2104 1431 2178 estis,
1454 2102 1762 2165 Christum
1774 2100 1877 2163 in-

227 2195 531 2257 duistis‘34.
553 2193 759 2257 Omnis
781 2193 941 2253 enim
979 2193 1192 2254 mentis
1223 2202 1282 2254 et
1313 2191 1546 2254 consilii
1581 2190 1877 2272 particeps

227 2282 444 2358 anima,
475 2301 548 2345 ex
584 2284 714 2363 ipso
746 2282 1039 2362 baptismo
1067 2280 1286 2343 Christi
1315 2282 1560 2360 gratiam
1595 2279 1877 2359 consequi

226 2373 584 2450 intelligitur
611 2389 624 2434 :
651 2372 844 2432 statim
870 2371 1090 2452 quippe
1111 2370 1468 2446 Christusjn
1487 2368 1874 2431 eaformatnr.

228 2463 412 2524 Porro
446 2462 520 2523 ab
552 2460 878 2522 infantibus
935 2459 1263 2539 baptizatis,
1300 2458 1580 2538 baptismi
1611 2457 1876 2519 sanctiﬁ-

230 2555 380 2611 catio
406 2558 650 2630 prOpter
671 2547 1062 2628 ignorantiam
1101 2567 1220 2608 non
1247 2547 1500 2609 sentitur
1526 2567 1541 2623 ;
1575 2555 1662 2608 est
1691 2545 1876 2626 siqui-

228 2639 363 2700 dem
392 2639 820 2701 intellectualis
851 2657 1086 2700 sensus.
1107 2638 1234 2700 Jam
1252 2656 1388 2698 vero
1419 2636 1698 2716 paulatim
1732 2643 1875 2696 tem-

231 2746 375 2808 pore
409 2728 800 2809 procedente,
845 2728 910 2787 ﬁt
941 2727 1116 2788 etiam
1163 2726 1518 2787 immutatio.
1553 2727 1628 2787 Et
1654 2724 1711 2784 in
1745 2723 1878 2784 aliis

229 2818 468 2896 quidem
494 2835 739 2897 prorsus
757 2815 1147 2891 exstinguitur
1172 2832 1186 2876 ε
1216 2813 1278 2874 in
1307 2813 1438 2876 aliis
1453 2811 1692 2892 quidam
1721 2811 1878 2890 igni-

229 2906 342 2968 culi
364 2913 638 2979 manent,
663 2908 992 2984 iterumque
1016 2921 1124 2982 per
1152 2902 1353 2982 ﬁdem,
1378 2901 1808 2962 institutionem
1823 2907 1880 2961 et

1963 491 2062 562 aut
2093 497 2376 581 episcopi,
2402 506 2461 558 et
2488 495 2825 557 animarum
2854 491 3123 581 magistri
3152 491 3294 568 sint,
3328 497 3388 552 et
3415 491 3612 553 veniat

1963 592 2068 669 fere
2090 578 2202 651 irae
2229 578 2614 666 Deiebsuper
2648 601 2776 664 nos,
2816 580 2866 644 si
2906 578 3025 643 non
3053 579 3130 642 sit
3171 578 3610 669 quiimperitos

1964 668 2230 739 instituat
2260 684 2318 738 et
2346 674 2599 744 erudiat,
2633 670 3140 752 divinissimaque,
3197 677 3258 730 et
3284 668 3613 732 humanum

1966 777 2198 848 captum
2217 765 2522 848 superanti
2545 763 2779 826 ﬁctione
2801 761 3072 839 reﬁngat.
3105 757 3270 820 Hanc
3299 758 3461 848 enim
3479 758 3611 822 cui-

1965 847 2138 936 quam
2179 856 2268 918 fas
2298 847 2431 916 nisi
2463 852 2628 934 prius
2657 860 2884 915 naturae
2909 849 3124 910 divinae
3152 847 3436 924 consorti,
3469 848 3612 930 Spi-

1963 945 2111 1006 ritus
2141 944 2329 1006 sancti
2358 943 2723 1018 cathedram,
2755 946 2821 1002 ut
2849 939 2930 1000 ita
2959 937 3178 1019 dicam,
3212 938 3612 1018 magistralem

1966 1034 2370 1096 conscendere
2398 1054 2411 1092 :
2449 1030 2668 1112 alioqui
2696 1029 2805 1092 Dei
2833 1028 3115 1090 adversus
3145 1045 3210 1089 se
3239 1027 3390 1089 iram
3419 1027 3617 1090 conci~

1965 1122 2130 1184 tabit.
2154 1123 2276 1185 Hac
2293 1140 2510 1203 nempe
2525 1121 2599 1182 de
2620 1136 2799 1182 causa
2821 1117 2990 1180 multi
3009 1117 3070 1178 in
3086 1116 3269 1182 verbo
3290 1117 3613 1199 sapientes,

1963 1212 2070 1274 alii
2099 1214 2340 1274 haeresis
2388 1218 2658 1273 auctores
2713 1228 2781 1271 ac
2837 1206 3022 1270 duces
3073 1206 3476 1287 exstiterunt;
3512 1207 3618 1270 alii

1967 1301 2381 1364 haereticorum
2433 1297 2815 1361 sermonibus
2869 1295 3027 1378 capti
3098 1303 3257 1359 sunt.
3319 1296 3613 1360 Caeterum

1967 1391 2243 1470 quoniam
2299 1386 2799 1470 quemadmodum
2876 1405 2911 1448 a
2979 1383 3178 1447 divino
3233 1383 3608 1467 baptismate,

1963 1478 2122 1540 velut
2151 1479 2212 1540 in
2242 1477 2550 1560 principiis
2597 1474 2897 1538 informati
2951 1480 3172 1551 essent,
3218 1493 3337 1537 non
3366 1475 3609 1541 intelle-

1962 1576 2196 1641 xerunt,
2230 1566 2488 1647 ingressi
2521 1566 2684 1647 prius
2715 1583 2822 1646 per
2875 1563 3281 1646 paenitentiam
3313 1572 3372 1626 et
3399 1567 3610 1647 cogni-

1964 1657 2208 1735 tionem,
2223 1665 2286 1719 ut
2311 1675 2489 1738 supra
2500 1655 2777 1729 diximus,
2801 1653 3213 1716 intercedente
3228 1655 3608 1736 impositione

1964 1766 2243 1808 manuum
2269 1763 2376 1827 per
2405 1745 2662 1807 arbitros
2718 1751 2776 1805 et
2832 1761 3172 1806 oeconomos
3198 1744 3400 1824 magni
3429 1746 3608 1828 hujus

1963 1837 2248 1917 mysterii,
2281 1844 2338 1897 et
2369 1853 2552 1896 sacrae
2574 1832 2837 1895 scientiae
2859 1831 3107 1913 peritos,
3125 1831 3607 1898 informationem

1960 1925 2034 1988 ab
2065 1925 2259 2001 initio,
2287 1924 2669 2006 speciemque
2699 1941 2768 1984 ac
2814 1921 3063 1983 formam
3097 1921 3516 2002 spiritualium,
3550 1933 3610 1989 et

1962 2016 2347 2092 mysticorum
2379 2013 2684 2076 habituum
2738 2029 2978 2072 suorum
3028 2022 3614 2092 consequantur;ut

1962 2105 2320 2180 conﬁrmati,
2349 2111 2414 2166 ut
2430 2121 2604 2165 vrnea
2623 2101 2732 2164 Dei
2755 2099 3048 2177 laborent,
3065 2118 3139 2162 ne
3151 2100 3299 2163 ﬁdes
3313 2103 3607 2184 ipsorum,

1962 2205 2020 2257 et
2066 2194 2439 2257 confessione
2493 2193 2662 2254 irrita
2691 2190 2785 2268 sit,
2819 2200 2877 2252 et
2906 2189 3175 2252 Christus
3205 2192 3609 2274 nequidquam

1961 2285 2222 2347 creditus
2252 2292 2310 2348 et
2340 2282 2640 2357 adoratus,
2674 2280 2822 2342 nihil
2880 2280 2969 2343 eis
3024 2281 3233 2361 prosit.
3267 2281 3392 2344 Nec
3422 2283 3605 2360 enim,

1961 2382 2024 2435 ut
2046 2374 2335 2456 quispiam
2358 2373 2608 2434 fortasse
2631 2370 2867 2446 dixerit,
2892 2369 3051 2432 Deus
3068 2371 3248 2433 homo
3290 2381 3461 2435 natus
3493 2381 3606 2452 est,

1961 2472 2024 2525 ut
2054 2465 2136 2525 ita
2165 2461 2519 2542 simpliciter
2546 2463 2705 2523 Deus
2762 2460 2940 2521 homo
2992 2459 3363 2538 crederetur,
3399 2462 3610 2545 illique

1961 2552 2224 2615 adoratio
2255 2549 2636 2612 adhiberetur
2667 2569 2682 2609 :
2743 2567 2946 2610 verum
3006 2556 3070 2611 ut
3116 2568 3224 2612 nos
3255 2549 3468 2614 divina;
3495 2570 3609 2614 na-

1962 2649 2108 2704 turm
2129 2649 2436 2703 consortes
2453 2638 3060 2720 ﬁeremus,sicutipse
3083 2645 3311 2701 naturae
3335 2640 3627 2704 humanae.

1959 2738 2293 2795 consortem
2325 2747 2388 2790 se
2417 2728 2674 2806 fecisset,
2709 2735 3254 2808 cognoscerentque
3275 2729 3475 2810 adepti
3495 2731 3610 2795 hoc

1961 2819 2326 2883 consortium
2352 2815 2620 2898 mysterii
2675 2815 2816 2892 vim,
2879 2824 2938 2878 et
2992 2817 3208 2897 gratias
3237 2826 3502 2897 agerent.
3536 2822 3610 2883 Et

1959 2917 2244 2991 quotquot
2273 2907 2452 2987 hujus
2482 2905 3110 2985 consortiignarisunt,
3137 2924 3206 2968 ac
3227 2905 3302 2968 de
3326 2925 3396 2969 eo
3419 2905 3608 2988 probe

229 3013 392 3075 spem
429 3014 644 3072 magna
673 2996 799 3055 haec
832 2993 1244 3054 misericordia
1288 2991 1656 3053 accenditur.
1691 2989 1756 3051 In
1788 2989 1877 3079 his
1899 2989 2248 3079 cjudicant,
2281 2997 2340 3058 hi
2373 3003 2509 3057 sunt
2563 2995 2740 3056 amici
2787 2995 3034 3077 Christi,
3069 2995 3162 3057 his
3192 2996 3480 3058 creditum
3517 3004 3610 3060 est

227 3103 489 3163 namque
525 3085 625 3165 qui
672 3092 1056 3165 speraverunt
1103 3091 1159 3143 et
1213 3081 1621 3155 crediderunt,
1654 3078 1878 3141 sensim

225 3173 424 3250 ignem
450 3174 618 3234 illum
642 3173 983 3247 exsuscitat,
1010 3169 1881 3249 eorumqueintelligentiaama-

226 3263 494 3326 nifestat.
517 3262 747 3323 Deinde
787 3281 918 3324 cum
952 3260 1163 3340 gaudio
1197 3259 1502 3320 titionibus
1533 3257 1879 3319 humilitatis

225 3370 288 3412 ac
321 3351 741 3413 misericordia
796 3350 1106 3430 subjectis,
1169 3350 1406 3411 ﬂamma
1451 3347 1685 3420 emicat,
1722 3346 1876 3407 vici-

223 3459 455 3521 nosque
489 3441 776 3502 illustrat:
811 3440 992 3513 illius,
1027 3437 1164 3518 quia
1193 3457 1312 3499 non
1335 3455 1403 3498 ex
1443 3435 1638 3510 nobis,
1673 3435 1776 3496 sed
1806 3454 1874 3496 ex

223 3532 342 3591 Deo
374 3541 468 3592 est
499 3530 908 3592 misericordia
939 3551 954 3602 ;
1008 3530 1204 3608 hujus,
1237 3527 1373 3608 quia
1405 3525 1874 3587 misericordiam

225 3629 639 3693 consecutum,
670 3619 840 3698 plane
865 3617 1315 3680 misericordem
1335 3634 1465 3677 esse
1495 3615 1688 3676 decet.
1708 3613 1876 3686 Quod

225 3708 392 3788 siqui
424 3711 573 3772 itam
597 3709 782 3770 altero
804 3707 1093 3788 baptismo
1118 3722 1225 3786 per
1249 3704 1578 3782 angelicum
1614 3702 1877 3764 habitum

223 3809 498 3880 occepto,
532 3799 674 3878 quid
704 3798 1066 3878 acciperent,
1099 3815 1219 3857 non
1255 3794 1687 3867 intellexsrunt,
1721 3791 1876 3853 divi-

225 3908 362 3951 nam
383 3895 445 3948 et
467 3885 943 3966 omnipotentum
969 3885 1156 3948 sancti
1179 3883 1429 3965 Spiritus
1458 3882 1732 3944 virtutem
1757 3900 1877 3942 non

225 3977 611 4059 participant,
644 3975 830 4054 gratia
863 3993 934 4038 ea
989 3975 1264 4035 similiter
1316 3973 1605 4048 aVelante,
1657 3978 1721 4031 ut
1746 3988 1879 4050 quae

223 4087 327 4149 per
358 4083 532 4146 aquae
561 4064 916 4145 baptismum
949 4065 1158 4126 collata
1211 4072 1333 4125 est:
1388 4070 1446 4124 et
1477 4069 1722 4143 propter
1752 4069 1878 4149 stu—

223 4148 433 4239 porem
469 4153 662 4214 adhuc
692 4154 764 4214 ad
801 4154 1019 4215 malum
1051 4152 1222 4234 proni
1266 4159 1402 4213 sunt
1425 4162 1490 4211 ut
1519 4149 1724 4230 prius;
1759 4148 1882 4209 ina.

223 4248 313 4308 nis
346 4253 437 4306 est
468 4260 674 4304 eorum
708 4242 878 4317 ﬁdes,
911 4259 1246 4321 vanumque
1289 4239 1615 4301 secundum
1648 4255 1884 4318 quoque

222 4334 545 4413 baptisma,
580 4350 714 4392 cum
746 4350 956 4392 sensus
1015 4328 1378 4410 expertibus,
1417 4337 1474 4390 et
1505 4330 1753 4388 mortuis
1784 4327 1882 4387 in-

225 4424 510 4484 dumenta
531 4439 698 4480 sacra
735 4420 853 4481 sint
883 4419 1182 4501 imposita.
1217 4417 1346 4481 Una
1375 4427 1461 4480 est
1494 4415 1650 4478 enim
1675 4415 1880 4477 salutis

225 4511 460 4585 notitia,
496 4509 634 4589 quia
663 4517 721 4570 et
768 4509 980 4570 veritas
1037 4526 1218 4568 unum
1271 4514 1380 4581 est,
1442 4505 1629 4567 menti
1661 4503 1873 4566 intelli-

225 4599 413 4679 genti,
449 4606 510 4659 et
539 4597 890 4676 intelligenti
924 4597 1136 4658 animae
1166 4595 1402 4657 donatze
1435 4613 1540 4676 per
1570 4593 1748 4654 ﬁdem
1784 4613 1877 4654 su-

222 4706 437 4770 pernae
491 4687 688 4765 gratia;
738 4686 1098 4748 sanctissimi
1151 4684 1403 4766 Spiritus
1461 4681 1876 4744 intellectualis

217 4775 508 4857 cognitio.
556 4777 884 4855 Dignantur
916 4776 1075 4837 enim
1107 4774 1207 4834 tali
1239 4773 1440 4852 gratia,
1477 4771 1578 4851 qui
1606 4771 1668 4831 in
1701 4770 1876 4833 Chri-

216 4876 410 4943 stum,
439 4884 571 4927 cum
593 4865 1052 4945 baptizarentur,
1087 4861 1492 4941 crediderunt,
1533 4858 1878 4939 aliiquidem

214 4968 280 5017 ut
314 4964 374 5018 et
407 4954 579 5034 signa
612 4955 859 5030 faciant;
916 4951 1155 5032 plurimi
1181 4959 1244 5013 ut
1294 4950 1366 5012 ad
1397 4947 1617 5010 malum
1672 4949 1880 5008 immo-

213 5045 396 5122 biles,
435 5045 511 5105 ad
539 5044 760 5104 bonum
794 5051 1001 5105 contra
1045 5040 1354 5122 perfaciles
1386 5043 1782 5120 perseverent,
1820 5045 1882 5098 et

210 5133 510 5216 quidquid
543 5131 665 5194 Deo
699 5134 910 5213 placet,
949 5131 1008 5193 id
1039 5133 1100 5192 in
1155 5129 1272 5191 vita
1319 5128 1572 5209 impigre
1601 5135 1658 5188 et
1690 5125 1880 5216 exsul-

207 5213 470 5284 tabundi
501 5229 952 5282 consectentur.
980 5219 1093 5283 Hic
1126 5236 1335 5281 eorum
1364 5216 1511 5280 ordo
1547 5222 1658 5293 est,
1687 5217 1783 5296 qui
1815 5213 1878 5275 in

207 5310 522 5377 Christum
557 5309 967 5371 crediderunt.

300 5399 424 5463 Sed
444 5398 792 5478 videndum,
813 5418 888 5462 ne
909 5397 1144 5480 quando
1174 5402 1390 5478 praster
1417 5411 1578 5457 nunc
1604 5391 1880 5456 ordinem

1963 3089 2074 3150 hoc
2111 3085 2476 3167 mysterium,
2511 3090 2570 3147 et
2600 3085 2662 3145 hi
2709 3084 2884 3147 vitam
2936 3084 3156 3148 Christi
3185 3086 3604 3154 imitabuntur.

1962 3176 2072 3250 Qui
2103 3186 2300 3237 autem
2332 3177 2461 3254 ejus
2494 3180 2720 3236 naturae
2777 3173 3116 3255 participes,
3147 3174 3274 3237 sive
3304 3183 3609 3240 consortes

1962 3264 2103 3328 faeti
2133 3272 2307 3339 sunt;
2339 3270 2438 3324 aut
2467 3281 2604 3324 cum
2636 3262 2770 3324 facti
2803 3271 3024 3340 essent,
3056 3283 3183 3326 rem
3235 3263 3602 3345 ignorarunt,

1961 3355 2001 3416 ii
2018 3357 2216 3416 hostes
2229 3353 2358 3432 ejus
2375 3361 2540 3414 sunt:
2565 3372 2580 3411 :
2610 3360 2924 3434 propterea
2945 3353 3103 3435 quod
3127 3355 3321 3417 omnis
3338 3354 3440 3437 qui
3469 3374 3605 3420 cum

1960 3451 2168 3506 natura
2188 3441 2385 3503 divina
2425 3439 2576 3502 nihil
2619 3460 2936 3504 commune
2973 3441 3170 3517 habet,
3205 3444 3460 3505 carnalis
3491 3451 3602 3520 est,

1959 3541 2018 3595 et
2036 3533 2157 3594 Deo
2177 3533 2410 3611 placere
2434 3548 2552 3592 non
2571 3537 2763 3610 potest
2786 3548 2799 3594 :
2841 3531 3193 3595 Prudentia
3213 3538 3376 3595 enim
3399 3535 3609 3596 carnis

1959 3622 2212 3684 inimica
2236 3626 2320 3683 est
2343 3619 2466 3682 Deo
2486 3618 2571 3692 26,
2597 3628 2654 3681 et
2675 3637 2842 3696 caro,
2869 3627 2932 3683 et
2948 3625 3198 3700 sanguis
3216 3639 3470 3702 regnum
3493 3621 3614 3685 Dei

1959 3729 2077 3775 non
2088 3708 2503 3790 possidebunt.
2530 3707 2666 3770 Non
2697 3711 2858 3772 enim
2875 3712 3184 3791 corruptio
3201 3711 3612 3792 incorruptio-

1959 3819 2096 3863 nem
2115 3797 2635 3880 possidebit97;sed
2648 3798 3178 3880 audietaliquando
3199 3820 3211 3860 :
3231 3799 3437 3863 Etiam
3451 3800 3613 3880 quod

1959 3891 2200 3954 videtur
2216 3888 2457 3964 habere,
2484 3889 2804 3965 auferetur
2814 3888 2889 3951 ab
2903 3907 2994 3951 eo.
3036 3891 3132 3950 Ha
3141 3889 3302 3952 benti
3313 3895 3478 3952 enim
3491 3890 3613 3953 da-

1962 3979 2148 4054 bitur,
2164 3984 2220 4040 et
2235 3975 2667 4052 abundabit”,
2695 3985 2934 4057 propter
2963 3977 3208 4057 gratiam
3231 3977 3611 4061 immensam,

1962 4068 2390 4141 inexhaustam,
2429 4064 3032 4146 superabundantem,
3068 4073 3126 4128 et
3174 4085 3305 4146 quae
3335 4066 3610 4129 imminui

1967 4163 2142 4236 atque
2171 4153 2442 4216 consumi
2471 4172 2589 4215 non
2621 4161 2833 4234 potest.
2889 4155 3040 4218 Nam
3073 4173 3360 4234 ponamus
3392 4173 3608 4236 quem-

1967 4245 2124 4324 piam
2146 4243 2310 4304 mille
2345 4261 2534 4303 annos
2567 4243 2786 4320 vivere,
2820 4261 2888 4304 ac
2919 4262 3025 4324 per
3049 4243 3293 4305 totidem
3325 4263 3514 4306 annos
3551 4245 3614 4307 in

1964 4334 2092 4396 dies
2114 4333 2378 4412 singulos
2395 4331 2592 4394 divina
2612 4332 2797 4412 gratia
2837 4333 3136 4414 perfundi,
3175 4352 3308 4395 eum
3342 4351 3485 4397 sane
3513 4333 3617 4396 illa

1963 4442 2142 4504 supra
2172 4422 2473 4486 Christum
2509 4423 2946 4502 quodammodo
2987 4421 3222 4498 locabit,
3257 4442 3389 4485 cum
3419 4431 3613 4488 totum

1960 4512 2206 4593 impleat
2225 4510 2541 4593 (siquidem
2564 4511 2693 4592 ipse
2723 4519 2892 4574 mtate
2917 4520 2973 4574 et
2999 4513 3185 4591 gratia
3213 4512 3612 4596 proﬁciebat),

1960 4602 2090 4682 ipsa
2139 4610 2336 4663 tamen
2396 4600 2576 4677 salva,
2639 4601 2908 4683 nihilque
2963 4601 3276 4664 imminuta
3325 4602 3615 4684 manebit,

1959 4689 2384 4754 Verumtamen
2400 4708 2516 4750 non
2531 4697 2618 4751 est
2632 4707 2876 4770 prorsus
2894 4690 3295 4753 necessarium
3307 4691 3616 4771 ,paulatim

1962 4798 2090 4842 eam
2114 4779 2430 4860 inundare,
2456 4787 2558 4840 aut
2585 4779 2794 4856 minui,
2831 4787 2892 4842 et
2925 4779 3204 4862 paulatim
3237 4779 3616 4842 deﬁcientem

1959 4888 2209 4931 vacuum
2243 4868 2488 4930 omnino
2546 4869 2760 4932 desere
2819 4888 2956 4932 eum
3009 4871 3110 4952 qui
3165 4868 3271 4930 illa
3301 4869 3612 4950 spoliatur,

1964 4969 2182 5020 etcum
2214 4955 2382 5038 quasi
2413 4955 2567 5017 clam
2596 4957 2933 5036 recesserit,
2983 4957 3100 5040 ipsi
3128 4958 3308 5038 hujus
3339 4973 3618 5020 recessus

1965 5065 2206 5109 sensum
2232 5063 2356 5109 non
2385 5045 2752 5126 relinquere.

2492 5136 2858 5206 ORATIO
2922 5138 3074 5204 III.

2609 5251 2649 5296 ιι
2981 5282 2994 5296 .

1964 5312 2196 5390 θυαμ
2205 5315 2486 5398 guotsint
2496 5251 3112 5398 qeitfgzgmﬁom
3127 5327 3357 5394 genera
3367 5360 3382 5376 .
3394 5313 3623 5398 Cogno-

2038 5395 2329 5459 scendum
2367 5396 2528 5476 quod
2563 5395 2728 5460 Deus
2765 5395 2891 5476 cii;
2945 5397 3099 5478 quid
3125 5399 3329 5459 autem
3353 5395 3460 5474 sit,
3489 5411 3619 5460 non

298 5583 360 5640 24
389 5583 588 5652 Galat.
619 5599 707 5662 ιιι,
739 5583 843 5650 27.
924 5583 989 5640 25
1013 5582 1175 5650 Psal.
1206 5597 1412 5662 LXVIII,
1443 5578 1542 5645 95.
1627 5575 1690 5632 ’3
1715 5577 1888 5647 Rom.
1918 5593 2047 5657 vni,
2080 5578 2141 5641 ’7.
2222 5577 2337 5645 971
2365 5579 2504 5652 Cor.
2533 5593 2634 5666 xv,
2663 5581 2765 5651 50.
2847 5578 2910 5633 98
2933 5579 3144 5650 Matth.
3172 5583 3300 5662 xm,
3331 5579 3437 5648 27.

509 5722 772 5793 Parion.
801 5713 975 5790 CXX.

3291 5717 3366 5786 M
