4068 6112
230 323 346 390 333

1704 321 1988 387 ORATIO
2026 322 2142 386 III.

3497 321 3617 403 334

229 472 337 536 per
365 454 575 534 ﬁdem,
609 464 736 520 tum
767 454 1067 519 diabolum
1096 474 1164 519 ac
1213 455 1517 519 dmmonas
1544 454 1884 534 inaspecta-
1904 452 1956 514 A
1973 453 2351 536 redemptio?
2371 451 2652 517 Christus
2666 454 2828 518 enim
2847 452 2967 539 Dei
2977 456 3178 541 virtus
3188 460 3246 520 et
3262 457 3375 522 Dei
3383 439 3617 542 sapien-

232 544 385 607 biles
444 546 756 612 debellare
811 555 1071 628 possent.
1130 546 1375 628 Absque
1434 544 1654 626 Spiritu
1684 550 1884 604 sancto

233 634 394 696 enim
422 655 534 698 nec
584 636 847 718 peccatis
871 655 1102 715 vacare,
1136 655 1251 697 nec
1277 643 1627 716 potestatem
1658 632 1884 694 daemo-

230 743 373 785 num
403 727 721 787 adversum
755 743 884 801 nos,
916 727 1191 808 viresque
1218 725 1516 806 repellere
1545 741 1882 804 possumus.

234 816 527 895 Baptizari
554 834 795 898 quoque
822 826 1052 897 oportet
1079 817 1143 878 in
1171 815 1461 878 Trinitate
1491 811 1884 876 consubstan-

240 904 391 979 tiali,
427 925 597 985 quam
633 913 696 967 et
754 907 1074 987 credimus,
1135 915 1309 988 prout
1363 903 1652 967 Dominus
1683 910 1886 963 noster

239 994 377 1056 Jesu
408 994 677 1057 Christus
728 995 1058 1076 imperavit,
1117 1015 1251 1057 cum
1303 992 1587 1075 apostolis
1615 992 1699 1054 ita
1727 1010 1882 1073 prae-

233 1083 424 1163 cepit:
443 1085 684 1147 Euntes
706 1086 906 1148 docete
918 1103 1120 1149 amnes
1139 1092 1364 1165 gentes,
1378 1084 1756 1164 baptizantes
1785 1100 1885 1144 eos

229 1174 292 1233 in
322 1176 570 1235 nomine
604 1173 833 1247 Patris,
860 1174 1103 1256 et,Filii,
1142 1181 1200 1237 et
1221 1172 1491 1254 Spiritus
1521 1173 1736 1249 sancti,
1770 1170 1882 1233 do-

229 1270 448 1336 centes,
486 1280 585 1325 eos
638 1280 884 1326 servare
930 1266 1135 1326 omnia
1187 1279 1559 1343 quaecunque
1588 1261 1883 1323 mandavi

226 1351 503 1415 vobis”.
541 1353 683 1425 Quae
741 1354 790 1413 si
850 1372 1177 1430 servemus,
1238 1360 1496 1413 nostram
1547 1369 1685 1430 erga
1713 1349 1878 1411 illum

228 1441 578 1503 charitatem
593 1441 1095 1523 demonstramus,
1120 1451 1177 1503 et
1200 1443 1301 1523 qui
1327 1442 1387 1503 in
1412 1460 1482 1502 ea
1511 1458 1875 1516 maneamus,

228 1529 396 1609 digni
418 1530 712 1592 habemur
735 1554 751 1607 ;
778 1530 929 1593 sicut
966 1532 1284 1611 scriptum:
1319 1530 1394 1593 Si
1422 1530 1717 1592 mandata
1748 1545 1882 1591 mea

226 1623 622 1682 servaveritis
638 1620 957 1684 manebitis
988 1621 1396 1702 inﬂilectione
1421 1637 1597 1682 mea:
1643 1621 1794 1681 sicut
1822 1625 1881 1681 et

228 1724 331 1786 ego
354 1708 563 1770 Patris
590 1712 709 1771 mei
737 1718 1038 1791 praecepta
1067 1711 1330 1782 servavi,
1355 1716 1410 1771 et
1435 1726 1642 1771 moneo
1671 1709 1736 1770 in
1756 1709 1879 1788 ejus

228 1796 552 1860 dilectione
589 1800 674 1859 50.
733 1799 796 1861 Si
825 1819 940 1861 non
974 1818 1297 1873 servemus,
1332 1797 1501 1861 illum
1533 1817 1652 1859 non
1681 1815 1881 1858 amare

230 1886 645 1950 convincimur
665 1906 678 1951 :
702 1888 828 1951 Rui
851 1893 1006 1952 enim
1030 1908 1151 1951 non
1179 1889 1379 1970 diligit
1400 1905 1514 1968 me,
1540 1887 1735 1969 inquit
1759 1891 1880 1951 Do-

230 1973 453 2049 minus,
476 1994 784 2040 sermones
817 1996 981 2040 meos
1013 1997 1133 2041 non
1167 1984 1366 2040 servat
1401 1977 1481 2037 51.
1513 1975 1585 2037 Et
1610 1976 1826 2037 iterum
1861 1992 1876 2037 :

228 2062 347 2137 Qui
366 2063 547 2128 habet
568 2068 860 2130 mandata
875 2086 1026 2144 mea,
1065 2076 1119 2129 et
1157 2074 1354 2130 servat
1387 2085 1480 2141 ea,
1528 2066 1637 2129 ille
1666 2072 1751 2129 est
1772 2067 1880 2147 qui

225 2151 435 2230 diligit
479 2172 570 2216 me
586 2154 666 2217 53.
701 2155 1075 2237 Quopropter
1106 2156 1204 2237 qui
1235 2156 1295 2217 in
1330 2156 1627 2219 Christum
1663 2156 1872 2232 credit,

226 2258 345 2301 non
376 2242 559 2304 habet
588 2244 745 2306 aliud
779 2245 964 2325 prius,
1028 2265 1143 2327 quo
1198 2245 1376 2307 tidem
1406 2264 1570 2307 suam
1603 2245 1878 2309 ostendat

224 2347 293 2391 ac
324 2331 567 2413 probet,
603 2333 717 2395 nisi
746 2335 884 2415 quia
941 2335 1110 2415 fugit,
1173 2353 1303 2416 quae
1330 2334 1432 2396 ille
1465 2334 1786 2417 prohibuit.
1821 2342 1879 2396 et

223 2417 364 2480 facit
394 2440 529 2500 quae
554 2422 753 2502 jussit.

310 2510 674 2572 Praeclarum
703 2521 792 2575 est
820 2513 879 2574 in
941 2515 1237 2578 Christum
1299 2513 1545 2576 credere
1576 2533 1594 2572 :
1629 2514 1734 2576 sed
1764 2531 1874 2574 ne-

229 2616 401 2661 cesse
432 2608 521 2661 est
549 2602 723 2663 etiam
756 2603 988 2665 Christo
1021 2604 1290 2666 credere.
1337 2602 1480 2664 Nam
1512 2601 1616 2683 qui
1645 2602 1874 2666 Christo

231 2705 353 2748 non
386 2690 600 2761 credit,
635 2691 696 2752 in
727 2691 1023 2754 Christum
1081 2692 1381 2755 credendo
1439 2691 1588 2753 nihil
1622 2690 1873 2772 proﬁcit.

235 2776 494 2877 Credere
550 2780 791 2877 quidem
847 2780 1264 2877 inLChristum
1317 2780 1626 2877 debemus,
1701 2787 1766 2877 ut
1813 2780 1876 2841 in

231 2862 444 2943 Deum,
479 2862 1042 2933 consubstantialem
1075 2870 1197 2932 Deo
1253 2869 1536 2950 etiPatri,
1569 2868 1871 2931 hominem

1969 540 2054 605 tia
2087 545 2173 606 55.
2219 546 2387 619 Patet
2414 542 2592 623 igitur
2619 562 2755 606 eum
2787 543 2928 608 huic
2957 564 3076 607 non
3110 540 3609 617 communicasse.

1967 630 2168 694 Virtus
2180 632 2339 694 enim
2350 631 2797 714 Christiduplex
2822 638 2914 697 est
2932 634 3316 699 credentibus
3337 659 3351 697 :
3376 640 3614 720 quando

1969 728 2028 811 et
2056 722 2204 802 ipse,
2240 723 2382 785 licet
2439 723 2769 785 secundum
2826 723 3137 811 hypotasin
3187 745 3362 803 unus,
3411 735 3612 793 tamen

1967 809 2185 892 duplex
2221 822 2329 875 est.
2356 811 2428 874 Et
2482 820 2550 875 ut
2601 812 2930 874 substantia
2987 821 3253 877 nostrum
3287 815 3523 896 similis,
3558 827 3618 882 et

1966 916 2193 989 genere
2214 909 2419 964 noster
2446 902 2655 968 frater.
2687 899 2967 963 cordibus
2997 903 3214 966 nostris
3243 904 3413 987 prius
3443 909 3613 989 ejus-

1966 988 2199 1079 cemodi
2230 997 2441 1079 statum
2473 989 2749 1079 largitur,
2774 991 3032 1070 ‘qualem
3086 991 3302 1057 habeat
3328 988 3561 1079 oportet
3590 1016 3608 1063 :

1964 1076 2065 1156 qui
2092 1077 2330 1158 proprie
2359 1078 2537 1139 homo
2569 1086 2679 1141 est.
2714 1076 2931 1141 Secum
2980 1080 3200 1163 quippe
3231 1076 3612 1149 communio-

1964 1183 2101 1227 nem
2136 1166 2477 1245 habentem,
2514 1168 2861 1248 pmnitentia
2889 1175 3207 1234 contritum
3240 1180 3299 1236 et
3324 1173 3613 1239 humilia-

1965 1260 2112 1332 tum,
2149 1255 2435 1333 sobrium,
2491 1264 2914 1337 compunctum
2964 1258 3102 1323 facit
3146 1269 3232 1339 ut,
3265 1280 3401 1325 cum
3433 1264 3611 1328 talem

1965 1343 2254 1425 effecerit,
2315 1343 2743 1425 supplicantem
2801 1364 2923 1408 non
2976 1347 3313 1431 despiciat:
3369 1352 3525 1416 sicut
3553 1361 3614 1417 et

1965 1433 2259 1514 Pmpheta
2280 1433 2389 1498 ait:
2410 1434 2526 1497 Cor
2552 1440 2880 1498 contritum
2908 1443 2966 1499 et
2991 1436 3402 1520 humiliatum,
3416 1441 3607 1520 Deus,

1962 1538 2085 1583 non
2114 1522 2404 1603 despicies
2432 1521 2516 1583 56.
2576 1522 2688 1596 Qui
2745 1523 2907 1586 enim
2963 1526 3026 1588 in
3056 1528 3235 1594 corde
3265 1530 3520 1597 contrito
3551 1542 3610 1597 et

1964 1610 2274 1673 humiliato
2306 1632 2423 1675 non
2458 1613 2621 1693 petit,
2657 1612 3003 1695 despicitur.

2043 1699 2156 1762 Ubi
2177 1700 2392 1764 deinde
2414 1701 2779 1765 Christianus
2796 1704 2979 1767 talem
3000 1724 3068 1768 se
3090 1707 3433 1790 praebuerit,
3468 1719 3608 1777 tunc

1964 1791 2179 1882 oranti,
2204 1790 2549 1882 petentique
2587 1791 2856 1855 Christus
2898 1794 3075 1857 etiam
3109 1797 3355 1863 virtutes
3376 1802 3555 1866 donat
3586 1821 3604 1882 ;

1963 1879 2182 1959 quippe
2213 1884 2294 1959 ut}
2308 1881 2433 1961 jam
2475 1881 2679 1943 mitem
2710 1889 2773 1944 et
2801 1891 3067 1964 paratum
3098 1886 3301 1951 doceri
3331 1890 3452 1954 vias
3479 1879 3603 1956 Do;

1964 1968 2111 2029 mini
2138 1968 2200 2018 '57
2235 1970 2367 2049 (soli
2400 1988 2654 2052 namque
2709 1972 2883 2034 mites
2915 1991 3014 2035 eas
3044 1974 3376 2062 docentur),
3407 1982 3605 2047 reddit

1964 2075 2099 2119 eum
2159 2067 2409 2135 castum,
2475 2067 2933 2142 temperantem,
2982 2064 3213 2144 justum
3268 2068 3486 2132 fortem
3540 2070 3607 2133 in

1963 2147 2404 2229 tentationibus,
2438 2166 2641 2212 rerum
2672 2149 3011 2213 divinarum
3064 2154 3341 2236 peritum,
3376 2158 3609 2222 miseri-

1960 2237 2200 2299 cordem
2214 2286 2230 2314 ,
2247 2237 2444 2299 aliena
2466 2239 2847 2302 incommoda
2860 2242 3238 2321 sentientem,
3254 2246 3602 2327 humanum,

1960 2324 2179 2387 bonum
2212 2325 2631 2404 Christianum,
2689 2327 2905 2392 Christi
2954 2330 3210 2412 insignia
3241 2324 3600 2415 portantem,

1959 2432 2027 2476 ac
2057 2415 2319 2479 ﬁdelem.
2351 2415 2626 2479 Creditur
2674 2416 2835 2501 enim
2887 2417 2975 2481 illi
3030 2421 3216 2499 gratia
3245 2426 3608 2489 sanctissimi

1960 2502 2212 2584 Spiritus
2245 2508 2396 2586 ejus,
2445 2524 2552 2586 per
2600 2525 2800 2587 quam,
2834 2516 2892 2569 et
2920 2509 2979 2569 in
3010 2528 3130 2590 qua
3154 2510 3269 2574 ista
3295 2515 3607 2590 acquisivit

1960 2595 2015 2671 (a
2045 2594 2170 2655 solo
2197 2594 2373 2685 enim
2397 2592 2519 2685 Deo
2567 2594 2814 2685 virtutes
2842 2596 3182 2661 hominibus
3208 2604 3603 2685 suppeditan-

1960 2688 2100 2759 tur),
2126 2684 2308 2764 ﬁtque
2328 2682 2541 2745 similis
2565 2681 2719 2745 Patri
2747 2702 2853 2746 suo
2894 2687 3141 2762 ctelesti,
3179 2681 3340 2754 sicut
3360 2700 3418 2756 et
3444 2694 3602 2758 divi-

1960 2788 2072 2833 nus
2102 2771 2400 2852 apostolus
2437 2771 2699 2835 Joannes
2728 2771 3064 2854 Theologus
3094 2775 3288 2859 inquit
3318 2800 3332 2841 :
3368 2780 3600 2861 Filioli,

1957 2862 2231 2923 nondum
2252 2863 2540 2954 apparuit
2551 2862 2700 2954 quid
2720 2863 2971 2954 erimus.
2997 2864 3240 2934 Scimus
3250 2872 3606 2954 enim,quod

230 2962 430 3017 natum
464 2966 705 3038 propter
736 2978 867 3034 nos,
899 2968 966 3023 ut
995 2959 1650 3041 dictumdestiCredere
1679 2966 1874 3020 autem
1900 3030 1934 3041 _
1957 2950 2735 3041 Cumappaﬁttft‘itLSimile-‘I
2751 2952 2852 3014 illi
2867 2955 3182 3032 ενὶηηιδδθ,
3206 2957 3265 3020 id
3294 2969 3408 3036 est,
3432 2950 3604 3024 Chri-

226 3042 311 3131 illi
344 3030 524 3106 etiam
560 3030 621 3107 in
651 3030 926 3111 omnibus
976 3068 1110 3128 quae
1140 3030 1390 3111 loc-utus'
1420 3056 1529 3124 est,
1566 3066 1781 3128 nempe
1811 3048 1874 3109 in
1895 3030 2050 3131 θείς)
2084 3037 2413 3131 Deq,lFil_io
2470 3038 2934 3131 Betheem!!!
2991 3030 3274 3109 calorum
3304 3030 3600 3131 Siquidem

230 3130 403 3197 bonis
434 3154 505 3197 ac
535 3137 794 3217 praemiis
825 3157 954 3219 quae
1012 3139 1328 3219 pollicitus,
1391 3146 1450 3200 et
1476 3137 1539 3199 in
1569 3136 1875 3219 suppliciis

227 3240 356 3302 quae
385 3227 781 3288 comminatus
830 3237 938 3291 est.
997 3227 1229 3289 Etenim
1285 3235 1593 3308 martyres,
1654 3227 1755 3309 qui
1811 3226 1875 3288 in

226 3328 360 3373 eum
376 3315 786 3387 crediderunt.
804 3336 938 3378 cum
952 3317 1338 3380 credidissent
1356 3317 1576 3380 dicenti
1595 3319 1761 3392 :houi
1778 3333 1874 3379 me

223 3405 557 3481 negaverit,
574 3406 810 3483 negabo
828 3405 1000 3468 illum
1023 3408 1289 3469 vicissim
1306 3415 1397 3468 :et
1408 3408 1513 3487 qui
1530 3423 1874 3487 persevera-

227 3494 378 3555 verit
390 3496 655 3572 usqueiu
668 3496 877 3574 ﬁnem,
895 3497 993 3558 hic
1006 3496 1204 3558 salvus
1214 3498 1330 3559 erit
1347 3498 1431 3570 55,
1458 3496 1593 3557 ideo
1609 3494 1682 3556 ad
1707 3512 1869 3555 mor-

232 3586 348 3641 tem
409 3600 600 3662 usque
656 3584 1057 3648 cruciamenta
1132 3585 1555 3647 sustinuerunt.
1617 3582 1877 3665 Alioqui,

231 3670 400 3751 cedo,
429 3671 531 3751 qui
553 3670 727 3732 vitam
768 3674 1176 3754 projecissent,
1208 3674 1257 3735 si
1278 3679 1335 3736 in
1357 3676 1450 3737 his
1477 3675 1532 3737 ei
1551 3674 1725 3737 ﬁdem
1757 3691 1877 3734 non

228 3757 627 3822 habuissent?
680 3761 750 3823 Et
777 3781 984 3825 omnes
1012 3766 1113 3845 qui
1142 3783 1275 3825 cum
1306 3764 1697 3827 sanctimonia
1725 3771 1869 3825 aita-

232 3853 348 3908 tem
379 3857 635 3928 egerunt
663 3868 828 3911 suam
858 3851 933 3913 ob
988 3852 1186 3914 divina
1216 3853 1312 3914 illa
1346 3853 1656 3935 promissa,
1695 3852 1871 3934 polli-

226 3936 680 4019 citationesque,
717 3948 774 4001 et
830 3940 1020 4003 minas
1074 3961 1141 4003 ac
1194 3950 1475 4019 terrores,
1535 3942 1615 4004 ita
1670 3950 1872 4004 sancte

218 4026 500 4109 justeque
529 4029 819 4091 vixerunt.
851 4029 961 4102 Qui
990 4041 1187 4094 autem
1230 4032 1293 4094 in
1328 4033 1624 4096 Christum
1655 4032 1866 4109 credit,

224 4134 408 4198 seque
442 4117 619 4180 etiam
650 4118 738 4179 illi
788 4119 1033 4182 credere
1081 4122 1413 4203 proﬁtetur,
1449 4140 1644 4203 neque
1675 4130 1870 4184 tamen

223 4206 295 4267 ab
325 4205 624 4286 improbis
679 4207 846 4270 factis
902 4209 1183 4287 declinat,
1246 4230 1443 4293 neque
1491 4213 1563 4273 ad
1591 4210 1867 4273 virtutem

1957 3126 2102 3188 tales
2143 3126 2420 3217 admittit,
2454 3127 2554 3208 qui
2581 3126 2717 3190 Filii
2746 3128 2856 3191 Dei
2885 3130 3337 3198 similitudinem
3366 3126 3594 3217 gerant,

1956 3234 2133 3296 quam
2162 3215 2403 3298 quidem
2437 3225 2844 3281 consummata
2896 3218 3005 3285 Dei
3059 3215 3469 3290 mandatorum
3500 3215 3604 3291 ob-

1956 3307 2205 3367 servatio
2237 3306 2536 3388 conciliat,
2597 3314 2656 3369 et
2712 3325 2785 3399 ea
2841 3307 2970 3390 ipsa
3023 3329 3095 3373 ex
3144 3314 3433 3380 charitate
3461 3334 3599 3399 erga

1956 3395 2250 3458 Christum
2274 3396 2704 3477 proﬁciscitur:
2752 3398 2867 3473 Qui
2895 3400 3110 3482 diligit
3135 3421 3250 3482 me,
3284 3404 3364 3468 ait
3391 3395 3601 3470 Domi-

1955 3503 2088 3567 nus,
2111 3487 2402 3548 mandata
2424 3503 2557 3548 mea
2574 3488 2840 3551 servabit
2864 3488 2948 3550 ‘59.
2983 3491 3057 3553 Et
3082 3492 3184 3573 qui
3212 3502 3404 3557 servat
3426 3513 3600 3560 man-

1963 3574 2096 3636 data
2126 3573 2365 3656 Christi,
2397 3574 2527 3656 ejus
2555 3575 3005 3640 similitudinem
3049 3580 3435 3663 adipiscitur:
3467 3585 3597 3649 for-

1960 3672 2153 3756 matur
2191 3663 2354 3725 enim
2382 3663 2444 3756 in
2475 3683 2544 3727 eo
2594 3666 2883 3745 Christus,
2907 3669 3076 3749 juxta
3100 3671 3249 3734 illud
3275 3673 3544 3756 Apostoli
3578 3694 3597 3741 :

1952 3752 2194 3835 Filioli,
2211 3770 2361 3834 quos
2370 3755 2595 3817 iterum
2597 3762 2900 3834 parturio,
2915 3759 3102 3823 donec
3113 3752 3413 3840 formetur
3426 3766 3601 3828 Chri-

1953 3848 2091 3934 stus,
2133 3844 2197 3905 in
2244 3842 2407 3934 vobis
2430 3842 2513 3903 4ο.
2546 3842 2672 3934 Nisi
2700 3845 2860 3934 enim
2888 3845 2953 3909 in
2982 3848 3304 3913 christiano
3332 3852 3601 3934 quolibet

1955 3930 2222 3994 Christus
2248 3931 2531 3995 formatus
2562 3932 2920 4015 invenietur,
2951 3955 3201 4016 regnum
3231 3930 3518 4005 oculorum
3539 3942 3598 4008 ei

1952 4037 2074 4082 non
2103 4019 2353 4101 patebit.

2031 4112 2233 4190 Itaque
2255 4128 2430 4203 nemo
2454 4108 2831 4203 Christianus
2853 4123 3044 4179 semet
3071 4116 3351 4203 decipiat,
3384 4122 3614 4202 putans~

1954 4217 2017 4262 se
2048 4208 2273 4294 partem
2305 4197 2525 4294 habere
2546 4219 2681 4294 cum
2699 4201 2956 4280 Christo,
2980 4205 3122 4267 dum
3143 4197 3263 4270 non
3283 4197 3593 4294 obtempe-

222 4293 543 4370 incumbit,
576 4295 834 4358 inﬁdelis
866 4306 975 4375 est,
1010 4300 1307 4362 Christum
1339 4289 1531 4381 negat,
1560 4318 1676 4382 per
1701 4319 1866 4382 prw—
1891 4361 1938 4382 η
1957 4289 2460 4382 [διϐιπίειρεΝοη
2476 4292 2846 4382 εηίνηονηηὶε
2861 4296 3309 4376 quidicitmihi,
3335 4289 3598 4368 Domine

224 4361 830 4465 varicatio'nemlegis
850 4361 1034 4451 Deum
1054 4361 1456 4466 inhonorans:
1475 4361 1869 4471 uiaipud‘Apo-

1963 4379 2239 4471 Domine,
2259 4378 2523 4471 intrabit
2533 4381 2600 4442 in
2616 4361 3188 4463 regnum‘caelorum:
3208 4361 3317 4450 sed

230 4473 448 4534 stolum
481 4474 834 4553 legimus54.
897 4475 1065 4549 Quod
1123 4481 1171 4539 si
1230 4479 1501 4554 afﬁrmet,
1534 4478 1780 4540 credere
1811 4496 1874 4539 se

229 4561 471 4642 quidem
491 4562 746 4647 Christo,
791 4567 1024 4648 quando
1063 4568 1302 4649 quidem
1346 4577 1403 4630 et
1428 4569 1489 4629 in
1513 4568 1703 4649 ipsum
1738 4585 1873 4629 cre-

229 4650 352 4727 dat,
387 4652 771 4716 invirtutibus
789 4663 985 4717 autem
999 4657 1452 4739 elaborare,hoc
1465 4664 1573 4734 est,
1603 4655 1877 4718 mandata

227 4741 363 4820 ejus
387 4741 696 4805 observare
739 4764 861 4825 prae
897 4745 1239 4807 inﬁrmitate
1275 4765 1391 4807 non
1425 4763 1618 4825 posse,
1654 4744 1873 4807 menti-

222 4837 365 4893 tur:
402 4835 598 4894 omnia
628 4852 887 4914 namque
923 4835 1203 4916 apostolis
1237 4855 1270 4897 a
1307 4835 1538 4899 Christo
1567 4835 1691 4897 Deo
1724 4852 1874 4916 prae-

224 4929 418 5002 cepta,
456 4921 630 4985 nobis
661 4922 935 4985 similiter
986 4931 1280 5005 praecepta
1330 4934 1487 5001 sunt,
1519 4943 1705 5006 eaque
1736 4923 1876 4984 dum

222 5009 286 5071 in
320 5011 435 5072 hac
467 5012 580 5072 vita
604 5030 1062 5090 commoremur,
1123 5033 1360 5077 servare
1390 5014 1628 5097 quidem
1662 5031 1874 5094 possu-

226 5118 409 5177 mus;
444 5099 550 5162 sed
581 5100 719 5181 quia
763 5102 1051 5165 charitate
1101 5103 1162 5165 in
1218 5105 1515 5166 Christum
1544 5101 1878 5165 imbecilles

225 5206 459 5265 sumus,
486 5189 786 5251 nolumus.
810 5189 1102 5263 Quorsum
1125 5192 1286 5254 enim
1311 5193 1535 5275 alioqui
1567 5191 1749 5255 verba
1775 5190 1878 5252 illa

224 5278 497 5359 Apostoli
528 5279 603 5340 de
661 5278 866 5342 Chisto
928 5281 1343 5362 pertinebant:
1401 5283 1524 5360 Qui
1561 5283 1767 5363 factus
1792 5285 1878 5343 est

219 5366 401 5431 nobis
417 5373 726 5450 sapientia
744 5369 942 5448 aDeo,
961 5378 1019 5433 et
1021 5372 1302 5450 justitia,
1316 5378 1371 5435 et
1381 5371 1805 5452 sanctiﬁcatio,
1819 5374 1878 5432 et

1955 4466 2555 4545 voluntatemgl’atris
2582 4473 2703 4532 mei
2722 4475 2828 4552 qui
2856 4475 2924 4536 in
2944 4474 3107 4538 caelis
3130 4482 3219 4541 est
3245 4478 3323 4538 41.
3342 4466 3600 4544 ΕειΤιιτ-

1959 4574 2090 4618 sum
2112 4576 2126 4615 :
2148 4554 2285 4637 Ego
2300 4556 2580 4621 descendi
2598 4559 2672 4621 de
2688 4564 2860 4639 coelo,
2887 4580 3011 4627 non
3038 4571 3107 4629 ut
3133 4568 3363 4645 faciam
3390 4571 3607 4635 volun-

1960 4651 2137 4743 tatem
2148 4646 2498 4743 meanused.
2506 4650 2636 4725 ejus
2649 4651 2758 4729 qui
2776 4653 2946 4743 misit
2971 4670 3068 4718 me
3084 4654 3300 4743 Patris
3316 4658 3396 4720 49.
3427 4661 3607 4743 Atqui

1958 4733 2151 4827 _Patri_s
2175 4741 2230 4796 et
2252 4734 2385 4827 Filii
2403 4735 2678 4827 voluntas
2707 4740 2915 4803 eadem
2940 4749 3047 4804 est.
3071 4741 3134 4807 Si
3156 4764 3295 4827 ergo
3316 4733 3606 4814 Domitius

1958 4822 2088 4904 ipse
2110 4823 2235 4885 haec
2256 4823 2538 4906 loquitur,
2566 4844 2681 4906 quo
2718 4837 2887 4908 pacto
2910 4829 2972 4893 in
3010 4822 3360 4900 Christianis
3390 4855 3592 4902 nume-

1958 4912 2204 5005 rabitur,
2233 4912 2335 5005 qui
2391 4932 2558 5005 suam
2616 4914 2970 4982 voluntatem
3047 4921 3209 5005 facit,
3266 4932 3326 4987 et
3385 4925 3607 4991 Christi

1959 5004 2125 5101 quasi
2168 5000 2324 5065 limis
2380 5004 2567 5101 oc_ulis
2592 5007 2883 5101 _aspicit?
2926 5015 3050 5101 Aut
3079 5000 3204 5096 qua
3224 5016 3466 5080 tandem
3496 5037 3604 5101 spe

1959 5090 2256 5188 Christum
2281 5110 2413 5154 esse
2435 5094 2755 5188 Dominum
2790 5090 3147 5165 conﬁtetur?
3180 5102 3343 5185 Quis,
3376 5090 3599 5188 quaeso,

1960 5182 2054 5275 cui
2085 5180 2287 5259 servit,
2319 5182 2703 5275 eumfatetur
2750 5206 2882 5252 esse
2937 5189 3257 5255 Dominum
3315 5180 3508 5275 suum,
3545 5180 3606 5261 et

1958 5269 2155 5333 eidem
2182 5288 2300 5332 non
2331 5270 2576 5335 obedit?
2604 5276 2945 5355 LDaemones
2991 5279 3223 5344 Christo
3272 5301 3393 5347 non
3421 5269 3603 5349 obse-

1959 5369 2239 5451 quuntur,
2274 5361 2664 5429 nihilominus
2694 5385 2829 5431 eum
2857 5371 3238 5453 conﬁtentur,
3297 5383 3358 5439 et
3384 5385 3605 5442 norunt

269 5547 361 5646 Lf?
383 5547 1108 5646 Matth.A§xm§,~3§-20..
1137 5549 1224 5646 κῆρ
1244 5549 1414 5646 {qam
1440 5567 1549 5646 ἐνὶ
1762 5546 1876 5646 ξι)

1963 5560 2181 5646 ἓξιὲῙῦ
2212 5543 2350 5646 g4;
2399 5541 2460 5646 ξ’
2486 5540 2794 5646 ἐδωδοὲίτ·
2832 5643 2848 5646 -
2877 5546 3172 5646 “Maii”
3213 5570 3317 5646 ἓν-
3342 5558 3443 5646 22,
3495 5560 3602 5637 23-

209 5623 480 5708 ?‘Rom;
504 5628 697 5695 11.23.
782 5627 1105 5707 35160r.1’,
1136 5631 1356 5698 24-30.
1440 5623 1667 5699 36Psal.
1689 5649 1752 5708 L,
1780 5634 1876 5695 19.

1962 5625 2189 5725 {Piil'
2214 5640 2372 5705 “ne
2398 5622 2544 5713 ίλδν
2630 5623 2685 5674 ³⁸
2705 5624 2927 5723 “9a”:
2943 5645 3037 5725 mi
3063 5630 3131 5713 2*
3212 5622 3454 5710 seu“:

204 5707 313 5776 23.
399 5708 945 5790 40Galat.1v,10.
1031 5705 1318 5779 MMatth.
1352 5728 1457 5794 vn,
1488 5711 1591 5776 21.
1676 5705 1876 5784 ﬂ'Joa:

1965 5716 2049 5791 γι,
2079 5705 2184 5777 38.

1986 5920 2016 5939 ,ὁ
