4068 6112
468 363 590 432 335

1755 357 2140 432 SYMEONIS
2178 359 2552 434 JUNIORIS.

3739 376 3855 443 336

467 503 657 568 Deum
672 518 836 586 esse:
865 496 1238 562 aiuntenim:
1271 496 1843 580 Novimustequisis
1871 500 2183 562 sanctusA
2206 505 2431 562 tantum
2483 501 2757 580 credunt,
2791 503 2877 568 sic
2921 505 3204 586 operibus
3235 507 3414 571 ﬁdem
3441 528 3608 572 suam
3639 519 3849 574 testan-

467 592 586 656 Dei
615 591 696 656 43.
760 585 878 653 Sed
938 587 1215 670 quoniam
1285 588 1652 665 defecerunt,
1712 589 1958 670 jamque
2013 607 2123 650 nec

463 683 669 746 volunt
737 697 851 742 nec
925 685 1193 758 possunt,
1283 677 1470 754 hunc,
1559 677 1876 740 Dominum
1948 696 2121 739 suum

465 769 820 855 appellare;
893 767 1069 829 etiam
1155 767 1286 848 ejus
1363 767 1651 830 voluntati
1707 767 2122 849 obtemperare

463 868 795 945 nequeunt.
891 857 1066 945 Solus
1155 857 1333 936 igitur
1420 857 1522 918 ille
1607 858 1945 920 censendus
2031 865 2121 918 est

462 944 858 1024 Christianus,
890 946 992 1028 qui
1022 944 1319 1010 Christum
1355 945 1532 1008 simul
1573 945 1892 1010 Dominum
1945 964 2113 1007 suum

463 1042 800 1113 confitetur,
853 1035 1030 1098 simul
1089 1034 1283 1097 eidem
1333 1034 1723 1098 obseeundat.
1787 1034 1894 1106 Qui
1956 1034 2113 1097 enim

461 1132 662 1208 habet,
717 1139 777 1191 et
833 1125 1152 1189 conﬁtetur
1208 1124 1509 1187 Christum
1567 1124 1882 1186 Dominum
1914 1143 2111 1198 suum,

458 1224 674 1285 virtute
704 1213 1234 1297 cOgnominationis
1264 1232 1298 1276 a
1357 1212 1576 1276 Christi
1633 1213 1873 1274 nomine
1904 1213 2116 1274 conﬁr-

462 1319 677 1385 matur,
709 1317 776 1371 ut
820 1324 884 1368 se
948 1302 1023 1366 ad
1080 1301 1386 1366 arbitrium
1452 1304 1582 1383 ejus
1638 1303 2114 1382 voluntatemque

458 1395 891 1466 accommodet.
925 1392 988 1456 Si
1035 1410 1154 1454 non
1213 1393 1618 1474 confirmatur,
1681 1399 1806 1455 tum
1840 1410 1974 1452 eum
2009 1409 2113 1453 ore

459 1500 637 1554 tenus
665 1485 960 1552 Christum
1005 1481 1312 1556 conﬁtere,
1373 1481 1557 1544 corde
1585 1489 1782 1544 autem
1834 1481 2006 1561 longe
2038 1479 2109 1542 ab

461 1599 533 1645 eo
556 1578 776 1641 distare
798 1582 1027 1636 certum
1058 1571 1240 1633 est“.
1267 1570 1424 1633 Fieri
1452 1570 1745 1652 siquidem
1758 1587 1874 1633 non
1899 1577 2109 1649 potest,

2207 597 2319 678 tur,
2355 592 2453 671 qui
2484 591 2682 655 verbis
2713 612 2842 656 eam
2875 595 3281 670 conﬁtentur;
3330 599 3610 678 quoniam
3647 600 3850 662 timent

2205 676 2416 756 Deum,
2454 701 2630 762 quem
2662 683 3042 745 conﬁtentur.

2285 766 2521 858 Timere
2547 779 2741 833 autem
2767 773 2972 846 Deum,
2995 772 3156 834 aliud
3188 773 3336 837 nihil
3359 782 3471 853 est,
3494 795 3671 858 quam
3705 775 3847 839 nihil

2202 855 2458 937 improbi
2490 859 2773 922 facinoris
2831 863 3229 940 committere,
3293 884 3428 926 cum
3462 855 3639 929 nemo
3669 866 3845 930 videt.

2203 946 2371 1036 Multi
2401 947 2619 1028 quippe
2650 958 2891 1030 prOpter
2920 951 3192 1013 timorem
3245 953 3576 1028 hominum,
3613 964 3850 1036 propter

2200 1033 2513 1124 pudorem,
2549 1046 2790 1118 propter
2816 1039 3061 1118 gratiam
3121 1059 3154 1102 a
3209 1040 3433 1120 ﬂagitio
3467 1033 3798 1124 temperant
3826 1061 3846 1118 ;

2199 1122 2356 1202 quod
2379 1125 2633 1205 proinde
2657 1135 2768 1202 est,
2798 1146 2866 1189 ac
2903 1127 2951 1188 si
2985 1137 3418 1212 perpetrarent.
3455 1122 3846 1204 Quemadmo-

2196 1211 2337 1272 dum
2384 1231 2454 1274 ex
2497 1213 2682 1277 altera
2733 1223 2920 1297 parte,
2973 1217 3104 1298 quis
3153 1219 3345 1281 causis
3374 1221 3675 1296 commoti,
3712 1221 3840 1282 lau-

2195 1299 2392 1391 dabile
2421 1303 2725 1383 quidpiam
2760 1313 3058 1385 praestant,
3121 1307 3333 1369 eodem
3365 1307 3492 1371 loco
3537 1317 3698 1384 sunt,
3729 1329 3842 1391 quo

2195 1389 2298 1470 qui
2327 1409 2445 1453 non
2479 1401 2780 1472 praestant,
2842 1403 3158 1475 propterea
3216 1397 3370 1477 quod
3421 1389 3844 1480 quicunquein

2194 1489 2357 1542 recte
2376 1481 2546 1542 factis
2565 1482 2874 1544 hominum
2905 1485 3162 1547 favorem
3189 1485 3574 1569 plausumque
3592 1506 3844 1569 aucupa-

2195 1575 2313 1657 tur,
2343 1579 2444 1631 aut
2469 1589 2537 1632 ex
2557 1570 2674 1632 alio
2697 1572 2953 1652 quodam
2996 1573 3207 1635 atl'ectu
3253 1593 3322 1636 ea
3347 1578 3612 1657 suscipit,
3646 1596 3846 1657 repro-

457 1678 523 1734 ut
553 1667 654 1750 qui
683 1662 1024 1762 medullitus
1051 1659 1348 1761 Christum
1405 1659 1723 1768 pominum
1757 1678 1928 1720 suum
1961 1677 2096 1768 con:
2127 1708 2174 1768 Β
2197 1655 2428 1768 δυεηιθξξ
2459 1659 2615 1761 apud
2643 1662 2850 1768 laeum.
2880 1659 3102 1768 Verum
3124 1661 3186 1722 in
3209 1663 3376 1724 omni
3403 1655 3610 1768 ppe're,
3639 1655 3841 1768 verbo,

460 1747 681 1831 ﬁtetur,
728 1772 850 1816 non
907 1749 1084 1814 etiam
1147 1750 1277 1830 ejus
1331 1747 1609 1811 voluntati
1669 1766 1876 1830 parere
1907 1753 2103 1830 queat.
2127 1747 2549 1826 "cogitatione
2580 1749 2630 1808 is
2662 1749 2797 1810 ﬁnis
2830 1749 3165 1830 propositus
3222 1771 3353 1815 esse
3385 1753 3585 1829 debet,
3623 1763 3688 1815 ut
3716 1753 3838 1816 Deo

456 1843 842 1926 Magnitudini
867 1840 1027 1903 enim
1052 1838 1190 1900 ﬁdei
1220 1838 1538 1901 alacritatis
1562 1837 1635 1900 ad
1672 1837 2107 1919 exse-quendam

455 1936 564 2001 Dei
592 1935 950 1997 voluntatem
973 1929 1412 1991 incrementum
1445 1927 1792 2009 respondet.
1825 1926 1976 2005 Ergo
2007 1928 2105 2008 qui

457 2027 733 2092 mandata
781 2020 1042 2102 conﬁcit,
1100 2019 1429 2082 secundum
1494 2018 1937 2100 proportionem
1967 2017 2106 2080 obe-

457 2116 697 2188 dientiae
745 2131 892 2177 suae.
951 2108 1193 2172 modum
1259 2127 1332 2171 ac
1396 2125 1735 2170 mensuram
1791 2106 1932 2168 ﬁdei
1988 2125 2108 2169 suae

454 2208 846 2270 demonstrat.
877 2199 928 2262 E
960 2196 1282 2273 contrario,
1345 2195 1447 2279 qui
1506 2195 1782 2258 mandata
1832 2194 2099 2274 negligit,

454 2317 560 2381 pro
576 2287 1703 2381 portionecessationis,Aomissionisve,
1730 2295 2102 2381 quantopere

453 2375 519 2448 in
545 2375 661 2448 ﬁ—de
694 2379 1009 2459 claudicet,
1057 2376 1341 2455 ostendit,
1401 2384 1461 2438 et
1517 2394 1624 2458 pro
1671 2375 2102 2438 incredulitatis

456 2491 580 2538 suae
609 2469 784 2534 modo
835 2466 1040 2550 gratiae
1094 2467 1524 2530 detrimentum
1581 2465 1819 2546 accipit.
1865 2463 2008 2526 Nam
2043 2473 2104 2525 ut

455 2563 587 2628 sine
615 2561 849 2628 Christo
897 2555 1118 2622 Christi
1174 2558 1535 2620 voluntatem
1597 2557 1800 2631 facias,
1832 2555 1985 2617 haud
2017 2564 2105 2617 est

457 2653 764 2738 possibile,
796 2648 858 2738 id
883 2646 1042 2730 quod
1071 2644 1327 2738 ipsemet
1347 2653 1592 2738 testatur
1609 2664 1628 2738 ξ
1667 2646 1854 2738 Quia,
1886 2643 2097 2738 inquit,

454 2733 589 2808 sine
619 2758 713 2804 me
743 2737 903 2802 nihil
928 2736 1174 2816 potestis
1229 2736 1433 2812 facere
1459 2735 1543 2796 45.
1602 2735 1728 2797 Jam
1758 2733 1858 2815 qui
1889 2733 2101 2797 Christi

454 2835 817 2899 voluntatem
847 2845 968 2890 non
997 2823 1155 2899 facit,
1207 2823 1434 2905 absque
1465 2823 1716 2904 SChristo
1750 2833 1860 2904 est,
1895 2842 2004 2885 nec
2034 2841 2104 2885 ex

458 2940 529 2987 eo
576 2919 734 3003 quod
790 2915 1088 2981 Christum
1147 2913 1485 3003 conﬁtetur,
1541 2910 1732 3003 ullam
1787 2911 2101 3003 utilitatem

455 3000 672 3094 capiet.
749 3003 983 3069 Etenim
1043 3002 1341 3094 Christum
1410 3001 1704 3075 conﬁteri,
1765 3008 1822 3064 et
1872 3000 2102 3094 Christo

456 3088 725 3178 obedire,
751 3111 1084 3182 quanquam
1112 3091 1228 3153 duo
1250 3090 1546 3167 videntur,
1571 3097 1766 3182 tamen
1809 3108 1928 3152 non
1960 3088 2100 3182 duo,
2124 3118 2167 3182 ο

457 3188 561 3253 sed
585 3175 1083 3264 unum—quiddam
1131 3190 1318 3242 sunt:
1380 3197 1492 3242 nec
1553 3177 1713 3240 enim
1761 3195 1946 3241 unum
1976 3175 2106 3239 sine

456 3278 645 3342 altero
671 3280 921 3347 constat,
971 3269 1209 3333 tametsi
1263 3269 1606 3349 ignorantes
1662 3267 1904 3350 quidam
1935 3267 2107 3330 aliter

457 3366 738 3431 sentiant.
800 3359 959 3422 Audi
1009 3357 1380 3440 apostolum:
1429 3357 1606 3420 Fides
1652 3357 1784 3420 sine
1835 3355 2109 3437 operibus

456 3461 694 3520 mortua
717 3459 807 3515 est
823 3451 891 3513 in
908 3445 1324 3528 semetipsa”.
1353 3444 1424 3508 Et
1443 3445 1760 3508 Dominum
1787 3465 1808 3506 :
1833 3445 1995 3521 Quid
2012 3462 2110 3508 me

453 3545 704 3625 vocatis,
715 3541 992 3618 Domine,
1008 3537 1349 3625 Domine,et
1364 3553 1497 3608 non,
1504 3537 1707 3614 facitis
1720 3553 1852 3616 quae
1863 3534 2058 3597 dico“
2079 3533 2112 3594 ?

463 3623 886 3706 Amen,amen,
909 3628 1042 3689 dico
1063 3623 1250 3698 vobis,
1275 3625 1470 3687 omnis
1489 3627 1595 3704 qui
1608 3625 1758 3702 facit
1771 3633 2108 3704 peccatum,

451 3713 575 3788 non
587 3713 1263 3787 estservusChristi,sed
1271 3711 1900 3793 peccat'it8'49.Servus
1910 3721 2106 3775 autem

451 3809 686 3896 peccati
741 3804 804 3868 in
835 3800 1151 3896 domo_D_ei
1181 3809 1240 3863 et
1267 3800 1455 3862 Patris
1486 3818 1728 3896 manere
1761 3819 1880 3862 non
1912 3809 2106 3896 potest

449 3890 512 3965 in
533 3910 823 3964 aeternum
846 3916 860 3958 :
885 3892 990 3956 sed
1013 3890 1224 3968 Filius,
1249 3898 1306 3952 et
1330 3890 1720 3972 quem4Filius
1751 3910 1787 3953 a
1823 3890 2103 3953 servitute

2193 1835 2450 1916 placeas,
2485 1837 2773 1919 illumque
2795 1840 3070 1918 honores,
3100 1841 3843 1906 convenientersententiaa

2189 1926 2560 2005 apostolicae:
2582 1927 2726 1990 Sive
2745 1929 3076 2005 comeditis,
3100 1935 3225 1992 sive
3245 1933 3416 1994 aliud
3441 1934 3590 2013 quid
3600 1933 3836 2012 facitis,

2190 2017 2397 2077 omnia
2426 2017 2506 2078 ad
2533 2016 2801 2097 gloriam
2829 2019 2940 2078 Dei
2980 2020 3163 2097 facite
3192 2021 3270 2081 5‘.
3319 2019 3486 2093 Quod
3516 2022 3564 2083 si
3592 2022 3840 2085 verbum

2191 2103 2306 2165 hoc
2330 2122 2534 2167 verum
2563 2124 2632 2168 ac
2656 2123 2888 2168 certum
2909 2119 3022 2182 est,
3051 2107 3206 2169 sicut
3235 2118 3322 2171 est
3372 2109 3554 2190 (regis
3589 2110 3750 2173 enim
3782 2120 3839 2175 et

2177 2191 2424 2273 judicis,
2450 2201 2508 2256 et
2524 2195 2757 2257 Domini
2777 2195 2918 2259 Jesu
2940 2195 3362 2278 omnipotentis
3405 2207 3533 2274 est),
3567 2219 3783 2282 nempe
3816 2223 3829 2262 :

2183 2282 2322 2345 Nisi
2337 2281 2736 2348 abundaverit
2743 2287 2988 2364 justitia
3000 2297 3202 2349 vestra
3227 2287 3559 2368 plusquam
3590 2281 3837 2354 Scriba-

2185 2386 2325 2459 rum
2346 2372 2899 2450 etEPharisa'orum,
2919 2377 3220 2438 nonintra
3230 2377 3366 2438 bilis
3376 2381 3438 2439 in
3461 2396 3718 2459 regnum
3729 2399 3838 2443 cae-

2188 2457 2385 2522 lorum
2408 2460 2488 2534 59,
2512 2460 2653 2542 quid
2681 2481 2857 2542 supra
2894 2461 3132 2525 Scribas
3164 2471 3223 2524 et
3249 2457 3578 2528 Pharisaaos
3609 2469 3836 2547 praemii

2185 2549 2597 2629 reportabunt,
2633 2550 2734 2631 qui
2774 2551 3064 2630 injustitia
3093 2551 3524 2616 abundaverit?
3582 2554 3642 2618 Si
3671 2558 3829 2618 enim

2184 2637 2294 2727 illi,
2314 2656 2447 2700 cum
2475 2649 2676 2702 essent
2712 2650 2876 2702 extra
2904 2641 3176 2720 gratiam,
3213 2643 3447 2723 justitia
3477 2654 3645 2707 erant
3675 2665 3830 2727 prte-

2185 2725 2402 2816 diti,et
2419 2729 2519 2808 qui
2543 2727 2862 2810 Christum,
2883 2733 2998 2792 hoc
3017 2739 3106 2792 est
3127 2732 3317 2794 Deum
3339 2725 3689 2810 induerunt,
3713 2755 3826 2816 po-

2186 2815 2301 2876 tius
2328 2815 2617 2896 injustitia
2670 2818 2957 2881 cumulati
3008 2819 3250 2898 fuerint,
3287 2840 3424 2882 num
3457 2822 3616 2902 quia
3642 2815 3828 2902 regno

2186 2903 2468 2968 cmlorum
2483 2907 2647 2970 velut
2663 2908 3347 2992 exsulatumjmittantur,
3364 2909 3691 2988 dignissimi
3705 2931 3826 2974 non

2187 3001 2362 3056 erunt
2387 3001 2415 3058 ?

2807 3074 3084 3141 ORATIO
3113 3077 3214 3143 IV.

2743 3157 3266 3222 Aneuusnruu.

2190 3235 2314 3323 Qui
2323 3238 2494 3323 petit,
2515 3238 2789 3323 nesciens
2811 3241 2957 3323 quid
2973 3247 3156 3323 petat,
3183 3256 3320 3302 eum
3338 3241 3579 3318 frustra
3601 3246 3826 3323 petere.

2273 3318 2506 3403 Quodsi
2532 3318 2721 3403 etiam
2749 3321 2862 3403 scit
2897 3318 3050 3403 quid
3068 3326 3264 3403 petat,
3286 3338 3398 3403 nec
3421 3318 3628 3385 tamen
3656 3324 3830 3403 prius

2269 3399 2496 3479 accepit
2513 3399 2677 3498 quod
2691 3400 2863 3498 petit,
2881 3400 2946 3498 id
2978 3401 3034 3462 ei
3055 3399 3214 3498 nihit
3226 3401 3525 3498 prodesse.
3542 3399 3740 3498 Quod
3753 3405 3834 3498 sit

2271 3478 2850 3559 regnum’icoelorum,
2872 3486 2931 3543 et
2959 3497 3086 3561 qua
3122 3478 3362 3544 ratione
3401 3478 3740 3546 Christiani
3768 3483 3833 3545 id

2273 3559 2616 3652 acquirunt.
2641 3558 2791 3652 Quis
2812 3562 2890 3624 sit
2908 3561 3408 3652 malusfdwmon)
3431 3569 3489 3625 et
3521 3581 3638 3652 quo
3652 3573 3832 3652 pacto

2274 3639 2353 3702 ab
2373 3641 2501 3717 eius
2519 3641 2662 3720 iugo
2691 3639 2940 3704 liberari
2961 3639 3280 3722 possimus.
3306 3639 3610 3717 Quomodo
3631 3639 3692 3706 et
3709 3661 3832 3724 per

2274 3736 2404 3785 uuae
2432 3719 2676 3782 tandem
2696 3737 2877 3785 onera
2899 3724 3106 3785 anima
3125 3729 3424 3785 resumat.

2269 3736 2404 3800 quae
2432 3736 2676 3782 tandem
2696 3737 2877 3801 Opera
2899 3740 3106 3785 anima
3125 3736 3424 3803 resurgat.

2267 3798 2544 3880 Plerique
2565 3799 2907 3883 Christiani,
2929 3802 3140 3882 partim
3164 3801 3264 3884 qui
3294 3799 3451 3864 cultu
3497 3801 3829 3866 monastico

2184 3887 2492 3962 incedunt,
2531 3889 2742 3970 partim
2777 3890 2878 3972 qui
2906 3890 2968 3952 in
2996 3889 3113 3952 vita
3137 3889 3436 3953 mundana
3462 3893 3665 3972 pietati
3687 3893 3832 3955 dant

447 3986 682 4072 peccati
717 3981 1088 4072 liberaverit.
1143 3980 1320 4072 Atqui
1377 3979 1588 4072 domus
1631 3978 1754 4072 Δ1)(ξὶ
1806 3987 1866 4041 et
1893 3981 2103 4072 Patris,
2188 3995 2454 4058 operam,
2489 3978 2854 4072 spiritualem
2903 3979 3339 4072 sese-fructum
3367 3981 3676 4072 percipere
3704 3981 3834 4072 opi-

443 4067 696 4161 regnum
723 4080 813 4136 est
844 4075 997 4154 ejus.
1033 4070 1097 4134 Si
1155 4070 1287 4151 quis
1343 4088 1485 4151 ergo
1516 4068 1874 4161 Christianus
1903 4070 2106 4161 appel-
2189 4074 2443 4161 nentur,_
2461 4085 2595 4129 cum
2621 4067 3238 4161 Davidicospsalmos,
3262 4077 3321 4131 et
3342 4069 3569 4161 reliqua
3596 4071 3831 4135 cantica

445 4156 600 4232 latus
622 4164 802 4230 dicit:
829 4161 1134 4226 Conﬁteor
1167 4159 1488 4234 Christum,
1515 4167 1573 4220 et
1594 4159 1654 4220 in
1678 4159 1872 4240 ipsum
1894 4159 2100 4242 credo,
2187 4156 2518 4220 cecinerint
2547 4165 2772 4220 tantum
2804 4159 2960 4240 quod
3011 4177 3083 4221 ea
3140 4159 3532 4240 decantarint,
3565 4167 3624 4222 et
3657 4179 3724 4223 se
3752 4161 3834 4224 ita

447 4265 508 4321 et
535 4258 597 4319 in
627 4259 740 4319 hac
777 4251 903 4314 sola
959 4250 1336 4313 confessione
1387 4247 1897 4310 christianismum
1927 4265 2099 4310 suum
2183 4245 2515 4322 gloriﬁcare
2543 4245 2728 4310 Deum
2756 4248 3103 4330 opinantur;
3131 4248 3472 4312 nescientes
3497 4267 3563 4311 se
3585 4256 3644 4312 et
3657 4249 3828 4313 illum

444 4345 772 4423 constituit,
805 4358 989 4422 seque
1042 4339 1154 4401 hac
1182 4338 1278 4400 via
1307 4355 1558 4427 regnum
1590 4336 1810 4427 Christi
1852 4355 2095 4399 assecu-
2112 4366 2162 4427 D
2185 4333 2583 4412 exacerbare;
2609 4344 2677 4427 et
2707 4345 3096 4419 praeterquam
3148 4337 3306 4420 quod
3343 4336 3574 4427 nullum
3607 4357 3828 4402 conse-

445 4443 642 4504 turum
673 4431 1014 4507 arbitratur,
1035 4427 1297 4508 seipsum
1343 4426 1594 4491 seducit.
1637 4425 1902 4499 Quonam
1935 4429 2093 4489 enim

445 4523 626 4585 modo
656 4519 1017 4584 christianus
1063 4517 1199 4590 erit,
1248 4515 1352 4596 qui
1407 4515 1469 4577 in
1525 4514 1787 4593 singulos
1817 4513 1969 4589 dies,
2003 4517 2094 4579 vel

443 4611 639 4693 potius
668 4612 731 4673 in
763 4608 1025 4687 singulas
1045 4607 1224 4668 horas
1257 4604 1556 4670 Christum
1589 4603 1870 4686 operibus
1897 4613 2093 4684 negat,

443 4719 618 4782 quem
645 4699 828 4762 Deum
855 4715 989 4758 esse
1017 4695 1215 4759 verbis
1240 4695 1551 4758 conﬁtetur
1571 4699 1600 4756 Ἰ
1628 4693 1716 4755 En
1746 4694 2094 4774 Apostolum

437 4787 736 4852 dicentem
755 4806 768 4851 :
793 4785 984 4849 Deum
1001 4787 1368 4866 conﬁtentur
1381 4801 1446 4846 se
1470 4800 1664 4863 nosse,
1693 4784 1874 4860 factis
1893 4791 2096 4848 autem

439 4875 1037 4962 negantabominati,
1049 4872 1461 4953 incredibiles,
1481 4880 1538 4934 et
1548 4872 1634 4962 ad
1650 4888 1982 4962 omneopus
2001 4873 2096 4962 bo.

441 4959 590 5030 num
613 4964 859 5048 reprobi
873 4963 956 5028 50.
997 4961 1144 5026 Nam
1176 4962 1279 5045 qui
1307 4962 1473 5043 jussa
1494 4959 1718 5024 Christi
1748 4961 2094 5044 contemnit,

441 5055 492 5117 is
522 5073 598 5118 ne
628 5055 928 5119 existimet
981 5071 1045 5114 se
1101 5071 1220 5114 non
1279 5052 1454 5114 etiam
1487 5051 1602 5112 hoc
1630 5048 1760 5130 ipso
1793 5048 2093 5111 Christum

440 5162 684 5224 negare.
710 5142 953 5218 Quoties
994 5141 1155 5204 enim
1199 5140 1478 5203 mandata
1517 5137 1735 5203 Christi
1764 5137 1962 5213 violat,
1995 5145 2086 5200 to-

441 5232 553 5295 ties
573 5234 851 5296 eumdem
871 5239 1049 5312 negat
1075 5250 1090 5295 :
1115 5237 1178 5293 ut
1199 5249 1232 5292 e
1261 5229 1514 5305 diverso,
1558 5227 1658 5310 qui
1697 5227 1926 5307 legibus
1957 5227 2087 5308 ejus

439 5321 664 5397 obedit,
697 5322 945 5402 singulis
965 5319 1300 5383 actionibus
1346 5317 1702 5381 obedientiae
1731 5317 1891 5379 illius
1921 5316 2090 5379 Chri-

441 5417 600 5472 stum
623 5411 966 5475 conﬁtetur.
991 5408 1137 5482 Quis
1173 5415 1238 5470 ut
1272 5407 1443 5471 factis
1481 5413 1718 5486 negant,
1761 5409 1859 5488 qui
1889 5404 2092 5470 verbis

472 5597 474 5599 >
518 5567 966 5649 ‘SMachﬁIi.
1052 5567 1593 5649 “Isa.xxtx,13._
1639 5566 2086 5649 “Joan.xv,_5.

439 5647 640 5714 “Tit.
669 5664 715 5731 ι,
749 5648 847 5712 16.
933 5650 994 5701 ³4
1026 5649 1226 5716 IGer.
1258 5667 1321 5728 ι,
1353 5649 1454 5714 31.
1537 5647 1602 5699 5³
1629 5647 1834 5713 Matth.
1866 5663 1930 5757 v,
1961 5647 2062 5715 ΞΟ.

2180 4430 2443 4503 quuntur
2470 4425 2966 4503 emolumentum,
2998 4427 3176 4490 etiam
3198 4446 3316 4489 non
3340 4425 3457 4489 levi
3487 4435 3726 4508 peccato
3758 4447 3828 4490 ex

2175 4509 2290 4573 hoc
2316 4510 2626 4591 obstringi.
2651 4511 2858 4577 Omnis
2882 4515 3041 4577 enim
3082 4534 3278 4578 sermo
3323 4534 3448 4578 non
3477 4515 3827 4596 simpliciter

2180 4617 2401 4678 sermo,
2438 4602 2544 4664 sed
2576 4602 2827 4684 alicujus
2846 4604 3143 4668 reisermo
3168 4613 3278 4668 est.
3296 4603 3446 4666 Nam
3460 4603 3655 4686 siquis
3685 4623 3827 4667 esu-

2178 4689 2257 4752 rit
2286 4698 2345 4752 et
2373 4689 2519 4766 sitit,
2557 4700 2615 4753 et
2671 4693 2866 4755 nudus
2923 4702 3032 4770 est,
3093 4695 3144 4756 si
3199 4693 3494 4774 rogaverit
3521 4713 3736 4774 panem
3772 4703 3831 4758 et

2177 4779 2404 4854 vinum,
2440 4788 2500 4840 et
2526 4780 2972 4859 vestimentum,
2999 4801 3142 4846 num
3188 4783 3243 4846 ei
3283 4781 3424 4844 satis
3455 4788 3545 4843 est
3576 4790 3826 4862 tantum,

2179 4869 2356 4930 modo
2378 4868 2538 4950 loqui
2564 4889 2580 4949 ;
2607 4888 2704 4944 an.
2737 4871 2786 4932 si
2819 4872 2964 4935 nihil
2996 4872 3347 4947 obtinuerit,
3380 4871 3509 4952 ipse
3538 4874 3831 4952 quemad-

2180 4955 2424 5018 modum
2456 4965 2631 5020 autea
2675 4961 2880 5037 esurit,
2934 4961 3101 5039 sitiit,
3151 4961 3344 5023 nudus
3401 4966 3512 5035 est,
3549 4967 3607 5020 et
3635 4978 3836 5024 sermo

2177 5045 2232 5106 ei
2264 5045 2410 5108 nihil
2441 5046 2741 5110 contulit?
2789 5048 2950 5113 Idem
3004 5050 3065 5112 in
3097 5049 3344 5114 canticis
3373 5047 3653 5110 omnibus
3683 5069 3835 5114 usu-

2172 5133 2353 5195 venit.
2391 5133 2532 5208 Quae
2563 5137 2723 5198 enim
2774 5138 3131 5218 psalluntur,
3189 5147 3292 5201 aut
3321 5137 3643 5220 petitiones
3673 5147 3834 5215 sunt,

2166 5232 2270 5311 aut
2293 5224 2614 5304 gratiarum
2671 5229 2938 5293 actiones
2992 5248 3222 5307 eorum,
3283 5227 3407 5311 qui,
3463 5244 3596 5309 quae
3623 5238 3840 5310 petunt

2169 5309 2508 5396 impetrant.
2534 5315 2646 5389 Qui
2670 5318 2852 5399 igitur
2881 5321 3029 5384 dicit
3057 5324 3220 5387 Deo:
3255 5309 3552 5384 Adveniet
3573 5309 3840 5400 regnum

2174 5413 2366 5480 tuum,
2392 5404 2508 5468 nisi
2533 5405 2780 5470 modum
2809 5409 2980 5490 regni
3009 5408 3332 5488 dedicarit,
3385 5407 3686 5491 quomodo
3717 5409 3833 5474 ad-

2169 5565 2372 5634 «ηδε.
2397 5579 2462 5646 n,
2483 5565 2583 5632 20.
2663 5564 2731 5621 4⁷
2747 5569 2889 5634 Luc.
2909 5586 2992 5651 VI,
3016 5571 3117 5640 46.
3202 5568 3358 5626 48⁸49
3377 5568 3551 5642 Joan.
3573 5581 3705 5650 rm,
3725 5567 3862 5642 34.
