4068 6112
213 197 330 264 337
1688 203 1970 272 ORATIO
2014 209 2126 271 IV.
3495 206 3627 320 338,

216 358 456 448 veniet?
487 361 596 425 Sin
627 365 868 427 modum
898 365 1138 448 quidem
1183 366 1494 447 intelligat,
1529 365 1687 448 quod
1715 365 1942 430 venitA
1963 366 2189 430 cei-e54.
2216 367 2329 431 Et:
2352 368 2395 428 A
2419 369 2696 448 quoquis
2731 368 2924 432 victu:
2962 373 3071 448 est,
3098 368 3278 444 huius
3315 375 3382 430 et
3408 383 3620 432 servus

223 446 354 528 ipse
383 458 584 512 autem
618 453 720 534 qui
779 446 1025 534 regnum
1084 455 1352 528 advocat,
1390 446 1636 517 idcirco
1671 473 1884 536 preces
1965 464 2048 518 est
2071 457 2161 518 55.
2188 446 2699 528 Quemadmodum
2717 456 2876 520 enim
2897 446 3498 518 ﬁlius-omnissimilis
3528 461 3621 518 est

227 539 518 620 concipit,
548 541 602 603 ei
661 544 964 626 subjectus
1017 565 1135 606 non
1189 555 1299 626 est,
1351 545 1487 627 quid
1539 544 1683 606 lucri
1711 564 1780 606 ex
1812 562 1882 606 eo
1970 545 2118 624 patri
2149 545 2330 622 (filius
2358 546 2578 627 quippe
2627 565 2746 608 non
2783 545 2896 608 nisi
2953 564 3022 608 ex
3069 551 3278 608 natura
3311 543 3493 626 patris
3524 543 3618 610 sui

227 628 388 708 quod
423 629 568 692 dicit
599 649 614 694 :
650 634 952 696 Adveniat
981 653 1235 716 regnum
1267 643 1463 703 tuum.
1483 634 1782 696 referret?
1804 632 1885 697 ait
1966 633 2241 714 exsistit),
2279 634 2365 696 sic
2395 641 2454 696 et
2511 633 2912 698 Christianum
2977 633 3168 698 Patris
3224 633 3340 707 sui,
3375 631 3612 708 Christi,

227 717 393 777 enim
424 719 712 783 Dominus
742 723 800 783 in
832 723 1146 803 Evangelio
1182 744 1196 785 :
1232 724 1668 786 Paenitentiam
1697 725 1879 803 agite,
1965 721 2205 800 inquam
2241 722 2720 800 similitudinem,
2756 743 2863 806 per
2892 724 3136 786 virtutes
3168 720 3444 805 Spiritus,
3498 739 3618 784 non

227 814 747 894 appropinquavit
768 811 1882 893 enimregnumcwlorumﬁ.Quoergo
1965 810 2418 874 similitudinem
2449 812 2611 887 mali,
2647 832 2756 894 per
2805 814 3052 876 affectus
3107 811 3336 894 peccati
3365 810 3620 872 induere

231 891 340 983 qui
376 897 571 958 omnia
601 917 667 960 ex
701 900 890 962 nihilo
925 891 1214 982 producit,
1269 902 1488 983 quique
1516 901 1724 983 implet
1754 919 1886 962 om-
1973 917 2120 978 Opus
2151 908 2258 960 est.
2286 899 2480 972 Quare
2505 891 2768 983 tyrannis
2808 903 2970 964 illius
3012 891 3172 978 mali,
3205 899 3619 981 cognoscenda

232 979 357 1052 nia,
394 992 452 1045 et
488 993 578 1046 est
611 987 855 1068 ubique,
895 979 954 1050 et
981 989 1133 1068 regit
1179 979 1758 1070 omnia—Deusfquo,
1792 987 1890 1049 in-
1973 996 2084 1066 est,
2120 996 2175 1048 et
2205 1005 2318 1068 qua
2350 979 2576 1053 vafritie
2623 1009 2690 1052 ac
2738 989 2872 1053 dolo
2929 1009 3058 1053 eam
3117 979 3390 1052 exerceat
3429 1010 3447 1067 ;
3503 1007 3620 1070 qua

228 1086 433 1158 quam,
461 1071 587 1150 ille,
619 1084 676 1136 et
701 1095 949 1156 regnum
977 1079 1105 1158 ejus
1126 1097 1285 1140 nunc
1327 1077 1650 1140 abierunt?
1680 1077 1894 1158 Utique
1975 1075 2115 1136 item
2151 1076 2240 1136 via
2260 1079 2576 1140 evertenda
2607 1098 2675 1140 ac
2701 1078 3062 1142 destruenda
3107 1080 3206 1155 sit,
3240 1087 3303 1140 ut
3330 1077 3487 1140 docti
3514 1096 3618 1140 re-

225 1157 346 1252 nisi
374 1163 727 1226 recessisset
756 1173 814 1227 et
870 1185 1030 1228 nunc
1088 1168 1388 1241 rediisset,
1445 1187 1562 1229 non
1595 1157 1892 1252 dixisset:
1980 1185 2158 1245 gnum
2191 1165 2426 1238 Christi,
2491 1170 2734 1250 ejusque
2794 1177 3076 1252 percepta
3125 1168 3332 1231 notitia
3359 1168 3616 1250 idipsum

229 1243 538 1322 Quoniam
556 1243 1886 1337 appropinquavit.Nonﬁrecessitiille,sedlipsi
1970 1243 2031 1316 in
2055 1256 2300 1318 veritate
2331 1243 2613 1320 advenire
2638 1243 2702 1320 et
2730 1277 2763 1320 a
2791 1243 3181 1339 cupiditatum
3216 1243 3474 1337 laqueis,
3500 1273 3622 1319 ma-

228 1338 434 1430 npsab
455 1360 526 1430 eo
568 1342 956 1424 abrupimus:
990 1345 1064 1409 ab
1106 1345 1234 1428 ipso
1276 1347 1436 1408 enim
1473 1348 1698 1409 Adamo
1730 1365 1882 1408 con-
1968 1344 2126 1426 lique
2148 1345 2429 1408 servitute
2453 1349 2740 1430 expediri,
2777 1338 3184 1429 vindicarique
3201 1347 3617 1410 desiderimus.

226 1423 352 1518 (lito
384 1429 560 1492 nobis
590 1423 947 1513 conj’unctus
999 1423 1147 1498 erat;
1196 1434 1303 1508 Qui
1338 1444 1644 1518 postquam
1677 1435 1884 1497 fraude
1967 1423 2492 1496 Vérumeuimvero
2526 1423 2612 1498 illi
2653 1423 2935 1500 duntaxat
2988 1423 3237 1515 reg-num
3297 1435 3408 1500 Dei
3436 1435 3619 1497 adve-

223 1513 694 1608 circumventus,
744 1523 973 1585 scelere
1020 1543 1084 1586 se
1134 1513 1434 1604 obligavit,
1467 1513 1714 1605 regnum
1752 1524 1880 1600 Dei,
1973 1522 2079 1602 nit,
2114 1523 2213 1603 qui
2244 1523 2436 1603 ipsum
2469 1535 2874 1603 cognoverunt
2905 1545 2919 1590 :
2957 1535 3018 1589 et
3045 1513 3108 1588 in
3139 1524 3355 1608 quibus
3385 1531 3618 1604 regnat,

226 1605 383 1682 quod
426 1617 517 1668 est
543 1610 810 1690 Spiritus
839 1621 1104 1690 sanctus,
1158 1633 1192 1675 a
1241 1615 1414 1676 nobis
1444 1615 1738 1677 seclusum
1774 1623 1881 1680 est.
1911 1630 2074 1716 Beas
2107 1613 2452 1712 angelorum
2481 1617 2637 1676 cives
2668 1615 2885 1677 reddit.
2922 1617 3074 1679 Nam
3108 1605 3176 1677 ei
3209 1611 3622 1716 inpbedientia

231 1700 451 1791 _N_equit
485 1703 644 1764 enim
682 1707 840 1769 Deus
872 1706 1062 1770 bonus
1117 1717 1173 1770 et
1221 1716 1460 1771 sanctus
1491 1728 1624 1771 cum
1657 1710 1886 1791 ίιῃριιο-
1911 1700 1955 1716 ⁵³
1977 1700 2149 1780 primi
2185 1701 2441 1762 hominis
2471 1721 2658 1781 genus
2689 1703 3012 1766 humanum
3073 1701 3389 1766 maledicto
3419 1701 3624 1791 devin-

231 1786 415 1851 bitate
447 1791 671 1854 habere
703 1797 1150 1861 commercium.
1216 1797 1398 1859 Porro
1454 1817 1585 1859 cum
1641 1786 1760 1879 ipsi
1783 1817 1890 1880 per
1970 1797 2125 1849 Clum
2159 1798 2287 1880 Osi:
2348 1792 2729 1853 maledictum
2790 1804 3113 1880 consecula
3170 1799 3261 1854 est
3289 1790 3616 1880 οοιτυρζίο.

233 1895 343 1940 nos
365 1881 437 1940 ad
463 1880 796 1946 bonitatem
821 1886 1058 1964 regredi
1086 1906 1203 1948 non
1222 1889 1551 1948 valeremus
1574 1889 1885 1968 (quemad-

238 1968 478 2030 modum
517 1980 575 2032 et
607 1993 838 2053 pannus
868 1974 1048 2058 lacer,
1111 1977 1233 2038 luto
1281 1985 1339 2038 et
1370 1977 1680 2057 putredine
1707 1976 1891 2040 fmrla-

235 2064 350 2147 tus,
383 2077 418 2119 a
449 2070 662 2138 semet,
695 2071 755 2125 et
789 2063 922 2126 sine
976 2082 1127 2146 aqua
1183 2065 1343 2127 ablui
1373 2085 1490 2127 non
1523 2071 1756 2147 potest),
1789 2066 1888 2128 id-

235 2145 396 2208 circo
431 2147 563 2237 ipse
598 2169 837 2213 rursum
868 2145 1051 2229 venit,
1085 2153 1186 2235 qui
1217 2165 1326 2217 n‘os
1355 2145 1891 2237 valet,'abluere,ut

237 2251 342 2294 nos
368 2236 627 2315 primum
661 2259 834 2320 aqua.
870 2242 1096 2323 Spiritu
1126 2250 1330 2304 sancto
1358 2241 1532 2304 mista
1566 2261 1634 2304 ac
1666 2236 1888 2324 tempe-

235 2331 360 2383 rata
395 2324 550 2385 lavet
581 2348 596 2388 :
627 2327 846 2390 deinde
895 2330 1150 2392 mundus
1205 2331 1333 2412 ipse
1365 2349 1548 2412 super
1578 2332 1891 2395 mundatos

235 2422 446 2490 regnet
472 2421 570 2475 :ut
591 2435 769 2496 super
800 2437 908 2479 nos
955 2438 1234 2499 regnans,
1271 2438 1379 2501 per
1408 2437 1515 2482 nos
1553 2420 1891 2484 voluntates

235 2518 370 2562 suas
401 2502 463 2562 in
496 2523 646 2585 opus
667 2506 943 2569 deducat.
969 2509 1270 2571 Nisienim
1313 2507 1441 2588 ipse
1478 2509 1795 2590 imperium
1824 2509 1887 2572 in

238 2607 346 2678 nos
372 2600 601 2662 teneat,
630 2612 662 2654 a
690 2594 861 2657 nobis
883 2597 1013 2658 ﬁeri
1038 2597 1193 2678 quod
1217 2597 1380 2658 illum
1427 2596 1702 2673 delectet,
1735 2617 1889 2660 neu-

237 2677 468 2767 tiquam
526 2689 743 2762 potest.
798 2677 1090 2758 Quocirca
1164 2685 1501 2767 quicunque
1553 2703 1659 2750 suo
1708 2704 1893 2767 regno

239 2765 398 2830 Deus
425 2770 590 2850 prius
617 2791 736 2834 non
786 2774 916 2848 fuit,
977 2793 1086 2836 nec
1137 2765 1468 2837 secundum
1525 2765 1890 2838 intellectum

1969 1879 2408 1958 corruptionem
2444 1881 2675 1962 excepit
2730 1881 3012 1942 interitio.
3075 1879 3313 1956 Contra,
3378 1898 3448 1941 ex
3479 1877 3620 1940 obe-

1971 1967 2746 2048 dientiasecundihominis,
2774 1969 2991 2032 Christi
3022 1969 3319 2042 videlicet,
3351 1967 3620 2050 pervenit

1970 2057 2040 2116 ad
2067 2077 2172 2118 nos
2197 2057 2643 2135 benedictio,ex
2685 2059 3103 2122 benedictione
3122 2057 3513 2138 incorruptio,
3547 2075 3620 2118 ex

1969 2147 2415 2226 incorruptione
2440 2149 2871 2226 immortalitas,
2908 2169 2980 2213 ex
3011 2148 3455 2211 immortalitate
3473 2147 3614 2222 vita,

1972 2247 2028 2298 et
2059 2247 2118 2298 ut
2149 2239 2311 2312 olim,
2346 2239 2462 2300 vita
2493 2259 2560 2302 ex
2594 2243 2740 2303 Deo.
2777 2239 2884 2304 Ubi
2919 2240 3080 2302 enim
3137 2247 3228 2300 est
3257 2238 3440 2318 Deus,
3475 2236 3618 2298 inde

1973 2325 2243 2387 diabolus
2264 2345 2333 2388 ac
2356 2327 2928 2408 diemoneslfugiunt.
2967 2329 3049 2390 Ita
3071 2327 3341 2390 liberatio
3372 2345 3406 2388 a
3435 2325 3613 2402 malo,

1973 2425 2028 2478 et
2061 2434 2094 2476 a
2121 2415 2486 2478 daemonibus
2517 2418 2668 2498 ejus,
2701 2417 3154 2499 redemptioque
3194 2415 3402 2496 generi
3429 2413 3620 2477 homi-

1969 2523 2112 2566 num
2138 2524 2244 2586 per
2269 2505 2559 2569 Christum
2587 2515 2750 2588 parta
2772 2516 2862 2569 est
2889 2526 2904 2584 ;
2929 2514 3066 2569 ante
3089 2523 3263 2588 quam
3284 2504 3630 2566 libertatem.

1976 2612 2150 2656 nemo
2172 2614 2237 2656 se
2257 2595 2562 2658 hominem
2585 2596 2906 2659 existimet.
2940 2595 3153 2661 Melius
3185 2594 3345 2658 enim
3375 2601 3524 2671 erat,
3560 2592 3617 2655 ei

1975 2683 2022 2744 si
2058 2691 2228 2745 natus
2261 2703 2380 2745 non
2410 2684 2639 2750 fuisset.

2059 2775 2240 2835 Porro
2262 2773 2377 2836 duo
2403 2781 2540 2836 sunt
2561 2776 2618 2837 in
2641 2773 2732 2836 his
2746 2774 2847 2855 qui
2869 2772 3011 2856 quid
3053 2779 3254 2855 petant
3282 2770 3560 2834 nesciunt
3598 2791 3612 2831 :

241 2858 446 2934 sentit,
480 2859 671 2922 Deum
704 2862 764 2923 in
796 2863 928 2944 ipso
985 2864 1545 2926 voluntatem’suam
1579 2883 1688 2946 per
1717 2863 1893 2927 Chri-
1926 2942 1952 2946 ὲ
1977 2862 2308 2942 ignorantia
2363 2871 2421 2925 et
2465 2872 2690 2945 stupor.
2753 2863 2824 2926 Et
2875 2863 3153 2942 ignorans
3204 2860 3445 2945 quidem
3478 2859 3616 2942 quid

239 2953 390 3034 stum
428 2948 691 3029 explere,
757 2942 974 3013 frustra
1031 2952 1402 3034 defatigatur,
1461 2942 1677 3015 frustra
1703 2953 1841 3014 vivit
1873 2973 1886 3017 :
1915 2942 2130 3012 Cdicat
2160 2971 2276 3012 non
2311 2953 2509 3016 videt:
2544 2942 2814 3033 stupidus
2835 2952 2974 3034 quid
3001 2959 3188 3032 roget,
3224 2942 3436 3013 nescit.
3476 2948 3624 3022 Quis

241 3033 587 3114 impostoris
616 3058 862 3119 regnum
915 3040 1238 3104 etiamnum
1294 3033 1531 3122 patitur,
1566 3059 1676 3103 nec
1703 3041 1893 3103 anim-
1973 3049 2166 3101 autem
2203 3040 2481 3122 princeps
2512 3033 2983 3104 misericordiam
3029 3039 3280 3122 petenti,
3333 3046 3394 3102 et
3425 3046 3622 3100 tamen

238 3123 514 3186 advertit.
572 3127 805 3190 Etenim
861 3129 978 3192 nisi
1033 3131 1231 3191 anima
1284 3130 1645 3210 intelligens,
1723 3131 1893 3210 regni
1976 3148 2106 3209 qum
2133 3129 2218 3190 illi
2275 3137 2583 3210 prmstatur
2639 3130 3110 3192 misericordiam
3169 3127 3487 3210 ignoranti,
3521 3133 3623 3188 aut

243 3211 374 3294 Dei,
409 3235 531 3295 quo
567 3227 832 3280 contacta
865 3227 973 3295 est,
1024 3237 1263 3280 sensum
1315 3219 1776 3281 intellectualem
1803 3239 1895 3283 ac-
1976 3235 2094 3282 non
2125 3219 2479 3299 intelligenti
2511 3219 2667 3300 quod
2697 3219 2873 3301 dicat,
2939 3219 3140 3298 largiri
3167 3218 3338 3295 solet,
3372 3235 3504 3298 quin
3534 3215 3621 3278 la-

243 3303 500 3383 ceperit,
533 3307 739 3368 salutis
792 3308 953 3369 nulla
1000 3327 1140 3387 spes
1195 3307 1569 3388 relinquitur.
1607 3311 1893 3371 Cmterum
1978 3305 2090 3368 biis
2122 3315 2346 3369 tantum
2380 3307 2752 3389 simpliciter,
2780 3316 2838 3370 et
2865 3307 3033 3390 quasi
3059 3327 3128 3370 ex
3155 3307 3282 3370 sola
3310 3311 3623 3369 consuetu-

241 3392 475 3454 ratione
499 3401 764 3456 utentem
791 3398 1048 3458 animam
1080 3415 1209 3478 quae
1239 3407 1542 3478 regnatur,
1579 3396 1898 3460 divinitatis
1980 3395 2142 3468 dine,
2177 3404 2238 3456 ut
2269 3398 2618 3478 zes‘gsonans,
2679 3404 2777 3458 aut
2831 3396 3161 3478 cymbalum
3191 3393 3454 3456 tinniens
3484 3410 3624 3474 pro-

242 3483 551 3559 regnantis
581 3482 872 3548 beneficia
901 3496 957 3548 et
987 3488 1176 3548 sancti
1225 3485 1483 3566 Spiritus
1510 3486 1896 3567 multiplicem
1983 3483 2132 3545 mit?
2163 3484 2411 3566 Propter
2433 3487 2811 3565 hoczregnum
2834 3485 3077 3560 diaboli,
3113 3492 3174 3548 et
3205 3491 3464 3566 potestas
3496 3485 3626 3563 ejus

247 3569 621 3634 eﬂicientiam
655 3573 988 3654 intelligere
1035 3583 1292 3656 oportet,
1357 3575 1729 3652 charitatem,
1764 3594 1899 3654 gau-
1980 3572 2291 3634 adversum
2323 3574 2687 3636 Christianos
2741 3573 3048 3636 invalescit
3099 3591 3169 3634 ac
3199 3571 3514 3634 stabilitur.
3555 3571 3626 3630 Et

249 3657 440 3740 dium,
494 3681 727 3742 pacem,
786 3665 1318 3745 longanimitatem,
1382 3672 1441 3726 et
1496 3677 1732 3728 caetera.
1785 3663 1899 3729 Ubi
1979 3661 2119 3722 hinc
2145 3669 2266 3722 tum
2298 3661 2596 3744 monachi,
2623 3670 2744 3723 tum
2767 3663 3079 3724 saeculares
3101 3660 3409 3723 christiani
3443 3678 3617 3722 men-

250 3765 506 3829 namque
536 3751 694 3813 Deus
721 3771 821 3814 rex
855 3763 962 3835 est,
1011 3754 1096 3815 ibi
1148 3752 1382 3815 diabolo
1439 3771 1558 3814 non
1590 3753 1893 3816 servitur:
1981 3749 2177 3824 daces,
2215 3751 2511 3832 maledici,
2554 3751 2988 3826 criminatores,
3051 3749 3301 3832 perjuri,
3347 3747 3619 3829 zelotypi,

251 3837 349 3897 sed
379 3857 562 3901 omne
593 3842 991 3905 ministerium
1023 3843 1095 3904 ad
1129 3845 1316 3906 Deum
1348 3842 1674 3904 confertur.
1980 3837 2183 3910 invidi,
2232 3840 2484 3919 queruli,
2530 3839 2914 3920 detractores,
2947 3844 3102 3901 avari
3134 3847 3424 3920 raptores,
3458 3837 3622 3916 inju-

332 3924 591 3989 Bursum
625 3931 725 4010 qui
755 3931 939 3992 Deum
971 3933 1051 3993 ita
1085 3939 1440 4012 precantur:
1477 3930 1697 3992 Libera
1726 3947 1838 3993 nos
1861 3947 1900 3993 α
1981 3926 2054 3987 sti
2081 3928 2416 4007 hypocritae,
2442 3927 2766 4010 fornicarii,
2793 3928 3071 4000 adulteri,
3093 3927 3315 4000 lascivi,
3341 3924 3623 4005 improbi,

248 4018 436 4090 malo,
469 4018 584 4079 nisi
617 4021 748 4100 quis
777 4021 851 4082 sit
880 4021 982 4082 ille
1011 4021 1224 4096 malus,
1281 4035 1340 4081 et
1370 4019 1668 4098 quomodo
1699 4019 1895 4101 possi-
1981 4016 2247 4095 superbi,
2293 4017 2582 4099 legirupa:
2614 4017 2998 4079 inveniuntur
3051 4017 3121 4078 Et
3149 4018 3275 4078 haec
3305 4014 3422 4077 dici
3451 4022 3628 4096 atque

253 4103 509 4167 deantur
535 4126 571 4169 a
599 4109 773 4182 malo,
807 4117 869 4173 et
925 4129 1056 4192 qua:
1109 4111 1242 4190 ejus
1297 4108 1552 4189 vincula,
1588 4127 1719 4188 quae
1760 4109 1902 4170 item
1985 4123 2116 4166 esse
2145 4105 2462 4168 Christiani
2518 4106 2865 4186 gloriantur,
2930 4105 3182 4187 populus
3212 4103 3444 4185 stultus,
3474 4102 3624 4164 insi-

251 4193 384 4272 ejus
444 4195 505 4290 ip
564 4197 910 4290 subjugatos
962 4207 1249 4290 potestas,
1319 4197 1726 4290 cognoverint,
1786 4217 1900 4278 quo
1919 4194 2174 4290 Dpiens,
2202 4194 2874 4290 inobed_iens,ingratus,
2900 4195 3034 4290 sine
3057 4193 3628 4274 affectione,absque

253 4290 426 4362 pacto
457 4284 616 4347 Deus
670 4287 802 4348 illos
854 4287 1128 4350 liberabit
1154 4286 1183 4347 ?
1215 4285 1382 4360 Quod
1415 4287 1466 4347 si
1495 4287 1620 4348 haec
1651 4305 1753 4348 eos
1782 4283 1950 4348 non'
1985 4283 2229 4358 fmdere,
2257 4302 2394 4346 osor
2416 4285 2746 4359 hominum,
2774 4302 2876 4346 oso
2892 4284 3163 4360 fratrum,
3200 4302 3339 4346 osor
3368 4291 3625 4365 patrum,

255 4370 468 4453 latent,
508 4393 620 4438 nec
671 4383 865 4438 tamen
922 4396 955 4438 a
1005 4377 1160 4438 malo
1189 4375 1421 4437 liberati
1453 4384 1610 4455 sunt,
1647 4375 1902 4438 clamare
1985 4391 2121 4432 osor
2154 4371 2498 4444 liberorum,
2535 4391 2671 4434 osor
2697 4372 3048 4449 amicorum,
3074 4376 3196 4437 Deo
3233 4372 3491 4434 odibilis.
3527 4371 3629 4434 Vae

255 4459 525 4524 assidue:
555 4461 672 4526 Sed
695 4465 888 4527 libera
911 4483 1018 4526 nos
1042 4484 1074 4526 a
1098 4463 1732 4546 malo,quid?prodest?
1779 4467 1900 4525 Μει-
1985 4461 2200 4522 talibus
2231 4479 2364 4522 cum
2402 4461 2486 4523 Do
2517 4462 2722 4523 laudes
2780 4461 3102 4523 concinunt
3139 4483 3154 4539 ;
3213 4481 3297 4526 vae
3323 4481 3455 4524 cum
3487 4462 3631 4523 dant
3711 4519 3723 4531 ,

258 4546 349 4610 lus
381 4550 544 4611 enim
600 4559 709 4624 est,
758 4554 857 4634 qui
917 4553 977 4614 in
1038 4563 1302 4614 naturam
1362 4552 1682 4613 humanam
1713 4552 1902 4631 legem
1987 4551 2431 4631 eleemosynas;
2466 4570 2546 4614 vae
2573 4570 2704 4612 cum
2729 4551 2884 4613 dona
2902 4551 3024 4614 Deo
3045 4553 3300 4614 oﬂ‘erunt
3333 4574 3346 4615 :
3378 4571 3461 4614 vae
3491 4570 3627 4613 cum

263 4639 488 4716 peccati
509 4639 801 4721 implicuit
822 4641 1128 4704 diabolus:
1162 4660 1337 4722 quem
1359 4640 1621 4721 quandiu
1651 4640 1901 4702 actioni-
1988 4639 2172 4700 Deum
2206 4640 2453 4700 adorant
2487 4658 2502 4715 ;
2549 4659 2636 4702 vae
2670 4640 2808 4701 dum
2842 4659 3051 4722 preces
3080 4643 3151 4703 ad
3181 4661 3316 4703 eum
3347 4642 3622 4704 fundunt.

262 4722 442 4784 nibus
469 4745 596 4789 cum
650 4729 1027 4811 improbitate
1081 4729 1414 4810 conjunctis
1465 4728 1738 4809 colimus,
1786 4747 1900 4789 non
1989 4729 2223 4790 Etenim
2245 4731 2693 4809 viwimpiorum
2717 4729 3147 4793 abominabiles
3169 4748 3378 4793 eorum
3402 4730 3623 4812 06056,

263 4820 356 4875 est
386 4832 518 4894 pars
546 4827 748 4880 nostro
797 4820 897 4882 ille
951 4819 1165 4894 bonus,
1227 4838 1336 4881 nec
1391 4816 1498 4879 Dei
1530 4833 1713 4895 regno
1742 4817 1904 4894 digni
1989 4826 2047 4878 et
2073 4818 2328 4897 precatio
2348 4817 2620 4880 iracundi
2648 4836 2716 4880 ac
2739 4818 3030 4895 malevoli,
3055 4819 3202 4882 odor
3231 4820 3617 4882 deterrimus:

261 4920 494 4978 sumus,
526 4907 710 4987 utqui
740 4908 934 4990 ipsum
985 4908 1127 4969 falso
1184 4906 1373 4968 Deum
1421 4905 1771 4986 Patremque
1803 4925 1906 4967 no-
1988 4907 2365 4986 eleemosyna
2395 4907 2639 4988 superbi
2669 4908 3072 4970 holocaustum
3113 4909 3300 4983 canis,
3351 4916 3408 4971 et
3438 4911 3626 4970 bene-

262 4993 582 5068 minemus,
615 5015 751 5058 cum
781 4997 1079 5058 diabolum
1115 4997 1466 5077 principem,
1491 5003 1548 5057 et
1572 5003 1821 5076 patrem,
1849 5002 1908 5056 et
1990 4996 2226 5057 ficenlia
2252 4995 2582 5072 libiclinwsi,
2619 5015 2853 5060 merces
2883 4997 3254 5061 meretricis:
3303 4997 3463 5060 avari
3491 5015 3628 5058 mu-

260 5081 598 5159 dominum,
629 5104 698 5147 ac
728 5086 904 5148 deum
931 5085 1276 5159 habeamus,
1312 5086 1482 5164 cujus
1512 5093 1569 5146 et
1599 5085 1904 5146 characte-
1989 5105 2043 5144 n1
2074 5104 2122 5154 s,
2156 5086 2515 5146 sacrificium
2563 5087 2960 5160 immundum,
3013 5096 3070 5148 et
3127 5085 3364 5166 sanguis
3394 5085 3626 5148 suillus.

261 5192 393 5234 rem
416 5175 475 5234 in
499 5174 672 5236 nobis
689 5194 796 5257 per
811 5193 992 5256 opera
1031 5174 1159 5235 vitae
1196 5173 1718 5253 nostraaﬁferimus,
1752 5173 1906 5236 sicut
1987 5172 2096 5236 Sed
2124 5175 2283 5235 enim
2319 5174 2662 5255 iterrogabit
2693 5175 2985 5257 quispiam
3029 5176 3304 5248 fortasse,
3348 5175 3490 5256 quid
3520 5175 3631 5253 igi-

255 5261 478 5326 Judaeis
507 5264 729 5327 alicubi
784 5263 990 5345 objicit
1039 5261 1324 5324 Dominus
1359 5283 1371 5322 :
1439 5259 1552 5324 Vos
1601 5278 1676 5323 ea:
1725 5267 1904 5340 patre
1984 5263 2189 5325 turisti
2213 5263 2476 5326 faciant?
2503 5264 2761 5347 Quisque
2785 5283 3014 5341 eorum,
3042 5265 3201 5346 quod
3231 5263 3397 5326 illum
3431 5266 3627 5331 decet.

253 5352 493 5417 diabolo
521 5356 688 5432 estis,
719 5362 776 5418 et
798 5353 1099 5418 desideria
1124 5353 1322 5434 patris
1348 5351 1565 5414 vestris
1591 5349 1774 5413 vultis
1799 5352 1901 5430 fa-
1985 5351 2095 5425 Qui
2124 5353 2536 5432 indignitatem
2584 5373 2752 5418 suam
2809 5353 3202 5437 perspexerit,
3253 5373 3388 5418 cum
3422 5371 3628 5418 sacer-

333 5528 397 5581 5‘5
422 5529 588 5592 Matt.
617 5541 708 5609 nt,
735 5533 798 5590 2.
875 5523 946 5578 ’δι
967 5521 1143 5589 Joan.
1173 5538 1300 5602 VIII,
1331 5520 1434 5586 44.
1516 5520 1580 5606 ἥδ
1605 5519 1660 5585 ιι
1689 5518 1846 5584 Petr.
1879 5537 1889 5587 1

1981 5523 2078 5589 19.
2166 5522 2231 5575 56
2258 5521 2430 5587 Prov.
2462 5539 2565 5606 xv,
2595 5524 2659 5588 8.
