  <div class='ocr_page' id='page_1' title='image "/cluster/home/n/w/nwhite01/storage/ocr_20150623/120/mdp.39015008866736/175.png"; bbox 0 0 4068 6112; ppageno 0'>
   <div class='ocr_carea' id='block_1_1' title="bbox 447 268 3826 343">
    <p class='ocr_par' dir='ltr' id='par_1_1' title="bbox 447 268 3826 343">
     <span class='ocr_line' id='line_1_1' title="bbox 447 268 3826 343; baseline -0.001 -5"><span class='ocrx_word' id='word_1_1' title='bbox 447 268 570 339; x_wconf 77' lang='lat'><strong>839</strong></span> <span class='ocrx_word' id='word_1_2' title='bbox 1738 274 2046 343; x_wconf 82' lang='lat' dir='ltr'><strong>SYMEON</strong></span> <span class='ocrx_word' id='word_1_3' title='bbox 2048 274 2120 341; x_wconf 88' lang='lat' dir='ltr'><strong>IS</strong></span> <span class='ocrx_word' id='word_1_4' title='bbox 2157 275 2526 343; x_wconf 84' lang='lat' dir='ltr'><strong>JUNIORIS.</strong></span> <span class='ocrx_word' id='word_1_5' title='bbox 3711 270 3826 337; x_wconf 79' lang='grc'><strong>340</strong></span> 
     </span>
    </p>
   </div>
   <div class='ocr_carea' id='block_1_2' title="bbox 448 404 3828 492">
    <p class='ocr_par' dir='ltr' id='par_1_2' title="bbox 448 404 3828 492">
     <span class='ocr_line' id='line_1_2' title="bbox 448 404 3828 492; baseline -0 -24"><span class='ocrx_word' id='word_1_6' title='bbox 448 404 589 469; x_wconf 84' lang='lat' dir='ltr'><strong>dote</strong></span> <span class='ocrx_word' id='word_1_7' title='bbox 631 419 1010 492; x_wconf 73' lang='lat' dir='ltr'><strong>congressus,</strong></span> <span class='ocrx_word' id='word_1_8' title='bbox 1069 404 1362 473; x_wconf 80' lang='lat' dir='ltr'><strong>rationem</strong></span> <span class='ocrx_word' id='word_1_9' title='bbox 1417 408 1680 473; x_wconf 84' lang='lat' dir='ltr'><strong>veritatis</strong></span> <span class='ocrx_word' id='word_1_10' title='bbox 1720 409 2311 492; x_wconf 81' lang='lat' dir='ltr'><strong>edocebitur,AIpse</strong></span> <span class='ocrx_word' id='word_1_11' title='bbox 2373 409 2534 473; x_wconf 91' lang='lat' dir='ltr'><strong>enim</strong></span> <span class='ocrx_word' id='word_1_12' title='bbox 2581 408 2773 472; x_wconf 92' lang='lat' dir='ltr'><strong>adhuc</strong></span> <span class='ocrx_word' id='word_1_13' title='bbox 2830 409 2985 471; x_wconf 92' lang='lat' dir='ltr'><strong>inter</strong></span> <span class='ocrx_word' id='word_1_14' title='bbox 3041 414 3307 470; x_wconf 91' lang='lat' dir='ltr'><strong>mortuos</strong></span> <span class='ocrx_word' id='word_1_15' title='bbox 3363 414 3653 481; x_wconf 80' lang='lat' dir='ltr'><strong>versatur,</strong></span> <span class='ocrx_word' id='word_1_16' title='bbox 3713 423 3828 467; x_wconf 91' lang='lat' dir='ltr'><strong>nec</strong></span> 
     </span>
    </p>
   </div>
   <div class='ocr_carea' id='block_1_3' title="bbox 449 494 3822 580">
    <p class='ocr_par' dir='ltr' id='par_1_3' title="bbox 449 494 3822 580">
     <span class='ocr_line' id='line_1_3' title="bbox 449 494 3822 580; baseline -0.001 -22"><span class='ocrx_word' id='word_1_17' title='bbox 449 503 743 579; x_wconf 85' lang='lat' dir='ltr'><strong>quatenus</strong></span> <span class='ocrx_word' id='word_1_18' title='bbox 772 498 830 562; x_wconf 93' lang='lat' dir='ltr'><strong>ei</strong></span> <span class='ocrx_word' id='word_1_19' title='bbox 855 498 1241 580; x_wconf 91' lang='lat' dir='ltr'><strong>Evangelium</strong></span> <span class='ocrx_word' id='word_1_20' title='bbox 1282 498 1530 580; x_wconf 63' lang='lat' dir='ltr'><strong>justitiaa</strong></span> <span class='ocrx_word' id='word_1_21' title='bbox 1570 499 1891 562; x_wconf 90' lang='lat' dir='ltr'><strong>revelatum</strong></span> <span class='ocrx_word' id='word_1_22' title='bbox 1921 500 2100 564; x_wconf 87' lang='lat' dir='ltr'><strong>fuerit</strong></span> <span class='ocrx_word' id='word_1_23' title='bbox 2179 500 2375 563; x_wconf 91' lang='lat' dir='ltr'><strong>hausit</strong></span> <span class='ocrx_word' id='word_1_24' title='bbox 2402 519 2436 561; x_wconf 93' lang='lat' dir='ltr'><strong>a</strong></span> <span class='ocrx_word' id='word_1_25' title='bbox 2462 501 2585 561; x_wconf 90' lang='lat' dir='ltr'><strong>Deo</strong></span> <span class='ocrx_word' id='word_1_26' title='bbox 2617 508 2836 574; x_wconf 85' lang='lat' dir='ltr'><strong>rorem,</strong></span> <span class='ocrx_word' id='word_1_27' title='bbox 2882 498 2981 579; x_wconf 86' lang='lat' dir='ltr'><strong>qui</strong></span> <span class='ocrx_word' id='word_1_28' title='bbox 3026 496 3416 576; x_wconf 79' lang='lat' dir='ltr'><strong>intelligentia</strong></span> <span class='ocrx_word' id='word_1_29' title='bbox 3448 494 3822 578; x_wconf 83' lang='lat' dir='ltr'><strong>perspicitur,</strong></span> 
     </span>
    </p>
   </div>
   <div class='ocr_carea' id='block_1_4' title="bbox 450 587 2099 671">
    <p class='ocr_par' dir='ltr' id='par_1_4' title="bbox 450 587 2099 671">
     <span class='ocr_line' id='line_1_4' title="bbox 450 587 2099 671; baseline 0.002 -25"><span class='ocrx_word' id='word_1_30' title='bbox 450 591 511 647; x_wconf 86' lang='lat' dir='ltr'><strong>et</strong></span> <span class='ocrx_word' id='word_1_31' title='bbox 539 591 681 649; x_wconf 93' lang='lat' dir='ltr'><strong>tunc</strong></span> <span class='ocrx_word' id='word_1_32' title='bbox 736 595 938 671; x_wconf 86' lang='lat' dir='ltr'><strong>aptum</strong></span> <span class='ocrx_word' id='word_1_33' title='bbox 996 596 1056 651; x_wconf 87' lang='lat' dir='ltr'><strong>et</strong></span> <span class='ocrx_word' id='word_1_34' title='bbox 1111 588 1478 652; x_wconf 85' lang='lat' dir='ltr'><strong>conveniens</strong></span> <span class='ocrx_word' id='word_1_35' title='bbox 1537 587 1839 652; x_wconf 89' lang='lat' dir='ltr'><strong>Chistiano</strong></span> <span class='ocrx_word' id='word_1_36' title='bbox 1868 588 2099 651; x_wconf 89' lang='lat' dir='ltr'><strong>homini</strong></span> 
     </span>
    </p>
   </div>
   <div class='ocr_carea' id='block_1_5' title="bbox 446 674 1268 761">
    <p class='ocr_par' dir='ltr' id='par_1_5' title="bbox 446 674 1268 761">
     <span class='ocr_line' id='line_1_5' title="bbox 446 674 1268 761; baseline 0.004 -25"><span class='ocrx_word' id='word_1_37' title='bbox 446 674 583 738; x_wconf 63' lang='lat' dir='ltr'><strong>vitae</strong></span> <span class='ocrx_word' id='word_1_38' title='bbox 608 676 944 742; x_wconf 87' lang='lat' dir='ltr'><strong>institutum</strong></span> <span class='ocrx_word' id='word_1_39' title='bbox 976 686 1268 761; x_wconf 77' lang='lat' dir='ltr'><strong>capesset.</strong></span> 
     </span>
    </p>
   </div>
   <div class='ocr_carea' id='block_1_6' title="bbox 530 764 2101 850">
    <p class='ocr_par' dir='ltr' id='par_1_6' title="bbox 530 764 2101 850">
     <span class='ocr_line' id='line_1_6' title="bbox 530 764 2101 850; baseline 0.003 -23"><span class='ocrx_word' id='word_1_40' title='bbox 530 764 894 831; x_wconf 91' lang='lat' dir='ltr'><strong>Discendum</strong></span> <span class='ocrx_word' id='word_1_41' title='bbox 932 776 1201 849; x_wconf 85' lang='lat' dir='ltr'><strong>est&#39;ergo</strong></span> <span class='ocrx_word' id='word_1_42' title='bbox 1236 769 1420 849; x_wconf 91' lang='lat' dir='ltr'><strong>prius,</strong></span> <span class='ocrx_word' id='word_1_43' title='bbox 1453 767 1598 850; x_wconf 90' lang='lat' dir='ltr'><strong>quid</strong></span> <span class='ocrx_word' id='word_1_44' title='bbox 1629 769 1705 830; x_wconf 87' lang='lat' dir='ltr'><strong>sit</strong></span> <span class='ocrx_word' id='word_1_45' title='bbox 1737 786 1751 831; x_wconf 88' lang='lat'>:</span> <span class='ocrx_word' id='word_1_46' title='bbox 1790 768 2101 832; x_wconf 84' lang='lat' dir='ltr'><strong>Cloria&#39;in</strong></span> 
     </span>
    </p>
   </div>
   <div class='ocr_carea' id='block_1_7' title="bbox 450 856 2103 941">
    <p class='ocr_par' dir='ltr' id='par_1_7' title="bbox 450 856 2103 941">
     <span class='ocr_line' id='line_1_7' title="bbox 450 856 2103 941; baseline 0.002 -24"><span class='ocrx_word' id='word_1_47' title='bbox 450 856 770 921; x_wconf 74' lang='lat' dir='ltr'><strong>altissimis</strong></span> <span class='ocrx_word' id='word_1_48' title='bbox 796 858 949 941; x_wconf 88' lang='lat' dir='ltr'><strong>Deo,</strong></span> <span class='ocrx_word' id='word_1_49' title='bbox 984 866 1045 923; x_wconf 85' lang='lat' dir='ltr'><strong>et</strong></span> <span class='ocrx_word' id='word_1_50' title='bbox 1074 861 1141 921; x_wconf 93' lang='lat' dir='ltr'><strong>in</strong></span> <span class='ocrx_word' id='word_1_51' title='bbox 1198 864 1360 922; x_wconf 89' lang='lat' dir='ltr'><strong>terra</strong></span> <span class='ocrx_word' id='word_1_52' title='bbox 1408 877 1534 937; x_wconf 71' lang='lat' dir='ltr'><strong>paro</strong></span> <span class='ocrx_word' id='word_1_53' title='bbox 1561 859 1903 921; x_wconf 81' lang='lat' dir='ltr'><strong>hominibus</strong></span> <span class='ocrx_word' id='word_1_54' title='bbox 1935 858 2103 921; x_wconf 70' lang='lat' dir='ltr'><strong>bonae</strong></span> 
     </span>
    </p>
   </div>
   <div class='ocr_carea' id='block_1_8' title="bbox 450 942 2097 1022">
    <p class='ocr_par' dir='ltr' id='par_1_8' title="bbox 450 942 2097 1022">
     <span class='ocr_line' id='line_1_8' title="bbox 450 942 2097 1022; baseline 0.001 -15"><span class='ocrx_word' id='word_1_55' title='bbox 450 942 880 1012; x_wconf 49' lang='lat' dir='ltr'><strong>voluntatis“.</strong></span> <span class='ocrx_word' id='word_1_56' title='bbox 916 947 1060 1022; x_wconf 71' lang='lat' dir='ltr'><strong>Quae</strong></span> <span class='ocrx_word' id='word_1_57' title='bbox 1114 947 1188 1009; x_wconf 92' lang='lat' dir='ltr'><strong>sit</strong></span> <span class='ocrx_word' id='word_1_58' title='bbox 1215 946 1373 1009; x_wconf 91' lang='lat' dir='ltr'><strong>bona</strong></span> <span class='ocrx_word' id='word_1_59' title='bbox 1401 946 1695 1010; x_wconf 88' lang='lat' dir='ltr'><strong>voluntas.</strong></span> <span class='ocrx_word' id='word_1_60' title='bbox 1731 945 1881 1019; x_wconf 87' lang='lat' dir='ltr'><strong>Quid</strong></span> <span class='ocrx_word' id='word_1_61' title='bbox 1911 946 2097 1008; x_wconf 89' lang='lat' dir='ltr'><strong>illud:</strong></span> 
     </span>
    </p>
   </div>
   <div class='ocr_carea' id='block_1_9' title="bbox 450 1032 2098 1113">
    <p class='ocr_par' dir='ltr' id='par_1_9' title="bbox 450 1032 2098 1113">
     <span class='ocr_line' id='line_1_9' title="bbox 450 1032 2098 1113; baseline 0.002 -18"><span class='ocrx_word' id='word_1_62' title='bbox 450 1032 610 1097; x_wconf 82' lang='lat' dir='ltr'><strong>Deus</strong></span> <span class='ocrx_word' id='word_1_63' title='bbox 632 1035 958 1113; x_wconf 82' lang='lat' dir='ltr'><strong>Dominus,</strong></span> <span class='ocrx_word' id='word_1_64' title='bbox 981 1042 1040 1101; x_wconf 88' lang='lat' dir='ltr'><strong>et</strong></span> <span class='ocrx_word' id='word_1_65' title='bbox 1061 1036 1267 1100; x_wconf 78' lang='lat' dir='ltr'><strong>illuxit</strong></span> <span class='ocrx_word' id='word_1_66' title='bbox 1283 1035 1453 1099; x_wconf 90' lang='lat' dir='ltr'><strong>nobis</strong></span> <span class='ocrx_word' id='word_1_67' title='bbox 1466 1036 1550 1096; x_wconf 79' lang='lat'><strong>58.</strong></span> <span class='ocrx_word' id='word_1_68' title='bbox 1574 1035 1726 1109; x_wconf 86' lang='lat' dir='ltr'><strong>Quid</strong></span> <span class='ocrx_word' id='word_1_69' title='bbox 1750 1035 1924 1097; x_wconf 91' lang='lat' dir='ltr'><strong>illud:</strong></span> <span class='ocrx_word' id='word_1_70' title='bbox 1952 1036 2098 1098; x_wconf 74' lang='lat' dir='ltr'><strong>illu-</strong></span> 
     </span>
    </p>
   </div>
   <div class='ocr_carea' id='block_1_10' title="bbox 451 1124 2104 1206">
    <p class='ocr_par' dir='ltr' id='par_1_10' title="bbox 451 1124 2104 1206">
     <span class='ocr_line' id='line_1_10' title="bbox 451 1124 2104 1206; baseline 0 -20"><span class='ocrx_word' id='word_1_71' title='bbox 451 1140 605 1189; x_wconf 90' lang='lat' dir='ltr'><strong>cere.</strong></span> <span class='ocrx_word' id='word_1_72' title='bbox 659 1125 1035 1190; x_wconf 89' lang='lat' dir='ltr'><strong>Christianus</strong></span> <span class='ocrx_word' id='word_1_73' title='bbox 1082 1126 1241 1189; x_wconf 91' lang='lat' dir='ltr'><strong>enim</strong></span> <span class='ocrx_word' id='word_1_74' title='bbox 1286 1124 1558 1206; x_wconf 87' lang='lat' dir='ltr'><strong>quilibet,</strong></span> <span class='ocrx_word' id='word_1_75' title='bbox 1607 1125 1709 1206; x_wconf 90' lang='lat' dir='ltr'><strong>qui</strong></span> <span class='ocrx_word' id='word_1_76' title='bbox 1750 1124 1939 1187; x_wconf 90' lang='lat' dir='ltr'><strong>Deum</strong></span> <span class='ocrx_word' id='word_1_77' title='bbox 1972 1125 2104 1205; x_wconf 88' lang='lat' dir='ltr'><strong>ejus</strong></span> 
     </span>
    </p>
   </div>
   <div class='ocr_carea' id='block_1_11' title="bbox 447 1211 2103 1295">
    <p class='ocr_par' dir='ltr' id='par_1_11' title="bbox 447 1211 2103 1295">
     <span class='ocr_line' id='line_1_11' title="bbox 447 1211 2103 1295; baseline 0.001 -23"><span class='ocrx_word' id='word_1_78' title='bbox 447 1211 633 1292; x_wconf 90' lang='lat' dir='ltr'><strong>jussis</strong></span> <span class='ocrx_word' id='word_1_79' title='bbox 661 1213 1020 1290; x_wconf 81' lang='lat' dir='ltr'><strong>factitandis,</strong></span> <span class='ocrx_word' id='word_1_80' title='bbox 1076 1214 1496 1295; x_wconf 87' lang='lat' dir='ltr'><strong>mandatisque</strong></span> <span class='ocrx_word' id='word_1_81' title='bbox 1544 1212 1954 1277; x_wconf 90' lang='lat' dir='ltr'><strong>custodiendis</strong></span> <span class='ocrx_word' id='word_1_82' title='bbox 1985 1232 2103 1274; x_wconf 91' lang='lat' dir='ltr'><strong>non</strong></span> 
     </span>
    </p>
   </div>
   <div class='ocr_carea' id='block_1_12' title="bbox 452 1299 2103 1384">
    <p class='ocr_par' dir='ltr' id='par_1_12' title="bbox 452 1299 2103 1384">
     <span class='ocr_line' id='line_1_12' title="bbox 452 1299 2103 1384; baseline 0.002 -24"><span class='ocrx_word' id='word_1_83' title='bbox 452 1299 767 1380; x_wconf 85' lang='lat' dir='ltr'><strong>gloriﬁcat,</strong></span> <span class='ocrx_word' id='word_1_84' title='bbox 803 1305 953 1367; x_wconf 88' lang='lat' dir='ltr'><strong>nihil</strong></span> <span class='ocrx_word' id='word_1_85' title='bbox 1002 1303 1074 1367; x_wconf 87' lang='lat' dir='ltr'><strong>ab</strong></span> <span class='ocrx_word' id='word_1_86' title='bbox 1126 1304 1202 1366; x_wconf 91' lang='lat' dir='ltr'><strong>iis</strong></span> <span class='ocrx_word' id='word_1_87' title='bbox 1259 1304 1455 1379; x_wconf 89' lang='lat' dir='ltr'><strong>distat,</strong></span> <span class='ocrx_word' id='word_1_88' title='bbox 1508 1304 1611 1384; x_wconf 93' lang='lat' dir='ltr'><strong>qui</strong></span> <span class='ocrx_word' id='word_1_89' title='bbox 1664 1303 1727 1364; x_wconf 91' lang='lat' dir='ltr'><strong>in</strong></span> <span class='ocrx_word' id='word_1_90' title='bbox 1761 1306 1951 1366; x_wconf 91' lang='lat' dir='ltr'><strong>Deum</strong></span> <span class='ocrx_word' id='word_1_91' title='bbox 1982 1320 2103 1364; x_wconf 92' lang='lat' dir='ltr'><strong>non</strong></span> 
     </span>
    </p>
   </div>
   <div class='ocr_carea' id='block_1_13' title="bbox 454 1390 2104 1473">
    <p class='ocr_par' dir='ltr' id='par_1_13' title="bbox 454 1390 2104 1473">
     <span class='ocr_line' id='line_1_13' title="bbox 454 1390 2104 1473; baseline 0.002 -22"><span class='ocrx_word' id='word_1_92' title='bbox 454 1390 732 1469; x_wconf 89' lang='lat' dir='ltr'><strong>credunt,</strong></span> <span class='ocrx_word' id='word_1_93' title='bbox 766 1394 881 1456; x_wconf 91' lang='lat' dir='ltr'><strong>nisi</strong></span> <span class='ocrx_word' id='word_1_94' title='bbox 910 1394 1089 1457; x_wconf 91' lang='lat' dir='ltr'><strong>etiam</strong></span> <span class='ocrx_word' id='word_1_95' title='bbox 1120 1392 1353 1455; x_wconf 90' lang='lat' dir='ltr'><strong>&#39;iisdem</strong></span> <span class='ocrx_word' id='word_1_96' title='bbox 1402 1392 1666 1456; x_wconf 89' lang='lat' dir='ltr'><strong>deterior</strong></span> <span class='ocrx_word' id='word_1_97' title='bbox 1698 1400 1788 1455; x_wconf 93' lang='lat' dir='ltr'><strong>est</strong></span> <span class='ocrx_word' id='word_1_98' title='bbox 1821 1410 1834 1455; x_wconf 94' lang='lat'>:</span> <span class='ocrx_word' id='word_1_99' title='bbox 1898 1390 1973 1455; x_wconf 90' lang='lat' dir='ltr'><strong>Si</strong></span> <span class='ocrx_word' id='word_1_100' title='bbox 2000 1409 2104 1473; x_wconf 88' lang='lat' dir='ltr'><strong>ego</strong></span> 
     </span>
    </p>
   </div>
   <div class='ocr_carea' id='block_1_14' title="bbox 450 1479 2104 1565">
    <p class='ocr_par' dir='ltr' id='par_1_14' title="bbox 450 1479 2104 1565">
     <span class='ocr_line' id='line_1_14' title="bbox 450 1479 2104 1565; baseline -0.001 -22"><span class='ocrx_word' id='word_1_101' title='bbox 450 1479 640 1543; x_wconf 87' lang='lat' dir='ltr'><strong>Pater</strong></span> <span class='ocrx_word' id='word_1_102' title='bbox 657 1500 816 1561; x_wconf 89' lang='lat' dir='ltr'><strong>sum,</strong></span> <span class='ocrx_word' id='word_1_103' title='bbox 840 1483 1054 1565; x_wconf 89' lang='lat' dir='ltr'><strong>inquit,</strong></span> <span class='ocrx_word' id='word_1_104' title='bbox 1077 1482 1184 1545; x_wconf 86' lang='lat' dir='ltr'><strong>ubi</strong></span> <span class='ocrx_word' id='word_1_105' title='bbox 1200 1489 1287 1546; x_wconf 88' lang='lat' dir='ltr'><strong>est</strong></span> <span class='ocrx_word' id='word_1_106' title='bbox 1305 1482 1497 1545; x_wconf 84' lang='lat' dir='ltr'><strong>honor</strong></span> <span class='ocrx_word' id='word_1_107' title='bbox 1508 1501 1678 1546; x_wconf 88' lang='lat' dir='ltr'><strong>meus</strong></span> <span class='ocrx_word' id='word_1_108' title='bbox 1704 1482 1731 1544; x_wconf 72' lang='lat'><strong>.9</strong></span> <span class='ocrx_word' id='word_1_109' title='bbox 1746 1488 1802 1545; x_wconf 95' lang='lat' dir='ltr'><strong>et</strong></span> <span class='ocrx_word' id='word_1_110' title='bbox 1820 1491 1877 1546; x_wconf 81' lang='lat' dir='ltr'><strong>st</strong></span> <span class='ocrx_word' id='word_1_111' title='bbox 1897 1482 2104 1543; x_wconf 80' lang='lat' dir='ltr'><strong>Domi-</strong></span> 
     </span>
    </p>
   </div>
   <div class='ocr_carea' id='block_1_15' title="bbox 450 1571 2103 1648">
    <p class='ocr_par' dir='ltr' id='par_1_15' title="bbox 450 1571 2103 1648">
     <span class='ocr_line' id='line_1_15' title="bbox 450 1571 2103 1648; baseline 0.001 -17"><span class='ocrx_word' id='word_1_112' title='bbox 450 1586 569 1631; x_wconf 88' lang='lat' dir='ltr'><strong>nus</strong></span> <span class='ocrx_word' id='word_1_113' title='bbox 594 1588 750 1648; x_wconf 87' lang='lat' dir='ltr'><strong>sum,</strong></span> <span class='ocrx_word' id='word_1_114' title='bbox 784 1572 892 1636; x_wconf 88' lang='lat' dir='ltr'><strong>ubi</strong></span> <span class='ocrx_word' id='word_1_115' title='bbox 919 1579 1008 1636; x_wconf 90' lang='lat' dir='ltr'><strong>est</strong></span> <span class='ocrx_word' id='word_1_116' title='bbox 1040 1574 1224 1636; x_wconf 86' lang='lat' dir='ltr'><strong>timor</strong></span> <span class='ocrx_word' id='word_1_117' title='bbox 1248 1590 1413 1634; x_wconf 89' lang='lat' dir='ltr'><strong>meus</strong></span> <span class='ocrx_word' id='word_1_118' title='bbox 1439 1572 1503 1624; x_wconf 79' lang='lat'><strong>59</strong></span> <span class='ocrx_word' id='word_1_119' title='bbox 1529 1571 1560 1632; x_wconf 80' lang='lat' dir='ltr'><strong>‘I</strong></span> <span class='ocrx_word' id='word_1_120' title='bbox 1617 1572 1845 1636; x_wconf 81' lang='lat' dir='ltr'><strong>Placuit</strong></span> <span class='ocrx_word' id='word_1_121' title='bbox 1903 1577 2103 1633; x_wconf 90' lang='lat' dir='ltr'><strong>autem</strong></span> 
     </span>
    </p>
   </div>
   <div class='ocr_carea' id='block_1_16' title="bbox 2182 585 3824 669">
    <p class='ocr_par' dir='ltr' id='par_1_16' title="bbox 2182 585 3824 669">
     <span class='ocr_line' id='line_1_16' title="bbox 2182 585 3824 669; baseline -0.005 -17"><span class='ocrx_word' id='word_1_122' title='bbox 2182 597 2240 652; x_wconf 88' lang='lat' dir='ltr'><strong>et</strong></span> <span class='ocrx_word' id='word_1_123' title='bbox 2272 590 2518 651; x_wconf 89' lang='lat' dir='ltr'><strong>mortuis</strong></span> <span class='ocrx_word' id='word_1_124' title='bbox 2550 589 2859 651; x_wconf 85' lang='lat' dir='ltr'><strong>sanitatem</strong></span> <span class='ocrx_word' id='word_1_125' title='bbox 2890 587 3181 669; x_wconf 84' lang='lat' dir='ltr'><strong>impertit.</strong></span> <span class='ocrx_word' id='word_1_126' title='bbox 3223 585 3440 649; x_wconf 88' lang='lat' dir='ltr'><strong>Christi</strong></span> <span class='ocrx_word' id='word_1_127' title='bbox 3477 586 3698 666; x_wconf 85' lang='lat' dir='ltr'><strong>quippe</strong></span> <span class='ocrx_word' id='word_1_128' title='bbox 3726 602 3824 644; x_wconf 89' lang='lat' dir='ltr'><strong>re-</strong></span> 
     </span>
    </p>
   </div>
   <div class='ocr_carea' id='block_1_17' title="bbox 2182 675 3829 759">
    <p class='ocr_par' dir='ltr' id='par_1_17' title="bbox 2182 675 3829 759">
     <span class='ocr_line' id='line_1_17' title="bbox 2182 675 3829 759; baseline -0.005 -18"><span class='ocrx_word' id='word_1_129' title='bbox 2182 680 2471 742; x_wconf 90' lang='lat' dir='ltr'><strong>surrectio</strong></span> <span class='ocrx_word' id='word_1_130' title='bbox 2502 687 2559 741; x_wconf 91' lang='lat' dir='ltr'><strong>et</strong></span> <span class='ocrx_word' id='word_1_131' title='bbox 2587 678 2796 759; x_wconf 85' lang='lat' dir='ltr'><strong>gloria,</strong></span> <span class='ocrx_word' id='word_1_132' title='bbox 2832 686 3055 754; x_wconf 91' lang='lat' dir='ltr'><strong>nostra,</strong></span> <span class='ocrx_word' id='word_1_133' title='bbox 3102 677 3204 758; x_wconf 93' lang='lat' dir='ltr'><strong>qui</strong></span> <span class='ocrx_word' id='word_1_134' title='bbox 3234 677 3450 758; x_wconf 84' lang='lat' dir='ltr'><strong>sepulti</strong></span> <span class='ocrx_word' id='word_1_135' title='bbox 3481 675 3635 737; x_wconf 79' lang='lat' dir='ltr'><strong>intra</strong></span> <span class='ocrx_word' id='word_1_136' title='bbox 3658 676 3829 754; x_wconf 83' lang='lat' dir='ltr'><strong>jace-</strong></span> 
     </span>
    </p>
   </div>
   <div class='ocr_carea' id='block_1_18' title="bbox 2181 764 3830 848">
    <p class='ocr_par' dir='ltr' id='par_1_18' title="bbox 2181 764 3830 848">
     <span class='ocr_line' id='line_1_18' title="bbox 2181 764 3830 848; baseline -0.005 -17"><span class='ocrx_word' id='word_1_137' title='bbox 2181 788 2335 845; x_wconf 90' lang='lat' dir='ltr'><strong>mus,</strong></span> <span class='ocrx_word' id='word_1_138' title='bbox 2362 768 2721 831; x_wconf 88' lang='lat' dir='ltr'><strong>resurrectio</strong></span> <span class='ocrx_word' id='word_1_139' title='bbox 2745 777 2855 848; x_wconf 90' lang='lat' dir='ltr'><strong>est,</strong></span> <span class='ocrx_word' id='word_1_140' title='bbox 2877 786 3008 848; x_wconf 83' lang='lat' dir='ltr'><strong>quae</strong></span> <span class='ocrx_word' id='word_1_141' title='bbox 3028 785 3135 848; x_wconf 89' lang='lat' dir='ltr'><strong>per</strong></span> <span class='ocrx_word' id='word_1_142' title='bbox 3173 766 3673 828; x_wconf 86' lang='lat' dir='ltr'><strong>resurrectionem</strong></span> <span class='ocrx_word' id='word_1_143' title='bbox 3699 764 3830 843; x_wconf 90' lang='lat' dir='ltr'><strong>ejus</strong></span> 
     </span>
    </p>
   </div>
   <div class='ocr_carea' id='block_1_19' title="bbox 2182 852 3827 937">
    <p class='ocr_par' dir='ltr' id='par_1_19' title="bbox 2182 852 3827 937">
     <span class='ocr_line' id='line_1_19' title="bbox 2182 852 3827 937; baseline -0.005 -16"><span class='ocrx_word' id='word_1_144' title='bbox 2182 862 2244 922; x_wconf 92' lang='lat' dir='ltr'><strong>in</strong></span> <span class='ocrx_word' id='word_1_145' title='bbox 2274 857 2450 920; x_wconf 90' lang='lat' dir='ltr'><strong>nobis</strong></span> <span class='ocrx_word' id='word_1_146' title='bbox 2505 859 2590 931; x_wconf 94' lang='lat' dir='ltr'><strong>ﬁt,</strong></span> <span class='ocrx_word' id='word_1_147' title='bbox 2643 856 2997 931; x_wconf 90' lang='lat' dir='ltr'><strong>ostenditur,</strong></span> <span class='ocrx_word' id='word_1_148' title='bbox 3062 864 3120 917; x_wconf 92' lang='lat' dir='ltr'><strong>et</strong></span> <span class='ocrx_word' id='word_1_149' title='bbox 3175 864 3439 937; x_wconf 90' lang='lat' dir='ltr'><strong>apparet,</strong></span> <span class='ocrx_word' id='word_1_150' title='bbox 3502 863 3566 915; x_wconf 91' lang='lat' dir='ltr'><strong>ut</strong></span> <span class='ocrx_word' id='word_1_151' title='bbox 3621 860 3711 915; x_wconf 88' lang='lat' dir='ltr'><strong>est</strong></span> <span class='ocrx_word' id='word_1_152' title='bbox 3766 852 3827 913; x_wconf 91' lang='lat' dir='ltr'><strong>in</strong></span> 
     </span>
    </p>
   </div>
   <div class='ocr_carea' id='block_1_20' title="bbox 2186 941 3829 1027">
    <p class='ocr_par' dir='ltr' id='par_1_20' title="bbox 2186 941 3829 1027">
     <span class='ocr_line' id='line_1_20' title="bbox 2186 941 3829 1027; baseline -0.006 -15"><span class='ocrx_word' id='word_1_153' title='bbox 2186 947 2559 1019; x_wconf 80' lang='lat' dir='ltr'><strong>sanctissimo</strong></span> <span class='ocrx_word' id='word_1_154' title='bbox 2577 946 2988 1026; x_wconf 87' lang='lat' dir='ltr'><strong>responsorio,</strong></span> <span class='ocrx_word' id='word_1_155' title='bbox 3011 944 3167 1027; x_wconf 89' lang='lat' dir='ltr'><strong>quod</strong></span> <span class='ocrx_word' id='word_1_156' title='bbox 3200 964 3303 1006; x_wconf 91' lang='lat' dir='ltr'><strong>ore</strong></span> <span class='ocrx_word' id='word_1_157' title='bbox 3334 953 3536 1008; x_wconf 90' lang='lat' dir='ltr'><strong>nostro</strong></span> <span class='ocrx_word' id='word_1_158' title='bbox 3565 941 3829 1024; x_wconf 82' lang='lat' dir='ltr'><strong>quotidie</strong></span> 
     </span>
    </p>
   </div>
   <div class='ocr_carea' id='block_1_21' title="bbox 2186 1031 3823 1118">
    <p class='ocr_par' dir='ltr' id='par_1_21' title="bbox 2186 1031 3823 1118">
     <span class='ocr_line' id='line_1_21' title="bbox 2186 1031 3823 1118; baseline -0.004 -20"><span class='ocrx_word' id='word_1_159' title='bbox 2186 1037 2623 1118; x_wconf 90' lang='lat' dir='ltr'><strong>depromimus;</strong></span> <span class='ocrx_word' id='word_1_160' title='bbox 2679 1036 2906 1098; x_wconf 81' lang='lat' dir='ltr'><strong>Christi</strong></span> <span class='ocrx_word' id='word_1_161' title='bbox 2953 1036 3450 1097; x_wconf 74' lang='lat' dir='ltr'><strong>resurrectionem</strong></span> <span class='ocrx_word' id='word_1_162' title='bbox 3505 1031 3823 1112; x_wconf 82' lang='lat' dir='ltr'><strong>speculati,</strong></span> 
     </span>
    </p>
   </div>
   <div class='ocr_carea' id='block_1_22' title="bbox 2186 1122 3832 1198">
    <p class='ocr_par' dir='ltr' id='par_1_22' title="bbox 2186 1122 3832 1198">
     <span class='ocr_line' id='line_1_22' title="bbox 2186 1122 3832 1198; baseline -0.009 -5"><span class='ocrx_word' id='word_1_163' title='bbox 2186 1128 2506 1193; x_wconf 86' lang='lat' dir='ltr'><strong>adoremus</strong></span> <span class='ocrx_word' id='word_1_164' title='bbox 2533 1134 2809 1188; x_wconf 88' lang='lat' dir='ltr'><strong>sanctum</strong></span> <span class='ocrx_word' id='word_1_165' title='bbox 2840 1124 3169 1187; x_wconf 88' lang='lat' dir='ltr'><strong>Dominum</strong></span> <span class='ocrx_word' id='word_1_166' title='bbox 3197 1127 3399 1186; x_wconf 89' lang='lat' dir='ltr'><strong>Jesum</strong></span> <span class='ocrx_word' id='word_1_167' title='bbox 3417 1122 3717 1187; x_wconf 86' lang='lat' dir='ltr'><strong>Christum</strong></span> <span class='ocrx_word' id='word_1_168' title='bbox 3729 1124 3832 1198; x_wconf 88' lang='lat' dir='ltr'><strong>qui</strong></span> 
     </span>
    </p>
   </div>
   <div class='ocr_carea' id='block_1_23' title="bbox 2186 1212 3827 1296">
    <p class='ocr_par' dir='ltr' id='par_1_23' title="bbox 2186 1212 3827 1296">
     <span class='ocr_line' id='line_1_23' title="bbox 2186 1212 3827 1296; baseline -0.006 -17"><span class='ocrx_word' id='word_1_169' title='bbox 2186 1216 2379 1279; x_wconf 86' lang='lat' dir='ltr'><strong>solum</strong></span> <span class='ocrx_word' id='word_1_170' title='bbox 2399 1216 2568 1278; x_wconf 85' lang='lat' dir='ltr'><strong>omni</strong></span> <span class='ocrx_word' id='word_1_171' title='bbox 2585 1222 2820 1296; x_wconf 85' lang='lat' dir='ltr'><strong>peccato</strong></span> <span class='ocrx_word' id='word_1_172' title='bbox 2844 1220 3038 1277; x_wconf 86' lang='lat' dir='ltr'><strong>vacat.</strong></span> <span class='ocrx_word' id='word_1_173' title='bbox 3064 1212 3169 1275; x_wconf 89' lang='lat' dir='ltr'><strong>Ille</strong></span> <span class='ocrx_word' id='word_1_174' title='bbox 3200 1213 3359 1275; x_wconf 90' lang='lat' dir='ltr'><strong>enim</strong></span> <span class='ocrx_word' id='word_1_175' title='bbox 3378 1232 3511 1275; x_wconf 90' lang='lat' dir='ltr'><strong>cum</strong></span> <span class='ocrx_word' id='word_1_176' title='bbox 3527 1228 3827 1291; x_wconf 85' lang='lat' dir='ltr'><strong>nunquam</strong></span> 
     </span>
    </p>
   </div>
   <div class='ocr_carea' id='block_1_24' title="bbox 2185 1301 3833 1387">
    <p class='ocr_par' dir='ltr' id='par_1_24' title="bbox 2185 1301 3833 1387">
     <span class='ocr_line' id='line_1_24' title="bbox 2185 1301 3833 1387; baseline -0.005 -21"><span class='ocrx_word' id='word_1_177' title='bbox 2185 1312 2492 1387; x_wconf 89' lang='lat' dir='ltr'><strong>peccatum</strong></span> <span class='ocrx_word' id='word_1_178' title='bbox 2524 1304 2708 1365; x_wconf 92' lang='lat' dir='ltr'><strong>ullum</strong></span> <span class='ocrx_word' id='word_1_179' title='bbox 2741 1301 3069 1376; x_wconf 78' lang='lat' dir='ltr'><strong>admiserit,</strong></span> <span class='ocrx_word' id='word_1_180' title='bbox 3123 1310 3187 1363; x_wconf 93' lang='lat' dir='ltr'><strong>ut</strong></span> <span class='ocrx_word' id='word_1_181' title='bbox 3240 1301 3522 1384; x_wconf 91' lang='lat' dir='ltr'><strong>scriptum</strong></span> <span class='ocrx_word' id='word_1_182' title='bbox 3575 1307 3684 1374; x_wconf 91' lang='lat' dir='ltr'><strong>est,</strong></span> <span class='ocrx_word' id='word_1_183' title='bbox 3720 1315 3833 1359; x_wconf 89' lang='lat' dir='ltr'><strong>nec</strong></span> 
     </span>
    </p>
   </div>
   <div class='ocr_carea' id='block_1_25' title="bbox 2184 1387 3829 1473">
    <p class='ocr_par' dir='ltr' id='par_1_25' title="bbox 2184 1387 3829 1473">
     <span class='ocr_line' id='line_1_25' title="bbox 2184 1387 3829 1473; baseline -0.006 -16"><span class='ocrx_word' id='word_1_184' title='bbox 2184 1395 2364 1458; x_wconf 91' lang='lat' dir='ltr'><strong>ullam</strong></span> <span class='ocrx_word' id='word_1_185' title='bbox 2422 1393 2625 1473; x_wconf 61' lang='lat' dir='ltr'><strong>gloria;</strong></span> <span class='ocrx_word' id='word_1_186' title='bbox 2679 1411 2800 1454; x_wconf 68' lang='lat' dir='ltr'><strong>suae</strong></span> <span class='ocrx_word' id='word_1_187' title='bbox 2881 1391 3353 1453; x_wconf 88' lang='lat' dir='ltr'><strong>immutationem</strong></span> <span class='ocrx_word' id='word_1_188' title='bbox 3408 1387 3829 1471; x_wconf 92' lang='lat' dir='ltr'><strong>quoquomodo</strong></span> 
     </span>
    </p>
   </div>
   <div class='ocr_carea' id='block_1_26' title="bbox 2185 1477 3828 1565">
    <p class='ocr_par' dir='ltr' id='par_1_26' title="bbox 2185 1477 3828 1565">
     <span class='ocr_line' id='line_1_26' title="bbox 2185 1477 3828 1565; baseline -0.005 -19"><span class='ocrx_word' id='word_1_189' title='bbox 2185 1502 2420 1565; x_wconf 92' lang='lat' dir='ltr'><strong>passus,</strong></span> <span class='ocrx_word' id='word_1_190' title='bbox 2454 1482 2555 1564; x_wconf 92' lang='lat' dir='ltr'><strong>qui</strong></span> <span class='ocrx_word' id='word_1_191' title='bbox 2583 1488 2857 1561; x_wconf 83' lang='lat' dir='ltr'><strong>resurget</strong></span> <span class='ocrx_word' id='word_1_192' title='bbox 2902 1480 3241 1562; x_wconf 81' lang='lat' dir='ltr'><strong>aliquando,</strong></span> <span class='ocrx_word' id='word_1_193' title='bbox 3296 1488 3355 1541; x_wconf 88' lang='lat' dir='ltr'><strong>et</strong></span> <span class='ocrx_word' id='word_1_194' title='bbox 3381 1477 3828 1560; x_wconf 88' lang='lat' dir='ltr'><strong>gloriﬁcabitur,</strong></span> 
     </span>
    </p>
   </div>
   <div class='ocr_carea' id='block_1_27' title="bbox 2186 1568 3821 1655">
    <p class='ocr_par' dir='ltr' id='par_1_27' title="bbox 2186 1568 3821 1655">
     <span class='ocr_line' id='line_1_27' title="bbox 2186 1568 3821 1655; baseline -0.006 -20"><span class='ocrx_word' id='word_1_195' title='bbox 2186 1573 2287 1655; x_wconf 92' lang='lat' dir='ltr'><strong>qui</strong></span> <span class='ocrx_word' id='word_1_196' title='bbox 2315 1590 2493 1654; x_wconf 90' lang='lat' dir='ltr'><strong>supra</strong></span> <span class='ocrx_word' id='word_1_197' title='bbox 2522 1572 2786 1643; x_wconf 91' lang='lat' dir='ltr'><strong>modum,</strong></span> <span class='ocrx_word' id='word_1_198' title='bbox 2823 1578 2881 1632; x_wconf 90' lang='lat' dir='ltr'><strong>et</strong></span> <span class='ocrx_word' id='word_1_199' title='bbox 2910 1588 3090 1651; x_wconf 85' lang='lat' dir='ltr'><strong>supra</strong></span> <span class='ocrx_word' id='word_1_200' title='bbox 3135 1589 3370 1631; x_wconf 91' lang='lat' dir='ltr'><strong>omnem</strong></span> <span class='ocrx_word' id='word_1_201' title='bbox 3402 1568 3821 1650; x_wconf 90' lang='lat' dir='ltr'><strong>principatum,</strong></span> 
     </span>
    </p>
   </div>
   <div class='ocr_carea' id='block_1_28' title="bbox 451 1655 3823 1744">
    <p class='ocr_par' dir='ltr' id='par_1_28' title="bbox 451 1655 3823 1744">
     <span class='ocr_line' id='line_1_28' title="bbox 451 1655 3823 1744; baseline -0.001 -23"><span class='ocrx_word' id='word_1_202' title='bbox 451 1656 579 1721; x_wconf 90' lang='lat' dir='ltr'><strong>Deo</strong></span> <span class='ocrx_word' id='word_1_203' title='bbox 603 1665 661 1720; x_wconf 90' lang='lat' dir='ltr'><strong>et</strong></span> <span class='ocrx_word' id='word_1_204' title='bbox 676 1661 837 1723; x_wconf 87' lang='lat' dir='ltr'><strong>Patri</strong></span> <span class='ocrx_word' id='word_1_205' title='bbox 856 1662 1177 1724; x_wconf 86' lang='lat' dir='ltr'><strong>humanam</strong></span> <span class='ocrx_word' id='word_1_206' title='bbox 1215 1667 1508 1736; x_wconf 90' lang='lat' dir='ltr'><strong>naturam,</strong></span> <span class='ocrx_word' id='word_1_207' title='bbox 1534 1680 1665 1743; x_wconf 84' lang='lat' dir='ltr'><strong>quae</strong></span> <span class='ocrx_word' id='word_1_208' title='bbox 1693 1680 1727 1724; x_wconf 89' lang='lat' dir='ltr'><strong>a</strong></span> <span class='ocrx_word' id='word_1_209' title='bbox 1756 1660 1869 1724; x_wconf 89' lang='lat' dir='ltr'><strong>vita</strong></span> <span class='ocrx_word' id='word_1_210' title='bbox 1901 1660 2101 1721; x_wconf 88' lang='lat' dir='ltr'><strong>divina</strong></span> <span class='ocrx_word' id='word_1_211' title='bbox 2122 1710 2162 1744; x_wconf 64' lang='grc' dir='ltr'><strong>η</strong></span> <span class='ocrx_word' id='word_1_212' title='bbox 2188 1672 2245 1724; x_wconf 92' lang='lat' dir='ltr'><strong>et</strong></span> <span class='ocrx_word' id='word_1_213' title='bbox 2266 1668 2613 1744; x_wconf 87' lang='lat' dir='ltr'><strong>potestatem</strong></span> <span class='ocrx_word' id='word_1_214' title='bbox 2644 1659 3005 1739; x_wconf 87' lang='lat' dir='ltr'><strong>gloriﬁcatus</strong></span> <span class='ocrx_word' id='word_1_215' title='bbox 3037 1666 3147 1740; x_wconf 91' lang='lat' dir='ltr'><strong>est,</strong></span> <span class='ocrx_word' id='word_1_216' title='bbox 3183 1666 3242 1720; x_wconf 93' lang='lat' dir='ltr'><strong>et</strong></span> <span class='ocrx_word' id='word_1_217' title='bbox 3270 1656 3518 1720; x_wconf 84' lang='lat' dir='ltr'><strong>manet?</strong></span> <span class='ocrx_word' id='word_1_218' title='bbox 3568 1655 3687 1719; x_wconf 88' lang='lat' dir='ltr'><strong>Sed</strong></span> <span class='ocrx_word' id='word_1_219' title='bbox 3721 1673 3823 1716; x_wconf 89' lang='lat' dir='ltr'><strong>re-</strong></span> 
     </span>
    </p>
   </div>
   <div class='ocr_carea' id='block_1_29' title="bbox 358 1745 3834 1832">
    <p class='ocr_par' dir='ltr' id='par_1_29' title="bbox 358 1745 3834 1832">
     <span class='ocr_line' id='line_1_29' title="bbox 358 1745 3834 1832; baseline -0.001 -25"><span class='ocrx_word' id='word_1_220' title='bbox 358 1802 363 1808; x_wconf 84' lang='lat'><strong>.</strong></span> <span class='ocrx_word' id='word_1_221' title='bbox 452 1764 561 1829; x_wconf 90' lang='lat' dir='ltr'><strong>per</strong></span> <span class='ocrx_word' id='word_1_222' title='bbox 588 1758 894 1830; x_wconf 89' lang='lat' dir='ltr'><strong>peccatum</strong></span> <span class='ocrx_word' id='word_1_223' title='bbox 926 1750 1275 1831; x_wconf 87' lang='lat' dir='ltr'><strong>desciverat,</strong></span> <span class='ocrx_word' id='word_1_224' title='bbox 1335 1768 1656 1832; x_wconf 90' lang='lat' dir='ltr'><strong>secumque</strong></span> <span class='ocrx_word' id='word_1_225' title='bbox 1687 1745 2496 1823; x_wconf 77' lang='lat' dir='ltr'><strong>ininimicitias”surrectio,</strong></span> <span class='ocrx_word' id='word_1_226' title='bbox 2533 1758 2591 1811; x_wconf 93' lang='lat' dir='ltr'><strong>et</strong></span> <span class='ocrx_word' id='word_1_227' title='bbox 2619 1749 2807 1828; x_wconf 90' lang='lat' dir='ltr'><strong>gloria</strong></span> <span class='ocrx_word' id='word_1_228' title='bbox 2852 1747 3092 1823; x_wconf 87' lang='lat' dir='ltr'><strong>Christi,</strong></span> <span class='ocrx_word' id='word_1_229' title='bbox 3154 1756 3355 1810; x_wconf 90' lang='lat' dir='ltr'><strong>nostra</strong></span> <span class='ocrx_word' id='word_1_230' title='bbox 3406 1754 3495 1808; x_wconf 90' lang='lat' dir='ltr'><strong>est</strong></span> <span class='ocrx_word' id='word_1_231' title='bbox 3524 1745 3731 1825; x_wconf 86' lang='lat' dir='ltr'><strong>gloria,</strong></span> <span class='ocrx_word' id='word_1_232' title='bbox 3770 1751 3834 1805; x_wconf 90' lang='lat' dir='ltr'><strong>ut</strong></span> 
     </span>
    </p>
   </div>
   <div class='ocr_carea' id='block_1_30' title="bbox 454 1834 3833 1938">
    <p class='ocr_par' dir='ltr' id='par_1_30' title="bbox 454 1834 3833 1938">
     <span class='ocr_line' id='line_1_30' title="bbox 454 1834 3833 1938; baseline -0.001 -41"><span class='ocrx_word' id='word_1_233' title='bbox 454 1847 824 1938; x_wconf 74' lang='lat' dir='ltr'><strong>susceperat,</strong></span> <span class='ocrx_word' id='word_1_234' title='bbox 857 1858 966 1921; x_wconf 90' lang='lat' dir='ltr'><strong>per</strong></span> <span class='ocrx_word' id='word_1_235' title='bbox 993 1838 1462 1938; x_wconf 76' lang='lat' dir='ltr'><strong>incarnationem</strong></span> <span class='ocrx_word' id='word_1_236' title='bbox 1517 1838 1656 1938; x_wconf 76' lang='lat' dir='ltr'><strong>Filii</strong></span> <span class='ocrx_word' id='word_1_237' title='bbox 1685 1839 1800 1902; x_wconf 91' lang='lat' dir='ltr'><strong>sibi</strong></span> <span class='ocrx_word' id='word_1_238' title='bbox 1828 1839 2099 1901; x_wconf 89' lang='lat' dir='ltr'><strong>reconsi-</strong></span> <span class='ocrx_word' id='word_1_239' title='bbox 2185 1841 2466 1917; x_wconf 90' lang='lat' dir='ltr'><strong>diximus,</strong></span> <span class='ocrx_word' id='word_1_240' title='bbox 2498 1859 2629 1921; x_wconf 67' lang='lat' dir='ltr'><strong>quae</strong></span> <span class='ocrx_word' id='word_1_241' title='bbox 2659 1858 2765 1921; x_wconf 84' lang='lat' dir='ltr'><strong>per</strong></span> <span class='ocrx_word' id='word_1_242' title='bbox 2812 1837 3317 1900; x_wconf 75' lang='lat' dir='ltr'><strong>resurrectionem</strong></span> <span class='ocrx_word' id='word_1_243' title='bbox 3351 1837 3582 1898; x_wconf 91' lang='lat' dir='ltr'><strong>scilicet</strong></span> <span class='ocrx_word' id='word_1_244' title='bbox 3611 1837 3741 1914; x_wconf 79' lang='lat' dir='ltr'><strong>ejus</strong></span> <span class='ocrx_word' id='word_1_245' title='bbox 3771 1834 3833 1894; x_wconf 92' lang='lat' dir='ltr'><strong>in</strong></span> 
     </span>
    </p>
   </div>
   <div class='ocr_carea' id='block_1_31' title="bbox 450 1924 3829 2026">
    <p class='ocr_par' dir='ltr' id='par_1_31' title="bbox 450 1924 3829 2026">
     <span class='ocr_line' id='line_1_31' title="bbox 450 1924 3829 2026; baseline 0 -41"><span class='ocrx_word' id='word_1_246' title='bbox 450 1924 621 2026; x_wconf 71' lang='lat' dir='ltr'><strong>liare,</strong></span> <span class='ocrx_word' id='word_1_247' title='bbox 658 1946 909 2026; x_wconf 77' lang='lat' dir='ltr'><strong>eamque</strong></span> <span class='ocrx_word' id='word_1_248' title='bbox 935 1947 1073 2026; x_wconf 76' lang='lat' dir='ltr'><strong>cum</strong></span> <span class='ocrx_word' id='word_1_249' title='bbox 1123 1928 1353 2026; x_wconf 38' lang='lat' dir='ltr'><strong>div-inm</strong></span> <span class='ocrx_word' id='word_1_250' title='bbox 1377 1928 1517 2026; x_wconf 41' lang='lat' dir='ltr'><strong>vita.</strong></span> <span class='ocrx_word' id='word_1_251' title='bbox 1547 1928 1753 2026; x_wconf 81' lang='lat' dir='ltr'><strong>denuo</strong></span> <span class='ocrx_word' id='word_1_252' title='bbox 1795 1928 2099 2026; x_wconf 73' lang='lat' dir='ltr'><strong>copulare,</strong></span> <span class='ocrx_word' id='word_1_253' title='bbox 2184 1930 2361 1993; x_wconf 92' lang='lat' dir='ltr'><strong>nobis</strong></span> <span class='ocrx_word' id='word_1_254' title='bbox 2392 1932 2477 2012; x_wconf 89' lang='lat' dir='ltr'><strong>ﬁt,</strong></span> <span class='ocrx_word' id='word_1_255' title='bbox 2511 1938 2568 1991; x_wconf 90' lang='lat' dir='ltr'><strong>et</strong></span> <span class='ocrx_word' id='word_1_256' title='bbox 2602 1929 2663 1990; x_wconf 90' lang='lat' dir='ltr'><strong>in</strong></span> <span class='ocrx_word' id='word_1_257' title='bbox 2695 1928 2867 1990; x_wconf 92' lang='lat' dir='ltr'><strong>nobis</strong></span> <span class='ocrx_word' id='word_1_258' title='bbox 2923 1928 3312 2008; x_wconf 90' lang='lat' dir='ltr'><strong>conspicitur.</strong></span> <span class='ocrx_word' id='word_1_259' title='bbox 3346 1926 3495 1999; x_wconf 89' lang='lat' dir='ltr'><strong>Quia</strong></span> <span class='ocrx_word' id='word_1_260' title='bbox 3525 1927 3684 1987; x_wconf 91' lang='lat' dir='ltr'><strong>enim</strong></span> <span class='ocrx_word' id='word_1_261' title='bbox 3719 1944 3829 1986; x_wconf 88' lang='lat' dir='ltr'><strong>no-</strong></span> 
     </span>
    </p>
   </div>
   <div class='ocr_carea' id='block_1_32' title="bbox 452 2013 3834 2099">
    <p class='ocr_par' dir='ltr' id='par_1_32' title="bbox 452 2013 3834 2099">
     <span class='ocr_line' id='line_1_32' title="bbox 452 2013 3834 2099; baseline -0.001 -24"><span class='ocrx_word' id='word_1_262' title='bbox 452 2021 520 2076; x_wconf 92' lang='lat' dir='ltr'><strong>ut</strong></span> <span class='ocrx_word' id='word_1_263' title='bbox 548 2013 691 2078; x_wconf 90' lang='lat' dir='ltr'><strong>item</strong></span> <span class='ocrx_word' id='word_1_264' title='bbox 708 2016 1027 2098; x_wconf 87' lang='lat' dir='ltr'><strong>Apostolus</strong></span> <span class='ocrx_word' id='word_1_265' title='bbox 1049 2016 1641 2099; x_wconf 78' lang='lat' dir='ltr'><strong>scribitzlustiﬁcati</strong></span> <span class='ocrx_word' id='word_1_266' title='bbox 1653 2036 1764 2099; x_wconf 87' lang='lat' dir='ltr'><strong>per</strong></span> <span class='ocrx_word' id='word_1_267' title='bbox 1778 2018 1958 2098; x_wconf 82' lang='lat' dir='ltr'><strong>[idem</strong></span> <span class='ocrx_word' id='word_1_268' title='bbox 1978 2018 2103 2078; x_wconf 90' lang='lat' dir='ltr'><strong>Do-</strong></span> <span class='ocrx_word' id='word_1_269' title='bbox 2187 2028 2309 2083; x_wconf 88' lang='lat' dir='ltr'><strong>stra</strong></span> <span class='ocrx_word' id='word_1_270' title='bbox 2357 2018 2541 2082; x_wconf 91' lang='lat' dir='ltr'><strong>semel</strong></span> <span class='ocrx_word' id='word_1_271' title='bbox 2583 2016 2923 2098; x_wconf 89' lang='lat' dir='ltr'><strong>assumpsit,</strong></span> <span class='ocrx_word' id='word_1_272' title='bbox 2959 2036 3089 2097; x_wconf 84' lang='lat' dir='ltr'><strong>quae</strong></span> <span class='ocrx_word' id='word_1_273' title='bbox 3118 2017 3180 2077; x_wconf 89' lang='lat' dir='ltr'><strong>in</strong></span> <span class='ocrx_word' id='word_1_274' title='bbox 3210 2015 3382 2077; x_wconf 90' lang='lat' dir='ltr'><strong>nobis</strong></span> <span class='ocrx_word' id='word_1_275' title='bbox 3414 2015 3542 2093; x_wconf 89' lang='lat' dir='ltr'><strong>ipse</strong></span> <span class='ocrx_word' id='word_1_276' title='bbox 3572 2013 3732 2088; x_wconf 82' lang='lat' dir='ltr'><strong>facit,</strong></span> <span class='ocrx_word' id='word_1_277' title='bbox 3766 2031 3834 2074; x_wconf 89' lang='lat' dir='ltr'><strong>ea</strong></span> 
     </span>
    </p>
   </div>
   <div class='ocr_carea' id='block_1_33' title="bbox 451 2102 3836 2189">
    <p class='ocr_par' dir='ltr' id='par_1_33' title="bbox 451 2102 3836 2189">
     <span class='ocr_line' id='line_1_33' title="bbox 451 2102 3836 2189; baseline -0 -23"><span class='ocrx_word' id='word_1_278' title='bbox 451 2104 606 2167; x_wconf 86' lang='lat' dir='ltr'><strong>mini</strong></span> <span class='ocrx_word' id='word_1_279' title='bbox 622 2108 853 2171; x_wconf 86' lang='lat' dir='ltr'><strong>nostris</strong></span> <span class='ocrx_word' id='word_1_280' title='bbox 874 2110 1021 2172; x_wconf 91' lang='lat' dir='ltr'><strong>Jesu</strong></span> <span class='ocrx_word' id='word_1_281' title='bbox 1042 2107 1485 2189; x_wconf 83' lang='lat' dir='ltr'><strong>Christipacem</strong></span> <span class='ocrx_word' id='word_1_282' title='bbox 1507 2106 1800 2170; x_wconf 81' lang='lat' dir='ltr'><strong>habemus</strong></span> <span class='ocrx_word' id='word_1_283' title='bbox 1818 2107 2105 2170; x_wconf 86' lang='lat' dir='ltr'><strong>adDeum</strong></span> <span class='ocrx_word' id='word_1_284' title='bbox 2186 2110 2303 2174; x_wconf 91' lang='lat' dir='ltr'><strong>sibi</strong></span> <span class='ocrx_word' id='word_1_285' title='bbox 2332 2108 2596 2171; x_wconf 89' lang='lat' dir='ltr'><strong>ascribit.</strong></span> <span class='ocrx_word' id='word_1_286' title='bbox 2629 2107 2700 2169; x_wconf 89' lang='lat' dir='ltr'><strong>Et</strong></span> <span class='ocrx_word' id='word_1_287' title='bbox 2729 2106 3229 2188; x_wconf 89' lang='lat' dir='ltr'><strong>quemadmodum</strong></span> <span class='ocrx_word' id='word_1_288' title='bbox 3289 2105 3419 2186; x_wconf 86' lang='lat' dir='ltr'><strong>ipse</strong></span> <span class='ocrx_word' id='word_1_289' title='bbox 3449 2102 3740 2175; x_wconf 83' lang='lat' dir='ltr'><strong>Christus,</strong></span> <span class='ocrx_word' id='word_1_290' title='bbox 3776 2111 3836 2165; x_wconf 91' lang='lat' dir='ltr'><strong>et</strong></span> 
     </span>
    </p>
   </div>
   <div class='ocr_carea' id='block_1_34' title="bbox 442 2191 3830 2277">
    <p class='ocr_par' dir='ltr' id='par_1_34' title="bbox 442 2191 3830 2277">
     <span class='ocr_line' id='line_1_34' title="bbox 442 2191 3830 2277; baseline -0.001 -21"><span class='ocrx_word' id='word_1_291' title='bbox 442 2209 550 2275; x_wconf 85' lang='lat' dir='ltr'><strong>per</strong></span> <span class='ocrx_word' id='word_1_292' title='bbox 567 2198 1091 2260; x_wconf 84' lang='lat' dir='ltr'><strong>conversationem</strong></span> <span class='ocrx_word' id='word_1_293' title='bbox 1111 2198 1181 2259; x_wconf 88' lang='lat' dir='ltr'><strong>in</strong></span> <span class='ocrx_word' id='word_1_294' title='bbox 1201 2195 1533 2260; x_wconf 71' lang='lat' dir='ltr'><strong>ChristoBO.</strong></span> <span class='ocrx_word' id='word_1_295' title='bbox 1552 2196 1956 2277; x_wconf 86' lang='lat' dir='ltr'><strong>Ipseenimest</strong></span> <span class='ocrx_word' id='word_1_296' title='bbox 1975 2213 2105 2276; x_wconf 70' lang='lat' dir='ltr'><strong>pars</strong></span> <span class='ocrx_word' id='word_1_297' title='bbox 2184 2199 2343 2263; x_wconf 87' lang='lat' dir='ltr'><strong>Deus</strong></span> <span class='ocrx_word' id='word_1_298' title='bbox 2391 2208 2595 2260; x_wconf 89' lang='lat' dir='ltr'><strong>noster</strong></span> <span class='ocrx_word' id='word_1_299' title='bbox 2636 2196 2695 2258; x_wconf 91' lang='lat' dir='ltr'><strong>in</strong></span> <span class='ocrx_word' id='word_1_300' title='bbox 2730 2215 2909 2258; x_wconf 90' lang='lat' dir='ltr'><strong>cruce</strong></span> <span class='ocrx_word' id='word_1_301' title='bbox 2967 2213 3313 2276; x_wconf 87' lang='lat' dir='ltr'><strong>suspensus,</strong></span> <span class='ocrx_word' id='word_1_302' title='bbox 3374 2212 3511 2256; x_wconf 93' lang='lat' dir='ltr'><strong>cum</strong></span> <span class='ocrx_word' id='word_1_303' title='bbox 3537 2193 3599 2253; x_wconf 90' lang='lat' dir='ltr'><strong>in</strong></span> <span class='ocrx_word' id='word_1_304' title='bbox 3632 2191 3830 2272; x_wconf 83' lang='lat' dir='ltr'><strong>seipso</strong></span> 
     </span>
    </p>
   </div>
   <div class='ocr_carea' id='block_1_35' title="bbox 449 2284 3827 2371">
    <p class='ocr_par' dir='ltr' id='par_1_35' title="bbox 449 2284 3827 2371">
     <span class='ocr_line' id='line_1_35' title="bbox 449 2284 3827 2371; baseline -0.002 -24"><span class='ocrx_word' id='word_1_305' title='bbox 449 2286 1227 2368; x_wconf 80' lang='lat' dir='ltr'><strong>nostra,quifecitutraque</strong></span> <span class='ocrx_word' id='word_1_306' title='bbox 1240 2287 1793 2363; x_wconf 85' lang='lat' dir='ltr'><strong>unum,etmedium</strong></span> <span class='ocrx_word' id='word_1_307' title='bbox 1807 2287 2105 2367; x_wconf 86' lang='lat' dir='ltr'><strong>parietem</strong></span> <span class='ocrx_word' id='word_1_308' title='bbox 2186 2295 2431 2371; x_wconf 89' lang='lat' dir='ltr'><strong>peccata</strong></span> <span class='ocrx_word' id='word_1_309' title='bbox 2460 2286 2665 2348; x_wconf 90' lang='lat' dir='ltr'><strong>mundi</strong></span> <span class='ocrx_word' id='word_1_310' title='bbox 2696 2284 2860 2348; x_wconf 87' lang='lat' dir='ltr'><strong>cruci</strong></span> <span class='ocrx_word' id='word_1_311' title='bbox 2884 2285 3183 2361; x_wconf 80' lang='lat' dir='ltr'><strong>aﬂixisset,</strong></span> <span class='ocrx_word' id='word_1_312' title='bbox 3220 2291 3590 2364; x_wconf 89' lang='lat' dir='ltr'><strong>mortemque</strong></span> <span class='ocrx_word' id='word_1_313' title='bbox 3622 2290 3827 2371; x_wconf 88' lang='lat' dir='ltr'><strong>gusta-</strong></span> 
     </span>
    </p>
   </div>
   <div class='ocr_carea' id='block_1_36' title="bbox 454 2370 3835 2455">
    <p class='ocr_par' dir='ltr' id='par_1_36' title="bbox 454 2370 3835 2455">
     <span class='ocr_line' id='line_1_36' title="bbox 454 2370 3835 2455; baseline -0.001 -21"><span class='ocrx_word' id='word_1_314' title='bbox 454 2375 946 2451; x_wconf 81' lang='lat' dir='ltr'><strong>macericesolvit,</strong></span> <span class='ocrx_word' id='word_1_315' title='bbox 970 2377 1333 2439; x_wconf 83' lang='lat' dir='ltr'><strong>inimicitias</strong></span> <span class='ocrx_word' id='word_1_316' title='bbox 1348 2377 1416 2439; x_wconf 88' lang='lat' dir='ltr'><strong>in</strong></span> <span class='ocrx_word' id='word_1_317' title='bbox 1435 2376 1829 2451; x_wconf 61' lang='lat' dir='ltr'><strong>carnesuaﬁi,</strong></span> <span class='ocrx_word' id='word_1_318' title='bbox 1861 2384 1915 2439; x_wconf 89' lang='lat' dir='ltr'><strong>et</strong></span> <span class='ocrx_word' id='word_1_319' title='bbox 1938 2375 2104 2455; x_wconf 83' lang='lat' dir='ltr'><strong>paci-</strong></span> <span class='ocrx_word' id='word_1_320' title='bbox 2188 2370 2391 2454; x_wconf 81' lang='lat' dir='ltr'><strong>visset,</strong></span> <span class='ocrx_word' id='word_1_321' title='bbox 2424 2388 2483 2439; x_wconf 90' lang='lat' dir='ltr'><strong>et</strong></span> <span class='ocrx_word' id='word_1_322' title='bbox 2507 2377 2570 2438; x_wconf 93' lang='lat' dir='ltr'><strong>in</strong></span> <span class='ocrx_word' id='word_1_323' title='bbox 2617 2376 2823 2438; x_wconf 86' lang='lat' dir='ltr'><strong>inﬁma</strong></span> <span class='ocrx_word' id='word_1_324' title='bbox 2879 2374 3101 2436; x_wconf 84' lang='lat' dir='ltr'><strong>inferni</strong></span> <span class='ocrx_word' id='word_1_325' title='bbox 3154 2373 3585 2449; x_wconf 73' lang='lat' dir='ltr'><strong>descendisset,</strong></span> <span class='ocrx_word' id='word_1_326' title='bbox 3618 2370 3835 2432; x_wconf 91' lang='lat' dir='ltr'><strong>deinde</strong></span> 
     </span>
    </p>
   </div>
   <div class='ocr_carea' id='block_1_37' title="bbox 453 2461 3833 2548">
    <p class='ocr_par' dir='ltr' id='par_1_37' title="bbox 453 2461 3833 2548">
     <span class='ocr_line' id='line_1_37' title="bbox 453 2461 3833 2548; baseline -0.001 -23"><span class='ocrx_word' id='word_1_327' title='bbox 453 2461 660 2542; x_wconf 80' lang='lat' dir='ltr'><strong>ficavit</strong></span> <span class='ocrx_word' id='word_1_328' title='bbox 672 2481 780 2544; x_wconf 87' lang='lat' dir='ltr'><strong>per</strong></span> <span class='ocrx_word' id='word_1_329' title='bbox 805 2467 1163 2544; x_wconf 82' lang='lat' dir='ltr'><strong>sanguinem</strong></span> <span class='ocrx_word' id='word_1_330' title='bbox 1180 2467 1382 2530; x_wconf 88' lang='lat' dir='ltr'><strong>crucis</strong></span> <span class='ocrx_word' id='word_1_331' title='bbox 1410 2484 1535 2530; x_wconf 72' lang='lat' dir='ltr'><strong>suae</strong></span> <span class='ocrx_word' id='word_1_332' title='bbox 1567 2484 1676 2548; x_wconf 88' lang='lat' dir='ltr'><strong>per</strong></span> <span class='ocrx_word' id='word_1_333' title='bbox 1696 2467 2105 2545; x_wconf 85' lang='lat' dir='ltr'><strong>semetipsum,</strong></span> <span class='ocrx_word' id='word_1_334' title='bbox 2189 2485 2425 2531; x_wconf 87' lang='lat' dir='ltr'><strong>rursum</strong></span> <span class='ocrx_word' id='word_1_335' title='bbox 2457 2466 2797 2542; x_wconf 82' lang='lat' dir='ltr'><strong>exstitisset,</strong></span> <span class='ocrx_word' id='word_1_336' title='bbox 2830 2465 2892 2527; x_wconf 91' lang='lat' dir='ltr'><strong>in</strong></span> <span class='ocrx_word' id='word_1_337' title='bbox 2941 2463 3382 2525; x_wconf 87' lang='lat' dir='ltr'><strong>immaculatum</strong></span> <span class='ocrx_word' id='word_1_338' title='bbox 3414 2480 3632 2542; x_wconf 91' lang='lat' dir='ltr'><strong>corpus</strong></span> <span class='ocrx_word' id='word_1_339' title='bbox 3662 2479 3833 2521; x_wconf 90' lang='lat' dir='ltr'><strong>suum</strong></span> 
     </span>
    </p>
   </div>
   <div class='ocr_carea' id='block_1_38' title="bbox 458 2552 3834 2636">
    <p class='ocr_par' dir='ltr' id='par_1_38' title="bbox 458 2552 3834 2636">
     <span class='ocr_line' id='line_1_38' title="bbox 458 2552 3834 2636; baseline -0.001 -23"><span class='ocrx_word' id='word_1_340' title='bbox 458 2555 736 2631; x_wconf 72' lang='lat' dir='ltr'><strong>sivequ‘te</strong></span> <span class='ocrx_word' id='word_1_341' title='bbox 756 2554 825 2617; x_wconf 83' lang='lat' dir='ltr'><strong>in</strong></span> <span class='ocrx_word' id='word_1_342' title='bbox 852 2556 1053 2634; x_wconf 84' lang='lat' dir='ltr'><strong>terris,</strong></span> <span class='ocrx_word' id='word_1_343' title='bbox 1080 2556 1207 2618; x_wconf 83' lang='lat' dir='ltr'><strong>sive</strong></span> <span class='ocrx_word' id='word_1_344' title='bbox 1237 2564 1384 2635; x_wconf 62' lang='lat' dir='ltr'><strong>quael</strong></span> <span class='ocrx_word' id='word_1_345' title='bbox 1404 2556 1472 2618; x_wconf 89' lang='lat' dir='ltr'><strong>in</strong></span> <span class='ocrx_word' id='word_1_346' title='bbox 1500 2556 1678 2629; x_wconf 59' lang='lat' dir='ltr'><strong>oculis:</strong></span> <span class='ocrx_word' id='word_1_347' title='bbox 1693 2562 1860 2618; x_wconf 90' lang='lat' dir='ltr'><strong>sunt.</strong></span> <span class='ocrx_word' id='word_1_348' title='bbox 1892 2554 1973 2616; x_wconf 90' lang='lat' dir='ltr'><strong>Et</strong></span> <span class='ocrx_word' id='word_1_349' title='bbox 2001 2571 2110 2616; x_wconf 91' lang='lat' dir='ltr'><strong>nos</strong></span> <span class='ocrx_word' id='word_1_350' title='bbox 2190 2557 2455 2632; x_wconf 88' lang='lat' dir='ltr'><strong>revertit,</strong></span> <span class='ocrx_word' id='word_1_351' title='bbox 2487 2574 2522 2618; x_wconf 92' lang='lat' dir='ltr'><strong>a</strong></span> <span class='ocrx_word' id='word_1_352' title='bbox 2550 2574 2689 2636; x_wconf 91' lang='lat' dir='ltr'><strong>quo,</strong></span> <span class='ocrx_word' id='word_1_353' title='bbox 2725 2574 2860 2617; x_wconf 92' lang='lat' dir='ltr'><strong>cum</strong></span> <span class='ocrx_word' id='word_1_354' title='bbox 2913 2572 2984 2615; x_wconf 93' lang='lat' dir='ltr'><strong>eo</strong></span> <span class='ocrx_word' id='word_1_355' title='bbox 3039 2552 3433 2615; x_wconf 86' lang='lat' dir='ltr'><strong>descenderet</strong></span> <span class='ocrx_word' id='word_1_356' title='bbox 3464 2568 3834 2631; x_wconf 88' lang='lat' dir='ltr'><strong>nequaquam</strong></span> 
     </span>
    </p>
   </div>
   <div class='ocr_carea' id='block_1_39' title="bbox 461 2637 3838 2725">
    <p class='ocr_par' dir='ltr' id='par_1_39' title="bbox 461 2637 3838 2725">
     <span class='ocr_line' id='line_1_39' title="bbox 461 2637 3838 2725; baseline -0.001 -23"><span class='ocrx_word' id='word_1_357' title='bbox 461 2645 1087 2724; x_wconf 83' lang='lat' dir='ltr'><strong>cumessemusaliquo</strong></span> <span class='ocrx_word' id='word_1_358' title='bbox 1103 2644 1275 2707; x_wconf 86' lang='lat' dir='ltr'><strong>modo</strong></span> <span class='ocrx_word' id='word_1_359' title='bbox 1290 2645 1575 2721; x_wconf 84' lang='lat' dir='ltr'><strong>alienati,</strong></span> <span class='ocrx_word' id='word_1_360' title='bbox 1604 2644 1910 2723; x_wconf 40' lang='lat' dir='ltr'><strong>etjinimici</strong></span> <span class='ocrx_word' id='word_1_361' title='bbox 1928 2660 2111 2707; x_wconf 84' lang='lat' dir='ltr'><strong>sensu</strong></span> <span class='ocrx_word' id='word_1_362' title='bbox 2193 2648 2511 2710; x_wconf 87' lang='lat' dir='ltr'><strong>dissociata</strong></span> <span class='ocrx_word' id='word_1_363' title='bbox 2543 2653 2633 2707; x_wconf 89' lang='lat' dir='ltr'><strong>est</strong></span> <span class='ocrx_word' id='word_1_364' title='bbox 2661 2646 2790 2725; x_wconf 89' lang='lat' dir='ltr'><strong>ejus</strong></span> <span class='ocrx_word' id='word_1_365' title='bbox 2819 2643 3115 2713; x_wconf 88' lang='lat' dir='ltr'><strong>divinitas,</strong></span> <span class='ocrx_word' id='word_1_366' title='bbox 3178 2641 3493 2722; x_wconf 90' lang='lat' dir='ltr'><strong>statimque</strong></span> <span class='ocrx_word' id='word_1_367' title='bbox 3522 2659 3555 2701; x_wconf 91' lang='lat' dir='ltr'><strong>a</strong></span> <span class='ocrx_word' id='word_1_368' title='bbox 3588 2637 3838 2719; x_wconf 89' lang='lat' dir='ltr'><strong>mortuis</strong></span> 
     </span>
    </p>
   </div>
   <div class='ocr_carea' id='block_1_40' title="bbox 462 2727 2112 2814">
    <p class='ocr_par' dir='ltr' id='par_1_40' title="bbox 462 2729 2112 2814">
     <span class='ocr_line' id='line_1_40' title="bbox 462 2729 2112 2814; baseline 0.001 -23"><span class='ocrx_word' id='word_1_369' title='bbox 462 2729 530 2791; x_wconf 88' lang='lat' dir='ltr'><strong>in</strong></span> <span class='ocrx_word' id='word_1_370' title='bbox 543 2731 823 2811; x_wconf 85' lang='lat' dir='ltr'><strong>operibus</strong></span> <span class='ocrx_word' id='word_1_371' title='bbox 839 2732 1040 2809; x_wconf 86' lang='lat' dir='ltr'><strong>malis,</strong></span> <span class='ocrx_word' id='word_1_372' title='bbox 1050 2751 1214 2797; x_wconf 90' lang='lat' dir='ltr'><strong>nunc</strong></span> <span class='ocrx_word' id='word_1_373' title='bbox 1224 2733 1639 2797; x_wconf 83' lang='lat' dir='ltr'><strong>reconciliavit</strong></span> <span class='ocrx_word' id='word_1_374' title='bbox 1653 2736 1719 2796; x_wconf 86' lang='lat' dir='ltr'><strong>in</strong></span> <span class='ocrx_word' id='word_1_375' title='bbox 1730 2751 1973 2814; x_wconf 87' lang='lat' dir='ltr'><strong>corpore</strong></span> <span class='ocrx_word' id='word_1_376' title='bbox 1983 2749 2112 2795; x_wconf 87' lang='lat' dir='ltr'><strong>car-</strong></span> 
     </span>
    </p>
   </div>
   <div class='ocr_carea' id='block_1_41' title="bbox 2198 2727 3838 2814">
    <p class='ocr_par' dir='ltr' id='par_1_41' title="bbox 2198 2727 3838 2810">
     <span class='ocr_line' id='line_1_41' title="bbox 2198 2727 3838 2810; baseline -0.008 -10"><span class='ocrx_word' id='word_1_377' title='bbox 2198 2735 2558 2810; x_wconf 78' lang='lat' dir='ltr'><strong>resurrexit;</strong></span> <span class='ocrx_word' id='word_1_378' title='bbox 2592 2754 2660 2796; x_wconf 91' lang='lat' dir='ltr'><strong>ac</strong></span> <span class='ocrx_word' id='word_1_379' title='bbox 2690 2733 2907 2798; x_wconf 91' lang='lat' dir='ltr'><strong>deinde</strong></span> <span class='ocrx_word' id='word_1_380' title='bbox 2939 2751 3073 2795; x_wconf 91' lang='lat' dir='ltr'><strong>cum</strong></span> <span class='ocrx_word' id='word_1_381' title='bbox 3106 2732 3318 2792; x_wconf 92' lang='lat' dir='ltr'><strong>virtute</strong></span> <span class='ocrx_word' id='word_1_382' title='bbox 3349 2738 3407 2792; x_wconf 89' lang='lat' dir='ltr'><strong>et</strong></span> <span class='ocrx_word' id='word_1_383' title='bbox 3436 2728 3625 2808; x_wconf 90' lang='lat' dir='ltr'><strong>gloria</strong></span> <span class='ocrx_word' id='word_1_384' title='bbox 3654 2727 3838 2788; x_wconf 88' lang='lat' dir='ltr'><strong>multa</strong></span> 
     </span>
    </p>
   </div>
   <div class='ocr_carea' id='block_1_42' title="bbox 460 2815 3836 2903">
    <p class='ocr_par' dir='ltr' id='par_1_42' title="bbox 460 2815 3836 2903">
     <span class='ocr_line' id='line_1_42' title="bbox 460 2815 3836 2903; baseline -0.009 2"><span class='ocrx_word' id='word_1_385' title='bbox 460 2820 564 2882; x_wconf 61' lang='lat' dir='ltr'><strong>&quot;is</strong></span> <span class='ocrx_word' id='word_1_386' title='bbox 589 2838 718 2883; x_wconf 65' lang='grc' dir='ltr'><strong>θυαε</strong></span> <span class='ocrx_word' id='word_1_387' title='bbox 740 2839 857 2903; x_wconf 56' lang='lat' dir='ltr'><strong><em>Per</em></strong></span> <span class='ocrx_word' id='word_1_388' title='bbox 895 2829 1183 2899; x_wconf 63' lang='lat' dir='ltr'><strong>mortem,</strong></span> <span class='ocrx_word' id='word_1_389' title='bbox 1211 2829 1267 2887; x_wconf 75' lang='grc' dir='ltr'><strong>εί</strong></span> <span class='ocrx_word' id='word_1_390' title='bbox 1313 2823 1594 2887; x_wconf 64' lang='lat' dir='ltr'><strong>exhibuit</strong></span> <span class='ocrx_word' id='word_1_391' title='bbox 1622 2842 1730 2886; x_wconf 76' lang='lat' dir='ltr'><strong>nos</strong></span> <span class='ocrx_word' id='word_1_392' title='bbox 1755 2828 2017 2898; x_wconf 85' lang='lat' dir='ltr'><strong>sanctos,</strong></span> <span class='ocrx_word' id='word_1_393' title='bbox 2055 2826 2113 2884; x_wconf 86' lang='lat' dir='ltr'><strong>et</strong></span> <span class='ocrx_word' id='word_1_394' title='bbox 2192 2828 2257 2889; x_wconf 91' lang='lat' dir='ltr'><strong>in</strong></span> <span class='ocrx_word' id='word_1_395' title='bbox 2283 2826 2496 2889; x_wconf 76' lang='lat' dir='ltr'><strong>cmlum</strong></span> <span class='ocrx_word' id='word_1_396' title='bbox 2527 2823 2797 2887; x_wconf 90' lang='lat' dir='ltr'><strong>ascendit</strong></span> <span class='ocrx_word' id='word_1_397' title='bbox 2831 2841 2843 2886; x_wconf 92' lang='lat'><strong>:</strong></span> <span class='ocrx_word' id='word_1_398' title='bbox 2906 2823 2992 2884; x_wconf 91' lang='lat' dir='ltr'><strong>sic</strong></span> <span class='ocrx_word' id='word_1_399' title='bbox 3050 2840 3195 2883; x_wconf 91' lang='lat' dir='ltr'><strong>sane</strong></span> <span class='ocrx_word' id='word_1_400' title='bbox 3257 2829 3315 2881; x_wconf 92' lang='lat' dir='ltr'><strong>et</strong></span> <span class='ocrx_word' id='word_1_401' title='bbox 3369 2838 3527 2880; x_wconf 90' lang='lat' dir='ltr'><strong>nunc</strong></span> <span class='ocrx_word' id='word_1_402' title='bbox 3554 2816 3727 2877; x_wconf 90' lang='lat' dir='ltr'><strong>nobis</strong></span> <span class='ocrx_word' id='word_1_403' title='bbox 3759 2815 3836 2876; x_wconf 87' lang='lat' dir='ltr'><strong>de</strong></span> 
     </span>
    </p>
   </div>
   <div class='ocr_carea' id='block_1_43' title="bbox 456 2906 3838 2995">
    <p class='ocr_par' dir='ltr' id='par_1_43' title="bbox 456 2906 3838 2995">
     <span class='ocr_line' id='line_1_43' title="bbox 456 2906 3838 2995; baseline -0.001 -26"><span class='ocrx_word' id='word_1_404' title='bbox 456 2911 909 2988; x_wconf 85' lang='lat' dir='ltr'><strong>immaculatos,</strong></span> <span class='ocrx_word' id='word_1_405' title='bbox 942 2918 999 2975; x_wconf 90' lang='lat' dir='ltr'><strong>et</strong></span> <span class='ocrx_word' id='word_1_406' title='bbox 1025 2911 1589 2994; x_wconf 85' lang='lat' dir='ltr'><strong>irreprehensibiles</strong></span> <span class='ocrx_word' id='word_1_407' title='bbox 1616 2930 1824 2976; x_wconf 90' lang='lat' dir='ltr'><strong>coram</strong></span> <span class='ocrx_word' id='word_1_408' title='bbox 1854 2913 1981 2993; x_wconf 86' lang='lat' dir='ltr'><strong>ipso</strong></span> <span class='ocrx_word' id='word_1_409' title='bbox 2005 2929 2026 2972; x_wconf 92' lang='lat'><strong><em>:</em></strong></span> <span class='ocrx_word' id='word_1_410' title='bbox 2054 2911 2113 2972; x_wconf 84' lang='lat' dir='ltr'><strong>si</strong></span> <span class='ocrx_word' id='word_1_411' title='bbox 2194 2917 2415 2980; x_wconf 89' lang='lat' dir='ltr'><strong>mundo</strong></span> <span class='ocrx_word' id='word_1_412' title='bbox 2444 2913 2911 2995; x_wconf 90' lang='lat' dir='ltr'><strong>egredientibus,</strong></span> <span class='ocrx_word' id='word_1_413' title='bbox 2946 2919 3004 2975; x_wconf 88' lang='lat' dir='ltr'><strong>et</strong></span> <span class='ocrx_word' id='word_1_414' title='bbox 3059 2910 3382 2971; x_wconf 88' lang='lat' dir='ltr'><strong>imitatione</strong></span> <span class='ocrx_word' id='word_1_415' title='bbox 3412 2906 3662 2989; x_wconf 90' lang='lat' dir='ltr'><strong>quadam</strong></span> <span class='ocrx_word' id='word_1_416' title='bbox 3698 2923 3838 2985; x_wconf 88' lang='lat' dir='ltr'><strong>pas-</strong></span> 
     </span>
    </p>
   </div>
   <div class='ocr_carea' id='block_1_44' title="bbox 462 2998 2112 3110">
    <p class='ocr_par' dir='ltr' id='par_1_44' title="bbox 462 3000 2111 3110">
     <span class='ocr_line' id='line_1_44' title="bbox 462 3000 2111 3110; baseline -0.001 -48"><span class='ocrx_word' id='word_1_417' title='bbox 462 3007 679 3110; x_wconf 48' lang='lat' dir='ltr'><strong>tamenl</strong></span> <span class='ocrx_word' id='word_1_418' title='bbox 696 3002 1068 3110; x_wconf 64' lang='lat' dir='ltr'><strong>permanetis</strong></span> <span class='ocrx_word' id='word_1_419' title='bbox 1090 3003 1160 3064; x_wconf 88' lang='lat' dir='ltr'><strong>in</strong></span> <span class='ocrx_word' id='word_1_420' title='bbox 1200 3002 1320 3110; x_wconf 50' lang='lat' dir='ltr'><strong>ﬁ&#39;de</strong></span> <span class='ocrx_word' id='word_1_421' title='bbox 1366 3002 1636 3110; x_wconf 71' lang='lat' dir='ltr'><strong>fundati,</strong></span> <span class='ocrx_word' id='word_1_422' title='bbox 1671 3008 1727 3106; x_wconf 79' lang='lat' dir='ltr'><strong>et</strong></span> <span class='ocrx_word' id='word_1_423' title='bbox 1754 3000 2019 3110; x_wconf 60' lang='lat' dir='ltr'><strong>stabiles,</strong></span> <span class='ocrx_word' id='word_1_424' title='bbox 2054 3006 2111 3061; x_wconf 86' lang='lat' dir='ltr'><strong>et</strong></span> 
     </span>
    </p>
   </div>
   <div class='ocr_carea' id='block_1_45' title="bbox 2198 2998 3839 3110">
    <p class='ocr_par' dir='ltr' id='par_1_45' title="bbox 2198 2998 3839 3110">
     <span class='ocr_line' id='line_1_45' title="bbox 2198 2998 3839 3086; baseline -0.01 -16"><span class='ocrx_word' id='word_1_425' title='bbox 2198 3006 2380 3071; x_wconf 89' lang='lat' dir='ltr'><strong>sionis</strong></span> <span class='ocrx_word' id='word_1_426' title='bbox 2409 3007 2537 3086; x_wconf 90' lang='lat' dir='ltr'><strong>ejus</strong></span> <span class='ocrx_word' id='word_1_427' title='bbox 2568 3004 2949 3086; x_wconf 68' lang='lat' dir='ltr'><strong>paenitentiae,</strong></span> <span class='ocrx_word' id='word_1_428' title='bbox 3002 3008 3059 3063; x_wconf 92' lang='lat' dir='ltr'><strong>et</strong></span> <span class='ocrx_word' id='word_1_429' title='bbox 3101 2998 3446 3063; x_wconf 88' lang='lat' dir='ltr'><strong>humilitatis</strong></span> <span class='ocrx_word' id='word_1_430' title='bbox 3476 3012 3839 3058; x_wconf 85' lang='lat' dir='ltr'><strong>monumen-</strong></span> 
     </span>
     <span class='ocr_line' id='line_1_46' title="bbox 2201 3085 3800 3110; baseline 0 0"><span class='ocrx_word' id='word_1_431' title='bbox 2201 3106 2211 3110; x_wconf 83' lang='grc'><strong>-</strong></span> <span class='ocrx_word' id='word_1_432' title='bbox 2488 3095 2543 3110; x_wconf 79' lang='grc' dir='ltr'><strong>ιι</strong></span> <span class='ocrx_word' id='word_1_433' title='bbox 2747 3092 2762 3110; x_wconf 75' lang='grc'><strong>1</strong></span> <span class='ocrx_word' id='word_1_434' title='bbox 2912 3090 2970 3110; x_wconf 63' lang='grc' dir='ltr'><strong>,ει</strong></span> <span class='ocrx_word' id='word_1_435' title='bbox 3143 3090 3156 3101; x_wconf 81' lang='grc'><strong><em>⁸</em></strong></span> <span class='ocrx_word' id='word_1_436' title='bbox 3212 3107 3258 3110; x_wconf 30' lang='grc' dir='ltr'><strong>γ-</strong></span> <span class='ocrx_word' id='word_1_437' title='bbox 3304 3088 3363 3110; x_wconf 65' lang='lat' dir='ltr'><strong>_I,.</strong></span> <span class='ocrx_word' id='word_1_438' title='bbox 3409 3087 3539 3110; x_wconf 65' lang='lat' dir='ltr'>_--I_</span> <span class='ocrx_word' id='word_1_439' title='bbox 3586 3085 3800 3110; x_wconf 61' lang='grc' dir='ltr'><strong>ΔΑ----</strong></span> 
     </span>
    </p>
   </div>
   <div class='ocr_carea' id='block_1_46' title="bbox 459 3085 3840 3176">
    <p class='ocr_par' dir='ltr' id='par_1_46' title="bbox 459 3085 3840 3176">
     <span class='ocr_line' id='line_1_47' title="bbox 459 3085 3840 3176; baseline -0.001 -27"><span class='ocrx_word' id='word_1_440' title='bbox 459 3087 793 3152; x_wconf 84' lang='lat' dir='ltr'><strong>immobiles</strong></span> <span class='ocrx_word' id='word_1_441' title='bbox 811 3090 1301 3173; x_wconf 82' lang='lat' dir='ltr'><strong>aspeEvangelii</strong></span> <span class='ocrx_word' id='word_1_442' title='bbox 1320 3090 1765 3173; x_wconf 89' lang='lat' dir='ltr'><strong>quodaudistis,</strong></span> <span class='ocrx_word' id='word_1_443' title='bbox 1785 3090 1946 3172; x_wconf 87' lang='lat' dir='ltr'><strong>quod</strong></span> <span class='ocrx_word' id='word_1_444' title='bbox 1955 3085 2173 3170; x_wconf 65' lang='grc' dir='ltr'><strong>μνᾶς-υ</strong></span> <span class='ocrx_word' id='word_1_445' title='bbox 2195 3106 2321 3160; x_wconf 72' lang='lat' dir='ltr'><strong>tum</strong></span> <span class='ocrx_word' id='word_1_446' title='bbox 2350 3085 2645 3176; x_wconf 73' lang='lat' dir='ltr'><strong>quoddam</strong></span> <span class='ocrx_word' id='word_1_447' title='bbox 2676 3090 3087 3166; x_wconf 76' lang='lat' dir='ltr'><strong>subeuntibus,</strong></span> <span class='ocrx_word' id='word_1_448' title='bbox 3139 3090 3266 3170; x_wconf 88' lang='lat' dir='ltr'><strong>ipse</strong></span> <span class='ocrx_word' id='word_1_449' title='bbox 3298 3088 3370 3149; x_wconf 89' lang='lat' dir='ltr'><strong>de</strong></span> <span class='ocrx_word' id='word_1_450' title='bbox 3401 3087 3547 3149; x_wconf 84' lang='lat' dir='ltr'><strong>coelo</strong></span> <span class='ocrx_word' id='word_1_451' title='bbox 3581 3085 3840 3176; x_wconf 75' lang='lat' dir='ltr'><strong>descen-</strong></span> 
     </span>
    </p>
   </div>
   <div class='ocr_carea' id='block_1_47' title="bbox 461 3178 2115 3263">
    <p class='ocr_par' dir='ltr' id='par_1_47' title="bbox 461 3178 2115 3263">
     <span class='ocr_line' id='line_1_48' title="bbox 461 3178 2115 3263; baseline -0.001 -21"><span class='ocrx_word' id='word_1_452' title='bbox 461 3178 727 3242; x_wconf 81' lang='lat' dir='ltr'><strong>dicatum</strong></span> <span class='ocrx_word' id='word_1_453' title='bbox 741 3186 829 3242; x_wconf 87' lang='lat' dir='ltr'><strong>est</strong></span> <span class='ocrx_word' id='word_1_454' title='bbox 843 3181 1321 3243; x_wconf 83' lang='lat' dir='ltr'><strong>omnicreaturoe</strong></span> <span class='ocrx_word' id='word_1_455' title='bbox 1337 3199 1472 3263; x_wconf 72' lang='lat' dir='ltr'><strong>quos</strong></span> <span class='ocrx_word' id='word_1_456' title='bbox 1493 3180 1602 3244; x_wconf 87' lang='lat' dir='ltr'><strong>sub</strong></span> <span class='ocrx_word' id='word_1_457' title='bbox 1638 3181 1777 3244; x_wconf 70' lang='lat' dir='ltr'><strong>caelo</strong></span> <span class='ocrx_word' id='word_1_458' title='bbox 1798 3186 1909 3256; x_wconf 91' lang='lat' dir='ltr'><strong>est,</strong></span> <span class='ocrx_word' id='word_1_459' title='bbox 1941 3179 2115 3259; x_wconf 85' lang='lat' dir='ltr'><strong>cujus</strong></span> 
     </span>
    </p>
   </div>
   <div class='ocr_carea' id='block_1_48' title="bbox 2196 3173 3835 3265">
    <p class='ocr_par' dir='ltr' id='par_1_48' title="bbox 2196 3173 3835 3265">
     <span class='ocr_line' id='line_1_49' title="bbox 2196 3173 3835 3265; baseline -0.01 -15"><span class='ocrx_word' id='word_1_460' title='bbox 2196 3173 2386 3261; x_wconf 52' lang='lat' dir='ltr'><strong>deus,</strong></span> <span class='ocrx_word' id='word_1_461' title='bbox 2401 3202 2615 3265; x_wconf 87' lang='lat' dir='ltr'><strong>corpus</strong></span> <span class='ocrx_word' id='word_1_462' title='bbox 2644 3188 2913 3246; x_wconf 90' lang='lat' dir='ltr'><strong>nostrum</strong></span> <span class='ocrx_word' id='word_1_463' title='bbox 2959 3200 3068 3243; x_wconf 91' lang='lat' dir='ltr'><strong>ceu</strong></span> <span class='ocrx_word' id='word_1_464' title='bbox 3116 3178 3451 3261; x_wconf 90' lang='lat' dir='ltr'><strong>sepulcrum</strong></span> <span class='ocrx_word' id='word_1_465' title='bbox 3483 3173 3835 3253; x_wconf 84' lang='lat' dir='ltr'><strong>ingreditur,</strong></span> 
     </span>
    </p>
   </div>
   <div class='ocr_carea' id='block_1_49' title="bbox 460 3267 3842 3354">
    <p class='ocr_par' dir='ltr' id='par_1_49' title="bbox 460 3267 3842 3354">
     <span class='ocr_line' id='line_1_50' title="bbox 460 3267 3842 3354; baseline -0.003 -22"><span class='ocrx_word' id='word_1_466' title='bbox 460 3269 662 3349; x_wconf 77' lang='lat' dir='ltr'><strong>factus</strong></span> <span class='ocrx_word' id='word_1_467' title='bbox 688 3285 824 3331; x_wconf 83' lang='lat' dir='ltr'><strong>sum</strong></span> <span class='ocrx_word' id='word_1_468' title='bbox 853 3286 961 3350; x_wconf 86' lang='lat' dir='ltr'><strong>ego</strong></span> <span class='ocrx_word' id='word_1_469' title='bbox 1010 3269 1241 3333; x_wconf 81' lang='lat' dir='ltr'><strong>Paulus</strong></span> <span class='ocrx_word' id='word_1_470' title='bbox 1270 3272 1555 3334; x_wconf 85' lang='lat' dir='ltr'><strong>minister</strong></span> <span class='ocrx_word' id='word_1_471' title='bbox 1596 3270 1680 3330; x_wconf 67' lang='grc'><strong>62.</strong></span> <span class='ocrx_word' id='word_1_472' title='bbox 1740 3268 2115 3334; x_wconf 78' lang='lat' dir='ltr'><strong>Christianus</strong></span> <span class='ocrx_word' id='word_1_473' title='bbox 2196 3277 2519 3354; x_wconf 90' lang='lat' dir='ltr'><strong>unitusque</strong></span> <span class='ocrx_word' id='word_1_474' title='bbox 2549 3272 2860 3336; x_wconf 89' lang='lat' dir='ltr'><strong>animabus</strong></span> <span class='ocrx_word' id='word_1_475' title='bbox 2907 3268 3150 3344; x_wconf 90' lang='lat' dir='ltr'><strong>nostris,</strong></span> <span class='ocrx_word' id='word_1_476' title='bbox 3205 3267 3634 3330; x_wconf 88' lang='lat' dir='ltr'><strong>convenienter</strong></span> <span class='ocrx_word' id='word_1_477' title='bbox 3683 3281 3782 3324; x_wconf 86' lang='lat' dir='ltr'><strong>eas</strong></span> <span class='ocrx_word' id='word_1_478' title='bbox 3809 3280 3842 3323; x_wconf 92' lang='lat' dir='ltr'><strong>a</strong></span> 
     </span>
    </p>
   </div>
   <div class='ocr_carea' id='block_1_50' title="bbox 465 3356 2113 3440">
    <p class='ocr_par' dir='ltr' id='par_1_50' title="bbox 465 3356 2113 3440">
     <span class='ocr_line' id='line_1_51' title="bbox 465 3356 2113 3440; baseline -0.001 -20"><span class='ocrx_word' id='word_1_479' title='bbox 465 3356 648 3434; x_wconf 90' lang='lat' dir='ltr'><strong>enim,</strong></span> <span class='ocrx_word' id='word_1_480' title='bbox 665 3357 890 3440; x_wconf 90' lang='lat' dir='ltr'><strong>quiper</strong></span> <span class='ocrx_word' id='word_1_481' title='bbox 912 3359 1444 3439; x_wconf 89' lang='lat' dir='ltr'><strong>transgressionem</strong></span> <span class='ocrx_word' id='word_1_482' title='bbox 1477 3361 1887 3424; x_wconf 89' lang='lat' dir='ltr'><strong>mandatorum</strong></span> <span class='ocrx_word' id='word_1_483' title='bbox 1916 3358 2113 3420; x_wconf 90' lang='lat' dir='ltr'><strong>Evan-</strong></span> 
     </span>
    </p>
   </div>
   <div class='ocr_carea' id='block_1_51' title="bbox 463 3446 2108 3529">
    <p class='ocr_par' dir='ltr' id='par_1_51' title="bbox 463 3446 2108 3529">
     <span class='ocr_line' id='line_1_52' title="bbox 463 3446 2108 3529; baseline -0.001 -20"><span class='ocrx_word' id='word_1_484' title='bbox 463 3446 609 3529; x_wconf 83' lang='lat' dir='ltr'><strong>gelii</strong></span> <span class='ocrx_word' id='word_1_485' title='bbox 638 3447 875 3512; x_wconf 86' lang='lat' dir='ltr'><strong>Christo</strong></span> <span class='ocrx_word' id='word_1_486' title='bbox 906 3448 1153 3523; x_wconf 88' lang='lat' dir='ltr'><strong>resistit,</strong></span> <span class='ocrx_word' id='word_1_487' title='bbox 1190 3456 1249 3511; x_wconf 91' lang='lat' dir='ltr'><strong>et</strong></span> <span class='ocrx_word' id='word_1_488' title='bbox 1303 3468 1439 3512; x_wconf 93' lang='lat' dir='ltr'><strong>cum</strong></span> <span class='ocrx_word' id='word_1_489' title='bbox 1494 3450 1616 3513; x_wconf 92' lang='lat' dir='ltr'><strong>Deo</strong></span> <span class='ocrx_word' id='word_1_490' title='bbox 1677 3446 1900 3511; x_wconf 92' lang='lat' dir='ltr'><strong>bellum</strong></span> <span class='ocrx_word' id='word_1_491' title='bbox 1933 3446 2108 3528; x_wconf 89' lang='lat' dir='ltr'><strong>gerit,</strong></span> 
     </span>
    </p>
   </div>
   <div class='ocr_carea' id='block_1_52' title="bbox 2200 3364 2687 3429">
    <p class='ocr_par' dir='ltr' id='par_1_52' title="bbox 2200 3364 2687 3429">
     <span class='ocr_line' id='line_1_53' title="bbox 2200 3364 2687 3429; baseline -0.004 0"><span class='ocrx_word' id='word_1_492' title='bbox 2200 3374 2391 3429; x_wconf 91' lang='lat' dir='ltr'><strong>morte</strong></span> <span class='ocrx_word' id='word_1_493' title='bbox 2422 3364 2687 3427; x_wconf 88' lang='lat' dir='ltr'><strong>suscitat.</strong></span> 
     </span>
    </p>
   </div>
   <div class='ocr_carea' id='block_1_53' title="bbox 2273 3440 3845 3526">
    <p class='ocr_par' dir='ltr' id='par_1_53' title="bbox 2273 3440 3845 3526">
     <span class='ocr_line' id='line_1_54' title="bbox 2273 3440 3845 3526; baseline -0.013 -6"><span class='ocrx_word' id='word_1_494' title='bbox 2273 3453 2656 3520; x_wconf 85' lang='lat' dir='ltr'><strong>Resurrectio</strong></span> <span class='ocrx_word' id='word_1_495' title='bbox 2684 3460 2880 3515; x_wconf 89' lang='lat' dir='ltr'><strong>autem</strong></span> <span class='ocrx_word' id='word_1_496' title='bbox 2927 3451 3162 3526; x_wconf 66' lang='lat' dir='ltr'><strong>animae,</strong></span> <span class='ocrx_word' id='word_1_497' title='bbox 3224 3454 3315 3510; x_wconf 91' lang='lat' dir='ltr'><strong>est</strong></span> <span class='ocrx_word' id='word_1_498' title='bbox 3369 3446 3531 3508; x_wconf 90' lang='lat' dir='ltr'><strong>illius</strong></span> <span class='ocrx_word' id='word_1_499' title='bbox 3560 3461 3697 3505; x_wconf 92' lang='lat' dir='ltr'><strong>cum</strong></span> <span class='ocrx_word' id='word_1_500' title='bbox 3730 3440 3845 3501; x_wconf 91' lang='lat' dir='ltr'><strong>vita</strong></span> 
     </span>
    </p>
   </div>
   <div class='ocr_carea' id='block_1_54' title="bbox 465 3528 3841 3625">
    <p class='ocr_par' dir='ltr' id='par_1_54' title="bbox 465 3528 3841 3625">
     <span class='ocr_line' id='line_1_55' title="bbox 465 3528 3841 3625; baseline -0.003 -27"><span class='ocrx_word' id='word_1_501' title='bbox 465 3534 729 3625; x_wconf 83' lang='lat' dir='ltr'><strong>sibimet,</strong></span> <span class='ocrx_word' id='word_1_502' title='bbox 758 3556 828 3600; x_wconf 89' lang='lat' dir='ltr'><strong>ac</strong></span> <span class='ocrx_word' id='word_1_503' title='bbox 881 3536 1008 3601; x_wconf 90' lang='lat' dir='ltr'><strong>Deo</strong></span> <span class='ocrx_word' id='word_1_504' title='bbox 1062 3538 1344 3602; x_wconf 91' lang='lat' dir='ltr'><strong>inimicus</strong></span> <span class='ocrx_word' id='word_1_505' title='bbox 1399 3549 1492 3602; x_wconf 88' lang='lat' dir='ltr'><strong>est</strong></span> <span class='ocrx_word' id='word_1_506' title='bbox 1548 3548 1770 3602; x_wconf 91' lang='lat' dir='ltr'><strong>etcum</strong></span> <span class='ocrx_word' id='word_1_507' title='bbox 1801 3558 1871 3601; x_wconf 93' lang='lat' dir='ltr'><strong>eo</strong></span> <span class='ocrx_word' id='word_1_508' title='bbox 1904 3554 2111 3625; x_wconf 85' lang='lat' dir='ltr'><strong>pacem</strong></span> <span class='ocrx_word' id='word_1_509' title='bbox 2194 3545 2556 3625; x_wconf 90' lang='lat' dir='ltr'><strong>conjunctio.</strong></span> <span class='ocrx_word' id='word_1_510' title='bbox 2618 3540 2781 3605; x_wconf 88' lang='lat' dir='ltr'><strong>Sicut</strong></span> <span class='ocrx_word' id='word_1_511' title='bbox 2835 3541 2993 3603; x_wconf 91' lang='lat' dir='ltr'><strong>enim</strong></span> <span class='ocrx_word' id='word_1_512' title='bbox 3054 3556 3268 3619; x_wconf 87' lang='lat' dir='ltr'><strong>corpus</strong></span> <span class='ocrx_word' id='word_1_513' title='bbox 3340 3541 3661 3607; x_wconf 91' lang='lat' dir='ltr'><strong>mortuum,</strong></span> <span class='ocrx_word' id='word_1_514' title='bbox 3726 3528 3841 3591; x_wconf 92' lang='lat' dir='ltr'><strong>nisi</strong></span> 
     </span>
    </p>
   </div>
   <div class='ocr_carea' id='block_1_55' title="bbox 464 3620 3845 3711">
    <p class='ocr_par' dir='ltr' id='par_1_55' title="bbox 464 3620 3845 3711">
     <span class='ocr_line' id='line_1_56' title="bbox 464 3620 3845 3711; baseline -0.002 -23"><span class='ocrx_word' id='word_1_515' title='bbox 464 3622 1044 3709; x_wconf 86' lang='lat' dir='ltr'><strong>habereneutiquam</strong></span> <span class='ocrx_word' id='word_1_516' title='bbox 1059 3635 1273 3709; x_wconf 88' lang='lat' dir='ltr'><strong>potest.</strong></span> <span class='ocrx_word' id='word_1_517' title='bbox 1291 3629 1567 3710; x_wconf 90' lang='lat' dir='ltr'><strong>Eousque</strong></span> <span class='ocrx_word' id='word_1_518' title='bbox 1580 3624 2115 3711; x_wconf 88' lang='lat' dir='ltr'><strong>siquideminimici</strong></span> <span class='ocrx_word' id='word_1_519' title='bbox 2197 3620 2460 3699; x_wconf 54' lang='lat' dir='ltr'><strong>animam</strong></span> <span class='ocrx_word' id='word_1_520' title='bbox 2475 3633 2767 3695; x_wconf 81' lang='lat' dir='ltr'><strong>viventem</strong></span> <span class='ocrx_word' id='word_1_521' title='bbox 2788 3633 2847 3691; x_wconf 86' lang='lat' dir='ltr'><strong>in</strong></span> <span class='ocrx_word' id='word_1_522' title='bbox 2867 3649 2931 3692; x_wconf 90' lang='lat' dir='ltr'><strong>se</strong></span> <span class='ocrx_word' id='word_1_523' title='bbox 2952 3628 3224 3709; x_wconf 88' lang='lat' dir='ltr'><strong>recipiat,</strong></span> <span class='ocrx_word' id='word_1_524' title='bbox 3261 3632 3319 3687; x_wconf 89' lang='lat' dir='ltr'><strong>et</strong></span> <span class='ocrx_word' id='word_1_525' title='bbox 3354 3642 3490 3686; x_wconf 91' lang='lat' dir='ltr'><strong>cum</strong></span> <span class='ocrx_word' id='word_1_526' title='bbox 3526 3640 3596 3683; x_wconf 91' lang='lat' dir='ltr'><strong>ea</strong></span> <span class='ocrx_word' id='word_1_527' title='bbox 3622 3620 3845 3699; x_wconf 88' lang='lat' dir='ltr'><strong>absque</strong></span> 
     </span>
    </p>
   </div>
   <div class='ocr_carea' id='block_1_56' title="bbox 464 3715 2117 3796">
    <p class='ocr_par' dir='ltr' id='par_1_56' title="bbox 464 3715 2117 3796">
     <span class='ocr_line' id='line_1_57' title="bbox 464 3715 2117 3796; baseline -0.001 -19"><span class='ocrx_word' id='word_1_528' title='bbox 464 3720 640 3796; x_wconf 91' lang='lat' dir='ltr'><strong>atque</strong></span> <span class='ocrx_word' id='word_1_529' title='bbox 695 3715 899 3779; x_wconf 90' lang='lat' dir='ltr'><strong>hostes</strong></span> <span class='ocrx_word' id='word_1_530' title='bbox 945 3715 1056 3779; x_wconf 89' lang='lat' dir='ltr'><strong>Dei</strong></span> <span class='ocrx_word' id='word_1_531' title='bbox 1107 3735 1336 3793; x_wconf 91' lang='lat' dir='ltr'><strong>sumus,</strong></span> <span class='ocrx_word' id='word_1_532' title='bbox 1407 3717 1639 3782; x_wconf 89' lang='lat' dir='ltr'><strong>etiamsi</strong></span> <span class='ocrx_word' id='word_1_533' title='bbox 1690 3716 1958 3779; x_wconf 89' lang='lat' dir='ltr'><strong>ﬁdelium</strong></span> <span class='ocrx_word' id='word_1_534' title='bbox 2005 3732 2117 3777; x_wconf 92' lang='lat' dir='ltr'><strong>nos</strong></span> 
     </span>
    </p>
   </div>
   <div class='ocr_carea' id='block_1_57' title="bbox 465 3803 2112 3889">
    <p class='ocr_par' dir='ltr' id='par_1_57' title="bbox 465 3803 2112 3889">
     <span class='ocr_line' id='line_1_58' title="bbox 465 3803 2112 3889; baseline -0.001 -23"><span class='ocrx_word' id='word_1_535' title='bbox 465 3803 862 3887; x_wconf 88' lang='lat' dir='ltr'><strong>appellatione</strong></span> <span class='ocrx_word' id='word_1_536' title='bbox 888 3805 1174 3882; x_wconf 88' lang='lat' dir='ltr'><strong>velemus,</strong></span> <span class='ocrx_word' id='word_1_537' title='bbox 1207 3805 1925 3889; x_wconf 50' lang='lat' dir='ltr'><strong>quousquejpassionibus</strong></span> <span class='ocrx_word' id='word_1_538' title='bbox 1942 3807 2112 3885; x_wconf 90' lang='lat' dir='ltr'><strong>igno-</strong></span> 
     </span>
    </p>
   </div>
   <div class='ocr_carea' id='block_1_58' title="bbox 468 3893 2114 3978">
    <p class='ocr_par' dir='ltr' id='par_1_58' title="bbox 468 3893 2114 3978">
     <span class='ocr_line' id='line_1_59' title="bbox 468 3893 2114 3978; baseline -0.001 -23"><span class='ocrx_word' id='word_1_539' title='bbox 468 3893 668 3958; x_wconf 66' lang='lat' dir='ltr'><strong>miniaa</strong></span> <span class='ocrx_word' id='word_1_540' title='bbox 696 3893 920 3958; x_wconf 89' lang='lat' dir='ltr'><strong>servire</strong></span> <span class='ocrx_word' id='word_1_541' title='bbox 969 3895 1487 3977; x_wconf 89' lang='lat' dir='ltr'><strong>concupiscimus:</strong></span> <span class='ocrx_word' id='word_1_542' title='bbox 1535 3898 1863 3978; x_wconf 81' lang='lat' dir='ltr'><strong>Apparuit,</strong></span> <span class='ocrx_word' id='word_1_543' title='bbox 1898 3893 2114 3975; x_wconf 91' lang='lat' dir='ltr'><strong>inquit,</strong></span> 
     </span>
    </p>
   </div>
   <div class='ocr_carea' id='block_1_59' title="bbox 2201 3708 3848 3795">
    <p class='ocr_par' dir='ltr' id='par_1_59' title="bbox 2201 3708 3848 3795">
     <span class='ocr_line' id='line_1_60' title="bbox 2201 3708 3848 3795; baseline -0.012 -9"><span class='ocrx_word' id='word_1_544' title='bbox 2201 3723 2480 3786; x_wconf 91' lang='lat' dir='ltr'><strong>mistione</strong></span> <span class='ocrx_word' id='word_1_545' title='bbox 2510 3721 2851 3795; x_wconf 90' lang='lat' dir='ltr'><strong>misceatur,</strong></span> <span class='ocrx_word' id='word_1_546' title='bbox 2900 3738 3019 3780; x_wconf 91' lang='lat' dir='ltr'><strong>non</strong></span> <span class='ocrx_word' id='word_1_547' title='bbox 3077 3708 3314 3789; x_wconf 89' lang='lat' dir='ltr'><strong>dicitur,</strong></span> <span class='ocrx_word' id='word_1_548' title='bbox 3369 3732 3479 3774; x_wconf 92' lang='lat' dir='ltr'><strong>nec</strong></span> <span class='ocrx_word' id='word_1_549' title='bbox 3510 3708 3625 3771; x_wconf 92' lang='lat' dir='ltr'><strong>dici</strong></span> <span class='ocrx_word' id='word_1_550' title='bbox 3652 3715 3848 3789; x_wconf 91' lang='lat' dir='ltr'><strong>potest</strong></span> 
     </span>
    </p>
   </div>
   <div class='ocr_carea' id='block_1_60' title="bbox 2199 3797 3844 3885">
    <p class='ocr_par' dir='ltr' id='par_1_60' title="bbox 2199 3797 3844 3885">
     <span class='ocr_line' id='line_1_61' title="bbox 2199 3797 3844 3885; baseline -0.012 -10"><span class='ocrx_word' id='word_1_551' title='bbox 2199 3814 2448 3877; x_wconf 85' lang='lat' dir='ltr'><strong>vivere:</strong></span> <span class='ocrx_word' id='word_1_552' title='bbox 2499 3812 2586 3873; x_wconf 90' lang='lat' dir='ltr'><strong>sic</strong></span> <span class='ocrx_word' id='word_1_553' title='bbox 2629 3829 2741 3872; x_wconf 93' lang='lat' dir='ltr'><strong>nec</strong></span> <span class='ocrx_word' id='word_1_554' title='bbox 2789 3808 2986 3870; x_wconf 89' lang='lat' dir='ltr'><strong>anima</strong></span> <span class='ocrx_word' id='word_1_555' title='bbox 3043 3806 3171 3869; x_wconf 90' lang='lat' dir='ltr'><strong>sola</strong></span> <span class='ocrx_word' id='word_1_556' title='bbox 3227 3822 3334 3885; x_wconf 89' lang='lat' dir='ltr'><strong>per</strong></span> <span class='ocrx_word' id='word_1_557' title='bbox 3363 3801 3615 3880; x_wconf 85' lang='lat' dir='ltr'><strong>seipsam</strong></span> <span class='ocrx_word' id='word_1_558' title='bbox 3648 3797 3844 3857; x_wconf 89' lang='lat' dir='ltr'><strong>vivere</strong></span> 
     </span>
    </p>
   </div>
   <div class='ocr_carea' id='block_1_61' title="bbox 2201 3886 3848 3982">
    <p class='ocr_par' dir='ltr' id='par_1_61' title="bbox 2201 3886 3848 3982">
     <span class='ocr_line' id='line_1_62' title="bbox 2201 3886 3848 3982; baseline -0.01 -21"><span class='ocrx_word' id='word_1_559' title='bbox 2201 3908 2420 3982; x_wconf 87' lang='lat' dir='ltr'><strong>potest,</strong></span> <span class='ocrx_word' id='word_1_560' title='bbox 2456 3898 2571 3959; x_wconf 90' lang='lat' dir='ltr'><strong>nisi</strong></span> <span class='ocrx_word' id='word_1_561' title='bbox 2603 3897 2780 3958; x_wconf 92' lang='lat' dir='ltr'><strong>modo</strong></span> <span class='ocrx_word' id='word_1_562' title='bbox 2835 3896 3090 3976; x_wconf 88' lang='lat' dir='ltr'><strong>quodam</strong></span> <span class='ocrx_word' id='word_1_563' title='bbox 3131 3888 3560 3982; x_wconf 80' lang='lat' dir='ltr'><strong>inexplicabili,</strong></span> <span class='ocrx_word' id='word_1_564' title='bbox 3586 3886 3848 3965; x_wconf 89' lang='lat' dir='ltr'><strong>citraque</strong></span> 
     </span>
    </p>
   </div>
   <div class='ocr_carea' id='block_1_62' title="bbox 465 3979 3844 4066">
    <p class='ocr_par' dir='ltr' id='par_1_62' title="bbox 465 3979 3844 4066">
     <span class='ocr_line' id='line_1_63' title="bbox 465 3979 3844 4066; baseline -0.004 -20"><span class='ocrx_word' id='word_1_565' title='bbox 465 3985 674 4064; x_wconf 90' lang='lat' dir='ltr'><strong>gratia</strong></span> <span class='ocrx_word' id='word_1_566' title='bbox 691 3982 811 4047; x_wconf 85' lang='lat' dir='ltr'><strong>Dei</strong></span> <span class='ocrx_word' id='word_1_567' title='bbox 825 3991 883 4049; x_wconf 87' lang='lat' dir='ltr'><strong>et</strong></span> <span class='ocrx_word' id='word_1_568' title='bbox 898 3984 1226 4050; x_wconf 79' lang='lat' dir='ltr'><strong>Saluatoris</strong></span> <span class='ocrx_word' id='word_1_569' title='bbox 1246 3989 1439 4050; x_wconf 86' lang='lat' dir='ltr'><strong>nostri</strong></span> <span class='ocrx_word' id='word_1_570' title='bbox 1457 3985 1735 4049; x_wconf 88' lang='lat' dir='ltr'><strong>omnibus</strong></span> <span class='ocrx_word' id='word_1_571' title='bbox 1750 3983 2114 4064; x_wconf 83' lang='lat' dir='ltr'><strong>hominibus,</strong></span> <span class='ocrx_word' id='word_1_572' title='bbox 2200 3979 2610 4052; x_wconf 78' lang='lat' dir='ltr'><strong>confusionem</strong></span> <span class='ocrx_word' id='word_1_573' title='bbox 2641 4005 2773 4048; x_wconf 91' lang='lat' dir='ltr'><strong>cum</strong></span> <span class='ocrx_word' id='word_1_574' title='bbox 2806 3988 2949 4066; x_wconf 90' lang='lat' dir='ltr'><strong>Deo,</strong></span> <span class='ocrx_word' id='word_1_575' title='bbox 2987 3983 3089 4061; x_wconf 93' lang='lat' dir='ltr'><strong>qui</strong></span> <span class='ocrx_word' id='word_1_576' title='bbox 3145 3999 3284 4043; x_wconf 91' lang='lat' dir='ltr'><strong>vere</strong></span> <span class='ocrx_word' id='word_1_577' title='bbox 3342 3979 3458 4040; x_wconf 89' lang='lat' dir='ltr'><strong>vita</strong></span> <span class='ocrx_word' id='word_1_578' title='bbox 3488 3984 3710 4038; x_wconf 63' lang='lat' dir='ltr'><strong>aeterna</strong></span> <span class='ocrx_word' id='word_1_579' title='bbox 3734 3984 3844 4066; x_wconf 78' lang='lat' dir='ltr'><strong>est,</strong></span> 
     </span>
    </p>
   </div>
   <div class='ocr_carea' id='block_1_63' title="bbox 462 4062 3844 4156">
    <p class='ocr_par' dir='ltr' id='par_1_63' title="bbox 462 4062 3844 4156">
     <span class='ocr_line' id='line_1_64' title="bbox 462 4062 3844 4156; baseline -0.004 -20"><span class='ocrx_word' id='word_1_580' title='bbox 462 4062 746 4137; x_wconf 81' lang='lat' dir='ltr'><strong>erudiens</strong></span> <span class='ocrx_word' id='word_1_581' title='bbox 761 4091 894 4152; x_wconf 87' lang='lat' dir='ltr'><strong>nos,</strong></span> <span class='ocrx_word' id='word_1_582' title='bbox 913 4080 982 4139; x_wconf 88' lang='lat' dir='ltr'><strong>ut</strong></span> <span class='ocrx_word' id='word_1_583' title='bbox 995 4074 1368 4155; x_wconf 87' lang='lat' dir='ltr'><strong>abnegantes</strong></span> <span class='ocrx_word' id='word_1_584' title='bbox 1384 4078 1836 4156; x_wconf 56' lang='lat' dir='ltr'><strong>impietatem,“</strong></span> <span class='ocrx_word' id='word_1_585' title='bbox 1855 4062 2115 4137; x_wconf 58' lang='lat' dir='ltr'><strong>soeculaé</strong></span> <span class='ocrx_word' id='word_1_586' title='bbox 2200 4077 2596 4153; x_wconf 87' lang='lat' dir='ltr'><strong>consocietur,</strong></span> <span class='ocrx_word' id='word_1_587' title='bbox 2623 4062 2964 4151; x_wconf 64' lang='lat' dir='ltr'><strong>et,uniatur.</strong></span> <span class='ocrx_word' id='word_1_588' title='bbox 2999 4072 3173 4136; x_wconf 88' lang='lat' dir='ltr'><strong>Uuita</strong></span> <span class='ocrx_word' id='word_1_589' title='bbox 3191 4077 3384 4133; x_wconf 89' lang='lat' dir='ltr'><strong>autem</strong></span> <span class='ocrx_word' id='word_1_590' title='bbox 3415 4066 3562 4141; x_wconf 88' lang='lat' dir='ltr'><strong>Deo,</strong></span> <span class='ocrx_word' id='word_1_591' title='bbox 3602 4084 3735 4125; x_wconf 86' lang='lat' dir='ltr'><strong>mox</strong></span> <span class='ocrx_word' id='word_1_592' title='bbox 3769 4062 3844 4136; x_wconf 90' lang='lat' dir='ltr'><strong>ei,</strong></span> 
     </span>
    </p>
   </div>
   <div class='ocr_carea' id='block_1_64' title="bbox 467 4155 3851 4251">
    <p class='ocr_par' dir='ltr' id='par_1_64' title="bbox 467 4155 3851 4251">
     <span class='ocr_line' id='line_1_65' title="bbox 467 4155 3851 4251; baseline -0.004 -25"><span class='ocrx_word' id='word_1_593' title='bbox 467 4163 570 4226; x_wconf 87' lang='lat' dir='ltr'><strong>ria</strong></span> <span class='ocrx_word' id='word_1_594' title='bbox 585 4162 890 4227; x_wconf 88' lang='lat' dir='ltr'><strong>desideria</strong></span> <span class='ocrx_word' id='word_1_595' title='bbox 922 4167 1043 4246; x_wconf 85' lang='lat' dir='ltr'><strong>pie,</strong></span> <span class='ocrx_word' id='word_1_596' title='bbox 1085 4165 1302 4243; x_wconf 86' lang='lat' dir='ltr'><strong>sobrie,</strong></span> <span class='ocrx_word' id='word_1_597' title='bbox 1339 4172 1398 4227; x_wconf 89' lang='lat' dir='ltr'><strong>et</strong></span> <span class='ocrx_word' id='word_1_598' title='bbox 1423 4155 1587 4246; x_wconf 84' lang='lat' dir='ltr'><strong>juste</strong></span> <span class='ocrx_word' id='word_1_599' title='bbox 1622 4171 1897 4228; x_wconf 80' lang='lat' dir='ltr'><strong>vivamus</strong></span> <span class='ocrx_word' id='word_1_600' title='bbox 1919 4164 1989 4225; x_wconf 87' lang='lat' dir='ltr'><strong>in</strong></span> <span class='ocrx_word' id='word_1_601' title='bbox 2007 4163 2120 4251; x_wconf 84' lang='lat' dir='ltr'><strong>hoc</strong></span> <span class='ocrx_word' id='word_1_602' title='bbox 2207 4168 2309 4251; x_wconf 90' lang='lat' dir='ltr'><strong>qui</strong></span> <span class='ocrx_word' id='word_1_603' title='bbox 2337 4167 2418 4228; x_wconf 90' lang='lat' dir='ltr'><strong>ita</strong></span> <span class='ocrx_word' id='word_1_604' title='bbox 2444 4185 2579 4228; x_wconf 91' lang='lat' dir='ltr'><strong>cum</strong></span> <span class='ocrx_word' id='word_1_605' title='bbox 2606 4165 2841 4229; x_wconf 90' lang='lat' dir='ltr'><strong>Christo</strong></span> <span class='ocrx_word' id='word_1_606' title='bbox 2899 4161 3247 4237; x_wconf 84' lang='lat' dir='ltr'><strong>resurrexit,</strong></span> <span class='ocrx_word' id='word_1_607' title='bbox 3282 4155 3551 4237; x_wconf 66' lang='lat' dir='ltr'><strong>mystica“:</strong></span> <span class='ocrx_word' id='word_1_608' title='bbox 3580 4170 3851 4251; x_wconf 79' lang='lat' dir='ltr'><strong>resurre-</strong></span> 
     </span>
    </p>
   </div>
   <div class='ocr_carea' id='block_1_65' title="bbox 470 4242 3848 4337">
    <p class='ocr_par' dir='ltr' id='par_1_65' title="bbox 470 4242 3848 4337">
     <span class='ocr_line' id='line_1_66' title="bbox 470 4242 3848 4337; baseline -0.006 -15"><span class='ocrx_word' id='word_1_609' title='bbox 470 4252 689 4315; x_wconf 73' lang='grc' dir='ltr'><strong>εωαιιο</strong></span> <span class='ocrx_word' id='word_1_610' title='bbox 707 4251 796 4313; x_wconf 67' lang='lat'><strong>33-</strong></span> <span class='ocrx_word' id='word_1_611' title='bbox 815 4242 1000 4333; x_wconf 66' lang='grc' dir='ltr'><strong>Ῑείιῖιΐ</strong></span> <span class='ocrx_word' id='word_1_612' title='bbox 1015 4242 1245 4335; x_wconf 81' lang='lat' dir='ltr'><strong>quinon</strong></span> <span class='ocrx_word' id='word_1_613' title='bbox 1258 4242 1525 4337; x_wconf 77' lang='lat' dir='ltr'><strong>pieVivit,</strong></span> <span class='ocrx_word' id='word_1_614' title='bbox 1542 4253 1762 4336; x_wconf 87' lang='lat' dir='ltr'><strong>impius</strong></span> <span class='ocrx_word' id='word_1_615' title='bbox 1783 4260 1896 4316; x_wconf 76' lang='lat' dir='ltr'><strong>est.</strong></span> <span class='ocrx_word' id='word_1_616' title='bbox 1921 4253 1999 4315; x_wconf 80' lang='lat' dir='ltr'><strong>Et</strong></span> <span class='ocrx_word' id='word_1_617' title='bbox 2025 4250 2129 4331; x_wconf 85' lang='lat' dir='ltr'><strong>qui</strong></span> <span class='ocrx_word' id='word_1_618' title='bbox 2211 4242 2424 4320; x_wconf 72' lang='lat' dir='ltr'><strong>ctionis</strong></span> <span class='ocrx_word' id='word_1_619' title='bbox 2455 4274 2577 4318; x_wconf 72' lang='lat' dir='ltr'><strong>sua:</strong></span> <span class='ocrx_word' id='word_1_620' title='bbox 2604 4255 2849 4335; x_wconf 85' lang='lat' dir='ltr'><strong>gloriam</strong></span> <span class='ocrx_word' id='word_1_621' title='bbox 2900 4252 3190 4315; x_wconf 90' lang='lat' dir='ltr'><strong>cernendi</strong></span> <span class='ocrx_word' id='word_1_622' title='bbox 3235 4247 3570 4337; x_wconf 83' lang='lat' dir='ltr'><strong>facultatem</strong></span> <span class='ocrx_word' id='word_1_623' title='bbox 3596 4242 3848 4337; x_wconf 60' lang='lat' dir='ltr'><strong>praebet.</strong></span> 
     </span>
    </p>
   </div>
   <div class='ocr_carea' id='block_1_66' title="bbox 477 4332 3847 4440">
    <p class='ocr_par' dir='ltr' id='par_1_66' title="bbox 477 4332 3847 4440">
     <span class='ocr_line' id='line_1_67' title="bbox 477 4332 3847 4440; baseline -0.005 -35"><span class='ocrx_word' id='word_1_624' title='bbox 477 4338 833 4440; x_wconf 75' lang='lat' dir='ltr'><strong>non_sobri_e</strong></span> <span class='ocrx_word' id='word_1_625' title='bbox 862 4360 931 4440; x_wconf 76' lang='lat' dir='ltr'><strong>a_c</strong></span> <span class='ocrx_word' id='word_1_626' title='bbox 958 4332 1121 4440; x_wconf 78' lang='lat' dir='ltr'><strong>juste</strong></span> <span class='ocrx_word' id='word_1_627' title='bbox 1147 4332 1324 4440; x_wconf 58' lang='lat' dir='ltr'><strong>vitain</strong></span> <span class='ocrx_word' id='word_1_628' title='bbox 1354 4332 1917 4440; x_wconf 39' lang='lat' dir='ltr'><strong>traducit,&#39;mu‘ltum</strong></span> <span class='ocrx_word' id='word_1_629' title='bbox 1960 4341 2127 4440; x_wconf 78' lang='lat' dir='ltr'><strong>abest</strong></span> <span class='ocrx_word' id='word_1_630' title='bbox 2142 4376 2191 4440; x_wconf 80' lang='lat' dir='ltr'>D</span> <span class='ocrx_word' id='word_1_631' title='bbox 2211 4348 2363 4411; x_wconf 87' lang='lat' dir='ltr'><strong>Hinc</strong></span> <span class='ocrx_word' id='word_1_632' title='bbox 2392 4332 2685 4408; x_wconf 82' lang='lat' dir='ltr'><strong>dicimus:</strong></span> <span class='ocrx_word' id='word_1_633' title='bbox 2739 4346 2900 4407; x_wconf 88' lang='lat' dir='ltr'><strong>Deus</strong></span> <span class='ocrx_word' id='word_1_634' title='bbox 2947 4345 3262 4415; x_wconf 87' lang='lat' dir='ltr'><strong>Dominus,</strong></span> <span class='ocrx_word' id='word_1_635' title='bbox 3307 4342 3363 4399; x_wconf 86' lang='lat' dir='ltr'><strong>et</strong></span> <span class='ocrx_word' id='word_1_636' title='bbox 3418 4332 3847 4440; x_wconf 57' lang='lat' dir='ltr'><strong>illumitnobis.</strong></span> 
     </span>
    </p>
   </div>
   <div class='ocr_carea' id='block_1_67' title="bbox 476 4422 3848 4514">
    <p class='ocr_par' dir='ltr' id='par_1_67' title="bbox 476 4422 3848 4514">
     <span class='ocr_line' id='line_1_68' title="bbox 476 4422 3848 4514; baseline -0.004 -23"><span class='ocrx_word' id='word_1_637' title='bbox 476 4436 544 4490; x_wconf 92' lang='lat' dir='ltr'><strong>ut</strong></span> <span class='ocrx_word' id='word_1_638' title='bbox 572 4428 630 4491; x_wconf 90' lang='lat' dir='ltr'><strong>ei</strong></span> <span class='ocrx_word' id='word_1_639' title='bbox 657 4430 846 4508; x_wconf 80' lang='lat' dir='ltr'><strong>gratia</strong></span> <span class='ocrx_word' id='word_1_640' title='bbox 873 4422 983 4493; x_wconf 89' lang='lat' dir='ltr'><strong>Dei</strong></span> <span class='ocrx_word' id='word_1_641' title='bbox 1037 4431 1308 4495; x_wconf 88' lang='lat' dir='ltr'><strong>salutaris</strong></span> <span class='ocrx_word' id='word_1_642' title='bbox 1365 4438 1668 4514; x_wconf 87' lang='lat' dir='ltr'><strong>appareat.</strong></span> <span class='ocrx_word' id='word_1_643' title='bbox 1727 4430 1799 4492; x_wconf 90' lang='lat' dir='ltr'><strong>Et</strong></span> <span class='ocrx_word' id='word_1_644' title='bbox 1828 4422 2190 4512; x_wconf 56' lang='lat' dir='ltr'><strong>quomoda&quot;</strong></span> <span class='ocrx_word' id='word_1_645' title='bbox 2211 4442 2284 4502; x_wconf 89' lang='lat' dir='ltr'><strong>Et</strong></span> <span class='ocrx_word' id='word_1_646' title='bbox 2309 4434 2637 4497; x_wconf 90' lang='lat' dir='ltr'><strong>secundum</strong></span> <span class='ocrx_word' id='word_1_647' title='bbox 2666 4432 3067 4512; x_wconf 74' lang='lat' dir='ltr'><strong>signiﬁcantes</strong></span> <span class='ocrx_word' id='word_1_648' title='bbox 3087 4429 3425 4501; x_wconf 88' lang='lat' dir='ltr'><strong>adventum,</strong></span> <span class='ocrx_word' id='word_1_649' title='bbox 3451 4422 3797 4514; x_wconf 68' lang='lat' dir='ltr'><strong>subiicimus</strong></span> <span class='ocrx_word' id='word_1_650' title='bbox 3834 4440 3848 4480; x_wconf 90' lang='lat'>:</span> 
     </span>
    </p>
   </div>
   <div class='ocr_carea' id='block_1_68' title="bbox 469 4507 3852 4604">
    <p class='ocr_par' dir='ltr' id='par_1_68' title="bbox 469 4507 3852 4604">
     <span class='ocr_line' id='line_1_69' title="bbox 469 4507 3852 4604; baseline -0.004 -24"><span class='ocrx_word' id='word_1_651' title='bbox 469 4516 573 4580; x_wconf 89' lang='lat' dir='ltr'><strong>hic</strong></span> <span class='ocrx_word' id='word_1_652' title='bbox 595 4507 1067 4584; x_wconf 89' lang='lat' dir='ltr'><strong>Christianorum</strong></span> <span class='ocrx_word' id='word_1_653' title='bbox 1088 4522 1297 4584; x_wconf 91' lang='lat' dir='ltr'><strong>ordine</strong></span> <span class='ocrx_word' id='word_1_654' title='bbox 1324 4528 1381 4585; x_wconf 89' lang='lat' dir='ltr'><strong>et</strong></span> <span class='ocrx_word' id='word_1_655' title='bbox 1400 4507 1529 4583; x_wconf 80' lang='lat' dir='ltr'><strong>loco</strong></span> <span class='ocrx_word' id='word_1_656' title='bbox 1552 4507 2125 4599; x_wconf 75' lang='lat' dir='ltr'><strong>censeatur‘tlngre-</strong></span> <span class='ocrx_word' id='word_1_657' title='bbox 2208 4524 2572 4589; x_wconf 79' lang='lat' dir='ltr'><strong>Benedictus</strong></span> <span class='ocrx_word' id='word_1_658' title='bbox 2601 4524 2708 4604; x_wconf 89' lang='lat' dir='ltr'><strong>qui</strong></span> <span class='ocrx_word' id='word_1_659' title='bbox 2723 4507 2897 4585; x_wconf 66' lang='lat' dir='ltr'><strong>venit</strong></span> <span class='ocrx_word' id='word_1_660' title='bbox 2926 4522 2993 4584; x_wconf 87' lang='lat' dir='ltr'><strong>in</strong></span> <span class='ocrx_word' id='word_1_661' title='bbox 3022 4519 3266 4582; x_wconf 84' lang='lat' dir='ltr'><strong>nomine</strong></span> <span class='ocrx_word' id='word_1_662' title='bbox 3315 4514 3558 4580; x_wconf 82' lang='lat' dir='ltr'><strong>Domini</strong></span> <span class='ocrx_word' id='word_1_663' title='bbox 3573 4510 3668 4604; x_wconf 28' lang='grc'><strong>64..</strong></span> <span class='ocrx_word' id='word_1_664' title='bbox 3686 4507 3852 4569; x_wconf 87' lang='lat' dir='ltr'><strong>Hanc</strong></span> 
     </span>
    </p>
   </div>
   <div class='ocr_carea' id='block_1_69' title="bbox 477 4597 3848 4694">
    <p class='ocr_par' dir='ltr' id='par_1_69' title="bbox 477 4597 3848 4694">
     <span class='ocr_line' id='line_1_70' title="bbox 477 4597 3848 4694; baseline -0.004 -24"><span class='ocrx_word' id='word_1_665' title='bbox 477 4607 649 4672; x_wconf 88' lang='lat' dir='ltr'><strong>diens</strong></span> <span class='ocrx_word' id='word_1_666' title='bbox 675 4627 816 4673; x_wconf 87' lang='lat' dir='ltr'><strong>vero</strong></span> <span class='ocrx_word' id='word_1_667' title='bbox 849 4612 1138 4694; x_wconf 87' lang='lat' dir='ltr'><strong>templum</strong></span> <span class='ocrx_word' id='word_1_668' title='bbox 1169 4611 1427 4687; x_wconf 91' lang='lat' dir='ltr'><strong>Domini,</strong></span> <span class='ocrx_word' id='word_1_669' title='bbox 1461 4612 1604 4694; x_wconf 91' lang='lat' dir='ltr'><strong>quid</strong></span> <span class='ocrx_word' id='word_1_670' title='bbox 1642 4610 1843 4674; x_wconf 87' lang='lat' dir='ltr'><strong>dicet?</strong></span> <span class='ocrx_word' id='word_1_671' title='bbox 1900 4597 2120 4691; x_wconf 82' lang='lat' dir='ltr'><strong>gratias</strong></span> <span class='ocrx_word' id='word_1_672' title='bbox 2205 4597 2711 4677; x_wconf 70' lang='lat' dir='ltr'><strong>resurrectionem</strong></span> <span class='ocrx_word' id='word_1_673' title='bbox 2735 4607 3078 4692; x_wconf 88' lang='lat' dir='ltr'><strong>quiliquido</strong></span> <span class='ocrx_word' id='word_1_674' title='bbox 3101 4626 3219 4669; x_wconf 90' lang='lat' dir='ltr'><strong>non</strong></span> <span class='ocrx_word' id='word_1_675' title='bbox 3242 4605 3386 4694; x_wconf 83' lang='lat' dir='ltr'><strong>vidit</strong></span> <span class='ocrx_word' id='word_1_676' title='bbox 3408 4605 3633 4694; x_wconf 86' lang='lat' dir='ltr'><strong>(utpote</strong></span> <span class='ocrx_word' id='word_1_677' title='bbox 3654 4597 3848 4694; x_wconf 68' lang='lat' dir='ltr'><strong>incre-</strong></span> 
     </span>
    </p>
   </div>
   <div class='ocr_carea' id='block_1_70' title="bbox 476 4685 3852 4782">
    <p class='ocr_par' dir='ltr' id='par_1_70' title="bbox 476 4685 3852 4782">
     <span class='ocr_line' id='line_1_71' title="bbox 476 4685 3852 4782; baseline -0.003 -22"><span class='ocrx_word' id='word_1_678' title='bbox 476 4704 629 4778; x_wconf 86' lang='lat' dir='ltr'><strong>aget,</strong></span> <span class='ocrx_word' id='word_1_679' title='bbox 655 4717 731 4762; x_wconf 91' lang='lat' dir='ltr'><strong>an</strong></span> <span class='ocrx_word' id='word_1_680' title='bbox 778 4685 994 4782; x_wconf 68' lang='lat' dir='ltr'><strong>petet&#39;.i</strong></span> <span class='ocrx_word' id='word_1_681' title='bbox 1038 4699 1103 4764; x_wconf 91' lang='lat' dir='ltr'><strong>Si</strong></span> <span class='ocrx_word' id='word_1_682' title='bbox 1130 4701 1306 4777; x_wconf 91' lang='lat' dir='ltr'><strong>illud,</strong></span> <span class='ocrx_word' id='word_1_683' title='bbox 1340 4685 1532 4765; x_wconf 76' lang='lat' dir='ltr'><strong>semet</strong></span> <span class='ocrx_word' id='word_1_684' title='bbox 1561 4700 1731 4777; x_wconf 87' lang='lat' dir='ltr'><strong>fallit,</strong></span> <span class='ocrx_word' id='word_1_685' title='bbox 1767 4685 1968 4779; x_wconf 71' lang='lat' dir='ltr'><strong>utpote</strong></span> <span class='ocrx_word' id='word_1_686' title='bbox 2002 4718 2121 4761; x_wconf 93' lang='lat' dir='ltr'><strong>non</strong></span> <span class='ocrx_word' id='word_1_687' title='bbox 2207 4702 2405 4775; x_wconf 89' lang='lat' dir='ltr'><strong>dulus,</strong></span> <span class='ocrx_word' id='word_1_688' title='bbox 2436 4700 2652 4780; x_wconf 87' lang='lat' dir='ltr'><strong>impius</strong></span> <span class='ocrx_word' id='word_1_689' title='bbox 2681 4685 2771 4761; x_wconf 46' lang='lat' dir='ltr'><strong>ac&#39;</strong></span> <span class='ocrx_word' id='word_1_690' title='bbox 2799 4685 3113 4773; x_wconf 69' lang='lat' dir='ltr'><strong>mortuus),</strong></span> <span class='ocrx_word' id='word_1_691' title='bbox 3167 4714 3278 4757; x_wconf 90' lang='lat' dir='ltr'><strong>nec</strong></span> <span class='ocrx_word' id='word_1_692' title='bbox 3329 4692 3626 4755; x_wconf 86' lang='lat' dir='ltr'><strong>Christum</strong></span> <span class='ocrx_word' id='word_1_693' title='bbox 3651 4685 3852 4782; x_wconf 54' lang='lat' dir='ltr'><strong>ipsum</strong></span> 
     </span>
    </p>
   </div>
   <div class='ocr_carea' id='block_1_71' title="bbox 476 4786 2122 4874">
    <p class='ocr_par' dir='ltr' id='par_1_71' title="bbox 476 4786 2122 4874">
     <span class='ocr_line' id='line_1_72' title="bbox 476 4786 2122 4874; baseline 0.001 -24"><span class='ocrx_word' id='word_1_694' title='bbox 476 4786 728 4864; x_wconf 87' lang='lat' dir='ltr'><strong>habens,</strong></span> <span class='ocrx_word' id='word_1_695' title='bbox 762 4808 899 4853; x_wconf 92' lang='lat' dir='ltr'><strong>cum</strong></span> <span class='ocrx_word' id='word_1_696' title='bbox 931 4809 1049 4852; x_wconf 91' lang='lat' dir='ltr'><strong>non</strong></span> <span class='ocrx_word' id='word_1_697' title='bbox 1097 4790 1418 4874; x_wconf 88' lang='lat' dir='ltr'><strong>acceperit,</strong></span> <span class='ocrx_word' id='word_1_698' title='bbox 1466 4799 1530 4853; x_wconf 90' lang='lat' dir='ltr'><strong>et</strong></span> <span class='ocrx_word' id='word_1_699' title='bbox 1557 4790 1956 4873; x_wconf 90' lang='lat' dir='ltr'><strong>nequidquam</strong></span> <span class='ocrx_word' id='word_1_700' title='bbox 1982 4807 2122 4869; x_wconf 86' lang='lat' dir='ltr'><strong>gra-</strong></span> 
     </span>
    </p>
   </div>
   <div class='ocr_carea' id='block_1_72' title="bbox 476 4876 2123 4963">
    <p class='ocr_par' dir='ltr' id='par_1_72' title="bbox 476 4876 2123 4963">
     <span class='ocr_line' id='line_1_73' title="bbox 476 4876 2123 4963; baseline 0.001 -22"><span class='ocrx_word' id='word_1_701' title='bbox 476 4876 591 4942; x_wconf 85' lang='lat' dir='ltr'><strong>tias</strong></span> <span class='ocrx_word' id='word_1_702' title='bbox 616 4897 820 4960; x_wconf 87' lang='lat' dir='ltr'><strong>agens.</strong></span> <span class='ocrx_word' id='word_1_703' title='bbox 857 4878 921 4943; x_wconf 92' lang='lat' dir='ltr'><strong>Si</strong></span> <span class='ocrx_word' id='word_1_704' title='bbox 948 4882 1085 4955; x_wconf 93' lang='lat' dir='ltr'><strong>hoc,</strong></span> <span class='ocrx_word' id='word_1_705' title='bbox 1139 4900 1257 4963; x_wconf 90' lang='lat' dir='ltr'><strong>qua</strong></span> <span class='ocrx_word' id='word_1_706' title='bbox 1287 4880 1574 4960; x_wconf 90' lang='lat' dir='ltr'><strong>petitione</strong></span> <span class='ocrx_word' id='word_1_707' title='bbox 1593 4880 1625 4941; x_wconf 77' lang='lat' dir='ltr'><strong>‘I</strong></span> <span class='ocrx_word' id='word_1_708' title='bbox 1652 4900 1827 4962; x_wconf 88' lang='lat' dir='ltr'><strong>quam</strong></span> <span class='ocrx_word' id='word_1_709' title='bbox 1861 4900 1981 4942; x_wconf 90' lang='lat' dir='ltr'><strong>non</strong></span> <span class='ocrx_word' id='word_1_710' title='bbox 2010 4898 2123 4942; x_wconf 94' lang='lat' dir='ltr'><strong>no-</strong></span> 
     </span>
    </p>
   </div>
   <div class='ocr_carea' id='block_1_73' title="bbox 478 4968 2128 5051">
    <p class='ocr_par' dir='ltr' id='par_1_73' title="bbox 478 4968 2128 5051">
     <span class='ocr_line' id='line_1_74' title="bbox 478 4968 2128 5051; baseline 0 -21"><span class='ocrx_word' id='word_1_711' title='bbox 478 4968 586 5048; x_wconf 88' lang='lat' dir='ltr'><strong>vit,</strong></span> <span class='ocrx_word' id='word_1_712' title='bbox 607 4976 666 5031; x_wconf 90' lang='lat' dir='ltr'><strong>et</strong></span> <span class='ocrx_word' id='word_1_713' title='bbox 683 4987 859 5051; x_wconf 91' lang='lat' dir='ltr'><strong>quam</strong></span> <span class='ocrx_word' id='word_1_714' title='bbox 881 4969 1155 5051; x_wconf 76' lang='lat' dir='ltr'><strong>ignorat?</strong></span> <span class='ocrx_word' id='word_1_715' title='bbox 1177 4970 1339 5033; x_wconf 91' lang='lat' dir='ltr'><strong>Talis</strong></span> <span class='ocrx_word' id='word_1_716' title='bbox 1360 4970 1580 5033; x_wconf 92' lang='lat' dir='ltr'><strong>nullius</strong></span> <span class='ocrx_word' id='word_1_717' title='bbox 1603 4969 1799 5051; x_wconf 90' lang='lat' dir='ltr'><strong>pretii,</strong></span> <span class='ocrx_word' id='word_1_718' title='bbox 1851 4977 1911 5033; x_wconf 93' lang='lat' dir='ltr'><strong>et</strong></span> <span class='ocrx_word' id='word_1_719' title='bbox 1941 4968 2128 5031; x_wconf 91' lang='lat' dir='ltr'><strong>inuti-</strong></span> 
     </span>
    </p>
   </div>
   <div class='ocr_carea' id='block_1_74' title="bbox 481 5057 2133 5142">
    <p class='ocr_par' dir='ltr' id='par_1_74' title="bbox 481 5057 2133 5142">
     <span class='ocr_line' id='line_1_75' title="bbox 481 5057 2133 5142; baseline 0 -22"><span class='ocrx_word' id='word_1_720' title='bbox 481 5057 558 5121; x_wconf 87' lang='lat' dir='ltr'><strong>lis</strong></span> <span class='ocrx_word' id='word_1_721' title='bbox 611 5066 722 5139; x_wconf 88' lang='lat' dir='ltr'><strong>est,</strong></span> <span class='ocrx_word' id='word_1_722' title='bbox 792 5067 1069 5142; x_wconf 91' lang='lat' dir='ltr'><strong>tanquam</strong></span> <span class='ocrx_word' id='word_1_723' title='bbox 1153 5060 1521 5139; x_wconf 88' lang='lat' dir='ltr'><strong>incredulus,</strong></span> <span class='ocrx_word' id='word_1_724' title='bbox 1612 5067 1671 5122; x_wconf 91' lang='lat' dir='ltr'><strong>et</strong></span> <span class='ocrx_word' id='word_1_725' title='bbox 1726 5067 2015 5140; x_wconf 91' lang='lat' dir='ltr'><strong>mortuus,</strong></span> <span class='ocrx_word' id='word_1_726' title='bbox 2074 5066 2133 5121; x_wconf 88' lang='lat' dir='ltr'><strong>et</strong></span> 
     </span>
    </p>
   </div>
   <div class='ocr_carea' id='block_1_75' title="bbox 482 5147 2130 5233">
    <p class='ocr_par' dir='ltr' id='par_1_75' title="bbox 482 5147 2130 5233">
     <span class='ocr_line' id='line_1_76' title="bbox 482 5147 2130 5233; baseline -0.001 -22"><span class='ocrx_word' id='word_1_727' title='bbox 482 5148 729 5213; x_wconf 87' lang='lat' dir='ltr'><strong>atheus:</strong></span> <span class='ocrx_word' id='word_1_728' title='bbox 764 5149 1130 5217; x_wconf 90' lang='lat' dir='ltr'><strong>incredulus.</strong></span> <span class='ocrx_word' id='word_1_729' title='bbox 1165 5149 1446 5233; x_wconf 90' lang='lat' dir='ltr'><strong>quoniam</strong></span> <span class='ocrx_word' id='word_1_730' title='bbox 1489 5149 1704 5216; x_wconf 85' lang='lat' dir='ltr'><strong>Christi</strong></span> <span class='ocrx_word' id='word_1_731' title='bbox 1733 5147 2130 5211; x_wconf 88' lang='lat' dir='ltr'><strong>resurrectio-</strong></span> 
     </span>
    </p>
   </div>
   <div class='ocr_carea' id='block_1_76' title="bbox 464 5239 2128 5329">
    <p class='ocr_par' dir='ltr' id='par_1_76' title="bbox 464 5239 2128 5329">
     <span class='ocr_line' id='line_1_77' title="bbox 464 5239 2128 5329; baseline -0.001 -29"><span class='ocrx_word' id='word_1_732' title='bbox 464 5256 623 5329; x_wconf 89' lang='lat' dir='ltr'><strong>nem</strong></span> <span class='ocrx_word' id='word_1_733' title='bbox 665 5259 786 5303; x_wconf 91' lang='lat' dir='ltr'><strong>non</strong></span> <span class='ocrx_word' id='word_1_734' title='bbox 813 5241 1101 5325; x_wconf 89' lang='lat' dir='ltr'><strong>suscepit,</strong></span> <span class='ocrx_word' id='word_1_735' title='bbox 1134 5258 1514 5323; x_wconf 88' lang='lat' dir='ltr'><strong>summopere</strong></span> <span class='ocrx_word' id='word_1_736' title='bbox 1545 5240 1868 5321; x_wconf 89' lang='lat' dir='ltr'><strong>mentiens,</strong></span> <span class='ocrx_word' id='word_1_737' title='bbox 1900 5257 2037 5301; x_wconf 91' lang='lat' dir='ltr'><strong>cum</strong></span> <span class='ocrx_word' id='word_1_738' title='bbox 2067 5239 2128 5298; x_wconf 94' lang='lat' dir='ltr'><strong>in</strong></span> 
     </span>
    </p>
   </div>
   <div class='ocr_carea' id='block_1_77' title="bbox 482 5330 2127 5412">
    <p class='ocr_par' dir='ltr' id='par_1_77' title="bbox 482 5330 2127 5412">
     <span class='ocr_line' id='line_1_78' title="bbox 482 5330 2127 5412; baseline -0.002 -18"><span class='ocrx_word' id='word_1_739' title='bbox 482 5330 714 5394; x_wconf 89' lang='lat' dir='ltr'><strong>cantico</strong></span> <span class='ocrx_word' id='word_1_740' title='bbox 729 5330 902 5397; x_wconf 90' lang='lat' dir='ltr'><strong>dicit:</strong></span> <span class='ocrx_word' id='word_1_741' title='bbox 919 5332 1163 5397; x_wconf 84' lang='lat' dir='ltr'><strong>Christi</strong></span> <span class='ocrx_word' id='word_1_742' title='bbox 1178 5331 1689 5395; x_wconf 85' lang='lat' dir='ltr'><strong>resurrectionem</strong></span> <span class='ocrx_word' id='word_1_743' title='bbox 1698 5347 1871 5412; x_wconf 80' lang='lat' dir='ltr'><strong>specu</strong></span> <span class='ocrx_word' id='word_1_744' title='bbox 1880 5330 1995 5394; x_wconf 79' lang='lat' dir='ltr'><strong>lati</strong></span> <span class='ocrx_word' id='word_1_745' title='bbox 2011 5335 2127 5391; x_wconf 92' lang='lat' dir='ltr'><strong>etc.</strong></span> 
     </span>
    </p>
   </div>
   <div class='ocr_carea' id='block_1_78' title="bbox 484 5493 2112 5580">
    <p class='ocr_par' dir='ltr' id='par_1_78' title="bbox 484 5497 2112 5580">
     <span class='ocr_line' id='line_1_79' title="bbox 484 5497 2112 5580; baseline -0.003 -15"><span class='ocrx_word' id='word_1_746' title='bbox 484 5501 521 5527; x_wconf 56' lang='grc' dir='ltr'><strong>’τ’</strong></span> <span class='ocrx_word' id='word_1_747' title='bbox 540 5499 624 5580; x_wconf 60' lang='grc'><strong>57</strong></span> <span class='ocrx_word' id='word_1_748' title='bbox 650 5502 797 5580; x_wconf 91' lang='lat' dir='ltr'><strong>Luc.</strong></span> <span class='ocrx_word' id='word_1_749' title='bbox 827 5516 893 5580; x_wconf 82' lang='grc' dir='ltr'><strong>ιι,</strong></span> <span class='ocrx_word' id='word_1_750' title='bbox 923 5501 1024 5577; x_wconf 76' lang='grc'><strong>14,</strong></span> <span class='ocrx_word' id='word_1_751' title='bbox 1108 5503 1173 5556; x_wconf 80' lang='lat'><strong>58</strong></span> <span class='ocrx_word' id='word_1_752' title='bbox 1202 5501 1357 5566; x_wconf 89' lang='lat' dir='ltr'><strong>Psal.</strong></span> <span class='ocrx_word' id='word_1_753' title='bbox 1392 5516 1571 5580; x_wconf 82' lang='lat' dir='ltr'><strong>cxvu,</strong></span> <span class='ocrx_word' id='word_1_754' title='bbox 1600 5498 1706 5565; x_wconf 80' lang='grc'><strong>27.</strong></span> <span class='ocrx_word' id='word_1_755' title='bbox 1733 5576 1741 5580; x_wconf 95' lang='lat'><em>_</em></span> <span class='ocrx_word' id='word_1_756' title='bbox 1768 5499 1853 5580; x_wconf 76' lang='lat'><strong>_59</strong></span> <span class='ocrx_word' id='word_1_757' title='bbox 1874 5497 2112 5580; x_wconf 69' lang='lat' dir='ltr'><strong>Malac.t</strong></span> 
     </span>
    </p>
   </div>
   <div class='ocr_carea' id='block_1_79' title="bbox 2198 5493 2760 5580">
    <p class='ocr_par' dir='ltr' id='par_1_79' title="bbox 2198 5493 2760 5580">
     <span class='ocr_line' id='line_1_80' title="bbox 2198 5493 2760 5580; baseline -0.005 -21"><span class='ocrx_word' id='word_1_758' title='bbox 2198 5495 2237 5561; x_wconf 79' lang='grc'><strong>5.</strong></span> <span class='ocrx_word' id='word_1_759' title='bbox 2320 5493 2577 5580; x_wconf 9' lang='lat'><strong>69711993.</strong></span> <span class='ocrx_word' id='word_1_760' title='bbox 2594 5510 2666 5580; x_wconf 79' lang='lat' dir='ltr'><strong>_v,</strong></span> <span class='ocrx_word' id='word_1_761' title='bbox 2700 5495 2760 5571; x_wconf 72' lang='lat'><strong>1,</strong></span> 
     </span>
    </p>
   </div>
   <div class='ocr_carea' id='block_1_80' title="bbox 2207 4776 3857 4863">
    <p class='ocr_par' dir='ltr' id='par_1_80' title="bbox 2207 4776 3857 4863">
     <span class='ocr_line' id='line_1_81' title="bbox 2207 4776 3857 4863; baseline -0.012 -11"><span class='ocrx_word' id='word_1_762' title='bbox 2207 4798 2273 4853; x_wconf 91' lang='lat' dir='ltr'><strong>ut</strong></span> <span class='ocrx_word' id='word_1_763' title='bbox 2320 4776 2615 4863; x_wconf 83' lang='lat' dir='ltr'><strong>sanctum,</strong></span> <span class='ocrx_word' id='word_1_764' title='bbox 2651 4807 2721 4849; x_wconf 84' lang='lat' dir='ltr'><strong>ac</strong></span> <span class='ocrx_word' id='word_1_765' title='bbox 2763 4786 3080 4849; x_wconf 91' lang='lat' dir='ltr'><strong>Dominum</strong></span> <span class='ocrx_word' id='word_1_766' title='bbox 3112 4783 3361 4845; x_wconf 89' lang='lat' dir='ltr'><strong>adorare</strong></span> <span class='ocrx_word' id='word_1_767' title='bbox 3396 4786 3588 4859; x_wconf 87' lang='lat' dir='ltr'><strong>potest</strong></span> <span class='ocrx_word' id='word_1_768' title='bbox 3623 4797 3636 4836; x_wconf 89' lang='lat'><strong>:</strong></span> <span class='ocrx_word' id='word_1_769' title='bbox 3674 4776 3857 4837; x_wconf 84' lang='lat' dir='ltr'><strong>Nemo</strong></span> 
     </span>
    </p>
   </div>
   <div class='ocr_carea' id='block_1_81' title="bbox 2210 4864 3859 4958">
    <p class='ocr_par' dir='ltr' id='par_1_81' title="bbox 2210 4864 3859 4958">
     <span class='ocr_line' id='line_1_82' title="bbox 2210 4864 3859 4958; baseline -0.014 -14"><span class='ocrx_word' id='word_1_770' title='bbox 2210 4879 2397 4953; x_wconf 88' lang='lat' dir='ltr'><strong>enim,</strong></span> <span class='ocrx_word' id='word_1_771' title='bbox 2424 4877 2637 4958; x_wconf 90' lang='lat' dir='ltr'><strong>inquit,</strong></span> <span class='ocrx_word' id='word_1_772' title='bbox 2652 4884 2852 4958; x_wconf 85' lang='lat' dir='ltr'><strong>potest</strong></span> <span class='ocrx_word' id='word_1_773' title='bbox 2869 4875 3075 4938; x_wconf 88' lang='lat' dir='ltr'><strong>dicere</strong></span> <span class='ocrx_word' id='word_1_774' title='bbox 3095 4892 3109 4936; x_wconf 91' lang='lat'>:</span> <span class='ocrx_word' id='word_1_775' title='bbox 3138 4872 3429 4934; x_wconf 86' lang='lat' dir='ltr'><strong>Dominus</strong></span> <span class='ocrx_word' id='word_1_776' title='bbox 3444 4866 3641 4958; x_wconf 75' lang='lat' dir='ltr'><strong>Iesus,</strong></span> <span class='ocrx_word' id='word_1_777' title='bbox 3658 4864 3783 4926; x_wconf 86' lang='lat' dir='ltr'><strong>nisi</strong></span> <span class='ocrx_word' id='word_1_778' title='bbox 3797 4865 3859 4958; x_wconf 86' lang='lat' dir='ltr'><strong>in</strong></span> 
     </span>
    </p>
   </div>
   <div class='ocr_carea' id='block_1_82' title="bbox 2210 4956 3859 5050">
    <p class='ocr_par' dir='ltr' id='par_1_82' title="bbox 2210 4956 3859 5050">
     <span class='ocr_line' id='line_1_83' title="bbox 2210 4956 3859 5050; baseline -0.013 -16"><span class='ocrx_word' id='word_1_779' title='bbox 2210 4969 2448 5050; x_wconf 88' lang='lat' dir='ltr'><strong>Spiritu</strong></span> <span class='ocrx_word' id='word_1_780' title='bbox 2467 4956 2669 5030; x_wconf 82' lang='lat' dir='ltr'><strong>sancto</strong></span> <span class='ocrx_word' id='word_1_781' title='bbox 2709 4965 2794 5028; x_wconf 76' lang='lat'><strong>65.</strong></span> <span class='ocrx_word' id='word_1_782' title='bbox 2832 4964 2902 5027; x_wconf 88' lang='lat' dir='ltr'><strong>Et</strong></span> <span class='ocrx_word' id='word_1_783' title='bbox 2936 4962 3074 5024; x_wconf 89' lang='lat' dir='ltr'><strong>alibi</strong></span> <span class='ocrx_word' id='word_1_784' title='bbox 3103 4979 3117 5023; x_wconf 91' lang='lat'>:</span> <span class='ocrx_word' id='word_1_785' title='bbox 3152 4960 3420 5040; x_wconf 80' lang='lat' dir='ltr'><strong>Spiritus</strong></span> <span class='ocrx_word' id='word_1_786' title='bbox 3463 4964 3550 5050; x_wconf 82' lang='lat' dir='ltr'><strong>est</strong></span> <span class='ocrx_word' id='word_1_787' title='bbox 3586 4956 3767 5023; x_wconf 84' lang='lat' dir='ltr'><strong>Deus,</strong></span> <span class='ocrx_word' id='word_1_788' title='bbox 3792 4956 3859 5050; x_wconf 83' lang='lat' dir='ltr'><strong>et</strong></span> 
     </span>
    </p>
   </div>
   <div class='ocr_carea' id='block_1_83' title="bbox 2213 5047 3862 5139">
    <p class='ocr_par' dir='ltr' id='par_1_83' title="bbox 2213 5047 3862 5139">
     <span class='ocr_line' id='line_1_84' title="bbox 2213 5047 3862 5139; baseline -0.012 -18"><span class='ocrx_word' id='word_1_789' title='bbox 2213 5047 2320 5139; x_wconf 83' lang='lat' dir='ltr'><strong>qui</strong></span> <span class='ocrx_word' id='word_1_790' title='bbox 2345 5056 2612 5120; x_wconf 84' lang='lat' dir='ltr'><strong>adorant</strong></span> <span class='ocrx_word' id='word_1_791' title='bbox 2639 5074 2797 5132; x_wconf 89' lang='lat' dir='ltr'><strong>eum,</strong></span> <span class='ocrx_word' id='word_1_792' title='bbox 2846 5057 2914 5116; x_wconf 87' lang='lat' dir='ltr'><strong>in</strong></span> <span class='ocrx_word' id='word_1_793' title='bbox 2957 5053 3180 5134; x_wconf 85' lang='lat' dir='ltr'><strong>spiritu</strong></span> <span class='ocrx_word' id='word_1_794' title='bbox 3231 5056 3288 5112; x_wconf 86' lang='lat' dir='ltr'><strong>et</strong></span> <span class='ocrx_word' id='word_1_795' title='bbox 3337 5047 3597 5111; x_wconf 85' lang='lat' dir='ltr'><strong>veritate</strong></span> <span class='ocrx_word' id='word_1_796' title='bbox 3625 5048 3862 5139; x_wconf 79' lang='lat' dir='ltr'><strong>oportet</strong></span> 
     </span>
    </p>
   </div>
   <div class='ocr_carea' id='block_1_84' title="bbox 2213 5134 3860 5225">
    <p class='ocr_par' dir='ltr' id='par_1_84' title="bbox 2213 5134 3860 5225">
     <span class='ocr_line' id='line_1_85' title="bbox 2213 5134 3860 5225; baseline -0.01 -14"><span class='ocrx_word' id='word_1_797' title='bbox 2213 5134 2595 5223; x_wconf 59' lang='lat' dir='ltr'><strong>adorarem;</strong></span> <span class='ocrx_word' id='word_1_798' title='bbox 2629 5147 2744 5208; x_wconf 93' lang='lat' dir='ltr'><strong>hoc</strong></span> <span class='ocrx_word' id='word_1_799' title='bbox 2774 5151 2885 5225; x_wconf 89' lang='lat' dir='ltr'><strong>est,</strong></span> <span class='ocrx_word' id='word_1_800' title='bbox 2919 5143 2981 5204; x_wconf 90' lang='lat' dir='ltr'><strong>in</strong></span> <span class='ocrx_word' id='word_1_801' title='bbox 3010 5140 3233 5221; x_wconf 89' lang='lat' dir='ltr'><strong>Spiritu</strong></span> <span class='ocrx_word' id='word_1_802' title='bbox 3282 5143 3506 5211; x_wconf 91' lang='lat' dir='ltr'><strong>sancto,</strong></span> <span class='ocrx_word' id='word_1_803' title='bbox 3542 5143 3600 5197; x_wconf 89' lang='lat' dir='ltr'><strong>et</strong></span> <span class='ocrx_word' id='word_1_804' title='bbox 3628 5135 3689 5196; x_wconf 90' lang='lat' dir='ltr'><strong>in</strong></span> <span class='ocrx_word' id='word_1_805' title='bbox 3723 5134 3860 5225; x_wconf 42' lang='lat' dir='ltr'><strong>uui-f</strong></span> 
     </span>
    </p>
   </div>
   <div class='ocr_carea' id='block_1_85' title="bbox 2211 5223 3861 5318">
    <p class='ocr_par' dir='ltr' id='par_1_85' title="bbox 2211 5223 3861 5318">
     <span class='ocr_line' id='line_1_86' title="bbox 2211 5223 3861 5318; baseline -0.01 -18"><span class='ocrx_word' id='word_1_806' title='bbox 2211 5236 2415 5318; x_wconf 85' lang='lat' dir='ltr'><strong>genito</strong></span> <span class='ocrx_word' id='word_1_807' title='bbox 2448 5237 2579 5317; x_wconf 87' lang='lat' dir='ltr'><strong>ejus</strong></span> <span class='ocrx_word' id='word_1_808' title='bbox 2625 5234 2798 5299; x_wconf 90' lang='lat' dir='ltr'><strong>Filio.</strong></span> <span class='ocrx_word' id='word_1_809' title='bbox 2859 5223 2968 5297; x_wconf 90' lang='lat' dir='ltr'><strong>Hic</strong></span> <span class='ocrx_word' id='word_1_810' title='bbox 3024 5239 3218 5294; x_wconf 89' lang='lat' dir='ltr'><strong>autem</strong></span> <span class='ocrx_word' id='word_1_811' title='bbox 3273 5225 3558 5318; x_wconf 75' lang='lat' dir='ltr'><strong>inﬁdelis</strong></span> <span class='ocrx_word' id='word_1_812' title='bbox 3592 5232 3703 5300; x_wconf 91' lang='lat' dir='ltr'><strong>est,</strong></span> <span class='ocrx_word' id='word_1_813' title='bbox 3761 5223 3861 5306; x_wconf 89' lang='lat' dir='ltr'><strong>qui</strong></span> 
     </span>
    </p>
   </div>
   <div class='ocr_carea' id='block_1_86' title="bbox 2211 5315 3859 5408">
    <p class='ocr_par' dir='ltr' id='par_1_86' title="bbox 2211 5315 3859 5408">
     <span class='ocr_line' id='line_1_87' title="bbox 2211 5315 3859 5408; baseline -0.008 -20"><span class='ocrx_word' id='word_1_814' title='bbox 2211 5315 2392 5389; x_wconf 78' lang='lat' dir='ltr'><strong>ﬁdem</strong></span> <span class='ocrx_word' id='word_1_815' title='bbox 2418 5315 2529 5408; x_wconf 85' lang='lat' dir='ltr'><strong>per</strong></span> <span class='ocrx_word' id='word_1_816' title='bbox 2557 5342 2737 5406; x_wconf 90' lang='lat' dir='ltr'><strong>opera</strong></span> <span class='ocrx_word' id='word_1_817' title='bbox 2766 5342 2885 5386; x_wconf 90' lang='lat' dir='ltr'><strong>non</strong></span> <span class='ocrx_word' id='word_1_818' title='bbox 2917 5319 3201 5397; x_wconf 91' lang='lat' dir='ltr'><strong>ostendit,</strong></span> <span class='ocrx_word' id='word_1_819' title='bbox 3220 5316 3460 5399; x_wconf 87' lang='lat' dir='ltr'><strong>quando</strong></span> <span class='ocrx_word' id='word_1_820' title='bbox 3485 5315 3633 5378; x_wconf 88' lang='lat' dir='ltr'><strong>ﬁdes</strong></span> <span class='ocrx_word' id='word_1_821' title='bbox 3649 5332 3859 5377; x_wconf 92' lang='lat' dir='ltr'><strong>secun-</strong></span> 
     </span>
    </p>
   </div>
   <div class='ocr_carea' id='block_1_87' title="bbox 2843 5483 3853 5585">
    <p class='ocr_par' dir='ltr' id='par_1_87' title="bbox 2843 5483 3853 5585">
     <span class='ocr_line' id='line_1_88' title="bbox 2843 5483 3853 5585; baseline -0.006 -33"><span class='ocrx_word' id='word_1_822' title='bbox 2843 5489 3143 5585; x_wconf 45' lang='lat' dir='ltr'><strong>Blnlgphes.</strong></span> <span class='ocrx_word' id='word_1_823' title='bbox 3176 5503 3241 5565; x_wconf 83' lang='lat' dir='ltr'><strong>Il,</strong></span> <span class='ocrx_word' id='word_1_824' title='bbox 3275 5486 3374 5585; x_wconf 61' lang='lat' dir='ltr'><strong>i4.</strong></span> <span class='ocrx_word' id='word_1_825' title='bbox 3460 5484 3525 5535; x_wconf 70' lang='grc'><strong>62</strong></span> <span class='ocrx_word' id='word_1_826' title='bbox 3552 5483 3779 5550; x_wconf 88' lang='lat' dir='ltr'><strong>Coloss.</strong></span> <span class='ocrx_word' id='word_1_827' title='bbox 3812 5500 3853 5560; x_wconf 80' lang='grc' dir='ltr'><strong>ι,</strong></span> 
     </span>
    </p>
   </div>
   <div class='ocr_carea' id='block_1_88' title="bbox 482 5549 2998 5662">
    <p class='ocr_par' dir='ltr' id='par_1_88' title="bbox 482 5549 2998 5662">
     <span class='ocr_line' id='line_1_89' title="bbox 482 5549 2998 5662; baseline -0.007 -14"><span class='ocrx_word' id='word_1_828' title='bbox 482 5549 699 5648; x_wconf 59' lang='lat' dir='ltr'><strong>solas?</strong></span> <span class='ocrx_word' id='word_1_829' title='bbox 704 5549 1086 5662; x_wconf 41' lang='lat'><strong>&quot;337111711,</strong></span> <span class='ocrx_word' id='word_1_830' title='bbox 1110 5549 1223 5648; x_wconf 68' lang='grc' dir='ltr'>Ῑεῖ</span> <span class='ocrx_word' id='word_1_831' title='bbox 1246 5549 1367 5636; x_wconf 64' lang='grc' dir='ltr'><strong>’Ἢ</strong></span> <span class='ocrx_word' id='word_1_832' title='bbox 1393 5549 1571 5647; x_wconf 53' lang='grc' dir='ltr'><strong>ἧιῖ</strong></span> <span class='ocrx_word' id='word_1_833' title='bbox 1588 5549 1709 5661; x_wconf 57' lang='lat' dir='ltr'><strong>at;</strong></span> <span class='ocrx_word' id='word_1_834' title='bbox 1732 5549 1815 5646; x_wconf 53' lang='lat'><strong>&#39;9:</strong></span> <span class='ocrx_word' id='word_1_835' title='bbox 1828 5549 1841 5552; x_wconf 62' lang='grc'><em>’</em></span> <span class='ocrx_word' id='word_1_836' title='bbox 1874 5549 2311 5655; x_wconf 60' lang='grc' dir='ltr'><strong>’ξέῒέὁί-Ῐέη,</strong></span> <span class='ocrx_word' id='word_1_837' title='bbox 2343 5549 2759 5640; x_wconf 67' lang='grc' dir='ltr'><strong>3.”⁷ὁ’ὀίὸέιιῖί</strong></span> <span class='ocrx_word' id='word_1_838' title='bbox 2781 5589 2864 5649; x_wconf 84' lang='grc' dir='ltr'><strong>Ιν,</strong></span> <span class='ocrx_word' id='word_1_839' title='bbox 2894 5549 2998 5636; x_wconf 68' lang='grc' dir='ltr'><strong>2ῐῖ</strong></span> 
     </span>
    </p>
   </div>
  </div>
