4068 6112
268 167 373 236 341

1763 176 2043 290 ΟΒΔᾘΟ
2088 176 2162 242 ν.

3536 169 3655 236 342

269 327 708 394 dumJacobum
737 334 1064 412 apostolum
1109 333 1240 397 sine
1272 334 1557 415 operibus
1591 335 1655 396 in
1695 352 1760 397 se
1789 327 1981 415 ipsaA
2003 335 2164 399 enim
2207 335 2506 416 sigillatim
2536 335 3007 418 Christianorum
3040 332 3320 418 mysteria
3347 305 3659 413 cognosc:

269 425 357 479 est
384 427 638 496 mortua,
673 423 826 485 sicut
855 430 913 486 et
961 441 1143 505 opera
1193 423 1324 486 sine
1381 423 1499 485 ﬁde
1525 422 1616 484 67.
1648 427 1922 486 Mortuus

267 513 459 568 autem
494 507 654 586 ideo,
714 511 853 592 quia
907 512 1310 576 viviﬁcantem
1374 513 1562 575 Deum
1614 513 1675 574 in
1707 532 1772 576 se
1804 533 1921 575 non

265 593 472 659 habet:
504 599 988 681 quandoquidem
1014 622 1149 664 eum
1173 602 1271 684 qui
1325 602 1510 665 dixit:
1566 604 1688 676 Oui
1717 602 1920 682 diligit

263 689 680 766 me,man(tuta
698 708 832 752 mea
847 691 1205 766 servabit,et
1223 709 1326 770 ego
1339 691 1490 754 etPa
1500 699 1593 754 ter
1600 709 1712 772 per
1721 689 1922 771 Spiri-

269 778 398 862 tum
419 777 1523 862 veniemus,etmansionemapud,eum
1533 779 1915 861 faciemus6'3,

269 861 334 922 in
367 882 499 926 sese
529 885 642 928 non
703 868 988 948 possidet,
1052 870 1152 952 qui
1212 861 1529 951 praasentia
1587 888 1696 931 sua
1724 869 1918 950 ipsum

269 969 305 1012 a
339 955 584 1041 mortuis
612 957 849 1034 excitet,
900 967 1076 1040 atque
1123 959 1398 1041 vivificet,
1447 967 1506 1020 et
1536 969 1659 1020 tum
1693 959 1919 1020 excita-

270 1047 389 1101 tum
421 1040 484 1103 in
515 1063 606 1118 se,
641 1053 763 1106 tum
795 1048 1176 1110 excitatorem
1223 1040 1426 1110 videre
1451 1049 1520 1109 la:
1540 1048 1752 1128 giatur.
1776 1047 1921 1109 Cum

268 1129 424 1190 enim
443 1129 504 1192 in
531 1133 704 1195 nobis
728 1153 833 1215 per
871 1135 1157 1218 Spiritum
1183 1137 1395 1217 ifuerit,
1437 1137 1666 1199 animas
1685 1143 1926 1199 ‘nostras

266 1237 298 1278 a
323 1221 578 1282 mortuis
608 1223 943 1300 resuscitat,
985 1244 1202 1308 easque
1217 1227 1353 1301 ,vita
1373 1233 1668 1302 munerat,
1703 1244 1924 1287 conce-

264 1308 467 1390 ditque
491 1321 556 1376 ut
586 1313 783 1392 ipsum
815 1323 1026 1398 totum,
1076 1317 1178 1398 qui
1214 1317 1596 1398 immortalis,
1626 1324 1686 1378 et
1713 1316 1925 1378 interi-

265 1405 360 1460 tus
390 1419 642 1480 ex3pers
671 1414 782 1480 est,
815 1405 1008 1468 vivere
1030 1407 1091 1469 in
1120 1407 1294 1469 nobis
1324 1408 1656 1470 videamus.
1694 1405 1924 1468 Etenim

263 1488 491 1571 anima,
513 1500 831 1574 antequam
855 1515 919 1556 se
938 1499 1060 1560 Deo
1083 1497 1308 1558 unitam
1332 1505 1672 1576 cognoscat,
1702 1496 1920 1572 videat,

261 1595 333 1638 ac
363 1580 606 1656 sentiat,
665 1601 1003 1666 quanquam
1063 1584 1428 1666 intelligens,
1489 1593 1546 1647 et
1576 1593 1784 1646 natura
1815 1585 1920 1645 im-

265 1668 543 1730 mortalis
569 1679 682 1752 est,
719 1673 1110 1737 nihilominus
1156 1683 1409 1751 mortua,
1470 1693 1649 1755 caeca,
1710 1683 1767 1735 et
1797 1673 1926 1734 sine

265 1772 448 1846 sensu
480 1765 591 1820 est.
649 1759 874 1823 Atheus
929 1771 1125 1825 autem
1183 1772 1293 1840 est,
1357 1765 1493 1846 quia
1543 1763 1592 1825 si
1634 1762 1926 1842 judicium

263 1842 555 1922 futurum,
585 1856 644 1909 et
664 1849 954 1931 supplicia
969 1842 1728 1934 sempiternafcredidisset,
1755 1851 1928 1917 vitam

265 1951 434 2022 suam
491 1935 555 1998 in
612 1940 786 2018 nugis
845 1961 964 2002 non
1053 1943 1340 2022 exigeret.
1428 1943 1599 2005 Nunc
1657 1951 1770 2002 tam
1830 1958 1932 2002 eos

268 2021 559 2086 videriin
622 2029 946 2108 perniciem
1008 2021 1208 2109 ruere,
1268 2050 1440 2114 quam
1493 2049 1606 2093 nec
1637 2029 1930 2106 ethnicos,

267 2128 456 2189 super
487 2133 640 2194 quos
671 2137 888 2181 nomen
920 2120 1027 2184 Dei
1083 2122 1418 2184 invocatum
1445 2121 1592 2201 [non
1622 2128 1737 2194 est,
1771 2117 1934 2179 indi-

265 2217 459 2292 gnum
487 2213 601 2267 est.
635 2205 704 2266 Et
731 2207 1035 2272 ambulant
1066 2210 1325 2292 subnixi,
1363 2229 1474 2272 nec
1505 2210 1763 2288 majores
1796 2225 1936 2268 suos

271 2291 484 2353 miseri
535 2293 865 2362 intuentur.
914 2297 1044 2360 Non
1076 2307 1215 2361 sunt
1244 2291 1342 2362 isti
1371 2296 1691 2364 Christiani
1723 2315 1798 2357 ne
1827 2314 1928 2356 se-

271 2382 835 2470 :netlutliticentur.
897 2407 1015 2450 non
1073 2397 1254 2450 sunt:
1313 2389 1418 2451 sed
1448 2386 1664 2470 timpti,
1711 2393 1769 2446 et
1799 2385 1930 2447 sine

267 2467 424 2540 Deo.
463 2484 522 2532 et
581 2472 923 2548 increduli;
985 2477 1314 2558 praesertim
1375 2467 1782 2556 si’monachi,
1833 2481 1935 2535 aut

272 2559 624 2623 sacerdotes
655 2563 796 2639 sint,
845 2567 995 2646 proh
1028 2567 1238 2628 dolorl
1286 2565 1390 2630 Sin
1420 2573 1618 2628 autem
1647 2563 1929 2646 epitcopi,

272 2665 312 2706 ο
347 2647 604 2727 Christe,
641 2654 1010 2732 patientiam,
1076 2664 1133 2718 et
1189 2655 1707 2736 longanimitatem
1741 2660 1926 2730 tuam,

275 2736 436 2827 quod
469 2757 588 2800 non
624 2749 786 2804 terra
813 2745 1090 2822 dehiscit,
1130 2765 1350 2827 eosque
1381 2743 1685 2807 absorbet.

359 2825 424 2887 Si
481 2829 619 2909 quis
675 2832 1011 2914 hujusmodi
1063 2845 1228 2916 peste
1253 2825 1536 2913 ilaborat,
1606 2831 1930 2914 quomodo,

2002 425 2100 500 rit,
2166 413 2392 487 scilicet
2441 443 2548 506 per
2599 425 2879 488 virtutem
2929 413 3171 486 Christi
3210 421 3648 501 intelligibilem

2002 513 2218 577 iterum
2251 514 2517 594 conﬂari,
2552 531 2621 575 ac
2669 511 2879 592 reﬁngi
2929 510 3174 586 debere,
3208 519 3267 572 et
3293 509 3356 571 in
3384 511 3648 574 divinum

2002 602 2307 664 hominem
2340 600 2740 678 transmutari,
2774 600 3023 681 ﬁerique
3049 617 3261 661 novam
3291 607 3648 678 creaturam,

2004 699 2063 754 et
2090 691 2390 753 hominem
2424 709 2664 764 novum,
2699 709 2816 772 quo
2845 690 2995 752 fides
3043 698 3102 752 et
3129 689 3458 770 haptismus
3486 690 3646 752 refe-

2002 787 2236 855 runtur,
2285 781 2502 842 frustra
2558 779 2877 843 Christiani
2934 797 3156 841 nomen
3212 785 3476 859 usurpat.
3505 778 3653 842 Nam

2003 869 2339 950 quicunque
2369 881 2661 946 servatur,
2693 877 2793 930 aut
2834 867 3176 945 redimitur,
3212 875 3312 930 aut
3340 867 3663 947 liberatur,

2004 967 2101 1021 aut
2126 961 2352 1020 honore
2407 967 2671 1038 augetur,
2731 968 2830 1022 aut
2889 958 3182 1022 beneficio
3234 958 3508 1036 afﬁcitur,
3552 969 3658 1025 aut

2007 1047 2221 1128 opibus
2252 1047 2605 1128 cumulatur,
2639 1046 2712 1109 ab
2757 1047 2897 1129 alio,
2951 1066 3071 1110 non
3128 1065 3163 1110 a
3209 1047 3404 1128 seipso
3433 1067 3658 1110 unum-

2009 1137 2280 1217 quodque
2310 1137 2520 1198 horum
2553 1136 2913 1219 assequitur.
2946 1136 3099 1209 Quin
3131 1137 3307 1200 etiam
3339 1137 3535 1200 omnis
3553 1139 3662 1220 qui

2009 1227 2228 1306 lapsus,
2253 1231 2314 1290 et
2333 1226 2564 1288 attritus
2586 1234 2695 1304 est,
2721 1227 2793 1288 ab
2816 1226 2931 1290 alio
2973 1227 3240 1306 erigitur,
3276 1235 3334 1290 et
3365 1235 3650 1309 portatur,

2007 1334 2142 1378 cum
2172 1324 2362 1377 semet
2391 1317 2620 1395 erigere
2652 1335 2770 1377 non
2802 1324 2999 1398 queat.
3032 1315 3483 1393 Verumtamen,
3515 1317 3565 1378 si
3590 1337 3655 1379 se

2009 1406 2236 1486 lapsum
2270 1405 2471 1481 sentit,
2508 1424 2673 1486 aquo
2699 1406 2981 1484 erigatur,
3011 1405 3245 1488 quaerit,
3270 1414 3329 1469 et
3350 1406 3654 1470 inventum

2007 1501 2198 1572 rogat,
2231 1494 2639 1575 hortaturque.
2667 1494 2734 1556 In
2757 1495 3070 1558 sanitatem
3118 1501 3313 1557 autem
3344 1494 3657 1558 restitutus

2007 1590 2223 1660 gratias
2275 1581 2414 1662 agit,
2475 1601 2733 1665 eumque
2789 1583 3103 1665 collaudat,
3158 1602 3192 1646 a
3251 1602 3366 1664 quo
3397 1592 3655 1663 erectus,

2009 1670 2295 1746 sublatus,
2332 1680 2388 1733 et
2417 1681 2654 1734 sanatus
2687 1680 2792 1735 est.
2831 1671 2928 1735 Sic
2978 1671 3346 1735 Christianus
3376 1673 3652 1754 quilibet,

2011 1767 2146 1823 ante
2175 1760 2482 1822 sanitatem
2518 1779 2771 1823 exorans
2812 1761 3006 1836 illum,
3040 1762 3209 1840 cujus
3239 1779 3421 1843 opera
3447 1779 3659 1827 sanan-

2014 1850 2124 1912 dus
2141 1857 2248 1925 est,
2274 1850 2494 1929 potitus
2520 1849 2770 1912 sanitate
2794 1850 3008 1928 gratias
3043 1850 3164 1928 agit
3198 1849 3451 1912 medico.
3491 1851 3662 1924 Quod

2017 1937 2135 1998 nisi
2163 1938 2517 2019 ﬁatﬁomnia
2547 1939 2766 2015 inania,
2800 1947 2860 2001 et
2887 1957 3020 2002 cum
3049 1938 3124 2000 iis
3152 1957 3389 2020 quoque
3408 1941 3661 2020 psalmo-

2018 2027 2150 2104 diae,
2185 2045 2290 2090 seu
2320 2046 2543 2109 paucae,
2578 2047 2682 2091 seu
2713 2029 2933 2104 multae,
2966 2027 3175 2091 inanes
3203 2045 3272 2090 ac
3300 2045 3464 2091 vanae
3491 2038 3655 2092 sunt.

2644 2129 2920 2195 ORATIO
2951 2130 3025 2194 V.

2620 2225 3054 2290 Ancnusurmt.

2017 2317 2139 2393 Qui
2166 2319 2586 2398 mysteriorum
2637 2319 2978 2382 divinorum
3020 2320 3348 2400 participes
3393 2318 3532 2460 ceri
3558 2319 3658 2382 de-

2097 2399 2294 2460 beant.
2327 2406 2387 2460 et
2416 2404 2551 2460 auis
2579 2400 2831 2460 indiane
2860 2400 3295 2460 manducet.vet
3329 2398 3388 2460 bi
3429 2405 3494 2460 at
3521 2416 3658 2460 eor-

2097 2399 2294 2472 beaut,
2327 2406 2387 2460 et
2416 2404 2551 2478 quis
2579 2400 2831 2477 indigne
2851 2400 3206 2480 manducet,
3223 2398 3304 2480 et
3329 2398 3494 2480 bibat
3521 2416 3660 2462 eor-

2085 2496 2228 2561 pus,
2251 2495 2323 2541 ac
2337 2481 2690 2561 sanguinem
2708 2479 2963 2557 Christi,
2977 2486 3044 2543 ut
3063 2478 3378 2560 Apostolus
3389 2479 3665 2561 loquitur

2102 2558 2152 2631 (Ι
2181 2558 2323 2622 Cor.
2354 2576 2436 2634 x1,
2482 2559 2718 2635 27-99).
3117 2558 3131 2560 ⁷
3457 2558 3479 2561 ’
3657 2601 3664 2608 ε

2097 2652 2378 2714 Doctrina
2399 2655 2636 2716 Patrum
2661 2661 2771 2733 est,
2793 2652 3295 2736 quemadmodum
3308 2655 3395 2716 vir
3417 2652 3659 2732 nobilis,

2016 2748 2074 2802 et
2101 2741 2401 2824 copiosus,
2465 2744 2516 2805 si
2574 2743 2800 2826 tritum,
2861 2751 2920 2808 et
2973 2743 3270 2807 directum
3314 2743 3662 2825 relinquens

2015 2829 2150 2906 iter,
2200 2849 2423 2912 perque
2473 2833 2622 2904 avia,
2681 2841 2740 2895 et
2792 2833 3178 2896 solitudinem
3232 2834 3544 2896 ambulans
3600 2833 3664 2896 in

277 2913 556 2992 obsecro,
593 2919 652 2981 in
687 2913 994 3003 templum,
1032 2913 1092 2988 et
1123 2924 1376 2986 maxime
1426 2923 1488 2986 in
1546 2913 1762 2986 Sancta
1809 2940 1933 2982 snn-
1959 2918 2591 2996 Clatronesinciderit,
2614 2929 2776 2984 veste
2794 2922 3046 3001 eleganti
3066 2921 3662 3003 dispoliatur,vilique

280 3011 516 3066 clerum
543 3007 967 3088 ingredietur?
1009 3013 1291 3075 Scrihens
1312 3012 1470 3074 enim
1503 3011 1573 3074 ad
1602 3009 1937 3075 Corinthios

276 3091 600 3172 Apostolus
613 3098 860 3162 clamat:
896 3101 1096 3166 Nolite
1133 3121 1364 3176 errare,
1385 3102 1928 3184 neque/arnicarii,

272 3201 480 3264 neque
510 3187 808 3266 adulteri,
842 3209 1033 3273 neque
1062 3193 1296 3262 molles,
1328 3210 1516 3273 neque
1533 3190 1936 3253 masculorum

273 3273 722 3361 concubitores,
769 3297 963 3360 neque
990 3284 1191 3356 avari,
1247 3299 1439 3361 neque
1466 3281 1714 3355 ebriosi,
1748 3297 1936 3358 neque

273 3360 586 3452 maledici,
604 3370 1314 3452 nequejraptoresmeque
1326 3360 1711 3449 injusti,regn
1721 3387 1819 3430 um
1830 3366 1944 3430 Dei

269 3451 690 3529 possidebunt.
715 3457 926 3520 Ethtrc
944 3461 1173 3539 fuistis,
1198 3451 1410 3542 inquit,
1441 3460 1543 3522 sed
1564 3457 1784 3534 abluti,
1833 3458 1938 3520 sed

276 3542 669 3620 sanctiﬁcati,
694 3547 1138 3625 sedjustiﬁcati
1159 3551 1300 3612 estis
1321 3551 1386 3611 in
1410 3550 1654 3611 nomine
1686 3545 1938 3608 Domi-ni

277 3627 447 3699 Jesu.
473 3639 531 3692 et
552 3633 617 3694 in
635 3637 855 3714 spiritu
883 3639 990 3700 Dei
1010 3645 1202 3702 nostri
1218 3639 1302 3698 69.
1337 3637 1446 3709 Qui
1479 3636 1639 3699 enim
1668 3635 1930 3717 3mm”:

280 3720 798 3808 etsanctiﬁcatus,
860 3733 917 3786 et
966 3729 1319 3808 justiﬁcatus
1373 3735 1481 3798 est,
1544 3728 1618 3787 ad
1679 3725 1789 3786 ista
1842 3737 1946 3792 aut

282 3804 611 3894 immobilis
643 3820 732 3873 est
752 3804 1016 3894 prorsus,
1043 3827 1144 3879 aut
1176 3815 1415 3878 difficile
1439 3822 1726 3876 movetur.
1762 3814 1932 3886 Quod

286 3892 336 3952 si
371 3912 442 3956 eo
474 3895 588 3958 levi
648 3892 948 3965 momento
1001 3905 1346 3986 impellitur,
1409 3922 1542 3966 eum
1595 3903 1670 3964 de
1698 3903 1931 3980 integro

283 3986 773 4075 contaminatum,
796 3993 1166 4057 etablutione
1185 3995 1386 4075 gratiae
1421 3991 1727 4067 nudatum,
1753 3992 1930 4070 justi-

282 4069 485 4152 tiaque
515 4077 852 4157 spoliatum,
886 4091 1058 4164 atque
1107 4069 1243 4145 ideo
1301 4082 1374 4144 ah
1426 4080 1696 4144 Ecclesia
1723 4069 1941 4143 Christi

281 4171 607 4254 semotum,
655 4175 714 4227 et
744 4170 871 4249 ejus
928 4173 1076 4250 solo,
1135 4173 1617 4254 ingressuqueiin
1649 4171 1933 4250 templum

283 4247 528 4340 Domini
557 4247 866 4336 indignum
898 4279 1030 4324 esse
1059 4247 1308 4324 constat.
1361 4247 1642 4340 Qdisquis
1673 4247 1815 4338 ergo
1850 4268 1935 4319 ta-

285 4338 403 4398 lem
456 4340 517 4401 in
548 4361 613 4405 se
643 4347 1045 4412 characterem
1077 4338 1574 4426 animarverterit,
1609 4348 1785 4410 saluti
1816 4366 1938 4408 sum

291 4428 634 4509 prospiciat,
658 4437 839 4510 {certo
869 4438 1064 4502 sciens
1095 4460 1159 4502 se
1214 4449 1376 4503 extra
1430 4436 1935 4501 Christianismum

289 4533 424 4610 esse
448 4519 863 4610 Christumque
887 4527 1000 4589 sibi
1025 4525 1171 4590 nihil
1198 4529 1564 4610 profuturum
1590 4548 1605 4588 :
1659 4526 1766 4587 sed
1801 4544 1936 4586 cum

2018 3025 2086 3067 ac
2107 3006 2340 3079 detrita,
2377 3016 2432 3070 et
2463 3027 2674 3070 carnes
2704 3027 3095 3092 cruoremque
3123 3008 3434 3072 redolente
3466 3009 3666 3073 tunica

2018 3103 2357 3177 coopertus,
2391 3116 2524 3158 cum
2557 3097 2701 3177 ipsis
2734 3099 3012 3180 crapulm,
3075 3107 3132 3160 et
3161 3099 3452 3175 ebrietati,
3483 3099 3666 3162 rebus

2021 3183 2312 3264 turpibus,
2333 3194 2386 3246 et
2402 3185 2708 3248 latrocinio
2720 3195 2981 3269 vacat,ex
2992 3187 3666 3269 pertusque,etdelecta-

2019 3281 2133 3347 tus,
2150 3272 2913 3356 edacitateilla,:potatione,
2936 3276 3251 3340 libidinum
3263 3275 3539 3340 sordibus
3559 3277 3664 3359 (3),

2023 3361 2261 3423 tandem
2317 3373 2434 3425 tam
2491 3364 2667 3442 fcede,
2731 3373 2789 3428 et
2844 3365 3135 3428 latronum
3209 3384 3373 3428 more
3429 3364 3666 3427 vivendi

2019 3452 2448 3517 consuetudine
2505 3453 2871 3533 obfirmatus,
2934 3465 2992 3518 et
3062 3455 3239 3517 totius
3294 3455 3660 3535 cognationis

2017 3557 2158 3612 sum,
2195 3544 2566 3620 ethonestae,
2625 3562 2694 3607 ac
2751 3545 3018 3620 illustris,
3083 3545 3486 3626 ordinataque
3526 3543 3661 3606 vitae

2019 3630 2258 3709 prioris,
2320 3652 2523 3697 amore
2579 3637 2909 3718 gravitatis,
2971 3645 3030 3700 et
3086 3635 3436 3712 honestatis,
3497 3636 3560 3696 in
3589 3653 3660 3697 eo

2027 3723 2260 3806 penitus
2289 3723 2560 3806 frigente,
2595 3726 2753 3787 velut
2780 3725 3000 3788 oblitus
3026 3733 3262 3788 manet:
3299 3725 3428 3806 pari
3459 3726 3657 3798 modo,

2023 3804 2412 3886 Christianus,
2477 3804 2555 3874 sil
2604 3813 2840 3875 deserta
2907 3813 3258 3878 Christianis
3300 3804 3664 3892 congruenti

2014 3896 2245 3976 semita,
2273 3897 2492 3961 diaboli
2518 3900 2608 3962 via
2629 3901 2929 3982 procedat,
2957 3903 3067 3965 hoc
3091 3910 3200 3982 est,
3230 3900 3279 3962 si
3303 3899 3658 3962 modestiam

2012 3983 2405 4064 frugalitatem
2461 3989 2614 4067 vitae,
2675 4009 3024 4072 morumque
3066 3989 3412 4070 gravitatem
3470 3987 3659 4068 parvi-

2023 4075 2219 4156 ducat,
2253 4084 2310 4136 et
2335 4076 2436 4136 illa
2467 4077 2667 4141 inania
2695 4079 2756 4140 in
2785 4079 3087 4140 amoribus
3114 4078 3352 4154 habeat,
3417 4076 3662 4157 injusti-

1957 4208 2006 4270 Β
2022 4166 2185 4270 tiam,
2214 4165 2542 4270 avaritiam,
2561 4170 2854 4251 rapinam,
2877 4178 3053 4251 atque
3068 4188 3146 4269 .ex
3167 4170 3258 4231 his
3271 4168 3353 4270 ad
3385 4169 3661 4270 immun-

2023 4253 2226 4330 ditam,
2285 4254 2761 4332 fornicationem,
2827 4257 3181 4339 proterviam
3251 4255 3553 4326 delabens,
3607 4263 3668 4318 et

2019 4340 2096 4402 ita
2127 4353 2519 4424 comparatus,
2552 4345 2798 4425 gloriam
2829 4367 2959 4428 qua;
2987 4347 3162 4409 datur
3219 4345 3291 4408 ab
3342 4343 3662 4408 homnibus

2020 4440 2424 4512 persequatur,
2461 4443 2767 4516 postquam
2792 4454 2900 4516 per
2928 4436 3043 4498 iter
3085 4433 3418 4497 istiusmodi
3448 4433 3508 4494 in
3539 4451 3664 4494 ma-

2023 4539 2134 4582 nus
2158 4521 2490 4585 dmmonum
2515 4523 2841 4598 devenerit,
2865 4525 3181 4607 aliquando
3204 4533 3262 4587 et
3299 4525 3428 4606 ipso
3465 4523 3663 4604 bapti-

290 4603 524 4669 diabaio
553 4608 614 4670 in
642 4603 840 4692 ignem
901 4616 986 4679 illi
1041 4603 1430 4700 praeparatum
1460 4616 1788 4678 abiturum.
1817 4612 1948 4680 Nisi
2031 4617 2218 4671 smate
2253 4619 2477 4690 sancto,
2513 4613 2762 4694 ejusque
2790 4603 3013 4678 indicio
3047 4622 3107 4676 et
3147 4603 3368 4693 insigni
3409 4603 3669 4676 nudatur

373 4795 437 4848 6⁷
458 4798 580 4866 Jac.
608 4819 673 4881 ιι,
707 4806 806 4869 20.
891 4804 958 4857 68
985 4808 1156 4870 Joan.
1197 4827 1318 4889 xxv,
1351 4809 1454 4874 23.
1537 4805 1821 4868 691Cor.
1847 4822 1926 4879 Vl,
1957 4803 2127 4867 9-H.

373 4982 450 5055 (3)
508 4958 680 5042 νΕστιν
739 4983 826 5041 ὅτε
887 4990 972 5043 καὶ
1030 4990 1154 5048 αὒτὸ
1217 4991 1276 5044 τὸ
1332 4987 1484 5066 ἅγιον
1543 4986 1791 5066 ἐκδύεταιῗ
1832 4988 1934 5062 βέ-

292 5081 518 5147 πτισμξ,
552 5066 647 5147 mi:
680 5067 866 5123 τούτου
907 5068 1199 5146 γνώρισμκ.
1261 5065 1390 5124 ὅτχνν
1439 5067 1585 5147 λήγῃ
1645 5069 1721 5144 μὴ
1776 5065 1930 5122 3-in-

294 5142 411 5227 εξθκι
455 5141 593 5208 ὅλως
624 5141 798 5201 δοῦναι
855 5141 1115 5215 διάκοέτὴπᾷ
1166 5155 1234 5224 τῇ
1289 5141 1744 5227 ἆσελγείαί-εἴμὴ
1773 5146 1935 5227 μόνον

296 5218 354 5308 El
399 5231 568 5303 καιρῷ
616 5235 707 5284 τοῦ
761 5227 916 5306 κόρου
971 5229 1074 5284 τῶν
1146 5218 1458 5308 αἰάχίστῳνξ
1519 5227 1608 5289 Ad
1668 5218 1930 5288 verbum.

295 5301 406 5388 _Est
418 5301 553 5367 cum
567 5312 622 5369 et
633 5301 837 5388 ipsum
850 5314 1125 5370 sanctum
1138 5301 1381 5370 exuitur
1393 5307 1714 5387 baptisma,
1741 5315 1792 5368 et
1815 5308 1940 5388 eius

298 5384 540 5465 insigne
559 5384 672 5468 seu
685 5394 860 5450 nota:
887 5405 1025 5451 cum
1051 5389 1187 5468 quis
1202 5388 1382 5451 dicit:
1427 5384 1489 5450 se
1509 5405 1632 5451 non
1657 5384 1824 5467 posse
1853 5387 1943 5448 tu-

296 5470 499 5530 .z‘uriae
511 5467 1486 5548 malediceremisiea:turpissimis
1497 5470 1834 5531 satietatem
1851 5485 1939 5528 ce-

294 5551 472 5627 perit.
497 5547 691 5611 Locus
718 5547 945 5624 durior,
978 5547 1096 5611 nisi
1125 5547 1424 5612 molliatur
1465 5547 1722 5627 benigna
1751 5548 1931 5610 inter-

301 5629 674 5709 pretatione:
719 5629 877 5711 quod
907 5628 1030 5709 ﬁet,
1081 5627 1134 5693 si
1185 5627 1318 5712 quis
1347 5636 1574 5694 asserat
1601 5627 1938 5694 Simeonem

2021 5004 2138 5047 non
2169 4983 2434 5067 loquide
2461 4983 2767 5067 quibusvis
2789 4984 3241 5066 peccatoribus;
3284 4984 3391 5047 sed
3435 4982 3509 5067 de
3550 4982 3669 5045 illis

2020 5067 2144 5148 qui,
2170 5063 2532 5148 utSalomon
2554 5064 2656 5146 ait,
2681 5068 2747 5128 in
2758 5063 3135 5148 profundum
3164 5070 3457 5148 venerunt
3477 5063 3670 5148 laetan

2019 5142 2238 5226 furque
2257 5152 2324 5207 in
2345 5146 2522 5208 rebus
2543 5142 2820 5225 pessimis
2844 5142 3058 5226 (Prov.
3090 5142 3508 5226 11,11);etqui
3531 5159 3666 5226 cum

2022 5220 2252 5287 inferno
2280 5233 2514 5306 pactum
2538 5220 2912 5307 pepigerunt.
2946 5220 3210 5307 Istienin
3231 5220 3453 5307 exuunt
3480 5220 3666 5304 bapti-

2023 5324 2214 5398 smum
2257 5303 2505 5398 ejusque
2535 5303 2760 5397 notam,
2797 5324 2943 5398 non.
2968 5305 3210 5398 quidem
3266 5303 3668 5398 reipsahcum

2023 5381 2306 5467 baptismi
2343 5381 2651 5467 character
2708 5381 2786 5447 sit
2843 5381 3235 5461 indelebilis;
3291 5381 3398 5467 sed
3455 5381 3587 5467 vita
3612 5389 3676 5445 et

2025 5463 2318 5548 moribus,
2341 5485 2475 5548 cum
2496 5465 2764 5548 actiones
2781 5483 2938 5540 suas,
2977 5473 3280 5548 totamque
3308 5463 3456 5548 vitae
3484 5465 3667 5526 ratio-

2025 5566 2162 5610 nem
2184 5544 2499 5630 nonaliter
2512 5545 2843 5630 instituant,
2865 5563 3046 5628 quam
3059 5544 3112 5608 si
3127 5544 3366 5630 diabolo
3395 5544 3526 5626 ejus
3553 5559 3671 5630 que

2028 5643 2262 5710 pompae
2287 5625 2353 5692 in
2382 5625 2674 5710 baptismo
2705 5625 3008 5710 nunquam
3033 5625 3500 5694 renuntiassent;
