4068 6112
406 268 531 338 343
1698 263 2076 331 SYMEONIS
2115 219 2486 331 JUNroms.
3672 269 3788 334 344

408 421 547 472 cum
574 401 852 481 afﬁrmet,
885 396 1249 484 improbitati
1295 416 1364 462 ac
1419 397 1760 481 petulantiae
1788 396 2058 459 nuntium
2079 399 2394 470 Acandus,
2419 406 2483 461 ut
2499 417 2600 462 eos
2621 399 2851 464 Satanae
2889 402 3078 464 tradat
3119 403 3182 463 in
3226 403 3532 465 interitum
3563 401 3782 474 carnis,

405 495 718 560 remittere
747 510 812 555 se
868 492 1043 574 plane
1101 509 1222 552 non
1279 507 1479 572 posse,
1541 489 1603 551 ni
1647 497 1782 577 ante
1813 506 1846 550 e
1877 487 2060 577 rebus
2135 506 2257 570 quo
2288 489 2529 577 spiritus
2557 490 2822 551 salvetur
2869 489 2931 552 in
2980 492 3077 552 die
3132 493 3389 554 Domini.
3424 492 3573 565 Quid
3606 509 3780 572 porro

408 582 814 668 spurcissimis
865 582 1197 644 satietatem
1257 579 1522 660 ceperit:
1582 576 1954 660 potissimum
2008 575 2059 635 si
2141 577 2262 668 vult
2285 575 2676 668 tradiSatanm
2715 578 2773 638 in
2823 579 3128 640 interitum
3171 579 3502 642 carnisiut
3535 578 3780 651 morbis,

405 665 850 739 immaculatum
884 669 1103 734 Christi
1156 687 1395 750 corpus,
1455 687 1523 731 ac
1555 670 1877 750 pretiosum
1911 683 2052 726 san-
2140 673 2197 726 et
2223 665 2643 742 incommodis,
2669 678 2723 730 et
2751 667 3076 750 doloribus,
3105 677 3163 730 et
3185 670 3392 748 plagis,
3427 679 3484 731 et
3510 668 3778 731 vulneri-

405 764 645 847 guinem
677 779 915 825 sumere
946 778 1066 821 non
1094 757 1472 820 dubitaverit.
1598 845 1607 847 _
1728 843 1738 847 Α
2134 753 2425 847 busApene
2453 755 3017 847 immedicabilibus,
3071 765 3127 820 et
3155 759 3356 839 variis,
3386 767 3560 840 atque
3591 759 3781 821 omni-

485 851 590 916 Vaa
618 861 742 913 tum
776 849 834 913 ei
864 849 967 932 qui
993 847 1344 930 porrexerit,
1377 854 1506 910 tum
1558 845 1614 907 ei
1644 843 1743 925 qui
1776 859 2049 922 sumpse-
2133 844 2301 922 genis
2331 845 2832 908 invaletudinibus
2863 863 3079 927 corpus
3122 848 3387 927 jactetur
3417 867 3485 909 ac
3515 848 3786 908 lancine-

401 946 502 1008 rit.
537 944 712 1017 Huic,
745 941 883 1022 quia
912 958 1026 1020 quo
1084 937 1309 1018 majore
1369 956 1502 998 cum
1534 933 1912 1016 improbitate
1943 951 2045 994 su-
2132 941 2248 1015 tur,
2280 935 2778 1014 quemadmodum
2807 936 3078 998 diabolus
3105 937 3215 1000 Job
3250 938 3544 1017 percussit
3572 939 3773 999 ulcere

404 1033 534 1104 mit,
561 1050 632 1094 eo
654 1034 840 1109 magis
864 1035 1102 1109 propter
1120 1026 1604 1106 imprudentiam,
1650 1031 1706 1085 et
1735 1022 2042 1085 audaciam
2129 1025 2413 1103 pessimo,
2463 1041 2495 1085 a
2545 1023 2792 1103 pedibus
2819 1043 3004 1105 usque
3034 1027 3106 1087 ad
3140 1028 3424 1088 verticem
3460 1049 3472 1086 :
3535 1034 3600 1088 ut
3631 1047 3777 1108 pro-

401 1120 711 1186 diabolicae
740 1117 1013 1200 potestati
1065 1116 1402 1196 subjicitur,
1463 1113 1782 1177 derelictus
1833 1111 2040 1186 aDeo,
2128 1119 2257 1192 pter
2315 1112 2735 1174 contritionem
2793 1115 3059 1193 corporis
3115 1133 3449 1195 quanquam
3483 1115 3647 1178 inviti
3676 1137 3776 1180 sa-

402 1214 555 1274 sicut
578 1211 639 1272 in
663 1226 828 1271 sacro
853 1206 1171 1285 Evangelio
1202 1205 1487 1286 scriptum
1511 1204 1762 1283 legimus
1787 1200 2039 1281 deinde,
2128 1201 2310 1280 piant,
2344 1209 2400 1262 et
2452 1203 2610 1282 quod
2668 1201 2798 1264 sani
2846 1203 3218 1283 refugerunt,
3280 1212 3404 1264 tum
3429 1206 3768 1284 gemitibus,

403 1320 539 1365 cum
570 1298 859 1364 Dominus
889 1297 950 1360 in
982 1315 1149 1358 coena
1179 1295 1278 1358 illa
1303 1293 1502 1356 divina
1522 1293 1848 1354 buccellam
1870 1291 2049 1352 intin-
2130 1291 2512 1371 cruciatuque
2545 1300 2847 1372 praestent.
2882 1292 3038 1354 Deus
3071 1293 3228 1355 enim
3243 1298 3439 1355 anima
3473 1305 3778 1375 peccante,

400 1397 554 1454 ctam
587 1388 642 1450 ei
673 1385 1052 1469 porrexisset,
1089 1383 1309 1465 illeque
1337 1383 1690 1464 accepisset,
1724 1380 1918 1442 statim
1947 1377 2048 1442 Sa-
2129 1398 2345 1460 corpus
2375 1380 2448 1469 ad
2473 1399 2705 1460 poenam
2729 1391 2917 1446 vocat.
2958 1381 3301 1445 Sanctitudo
3339 1393 3537 1445 autem
3569 1385 3778 1449 divinae

398 1485 598 1542 tanam
656 1468 717 1538 in
771 1494 907 1538 eum
969 1474 1304 1538 intravisse.
1366 1473 1480 1547 Illi,
1542 1471 1681 1553 quia
1729 1469 2047 1551 purissimo
2129 1468 2568 1530 communionis
2599 1479 2841 1550 peccata
2901 1471 3283 1552 dispellendi,
3341 1473 3672 1554 animaeque
3701 1475 3774 1538 ab

398 1560 2043 1651 corpore,etsanguineDominidignalusest,hominem,
2129 1556 2465 1632 affectione,
2501 1558 2872 1651 et_impulsu
2906 1561 2996 1651 ad
3049 1579 3124 1651 ea
3185 1563 3504 1640 purgandae
3562 1565 3676 1626 vim
3709 1585 3778 1628 ac

399 1647 639 1740 qui'nec
660 1647 875 1737 pedem
893 1653 1201 1760 inltemplo
1227 1653 1354 1732 ejus
1380 1669 1604 1760 polp‘ere
1640 1649 1854 1751 dignus
1882 1648 1992 1760 fuit
2025 1666 2037 1709 :
2067 1654 2483 1760 Bpotestatem
2513 1647 2764 1760 validam
2824 1649 3020 1712 habet.
3081 1650 3152 1712 Et
3202 1651 3361 1751 sicut
3401 1651 3462 1712 in
3494 1673 3610 1714 uno
3643 1673 3780 1718 vase

397 1734 640 1828 quicum
660 1734 849 1808 etiam
909 1743 1107 1806 cibum
1165 1759 1379 1823 capere
1435 1738 1774 1803 Christiano
1805 1737 2047 1799 cuilibet
2069 1734 2111 1760 ”
2131 1734 2306 1828 ignis,
2333 1743 2391 1796 et
2413 1754 2565 1817 aqua
2588 1736 2762 1828 simul
2809 1757 2940 1799 esse
2971 1749 3310 1818 nequeunt:
3345 1741 3427 1801 ita
3457 1760 3567 1803 nec
3598 1762 3774 1804 mun-

395 1822 778 1899 ibterdictum
796 1839 886 1895 est
906 1851 918 1895 ε
941 1833 1010 1893 Si
1035 1831 1174 1912 quis
1195 1822 1380 1912 enim,
1405 1829 2048 1910 aitApostolus,frater
2131 1822 2443 1912 dissimum
2481 1825 2698 1889 Christi
2729 1846 2967 1908 corpus,
3004 1837 3062 1890 et
3091 1829 3438 1891 detestabile
3472 1840 3774 1911 peccatum

394 1917 778 1990 nominatur,
812 1918 871 1976 et
899 1919 987 1976 est
1014 1911 1120 1974 aut
1145 1913 1505 1990 fornicator.
1537 1919 1639 1974 aut
1661 1927 1910 2001 auarus,
1945 1914 2050 2001 aut
2131 1911 2192 1972 in
2221 1932 2338 1974 uno
2370 1913 2702 1995 eodemque
2735 1916 3084 1980 christiano.
3117 1917 3282 1990 Quod
3319 1918 3370 1978 si
3401 1938 3605 1982 amore
3632 1941 3772 2001 pec-

393 2005 748 2086 maledicus,
769 2011 877 2066 aut
899 1997 2050 2092 ebriosus,autrapax,cu_mhujusmodi
2132 2001 2306 2092 candi
2367 2002 2657 2080 irretitus,
2711 2003 2848 2065 dum
2912 2013 3175 2067 sanctam
3235 2005 3453 2069 Christi
3511 1997 3773 2092 carnem,

392 2113 503 2160 nec
532 2093 732 2157 cibum
765 2109 1000 2155 sumere
1023 2091 1109 2155 70.
1143 2090 1355 2153 Viden’
1386 2089 1682 2172 quomodo
1713 2105 1824 2148 nec
1863 2086 2045 2178 frater
2125 2091 2624 2174 impollutumque
2655 2096 3009 2172 sanguinem
3071 2097 3405 2178 participat,
3466 2099 3625 2164 illico
3657 2086 3772 2164 non

393 2189 506 2257 est,
538 2181 654 2244 nisi
688 2181 816 2244 solo
847 2179 1090 2243 nomine
1118 2179 1150 2239 ?
1209 2189 1270 2240 et
1301 2179 1643 2241 damnatum
1676 2194 1806 2238 esse
1837 2175 2042 2256 prodi-
2126 2182 2352 2260 interit,
2385 2182 2467 2244 ibi
2498 2190 2694 2246 tamen
2727 2175 3092 2257 reconditur,
3125 2187 3230 2248 ubi
3251 2175 3473 2250 vermis
3503 2208 3626 2251 non
3649 2211 3772 2254 mo-

395 2279 611 2355 torem,
636 2271 932 2352 siquidem
947 2268 1252 2332 hominem
1272 2267 1864 2355 peccandotanquaﬁm
1886 2283 1937 2355 ra
1956 2264 2047 2355 via
2127 2273 2316 2345 ritur,
2348 2280 2405 2334 ει
2436 2273 2595 2352 ignis
2624 2292 2745 2336 ηοη
2773 2277 3192 2355 exstinguitur
3239 2277 3322 2340 73,
3379 2276 3774 2349 Quamobrem

393 2354 841 2441 deﬂectentem,
875 2367 935 2422 et
981 2360 1384 2432 aberrantem,
1434 2356 1762 2438 perfectum
1793 2354 1899 2416 Dei
1925 2354 2044 2414 ini-
2128 2360 2356 2422 sitatis
2412 2361 2472 2421 in
2551 2382 2789 2425 omnem
2878 2354 3272 2426 ωιέτηίιειειη
3342 2383 3476 2428 cum
3538 2368 3772 2432 diabolo

393 2451 616 2515 micum
646 2448 929 2513 reddidit.
961 2446 1078 2510 Sed
1102 2448 1236 2510 talis
1265 2447 1497 2528 placide
1530 2444 1851 2525 rogandus,
1884 2445 2041 2535 futu-
2123 2445 2322 2528 ignem
2357 2451 2622 2530 perferre
2655 2461 2867 2534 potest,
2929 2454 3229 2534 intrepide
3288 2456 3627 2535 participet.
3667 2457 3770 2522 Sin

393 2557 718 2620 rarumque
749 2545 807 2599 et
867 2536 1247 2600 horribilium
1296 2554 1603 2617 poenarum
1634 2533 2044 2616 peccatoribus
2126 2547 2344 2611 autem,
2367 2539 2676 2620 expeditei
2707 2542 2780 2603 ad
2814 2533 3050 2623 tempus
3081 2533 3112 2604 e
3145 2533 3313 2605 sacra
3344 2547 3770 2608 communione

399 2628 776 2692 decretarum
805 2625 1204 2706 redingranda
1227 2625 1316 2686 illi
1340 2624 1658 2714 memoria,
1688 2631 1746 2684 et
1776 2641 2042 2714 commo-
2127 2627 2338 2702 arceri,
2373 2635 2432 2688 et
2485 2630 2796 2708 paenitere,
2857 2630 3000 2691 item
3056 2631 3401 2712 aliquandiu
3461 2633 3772 2714 indulgere

399 2715 812 2791 nefaciendus,
843 2722 943 2778 aut
970 2715 1156 2776 instar
1211 2713 1355 2776 caeci
1413 2731 1591 2774 manu
1620 2711 1928 2803 ducendus
1959 2719 2048 2803 est
2127 2715 2422 2796 lacrymis,
2452 2718 2728 2798 quodque
2775 2719 2847 2780 ad
2905 2739 2970 2781 se
3026 2711 3260 2794 attinet,
3324 2723 3537 2783 sudare
3570 2711 3776 2803 paulu-

403 2809 572 2890 (nam
607 2805 795 2869 oculis
817 2804 1054 2866 orbatos
1078 2822 1194 2865 non
1221 2803 1520 2884 punimus,
1545 2801 1649 2864 sed
1674 2819 1865 2890 manu,
1884 2801 2048 2890 duci-
2131 2804 2276 2880 lum,
2311 2804 2546 2868 frenare
2573 2808 2965 2889 aliquantum,
3000 2827 3067 2871 ac
3097 2809 3350 2871 domitas
3379 2801 3599 2872 habere
3630 2813 3772 2874 libi-

403 2889 578 2975 mus),
615 2903 713 2958 aut
739 2902 804 2956 ut
831 2893 1080 2956 demens
1109 2891 1507 2966 miserandus,
1538 2899 1604 2952 ut
1634 2891 1737 2972 qui
1765 2889 2049 2951 adiabolo
2076 2966 2109 2979 η
2133 2892 2325 2967 dines,
2360 2913 2428 2956 ac
2462 2902 2584 2956 tum
2614 2896 2852 2958 demum
2877 2899 3039 2959 nullo
3065 2899 3310 2979 periculi
3334 2910 3771 2962 metucommu-

395 2966 644 3050 vexetur
673 3003 790 3068 quo
822 2983 1065 3046 auribus
1093 2981 1208 3044 sibi
1263 3001 1297 3044 a
1353 2980 1606 3044 Domino
1653 2966 1774 3042 Deo
1803 2980 2046 3060 apertis,
2071 2966 2111 3027 CI
2133 2966 2356 3057 nicare,
2390 2983 2461 3045 ad
2491 2986 2912 3065 expellendum
2945 2966 3398 3061 intrbgressum,
3432 2987 3771 3069 tirannyce-

399 3075 773 3158 impietatem
803 3091 969 3135 suam
999 3071 1318 3152 aliquando
1349 3079 1690 3150 cognoscat,
1715 3069 2052 3150 iterumque
2131 3089 2249 3152 que
2278 3072 2350 3132 ad
2378 3072 2698 3148 lasciviam,
2733 3076 2997 3156 aliasque
3043 3076 3412 3156 impuritates
3443 3077 3774 3138 sollicitan-

396 3183 508 3246 per
534 3162 943 3246 paenitentiam
973 3160 1046 3222 ad
1077 3160 1344 3223 ﬁdelium
1382 3161 1651 3223 ordinem
1666 3167 2046 3238 aggregetur.
2133 3167 2254 3223 tem
2279 3159 2584 3223 Satanam.
2609 3162 2839 3225 Etenim
2866 3165 2966 3246 qui
2992 3165 3265 3246 turpibus
3295 3164 3476 3226 rebus
3508 3167 3779 3246 impense

395 3251 560 3317 Talis
591 3251 750 3315 enim
781 3251 846 3312 in
895 3249 1262 3331 impietatem
1318 3251 1460 3329 ruit,
1520 3247 1622 3329 qui
1671 3247 1722 3308 si
1753 3247 2047 3310 Christum

396 3350 600 3406 sancte
629 3340 937 3417 coluisset,
970 3347 1030 3402 et
1081 3338 1270 3401 Deum
1331 3355 1464 3400 esse
1520 3336 1916 3415 cognovisset,
1947 3336 2049 3417 qui

397 3451 519 3495 non
547 3432 670 3494 vult
699 3429 1098 3510 iniquitatem,
1123 3428 1291 3508 juxta
1339 3426 1522 3489 illud:
1575 3425 1714 3488 Non
1749 3425 2051 3488 habitabit

397 3523 577 3600 iuxta
597 3528 656 3585 te
678 3520 1005 3600 malignus,
1029 3535 1218 3598 neque
1233 3514 1678 3598 permanebunt
1699 3514 1897 3593 iniqui
1911 3522 2052 3577 ante

399 3609 606 3674 oculos
623 3615 752 3672 tuos
766 3609 820 3658 71
832 3657 846 3672 .
869 3606 970 3669 Et:
993 3605 1453 3668 OditDominus
1469 3621 1670 3666 omnes
1679 3608 1785 3682 qui
1797 3621 2048 3683 operan-

399 3707 504 3762 tur
528 3699 922 3780 iniquitatem
933 3695 1020 3771 72,
1046 3712 1263 3775 pavore
1285 3712 1354 3755 ac
1376 3701 1536 3756 metu
1577 3711 1642 3754 se
1671 3692 2051 3776 contrahens,

390 3804 608 3869 corpus
687 3786 818 3866 ejus
873 3784 1219 3863 contingere
1277 3782 1590 3862 noluisset,
1652 3799 1729 3842 ne
1784 3781 2050 3860 angelica

388 3876 740 3958 rbomphaea
768 3891 1094 3956 percussus
1123 3872 1416 3934 interiret.

387 3954 906 4029 verumenimvero
963 3961 1103 4044 quia
1152 3961 1333 4042 hujus
1387 3958 1626 4040 generis
1682 3977 1804 4021 non
1875 3954 2048 4040 pauci

393 4057 458 4120 in
484 4055 731 4130 mundo,
768 4071 966 4116 coram
996 4050 1340 4114 hominibus
1370 4049 1794 4112 erubescentes
1855 4047 2048 4130 (nimi-

2133 3249 2482 3326 delectatur,
2531 3253 2688 3314 haud
2749 3273 2854 3333 per
2909 3273 2973 3316 se
3029 3255 3089 3315 id
3133 3254 3294 3326 facit,
3354 3255 3459 3316 sed
3517 3255 3591 3316 ab
3648 3256 3776 3337 ipso

2131 3337 2366 3400 diabolo
2395 3339 2708 3422 impulsus,
2740 3343 2839 3403 cui
2889 3343 2961 3404 ab
3022 3344 3152 3423 ipso
3212 3346 3532 3417 inescatus,
3567 3347 3777 3407 ostium

2130 3429 2427 3508 appetitus
2459 3431 2551 3491 sui
2605 3432 2920 3512 voluptarii
2980 3433 3287 3507 reseravit,
3346 3440 3410 3493 ut
3439 3433 3581 3494 inde
3605 3444 3781 3516 caput

2133 3535 2304 3578 suum
2333 3518 2644 3598 proferret'
2697 3519 2768 3580 Et
2797 3540 2956 3583 nunc
2986 3521 3209 3582 sensim
3242 3521 3568 3600 ingressus,
3605 3524 3777 3603 plane

2133 3613 2198 3666 ut
2226 3625 2405 3688 super
2431 3607 2716 3670 lectulum
2755 3609 2952 3670 cordis
2977 3609 3220 3672 recubat
3255 3631 3268 3670 :
3306 3611 3556 3690 perinde
3587 3620 3648 3672 ut
3677 3613 3779 3692 qui

2135 3713 2170 3756 a
2189 3694 2558 3758 daemonibus
2592 3698 2905 3777 agitantur,
2940 3718 3096 3779 smpe
3127 3718 3262 3760 cum
3292 3702 3588 3776 voluptate
3619 3710 3774 3761 ster-

2137 3803 2240 3846 cus
2271 3786 2571 3849 devorant.
2605 3785 2773 3858 Quod
2818 3787 3074 3866 cogitare
3103 3806 3305 3849 secum
3355 3788 3560 3861 debet,
3595 3807 3770 3868 quem

2132 3881 2375 3954 propter
2405 3875 2647 3936 multam
2673 3877 2781 3938 Dei
2813 3875 3309 3952 misericordiam,
3342 3877 3770 3938 visitationem-

2132 3981 2249 4042 que
2289 3982 2537 4044 serpens
2565 3964 2841 4044 antiquus
2871 3966 2960 4026 vel
3018 3965 3258 4047 paulum
3289 3984 3500 4046 sapere
3537 3966 3775 4046 patitur,

2133 4059 2191 4114 et
2219 4052 2292 4114 ad
2322 4053 2621 4116 Christum
2655 4053 2994 4132 confugere,
3055 4054 3160 4134 qui
3189 4056 3352 4115 solus
3381 4063 3438 4115 et
3467 4055 3772 4134 daemones

390 4163 524 4209 rum
555 4161 633 4207 ne
682 4125 911 4222 indigni
939 4140 1272 4220 videantur)
1306 4137 1507 4201 divina
1543 4125 1896 4219 participare
1930 4156 2048 4198 non
2130 4137 2393 4218 abigere,
2442 4149 2499 4202 et
2555 4149 2670 4202 tam
2731 4125 2915 4203 animi
2971 4125 3150 4224 quam
3211 4143 3482 4224 corporis
3540 4125 3781 4208 morbos

393 4231 797 4297 reformidant
827 4248 978 4311 quos
1008 4230 1060 4291 si
1090 4229 1228 4310 quis
1257 4228 1329 4291 ab
1358 4246 1428 4291 ea
1455 4227 1700 4290 audacia
1727 4227 2043 4302 deterreat,
2070 4230 2429 4311 “appellere
2465 4230 2619 4310 potis
2650 4238 2761 4292 est.

389 4321 688 4384 molestus
713 4298 973 4394 videtur,
1006 4326 1066 4382 et
1113 4298 1388 4382 convicia
1439 4317 1691 4398 recepit,
1725 4335 1845 4377 non
1876 4316 2035 4377 enim
2070 4298 2118 4358 D
2167 4298 2184 4308 ’
2209 4298 2394 4380 l’orro
2417 4298 2574 4381 scire
2599 4319 2757 4393 licet,
2800 4319 3063 4402 quinque
3094 4321 3404 4383 hominum
3436 4341 3656 4402 genera
3681 4343 3779 4385 sa-

389 4409 754 4490 intelligunt,
775 4426 841 4470 se
863 4407 928 4469 id
950 4407 1174 4489 facere,
1199 4407 1356 4488 quod
1390 4405 1766 4480 erubescant,
1783 4405 1890 4466 sed
1903 4424 2036 4466 cum
2121 4409 2652 4470 cracommunione
2673 4411 2947 4471 asanctis
2971 4411 3243 4472 Patribus
3303 4411 3562 4472 excludi.
3599 4413 3782 4478 Primi

388 4497 769 4562 immaculata
797 4497 1220 4559 communione
1253 4494 1664 4576 prohibentur,
1722 4494 2042 4556 incitantur
2121 4505 2258 4557 sunt
2295 4497 2728 4572 catechumeni,
2785 4507 2989 4579 utpote
3048 4500 3346 4580 baptismo
3382 4501 3642 4562 nondum
3676 4519 3778 4560 ex-

388 4588 650 4670 amplius
678 4594 744 4648 ut
798 4603 932 4648 sese
961 4585 1024 4647 in
1071 4584 1431 4664 vecordiam,
1465 4603 1763 4646 summum
1789 4592 2051 4646 contem.

389 4687 582 4761 ptum,
607 4673 1638 4758 desperationem,perditionemque
1655 4674 2044 4754 praecipitent,

388 4787 503 4830 nec
531 4787 566 4830 a
614 4774 775 4830 tanto
830 4765 1126 4847 periculo,
1182 4771 1400 4845 quanto
1433 4763 1624 4842 majus
1654 4782 1766 4825 nec
1791 4771 1900 4840 est,
1937 4783 2048 4825 nec

387 4857 500 4920 fuit
520 4857 650 4939 (per
670 4856 972 4935 indignam
996 4854 1215 4934 quippe
1247 4853 1758 4934 communionem,
1783 4854 2049 4932 corporis

390 4945 635 5024 Christi,
669 4953 729 5007 et
772 4942 1366 5024 sanguinisreiﬁunt)
1387 4960 1490 5004 eos
1506 4941 1807 5003 revocanti
1826 4941 2044 5020 gratias

389 5041 588 5117 agent;
605 5033 748 5117 quid
774 5041 971 5096 autem
996 5031 1459 5106 intolerabilius,
1484 5049 1658 5113 quam
1686 5030 2045 5111 supplicium

390 5126 510 5190 tale
541 5125 857 5188 incurrere
887 5123 1062 5204 quale
1087 5121 1493 5204 perpetientur
1527 5144 1543 5200 ;
1580 5121 1684 5202 qui
1739 5119 2043 5184 Christum

389 5217 452 5279 in
477 5236 718 5280 crucem
770 5222 1064 5296 egerunt?
1122 5214 1293 5288 Quia,
1352 5214 1617 5294 inquam,
1683 5211 1851 5273 multi
1898 5211 2048 5273 tales

391 5313 550 5389 sunt,
581 5305 661 5368 ita
689 5324 793 5370 eos
837 5312 1087 5368 tractare
1148 5310 1403 5384 oportet.
1465 5301 1744 5380 Cogenda
1799 5301 2044 5362 fratrum

393 5394 733 5472 multitudo,
765 5402 825 5458 et
853 5393 1015 5457 Deus
1043 5410 1222 5474 super
1249 5392 1323 5453 iis
1345 5409 1492 5472 ,cum
1543 5390 1820 5471 lacrymis
1884 5390 2046 5452 invo-

2133 4585 2296 4666 piati.
2329 4585 2610 4656 Secundi,
2671 4585 2946 4667 baptizati
2996 4589 3258 4668 quidem,
3294 4589 3396 4649 sed
3432 4589 3527 4668 qui
3559 4587 3764 4649 sordes

2132 4684 2192 4738 et
2220 4683 2456 4756 peccata
2483 4675 2729 4754 diligere
2763 4685 3100 4756 coeperunt:
3129 4696 3263 4738 nam
3299 4678 3359 4738 hi
3394 4678 3529 4738 vitae
3557 4685 3771 4738 sanctae

2131 4765 2489 4845 desertores,
2525 4773 2580 4825 ct
2609 4775 2890 4846 apostata:
2923 4766 3328 4827 nominantur.
3370 4767 3576 4841 Tertii,
3614 4765 3714 4846 qui
3745 4784 3778 4826 a

2133 4855 2303 4915 malis
2335 4853 2644 4934 spiritibus
2672 4855 2929 4916 humano
2956 4856 3159 4932 generi
3190 4856 3444 4928 infestis,
3480 4863 3537 4917 et
3565 4855 3781 4916 adver-

2130 4943 2301 5004 sariis
2324 4943 2684 5013 insidentur,
2709 4952 2766 5004 et
2789 4953 3177 5022 occupantur.
3211 4943 3434 5020 Quarti,
3464 4944 3564 5023 qui
3598 4962 3632 5005 a
3664 4943 3782 5003 vita

2127 5032 2458 5092 facinorosa
2485 5043 2864 5094 recesserunt
2921 5031 3006 5092 illi
3050 5033 3318 5113 quidem,
3353 5051 3557 5093 verum
3585 5031 3781 5093 adhuc

2129 5119 2534 5202 paenitentiam
2564 5129 2765 5199 agunt.
2819 5119 3045 5194 Quinti,
3107 5121 3206 5202 qui
3235 5140 3353 5181 non
3386 5129 3566 5183 totam
3599 5122 3783 5183 vitam

2131 5229 2295 5272 suam
2321 5209 2442 5272 Deo
2462 5219 2907 5284 consecrarunt,
2937 5230 3046 5272 nec
3071 5211 3128 5271 in
3153 5210 3387 5272 Christo
3410 5211 3781 5271 omnimodis

2130 5299 2261 5362 sine
2284 5297 2536 5360 crimine
2561 5299 2786 5361 vivunt.
2814 5298 3072 5371 Quatuor
3120 5300 3342 5380 quippe
3367 5306 3526 5374 sunt,
3562 5299 3781 5378 dignus

2129 5387 2428 5468 indignus,
2463 5386 2641 5467 digne
2669 5387 2935 5466 indigne.
2967 5387 3253 5467 Indignus
3283 5388 3551 5470 omnino,
3579 5407 3614 5450 a
3643 5387 3781 5449 cibo

466 5572 533 5629 70
555 5569 692 5651 Cor,
719 5587 782 5650 v,
815 5572 916 5637 11.
999 5571 1060 5624 71
1095 5568 1251 5636 Psal.
1287 5587 1346 5650 v,
1379 5568 1442 5635 6.
1527 5566 1587 5620 79
1613 5566 1769 5633 Ibid.
1807 5568 1861 5631 7.
1949 5567 2156 5631 7315a.
2187 5583 2348 5643 var,
2379 5565 2480 5630 24.
