4068 6112
420 265 539 332 345

1885 278 2166 342 ORATIO
2209 279 2314 342 VI.

2181 0 2994 29 μκω--ιιιιιξξωιιιιμι

3687 283 3803 351 346

421 409 484 464 et
515 412 653 484 potu
684 407 794 471 isto
817 410 1110 490 rejicitur.
1145 409 1374 489 Dignus
1403 417 1623 483 autem,
1659 411 1953 493 siquidem
1978 409 2134 472 di-A
2155 410 2419 488 ingressa
2439 411 2672 490 capitur
2712 419 2768 472 et
2793 411 3160 491 subjugatur,
3193 414 3445 493 pecunia
3479 414 3603 476 sive
3631 433 3802 495 opes,

421 511 538 584 gae
580 499 918 574 accesserit,
964 499 1177 577 dignus
1209 507 1336 560 est:
1399 499 1447 559 si
1478 499 1743 579 indigne,
1767 502 2075 580 judicium
2159 498 2372 576 gloria,
2410 499 2694 580 voluptas.
2729 499 2938 562 Omnis
2988 521 3245 580 namque
3276 503 3476 584 homo,
3512 505 3799 566 mundum

417 583 542 644 sibi
559 588 906 668 manducet,
937 596 994 649 et
1015 588 1184 661 bibit,
1217 607 1334 649 non
1356 589 1702 665 dijudicans
1718 608 1930 670 corpus
1963 592 2076 650 Do-

2157 589 2314 649 hunc
2347 602 2588 668 propter
2635 589 2884 670 primam
2946 589 3122 668 primi
3172 591 3432 652 hominis
3465 593 3803 673 praevarica-

418 673 676 761 mini'”.
711 675 978 757 Quinque
1009 677 1165 738 enim
1225 686 1552 756 ponuntur'
1585 679 1831 741 ordines
1863 679 2074 759 ejecti-
2156 678 2376 739 tionem
2411 679 2603 739 locum
2647 680 2983 741 aﬂlictionis
3030 687 3090 742 et
3148 681 3450 761 supplicii,
3484 700 3554 746 ac
3583 687 3708 746 sola
3737 685 3799 746 in

420 760 642 824 tiorum
672 764 747 825 ab
805 765 1114 828 Ecclesia:
1179 766 1621 840 catechumeni,
1682 775 1746 828 ut
1802 767 2067 828 nondum

427 850 698 931 baptizati
725 877 738 914 :
761 855 1144 918 fornicariiet
1168 855 1443 930 adulteri,
1480 855 1540 916 in
1578 858 1870 918 masculos
1900 857 2064 918 insa-

423 941 674 1015 nientes,
709 946 1000 1022 corrupti,
1036 944 1373 1016 homicida},
1419 944 1608 1025 avari,
1643 955 1933 1025 raptores,
1967 944 2066 1004 in-

409 1028 580 1107 justi,
609 1033 866 1112 superbi,
895 1033 1104 1114 iniqni,
1142 1032 1585 1112 impmnitentes
1607 1034 1667 1093 in
1699 1035 1794 1095 his
1825 1034 2066 1094 sceleri-

413 1116 568 1193 bus;
604 1140 637 1182 a
665 1122 1052 1197 daemonibus,
1090 1123 1519 1202 possessit;qui
1548 1123 1619 1184 ad
1658 1123 2062 1204 paenitentiam

414 1216 475 1268 et
503 1210 939 1274 confessionem
968 1218 1466 1284 accesserunt,j‘et
1498 1219 1558 1271 ut
1585 1212 1923 1292 ad,tempus
1949 1213 2059 1272 de-

413 1296 645 1358 ﬁnitum
681 1309 842 1362 extra
869 1310 1194 1375 manerent,
1223 1300 1560 1380 punitisunt
1589 1320 1603 1376 ;
1631 1302 1938 1381 postremi,
1961 1301 2062 1381 qui

419 1389 816 1468 perscriptum
846 1391 1206 1469 poenitentia:
1227 1389 1479 1469 spatium
1507 1390 1766 1451 nondum
1793 1391 2061 1470 comple-

407 1485 643 1538 verunt.
679 1477 749 1538 Hi
808 1479 1007 1557 igitur,
1065 1479 1122 1539 id
1175 1486 1285 1553 est,
1346 1477 1611 1559 quinque
1667 1477 1907 1538 ordines
1941 1479 2059 1539 isti.

409 1565 972 1646 manifesteindigni
995 1576 1128 1629 sunt
1172 1567 1270 1641 (4).
1305 1565 1526 1642 Dignus
1554 1575 1749 1628 autem
1783 1585 2055 1648 corpore,

411 1659 472 1712 et
502 1656 790 1733 sanguine
816 1657 1035 1719 Christi
1058 1675 1238 1734 purus
1266 1662 1322 1716 et
1354 1649 1884 1734 inculpatus.Cum
1919 1674 2056 1716 vero

2153 776 2343 830 morte
2371 767 2766 842 miseriarum,
2829 777 2888 831 et
2935 787 3329 831 aerumnarum
3361 789 3490 833 esse
3528 773 3799 854 requiem

2151 857 2452 937 ignorans,
2483 877 2616 920 cum
2649 860 2960 921 traducere
2999 860 3183 921 vitam
3239 859 3474 942 inc1pit,
3536 863 3608 924 ad
3659 882 3789 925 eam

2148 946 2294 1007 citra
2306 947 3346 1030 molestiam,|citraqueindigentiam
3363 950 3786 1013 traducendam

2149 1054 2292 1115 opes
2329 1037 2614 1116 exspetit.
2668 1045 2726 1098 et
2779 1036 3110 1116 procedens
3167 1038 3228 1097 in
3260 1038 3486 1100 honore
3518 1046 3576 1100 et
3603 1039 3790 1118 gloria

2148 1143 2279 1185 esse
2303 1125 2621 1187 desiderat.
2650 1125 2762 1188 Ubi
2787 1144 2886 1186 ver
2905 1125 3094 1186 aetatis
3143 1126 3477 1205 contigerit,
3506 1128 3790 1206 jucundis

2146 1213 2320 1275 rebus
2342 1214 2490 1291 frui;
2518 1224 2580 1275 ut
2601 1233 2811 1276 sensus
2835 1235 3100 1295 compos,
3127 1215 3198 1276 iis
3221 1216 3319 1296 qui
3344 1217 3618 1278 sensibus
3645 1237 3786 1299 per-

2145 1303 2440 1382 cipiuntur
2463 1325 2476 1362 :
2503 1312 2562 1364 ut
2584 1304 2978 1384 aspectabilis,
3011 1304 3466 1383 aspectabilibus
3493 1327 3506 1364 :
3535 1315 3595 1367 ut
3625 1316 3779 1368 tem-

2146 1410 2461 1472 poraneus,
2490 1393 2908 1473 temporaneis.
2935 1393 3079 1454 Nam
3100 1393 3200 1474 qui
3220 1394 3374 1455 videt
3414 1413 3482 1456 ea
3513 1415 3641 1476 quae
3671 1397 3782 1458 sub

2146 1481 2348 1542 oculos
2378 1481 2615 1549 cadunt,
2651 1483 2826 1543 etiam
2872 1500 2940 1544 ea
2993 1500 3124 1563 quae
3183 1502 3300 1544 non
3330 1484 3550 1545 cadunt
3579 1485 3781 1547 videre

2145 1571 2348 1650 nequit
2375 1571 2563 1634 :sicut
2585 1572 2686 1652 qui
2709 1572 2808 1634 illa
2841 1571 3288 1651 inaspectabilia
3316 1575 3775 1654 contemplatur,

2140 1657 2419 1721 similiter
2447 1680 2578 1741 qua:
2609 1668 2850 1741 aspectu
2880 1660 3236 1734 sentiuntur,
3271 1659 3490 1721 intueri
3520 1681 3637 1722 non
3669 1682 3780 1742 po-

411 1742 705 1833 quispiam
731 1745 966 1823 dignus,
1003 1745 1252 1823 alicujus
1303 1743 1502 1833 errati,
1540 1751 1605 1806 ut
1635 1744 2050 1825 homozrepre-
2082 1774 2121 1833 Β
2144 1755 2275 1810 test.
2311 1749 2585 1830 Quisquis
2615 1751 2774 1811 enim
2829 1753 2890 1809 in
2948 1748 3123 1808 vitam
3184 1750 3335 1810 hanc
3363 1769 3492 1830 quae
3525 1751 3781 1832 videtur,

408 1827 631 1891 hensus
661 1832 857 1906 fuerit,
895 1833 1024 1894 talis
1080 1833 1292 1910 dignus
1345 1831 1588 1911 indigne
1617 1834 1968 1913 susceperit,
2003 1833 2052 1894 si
2083 1827 2116 1833 ⁷
2139 1855 2330 1917 nuper
2359 1827 2639 1920 introivit,
2665 1839 3108 1915 nisifdoceatur,
3139 1839 3326 1899 nescit
3355 1827 3495 1900 num
3518 1827 3784 1920 quaedam

409 1937 553 1994 non,
589 1922 743 2000 quod
769 1922 979 2002 inipso
1001 1921 1827 2002 reprehenditur,excusserit
1866 1930 1924 1985 et
1952 1922 2053 1983 ab-

398 2009 638 2087 jecerit.
665 2009 864 2091 Itaque
891 2020 948 2072 et
969 2012 1069 2072 ille
1097 2011 1219 2071 edit
1241 2030 1308 2070 ac
1334 2008 1481 2070 bibit
1502 2010 1768 2090 indigne,
1795 2013 1896 2092 qui
1917 2031 2051 2074 cum

403 2098 620 2176 dignus
646 2099 740 2175 sit,
777 2101 954 2178 digne
985 2110 1181 2162 tamen
1216 2118 1336 2160 non
1371 2101 1644 2161 accessit.

1022 2191 1298 2257 ORATIO
1334 2191 1433 2255 Vl.

1004 2290 1426 2337 ARGUMENTUM.

399 2367 694 2429 Homines
743 2371 1016 2447 pecunia,
1072 2386 1234 2430 vana
1281 2366 1499 2447 gloria,
1561 2373 1620 2429 et
1679 2366 2053 2448 voluptatum

616 2447 909 2510 illecebris
942 2455 1098 2529 capi,
1133 2458 1311 2525 atque
1341 2448 1585 2508 irretiri
1610 2450 1826 2510 solere.

484 2541 619 2602 Tria
646 2551 802 2618 sunt,
837 2542 1052 2622 quibus
1074 2623 1076 2625 g
1099 2541 1299 2604 anima
1358 2541 1554 2602 omnis
1598 2541 1660 2602 in
1691 2541 1843 2603 hanc
1877 2542 2051 2605 vitam

484 2721 546 2770 74
585 2721 609 2783 Ι
640 2719 777 2784 Cor.
815 2738 878 2796 ιι,
912 2721 1014 2782 29.

470 2891 545 2960 (t)
596 2889 707 2946 Cur
764 2904 877 2946 non
959 2887 1222 2960 baptizati
1308 2904 1339 2946 a
1414 2903 1573 2946 sacra
1632 2891 2039 2950 communione

395 2962 775 3030 repellantur.
806 2962 950 3018 ratio
980 2963 1038 3017 in
1067 2968 1331 3033 promptu
1361 2968 1488 3033 est;
1551 2963 1683 3033 quia
1725 2963 2040 3031 haptismus

393 3033 462 3088 ad
492 3034 682 3090 omnia
715 3044 1066 3089 sacramenta
1110 3031 1271 3105 fores
1329 3031 1542 3101 pandit.
1575 3031 1862 3091 'Secundo
1908 3036 2042 3105 reji-

2137 1935 2391 2002 exstent,
2425 1929 2727 1990 oculorum
2762 1946 3000 1988 sensum
3037 1926 3317 2002 fugientia
3352 1947 3363 1990 :
3402 1937 3575 2009 atque
3608 1930 3781 1991 etiam

2135 2014 2249 2076 hoc
2278 2016 2472 2096 ipsum
2504 2019 2732 2096 ignorat
2763 2034 2828 2079 se
2863 2016 3174 2092 eaducum,
3207 2023 3266 2076 et
3290 2019 3597 2079 mortalem
3625 2037 3780 2094 esse,

2139 2122 2248 2165 nec
2271 2124 2336 2165 se
2359 2116 2600 2187 propter
2622 2115 2974 2186 praesentem
3008 2106 3186 2179 hunc,
3222 2105 3325 2166 sed
3357 2107 3536 2167 alium
3569 2126 3782 2187 quem-

2135 2192 2267 2254 dam
2304 2205 2772 2276 perpetuumque
2804 2194 3089 2255 mundum
3131 2203 3506 2274 procreatum
3544 2214 3557 2258 :
3602 2215 3782 2276 quem

2135 2290 2199 2342 ut
2221 2293 2537 2360 mereatur,
2566 2287 2662 2347 hic
2688 2283 2910 2347 erudiri
2961 2283 3300 2364 przeparari,
3333 2301 3400 2345 ac
3434 2284 3637 2363 perﬁci
3668 2286 3780 2346 de—

2135 2371 2290 2434 beat.
2319 2375 2666 2437 Tenendum
2689 2375 2906 2456 itaque,
2937 2374 2987 2434 si
3008 2377 3132 2436 l1th
3163 2374 3274 2435 tria
3303 2375 3358 2435 ei
3389 2373 3789 2438 dominabun-

2137 2468 2251 2539 tur,
2292 2464 2418 2526 fore
2448 2476 2511 2528 ut
2539 2466 2611 2528 ab
2645 2467 2716 2527 iis
2765 2466 2940 2526 etiam
2988 2483 3122 2526 cum
3173 2463 3354 2538 volet,
3395 2484 3460 2525 se
3490 2465 3780 2529 extricare

2142 2569 2262 2613 non
2290 2555 2518 2619 valeat:
2553 2556 2654 2618 ubi
2684 2573 2798 2617 nec
2851 2571 3056 2636 passer
3115 2552 3431 2615 tendiculis
3459 2553 3783 2633 implicitus

2121 2901 2390 2972 quotidie.
2424 2903 2562 2960 Item
2611 2903 2773 2961 docet
2836 2903 3143 2961 Balsamon
3202 2902 3437 2960 scholiis
3485 2903 3554 2959 ad
3585 2903 3784 2960 Timo-

2125 2973 2237 3044 thei
2291 2975 2749 3044 Responsiones:
2782 2975 2915 3031 Vide
2949 2975 3234 3031 Francise.
3271 2974 3479 3031 Suares
3511 2984 3647 3032 tom.
3683 2976 3777 3041 llI,

2127 3043 2180 3098 d.
2213 3044 2303 3100 69.
2337 3043 2473 3102 sect.
2536 3046 2590 3111 2,
2649 3049 2708 3102 in
2768 3048 2865 3103 fin.
2923 3045 3549 3117 Exstantrquaestiones
3580 3060 3784 3103 mona-

393 3106 484 3188 αξξ
503 3107 737 3188 εἰωθοη
764 3105 834 3185 al?
867 3105 986 3160 hac
1019 3102 1500 3188 CQIGSEi__men$a_
1544 3113 1889 3188 βθοϐδῐοιᾮετ
1924 3102 2043 3163 IIifI-
2067 3108 2367 3173 Cchorum
2400 3102 2803 3188 quorumdam,
2836 3102 2891 3174 et
2937 3118 3008 3174 ad
3045 3102 3319 3174 easdem,
3353 3131 3646 3186 responsa,
3679 3102 3776 3174 ubi

391 3175 633 3232 nifestos
683 3176 957 3231 nimirum
1009 3183 1064 3231 et
1121 3174 1350 3244 publice
1411 3182 1618 3240 notos;
1681 3187 2041 3244 scortatores,

392 3247 704 3310 adulteros,
745 3254 1021 3315 raptores,
1056 3257 1109 3302 et
1159 3246 1330 3315 hujus
1381 3246 1609 3314 generis
1639 3245 1780 3302 alios
1817 3266 1829 3312 ;
1863 3259 1924 3305 ut
1955 3250 2041 3304 in-

389 3328 571 3391 semet
601 3318 830 3391 Simeon
864 3317 1148 3391 e_xplicat.¥
1165 3317 1304 3372 Vide
1357 3316 1411 3372 S.
1472 3317 1575 3391 'I_‘h.
1636 3329 1716 3391 ιιι,
1750 3333 1826 3389 p.,
1863 3333 1914 3391 q.
1953 3321 2039 3376 67.

393 3398 503 3446 art.
537 3389 591 3453 6,
627 3397 680 3445 et
717 3389 852 3444 ibid.
886 3388 1086 3446 Franc.
1118 3388 1281 3446 Suar.
1319 3395 1456 3444 sect.
1489 3388 1522 3442 2
1551 3396 1606 3446 et
1633 3389 1685 3444 5.

465 3486 674 3551 Tertio,
735 3487 986 3543 excludit
1038 3499 1641 3557 energumenostseu
1696 3502 1724 3543 a
1785 3486 2042 3546 daemone

391 3558 985 3629 obsessosLEosdem
1043 3556 1293 3615 excludit
1334 3557 1402 3629 ,S.
1465 3556 1699 3629 Dionys.
1757 3559 2034 3629 Areopag.

389 3643 517 3697 cap.
571 3630 622 3686 3.
681 3628 757 3686 De
808 3631 1006 3686 caelesti
1058 3628 1398 3695 hierarchia,
1450 3638 1591 3697 part.
1622 3628 1740 3695 'u;
1799 3628 2040 3688 collocat

390 3701 547 3757 enim
603 3701 735 3757 illos
791 3708 953 3758 extra
1009 3703 1287 3771 templum
1336 3714 1403 3755 eo
1463 3708 1739 3769 tempore,
1799 3716 1912 3771 quo
1944 3718 2036 3760 res

389 3771 582 3828 divina
636 3773 946 3842 peragitur,
1005 3773 1153 3830 inter
1204 3771 1647 3828 catechumenos
1701 3781 1755 3828 et
1812 3773 2037 3842 publice

386 3844 728 3925 pcenitentes
763 3859 776 3898 :
805 3859 976 3925 quem
1008 3844 1063 3899 S.
1097 3845 1344 3923 Thomas
1374 3855 1433 3897 ιιι
1493 3856 1552 3925 ι)ἒ
1605 3857 1685 3913 q.,
1716 3843 1806 3925 49,
1837 3845 2033 3925 *ειη-9,

386 3913 790 3984 interpretatur
818 3913 887 3970 de
939 3916 1344 3985 energumenis
1400 3913 1656 3969 nondum
1717 3915 2031 3983 baptizatis,

384 3986 449 4040 in
472 3987 671 4056 quibus
697 3985 903 4041 scilicet
931 3986 1178 4042 nondum
1205 3989 1286 4041 est
1334 3985 1415 4040 vis
1446 3985 1708 4041 daemonis
1738 3988 2029 4052 exstincta,

382 4073 505 4128 quae
531 4059 675 4128 viget
702 4058 765 4112 in
795 4057 870 4113 eis
894 4073 997 4128 per
1047 4058 1338 4128 originale,
1353 4062 1638 4128 peccatum
1701 4060 1834 4128 cum
1867 4072 2034 4113 ener-

381 4127 649 4198 gumen’is
681 4127 1031 4196 baptismatis
1089 4127 1239 4185 undi
1294 4127 1503 4184 ablutis
1565 4127 1702 4183 dicit
1732 4127 1787 4184 S.
1824 4128 2028 4186 Thom.

383 4199 535 4255 idem
568 4200 911 4256 servandum
945 4214 1086 4264 esse,
1137 4198 1290 4270 quod
1346 4212 1477 4270 cum
1531 4200 1750 4270 caeteris
1797 4202 2032 4256 amenti-

384 4270 561 4337 tibus,
619 4271 894 4327 nimirum
951 4272 999 4326 si
1076 4269 1290 4342 absque
1333 4269 1587 4342 periculo
1649 4271 2031 4342 irreverentia

384 4342 811 4398 communicare
861 4343 1098 4411 possint,
1161 4340 1214 4399 et
1268 4340 1562 4397 intervalla
1621 4340 1878 4405 habeant,
1914 4357 2030 4399 non

385 4426 510 4468 esse
539 4413 657 4469 illis
690 4412 1012 4483 negantiam
1073 4414 1536 4483 Eucharistiam;
1600 4424 1732 4468 nam
1763 4413 1886 4483 ejus
1917 4415 2033 4469 vir-

390 4491 506 4540 tute
563 4493 618 4541 et
665 4482 882 4540 auxilio
929 4493 1025 4540 aut
1086 4486 1305 4540 daemon
1359 4482 1689 4552 expelletur,
1751 4482 1803 4538 si
1851 4485 1904 4538 id
1961 4485 2032 4541 ad

389 4555 623 4612 salutem
657 4555 906 4611 hominis
934 4556 1253 4622 conducat;
1306 4565 1403 4610 aut
1457 4563 1608 4610 certe
1637 4554 2040 4612 corroborabi-

386 4633 498 4698 ειη,
536 4637 605 4698 ut
625 4640 944 4698 erumnam
991 4628 1145 4683 illam
1205 4640 1483 4698 generoso
1540 4625 1736 4698 an_imo
1771 4625 2033 4695 perferat.

390 4695 548 4753 Hanc
581 4697 900 4754 doctrinam
949 4695 1249 4755 conﬁrmat
1305 4706 1533 4754 sanctus
1591 4695 1836 4752 Thomas
1889 4700 2039 4754 testi-

392 4769 582 4840 monio
613 4769 889 4838 Cassiani,
947 4770 1110 4840 cujus
1170 4773 1287 4825 haec
1338 4777 1470 4824 sunt
1523 4768 1689 4840 verba
1748 4767 1939 4824 collat.
1985 4769 2035 4825 7.

392 4853 441 4894 c.
475 4839 578 4894 30:
634 4839 1088 4918 Communionem
1135 4857 1262 4918 vero
1293 4841 1370 4918 eis
1400 4839 1698 4909 (obsessis)
1720 4855 2042 4918 sacrosan-

387 4919 536 4966 ctam
565 4926 600 4966 a
621 4911 933 4966 senioribus
987 4915 1197 4968 nostris
1227 4911 1514 4981 nunquam
1572 4911 1917 4967 meminimus
1947 4913 2041 4968 in-

388 4982 678 5037 terdictam
710 4999 724 5034 :
755 4983 1022 5052 quinimo,
1053 4985 1104 5040 si
1149 4985 1401 5051 possibile
1449 4986 1600 5045 esset,
1661 4983 1827 5037 etiam
1865 4985 2039 5053 quoti-

384 5053 473 5109 die
495 5054 570 5109 eis
601 5053 889 5116 impartiri
916 5070 1034 5109 eam
1085 5055 1276 5111 debere
1331 5054 1642 5110 censebant.
1705 5053 1880 5109 Paulo
1916 5063 2040 5123 post

385 5124 579 5180 subdit
614 5139 626 5178 :
657 5125 770 5180 Hoc
799 5139 1036 5195 namque
1063 5127 1222 5183 modo
1249 5131 1506 5184 curatum
1533 5129 1584 5180 et
1643 5124 1887 5180 abbatem
1916 5125 2042 5180 An-

383 5195 679 5270 dronicum
709 5210 886 5265 nuper
914 5198 1251 5267 aspeximus,
1285 5197 1528 5270 aliosque
1563 5196 1888 5270 complures.
1925 5197 2041 5254 Ma-

379 5267 463 5339 gis
499 5282 736 5337 namque
785 5282 850 5339 ac
915 5270 1093 5339 magis
1149 5267 1745 5326 inimicus'insultabit
1800 5267 2034 5334 obsesso,

379 5338 507 5395 cum
534 5355 660 5395 eum
689 5356 723 5392 a
741 5338 941 5395 calesti
963 5338 1226 5396 medicina
1250 5342 1453 5396 viderit
1505 5344 1873 5410 segregatum,
1910 5343 2037 5395 tan-

363 5415 538 5484 .toque
566 5411 750 5484 dirius
779 5415 828 5465 et
852 5411 1198 5484 frequentius
1245 5411 1563 5484 attentabit._
1603 5419 1814 5484 quanto
1845 5426 1972 5484 eum
2000 5427 2038 5468 a

375 5481 667 5553 spirituati
695 5481 932 5537 remedio
963 5486 1181 5553 longius
1220 5484 1454 5540 senserit
1506 5481 1850 5553 abdicatum.
1904 5481 2038 5539 Haec

379 5552 557 5609 abbas
605 5554 853 5624 Serenus
910 5552 1068 5624 apud
1118 5553 1500 5613 Cassianum:
1556 5552 1650 5610 Sic
1705 5553 1878 5610 etiam
1933 5553 2029 5610 Ti-

375 5627 639 5706 motheus
671 5623 1090 5706 Alegtandrinus
1151 5627 1454 5706 episcopus
1491 5625 1582 5706 in.
1627 5624 1748 5706 suis
1778 5625 2031 5706 Respon-

373 5694 636 5770 sionibus
692 5695 830 5759 vult,
909 5704 968 5753 ut
1023 5694 1397 5770 energumeni
1442 5695 1614 5770 statis
1672 5694 2028 5770 temporibus

375 5764 726 5824 Eucharistae
798 5764 1218 5827 sacramentum
1299 5768 1633 5841 percipiant,
1720 5764 1823 5825 etsi
1909 5781 2026 5827 non

2125 3190 2400 3257 quaeritur
2434 3205 2506 3246 an
2549 3200 2805 3261 oporteat
2856 3189 3076 3246 daemon
3107 3203 3301 3261 acum
3348 3191 3778 3261 communicare

2128 3261 2516 3323 sacramentis,
2565 3260 2818 3318 sanctum
2863 3264 3015 3316 enim
3073 3260 3434 3316 Timotheum
3493 3263 3658 3317 aliter
3689 3260 3775 3316 di-

2127 3330 2312 3397 xisse;
2349 3341 2401 3388 et
2429 3333 2594 3389 aliter
2650 3341 2876 3389 sanctos
2934 3333 3258 3400 apostolos:
3301 3332 3618 3399 Responsio
3648 3341 3771 3388 est:

2125 3401 2275 3475 Eum
2301 3405 2398 3475 qui
2437 3419 2562 3460 vere
2611 3407 2681 3460 sit
2736 3403 3106 3459 dmmoniucus
3161 3403 3524 3475 sacramentis
3553 3403 3782 3475 minime

2123 3472 2470 3543 dignandum
2489 3491 2620 3532 esse.
2663 3476 2825 3543 Quod
2873 3484 3060 3530 tamen
3103 3474 3427 3530 Balsamoni
3457 3475 3515 3529 in
3547 3474 3778 3531 scholiis

2123 3545 2191 3616 ad
2222 3545 2345 3615 ejus
2377 3548 2732 3616 Responsum
2764 3561 2878 3603 non
2943 3547 3239 3614 probatur,
3295 3548 3343 3601 si
3374 3547 3675 3614 loquamur
3706 3545 3780 3601 de

2122 3614 2219 3672 illo
2252 3614 2616 3690 dmmoniaco,
2653 3621 2746 3690 qui
2781 3621 2986 3674 mentis
3035 3616 3322 3690 interdum
3375 3627 3463 3690 est
3491 3631 3725 3690 compos
3761 3636 3773 3681 ;

2120 3695 2173 3813 (Et
2202 3703 2230 3743 a
2263 3687 2540 3816 dgeugopis
2572 3687 2878 3762 agitatione
2929 3688 3263 3746 nonnullam
3313 3689 3560 3759 quietem
3589 3689 3772 3744 inter-

2167 3773 2263 3814 um
2337 3777 2362 3816 3
2416 3777 2444 3815 θ
2477 3803 2488 3815 .

2167 3773 2263 3814 um
2296 3763 2488 3817 habet.

2192 3830 2404 3898 Quarto
2440 3832 2693 3889 excludit
2726 3832 2955 3888 Simeon
3006 3831 3076 3887 ab
3134 3829 3494 3886 Eucharistia
3545 3828 3777 3898 publice

2119 3901 2534 3974 gtsolemniter
2583 3905 2940 3974 pmnitentes.
3001 3902 3141 3958 Nam
3198 3903 3323 3957 istis
3364 3915 3479 3958 non
3537 3901 3776 3974 dabatur

2117 3971 2467 4031 Eucharistia
2502 3971 2742 4031 durante
2798 3975 3149 4043 paenitentiae
3207 3982 3481 4041 tempore,
3537 3973 3771 4043 nisipe-

2117 4044 2363 4101 riculum
2398 4048 2520 4102 vitae
2553 4042 2905 4115 impenderet
2941 4061 2954 4106 ;
3007 4045 3159 4115 quod
3209 4057 3340 4098 cum
3369 4042 3622 4112 aliunde,
3656 4053 3777 4100 tum

2115 4119 2536 4187 excanonibus
2567 4114 2717 4187 apud
2756 4117 3087 4174 Gratianum
3134 4114 3220 4173 25.
3269 4123 3484 4187 quzest._
3528 4116 3587 4187 6.,
3617 4123 3673 4171 et
3705 4130 3778 4172 ex

2113 4185 2238 4258 cod.
2295 4188 2365 4244 de
2422 4185 2828 4258 pmnitentibus
2859 4189 2928 4242 de
2976 4194 3291 4242 consecrat.
3353 4185 3407 4258 d.
3461 4185 3514 4258 3,
3578 4186 3778 4256 liquet.

2115 4255 2728 4330 Legintur‘epistolte,
2787 4269 2846 4316 ut
2906 4258 2987 4314 sic
3062 4272 3279 4330 vocem,
3342 4255 3774 4330 Prenitentiates,

2118 4328 2369 4399 Dionysii
2398 4327 2799 4400 Alexandrini,
2839 4331 2894 4386 S.
2931 4330 3201 4385 Athanas.
3235 4329 3297 4400 Si
3328 4327 3566 4398 Gregor.
3600 4330 3784 4386 Thau-

2122 4403 2474 4472 maturgi,S.
2535 4403 2771 4473 Gregor.
2834 4401 3096 4472 Nysseni,
3155 4400 3220 4473 ὃ,
3281 4399 3485 4466 Basilii,
3545 4410 3600 4458 et
3637 4403 3781 4460 alio—

2122 4486 2248 4527 rum
2281 4472 2802 4541 cum,Balsamonis
2833 4472 3281 4530 commentariis.

2193 4553 2405 4620 Quinto
2435 4557 2619 4628 rejicit
2648 4556 2778 4613 illos
2834 4571 2862 4610 a
2921 4566 3080 4628 sacra
3127 4553 3387 4628 Synaxi,
3417 4547 3462 4628 oi
3494 4545 3598 4628 pi.
3651 4545 3781 4612 ὅλην

2121 4626 2214 4692 τὴν
2248 4628 2444 4686 ἑαυτῶν
2473 4623 2614 4699 ζ’ωὴν
2675 4636 2751 4703 τῷ
2809 4629 2924 4699 Θεῷ
2982 4625 3318 4702 ἀναθέμενοι,
3372 4625 3460 4680 καὶ
3491 4623 3545 4679 ἐν
3579 4632 3784 4704 Χριστῷ

2122 4711 2312 4785 ζῶντες
2376 4705 2589 4784 ἄμωμοι
2649 4706 2946 4785 παντελῶς,
3008 4714 3103 4785 qui
3163 4717 3334 4769 totum
3393 4713 3567 4785 vitam
3620 4729 3782 4770 suam

2127 4784 2234 4839 Deo
2263 4801 2374 4841 non
2403 4783 2822 4850 conSecrarunt,
2854 4783 3276 4856 neque—prorsus
3307 4784 3368 4856 in
3401 4783 3643 4852 Christo,
3669 4786 3786 4840 sine

2121 4856 2355 4912 crimine
2385 4860 2595 4916 vivunt.
2656 4859 2761 4916 Ubi
2819 4857 3013 4913 Simon
3054 4855 3185 4912 non
3247 4855 3467 4911 videtur
3525 4857 3678 4925 loqui
3711 4856 3779 4912 de

2123 4925 2258 4995 illis,
2291 4931 2388 4998 qui
2425 4931 2504 5006 vel
2543 4939 2668 5000 post
2727 4931 3012 4998 baptisma,
3072 4927 3317 5006 velpost
3345 4926 3773 5006 confessionem

2124 4997 2410 5072 peractam
2444 4997 2635 5059 denuo
2673 4997 2910 5072 peccant
2945 5019 2958 5066 ;
3011 4998 3210 5072 sedde
3241 4997 3374 5058 illis,
3409 4997 3506 5067 qui
3541 4997 3601 5072 in
3634 4998 3785 5054 idem

2125 5069 2327 5143 let‘hale
2357 5067 2692 5143 peccatum'
2713 5078 2922 5143 saepius
2978 5070 3264 5143 recidunt,
3324 5081 3468 5143 quos
3501 5067 3784 5143 vulgo__re-

2125 5139 2695 5202 cidivos‘nominant.
2759 5139 2834 5201 De
2893 5142 3102 5212 quibus
3136 5140 3416 5212 Nesteuta
3449 5139 3507 5212 in
3538 5153 3643 5196 suo
3669 5140 3783 5197 No-

2126 5227 2440 5271 mocanone
2477 5234 2488 5272 :
2523 5218 2663 5272 Sunt
2690 5218 2833 5273 enim
2886 5211 3068 5279 multi,
3130 5211 3333 5280 inquit,
3368 5211 3464 5281 qui
3493 5217 3784 5269 consuetu-

2121 5283 2249 5340 dine
2300 5302 2503 5344 rursus
2565 5289 2850 5353 tabuntur,
2898 5291 2947 5341 et
3005 5285 3066 5338 in
3119 5285 3351 5354 peccata,
3388 5281 3671 5354 incidunt.
3711 5284 3788 5340 Hi

2121 5370 2250 5438 ergo
2301 5357 2495 5438 debent
2565 5375 2783 5438 semper
2855 5352 3136 5438 conﬁteri.—
3199 5352 3408 5438 quoties
3465 5353 3783 5438 cecidefint,

2119 5425 2338 5504 etiamsi
2366 5430 2649 5502 iniunctas
2678 5425 2886 5504 'pcenas
2938 5425 3350 5504 compleverint,
3402 5438 3540 5504 quas
3597 5427 3667 5482 ab
3698 5441 3778 5494 eo,

2120 5499 2218 5568 qui
2247 5500 2388 5578 ispos
2418 5499 2633 5578 ligavit,
2666 5577 2669 5578 ν
2695 5499 3040 5572 acceperunt,
3100 5511 3392 5578 nunquam
3431 5499 3619 5578 autem
3647 5513 3776 5554 com-

2112 5567 2414 5630 municare.
2447 5567 2548 5632 Sin
2575 5567 2758 5632 autem
2784 5567 2976 5629 eorum
3022 5569 3248 5624 omnino
3293 5567 3599 5638 misereris,
3625 5584 3779 5625 com-

2113 5644 2468 5702 municabant
2492 5665 2512 5704 :
2541 5644 2846 5703 cavendum
2869 5644 2955 5700 est
2983 5643 3170 5697 tamen
3217 5653 3288 5696 ne
3340 5640 3765 5709 communicent,

2113 5710 2280 5793 donec
2299 5722 2584 5793 peccatum
2599 5714 2970 5793 absciderint.
2999 5709 3395 5771 Misericordiae
3415 5709 3562 5769 enim
3587 5713 3781 5783 gratia

2116 5787 2194 5840 sic
2215 5799 2426 5860 quoque
2452 5787 2936 5864 digniﬁabmtur.
