4068 6112
331 178 449 248 347

1612 196 1918 262 SYMEON
1923 197 1993 262 IS
2031 200 2405 267 JUNIORIS.

3598 209 3715 274 348

313 317 550 422 fugere,
570 323 837 422 quamvis
871 325 1264 425 alasmultum
1297 329 1710 425 concusserit:
1743 328 1960 425 auxilio
1987 333 2031 394 Α
2053 329 2235 404 bitur,
2255 331 2467 425 eisque
2490 337 2768 425 ostendit,
2798 357 2914 419 quo
2957 347 3125 420 pacto
3166 359 3284 404 non
3325 359 3432 424 per
3471 360 3538 405 se
3567 341 3712 425 ipsaa

325 409 486 470 enim
532 410 862 493 virtuteque
921 414 1276 480 oublimiore
1317 418 1582 498 indiget.
1647 417 1798 482 Sunt
1847 420 1972 481 hac

326 518 543 578 nempe
570 501 741 563 ﬁrma
764 503 982 566 diaboli
1009 505 1182 580 retia,
1207 526 1314 586 per
1345 527 1475 588 quae
1505 509 1682 570 homo
1715 509 1776 570 in
1808 516 1972 589 pote-

327 596 536 651 statem
567 592 694 672 ejus
725 593 1032 672 redigitur.
1090 604 1146 657 et
1205 597 1518 678 rliquando
1555 605 1684 679 post
1716 605 1967 660 mortem

326 696 560 758 quoque
579 679 650 740 ab
669 699 736 741 eo
760 685 1068 746 retinetur.
1097 687 1139 744 Α
1183 703 1296 764 quo
1321 690 1483 749 enim
1508 689 1614 767 qui
1635 688 1828 750 victus
1860 691 1966 760 est,

326 769 455 846 ejus
475 775 529 830 et
551 788 762 832 servus
785 780 872 834 est
891 774 972 836 75.
1000 773 1266 837 Validam
1292 775 1574 837 nimirum
1595 777 1848 838 vimhaec
1863 774 1972 837 tria

327 855 566 947 habent,
593 867 658 920 ut
686 861 1091 941 aspectabilia,
1126 870 1192 923 ut
1221 863 1544 938 fructuosa,
1595 871 1653 927 et
1681 856 1974 947 appetitui

327 943 642 1033 dulcedine
664 965 770 1008 sua
791 957 924 1009 ante
957 949 1338 1024 blandientia,
1376 971 1630 1033 eumque
1660 943 1966 1033 praeoccu-

329 1032 524 1113 pantia
559 1056 571 1096 :
606 1034 823 1096 deinde
854 1048 1284 1119 praeoccupato,
1305 1041 1428 1119 jam
1463 1032 1687 1102 homini
1719 1060 1967 1122 persua-

327 1122 906 1214 dentiatpropterea
931 1129 1119 1188 solum
1157 1129 1311 1191 hanc
1342 1130 1534 1190 lucem
1566 1131 1759 1211 ipsum
1788 1150 1967 1214 aspe-

326 1214 502 1276 xisse.
564 1213 636 1274 Et
690 1233 1023 1296 quanquam
1109 1217 1182 1279 ab
1266 1219 1358 1280 his
1432 1219 1621 1282 tribus
1693 1213 1969 1286 obsessus

327 1303 708 1384 devictusque
735 1325 847 1366 non
875 1307 1072 1380 fuerit,
1095 1307 1389 1370 invictum
1419 1329 1484 1370 se
1503 1317 1697 1372 tamen
1736 1330 1971 1376 servare

328 1392 570 1471 nequit:
599 1394 701 1454 sed
729 1395 899 1474 paulo
928 1396 1241 1476 postvivus
1277 1398 1348 1458 ab
1387 1398 1594 1460 iisdem
1635 1401 1886 1481 capitur.
1919 1403 1971 1464 Α

329 1483 500 1545 nobis
531 1484 689 1545 enim
721 1502 886 1546 arma
945 1485 1125 1545 sumit
1172 1485 1465 1563 diabolus,
1499 1487 1713 1569 quibus
1745 1509 1851 1552 nos
1883 1492 1968 1553 la-

2057 420 2461 512 pecuniarum,
2496 424 2714 504 gloriae,
2769 428 3254 512 voluptatumque
3309 420 3612 512 cupidine,
3649 441 3707 494 et

2055 527 2258 599 amtre
2301 510 2611 574 ducantur.
2646 516 2710 577 In
2759 517 2988 578 animas
3043 510 3216 595 porro
3270 510 3404 599 post
3431 529 3702 582 sanctum

2056 597 2351 676 baptisma
2381 599 2474 661 his
2535 602 2724 665 tribus
2781 604 3094 688 edomitas,
3154 597 3529 670 alia—ratione
3565 610 3700 670 talis

2054 687 2243 776 gratia
2270 688 2520 751 inﬂuere
2552 711 2670 753 non
2705 701 2915 772 potest,
2958 687 3131 774 quam
3166 715 3272 776 per
3304 697 3699 759 instaurantia

2057 775 2211 837 bona
2266 797 2374 858 per
2430 798 2559 860 quae
2613 781 2803 842 solum
2861 775 3178 844 confertur,
3223 785 3422 848 salus:
3479 795 3542 847 ut
3599 805 3705 867 per

2057 865 2332 928 haustum
2349 867 2984 951 sanctiﬁcatorum,per
2995 873 3339 936 unctionem
3356 865 3700 938 benedicta-

2050 971 2183 1014 rum
2212 955 2518 1031 olivarum,
2554 966 2611 1018 et
2639 967 2940 1036 unguenta
2973 969 3339 1033 sanctorum,
3375 981 3704 1046 eorumque

2050 1043 2464 1105 suaveolentiae
2481 1047 2924 1126 perceptionem
2952 1069 2965 1110 :
2994 1049 3277 1130 quoniam
3303 1051 3403 1116 his,
3427 1043 3703 1114 Christus

2051 1132 2459 1194 sanctiﬁcandi
2480 1133 2593 1195 vim
2618 1135 2882 1214 largitur,
2904 1143 2961 1198 et
3000 1138 3090 1198 bis
3129 1138 3329 1200 anima
3359 1155 3647 1220 purgatur
3679 1161 3694 1202 :

2053 1227 2111 1281 et
2131 1221 2376 1301 spiritus
2401 1223 2785 1304 nequam,qui
2803 1225 2956 1286 hanc
2978 1233 3183 1288 contra
3222 1237 3490 1290 naturam
3517 1230 3710 1291 animi

2053 1309 2584 1383 necessitudinem,
2610 1321 2670 1374 et
2691 1312 3010 1376 amicitiam
3025 1315 3082 1375 in
3100 1316 3341 1378 homine
3355 1318 3702 1396 conciliant,

2053 1417 2158 1478 per
2177 1398 2322 1488 haec,
2349 1420 2478 1481 quae
2499 1419 2708 1462 sensus
2735 1410 2998 1482 tangunt,
3035 1414 3095 1466 et
3112 1405 3300 1466 oculis
3324 1415 3705 1488 usurpantur,

2052 1478 2309 1568 Spiritus
2321 1478 2516 1551 sancti
2534 1478 2875 1571 adventum,
2891 1511 3067 1570 quem
3097 1511 3266 1554 mens
3287 1478 3561 1575 percipit,
3586 1478 3704 1556 non

333 1573 749 1651 tentersubigit
782 1573 1480 1647 Quocircaconandumut
1511 1579 1964 1658 praeveniamus,
1991 1575 2316 1674 Bferenles
2345 1577 2678 1674 aufugiunt,
2734 1579 2817 1640 Ac
2870 1587 2991 1640 tum
3049 1580 3289 1674 demum
3343 1573 3702 1674 christianos

329 1671 762 1727 etarmaturam
807 1664 916 1726 Dei
948 1664 1262 1726 induamus
1291 1665 1373 1733 76,
1411 1685 1542 1748 qua)
1573 1669 1775 1741 multa,
1811 1664 2035 1732 varia-
2064 1664 2393 1726 libertatem
2424 1665 2719 1747 intelligit,
2785 1687 2959 1748 quam
3015 1668 3087 1730 ad
3137 1688 3202 1731 se
3227 1670 3703 1748 confugientibus

329 1775 400 1816 ac
431 1753 684 1829 diversa,
718 1760 778 1816 et
837 1761 958 1814 tota
1006 1751 1273 1814 Christus
1329 1755 1491 1817 solus
1549 1765 1660 1818 est.
1711 1757 1834 1820 Hoc
1867 1769 1982 1842 est,
2069 1753 2338 1842 Christus
2368 1755 2569 1834 largiri
2614 1757 2936 1832 consuevit,
2999 1767 3058 1819 et
3110 1759 3330 1838 gratias
3377 1779 3552 1840 agere
3585 1781 3705 1822 non

329 1844 812 1924 conjunctionem
835 1843 987 1921 ejus,
1017 1861 1192 1922 quam
1214 1843 1413 1904 animo
1427 1845 1753 1918 cernimus,
1782 1855 1842 1910 et
1864 1849 1978 1910 vir-

331 1941 518 1994 tutem
544 1932 618 1993 de
641 1931 1010 2011 plenitudine
1032 1931 1159 2011 ejus
1175 1932 1276 2008 77;
1317 1932 1592 1995 virtutem
1617 1934 1748 1996 dico
1781 1939 1976 2000 omnis

329 2023 542 2085 animm
560 2021 1036 2096 viviﬁcatricem;
1070 2025 1199 2084 sine
1229 2042 1343 2103 qua
1368 2041 1500 2084 eam
1531 2025 1747 2096 vivere,
1783 2035 1840 2088 et
1881 2028 1969 2089 vi-

326 2113 468 2174 dere
500 2130 780 2194 perquam
803 2110 1064 2180 difﬁcile,
1087 2119 1260 2191 atque
1285 2111 1430 2173 adeo
1458 2112 1830 2194 impossibile
1850 2126 1965 2180 est.

325 2202 475 2265 Nam
519 2210 577 2264 et
605 2207 892 2282 quotquot
920 2198 1194 2279 baptizati
1225 2208 1383 2274 sunt,
1421 2199 1718 2265 Christum
1743 2204 1970 2268 indue-

324 2299 461 2352 runt
481 2291 563 2364 78,
593 2300 656 2350 ut
684 2291 831 2350 ineo
865 2288 1089 2361 vivant,
1137 2296 1194 2348 et
1230 2289 1490 2350 viventes
1515 2290 1770 2366 videant,
1806 2301 1864 2354 et
1893 2293 1964 2355 ab

2066 1841 2522 1904 desinitdicenti
2548 1863 2562 1904 :
2592 1845 2802 1908 Omnis
2821 1851 2924 1924 qui
2951 1848 3094 1924 facit
3128 1856 3466 1926 peccatum,
3496 1869 3706 1913 servus

2055 1937 2429 2011 estpeccati:
2461 1950 2668 1995 servus
2705 1941 2911 1996 autem
2952 1952 3075 1996 non
3122 1943 3323 2000 manet
3345 1938 3411 1998 in
3438 1939 3610 2001 domo
3643 1941 3709 2001 in

2055 2027 2371 2095 aeternum,
2406 2021 2570 2100 ﬁlius
2621 2029 2818 2085 manet
2873 2022 2942 2086 Si
2970 2024 3165 2104 igitur
3194 2024 3389 2087 Filius
3419 2045 3522 2090 vos
3551 2027 3700 2090 libe-

2053 2113 2240 2181 ravit,
2276 2127 2414 2172 vere
2445 2109 2624 2173 liberi
2656 2112 2826 2174 eritis
2855 2111 2941 2173 79.

2133 2196 2283 2270 Quid
2313 2197 2566 2278 amplius
2588 2205 2616 2262 ’ἲ
2675 2199 2778 2278 qui
2809 2200 2870 2261 in
2929 2201 3042 2262 hac
3076 2203 3414 2282 cognitione
3441 2202 3704 2265 divinum

2051 2285 2265 2349 Christi
2291 2306 2530 2369 corpus,
2557 2288 3029 2370 sanguinemquc
3056 2291 3392 2373 participat,
3427 2311 3608 2352 unum
3643 2294 3707 2354 ﬁt

328 2381 418 2441 his
449 2379 638 2441 tribus
670 2378 916 2440 minime
949 2377 1079 2457 capi
1129 2377 1371 2458 possint.
1418 2379 1775 2442 Bevelantur
1804 2383 1962 2443 enim
2048 2396 2180 2438 cum
2214 2395 2305 2452 eo,
2339 2395 2401 2440 os
2432 2395 2508 2438 ex
2539 2379 2768 2440 ossibus
2797 2379 2988 2458 ejuset
3010 2381 3565 2461 caroderarneejus
3591 2382 3653 2432 80
3685 2403 3704 2443 :

327 2469 413 2530 eis
443 2487 571 2550 quae
627 2483 908 2547 germana
962 2465 1119 2528 bona
1173 2475 1329 2542 sunt,
1391 2487 1638 2548 quorum
1689 2471 1874 2549 gratia
1903 2471 1964 2532 in

326 2560 507 2638 hujus
537 2556 928 2618 orasluminis
951 2556 1324 2636 prodierunt.
1360 2558 1472 2631 Qui
1502 2568 1701 2622 autem
1732 2579 1972 2641 supera-

329 2655 420 2709 tus
450 2646 626 2708 fuerit
683 2645 983 2709 Christum
1038 2647 1428 2708 vehementur
1484 2660 1635 2724 oret,
1671 2667 1739 2711 ac
1772 2658 1976 2712 exoret

329 2736 504 2799 etiam
549 2753 655 2816 per
685 2733 1136 2814 deprecationes
1185 2751 1430 2798 necesse
1464 2745 1572 2811 est,
1609 2756 1726 2798 non
1762 2746 1829 2799 ut
1856 2739 1971 2801 sibi

329 2836 572 2906 peccata
600 2844 706 2887 sua
737 2824 1132 2897 dimittantur,
1194 2823 1296 2884 sed
1357 2831 1419 2884 ut
1468 2844 1604 2886 eum
1636 2826 1907 2889 Christus
1938 2845 1973 2890 a

2056 2474 2112 2528 et
2131 2484 2200 2527 ex
2222 2485 2336 2546 quo
2359 2467 2754 2528 sanctiﬁcatus
2778 2467 2985 2547 fuerit,
3018 2469 3327 2548 pecuniam
3355 2471 3404 2531 si
3429 2470 3702 2532 habuerit

2053 2554 2139 2615 sic
2169 2555 2369 2630 habet,
2398 2555 2567 2636 quasi
2602 2574 2719 2616 non
2751 2555 2999 2617 haberet
3027 2577 3040 2616 :
3086 2558 3276 2637 qualis
3306 2559 3464 2619 enim
3501 2569 3708 2621 natura

2053 2662 2157 2704 sua
2189 2652 2299 2715 est,
2336 2645 2512 2706 talem
2541 2645 2817 2706 mstimat.
2881 2643 2943 2706 Si
2997 2645 3185 2724 gloria
3214 2647 3704 2723 circumﬁuxerit,

2055 2751 2122 2793 ea
2153 2751 2270 2794 non
2300 2752 2472 2794 secus
2503 2732 2783 2806 afﬁcitur,
2817 2751 2989 2814 quam
3041 2735 3092 2796 si
3144 2745 3394 2799 careret.
3426 2735 3496 2798 Et
3529 2755 3542 2798 :
3579 2737 3707 2814 Qui

2054 2841 2273 2895 uxores
2289 2825 2532 2900 habent,
2560 2823 2750 2905 inquit
2781 2823 3118 2904 Apostolus,
3143 2832 3430 2906 tanquam
3460 2843 3583 2888 non
3599 2826 3706 2888 Ita-

330 2915 610 2977 servitute
626 2933 694 2976 ac
711 2912 1015 2975 dominatu
1044 2913 1307 2991 ipsorum
1351 2913 1565 2976 liberet
1598 2933 1666 2976 ac
1689 2916 1962 2992 dimittat,
1991 2933 2034 2995 (ι
2055 2914 2404 2976 bentessint:
2418 2920 2471 2975 et
2491 2916 2863 2992 quiutuntur
2877 2914 2986 2975 hoc
3007 2914 3252 2989 mundo,
3273 2921 3565 2994 tanquam
3583 2933 3702 2976 non

328 3023 459 3068 cum
511 3011 721 3083 semet,
782 3002 1154 3082 quantumvis
1213 3003 1482 3082 cupiens,
1543 3002 1798 3065 liberare
1849 3025 1964 3066 non
2051 3001 2692 3082 utantur81.Ejusdem
2715 3002 2908 3065 ethoc
2956 3011 3087 3063 est:
3133 3003 3282 3064 Mihi
3308 3012 3511 3064 autem
3544 3003 3704 3066 absit

327 3103 502 3176 queat
531 3113 678 3175 :quo
710 3092 1126 3154 liberatustum
1159 3092 1570 3153 remissionem
1590 3101 1966 3172 peccatorum
2047 3093 2325 3173 gloriari,
2363 3093 2486 3154 nisi
2516 3097 2579 3153 in
2603 3108 2777 3153 cruce
2799 3092 3046 3153 Domini
3061 3098 3202 3167 mei,
3218 3110 3330 3172 per
3351 3110 3533 3174 quam
3551 3094 3708 3156 mihi

328 3183 574 3264 ﬂagitet,
612 3190 668 3242 et
699 3181 984 3256 obtineat,
1019 3188 1141 3242 tum
1173 3181 1382 3242 divinae
1413 3181 1645 3244 virtutis
1675 3202 1967 3245 commer-
2053 3181 2308 3243 mundus
2346 3181 2674 3260 cruciﬁxus
2703 3187 2792 3242 est
2821 3189 2875 3240 et
2911 3198 2977 3242 eo
3021 3182 3244 3243 mundo
3284 3181 3342 3231 82
3364 3186 3386 3241 !
3413 3181 3568 3244 Illud
3597 3201 3708 3260 per

328 3274 422 3336 cio
454 3273 528 3333 de
582 3269 810 3349 reliquo
867 3287 935 3330 ea
992 3289 1108 3331 non
1166 3270 1510 3333 committat.
1571 3271 1783 3333 Fertur
1808 3273 1964 3335 enim
2049 3267 3704 3349 quem,bocsigniﬁcat,nisivenissetChristus,etsemet-

329 3380 516 3424 canon
554 3360 614 3421 in
655 3361 780 3421 haec
807 3359 985 3420 verba
1011 3380 1024 3419 :
1063 3359 1408 3438 Quicunque
1437 3361 1677 3422 dixerit
1699 3365 1965 3440 gratiam
2050 3357 2243 3439 ipsum
2269 3377 2372 3438 pro
2397 3375 2490 3419 me
2517 3357 2770 3418 hostiam
2795 3355 3128 3431 obtulisset,
3155 3366 3212 3417 et
3230 3357 3704 3420 sanctiﬁcatione

329 3454 581 3530 Dei,qua
592 3448 1636 3529 iusti/ieamurperJesumChristum
1652 3449 1859 3511 Domit?
1872 3469 1971 3513 um

325 3548 626 3615 nostrum,
652 3539 728 3600 ad
747 3538 939 3600 solam
957 3539 1368 3599 remissionem
1409 3545 1810 3618 peccatorum,
1833 3543 1973 3616 jam

296 3648 308 3657 ·
323 3637 808 3712 perpetratorum
824 3629 1022 3690 valere
1041 3635 1098 3689 et
1112 3644 1230 3689 non
1245 3629 1496 3706 insuper
1513 3627 1811 3690 auxilium
1823 3647 1975 3708 pra:-

332 3721 490 3792 bere,
525 3735 599 3780 ne
631 3717 753 3779 alia
782 3723 1229 3797 perpetrantur,
1267 3719 1593 3778 anathema
1625 3722 1769 3780 esto.

404 3809 472 3870 in
503 3826 617 3888 quo
653 3824 828 3886 porro
859 3805 1070 3866 horum
1125 3804 1300 3865 trium
1351 3804 1422 3866 ad
1457 3824 1563 3866 nos
1594 3807 1974 3886 occupandos

327 3917 396 3959 ac
417 3895 808 3978 possidendos
829 3893 912 3953 vis
959 3892 1279 3956 consistit?
1310 3891 1373 3954 In
1424 3894 1654 3954 occulta
1697 3902 1754 3954 et
1807 3895 1974 3956 clan-

329 3987 559 4048 destina
575 3984 833 4065 quadam
857 3983 913 4043 vi
939 3981 1190 4062 Satanae,
1215 4001 1328 4063 qua
1352 4000 1460 4043 nos
1481 3981 1550 4043 ad
1578 4001 1667 4050 ea,
1723 3990 1788 4044 ut
1821 3983 1976 4045 bona

329 4075 723 4138 desideranda
739 4073 938 4146 afﬁcit,
974 4071 1139 4154 quasi
1157 4073 1425 4152 requiem
1457 4081 1514 4132 et
1544 4071 1802 4132 lwtitiam
1837 4073 1970 4134 ani-

330 4185 440 4227 mae
457 4164 775 4246 parientiu,
799 4172 857 4224 et
877 4163 936 4223 in
961 4162 1181 4224 doloris
1197 4161 1653 4242 afﬁictionisque
1683 4163 1972 4222 vacuitate

329 4258 458 4336 ipsa
485 4255 912 4317 conservantia.
946 4253 1111 4326 Quod
1171 4253 1284 4314 nisi
1340 4257 1536 4314 anima
1592 4253 1760 4330 prius
1785 4271 1818 4312 a
1853 4255 1970 4314 Deo

329 4343 718 4419 illuminetur,
754 4346 1175 4422 oppugnatoris
1207 4341 1532 4412 incursum,
1569 4342 1972 4422 iusultumque

329 4433 484 4495 haud
519 4431 688 4492 facile
713 4437 904 4512 potest
933 4430 1264 4508 intelligere
1300 4451 1316 4507 ;
1350 4430 1848 4510 quemadmodum
1888 4431 1976 4490 vi-

330 4521 543 4584 demus
567 4519 874 4580 mulierem
896 4528 1126 4580 uterum
1148 4519 1430 4580 ferentem
1451 4518 1685 4580 soreida
1707 4519 1976 4598 quasdam

330 4618 633 4691 appetere,
669 4621 729 4670 et
758 4608 948 4688 ipsam
983 4609 1167 4670 solam
1200 4625 1266 4668 ea
1299 4615 1364 4667 ut
1387 4607 1650 4687 jucunda
1680 4606 1971 4687 aSpicere,

330 4709 504 4780 atque
536 4699 876 4761 comedere.
914 4697 1056 4759 Nam
1117 4696 1272 4777 quod
1333 4714 1570 4776 semper
1602 4695 1975 4756 machinatur

330 4787 622 4862 diabolus,
652 4788 760 4848 hoc
783 4793 895 4866 est,
918 4805 989 4846 ne
1015 4802 1442 4864 cognoscmnus
1468 4783 1658 4864 ipsum
1688 4801 1841 4858 esse,
1872 4783 1972 4864 qui

331 4877 468 4938 talia
497 4876 759 4945 molitur,
823 4893 927 4955 per
979 4893 1050 4937 ea
1107 4875 1449 4954 patientem,
1511 4881 1567 4932 et
1601 4871 1966 4951 mysterium,

330 4965 752 5028 christianismi
813 4966 1178 5042 ignorantem
1266 4961 1494 5023 occulte
1552 4960 1850 5032 inescans,
1914 4966 1975 5020 et

329 5065 622 5118 avertens.
647 5053 913 5116 Estenim
931 5051 1418 5133 hocmysterium,
1448 5048 1602 5131 quod
1639 5066 1743 5128 per
1765 5047 1968 5119 ﬁdem,

332 5153 519 5207 etnon
535 5162 602 5206 ex
629 5141 916 5224 operibus
938 5142 997 5202 in
1039 5141 1265 5202 animas
1305 5139 1752 5220 baptiZatorum,
1784 5135 1970 5196 virtus

330 5231 655 5295 divinitatis
684 5233 847 5307 Jesu,
882 5248 1057 5312 quam
1092 5229 1480 5307 intelligentia
1503 5225 1804 5310 perspicit,
1838 5225 1969 5287 illa-

409 5399 802 5472 7511Petr.n,
835 5402 930 5464 19.

1019 5401 1081 5451 76
1102 5401 1317 5482 Ephes.
1345 5416 1432 5482 vt,
1450 5398 1548 5461 11.

331 5499 396 5559 tt,
431 5482 530 5544 23.
615 5481 668 5530 8t
704 5480 890 5545 lCor.
921 5499 1028 5558 vn,
1060 5480 1160 5546 3t.

1245 5482 1305 5532 8³
1333 5479 1520 5545 Galat.
1552 5494 1637 5552 Vt,
1673 5478 1770 5540 14.

1634 5397 1695 5446 77
1715 5397 1883 5457 Joan.
1915 5409 1956 5469 ι,
1982 5395 2077 5455 16.

2058 3449 2184 3527 ejus
2213 3447 2472 3528 repletus
2493 3447 2756 3517 fuissem,
2787 3463 2881 3506 me
2906 3445 3230 3526 periturum
3252 3446 3436 3508 fuisse
3464 3449 3704 3527 quando

2058 3536 2295 3598 aliunde
2323 3535 2482 3596 salus
2512 3533 2804 3616 speranda
2850 3553 2969 3596 non
3025 3541 3134 3596 est.
3169 3534 3304 3596 Haec
3334 3535 3435 3616 qui
3462 3553 3578 3596 non
3611 3535 3706 3596 di-

2059 3625 2224 3698 dicit,
2263 3625 2540 3702 ignorans
2577 3630 2700 3684 est:
2740 3629 2798 3682 et
2853 3622 2953 3702 qui
3011 3641 3082 3684 ea
3133 3622 3356 3684 diserte
3388 3623 3701 3697 detractat,

2059 3714 2277 3776 frnstra
2298 3713 2358 3773 in
2387 3711 2681 3773 Christum
2715 3711 2988 3788 credidit,
3017 3711 3236 3772 frustra
3259 3710 3578 3773 Christiani
3599 3730 3702 3772 vo-

2057 3803 2332 3864 cabulum
2367 3808 2536 3881 gerit,
2572 3808 2628 3860 et
2658 3799 2929 3861 Christus
2960 3799 3108 3860 nihil
3133 3802 3184 3861 ei
3211 3799 3477 3880 proderit
3507 3817 3521 3861 ξ
3560 3817 3704 3879 pec-

2056 3899 2333 3972 catorque
2382 3889 2648 3951 deterior
2678 3890 2886 3956 factus,
2923 3888 3054 3968 plus
3085 3887 3294 3950 virium
3330 3887 3614 3951 adversus
3642 3907 3708 3950 se

2055 3980 2288 4040 diabolo
2319 3977 2614 4040 concedit.
2659 3975 2966 4054 Jejunium
3011 3976 3189 4056 hujus
3215 3994 3319 4056 pro
3352 3975 3541 4036 nihilo
3574 3983 3704 4036 est:

2054 4069 2395 4130 affectiones
2428 4065 2585 4127 enim
2621 4065 2844 4145 peccati
2878 4063 3064 4144 magis
3106 4065 3167 4124 in
3200 4082 3334 4125 eum
3366 4065 3699 4142 insurgunt.

2055 4156 2116 4220 Si
2149 4157 2376 4238 psallat,
2406 4163 2505 4216 aut
2539 4172 2746 4234 preces
2795 4152 2971 4214 faciat
3017 4152 3287 4214 diabolus
3318 4171 3455 4213 eum
3486 4171 3520 4213 a
3553 4156 3702 4229 Deo,

2058 4248 2216 4308 velut
2244 4265 2380 4307 cum
2437 4249 2778 4321 contemptu
2821 4241 2908 4302 illi
2957 4250 3274 4316 astantem,
3309 4242 3538 4321 majore
3569 4261 3703 4304 cum

2063 4343 2350 4416 potestate
2379 4332 2818 4411 abstrahit(nec
2844 4331 3006 4392 enim
3035 4351 3171 4393 cum
3207 4333 3327 4409 pio,
3363 4331 3703 4410 intelligen-

2063 4425 2220 4505 tique
2252 4425 2462 4484 timore
2490 4432 2683 4485 astare
2716 4427 2948 4500 potest),
2985 4429 3044 4482 et
3093 4420 3271 4481 efﬁcit
3301 4427 3364 4480 ut
3395 4438 3561 4480 meus
3593 4437 3701 4479 ue-

2061 4513 2233 4575 fanda
2263 4511 2553 4593 quaedam,
2590 4517 2645 4571 et
2678 4508 3078 4589 impurissima
3135 4508 3510 4587 imaginetur,
3544 4519 3598 4568 et
3627 4505 3698 4567 ad

2060 4621 2129 4664 ea
2159 4601 2350 4683 potius
2375 4616 2574 4660 coram
2610 4597 2747 4674 Deo,
2781 4615 2955 4678 quam
2989 4615 3118 4678 quas
3167 4597 3469 4683 dicuntur,
3502 4603 3698 4683 atten-

2054 4681 2173 4750 dat.
2209 4687 2270 4750 Si
2301 4687 2708 4766 eleemosynas
2739 4685 2860 4756 det,
2893 4702 2993 4746 eas
3038 4683 3274 4745 amittit.
3311 4682 3422 4756 Qui
3454 4681 3611 4744 enim
3639 4681 3703 4744 in

2055 4783 2295 4857 egentes
2326 4774 2641 4836 muniﬁcus
2695 4780 2808 4848 est,
2871 4771 2987 4833 nisi
3033 4771 3294 4834 animam
3345 4789 3511 4833 suam
3538 4771 3703 4833 hisce

2053 4865 2305 4928 vinculis
2331 4862 2609 4935 avaritiae,
2660 4879 2805 4923 vane
2855 4861 3078 4939 gloriae,
3139 4870 3198 4923 et
3256 4860 3569 4941 voluptatis
3599 4878 3703 4922 so-

2055 4955 2262 5030 lutam,
2297 4960 2353 5013 et
2383 4950 2749 5032 exspeditam
2781 4950 2948 5026 sciat,
2975 4967 3338 5030 quaecunque
3359 4949 3549 5026 dedit,
3578 4967 3706 5029 per-

2055 5043 2222 5105 didit.
2257 5041 2372 5114 Qui
2415 5042 2818 5119 eleemosynas
2873 5039 3164 5118 impertit,
3230 5041 3387 5100 Deus
3438 5037 3698 5099 vicissim

2057 5150 2265 5212 magna
2292 5130 2458 5192 illum
2493 5129 2900 5191 misericordia
2927 5126 3223 5207 dignatur,
3256 5126 3509 5189 sanitate
3534 5126 3705 5188 scili-

2053 5231 2148 5285 cet
2170 5220 2407 5296 mentis,
2441 5237 2572 5300 qua
2615 5217 2833 5278 sanitas
2881 5226 2974 5279 est
3032 5219 3160 5298 ipsa
3217 5234 3251 5276 a
3304 5213 3499 5276 tribus
3531 5215 3702 5278 hisce

2163 5391 2228 5442 78
2243 5387 2429 5453 Galat.
2458 5404 2546 5466 tu,
2569 5387 2672 5449 ‘27.
2758 5385 3148 5461 79Joan.vm,
3184 5383 3286 5459 34,
3315 5382 3395 5446 35
3476 5382 3715 5454 8°Geu.
