4068 6112
365 256 486 324 349
1819 272 2102 337 ORATIO
2140 265 2277 338 Vn.
3623 261 3741 334 350

360 394 532 502 malis
588 398 890 502 remissip,
951 403 1018 466 ac
1074 404 1370 468 liberatio.
1434 408 1509 502 _Et
1565 406 1845 487 quoniam
1875 404 2267 502 hincAlatus,
2301 409 2504 486 alium,
2535 410 2673 472 mali
2693 409 2851 492 quod
2879 407 2992 471 sibi
3016 407 3413 483 adestcaecus,
3442 406 3735 488 insipien-

360 494 981 590 emigra‘ntesanimas
1030 512 1284 590 regnum
1342 496 1829 590 caelorumsanas
1854 494 2016 590 dun—
2102 510 2194 559 ter
2210 499 2602 562 condemnat:
2642 498 3003 579 ututrinque
3033 505 3156 558 tum
3182 497 3257 557 ob
3287 496 3583 570 morbum,
3612 502 3736 556 tum

359 577 1214 673 taxatadmittit,oportetenim
1234 585 1746 666 corruptibilehoc
1764 584 2018 646 induere
2100 587 2174 648 ob
2205 587 2758 650 condemnationem
2792 577 3026 649 aeternae
3055 585 3452 647 damnationis
3475 584 3564 646 rei
3594 583 3733 645 sint.

357 671 899 758 incorryptionem,
917 673 1238 736 etmortale
1253 674 1362 737 hoc
1389 676 1646 737 induere
1656 672 2017 737 immortali-
2098 677 2383 751 Quocirca
2406 678 2589 739 solam
2613 696 2780 758 spem
2798 684 3055 739 nostram
3071 674 3369 738 Christum
3387 674 3732 752 cogitemus,

363 755 544 857 tatem
565 755 920 857 §3,Jofﬁcina
953 762 1186 857 medica
1223 762 1536 857 morbosae,
1579 770 1637 825 et
1672 763 2016 825 necessitati
2097 774 2161 827 ut
2191 784 2299 827 nos
2328 765 2400 828 ab
2432 767 2598 828 hisce
2627 755 2815 828 tribus
2865 764 3135 827 vinculus
3164 763 3369 838 solvat,
3402 779 3735 842 sensusque

368 843 873 932 perturbationum
901 852 1184 932 expositae
1203 861 1429 913 natura:
1447 853 1541 913 hic
1560 861 1668 929 est,
1694 861 1751 914 et
1778 853 2011 915 radices
2097 864 2333 917 nostros
2361 857 2729 932 sanctiﬁcet;
2780 864 2844 917 ut
2892 855 3089 916 divina
3115 852 3322 916 audire
3350 851 3588 914 oracula
3619 873 3635 923 ;
3669 858 3736 912 ut

365 931 823 1029 ffgpicmlestis
881 939 979 1029 hic
1034 940 1189 1001 infra
1245 950 1660 1021 propagantur.
1692 941 1819 1003 Nisi
1849 941 2008 1003 enim

363 1014 748 1114 Christushic
776 1024 834 1086 in
860 1026 1053 1090 anima
1085 1014 1313 1108 regnet,
1356 1014 1546 1091 saIute
1578 1048 1866 1111 nusquam
1900 1048 2007 1110 po-

361 1109 559 1196 tietur.
597 1109 707 1171 Hic
736 1114 900 1192 prius
930 1115 1123 1178 denuo
1154 1126 1477 1196 generatur
1505 1109 1727 1192 homo;
1766 1137 1836 1180 ac
1884 1109 2006 1179 tum

361 1193 603 1258 demum
649 1218 896 1281 regnum
925 1204 1032 1267 Dei
1061 1193 1264 1269 videre
1294 1215 1506 1288 potest.
1540 1207 1651 1280 Qui
1678 1216 1873 1270 autem
1906 1225 2007 1268 re-

361 1302 540 1361 gnum
575 1288 799 1352 Christi
833 1294 1085 1357 necdum
1148 1298 1204 1358 in
1263 1315 1331 1358 se
1386 1296 1708 1376 experitur,
1744 1297 2005 1358 nondum

360 1380 532 1472 natus
565 1386 655 1438 est
704 1380 920 1472 de_nuo.
982 1385 1187 1464 Atqui'
1190 1384 1433 1447 omnino
1466 1385 1629 1448 nasci
1660 1393 1916 1467 oportet,
1945 1394 2009 1447 ut

361 1460 456 1523 hic
488 1480 737 1544 regnum
770 1469 876 1532 Dei
903 1460 1104 1536 videre
1133 1472 1331 1537 liceat.

438 1549 569 1644 Jam
602 1554 747 1616 mihi
778 1558 1100 1623 discrimen
1160 1582 1396 1644 quoque
1427 1564 1671 1625 istarum
1702 1563 1881 1625 trium
1911 1571 2001 1644 ty-

2091 946 2286 1006 animo
2315 945 2631 1026 tranquillo
2677 946 2763 1006 uti
2814 951 3055 1024 aspectu
3110 942 3452 1024 possimus:
3509 948 3572 1002 ut
3627 958 3732 1021 pro

2093 1034 2448 1111 maledictis,
2477 1046 2533 1097 et
2553 1032 3073 1106 condemnatione,
3099 1028 3733 1110 pmuitentiaaetbene-

2091 1124 2367 1185 dictionis
2388 1125 2564 1187 verba
2589 1125 2935 1205 loquamur:
2961 1129 3020 1182 ut
3052 1119 3368 1182 salubriter
3397 1127 3729 1199 tangamus,

2091 1221 2667 1294 contrectemusque.
2725 1214 2872 1276 Nam
2936 1209 3051 1271 nisi
3106 1208 3340 1271 animos
3395 1217 3632 1270 nostros
3661 1208 3734 1269 ab

2091 1301 2256 1364 hisce
2286 1302 2651 1381 aegritudinis
2699 1299 3123 1374 curaverimus,
3180 1297 3374 1359 inanis
3433 1305 3518 1359 est
3554 1296 3730 1371 ﬁdes,

2089 1392 2285 1452 inanis
2316 1392 2594 1472 precatio,
2653 1389 2847 1452 inanis
2904 1388 3327 1468 eleemosyna:
3385 1387 3513 1448 hac
3571 1386 3731 1448 enim

2087 1482 2284 1543 inanis
2314 1480 2524 1560 pietas,
2573 1479 2766 1542 inanis
2813 1478 2920 1540 Dei
2951 1478 3164 1550 cultus,
3196 1477 3374 1537 inane
3397 1475 3722 1555 jejunium,

2089 1572 2287 1634 omnia
2314 1573 2387 1633 ad
2416 1590 2523 1633 nos
2579 1589 2631 1631 a'
2665 1569 2821 1630 vitiis
2876 1566 3265 1641 revocandos,
3303 1564 3723 1646 sanandosque

360 1649 741 1735 rannicarum
760 1649 1135 1713 aﬂ'ectienum
1161 1652 1490 1727 considera,
1517 1671 1766 1734 quarum
1797 1673 1915 1715 una
1948 1657 2005 1733 in
2026 1672 2070 1732 Β
2095 1662 2504 1724 conferuntur,
2542 1659 2709 1732 Quod
2742 1658 2792 1719 si
2822 1657 2951 1719 sani
3007 1664 3066 1718 et
3103 1655 3319 1735 integri
3349 1674 3467 1716 non
3498 1673 3726 1730 sumUS,

364 1733 632 1830 pecpniaa
655 1743 713 1795 et
734 1736 1089 1830 divitiarum,
1117 1742 1303 1803 altera
1332 1742 1390 1803 in
1415 1733 1659 1804 honoris
1700 1751 1756 1805 et
1778 1743 2000 1823 gloriae,

364 1821 535 1919 tertia
552 1821 626 1919 .in
657 1826 1019 1919 voluptatum
1076 1831 1524 1893 consectatione
1581 1821 1872 1894 versatur.
1907 1832 2007 1894 Est

364 1910 519 2007 enim
547 1910 817 2007 invenire
837 1916 995 2007 inter
1016 1919 1287 1980 homines
1310 1922 1466 1983 hunc
1486 1921 1726 2002 quidem
1751 1922 2003 1998 nummi,

360 2004 533 2060 istum
568 2004 847 2081 nominis,
877 2006 1057 2068 alium
1090 2010 1353 2071 suavium
1383 2011 1649 2090 corporis
1682 2011 2006 2073 motionum

359 2097 683 2189 amantem,
715 2100 777 2189 et
802 2095 1079 2189 cupidum
1109 2119 1120 2156 :
1174 2099 1276 2159 sed
1312 2118 1494 2161 unum
1524 2100 1922 2181 eumdemque
1952 2108 2010 2163 et

362 2183 627 2279 pecuniae
649 2183 818 2245 valde
842 2185 1168 2263 sitientem,
1197 2188 1476 2268 etgloriae
1506 2190 1781 2267 multum,
1818 2200 1876 2253 et
1904 2210 2007 2253 vo-

362 2264 602 2345 luptatis
624 2289 875 2362 prorsus
904 2264 1582 2356 appetentemiinvenire
1614 2298 1731 2340 non
1762 2264 2006 2362 poteris,

364 2373 497 2416 nam
532 2360 637 2420 nni
669 2361 1044 2440 potissimum
1076 2364 1312 2427 deditus
1339 2376 1482 2446 i_est,
1543 2367 1606 2430 in
1662 2360 2010 2430 camerarum

367 2446 779 2539 mediocritate
801 2453 1148 2532 acquiescit.
1176 2453 1293 2525 Cui.
1313 2463 1509 2518 autem
1544 2457 1755 2519 horum
1788 2457 2011 2539 aliquid

367 2534 543 2635 plane
568 2537 848 2635 imperat,
882 2560 950 2635 ac
973 2542 1333 2618 dominatur,
1366 2547 1416 2606 is
1448 2546 1564 2608 alia
1595 2553 1713 2608 dua
1741 2534 2009 2610 contem-

366 2628 468 2715 nit.
505 2628 785 2690 Pecuniae
814 2629 1023 2692 avidus
1052 2633 1181 2713 ejus
1212 2652 1387 2695 causa
1418 2641 1477 2696 et
1505 2636 1777 2715 gloriam,
1815 2644 1873 2698 et
1900 2657 2008 2699 vo-

365 2712 646 2805 luptatem
707 2712 1095 2798 aspernatur.
1141 2721 1329 2797 Illam,
1393 2712 1551 2805 quia,
1635 2733 1699 2786 ut
1771 2725 2009 2788 obolum

365 2802 650 2880 lucretur,
713 2808 1002 2887 pudorem
1061 2818 1119 2872 et
1194 2802 1459 2875 dedecus
1545 2833 1664 2875 non
1721 2823 2004 2877 veretur:

366 2893 508 2973 quin
544 2894 724 2957 etiam
761 2915 793 2958 e
820 2899 1005 2961 rebus
1034 2900 1293 2981 injustis,
1329 2903 1599 2982 abjectis,
1651 2903 2008 2981 inhonestis,
2034 2918 2076 2981 ο

2087 1750 2217 1812 sine
2272 1751 2465 1812 fructu
2520 1749 2582 1810 in
2630 1748 2924 1810 Christum
2984 1745 3305 1807 credimus.
3359 1742 3503 1805 Nam
3536 1743 3728 1824 quiin

2088 1840 2387 1903 Christum
2418 1838 2629 1911 credit,
2661 1836 2841 1898 habet
2893 1833 3071 1898 vitam
3127 1842 3432 1907 aeternam,
3483 1851 3615 1913 quae
3645 1840 3735 1893 est

2087 1930 2274 2009 gratia
2302 1927 2538 1990 Domini
2590 1926 2775 1988 nostri
2832 1926 2972 1988 Jesu
3029 1923 3270 1986 Christi.
3320 1921 3431 1995 Qui
3464 1939 3638 2002 porro
3669 1921 3730 1981 in

2090 2018 2383 2082 Christum
2407 2016 2614 2081 credit,
2646 2034 2758 2077 nec
2775 2014 2953 2074 vitam
2975 2018 3257 2074 aeternam
3282 2012 3481 2084 habet,
3513 2010 3733 2072 frustra

2089 2109 2150 2170 in
2174 2127 2310 2171 eum
2333 2107 2545 2170 credit.
2571 2105 2733 2168 Petat
2751 2105 2951 2185 igitur,
2976 2111 3034 2164 et
3052 2100 3303 2182 accipiat
3338 2101 3519 2162 vitam
3550 2110 3731 2163 aeter—

2091 2217 2252 2269 nam,
2284 2215 2438 2278 quae,
2472 2203 2534 2257 ut
2562 2195 2623 2257 in
2683 2193 2981 2256 Christum
3041 2192 3294 2253 credere
3323 2196 3730 2270 cognoscatur.

2093 2286 2382 2362 Quoniam
2414 2285 2516 2367 qui
2571 2282 2791 2348 Christi
2847 2280 3062 2361 spiritu
3119 2287 3302 2353 caret,
3333 2278 3502 2340 illum
3531 2278 3738 2358 utique

2091 2376 2360 2440 diabolus
2393 2389 2458 2437 ut
2486 2373 2788 2435 inﬁdelem
2820 2370 2955 2450 {sibi
3012 2368 3309 2442 vindicat;
3343 2367 3493 2429 nihil
3518 2367 3737 2448 quippe

2093 2473 2182 2528 est
2211 2465 2498 2527 medium.
2534 2464 2609 2526 Et
2638 2472 2704 2526 ut
2734 2461 2850 2522 vita
2877 2466 3101 2521 aeterna
3148 2477 3217 2520 ex
3250 2458 3366 2519 (ide
3396 2465 3511 2531 est,
3545 2456 3630 2517 sic
3660 2457 3732 2517 ti-

2093 2556 2200 2618 des
2228 2575 2262 2617 a
2290 2554 2405 2616 vita
2433 2559 2653 2615 aeterna
2710 2548 3106 2629 cognoscitur,
3167 2565 3341 2628 quam
3371 2546 3592 2607 utinam
3626 2563 3732 2624 per

2092 2641 2565 2707 misericordiam
2623 2639 2866 2713 ChriSti,
2918 2639 2981 2699 in
3035 2654 3211 2718 quem
3259 2635 3581 2707 credimus,
3604 2634 3727 2714 jam

2092 2734 2233 2799 hinc
2260 2731 2540 2815 usque_in
2585 2729 2947 2809 sempiterna
2998 2726 3209 2789 saecula
3257 2723 3731 2805 consequamur!

2689 2817 2971 2885 ORATIO
3009 2818 3140 2881 VII.

2709 2918 3102 2965 ARGUMENTUM
3111 2950 3123 2964 .

366 2982 697 3076 absurdum
758 2999 1045 3069 quaestum
1097 2978 1418 3072 colligere'
1446 2994 1684 3072 gaudet,
1716 3013 1849 3057 cum
1881 2978 2011 3076 ejus
2046 2978 2064 2981 ’
2101 2990 2195 3076 De
2204 2983 2763 3076 laborespirituali,
2782 2983 2918 3045 etin
2934 2978 3739 3076 quibussanctivetefes‘ela-

365 3073 598 3135 animus
631 3075 692 3136 in
724 3076 890 3139 lucro
921 3080 998 3140 sit
1052 3088 1228 3162 totus,
1289 3083 1440 3143 hanc
1492 3101 1569 3143 ne
1598 3073 1928 3163 impendat,
1954 3091 2013 3145 et

368 3162 697 3245 exhauriat,
770 3186 945 3246 quam
1002 3170 1194 3249 diligit
1251 3171 1583 3251 pecuniam.
1646 3162 2012 3236 A’mbitiosus

365 3251 564 3342 gloriae
587 3254 917 3339 desiderio,
946 3267 1003 3321 et
1034 3278 1331 3340 nummos,
1368 3269 1427 3322 et
1455 3262 1811 3342 voluptatum
1842 3262 2014 3325 blan-

372 3340 635 3430 dimenta
694 3343 987 3424 deepicit:
1033 3349 1168 3410 illos
1227 3356 1453 3411 temere
1512 3340 1897 3430 profundens,
1952 3359 2017 3413 ut

362 3428 604 3520 laudem
624 3441 681 3494 et
705 3435 989 3498 honorem
1012 3437 1412 3517 adipiscatur:
1449 3428 1555 3500 has
1588 3440 1907 3520 repellens,
1941 3459 2016 3502 ne
2088 3470 2105 3481 ·-

367 3517 428 3579 in
458 3520 873 3607 ignominiam,
906 3534 963 3587 et
990 3528 1525 3608 reprehensionem
1571 3517 1853 3592 incurrat.
1887 3528 2010 3593 Vo-

368 3610 707 3700 l_nptuarius
721 3622 778 3676 et
795 3617 1130 3698 pecuniam,
1146 3617 1457 3696 etgloriam
1477 3617 1535 3679 in
1551 3618 1816 3680 minimis
1829 3620 2015 3700 ponit,

2175 3060 2467 3131 borarint'.
2478 3064 2794 3143 Quomodo
2803 3080 2908 3125 nos
2930 3063 3144 3143 iisdem
3155 3065 3318 3122 recte
3332 3060 3530 3143 fungi,
3562 3067 3615 3120 et
3631 3061 3697 3121 in
3707 3093 3733 3105 -

2172 3157 2306 3212 star
2325 3140 2569 3210 illorum
2588 3143 2961 3207 sanctissimi
2982 3141 3246 3221 Spiritus
3262 3140 3594 3219 participes
3606 3156 3741 3200 era-

2171 3229 2313 3293 dere
2327 3230 2643 3310 possimus.
2658 3227 2742 3284 De
2750 3220 3492 3310 perfectacommotionum
3511 3237 3549 3310 ρ
3560 3222 3743 3310 ratio-

2178 3328 2255 3373 ne
2273 3298 2624 3371 aziersorum
2646 3298 2980 3376 vac'atzcne,
2994 3309 3047 3364 et
3061 3299 3470 3363 sanctitudine
3500 3298 3741 3375 Quissit

2178 3390 2518 3452 absolutuse
2530 3380 3072 3449 mundosecessusG
3081 3382 3303 3443 loriam
3317 3380 3394 3441 ho
3405 3380 3642 3441 minam
3653 3379 3743 3441 dio

2179 3470 2809 3549 ligentes,quanquam
2822 3459 3740 3549 incwterisvirtutibusuniver-

2179 3540 2263 3613 sis
2283 3553 2401 3612 rite
2417 3540 2833 3629 processerint,
2859 3546 3128 3629 fructum
3148 3540 3384 3603 nullum
3401 3542 3736 3629 percipere.

2180 3618 2667 3710 Quandoquidem
2702 3618 2995 3697 nonin-ulli,
3016 3630 3220 3685 contra
3241 3618 3415 3702 quam
3429 3618 3742 3710 deberent,

369 3697 511 3760 dum
533 3721 681 3782 opes
702 3722 836 3766 suas
860 3705 1269 3797 perluxuriam
1296 3707 1600 3788 dilapidat,
1630 3721 1688 3770 et
1732 3697 2015 3773 honorem
2101 3722 2175 3785 de
2194 3697 2269 3782 se
2324 3697 2633 3797 magniﬁce
2687 3715 3037 3788 sentientes,
3097 3697 3334 3773 actione
3363 3697 3738 3788 contempla;

371 3804 787 3886 quemcunque
810 3795 1193 3886 posthabens,
1224 3807 1465 3886 pr0pter
1478 3797 1708 3875 gaudia,
1735 3798 2021 3862 obcenas-
2105 3811 2265 3874 tione
2295 3815 2353 3870 et
2382 3795 2749 3886 perfectione
2777 3802 3153 3883 antiquorum
3177 3806 3541 3886 sanctorum,
3563 3805 3738 3876 atque

372 3895 487 3980 que
514 3879 842 3961 voluptates
871 3883 1283 3964 perfruendas,
1330 3884 1391 3945 in
1417 3903 1595 3947 omne
1623 3906 1813 3964 genus
1842 3890 2011 3952 dede-

2114 3919 2138 3962 ει
2165 3899 2290 3961 Deo
2319 3879 2648 3957 amatorum
2706 3879 2939 3953 Patrum
2990 3899 3327 3950 nostrorum
3361 3884 3589 3947 similes
3612 3903 3745 3946 sese

369 3972 1013 4072 coris‘przecepsabit.
1065 3972 1138 4035 Et
1167 3974 1238 4035 ab
1294 3974 1388 4037 his
1442 3976 1848 4072 unusquisque
1906 3999 2018 4041 nec
2105 3987 2488 4059 arbitrantur,
2519 3989 2576 4044 et
2598 3978 3049 4060 eodemspiritu
3074 3976 3373 4072 praeditos,
3411 3993 3527 4054 quo
3550 3974 3744 4072 illi-vi-

372 4060 800 4139 suppliciorum
835 4071 1086 4144 terrore,
1144 4081 1257 4125 nec
1316 4064 1483 4142 regni
1528 4066 1784 4128 caelestis
1814 4086 2019 4131 amore
2101 4075 2334 4148 vebant,
2368 4091 2438 4133 ac
2485 4068 2894 4141 movebantur,
2955 4085 3025 4128 ex
3083 4063 3279 4125 verbis
3328 4070 3554 4124 tantum
3613 4063 3745 4124 sine

371 4148 588 4247 pedem
614 4150 1137 4247 referre-vultum
1163 4153 1262 4247 illa
1282 4153 1517 4247 irridet,
1544 4155 1656 4216 hoc
1678 4156 2015 4237 vilipendit.
2101 4163 2386 4246 operibus
2416 4156 2995 4222 commendationem
3019 4159 3406 4233 aucupantes,
3426 4169 3744 4212 cumarrf-

372 4234 521 4354 qud
541 4240 1555 4354 p‘raetere‘a‘.’Avarusvoluptuarium,
1575 4234 2017 4309 etambitiosum
2038 4234 2315 4354 Dgantiae
2345 4249 2560 4331 spiritu
2589 4245 2662 4308 ab
2693 4263 2899 4309 eorum
2929 4245 3136 4306 semita
3179 4239 3604 4315 aberraverint,
3638 4257 3746 4319 age

401 4347 430 4354 __
486 4347 543 4354 __
593 4337 748 4354 wh
826 4349 935 4354 μη
997 4331 1263 4354 μημω
1297 4350 1405 4354 μη,
1571 4352 1603 4354 __
1719 4334 1784 4354 ..
2001 4345 2012 4354 .
2121 4344 2135 4354 .
2209 4343 2222 4354 .
2296 4341 2309 4353 .
2508 4336 2547 4354 ..
2582 4337 2596 4354 .
2682 4332 2919 4354 ν
3205 4331 3493 4354 Λεὼ-η,
3531 4346 3701 4354 δη-

370 4327 545 4429 ludps
571 4329 707 4429 facit
731 4348 749 4429 _:
781 4329 969 4429 hunc,
990 4331 1419 4429 quoniamnon
1436 4332 1636 4429 etiam,
1676 4341 1739 4395 ut
1767 4334 1920 4415 ipse,
1957 4345 2016 4398 et
2038 4327 2179 4406 "de
2208 4327 2549 4421 hujusinodi
2582 4332 2923 4397 hominibus
2953 4331 3170 4394 sanctis
3199 4331 3497 4393 disserere
3527 4346 3744 4411 aggre-

372 4416 589 4479 vilibus
623 4424 681 4478 et
713 4417 1175 4499 despicallilibus
1197 4421 1374 4482 rebus
1406 4422 1618 4483 lucella
1648 4431 1890 4502 captare
1919 4425 2016 4488 di-
2100 4416 2352 4504 diamur,
2391 4435 2449 4488 et
2479 4444 2511 4487 a
2532 4424 2714 4485 rebus
2747 4422 2974 4486 testatis
3004 4421 3175 4502 plena
3210 4419 3327 4481 ﬁde
3348 4429 3613 4499 accepta,
3643 4437 3749 4498 per

373 4525 552 4585 gnum
585 4516 788 4587 putat:
823 4508 1016 4588 illum,
1052 4508 1189 4588 quia
1218 4518 1459 4590 propter
1482 4512 1786 4591 quaesitam
1828 4532 1860 4575 e
1888 4521 2017 4576 tur-
2102 4537 2310 4583 eorum
2343 4514 2584 4594 vestigia
2612 4511 2895 4589 incedere
2920 4510 3284 4586 studvamus,
3313 4508 3363 4569 si
3385 4527 3486 4571 eos
3509 4507 3746 4570 interim

374 4598 1239 4679 pitudinejucunditatemrem
1264 4601 2019 4686 familiarem,divitiasque
2099 4614 2470 4673 antevertere
2532 4621 2651 4664 non
2714 4600 3035 4682 possimus.
3092 4599 3287 4661 Altius
3341 4605 3536 4660 autem
3570 4597 3746 4659 ducto

374 4704 508 4780 suas
528 4687 813 4780 absumit.
834 4688 1200 4780 Ambitiosus
1224 4690 1497 4753 similiter
1526 4710 1788 4765 avarum,
1824 4704 1883 4758 et
1909 4714 2017 4757 vo-
2103 4695 2420 4780 principio,
2450 4693 2522 4755 ad
2557 4710 2665 4753 nos
2694 4707 2880 4770 usque
2917 4687 3141 4750 sensim
3173 4686 3542 4748 delabamur.

375 4775 734 4857 Iuptuarium
762 4778 1026 4841 deridet:
1052 4778 1243 4853 illum,
1261 4780 1398 4861 quia
1423 4800 1455 4842 e
1475 4782 1738 4845 sordidis
1763 4793 2023 4847 contem-

380 4868 610 4946 ptisque
658 4867 861 4944 rebus,
923 4867 1279 4948 compendia
1333 4870 1588 4950 quaerit:
1653 4872 1832 4949 hunc,
1887 4874 2027 4954 quia

378 4954 675 5017 dedecore
688 4956 997 5018 etinfamia
1014 4957 2024 5043 laborat.Voluptuariusutrumque

378 5062 525 5105 naso
557 5045 899 5125 suspendit:
952 5045 1225 5121 alterum,
1258 5048 1416 5127 quod
1450 5057 1691 5129 propter
1719 5050 2023 5112 existima-

382 5132 630 5209 tionem,
662 5152 737 5196 ne
788 5153 823 5196 a
878 5153 1172 5218 quoquam
1232 5137 1616 5217 vituperetur,
1652 5139 1916 5220 seipsum
1950 5140 2019 5202 ad

378 5223 710 5284 castitatum
736 5231 1012 5305 tanquam
1037 5225 1207 5286 freno
1225 5224 1418 5303 cogit:
1441 5227 1719 5302 alterum,
1748 5227 1906 5308 quod
1942 5247 2018 5290 ne

379 5318 680 5391 sumptum
718 5312 947 5388 toleret,
983 5314 1316 5391 continens,
1379 5322 1437 5376 et
1473 5317 1673 5396 paucis
1703 5326 2019 5380 contentus

384 5408 495 5464 est.
518 5400 712 5483 Atque
731 5401 945 5465 horum
971 5403 1222 5485 quisque
1244 5422 1279 5465 a
1314 5418 1420 5467 suo
1441 5404 1712 5470 daemone
1741 5406 2021 5469 exstimu-

468 5591 607 5656 8311
633 5594 767 5659 Cor.
799 5611 900 5672 xv,
933 5598 1033 5665 53.

2183 4774 2334 4867 Ergo
2365 4799 2611 4863 magnus
2642 4778 2936 4843 Antonius
2983 4778 3046 4838 in
3098 4785 3481 4839 monumento
3506 4774 3745 4850 sedens,

2106 4877 2245 4959 quid
2273 4865 2505 4955 agebat,
2542 4869 2773 4959 tametsi
2819 4867 3154 4959 spirituales
3191 4866 3457 4928 actiones
3486 4865 3749 4959 nondum

2107 4952 2281 5048 plane
2312 4952 2612 5025 noverat?
2669 4961 2886 5048 Annon
2941 4956 3100 5048 velut
3158 4952 3651 5048 mortuum__sein
3681 4972 3752 5014 eo

2105 5041 2367 5133 inclusit,
2391 5049 2541 5112 nihil
2566 5046 2929 5109 mundanum
2953 5045 3244 5133 inferens,
3270 5060 3383 5105 nec
3413 5041 3537 5103 ulla
3578 5041 3652 5103 de
3685 5060 3750 5103 re

2106 5130 2447 5206 sollicitus?
2498 5143 2715 5200 Annon
2771 5142 2929 5196 totus
2978 5130 3198 5196 mundo
3250 5138 3539 5205 mortuus,
3602 5140 3660 5192 et
3690 5131 3751 5191 in

2109 5232 2494 5292 monumento
2521 5224 2904 5286 delitescens.
2938 5220 3125 5283 Deum
3159 5218 3260 5300 qui
3279 5217 3656 5292 reviviscere,
3692 5225 3750 5279 et

2101 5334 2425 5397 exsurgere
2454 5313 2589 5375 facit
2620 5309 3013 5397 exquirebat?
3059 5311 3276 5397 Annon
3331 5324 3483 5397 pane
3508 5308 3659 5379 solo,
3694 5314 3755 5367 et

2100 5425 2251 5490 aqua
2278 5395 2593 5469 contentus
2622 5395 2793 5463 erat?
2835 5398 3049 5461 Annon
3106 5396 3292 5459 multa
3318 5415 3353 5460 a
3380 5395 3751 5461 daamonibus
