4068 6112
295 227 404 294 351

1592 239 1899 305 SYMEON
1903 240 1975 302 IS
2016 241 2162 305 JUN
2169 238 2390 302 IORIS.

3554 231 3671 298 352

289 360 486 440 gravia
501 359 801 442 sustinuit,
818 363 1122 447 jacuitque
1143 384 1211 428 ex
1235 367 1626 432 intolerandis
1653 373 1924 438 verberi-
1949 374 1995 435 A
2011 364 2298 466 imitando
2329 364 2711 466 expresserit,
2735 380 2942 466 Ρθξθΐε
2965 361 3235 466 εξᾶῐῐιᾴθξη
3259 361 3507 466 Βηίίεξπι
3539 368 3667 466 n2,“

290 452 402 514 bus
436 453 909 518 semimortuus?
955 459 1175 520 Annon
1227 480 1360 522 cum
1393 462 1450 522 in
1487 465 1800 530 ecclesiam
1832 488 1937 551 pro

2047 457 2319 518 mmerito
2351 461 2768 535 consequetur.
2797 451 2924 515 Jam
2948 452 3000 514 si
3022 452 3155 534 quis
3178 452 3392 552 borum
3428 449 3664 556 humili:

292 543 549 603 exanimi
573 552 732 604 esset
753 545 973 621 illatus,
991 547 1314 611 ubisensus
1335 553 1705 628 convaluere,
1731 538 1938 640 suopte

2043 553 2220 619 atem,
2257 544 2598 624 patientiam
2623 542 2840 605 imitari
2871 562 2988 604 non
3020 543 3165 618 vult,
3200 559 3307 604 cur
3332 541 3576 622 insuper
3603 538 3661 600 id

288 629 545 709 impulsu
577 631 647 692 ad
687 652 912 712 pugnas
944 635 1208 699 edendas
1253 640 1472 703 rediit?
1517 641 1642 704 Nisi
1673 629 1933 709 enim-ad
2021 633 2150 694 ﬁeri
2183 652 2353 713 Ροδδθ
2385 633 2604 713 negat?

291 721 664 784 adversarios
697 724 996 800 rediisset,
1031 728 1131 788 sed
1165 730 1224 789 in
1260 731 1481 791 mundo
1508 736 1842 814 mansisset,
1867 757 1938 801 ac

2102 725 2312 784 Porrro
2341 722 2662 803 Euthymii,
2690 730 2746 783 et
2776 721 2966 795 Sabaz,
2994 721 3479 800 reliquorumque
3499 717 3666 778 (lein-

292 808 407 870 nisi
437 810 508 870 ad
540 811 720 872 finem
765 830 954 893 usque
1010 815 1240 877 fortiter
1296 817 1654 897 dimicasset,
1691 808 1941 907 seseque

2043 831 2162 892 :eps
2183 820 2520 873 sanctorum
2540 813 2806 874 actiones
2832 810 3086 892 majores
3109 831 3284 892 quam
3310 808 3665 912 pronnimi-ne

287 897 467 958 alacri
511 901 808 962 voluntate
870 903 1044 963 morti
1095 904 1431 981 obtulisset,
1498 897 1940 992 exoptatissima

2043 913 2154 981 [uls
2169 901 2536 962 enarraverit
2557 900 2582 963 ἶ)
2602 900 2736 963 Sive
2757 901 2916 963 enim
2938 909 3075 1001 ante
3087 897 3667 1001 accepta'm'Spi‘ri‘tus

292 986 524 1049 Domini
553 987 642 1048 sui
666 997 907 1068 aspectu
928 991 1199 1070 dignatus
1231 1015 1346 1056 non
1384 984 1629 1072 fuisset;
1656 1021 1767 1063 nec
1798 1022 1938 1066 sua-

2043 989 2290 1066 ;ratiam,
2315 989 2586 1070 sive'post
2608 1001 2940 1070 acceptam,
2975 989 3104 1050 sine
3145 987 3459 1090 molestiis,
3496 984 3666 1046 labo-

289 1093 419 1137 vem
443 1076 600 1140 illam
632 1097 834 1140 vocem
858 1081 1196 1145 audivisset.
1224 1085 1341 1145 Sed
1369 1093 1484 1148 toto
1513 1097 1749 1166 pectore
1775 1111 1938 1170 qua:-

2043 1077 2208 1147 'ibus,
2247 1078 2566 1159 multisque
2594 1077 2935 1153 sudoribus,
2973 1078 3100 1177 sine
3154 1076 3445 1177 violentia,
3479 1093 3666 1152 angu-

292 1164 447 1239 sivit,
479 1166 731 1246 impigre
756 1169 1023 1247 pulsavit,
1046 1191 1228 1252 usque
1252 1173 1321 1234 ad
1355 1164 1531 1236 finem
1562 1164 1852 1260 toleravit,
1886 1189 1944 1242 et
2024 1167 2156 1260 Sila;
2199 1173 2257 1227 εἴ
2288 1165 2696 1260 ίΓίδυΙεῑίοξὶθί
2727 1185 2912 1260 Πβῐξὶο-
2943 1165 3155 1260 {mime
3181 1165 3494 1243 caliginem
3528 1179 3668 1260 Per“

294 1255 632 1316 mercedem
665 1257 1022 1336 condignom
1076 1261 1296 1323 retulit.
1353 1265 1613 1326 Mortuus
1645 1268 1806 1329 enim
1836 1255 1942 1330 vo-

2022 1255 2193 1327 vasit,
2211 1273 2404 1334 neque
2425 1255 2786 1317 sanctissimi
2812 1254 3068 1336 Spiritus
3090 1254 3284 1316 lucem
3298 1263 3388 1316 est
3411 1259 3672 1314 contem-

295 1343 522 1405 luntate
553 1363 656 1425 pro
689 1346 941 1445 pltristo,
971 1348 1206 1427 jacebat
1237 1350 1426 1412 instar
1453 1355 1670 1445 mortui
1699 1375 1714 1433 ;
1751 1357 1941 1428 donec

2043 1343 2234 1404 ilatus.
2251 1342 2514 1421 Regnum
2540 1346 2701 1406 enim
2730 1345 3013 1445 calorum
3034 1347 3153 1407 vim
3173 1346 3433 1445 patitur,
3456 1350 3512 1445 et
3538 1342 3670 1445 nfo-

292 1439 565 1508 accessnt,
604 1433 705 1514 qui
737 1444 1000 1496 mortuos
1034 1437 1092 1498 in
1145 1439 1319 1499 vitam
1371 1442 1651 1520 restituit,
1688 1430 1942 1528 eumque

2043 1432 2172 1494 Tenti
2193 1434 2442 1512 rapiunt
2464 1432 2704 1509 illudi“,
2723 1433 2862 1536 quia
2881 1433 3108 1535 scilicet
3122 1451 3235 1512 per
3251 1430 3673 1536 ητυέιαβξςίῡξιῖ

293 1519 364 1581 ad
392 1521 599 1583 inferis
618 1524 928 1586 excitavit:
959 1527 1289 1602 atenebris,
1326 1528 1588 1610 inquam,
1615 1516 1864 1610 animae;
1885 1544 1944 1597 et

2043 1521 2249 1582 ‘atione
2269 1529 2501 1600 oportet
2519 1539 2624 1584 nos
2647 1524 2911 1584 introire
2936 1524 3003 1584 in
3036 1539 3290 1598 regnum
3337 1520 3451 1610 Dei.
3596 1516 3674 1610 At

295 1609 496 1672 eduxit
522 1611 690 1674 illum
722 1612 782 1674 in
815 1614 1163 1677 admirabile
1193 1609 1633 1682 lumenivultus
1664 1624 1755 1684 sui
1785 1609 1939 1702 quod

293 1697 564 1774 intuitus,
587 1702 995 1783 molestiisque
1019 1703 1324 1777 liberatus,
1353 1715 1410 1767 et
1434 1709 1683 1773 mirifice
1703 1697 1940 1774 recrea-

296 1792 394 1847 tus
420 1786 646 1851 aiebat:
679 1790 952 1863 Domine,
977 1794 1233 1856 ubierus
1249 1795 1540 1859 hactenus
1565 1800 1748 1877 ?§Haec
1774 1801 1952 1880 igitur

297 1874 573 1938 verbum:
605 1876 713 1939 Ubi
732 1881 1148 1960 eras,omnino
1178 1882 1508 1961 ignorantis
1529 1874 1642 1963 est,
1677 1889 1778 1952 ubi
1799 1874 1948 1950 erat.

297 1961 447 2054 Illud
482 1977 676 2027 autem
698 1966 1011 2042 hactenus,
1042 1980 1374 2052 aspectum,
1403 1982 1460 2036 et
1483 1961 1747 2054 sensum,
1775 1987 1832 2040 et
1852 1999 1956 2040 no-

299 2050 484 2114 titiam
523 2057 855 2134 praesentia
886 2058 1123 2120 Domini
1154 2050 1434 2126 declarat.
1487 2067 1546 2128 Si
1576 2084 1713 2145 ergo
1731 2050 1852 2129 vnos
1874 2068 1954 2129 ita

294 2140 477 2203 rebus
510 2145 778 2206 nuntium
804 2147 1112 2210 remittere
1134 2149 1432 2224 nolumus,
1459 2161 1517 2212 et
1543 2162 1606 2213 ut
1635 2140 1736 2216 ille
1755 2174 1954 2236 perse-

295 2249 521 2307 verare,
549 2250 618 2296 ac
640 2235 871 2316 perpeti
896 2255 1002 2298 nos
1023 2238 1358 2311 statuimus,
1389 2259 1528 2301 num
1556 2243 1717 2320 digni
1740 2235 1944 2320 simus,

300 2319 401 2399 qui
423 2322 611 2383 Deum
636 2323 697 2384 in
719 2325 942 2404 Spiritu
963 2339 1192 2406 sancto,
1221 2338 1283 2390 ut
1323 2329 1500 2406 idem,
1536 2319 1860 2410 videamus,
1896 2319 1956 2397 et

299 2410 702 2500 exsultatione
732 2415 1073 2493 repleamur
1100 2416 1130 2476 ἶ)
1156 2418 1244 2478 Ah
1280 2419 1644 2500 neutiquam.

383 2499 602 2560 Verum
633 2500 706 2561 ad
737 2502 916 2563 alium
951 2523 1211 2585 quoque,
1249 2507 1298 2567 si
1333 2499 1545 2586 placet,
1574 2529 1682 2572 nos
1714 2531 1955 2575 conver-

300 2592 517 2648 tamus.
540 2591 782 2669 Magnus
796 2591 1166 2656 Arseniusab
1188 2596 1353 2658 initio
1365 2601 1822 2663 renuntiationis
1834 2621 1956 2664 suae

302 2674 442 2754 quid
462 2677 602 2739 fecit
628 2686 640 2740 !
666 2681 880 2743 Nonne
900 2683 1128 2744 relictis
1151 2685 1610 2766 imperatoribus
1631 2709 1763 2752 cum
1788 2692 1953 2772 pala—

302 2764 406 2840 tio,
440 2765 727 2846 ipsorum,
765 2778 824 2831 et
873 2773 1143 2835 sericatis
1170 2764 1401 2857 aulicis,
1435 2779 1661 2841 relictis
1691 2764 1830 2842 item
1865 2784 1950 2843 fa-

302 2853 501 2935 mulis,
523 2857 1107 2923 etomnibusdivitiis
1139 2864 1282 2939 suis,
1312 2853 1688 2930 incomitatus
1718 2872 1789 2930 ad
1825 2890 1950 2932 mo-

303 2943 631 3005 nasterium
653 2954 952 3028 utpauper
975 2958 1034 3010 et
1054 2952 1366 3014 mendicus
1391 2955 1570 3029 venit,
1585 2957 1955 3040 gloriamque

306 3040 364 3122 et
393 3031 627 3122 laudem
660 3035 994 3114 hominum,
1040 3049 1099 3099 ut
1131 3060 1163 3100 a
1219 3041 1340 3103 Deo
1372 3028 1823 3122 glorific'aretur,
1859 3028 1916 3109 fu
1938 3086 1952 3099 ι
1979 3028 2019 3090 C

304 3117 497 3196 giens,
532 3121 664 3200 quis
689 3123 894 3186 fuisset
922 3125 1181 3203 ignorari
1241 3117 1515 3192 studuit?
1572 3134 1722 3205 Quid
1759 3117 1897 3215 ergo
1925 3135 1956 3195 ?

303 3228 446 3304 num
467 3211 577 3272 hoc
603 3211 816 3304 fecisse
842 3215 981 3276 satis
1006 3217 1259 3279 habuit?
1281 3221 1443 3283 nullo
1469 3223 1666 3284 modo.
1713 3211 1956 3304 Sed'qui

306 3299 484 3361 etiam
522 3309 582 3362 ut
606 3303 741 3364 vilis
770 3304 1111 3369 hominibus
1168 3327 1300 3372 sese
1330 3312 1549 3373 vilibus
1580 3332 1812 3395 aequare
1843 3299 1956 3377 ηὀ-

305 3388 436 3464 luit,
472 3409 679 3452 verum
702 3411 805 3469 pro
822 3413 969 3457 cane
988 3415 1051 3458 se
1079 3400 1393 3478 reputavit.
1423 3388 1667 3464 Etenim.
1700 3422 1832 3464 cum
1867 3405 1952 3465 illi

305 3496 338 3539 a
363 3481 942 3572 praepositofrustum
971 3486 1136 3565 panis
1162 3489 1576 3568 projiceretur,
1599 3491 1955 3572 idquehumi

306 3567 642 3643 cecidisset,
678 3571 780 3633 ille
811 3567 1275 3656 quadrupedem,
1299 3579 1634 3642 incedendo
1666 3567 1948 3659 imitatus,

308 3675 428 3717 non
461 3675 661 3729 manu,
695 3661 799 3721 sed
833 3663 1110 3726 dentibus
1135 3685 1301 3729 more
1325 3668 1488 3729 canis
1511 3687 1724 3748 panem
1747 3670 1953 3731 subla-

307 3751 430 3804 tum
463 3747 744 3812 comedit.
778 3748 843 3811 In
875 3753 1026 3814 cella
1055 3762 1252 3818 autem
1311 3747 1584 3818 residens
1613 3777 1730 3819 non
1763 3759 1954 3821 solum

307 3833 636 3907 laborabat,
672 3840 775 3900 sed
810 3842 992 3902 multo
1025 3843 1202 3906 etiam
1234 3846 1450 3919 minus,
1481 3865 1655 3927 quam
1684 3865 1753 3908 ex
1777 3867 1958 3928 opere

313 3940 594 3984 manuum
627 3927 1028 4012 redigebatur,
1062 3950 1130 3993 ac
1153 3949 1325 3995 usum
1350 3953 1523 3997 suum
1550 3927 1956 4011 consumebat,

321 4029 532 4090 aquam
568 4015 858 4078 turbidam
894 4027 949 4080 et
981 4021 1238 4100 putidam
1274 4023 1506 4087 bibens.
1529 4024 1678 4097 Quin
1701 4035 1758 4086 et
1788 4026 1958 4088 labo-

314 4118 477 4176 rans,
505 4111 776 4187 etorans,
799 4110 1176 4174 continenter
1203 4113 1424 4174 vultum
1449 4114 1722 4195 lacrymis
1747 4116 1962 4195 irriga-

1963 1663 2009 1723 B

2025 1608 2188 1672 enim
2217 1628 2462 1690 regnum
2497 1613 2780 1673 caelorum
2813 1610 3068 1693 Spiritus
3098 1613 3285 1673 sancti
3307 1607 3673 1691 participatio

2031 1705 2145 1761 est.
2163 1698 2288 1760 Hoc
2308 1699 2602 1780 siquidem
2622 1709 2750 1799 est,“
2766 1701 2937 1799 quod
2969 1701 3218 1799 dicitur:
3259 1701 3533 1799 Regnum
3557 1715 3671 1799 cce-

2033 1787 2230 1850 lorum
2251 1789 2420 1850 intra
2441 1807 2540 1850 vos
2561 1797 2652 1851 est
2689 1790 2774 1860 86,
2810 1799 2873 1851 ut
2903 1789 3186 1871 Spiritum
3216 1801 3488 1851 sanctum
3519 1787 3674 1848 intra

2034 1895 2144 1938 nos
2172 1877 2439 1958 recipere
2470 1888 2526 1940 et
2558 1879 2776 1942 habere
2803 1880 3166 1941 studeamus.
3219 1881 3472 1940 Pareant
3499 1876 3675 1954 igitur

2036 1965 2256 2034 dicere.
2299 1967 2398 2046 qui
2430 1968 2666 2030 assiduo
2699 1968 2812 2031 sibi
2839 1969 2956 2029 vim
2989 1987 3106 2029 non
3136 1967 3380 2047 faciunt,
3405 1965 3677 2063 quiquo-

2039 2054 2180 2116 tidie
2211 2055 2272 2115 in
2303 2057 2613 2135 angustiis,
2649 2057 2710 2118 in
2742 2076 2941 2120 rerum
2975 2059 3278 2128 tenuitate,
3315 2063 3371 2118 et
3402 2054 3673 2116 afﬂictio—

2035 2143 2210 2204 nibus
2244 2163 2358 2204 non
2389 2154 2546 2220 sunt,
2583 2147 2736 2206 intra
2761 2167 2868 2208 nos
2891 2145 3173 2228 Spiritum
3204 2153 3478 2207 sanctum
3501 2144 3678 2204 habe-

2034 2251 2186 2292 mus.
2222 2232 2378 2294 Citra
2425 2234 2656 2296 virtutis
2715 2236 2933 2316 quippe
2991 2233 3498 2305 exercitationem,
3533 2231 3680 2293 citra

2037 2320 2285 2382 sudores
2313 2341 2380 2382 ac
2413 2322 2644 2384 labores
2693 2325 2805 2385 ista
2850 2342 3080 2385 merees
3112 2323 3398 2400 contingit
3427 2320 3673 2383 nemini.

2037 2408 2233 2482 Quare
2267 2411 2410 2472 mihi
2436 2413 2578 2473 illud
2637 2413 2699 2474 in
2756 2413 2910 2492 vulgi
2967 2431 3070 2474 ore
3116 2412 3490 2493 proverbium
3527 2410 3680 2471 bene

2039 2499 2260 2579 placet:
2291 2499 2562 2562 Ostende
2591 2519 2794 2579 opera,
2819 2511 2878 2563 et
2905 2500 3142 2582 postula
3162 2500 3512 2563 mercedem.
3539 2497 3678 2559 Novi

2037 2609 2145 2668 ego
2179 2591 2504 2673 hominem,
2540 2593 2641 2673 qui
2669 2603 2982 2674 antequam
3019 2593 3208 2655 labori
3238 2611 3304 2654 se
3326 2592 3594 2670 dederet,
3619 2598 3683 2651 ut

2036 2689 2226 2741 semet
2254 2681 2450 2741 acrius
2482 2691 2738 2760 urgeret,
2774 2701 2908 2743 cum
2942 2680 3269 2761 Scriptuuis
3302 2689 3501 2742 mente
3521 2688 3684 2742 recta

2037 2776 2095 2829 et
2124 2768 2384 2849 simplici
2413 2786 2654 2847 operam
2707 2770 2992 2850 dedisset,
3056 2787 3394 2851 paucosque
3437 2769 3588 2841 dies,
3621 2774 3679 2828 et

2038 2865 2244 2919 noctes
2272 2857 2400 2919 sine
2430 2858 2803 2933 lassitudine,
2856 2867 2921 2920 ut
2976 2859 3056 2920 ita
3115 2859 3330 2930 dicam,
3363 2857 3674 2937 vigi’asset,

2037 2965 2367 3027 precesque
2396 2947 2850 3027 frequentasset,
2900 2966 2934 3008 a
2986 2964 3243 3028 superna
3268 2947 3458 3045 gratia
3476 2952 3673 3045 tanto.-

2041 3053 2182 3115 pere
2205 3035 2585 3112 illustratum,
2621 3045 2686 3096 ut
2737 3045 2904 3097 extra
2959 3055 3200 3115 corpus,
3235 3045 3400 3098 extra
3427 3035 3680 3096 domici-

2039 3126 2205 3193 lium,
2235 3135 2396 3188 extra
2420 3135 2609 3187 totum
2633 3127 2892 3206 denique
2907 3127 3192 3187 mundum
3214 3144 3344 3188 esse
3361 3125 3680 3187 videretur.

2039 3217 2165 3278 Nox
2196 3225 2340 3290 erat,
2371 3224 2429 3277 et
2458 3215 2656 3277 divina
2678 3216 2942 3277 claritate
2957 3215 3212 3296 refulsit,
3238 3214 3528 3278 Caeterum
3549 3212 3686 3295 quia

2037 3305 2260 3366 otiosus
2285 3305 2520 3366 divitias
2536 3312 2872 3385 acceperat,
2897 3303 3154 3365 actutum
3176 3322 3275 3364 eas
3290 3301 3688 3383 parvipendit.

2037 3403 2214 3474 atque
2246 3395 2503 3472 neglexit
2531 3415 2546 3470 ;
2580 3395 2742 3456 unde
2770 3395 2944 3455 simul
2971 3412 3182 3455 omnes
3203 3391 3483 3474 perdidit.
3503 3408 3686 3472 usque

2037 3483 2184 3544 adeo
2217 3483 2379 3564 ut:se
2407 3502 2670 3563 unquam
2718 3484 2892 3545 talem
2938 3482 3182 3561 gloriam
3217 3480 3578 3562 spectavisse
3609 3497 3683 3541 ne

2039 3573 2374 3635 meminerit
2405 3572 2668 3654 quidem.
2702 3572 2897 3643 Quare
2930 3591 3047 3653 quo
3074 3579 3238 3651 pacto
3256 3569 3471 3651 quibus
3490 3586 3682 3648 neque

2039 3679 2104 3722 ex
2126 3670 2290 3741 parte
2315 3661 2511 3741 aliqua
2537 3659 2833 3740 accipere,
2859 3669 2957 3721 aut
2989 3658 3335 3740 conspicere
3371 3655 3683 3737 aliquando

2039 3749 2264 3810 hancce
2285 3749 2530 3828 gloriam
2547 3768 2650 3810 suo
2675 3749 2940 3828 ipsorum
2968 3748 3177 3809 merito
3196 3745 3458 3826 contigit,
3475 3763 3536 3806 se
3551 3762 3678 3806 eam

2040 3838 2376 3900 universam
2410 3838 2468 3898 in
2501 3846 2692 3900 semet
2716 3837 2936 3899 habere
2953 3844 3282 3911 autument,
3303 3835 3576 3898 dubitare
3591 3851 3684 3895 me

2042 3927 2348 3989 conﬁteor.
2384 3925 2526 4007 Sed,
2552 3945 2586 3986 ο
2609 3925 2933 3987 cmcitatem
2964 3927 2978 3987 ι
3009 3945 3041 3986 o
3068 3925 3383 4002 caliginem
3412 3931 3424 3986 l
3451 3921 3689 3984 ostulti-

2043 4015 2180 4076 tiam
2214 4025 2272 4077 et
2298 4015 2639 4096 opinionem
2673 4015 2748 4076 de
2778 4033 2842 4076 se
2871 4015 3280 4092 arrogantem!
3318 4012 3415 4074 ubi
3447 4012 3687 4073 tandem

2047 4105 2224 4177 istud,
2258 4113 2358 4166 aut
2398 4104 2614 4184 quibus
2663 4122 2695 4165 e
2754 4103 3074 4184 Scripturis
3103 4103 3448 4166 didicerunt
3475 4107 3503 4164 ?
3536 4098 3689 4161 Vero

319 4189 417 4250 bat
448 4211 464 4250 :
499 4199 557 4252 et
585 4211 717 4254 cum
768 4199 1002 4277 vesperi
1045 4201 1386 4281 coepissent,
1425 4189 1610 4284 usque
1639 4203 1700 4264 in
1733 4189 3694 4292 tempusﬁevanuerunt!"cogitatiot'ibﬁssuisvefobscuT‘E‘W5“

320 4281 672 4341 matutinum
703 4285 914 4346 stando
949 4277 1160 4366 preces
1217 4277 1638 4353 continuabat:
1697 4277 1872 4372 atque
1902 4293 1963 4354 in
1985 4277 2340 4372 Πέτιεὶρίεηε
2360 4300 2462 4372 CQ"
2481 4299 2712 4356 eorum,
2741 4281 3151 4372 etinAflgypto,
3178 4281 3289 4341 hoc
3312 4288 3424 4353 est,
3443 4278 3502 4338 in
3530 4287 3693 4340 tene-

322 4373 583 4460 extrema
605 4379 885 4451 egestate,
916 4375 1256 4458 vilitateque
1279 4399 1467 4459 usque
1493 4381 1563 4442 ad
1586 4381 1813 4442 obitum
1837 4400 1971 4460 per-

322 4457 629 4550 severavit.
659 4460 777 4550 Cur
792 4462 944 4525 istud
967 4465 997 4524 ‘?
1013 4465 1086 4528 Ut
1105 4457 1408 4547 pateretur
1429 4488 1698 4550 prorsus,
1719 4457 1974 4534 videret-

331 4562 448 4637 que
480 4545 655 4637 etiam
687 4549 813 4628 ipse
845 4572 972 4632 quae
1005 4545 1249 4635 magnus
1279 4545 1570 4619 Antonius
1607 4545 1745 4637 pati,
1793 4567 1850 4620 et
1877 4559 1966 4620 vi—

322 4634 717 4725 dere‘dignus
748 4649 838 4699 est
871 4634 1126 4705 habitus.
1163 4644 1468 4717 Quomodo
1518 4634 1695 4725 igitur
1729 4634 1825 4708 Vde
1855 4648 1968 4709 hoc

321 4720 594 4784 similiter
621 4725 838 4790 litteris
868 4732 1140 4793 traditum
1204 4754 1320 4795 non
1373 4743 1482 4808 est,
1518 4720 1734 4797 vidisse
1764 4735 1968 4797 Domi-

324 4829 466 4905 num
489 4811 519 4871 ἱ)
547 4811 700 4876 Num
731 4817 965 4881 labores
995 4825 1280 4904 suscepit,
1329 4833 1385 4884 et
1413 4825 1581 4904 quasi
1615 4825 1964 4905 prtestruxit,

323 4898 490 4960 illum
525 4910 717 4965 tamen
746 4906 944 4970 videre
978 4930 1091 4971 non
1119 4898 1381 4972 meruit?
1416 4898 1562 4973 nihil
1594 4898 1831 4990 minusf:
1867 4912 1972 4972 sed

322 4986 452 5067 ipse
478 5006 738 5082 qucque,
801 4998 1026 5058 etiamsi
1090 5001 1218 5080 ejus
1277 5001 1538 5063 historiae
1593 4986 1847 5082 scriptor
1893 5000 1975 5062 ita

327 5088 533 5170 aperte
564 5080 676 5144 hoc
707 5104 822 5146 non
856 5089 1135 5168 prodidit,
1169 5090 1252 5152 sic
1275 5089 1592 5151 Dominum
1615 5080 1815 5152 videre
1843 5107 1974 5170 pro-

330 5168 570 5259 meruit.
600 5170 764 5242 Quod
790 5177 840 5238 si
861 5189 1135 5240 accurate
1177 5180 1260 5240 vis
1285 5180 1541 5259 discere,
1581 5179 1752 5240 vitam
1786 5168 1973 5240 Arse-

330 5253 416 5314 nii
447 5255 804 5340 descriptam
832 5268 1052 5343 evolve,
1090 5269 1246 5331 unde
1269 5277 1327 5330 et
1352 5269 1509 5329 hunc
1529 5253 1756 5329 'vidisse
1782 5269 1971 5331 Deum

334 5361 672 5424 cognosces.
706 5352 1102 5426 Quamobrem
1135 5360 1234 5441 qui
1278 5359 1437 5440 ipsos
1467 5375 1647 5438 opere
1674 5376 1745 5419 ac
1773 5356 1976 5420 labore

2053 4371 2176 4432 bris
2207 4370 2716 4451 perturbationum
2747 4390 2818 4433 ac
2851 4371 3210 4450 voluptatum
3244 4387 3485 4430 suarum
3522 4384 3689 4428 man-

2053 4469 2279 4523 serunt.
2312 4461 2456 4522 Nam
2492 4461 2593 4542 qui
2622 4470 2838 4523 terram
2873 4459 3281 4540 promissionis
3308 4456 3512 4518 videre
3541 4474 3686 4516 con-

2050 4551 2424 4631 cupiverunt,
2449 4570 2623 4631 quam
2641 4558 3106 4620 mansuetorum,
3145 4545 3458 4645 humilium
3477 4555 3538 4645 et
3551 4563 3690 4645 pau-

2052 4656 2258 4717 perum
2286 4639 2438 4700 oculi
2464 4639 2664 4700 videre
2685 4639 2848 4718 digni
2870 4647 3033 4732 sunt,
3053 4636 3320 4716 quamvis
3337 4636 3690 4732 angustiam,

2054 4727 2930 4824 tributationem,adjectionem
2945 4723 3493 4824 subeun_t,atqueab
3507 4723 3690 4824 omni,

2053 4825 2111 4878 et
2142 4817 2456 4896 omnigena
2487 4819 2756 4899 corporis
2806 4817 3125 4898 voluptate,
3179 4816 3426 4888 honore,
3479 4816 3696 4874 remis-

2057 4906 2247 4979 sione,
2283 4915 2340 4967 et
2367 4907 2569 4986 quiete
2591 4905 3292 5001 vehementerabstinent
3319 4921 3332 4965 :
3371 4920 3566 5001 neque
3586 4902 3697 4963 hoc

2060 5002 2305 5074 tantum,
2329 4995 2433 5056 sed
2459 4994 2633 5055 etiam
2659 4994 2917 5074 cujusvis
2941 4993 3198 5056 hominis
3214 5011 3316 5053 seu
3333 4989 3698 5071 plebeii,seu

2057 5083 2325 5162 primarii
2353 5101 2735 5161 congressum
2765 5103 2832 5144 ac
2863 5081 3320 5177 familiaritatem
3351 5079 3532 5140 vitant
3558 5093 3701 5177 ;_eos

2058 5170 2203 5230 citra
2229 5171 2427 5232 odium
2454 5170 2766 5265 fugientes,
2791 5191 2907 5253 quo
2929 5171 3093 5265 digni
3113 5169 3468 5265 habeantur,
3498 5164 3601 5265 qui
3625 5162 3698 5265 ad

2059 5258 2213 5319 hanc
2246 5258 2611 5340 perveniant,
2645 5263 2992 5341 priusquam
3018 5256 3480 5356 vite-hujusvitaa
3501 5253 3703 5356 brevi-

2060 5355 2145 5408 tas
2175 5365 2383 5409 eorum
2413 5366 2650 5409 cursum
2679 5348 3096 5431 interrumpat.
3131 5345 3524 5411 Humiliantes
3539 5345 3700 5405 enim

408 5515 473 5566 84
499 5519 707 5584 Matth.
738 5542 818 5601 x1,
855 5527 950 5594 12.
1036 5532 1102 5584 85
1128 5531 1260 5596 Act.
1292 5547 1410 5606 xrv,
1447 5529 1550 5593 21.
1634 5527 1698 5582 86
1731 5530 1875 5592 Luc.
1906 5541 2050 5601 xvu,
2082 5523 2183 5588 21.
