4068 6112
399 325 517 402 353.
1855 332 2134 402 ORATIO
2176 341 2313 406 VII.
3673 339 3792 410 354

403 485 493 561 se,
528 475 588 531 et
617 487 737 561 pro
758 467 1315 561 improbis,quique
1341 469 1522 532 multa
1539 469 1918 546 offenderint,
1945 471 2054 531 ha-
2076 471 2460 537 AErumnas
2487 484 2705 551 autem,
2768 478 3244 559 tentationesque
3306 487 3391 540 tot
3440 480 3699 561 pertulit,
3735 489 3798 544 ut

410 557 645 634 bentes,
680 558 862 640 idque
892 578 963 622 ex
993 560 1218 636 animo,
1267 562 1387 622 imo
1443 561 1742 634 inimicos,
1779 569 1837 622 et
1866 569 2061 650 trans-
2146 581 2281 622 cum
2309 564 2504 626 multis
2561 565 2919 646 martyribus
2976 557 3404 628 illustrioribus
3441 557 3796 650 comparari

410 665 722 725 gressores
753 649 1087 711 divinarum
1115 650 1306 728 legem
1337 668 1402 711 se
1431 657 1798 730 reputantes,
1826 649 2066 711 sibimet
2146 664 2344 732 queat.
2379 651 2467 715 Ob
2497 653 2556 714 id
2587 674 2622 715 a
2646 653 2768 716 Deo
2799 654 3071 735 gloriam,
3130 663 3189 716 et
3239 649 3794 736 tranquillissimum

417 736 577 797 exosi
606 754 677 798 ac
707 739 912 801 maesti
942 737 1118 799 vitam
1152 739 1396 812 ducunt,
1449 746 1688 800 aventes
1719 757 1894 827 nosse
1924 735 2064 819 quid
2145 740 2329 800 animi
2359 748 2596 817 statum,
2633 751 2992 823 acceptoque
3023 743 3083 803 in
3121 763 3185 804 se
3217 735 3545 822 Paracleto,
3571 749 3795 827 sancti:-

416 842 516 885 eos
536 825 608 886 ad
638 827 1107 906 recuperandam
1139 828 1356 891 Christi
1385 827 1619 888 Domini
1641 826 1884 905 gratiam
1911 845 2065 908 praa-
2149 835 2324 888 tatem
2356 838 2714 891 consecutus
2746 840 2854 892 est.
2892 829 3054 892 Sicut
3104 832 3260 893 enim
3296 835 3554 895 cisterna
3584 825 3794 914 aquam

413 921 566 974 stare
595 934 747 994 opus
775 916 875 980 sit.
898 915 1037 978 Ideo
1069 916 1358 978 Dominus
1390 916 1463 976 iis
1494 915 1695 996 donat,
1733 935 1848 976 non
1870 917 2059 977 solum

412 1013 472 1062 ut
503 1003 643 1082 quid
673 1021 852 1083 agere
879 1005 1139 1066 debeant
1168 1005 1520 1084 intelligant,
1553 1004 1956 1066 verumetiam
1979 1004 2060 1065 vi-

409 1108 531 1168 res,
568 1101 628 1152 et
659 1093 1005 1172 patientiam
1043 1115 1060 1167 ;
1093 1100 1157 1155 ut
1213 1113 1350 1155 cum
1407 1092 1705 1166 universa,
1741 1111 1869 1173 quae
1900 1093 2057 1154 scire

407 1176 648 1240 illorum
699 1181 970 1255 interest,
1030 1182 1433 1261 impleverint,
1497 1189 1557 1241 et
1609 1181 1710 1261 qui
1755 1191 1844 1241 est
1875 1199 2058 1260 super

409 1268 631 1342 omnia,
684 1279 742 1330 et
789 1272 846 1331 in
904 1270 1182 1332 omnibus
1241 1271 1426 1332 Deum
1481 1269 1877 1350 possederint,
1917 1283 2056 1331 tunc

409 1375 647 1436 quoque
671 1359 826 1419 velut
854 1359 1084 1422 ittcmlo
1099 1360 1314 1434 vivant,
1345 1359 2006 1439 ibiqueconversentur
2037 1378 2050 1418 :

408 1461 476 1503 ac
506 1444 630 1506 sive
653 1446 715 1506 in
738 1448 1063 1528 speluncis,
1089 1448 1211 1510 sive
1234 1449 1294 1509 in
1318 1446 1643 1520 montibus,
1669 1446 1790 1508 sive
1813 1445 1873 1507 in
1891 1447 2059 1508 cellis

407 1550 598 1593 aevum
631 1535 868 1612 degant,
904 1536 1120 1616 siveiin
1161 1535 1373 1597 mediis
1404 1534 1653 1596 urbibus
1685 1554 2059 1596 commoren-

406 1628 503 1682 tur
534 1623 710 1685 etiam
753 1625 838 1686 sic
871 1645 1112 1706 semper
1138 1625 1198 1687 in
1257 1624 1495 1705 gaudio,
1559 1638 1619 1685 et
1651 1624 1967 1698 hilaritate,
2001 1634 2060 1688 et

408 1711 824 1793 exsultatione,
851 1704 1068 1794 quanta
1096 1714 1211 1775 dici
1247 1704 1365 1774 non
1399 1721 1615 1794 potest,
1640 1713 1754 1793 ipsi
1772 1714 2050 1774 serviant.

2145 916 2526 997 defluentem,
2566 919 2643 979 ita
2666 919 2795 999 ipse
2830 939 2899 998 pe
2929 920 3298 1000 plenitudine
3322 922 3540 984 Christi
3560 921 3800 987 Domini

2147 1007 2328 1066 nostri
2352 1007 2604 1086 accepit,
2632 1018 2686 1068 et
2715 1007 2898 1085 gratia
2923 1008 3164 1088 spiritus
3216 1009 3346 1089 ejus
3387 1011 3649 1089 repletus
3681 1021 3790 1090 est,

2141 1113 2267 1180 quas
2291 1105 2376 1156 est
2403 1115 2561 1174 aqua
2587 1098 2828 1170 υἱυιιὸδ,
2860 1107 2917 1156 ut
2938 1097 3033 1158 hic
3056 1096 3213 1158 idem
3242 1097 3502 1160 Joannes
3535 1119 3791 1180 evange-

2140 1178 2272 1242 lista
2307 1197 2632 1246 memorat:
2692 1185 2816 1247 imo
2869 1204 3004 1246 vero
3063 1187 3191 1266 ipse
3224 1186 3410 1248 Filius
3442 1197 3502 1248 et
3527 1178 3788 1253 Verbum

2138 1272 2390 1333 viventis
2416 1273 2543 1345 itei,
2564 1294 2597 1333 a
2619 1276 2817 1354 quofet
2835 1275 3093 1337 Joannes
3114 1281 3410 1337 sermonis
3433 1277 3527 1337 sui
3553 1277 3787 1342 divitias

2139 1361 2393 1436 adeptus
2419 1375 2540 1424 est:
2589 1363 2701 1435 Qui
2744 1363 2910 1438 bibit,
2958 1381 3036 1424 ea:
3074 1381 3233 1442 aqua
3269 1363 3384 1425 hac
3421 1367 3792 1446 (aspectabili

2143 1450 2468 1528 putajsitiet
2488 1453 2733 1513 iterum:
2759 1454 2863 1530 qui
2876 1460 3079 1514 autem
3105 1451 3408 1515 biberitex
3428 1472 3800 1536 aqua,quam

2139 1553 2242 1612 ego
2264 1537 2418 1598 dabo
2441 1541 2520 1612 ei,
2550 1557 2673 1600 non
2709 1542 2873 1601 sitiet
2916 1543 2979 1602 in
3021 1549 3352 1604 aeternum:
3395 1559 3456 1602 se
3490 1544 3592 1623 ﬁet
3639 1547 3703 1606 in
3729 1564 3794 1608 eo

2139 1627 2277 1703 fons
2299 1644 2470 1706 aquae
2492 1633 2774 1690 salientis
2795 1635 2857 1690 in
2885 1632 3071 1692 vitam
3094 1632 3470 1695 wlernam89.
3507 1632 3673 1705 Quod
3704 1634 3798 1698 his

2138 1715 2335 1776 verbis
2356 1716 2729 1794 Evangelista
2751 1719 3210 1797 interpretatur:
3240 1718 3372 1781 Hoc
3392 1728 3598 1782 autem
3627 1722 3794 1786 dixit

406 1797 518 1860 Hic
548 1800 729 1880 igitur
759 1822 916 1864 nunc
980 1811 1314 1865 sanctorum
1382 1802 1570 1870 labor.
1635 1801 1760 1862 haec
1787 1802 1940 1863 actio
1971 1811 2057 1864 est
2076 1803 2211 1899 Bde
2234 1804 2490 1899 Spiritu,
2517 1824 2691 1899 quem
2715 1808 3026 1899 accepturi
3047 1815 3174 1869 erat
3199 1808 3515 1899 credentes
3533 1811 3600 1872 in
3630 1829 3787 1874 eum.

408 1905 639 1971 eorum,
673 1892 772 1972 qui
798 1892 1008 1971 spiritu
1046 1893 1150 1955 Dei
1184 1900 1474 1971 aguntur:
1531 1891 1720 1970 qualis
1751 1901 1806 1952 et
1839 1892 2055 1953 nostris
2076 1891 2210 1953 'Lt
2232 1892 2580 1972 Apostolus:
2626 1893 2746 1954 Nos
2766 1912 2888 1954 non
2911 1893 3612 1973 hujusmundispirilum
3629 1917 3799 1961 acce-

408 1980 779 2057 temporibus
809 1980 1031 2042 exstitit
1087 1981 1237 2061 pius,
1304 1988 1544 2041 sanctus
1577 1999 1645 2040 ac
1677 1980 2056 2042 beatissimus
2136 1982 2900 2061 pimuszsedSpirilumqui
2922 2000 3000 2044 ea:
3021 1983 3144 2045 Deo
3162 1991 3348 2058 est,ut
3368 1987 3636 2047 sciamus
3659 2006 3794 2067 quae

407 2063 676 2140 Simeon,
703 2068 803 2149 qui
828 2068 887 2129 in
912 2069 1108 2130 medio
1130 2070 1231 2130 illo
1256 2069 1546 2131 famatam
1574 2068 1885 2129 nobilitate
1919 2088 2052 2130 mo-
2135 2089 2171 2128 a
2195 2071 2310 2130 Deo
2327 2069 2551 2131 donata
2571 2078 2713 2132 sunt
2739 2071 2925 2145 nobis,
2951 2090 3082 2152 quae
3121 2079 3177 2132 et
3221 2075 3527 2150 loquimur
3558 2074 3646 2134 90.
3672 2063 3800 2138 'Per

408 2157 690 2230 nasterio,
727 2158 880 2239 quod
913 2159 1205 2220 Studium
1237 2157 1474 2234 dicitur,
1510 2159 1695 2218 instar
1719 2159 1862 2219 solis
1881 2159 2054 2219 efl‘ul-
2135 2156 2553 2236 hujuscemodi
2584 2159 2743 2219 enim
2797 2177 3008 2238 aquam
3066 2159 3361 2221 vitiositas
3392 2179 3463 2222 ex
3493 2161 3694 2224 anima
3725 2172 3792 2225 ut

407 2247 504 2306 sit.
530 2245 669 2308 Isin
694 2249 888 2310 medio
913 2250 1118 2310 mundi
1150 2249 1471 2329 aliquando
1497 2269 1630 2310 cum
1664 2260 1848 2327 esset,
1885 2247 2066 2318 rebus
2145 2245 2354 2306 sordes
2385 2246 2634 2307 eluitur:
2673 2247 2803 2307 sine
2833 2265 2948 2326 qua
2998 2248 3099 2326 qui
3157 2250 3340 2309 multa
3370 2248 3600 2326 fecerit,
3639 2253 3788 2314 nihil

408 2333 751 2412 latentibus,
817 2339 1046 2415 amicis,
1108 2339 1402 2421 cognatis,
1461 2337 1729 2419 quinimo
1789 2345 1846 2396 et
1874 2336 2055 2412 curis,
2147 2335 2386 2399 efﬁciet.
2420 2335 2707 2408 Quocirca
2738 2338 3025 2399 Domiuus
3073 2340 3254 2400 dieit:
3313 2339 3517 2402 Nolite
3545 2351 3792 2421 putare,

407 2423 907 2489 sollicitudinibus
938 2446 1009 2490 ac
1025 2427 1422 2508 voluptatibus
1451 2429 1582 2488 vitae,
1616 2436 1731 2488 tam
1763 2425 1930 2487 valde
1961 2445 2059 2486 re-
2141 2431 2285 2504 quia
2308 2427 2449 2487 veni
2475 2425 2699 2488 solvere
2728 2425 2943 2506 legem,
2977 2436 3081 2488 aut
3098 2427 3458 2512 prophetas:
3508 2449 3628 2493 non
3654 2436 3796 2496 veni

407 2515 725 2596 nuntiavit,
758 2525 822 2578 ut
855 2535 1058 2579 earum
1093 2519 1441 2580 memoriam
1498 2537 1568 2580 ex
1598 2517 1798 2578 animo
1834 2516 2061 2578 deleret
2142 2513 2939 2596 solvere,sedadimplere9i.
2969 2516 3647 2598 Plenitudoautemlegis
3671 2521 3795 2584 haec

407 2603 666 2681 penitus,
695 2613 870 2686 atque
890 2626 922 2667 a
940 2625 1004 2669 se
1030 2607 1690 2688 proculexterminaret.
1717 2606 1823 2678 Qui
1841 2607 2057 2667 multos
2141 2613 2250 2675 est,
2276 2621 2351 2665 ne
2375 2603 2506 2683 quis
2529 2621 2594 2664 se
2612 2604 2670 2665 in
2696 2604 2894 2685 aliquo
2923 2604 3224 2680 defendat,
3244 2624 3606 2686 causamque
3628 2628 3794 2671 suam

411 2690 568 2752 inter
597 2696 922 2756 monachos
981 2704 1108 2756 acta
1167 2697 1304 2776 vita,
1364 2696 1596 2757 beatam
1654 2694 1818 2755 illam
1852 2712 2052 2755 vocem
2143 2701 2397 2768 tueatur,
2437 2711 2548 2753 nec
2578 2701 2767 2755 semet
2801 2693 3142 2756 ulciscatur.
3179 2694 3315 2755 Haec
3351 2699 3511 2757 enim
3545 2711 3638 2758 est
3667 2719 3798 2779 per-

408 2779 636 2846 emisit:
672 2784 938 2860 Fratres,
975 2784 1704 2864 hacperfectamamundo
1733 2784 2058 2845 successio-
2151 2782 2304 2844 fecta
2334 2782 2540 2843 mundi
2587 2783 2842 2859 relictio,
2908 2785 3163 2863 propriae
3219 2785 3542 2847 voluntatis
3571 2786 3800 2866 integra

405 2886 543 2956 nem
558 2874 1408 2952 putatore,mortiﬁcationem
1419 2876 1694 2955 propriae
1710 2874 2063 2956 voluntatis
2153 2870 2552 2933 mortiﬁcatio.
2572 2870 2869 2952 Quidquid
2903 2873 3077 2933 etiam
3102 2871 3442 2934 afflictionis
3473 2874 3528 2934 ei
3559 2875 3798 2956 quidam

401 2955 450 3020 Ο
471 2969 732 3022 sanctam
753 2979 986 3036 vocem,
1011 2962 1104 3024 vel
1143 2962 1363 3043 potius,
1419 2954 1452 3024 o
1482 2971 1743 3024 srnctam
1773 2954 2066 3043 animam:
2151 2958 2484 3034 intulerint,
2518 2959 2666 3021 nihil
2697 2960 2940 3023 omnino
2971 2971 3261 3035 movetur,
3285 2981 3396 3023 nec
3421 2954 3796 3043 perturbatus

403 3066 536 3127 quae
565 3049 699 3111 talis
726 3050 881 3132 fieri,
915 3035 979 3112 et
1025 3070 1058 3113 a
1086 3035 1211 3113 to-to
1246 3035 1470 3113 mundo
1501 3051 1766 3132 separari
1795 3051 2014 3112 meruit
2047 3035 2063 3130 ἶ
2150 3049 2534 3124 contradicit:
2561 3068 2765 3110 verum
2787 3049 3066 3111 omnibus
3086 3051 3162 3111 ad
3186 3035 3623 3132 omnim-instar
3640 3073 3800 3116 mor-

402 3134 475 3198 Et
489 3137 646 3199 idem
661 3157 928 3203 rursum:
954 3139 1165 3217 Debet,
1192 3141 1760 3221 inquit,monuchus
1775 3142 1840 3203 in
1857 3157 2124 3226 mona-G
2146 3137 2230 3226 tui
2258 3155 2322 3197 se
2351 3135 2579 3216 objicit,
2614 3145 2873 3199 statuens
2903 3138 3118 3212 vivere,
3152 3141 3398 3221 moveri,
3432 3149 3494 3204 et
3520 3160 3696 3221 agere
3731 3143 3794 3205 in

401 3229 585 3289 sterio
604 3231 862 3304 versari,
888 3249 958 3291 ac
976 3232 1032 3292 si
1055 3231 1156 3302 sit,
1186 3239 1242 3293 et
1261 3237 2062 3311 no-nsit,necappareat:seu
2097 3225 2105 3226 ί
2141 3225 2263 3288 illis
2299 3234 2544 3294 tantum,
2577 3245 2709 3306 quae
2737 3227 2810 3288 ad
2841 3227 3028 3288 Deum
3062 3236 3332 3308 spectant
3383 3231 3700 3310 mandatis,
3737 3241 3796 3294 et

397 3318 626 3396 potius,
652 3321 757 3399 qui
777 3327 1313 3401 noncognoscatur
1333 3341 1352 3381 :
1375 3319 1531 3400 quod
1551 3321 1706 3381 hunc
1729 3319 1791 3380 in
1818 3319 2058 3380 modum
2142 3333 2376 3376 servare
2407 3317 2532 3395 ejus
2567 3324 2862 3396 prmcepta
2891 3337 2906 3393 ;
2938 3315 3153 3378 similis
3178 3318 3357 3398 leoni,
3392 3327 3492 3380 aut
3523 3322 3798 3398 giganteo

404 3406 771 3487 explicabat:
809 3411 897 3472 Ae
914 3413 1092 3486 sisit,
1119 3427 1410 3491 corpore:
1458 3426 1530 3472 ac
1556 3410 1615 3471 si
1643 3427 1764 3471 non
1790 3410 1891 3484 sit,
1925 3411 2055 3487 spi-
2139 3405 2317 3466 alicui
2351 3404 2647 3481 Samsoni,
2703 3415 2804 3469 aut
2850 3406 2902 3468 si
2962 3406 3095 3487 quis
3123 3406 3273 3468 alius
3302 3408 3388 3469 vel
3423 3409 3551 3486 fuit,
3585 3410 3674 3472 vel
3707 3427 3797 3477 est

403 3494 548 3558 ritu.
569 3497 702 3559 Non
722 3515 1029 3578 apparens
1045 3508 1263 3571 autem,
1291 3498 1408 3561 nisi
1439 3497 1513 3560 iis
1543 3506 1792 3579 tantum,
1817 3497 1918 3578 qui
1951 3516 2056 3578 per
2138 3494 2239 3574 illo
2273 3494 2516 3555 fortior:
2550 3494 2674 3570 Qui
2725 3495 2905 3558 habet
2955 3496 3246 3559 mandata
3289 3515 3452 3573 mea,
3485 3498 3699 3580 inquit,
3742 3507 3798 3563 et

403 3585 690 3666 Spiritum
707 3594 976 3649 sanctum
989 3593 1211 3650 mundo
1225 3597 1360 3650 sunt
1372 3587 1571 3650 corde.
1597 3586 2060 3666 Non'cognitus,

407 3682 474 3736 ut
502 3673 586 3736 illi
620 3675 768 3736 nihil
796 3694 931 3738 cum
991 3696 1287 3759 quoquam
1345 3675 1563 3756 negotii
1619 3675 1969 3737 intercedat.
2003 3673 2052 3738 Ο

404 3764 604 3828 divina
623 3765 832 3842 oratio,
858 3785 966 3848 per
984 3787 1158 3849 quam
1179 3768 1295 3830 vita
1307 3769 1436 3849 ejus
1447 3765 1854 3842 excellentior,
1875 3784 2051 3847 quam

405 3872 512 3936 pro
563 3855 829 3932 homine,
891 3867 952 3919 et
999 3858 1268 3937 angelica
1302 3857 1704 3938 praedicatur:
1737 3873 1844 3934 per
1873 3871 2051 3936 quam

408 3957 761 4025 comparatae
789 3947 852 4008 in
907 3948 1056 4009 caelo
1117 3945 1582 4008 conversationis
1638 3944 1772 4024 ipse
1804 3942 1918 4004 sibi
1950 3961 2058 4024 per

407 4033 692 4117 Spiritum
717 4047 993 4100 sanctum
1016 4037 1129 4100 fert
1152 4037 1584 4102 testimonium.
1611 4037 1728 4100 Per
1747 4053 1923 4117 quam
1940 4054 2054 4096 no-

405 4124 499 4188 bis
525 4126 705 4189 vitam
729 4125 870 4190 ‘cum
894 4127 1017 4191 Deo
1039 4129 1323 4203 insumat,
1350 4127 1494 4189 dum
1539 4125 1619 4189 ait
1645 4145 1662 4187 :
1708 4123 1892 4188 Nihil
1918 4141 2057 4187 cum

403 4232 710 4296 quoquam
722 4217 1208 4298 haberenegotii!
1225 4217 1382 4298 quod
1395 4215 1638 4297 quidem
1651 4214 2053 4278 neminirecte

406 4311 708 4386 praestare,
735 4315 989 4368 autvere
1005 4306 1150 4368 licet
1185 4306 1410 4380 dicere,
1446 4303 1567 4367 nisi
1597 4303 1956 4370 omnimodis
1984 4321 2054 4364 ac

405 4399 564 4454 totus
581 4394 692 4456 toti
716 4393 838 4457 Deo
852 4397 1052 4457 unitus
1073 4395 1272 4470 fuerit,
1301 4395 1492 4458 Aliter
1525 4393 1574 4455 si
1593 4394 1832 4468 dixerit,
1858 4404 2050 4455 semet

406 4481 761 4545 ludiﬁcatur.
789 4482 900 4556 Qui
929 4483 1088 4546 enim
1115 4483 1260 4546 dicit
1281 4503 1344 4546 se
1386 4501 1505 4545 non
1556 4502 1828 4562 peccare,
1860 4499 2050 4544 caecus

409 4579 521 4648 est,
556 4572 787 4635 clausos
817 4572 1045 4635 habens
1069 4573 1298 4636 oculos.
1333 4571 1444 4646 Qui
1459 4589 1596 4633 vero
1629 4576 1816 4635 Deum
1847 4571 2048 4643 habet,

416 4678 668 4740 peccare
706 4662 936 4744 nequit,
976 4667 1120 4743 quia
1150 4680 1354 4726 semen
1382 4666 1516 4741 ejus
1544 4666 1611 4726 in
1637 4680 1708 4726 eo
1740 4666 1944 4724 manet
1971 4661 2054 4735 87,

413 4748 563 4811 sicut
583 4751 841 4813 maxime
865 4751 1264 4832 theologicum
1287 4751 1433 4813 illud
1461 4752 1863 4833 apostolorum
1895 4748 2054 4810 toni-

409 4845 500 4899 tru
529 4837 790 4902 Joannes
814 4840 1086 4905 afﬁrmat.
1122 4840 1196 4904 Et
1223 4841 1364 4922 quia
1391 4841 1635 4905 Simeon
1659 4841 1847 4902 Deum
1869 4846 2054 4900 totum

406 4926 468 4987 in
499 4945 566 4990 se
597 4928 872 5002 habebat,
897 4929 1036 4991 hinc
1067 4937 1126 4992 et
1158 4929 1363 4992 vivens
1405 4930 1664 5007 dicebat,
1700 4938 1760 4991 et
1787 4935 2055 4989 mortuus

406 5033 516 5097 per
531 5015 787 5080 litteram
812 5037 1020 5081 manus
1040 5037 1161 5080 suae
1178 5019 1350 5100 quasi
1373 5039 1588 5098 magna
1611 5037 1759 5081 voce
1791 5017 2007 5079 clamat
2037 5034 2051 5080 :

404 5104 606 5168 Deum
617 5105 727 5169 tibi
737 5112 1005 5170 amicum
1016 5108 1670 5188 acquire,ethominum
1683 5107 1918 5171 auxilio
1931 5123 2056 5168 non

405 5193 628 5275 egebis.
647 5192 897 5259 Iterum:
922 5197 1111 5260 Deum
1125 5198 1388 5278 posside,
1402 5206 1458 5260 et
1471 5198 1626 5261 libro
1639 5197 1748 5261 tibi
1765 5212 1914 5277 opus
1934 5213 2054 5257 non

406 5286 548 5346 erit.
583 5283 897 5347 Laboravit
941 5284 1040 5347 hic
1091 5294 1332 5348 sanctus
1380 5290 1554 5350 Pater
1607 5294 1811 5349 noster
1856 5284 1958 5365 ita,
1989 5291 2056 5346 ut

411 5373 751 5455 complures
805 5371 913 5436 SS.
969 5373 1213 5437 Patrum
1249 5377 1630 5458 antiquorum
1660 5371 2058 5458 superaverit.

489 5543 554 5628 1:7
574 5541 802 5628 _I_Jo_ap.
834 5558 931 5628 ut,
951 5543 1014 5628 εξ.
1098 5546 1162 5598 88
1185 5544 1359 5612 Joan.
1388 5564 1468 5628 tv,
1488 5552 1626 5628 ‘10.,
1685 5544 1750 5628 3?
1775 5541 2066 5628 Ibidul}.

409 5623 477 5676 93
501 5623 654 5690 Ibid.
687 5624 788 5690 23.
871 5625 937 5677 94
956 5623 1134 5694 Joan.
1161 5643 1265 5708 xv,
1296 5629 1399 5696 19.
1448 5621 1547 5682 ὀὗ
1570 5625 1779 5692 Matth.
1816 5641 1901 5704 ιι,
1928 5621 2036 5692 28.

2134 3583 2661 3658 servatea,illeest
2682 3586 2784 3663 qui
2812 3584 3025 3664 diligit
3054 3602 3186 3647 me:
3219 3595 3274 3647 et
3305 3587 3413 3665 qui
3438 3587 3642 3669 diligit
3671 3607 3792 3671 me,

2135 3671 2469 3753 diligetura
2493 3675 2678 3736 Patre
2699 3691 2830 3736 meo
2852 3672 3028 3736 93.Et
3042 3691 3173 3754 ego,
3191 3682 3248 3736 et
3261 3673 3448 3737 Pater
3462 3676 3792 3757 perSpiri-

2135 3766 2261 3823 tum
2272 3763 2661 3836 veniemus,et
2672 3763 3046 3824 mansionem
3059 3763 3224 3839 apud
3233 3779 3369 3824 eum
3397 3763 3789 3840 faciemus93.

2138 3849 2243 3912 His
2273 3857 2333 3912 et
2360 3849 2658 3912 similibus
2687 3849 2883 3911 aiebat
2905 3849 3224 3912 Dominus:
3272 3851 3376 3913 Vos
3405 3869 3526 3914 non
3550 3856 3697 3917 estis
3720 3857 3791 3918 de

2135 3939 2244 4002 hoc
2265 3940 2491 4002 mundo
2515 3958 2536 4000 :
2559 3940 2662 4002 sed
2683 3959 2793 4018 ego
2815 3939 2972 4018 elegi
2994 3957 3098 4001 vos
3121 3941 3196 4001 de
3215 3941 3439 4002 mundo
3459 3942 3550 4002 94.
3593 3942 3793 4007 Venite

2137 4029 2217 4091 ad
2245 4048 2355 4100 me,
2383 4038 2438 4091 et
2460 4047 2570 4107 ego
2595 4030 2865 4107 reﬁciam
2885 4045 2991 4103 pos
3013 4028 3099 4089 95.
3148 4028 3260 4101 Qui
3309 4030 3471 4090 enim
3503 4030 3694 4110 aliter,
3729 4033 3792 4096 in

2137 4118 2259 4179 suis
2289 4117 2518 4178 scilicet
2541 4117 2938 4179 voluntatibus
2997 4121 3562 4200 quomodocunque,
3597 4123 3791 4185 autin

2135 4205 2490 4287 quibusdam
2546 4206 2829 4288 opinione
2887 4206 3168 4269 duntaxat
3226 4207 3400 4269 bonis
3455 4209 3784 4289 ambulant,

2134 4296 2337 4371 vitam,
2369 4314 2546 4376 quam
2578 4296 2855 4368 abscissi,
2890 4316 2958 4358 ac
2994 4297 3167 4360 divisi
3219 4317 3253 4359 a
3303 4299 3544 4375 saeculo,
3578 4309 3638 4363 et
3667 4321 3791 4365 sua:

2137 4386 2423 4448 voluntati
2434 4386 2559 4465 jam
2589 4385 2812 4446 mortui
2834 4387 3059 4458 vident,
3086 4406 3460 4469 nequaquam
3484 4390 3788 4456 videbunt.

2215 4475 2344 4538 Jam
2374 4475 2425 4536 si
2455 4493 2599 4554 ergo
2624 4474 2920 4536 humiliari
2947 4494 3015 4537 ac
3038 4476 3278 4556 subjici,
3309 4479 3500 4558 premi
3532 4480 3783 4557 ignomi-

2139 4565 2236 4627 nia
2260 4563 2436 4645 aﬂici,
2507 4563 2839 4644 villipendi,
2899 4565 3135 4645 probris
3195 4568 3502 4630 conscindi
3538 4569 3703 4645 nolo,
3735 4577 3793 4632 et

2144 4664 2419 4736 tanquam
2451 4672 2604 4714 unus
2635 4654 2708 4714 de
2733 4654 3028 4736 obscuris,
3062 4655 3508 4736 insipientibus,
3545 4665 3602 4720 et
3629 4659 3791 4739 abje-

2139 4745 2272 4819 ctis,
2300 4754 2357 4806 et
2383 4751 2580 4805 mente
2603 4743 2815 4803 emotis
2837 4762 2951 4804 non
2978 4744 3242 4806 sustineo
3270 4745 3399 4806 fieri
3421 4767 3436 4822 ;
3462 4747 3564 4808 sed
3593 4766 3789 4828 neque

2138 4836 2212 4899 ab
2227 4835 2414 4898 obviis
2425 4834 2751 4905 contemni;
2769 4835 3354 4917 etvelutarreptitius
3365 4845 3466 4898 aut
3479 4838 3790 4900 mendicus

2142 4944 2247 5007 per
2282 4927 2525 5006 plateas,
2560 4931 2617 4984 et
2645 4923 2805 4985 vicos
2835 4923 2999 4985 urbis
3031 4927 3319 5006 reputari,
3345 4925 3440 4986 dic
3462 4925 3788 5006 mihi,qua—

2141 5034 2275 5076 nam
2289 5015 2403 5076 alia
2414 5014 2641 5075 ratione
2660 5033 2762 5094 pro
2772 5015 2914 5094 priae
2936 5014 3218 5076 voluntati
3242 5013 3508 5076 moriar?
3534 5013 3597 5076 Si
3623 5017 3786 5078 enim

2139 5105 2344 5166 haecad
2360 5102 3350 5184 probationem,etexperimentum
3365 5104 3791 5183 supervenien-

2140 5194 2222 5256 tia
2251 5193 2547 5274 patienter
2575 5191 2714 5254 ferri
2737 5192 2895 5254 Deus
2915 5193 2989 5255 ab
3023 5191 3300 5254 omnibus
3332 5191 3504 5254 nobis
3538 5193 3789 5256 manda-

2137 5285 2251 5346 vit:
2286 5282 2405 5343 imo
2430 5281 2758 5363 enimvero,
2785 5281 2836 5344 si
2867 5301 2985 5342 non
3017 5282 3092 5344 ad
3133 5280 3569 5362 probationem,
3603 5291 3662 5344 et
3692 5302 3790 5345 ex-

2140 5370 2675 5452 perimentum,sed
2688 5371 2764 5432 ad
2784 5369 3193 5451 purgationem
3205 5369 3544 5432 animorum
3559 5377 3791 5435 nostro-

2148 5541 2213 5595 90
2233 5539 2369 5606 Cor.
2398 5539 2592 5622 11,12.
2677 5539 2732 5591 9'
2756 5541 2965 5605 Matth.
2989 5553 3050 5623 v,
3073 5540 3176 5604 l7.
3257 5535 3511 5606 931mm.
3532 5555 3661 5624 11v,
3679 5537 3793 5650 3131
