4068 6112
387 247 507 316 359
1683 249 1992 317 SYMEON
1993 250 2066 314 IS
2102 248 2454 318 IUNIORIS
3649 253 3769 320 360

387 384 748 448 mendisum.
769 381 916 456 Quia
928 380 1084 443 Deus
1097 381 1479 462 omnipotens
1495 383 1859 445 nescientem
1872 384 2100 449 seni-A
2121 384 2277 466 quod
2302 384 2796 448 sanctiﬁcatorum
2833 401 3152 449 commune
3181 385 3469 449 indicium
3499 394 3590 450 est
3617 409 3631 452 :
3669 396 3769 450 aut

386 476 471 537 hil
494 493 647 549 esse,
666 472 934 553 quamvis
950 475 1174 532 salvare
1186 470 1577 545 velit,salvare
1592 481 1784 533 tamen
1804 493 1920 534 non
1937 494 2038 555 po-
2120 474 2411 536 contritus
2433 483 2491 536 et
2514 474 2883 558 humiliatus,
2908 477 3065 557 quod
3088 475 3514 539 misericordia;
3536 477 3768 558 adepta;

332 604 345 616 -
387 559 1581 642 test.Etiatusiquismundumuniversum
1623 565 1739 624 Deo
1772 562 2031 624 donave-
2116 572 2526 643 argumentum
2577 563 2852 627 habetur.
2918 565 3155 627 Etenim
3213 566 3405 641 ﬁdelis
3462 566 3682 647 omnis,
3714 565 3766 628 si

383 650 799 735 rit,quodﬁeri
819 650 1042 731 nequit,
1074 667 1183 710 nec
1206 655 1399 709 tamen
1419 647 1531 709 sibi
1553 651 1932 729 persuaserit,
1969 670 2033 714 se
2115 652 2257 731 quid
2290 660 2533 732 propter
2580 653 2879 715 Christum
2928 654 3160 737 fecerit,
3223 673 3325 716 cor
3355 656 3672 717 contritum
3707 662 3766 717 et

381 744 531 806 nihil
562 760 716 818 esse,
767 739 979 801 salvari
1030 755 1330 818 nunquam
1392 738 1628 818 poterit.
1666 739 1858 813 Quam
1890 759 2029 820 ergo
2113 740 2487 803 humiliatum
2520 740 2779 803 vicissim
2812 741 3047 823 recipit,
3111 743 3402 824 divinum,
3434 752 3494 808 et
3522 744 3758 806 incom-

378 833 547 896 dabit
570 831 745 893 homo
760 829 1293 891 commutationem
1305 844 1416 906 pro
1441 832 1649 889 anima
1669 827 1894 889 sua”?
1912 849 2027 891 non
2114 828 2379 909 parabile
2409 829 2656 911 donum,
2714 829 3156 909 miraculorum,
3208 832 3508 912 signorum
3543 843 3601 895 et
3631 852 3764 914 pro-

379 941 523 985 sane
551 919 748 1001 ipsum
779 916 935 979 scire
964 914 1126 995 quod
1162 914 1306 974 nihil
1335 914 1411 975 sit
1443 932 1455 976 :
1519 915 1619 976 sed
1676 916 1736 977 in
1768 936 1838 978 eo
1869 919 2024 998 quod

379 1011 639 1092 seipsum
664 1006 810 1068 nihil
847 1023 978 1067 esse
1001 1004 1135 1083 scit,
1164 1002 1412 1065 fortasse
1430 1002 1817 1087 agnitionem,
1847 1016 1905 1068 et
1925 1027 2029 1087 per

377 1099 739 1181 agnitionem
774 1095 1124 1176 prudentem
1161 1111 1265 1153 cor
1295 1092 1615 1154 contritum
1662 1102 1721 1155 et
1750 1095 2028 1158 humilia-

379 1200 525 1269 tum,
561 1184 718 1268 quod
780 1184 973 1244 solum
1032 1181 1336 1261 proprium
1399 1190 1489 1243 est
1546 1182 1628 1261 pii
1656 1183 1770 1245 viri
1806 1186 2029 1247 sacriﬁ-

376 1280 562 1352 cium,
601 1273 673 1337 ab
706 1273 834 1355 ipso
877 1288 1138 1353 purpura
1167 1270 1372 1331 vestito
1407 1289 1595 1351 usque
1620 1275 1692 1334 ad
1737 1292 1895 1349 eum,
1929 1281 2037 1357 qui

376 1387 484 1451 per
515 1366 737 1447 plateas
767 1360 979 1441 stipem
1008 1359 1430 1451 cogituzuquod
1463 1360 1673 1451 solum
1726 1364 1885 1426 Deus
1914 1384 2033 1426 non

377 1447 690 1537 despiciet,
746 1451 844 1533 qui
906 1449 1066 1510 novit
1116 1448 1265 1510 nihil
1323 1447 1483 1537 aliud
1537 1451 1842 1532 proprium
1895 1472 2034 1535 sup-

376 1536 645 1629 peditare
691 1537 944 1615 homini,
1006 1540 1165 1618 quod
1218 1539 1273 1601 ei
1335 1536 1656 1629 sacriﬁcet.
1718 1541 1912 1605 Testis
1944 1563 2037 1629 est

376 1628 558 1699 David
586 1654 600 1694 :
645 1629 1350 1724 anniam_si_voluiss_es
1390 1628 1785 1724 sair‘iﬁcium,
1812 1632 2029 1724 inquit,

2110 918 2403 997 digiorum
2438 918 2625 981 basim
2659 937 2727 981 ac
2759 919 3242 995 fundamentum,
3289 921 3625 983 animarum
3655 940 3756 983 re-

2110 1007 2565 1084 surrectionem,
2592 1007 3095 1090 redemptionem,
3121 1017 3364 1090 propter
3384 1029 3561 1090 quam
3591 1010 3758 1072 dedit

2111 1097 2271 1159 Deus
2290 1095 2504 1158 Filium
2527 1116 2699 1158 suum
2726 1116 2740 1157 :
2775 1097 2843 1159 Ut
2863 1100 3077 1160 omnis
3108 1101 3225 1179 qui
3244 1101 3447 1162 credit
3476 1108 3550 1161 in
3576 1118 3749 1182 eum,

2111 1203 2247 1247 non
2254 1195 2501 1267 pereat,
2516 1187 2625 1248 sed
2640 1186 2875 1248 habeat
2898 1190 3107 1249 vitam
3134 1196 3450 1252 aeternam
3481 1190 3557 1248 15.
3590 1188 3664 1250 Et
3691 1196 3753 1250 ut

2113 1274 2317 1337 vivens
2326 1277 2888 1355 eognoscatsolum
2897 1295 3128 1339 verum
3144 1278 3432 1359 Deum,et
3444 1297 3629 1359 quem
3642 1280 3753 1340 mi-

2113 1364 2198 1427 sit
2210 1364 2759 1427 JesumChristuim
2785 1364 2863 1427 16.
2890 1365 3157 1446 Cognitio
3170 1366 3326 1428 enim
3343 1367 3552 1429 divinae
3564 1367 3751 1448 pieta-

2113 1452 2212 1526 tis,
2240 1452 2503 1514 habitum
2536 1453 3223 1533 humilitatisingenerat,
3250 1454 3550 1517 humilitas
3573 1454 3749 1517 habi-

2113 1549 2236 1604 tum
2256 1543 2982 1626 mansuetudinis;quiduo
2999 1544 3306 1606 habitusad
3328 1544 3513 1608 Deum
3530 1545 3751 1606 faciunt

2111 1632 2608 1714 appropinquare.
2630 1634 2882 1714 Semper
2902 1635 3057 1694 enim
3099 1633 3192 1695 hae
3215 1632 3347 1694 duae
3371 1633 3613 1695 virtutes
3633 1632 3746 1694 sibi

373 1726 671 1791 dedissem
683 1722 926 1814 utiquet
952 1716 1891 1814 holocaustisnongdeteclqberis.
1913 1716 2033 1786 Sa;
2051 1724 2404 1814 BcOpulatai
2427 1731 2585 1814 sunt,
2618 1730 2677 1785 et
2701 1721 3045 1814 religiosum
3067 1741 3206 1803 erga
3235 1725 3420 1786 Deum
3452 1742 3563 1814 ceu
3592 1722 3745 1814 insi-

371 1815 670 1894 criﬁcium
688 1812 817 1870 Deo
833 1807 1085 1886 spiritus
1104 1805 1545 1869 contribulatus
1559 1807 1634 1869 15.
1670 1807 1861 1872 Corde
1886 1831 2023 1875 con-
2051 1805 2096 1814 ”
2110 1830 2223 1891 gne
2253 1812 2550 1893 quoddam
2571 1820 2633 1875 et
2651 1819 2789 1873 nota
2804 1811 3069 1873 indicant
3088 1831 3310 1892 proque
3336 1812 3739 1892 magnitudine

373 1906 508 1966 trito
570 1910 628 1964 et
685 1896 992 1960 humiliato
1054 1896 1163 1955 hoc
1240 1895 1596 1957 sacrificium
1657 1901 2016 1965 continetur.
2103 1919 2211 1963 sua
2237 1901 2310 1963 ad
2338 1902 2527 1963 Deum
2557 1901 2882 1963 accessisse
2912 1900 3319 1962 demonstrant
3350 1918 3363 1963 :
3399 1900 3647 1982 perinde
3677 1912 3740 1961 ut

370 1993 586 2072 Reges,
611 1988 889 2069 dynastaa,
915 1984 1167 2059 nobiles,
1185 1984 1508 2066 sapientes,
1532 1987 2008 2068 rustici,divites,
2097 2010 2231 2071 quae
2261 1990 2578 2052 humilitati
2612 2000 2672 2054 et
2693 1989 3132 2052 mansuetudini
3162 1990 3551 2051 adversantur
3576 1988 3736 2070 vitia,

371 2098 687 2163 pauperes.
750 2074 1037 2156 mendici,
1113 2074 1394 2150 latrones,
1469 2076 1650 2151 avari,
1713 2078 2009 2159 injuriosi,
2096 2098 2312 2160 nempe
2341 2080 2642 2161 superbia,
2698 2088 2757 2142 et
2805 2079 3135 2152 iracundia,
3196 2087 3480 2159 quantum
3539 2078 3611 2139 ab
3663 2096 3732 2139 eo

366 2171 563 2251 legum
599 2169 934 2240 violatores,
971 2163 1278 2244 impudici,
1314 2163 1649 2242 homicidae,
1669 2167 1888 2248 quique
1904 2189 2011 2250 per
2093 2169 2390 2250 quispiam
2419 2168 2597 2230 distet
2621 2168 2958 2244 ostendunt,
2981 2166 3067 2230 Ob
3094 2168 3148 2229 id
3176 2167 3459 2228 Dominus
3480 2186 3547 2228 ac
3574 2166 3733 2228 Deus

364 2278 542 2322 omne
573 2274 758 2338 genus
789 2255 1080 2316 scelerum
1111 2252 1362 2325 iverunt,
1408 2273 1701 2316 mensurae
1732 2267 2008 2334 peccato-
2094 2266 2296 2320 noster
2313 2256 2487 2319 Jesus
2509 2257 2776 2321 Christus
2796 2256 3117 2319 altissimus
3136 2256 3522 2338 semetipsum
3545 2274 3732 2337 usque

364 2367 495 2410 rum
523 2363 801 2408 remensa
856 2344 1031 2423 hujus
1090 2342 1424 2421 praestantia
1486 2344 1763 2406 sacriﬁcii
1809 2347 2011 2409 salvati
2090 2346 2165 2409 ad
2196 2359 2444 2410 mortem
2502 2347 2853 2428 humiliavit,
2915 2354 2972 2409 et
3027 2355 3277 2408 mortem
3336 2346 3531 2409 crucis
3558 2346 3637 2423 17,
3670 2352 3733 2408 ut

365 2446 527 2512 sunt,
561 2444 617 2497 et
646 2435 1047 2496 salvabuntur.
1076 2431 1199 2492 Imo
1233 2433 1421 2493 sancti
1451 2453 1706 2513 quisque,
1751 2442 1808 2499 et
1831 2437 2000 2516 justi,
2087 2437 2400 2499 credentes
2426 2436 2488 2498 in
2519 2438 2737 2517 ipsum,
2773 2445 2832 2498 et
2886 2434 3180 2515 baptismo
3210 2435 3452 2517 initiati,
3485 2436 3730 2498 edentes

365 2534 426 2588 et
458 2525 677 2587 mundo
709 2522 890 2583 corde
923 2540 1028 2600 per
1056 2521 1168 2582 hoc
1196 2540 1379 2582 unum
1414 2522 1768 2585 sacriﬁcium
1802 2525 2004 2588 salutis

360 2615 509 2676 ﬁunt
538 2619 861 2694 compotes.
896 2610 1297 2690 Eleemosynae
1328 2619 1636 2691 praeterea,
1662 2612 1833 2684 ﬁdes.
1866 2615 2004 2695 fuga

364 2704 565 2767 seaculi
596 2711 656 2765 et
684 2702 880 2782 ipsum
914 2698 1058 2761 illud
1118 2718 1395 2778 magnum
1428 2710 1755 2777 certamen,
1789 2713 2004 2785 marty-

2086 2526 2216 2606 ejus
2233 2545 2467 2607 corpus,
2494 2534 2552 2587 et
2573 2525 2847 2587 bibentes
2871 2525 3000 2605 ejus
3024 2527 3371 2605 sanguinem
3401 2525 3484 2607 (in
3515 2525 3727 2607 quibus

2086 2632 2291 2676 eorum
2317 2613 2683 2694 incorruptio
2713 2622 2772 2676 et
2800 2614 2930 2691 vita)
2978 2615 3132 2675 hanc
3157 2634 3391 2695 quoque
3421 2615 3726 2677 humilita-

2086 2710 2205 2765 tem
2240 2703 2512 2765 habeant.
2549 2702 2690 2764 Tria
2718 2703 2878 2765 enim
2912 2703 3038 2764 hac
3094 2702 3496 2779 immaculata,
3529 2712 3587 2764 et
3611 2724 3723 2784 po-

355 2792 537 2869 rium,
570 2791 678 2853 sub
710 2790 911 2852 cinere
942 2806 1265 2869 prunarum
1295 2788 1571 2852 sacriﬁcii
1601 2790 1779 2872 hujus
1807 2792 2000 2855 lucem
2091 2801 2220 2855 tens
2249 2794 2386 2857 Jesu
2417 2791 2636 2855 Christi
2664 2791 3004 2854 communio
3055 2800 3356 2872 operatur,
3390 2793 3584 2868 vitam,
3618 2792 3717 2852 in-

356 2883 522 2946 dant.
544 2880 615 2943 Et
645 2881 757 2942 hoc
781 2887 869 2941 est
893 2876 1253 2940 sacriﬁcium
1284 2876 1506 2957 absque
1538 2888 1803 2961 peccato,
1838 2881 1993 2960 quod
2078 2881 2547 2963 corruptionem,
2582 2879 2996 2944 humilitatem.
3056 2881 3214 2956 Vita,
3267 2889 3324 2943 et
3350 2880 3712 2962 incorruptio

353 2972 677 3053 benignum
707 2969 895 3062 Deum
927 2968 1127 3062 vincit.
1189 2966 1393 3062 _Solum
1449 2968 1604 3030 istud
1631 2969 1986 3062 sacriﬁcium
2011 2998 2056 3062 ρ
2078 2978 2322 3052 propter
2349 2969 2766 3040 humilitatem,
2801 2969 3104 3031 humilitas
3158 2988 3234 3062 ex_
3280 2968 3389 3030 vita
3425 2979 3483 3030 et
3510 2969 3715 3031 incor-

354 3068 608 3141 poseunt
663 3057 878 3132 morbi,
940 3056 1380 3130 tribulationes,
1440 3058 1744 3137 angustiae,
1776 3056 2354 3141 delicta'ruptione
2410 3059 2618 3121 eadem
2679 3059 2980 3120 humilitas
3033 3065 3090 3120 et
3149 3057 3356 3137 prima,
3410 3066 3468 3120 et
3512 3059 3711 3122 tertia.

347 3149 580 3224 animae,
615 3149 856 3209 atfectus
888 3146 1176 3232 corporis,
1229 3154 1296 3208 ut
1349 3146 1483 3227 quis
1537 3165 1607 3208 eo
1639 3146 1825 3210 Deum
1857 3148 1988 3229 pie-
2072 3149 2273 3211 Prima
2300 3148 2568 3230 quidem,
2598 3155 2663 3209 ut
2691 3148 2940 3210 duarum
2968 3148 3232 3227 oetasio:
3270 3147 3460 3230 tertia,
3493 3156 3559 3209 ut
3586 3168 3721 3229 quae

348 3241 520 3301 colat.
554 3237 720 3310 Quod
777 3234 880 3317 qui
936 3235 1229 3312 habuerit,
1291 3234 1520 3297 etiamsi
1558 3235 1763 3298 subter
1790 3237 1992 3300 omnia
2073 3239 2180 3301 bas
2206 3238 2680 3319 comprehendit.
2712 3235 2905 3308 Quare
2937 3237 2990 3300 si
3018 3235 3152 3318 quis
3181 3236 3562 3315 christianus,
3596 3258 3720 3301 non

346 3327 545 3406 fuerit,
579 3336 779 3389 tamen
810 3324 1084 3388 alicunde
1135 3324 1349 3386 cadere
1399 3343 1517 3385 non
1548 3326 1785 3405 poterit.
1820 3326 1993 3389 Nulla
2080 3328 2238 3392 velut
2265 3327 2504 3390 insitam
2533 3335 2592 3389 et
2645 3327 2905 3389 innatam
2965 3326 3166 3401 habet,
3203 3344 3383 3407 quam
3415 3346 3450 3389 a
3481 3328 3718 3392 Christo

348 3417 570 3499 quippe
599 3415 712 3480 alia
740 3417 812 3478 de
843 3434 1021 3478 causa
1050 3414 1207 3475 Deus
1263 3413 1322 3474 in
1356 3422 1542 3476 terras
1582 3416 1911 3494 descendit,
1945 3436 2005 3496 et
2080 3417 2310 3499 accepit
2336 3415 2753 3491 humilitatem,
2787 3414 2936 3477 nihil
2965 3414 3125 3477 aliud
3176 3433 3212 3476 a
3257 3414 3491 3478 Christo
3514 3416 3713 3499 habet,

343 3508 729 3587 semetipsum
780 3503 1109 3568 humiliavit
1165 3522 1353 3585 usque
1412 3505 1482 3566 ad
1543 3513 1817 3581 mortem,
1878 3506 1997 3577 nisi
2079 3527 2275 3591 neque
2305 3507 2570 3573 Christus
2597 3505 2684 3568 illi
2716 3504 3015 3587 proderit:
3056 3505 3271 3567 etenim
3297 3505 3428 3567 talis
3456 3506 3635 3568 homo
3657 3514 3718 3569 et

339 3606 405 3659 ut
431 3597 494 3659 in
523 3616 587 3659 se
616 3595 999 3659 credentibus
1042 3612 1145 3656 cor
1174 3592 1490 3655 contritum
1526 3603 1582 3657 et
1611 3595 1986 3659 humiliatum
2075 3600 2186 3661 Dei
2218 3606 2276 3660 et
2306 3598 2524 3659 suimet
2564 3596 2894 3676 ignorantia
2943 3594 3192 3657 laborat.
3226 3596 3373 3657 Nam
3404 3595 3452 3657 si
3482 3615 3708 3677 cogno-

338 3695 592 3751 crearet.
2066 3692 2246 3749 visset
2272 3706 2337 3749 se
2366 3686 2591 3767 absque
2639 3685 2871 3749 Christo
2918 3684 3067 3745 nihil
3124 3684 3267 3749 boni
3293 3702 3573 3765 unquam,
3607 3693 3707 3747 aut

418 3805 571 3869 Sunt
600 3825 740 3886 ergo
782 3805 900 3868 duo
946 3803 1262 3880 sacriﬁcia,
1324 3823 1456 3884 quae
1501 3772 1659 3867 Deus
1715 3813 1772 3867 et
1801 3777 1977 3870 Pater

331 3895 567 3958 Domini
597 3895 787 3965 nostri
812 3895 954 3959 Jesu
986 3893 1204 3957 Christi
1238 3894 1506 3975 suscipit,
1541 3903 1600 3956 et
1630 3897 1969 3977 cujuslibet,

2060 3779 2321 3840 salutare
2352 3777 2592 3839 efﬁcere
2613 3794 2809 3857 posse,
2837 3782 2897 3837 et
2915 3794 2979 3836 se
3003 3774 3394 3849 humiliasset,
3414 3782 3471 3835 et
3488 3774 3704 3837 Christi

2056 3867 2422 3929 humiliatem
2454 3866 2625 3946 plane
2655 3864 2974 3945 induisset,
3006 3872 3070 3924 ut
3100 3863 3359 3943 regalem
3380 3863 3699 3942 diploidem

331 3992 508 4066 atque
537 3985 685 4048 adeo
719 3986 895 4048 totius
951 3982 1161 4045 mundi
1215 3982 1560 4048 miseretur.
1594 3983 1810 4066 Unum,
1846 3986 1974 4066 ipse

329 4074 618 4137 Dominus
641 4083 697 4137 et
727 4081 928 4136 noster
954 4073 984 4136 J
993 4092 1129 4136 esus
1159 4072 1445 4141 Christus.
1481 4072 1759 4155 idemque
1792 4074 1974 4136 Filius

328 4163 460 4241 Dei,
491 4172 556 4226 ut
584 4164 742 4226 Deus
768 4165 1147 4226 incarnatus:
1199 4162 1473 4235 alterum,
1507 4161 1973 4244 uniuscujusque

329 4272 432 4314 cor
463 4253 780 4315 contritum
813 4261 871 4314 et
920 4251 1319 4314 humiliatum.
1379 4251 1465 4313 De
1494 4260 1728 4327 caetero,
1764 4252 1812 4312 si
1841 4253 1974 4333 quis

2055 3957 2115 4018 in
2147 3976 2261 4038 qua
2289 3954 2602 4017 christiani
2636 3972 2804 4034 reges
2863 3960 3022 4028 sunt,
3084 3970 3191 4033 per
3219 3952 3405 4033 ipsam
3434 3960 3492 4013 et
3516 3952 3700 4014 animi

2056 4043 2626 4127 perturbationibus,
2662 4052 2720 4105 et
2748 4041 3119 4104 daemonibus
3166 4041 3552 4121 imperantes.
3585 4040 3700 4104 Pro

2057 4137 2234 4196 modo
2267 4133 2426 4195 enim
2458 4133 2712 4196 sincerae
2768 4130 3138 4203 humilitatis,
3196 4129 3257 4189 in
3311 4128 3490 4192 corde
3521 4130 3700 4194 etiam

2057 4223 2269 4284 modus
2301 4222 2529 4302 salutis,
2562 4220 2698 4302 quia
2724 4228 2911 4282 mater
2940 4218 3317 4298 humilitatis,
3353 4237 3523 4281 mens
3554 4219 3698 4282 illu—

329 4360 536 4404 omnes
565 4342 875 4404 facultates
905 4360 1039 4403 suas
1071 4340 1443 4403 distribuerit
1472 4340 1533 4401 in
1564 4307 1879 4421 pauperes:
1912 4310 2522 4421 ειΠἮίΨδίίζΟξξῙῗξί
2551 4309 3139 4421 δξίξζ-ΡΪῩΕῘῘῨῘῙῙ

324 4430 375 4492 si
406 4430 543 4511 quis
564 4431 944 4511 jejunaverit,
1009 4430 1356 4510 vigilaverit,
1418 4437 1477 4491 et
1532 4430 1583 4491 si
1614 4431 1746 4511 quis
1775 4432 1964 4494 Deum

2050 4400 2249 4462 divino
2280 4399 2507 4461 lumine
2542 4400 2703 4460 clare
2737 4397 3139 4479 perspiciens;
3194 4397 3694 4476 quemadmodum

324 4484 543 4584 ass;
563 4484 1587 4601 ξιῖειῑιῖάῑέξίπέεῖβῑέῖξιξξαξένίξ
1617 4484 1966 4583 πιςέῑιξιῑέξ
2051 4508 2264 4601 parens
2292 4487 2605 4601 sipeiiiie.
2639 4488 2700 4549 in
2755 4484 3019 4548 tenebris
3074 4484 3336 4548 siuiiiiii
3368 4504 3536 4548 mens
3564 4503 3693 4547 sese

323 4629 428 4673 cor
484 4609 829 4691 contritum,
891 4619 948 4672 et
1032 4607 1408 4670 humiliatum
1466 4606 1644 4669 fuerit
1699 4616 1962 4671 creatum

319 4701 607 4780 quoniam
636 4716 808 4762 omne
853 4698 1081 4761 donum
1130 4695 1458 4778 perfectum
1512 4697 1823 4761 desursum
1851 4705 1958 4774 est,

317 4790 673 4853 descendens
693 4806 729 4850 a
759 4789 944 4850 Patre
964 4787 1269 4849 luminum
1291 4786 1370 4862 14,
1405 4785 1536 4847 talis
1559 4785 1797 4847 inanem
1820 4806 1963 4868 ope-

2048 4578 2482 4658 contemplans.

2647 4680 2934 4747 ORATIO
2984 4681 3083 4744 IX.

2652 4777 3078 4841 ARGUMENTUM.

315 4898 440 4942 ram
472 4879 672 4942 sumit.
707 4876 812 4940 Illa
840 4876 1088 4953 idcirco,
1144 4884 1202 4939 et
1248 4875 1383 4966 sola
1401 4875 1492 4936 via
1520 4875 1840 4956 quaerenda
1868 4885 1957 4939 est

2096 4893 2193 4953 uis
2219 4891 2305 4951 sit
2334 4888 2529 4964 ἄνομος
2553 4886 2759 4966 exlex,
2791 4893 2850 4947 et
2877 4886 3025 4965 quis
3058 4884 3389 4966 mpztvopo;
3411 4884 3689 4946 violator

316 4987 422 5050 per
453 4988 630 5051 quam
690 4966 1009 5029 contritum
1069 4974 1125 5029 et
1176 4963 1553 5026 humiliatum
1605 4972 1858 5041 creetur,
1893 4974 1957 5028 et

315 5071 611 5122 nascatur.
643 5056 707 5118 In
736 5076 854 5139 quo
896 5055 1057 5118 enim
1113 5071 1215 5115 cor
1270 5052 1605 5114 istiusmodi
1633 5052 1952 5129 creabitur,

311 5165 493 5229 super
532 5155 752 5210 terram
780 5154 844 5207 ut
897 5143 960 5206 in
1017 5161 1202 5222 regno
1263 5140 1551 5204 ctelorum
1579 5141 1903 5203 ambulavit
1936 5163 1953 5220 ;

308 5237 602 5318 siquidem
634 5247 696 5299 et
723 5254 858 5299 cum
891 5233 966 5296 ad
1012 5233 1289 5294 ultimum
1344 5230 1622 5312 spiritum
1657 5230 1955 5294 edendum

307 5326 488 5391 homo
515 5325 767 5401 venerit,
796 5331 897 5387 aut
915 5322 1205 5404 gaudens,
1233 5331 1293 5384 et
1316 5319 1618 5387 exsultans
1634 5319 1953 5400 invenitur,

389 5485 444 5533 η
468 5487 680 5553 Matth.
708 5502 833 5569 xvt,
863 5485 966 5550 26.
1050 5484 1110 5536 i3
1134 5482 1294 5547 Psal.
1324 5500 1387 5560 ι,
1419 5481 1520 5549 48.
1605 5480 1801 5549 “Jac.
1820 5482 1985 5561 1,47.

300 5568 339 5636 7
368 5585 539 5655 seqq.

2121 4972 2296 5050 legis.
2321 4968 2485 5044 Quis
2501 4964 2823 5048 peccatur,
2839 4964 3055 5050 etquis
3069 4964 3687 5050 impius,_Christum

2115 5045 2374 5132 propter
2394 5045 2781 5129 impietates,
2823 5055 2879 5108 et
2902 5046 3144 5107 scelera
3176 5045 3526 5132 [agminum
3554 5064 3685 5132 esse

2114 5125 2577 5206 imitatum—ut
2613 5125 2836 5189 omnes
2872 5132 3164 5187 sanaret.
3230 5125 3518 5187 Tantum
3546 5127 3683 5187 dici

2118 5211 2546 5290 Christianos,
2580 5210 2793 5270 venire
2820 5206 2901 5268 ab
2942 5209 3079 5286 ipso
3101 5223 3351 5285 genere.

2116 5316 2327 5395 Exlex,
2356 5316 2608 5382 violator
2635 5313 2805 5394 legis,
2829 5321 3128 5395 peccator,
3157 5312 3398 5394 impius,
3434 5321 3679 5401 peccat-

2069 5476 2312 5544 45Joan.
2337 5477 2546 5563 111,16.
2630 5474 2689 5525 ίο
2707 5473 2883 5541 Joan.
2901 5490 3050 5552 xvn,
3075 5473 3137 5539 3.
3223 5472 3280 5522 ‘7
3300 5471 3564 5556 Philipp.
3586 5480 3704 5551 llt,‘
