4068 6112
275 308 383 375 361

1770 290 2053 382 ORATIO
2094 298 2171 380 Χ.

3541 290 3675 383 ,3,

277 461 376 505 res
407 456 544 507 sunt
576 450 994 527 communiter,
1028 447 1435 531 unusquisque
1481 455 1677 509 autem
1706 447 1919 509 horum
1942 458 1985 505 A
2007 467 2385 529 cognoscere.
2421 446 2651 511 Deinde
2681 468 2818 512 cum
2852 446 3140 527 Joannem
3199 450 3525 533 Baptistam
3560 449 3661 513 di-

282 534 563 612 quiddam
629 539 930 617 peculiare
988 539 1186 601 habet.
1242 538 1446 612 Exlex,
1492 537 1591 617 qui
1640 555 1707 597 ex
1760 548 1927 597 extra

282 622 485 700 leges;
550 626 795 688 violator
849 630 1015 709 legis,
1063 629 1165 709 qui
1223 640 1438 708 printer
1496 627 1676 705 leges,
1713 625 1927 705 quibus

283 713 616 793 subjicitur.
642 716 775 776 facit
800 739 814 793 ;
835 728 1128 799 peccator,
1158 717 1255 798 qui
1284 714 1923 795 frustrationequadam

286 820 403 860 nou
436 802 587 864 bene
646 816 814 883 agit;
875 806 1117 884 impius,
1178 805 1279 885 qui
1335 805 1395 864 in
1455 807 1640 865 Deum
1695 811 1921 883 peccat,

288 900 484 969 utpote
512 894 610 971 qui
662 904 762 955 aut
815 897 1038 956 nullum
1090 895 1299 966 Deum,
1361 901 1457 954 aut
1518 892 1730 953 multos
1761 893 1919 952 colit.

289 979 541 1043 Voca-ur
572 1003 716 1063 poro
749 986 987 1046 nomine
1048 984 1213 1064 impii
1274 983 1330 1043 in
1393 991 1590 1043 saneta
1622 981 1927 1059 Scriptura

280 1070 454 1137 etiam
493 1082 785 1151 peccator,
823 1082 881 1135 et
911 1075 1158 1145 adulter,
1196 1082 1251 1133 et
1310 1091 1537 1145 avarus,
1575 1078 1632 1130 et
1663 1070 1924 1149 pecuniae

279 1160 551 1239 cupidus,
592 1172 645 1221 et
675 1162 867 1224 inanis
926 1165 1121 1241 gloria)
1176 1173 1459 1243 captator,
1496 1174 1545 1221 et
1586 1160 1683 1239 qui
1711 1160 1921 1239 hujus-

280 1250 510 1309 cemodi
539 1252 694 1311 vitiis
709 1272 772 1312 se
796 1252 1175 1313 dediderunt.
1209 1253 1317 1324 Qui
1338 1271 1467 1313 eum
1485 1250 1693 1322 sciant,
1714 1249 1921 1321 Deum,

277 1341 376 1418 qui
410 1341 578 1400 ﬁnxit
609 1344 867 1415 oculum,
916 1345 1113 1404 omnia
1146 1344 1507 1424 perspieere,
1543 1341 1715 1401 vitam
1748 1340 1922 1401 insti-

2008 546 2240 600 centem
2275 539 2481 600 audis:
2528 540 2681 601 Ecce
2716 540 2907 620 agnus
2937 540 3071 619 Dei,
3112 546 3217 620 qui
3241 541 3399 602 tollit
3416 544 3657 620 peccata

2008 630 2227 689 mureti
2249 628 2352 703 21⁵,
2384 629 2458 689 de
2490 647 2605 709 quo
2638 636 2773 691 ante
2832 628 3017 691 multa
3073 629 3289 691 saecula
3332 629 3658 691 vaticinans

2008 715 2187 777 Isaias
2206 717 2282 798 99,
2334 738 2501 779 ovem
2556 727 2614 780 et
2651 737 2864 797 agnum
2899 719 3000 799 qui
3031 719 3350 780 duceretur
3379 718 3452 780 ad
3481 717 3656 779 victi-

2012 823 2189 880 mam,
2214 806 2551 886 appellavit,
2581 807 2744 868 disce
2764 815 3007 888 propter
3027 816 3333 888 peccetum
3357 824 3658 869 essenior-

2011 900 2173 953 tuum
2213 915 2227 975 ;
2262 902 2323 954 ut
2353 894 2451 974 qui
2485 895 2643 957 hunc
2675 904 2863 957 morte
2909 897 3208 970 affectum,
3262 904 3324 969 et
3353 894 3449 958 die
3478 895 3655 958 tertio

2008 983 2331 1043 redivivum
2384 984 2773 1064 recepissent,
2828 1004 2935 1066 per
2964 1004 3089 1046 eam
3123 986 3376 1068 amplius
3407 1003 3656 1067 peccare

2009 1090 2125 1131 non
2155 1090 2431 1151 possent;
2459 1092 2592 1134 nam
2624 1087 3085 1153 peccanteseum
3118 1095 3235 1136 non
3268 1082 3647 1158 receperunt,

2009 1162 2272 1239 quamvis
2303 1162 2383 1224 ita
2414 1162 2529 1223 sibi
2563 1163 2981 1243 persuadeant.
3040 1162 3271 1225 Etenim
3305 1163 3355 1225 si
3384 1164 3652 1244 recepis-

2008 1257 2157 1322 sent,
2195 1249 2459 1311 dedisset
2487 1250 2575 1311 eis
2634 1259 2981 1331 potestatem
3036 1254 3190 1315 ﬁlios
3221 1254 3327 1316 Dei
3356 1252 3513 1321 ﬁeri,
3551 1252 3655 1334 qui

2007 1356 2252 1416 peccare
2282 1348 2585 1419 nequeunt
2619 1359 2632 1399 :
2669 1342 2907 1421 quando
2939 1342 3224 1424 scriptum
3256 1350 3348 1403 est
3382 1363 3396 1406 :
3432 1341 3654 1405 Omnis

278 1438 473 1509 tuunt,
510 1448 576 1489 ac
610 1431 657 1491 si
692 1434 844 1491 Deus
878 1451 994 1492 non
1043 1434 1259 1494 videat.
1323 1431 1463 1491 Nam
1498 1431 1546 1490 si
1580 1430 1785 1499 Deum,
1822 1428 1923 1509 qui
2004 1429 2343 1507 quipeccat,
2360 1448 2481 1490 non
2498 1429 2669 1505 vidit,
2696 1448 2798 1492 nec
2815 1434 3237 1512 cognoviteum
3266 1431 3350 1495 25.
3382 1430 3494 1493 Et:
3530 1430 3653 1508 Qui

272 1518 498 1599 ubique
521 1540 783 1599 ρπτίεεθηδ
815 1531 923 1597 est,
947 1531 1005 1585 et
1024 1522 1287 1583 intuetur
1318 1522 1533 1583 omnia.
1568 1536 1920 1579 Va‘nel‘dt‘en-
2001 1519 2568 1597 ﬁzciiz'niquitntem,
2591 1537 2671 1580 ea:
2688 1519 2927 1583 diabolo
2951 1522 3132 1586 est”.
3165 1524 3269 1585 Et:
3294 1522 3367 1585 In
3395 1524 3500 1584 hoc
3521 1538 3654 1584 ma-

272 1616 388 1681 tur,
416 1608 572 1669 haud
598 1629 729 1670 eum
752 1612 917 1691 quasi
949 1631 1062 1672 non
1095 1612 1421 1671 intuentem
1445 1615 1894 1670 contemnerent
2004 1606 2507 1686 nifestisuntﬁlii
2531 1607 2664 1678 Dei,
2689 1614 2747 1670 et
2766 1607 2884 1688 ﬁlii
2923 1610 3149 1674 diaboli
3165 1612 3246 1672 95.
3278 1610 3352 1672 Et
3382 1631 3396 1671 :
3434 1608 3654 1673 Omnis

271 1696 381 1768 Qui
416 1699 579 1758 enim
612 1701 801 1779 magis
825 1701 1126 1761 hominum
1161 1701 1405 1779 gloriam
1439 1699 1709 1772 diligunt,
1745 1716 1915 1777 quam
1942 1727 1979 1773 ιι
2003 1696 2110 1770 qui
2131 1712 2247 1755 non
2269 1695 2770 1775 fueitjuslitiam,
2800 1716 2924 1760 non
2945 1707 3032 1761 est
3060 1718 3138 1764 ea:
3160 1700 3286 1764 Deo
3307 1700 3386 1763 96.
3414 1698 3577 1773 Quod
3598 1698 3651 1760 si

269 1786 379 1848 Dei
403 1788 655 1867 etquiin
680 1789 1077 1868 omnigenere
1124 1788 1524 1867 improbitatis
1556 1787 1914 1865 volutantur,
2003 1781 2075 1855 is,
2112 1782 2209 1861 qui
2239 1802 2355 1844 non
2401 1784 2539 1845 facit
2581 1784 2895 1868 justitiam,
2956 1807 3077 1850 non
3126 1797 3218 1852 est
3263 1808 3330 1852 ex
3361 1790 3508 1865 Deo,
3548 1787 3652 1870 qui

270 1875 665 1958 existimatque
705 1897 772 1940 ea
802 1879 1005 1939 fallere
1060 1879 1293 1939 oculum
1355 1896 1652 1957 nunquam
1686 1875 1913 1936 dormi-

267 1972 518 2041 tantem,
544 1967 646 2046 qui
668 1967 1218 2028 tandemistiDeum
1251 1967 1471 2037 colunt,
1504 1983 1678 2045 quem
1707 1964 1911 2024 etina-

264 2055 431 2116 nima
456 2067 726 2117 creatura
759 2058 956 2118 tremit
983 2056 1009 2119 ?
1038 2057 1234 2138 Inquit
1264 2076 1401 2135 ergo
1435 2054 1614 2117 David
1646 2075 1660 2114 :
1698 2055 1915 2115 l’erdes

267 2161 475 2206 omnes
525 2147 633 2226 qui
683 2146 1013 2225 loquuntur
1064 2145 1547 2208 mendarium‘S.
1611 2143 1681 2204 Et
1740 2143 1911 2223 paulo

267 2242 401 2312 post
424 2254 439 2291 :
470 2233 817 2297 Secundum
841 2236 1295 2299 multitudinem
1320 2239 1684 2314 impietatem
1698 2248 1909 2294 eorum

266 2322 506 2401 expelle
522 2340 619 2384 eos
641 2324 717 2403 49,
745 2323 1079 2402 impietates
1106 2331 1342 2403 peccata
1380 2340 1614 2396 vocans,
1649 2340 1780 2401 qua;
1809 2338 1911 2381 eos

267 2409 429 2471 circa
461 2413 733 2474 mandata
762 2411 893 2483 Dei,
928 2433 1043 2473 non
1077 2412 1234 2473 circa
1265 2412 1440 2473 ﬁdem
1473 2410 1588 2470 labi
1614 2411 1905 2471 fecerunt.

263 2497 431 2559 Idem
466 2520 671 2563 rursus
702 2503 776 2563 de
805 2502 1093 2563 adulterio
1125 2521 1256 2562 cum
1292 2499 1641 2573 Bethsabea,
1674 2497 1911 2561 etemde

264 2589 425 2653 Uriee
455 2600 790 2671 perpetrata
839 2593 920 2652 ait
953 2610 965 2653 :
1020 2592 1186 2665 Dia-1',
1233 2590 1558 2670 conﬁtebor
1585 2588 1911 2649 adversum

266 2683 762 2757 mainjnslitium
819 2700 1015 2743 meam
1076 2683 1349 2752 Domino,
1410 2687 1469 2740 et
1527 2687 1593 2739 lu.
1625 2679 1912 2738 remisisti

271 2771 637 2836 tmlvielatem
677 2770 877 2832 cordis
908 2775 1026 2831 mei
1046 2769 1124 2830 ΞΟ.
1160 2769 1241 2829 En
1270 2786 1373 2829 cor
1405 2766 1639 2828 Davidis
1670 2773 1912 2845 propter

265 2855 620 2936 injustitiam
652 2859 830 2939 impie
864 2860 979 2935 egit
1010 2880 1022 2920 :
1088 2867 1142 2919 et
1197 2857 1571 2918 Christianus
1602 2856 1747 2915 citra
1779 2874 1906 2913 me-

265 2952 387 3006 tum
452 2968 726 3027 peccans,
818 2957 875 3009 et
965 2948 1344 3028 opprobrium
1426 2945 1639 3007 Christi
1696 2946 1906 3022 factus,

259 3035 484 3115 impius
517 3047 622 3097 est.
680 3038 869 3117 Atque
927 3037 1077 3097 istud
1139 3039 1374 3116 quulam
1433 3056 1465 3095 a
1520 3038 1639 3096 Deo
1684 3036 1908 3092 amatus

2000 1870 2136 1932 facit
2166 1870 2537 1951 injustitiam,
2588 1872 2893 1935 undenam
2952 1875 3103 1937 est?
3161 1877 3395 1960 Inhoc,
3429 1878 3643 1961 inquit,

1998 1962 2421 2036 mani/testatus
2442 1969 2526 2023 est
2548 1961 2753 2024 Filius
2772 1962 2902 2045 Dei,
2931 1974 2999 2026 ut
3019 1965 3303 2029 dissolvat
3323 1985 3507 2048 opera
3519 1969 3647 2031 dia-

1998 2047 2243 2123 boliﬂﬁ’,
2276 2048 2490 2129 quibus
2521 2069 2638 2111 non
2669 2050 2997 2128 dissolutis,
3040 2054 3202 2116 nulla
3232 2064 3322 2117 est
3351 2056 3646 2136 speranda

1997 2136 2237 2198 utilitas.
2295 2137 2460 2199 Multi
2517 2138 2716 2219 itaque
2770 2138 2846 2202 de
2898 2161 3119 2220 genere
3169 2143 3643 2221 Christianorum

1996 2225 2278 2304 prodesse
2308 2225 2424 2287 sibi
2478 2227 2863 2305 arbitrantur,
2922 2231 3294 2295 Christianos
3328 2232 3446 2296 dici
3481 2252 3497 2311 ;
3529 2251 3643 2297 ne-

1993 2314 2254 2376 scientes
2280 2314 2343 2375 in
2376 2322 2687 2395 paternum
2732 2336 2801 2378 ac
2857 2328 3191 2391 maternum
3224 2340 3376 2400 esse,
3413 2330 3637 2386 etcum

1997 2402 2184 2480 patria
2215 2420 2282 2463 ac
2313 2403 2559 2481 regione
2588 2405 2855 2485 ipsorum
2887 2415 3004 2470 tota
3035 2426 3351 2473 commune
3386 2427 3401 2473 :
3456 2412 3560 2492 qui
3590 2411 3641 2473 si

1993 2491 2166 2551 vitam
2188 2510 2256 2552 ex
2281 2492 2501 2554 Christi
2526 2492 2755 2572 legibus
2800 2494 3192 2568 instituerint.
3219 2508 3343 2562 tum
3372 2491 3550 2563 simul
3582 2506 3641 2563 et

1995 2578 2311 2641 Christiani
2344 2581 2830 2654 nominabuntur,
2865 2593 2923 2646 et
2951 2584 3013 2647 in
3059 2586 3358 2651 Christum
3389 2589 3639 2652 credere

1995 2668 2266 2729 dicentur
2292 2686 2307 2743 ;
2334 2669 2554 2750 alioqui
2600 2673 2911 2750 praestabat
2951 2694 3062 2737 nec
3089 2676 3339 2739 credere
3370 2677 3431 2739 in
3462 2678 3635 2741 Chri-

1994 2768 2170 2819 stum.
2198 2757 2462 2838 quinimo
2483 2777 2591 2821 nec
2612 2770 2782 2823 natos
2804 2762 3008 2826 fuisse.
3036 2764 3165 2827 Non
3193 2767 3353 2828 enim
3367 2776 3643 2848 poterant

1992 2845 2051 2906 in
2085 2846 2382 2909 Christum
2415 2867 2532 2908 non
2563 2849 2812 2938 credere
2851 2872 2864 2914 :
2918 2854 3179 2916 atrocius
3231 2845 3427 2917 autem
3460 2876 3637 2938 quam

1991 2934 2264 3025 inﬁdeles
2298 2936 2636 3015 punientur.
2669 2937 2776 2999 Ast
2831 2940 3202 3022 alienigenae,
3237 2944 3339 3025 qui
3368 2952 3432 3006 ut
3461 2934 3634 3008 Chri-

1992 3024 2169 3083 stiani
2198 3025 2782 3109 cognominarentur,
2818 3048 2851 3089 a
2882 3031 3205 3110 majoribus
3237 3024 3355 3094 non
3379 3053 3634 3117 accepe-

260 3113 431 3205 patcr
460 3113 924 3205 explanatidum
960 3128 1122 3186 illum
1156 3113 1261 3186 ἐἰς
1319 3124 1656 3204 alloquitur.
1692 3121 1907 3201 Impie-

2005 3122 2152 3187 runt,
2186 3113 2235 3173 si
2258 3113 2318 3173 in
2341 3114 2637 3176 Christum
2672 3117 3059 3195 crediderint,
3084 3140 3295 3201 magna
3316 3122 3455 3185 inde
3478 3113 3638 3186 com-

260 3222 439 3275 tatem
501 3216 927 3294 eoumiisimus,
991 3216 1269 3296 quoniam
1328 3212 1707 3293 opprobrium
1772 3211 1909 3271 lacti

258 3322 467 3363 sumus
502 3304 714 3365 dilecto
748 3314 867 3365 tuo.
904 3305 969 3365 Et
1000 3306 1152 3366 alius
1209 3303 1405 3365 divina
1436 3301 1724 3382 sapientia
1755 3319 1906 3380 pra:-

261 3393 443 3454 ditus.
484 3395 623 3473 quid
659 3395 904 3474 prodest
935 3395 1050 3455 ﬁde
1114 3394 1241 3473 pios
1303 3411 1454 3465 esse,
1488 3391 1604 3450 vita
1635 3389 1848 3466 impios
1877 3387 1907 3447 ?

256 3481 558 3543 Ponamus
606 3485 762 3545 enim
822 3483 1158 3564 quempiam
1220 3500 1479 3560 avarum,
1518 3479 1902 3559 proditorem,

259 3581 605 3651 protervum
639 3592 791 3654 esse,
855 3583 913 3635 et
966 3571 1353 3633 nihilominus
1412 3578 1572 3631 recte
1603 3567 1897 3629 credere:

261 3661 405 3737 quid
444 3662 539 3722 hic
570 3662 762 3741 capiet
791 3661 1196 3731 emolumenti,
1258 3660 1307 3720 si
1339 3659 1484 3720 nihil
1518 3676 1748 3727 eorum,
1778 3674 1909 3735 quin

262 3750 663 3811 Christianum
696 3751 929 3823 decent,
964 3750 1235 3811 habuerit
1263 3756 1290 3811 ?
1352 3748 1401 3808 si
1434 3748 1577 3807 nihil
1614 3745 1804 3826 egerit
1841 3764 1911 3805 ex

265 3837 360 3920 iis,
392 3860 527 3921 qua)
558 3841 838 3921 pietatem
896 3842 1218 3935 produnt}.
1267 3839 1369 3935 sed
1430 3834 1908 3935 ethnicoset‘iain

260 3928 416 3989 vitiis
446 3929 871 4008 superaverit?
930 3929 980 3989 si
1037 3926 1428 3990 familiaribus
1484 3923 1809 4022 nocuerit-1'
1859 3923 1909 4022 si

259 4015 450 4078 Deum
502 4018 1060 4099 hlasphemaverit?
1111 4019 1159 4078 si
1213 4015 1548 4078 veneranda
1605 4012 1910 4092 religionis

259 4106 535 4184 dogmata
561 4126 666 4188 per
688 4127 869 4187 opera
897 4107 1341 4170 dedecoraverit
1362 4108 1390 4166 ?
1422 4106 1573 4167 Nam
1605 4105 1742 4165 ideo
1769 4120 1905 4163 ma-

259 4197 593 4272 nifestatur
636 4205 688 4258 et
728 4195 929 4258 Filius
960 4198 1090 4277 Dei,
1124 4193 1451 4256 secundum
1485 4190 1905 4342 evapfelislam

259 4281 1590 4342 JoannemTheologummi'dissolverclonera
1648 4279 1900 4342 iubati“.

254 4281 949 4361 JoannemTheologum,
964 4288 1024 4348 vi
1045 4283 1388 4347 dissolveret
1403 4300 1590 4362 opera
1604 4279 1900 4342 diaboli“.

1992 3201 2164 3262 moda
2187 3202 2297 3262 sibi
2323 3202 2611 3282 parabunt
2635 3225 2648 3264 :
2675 3224 2809 3267 cum
2832 3205 2934 3268 ille
2951 3208 3025 3269 de
3051 3229 3271 3289 genere
3296 3212 3635 3276 Christiano

1991 3310 2098 3370 per
2120 3290 2268 3369 legis
2292 3291 2511 3353 Christi
2544 3296 3089 3373 praevaricationem
3123 3298 3419 3362 Chrismm
3452 3301 3634 3365 inho-

1990 3388 2225 3461 norent,
2251 3388 2308 3442 et
2324 3381 2535 3442 avitam
2560 3401 2628 3443 ac
2650 3402 2845 3445 veram
2872 3384 3146 3466 pietatem
3170 3391 3631 3456 commaculent.

2619 3474 2894 3541 ORATIO
2925 3478 2995 3540 Χ.

2544 3555 3067 3623 ARGUMENTUM.

1988 3632 2123 3696 Non
2145 3636 2328 3696 Deum
2340 3682 2355 3707 ,
2374 3634 2480 3695 sed
2492 3633 2724 3719 d_(emon
2732 3643 3014 3719 aspotius
3026 3642 3306 3707 humana:
3324 3647 3637 3709 servitutis

2059 3722 2323 3805 auctores
2335 3731 2479 3805 esse.
2506 3716 2590 3805 De
2608 3722 2701 3805 ira
2717 3725 2771 3805 et
2787 3716 3140 3805 cupiditate,
3170 3727 3233 3785 in
3264 3725 3483 3805 quibus
3510 3744 3636 3788 non

2056 3804 2143 3857 est
2159 3797 2315 3857 ratio
2358 3793 2441 3856 Et
2461 3797 2619 3857 unde
2638 3799 2828 3882 uoltis
2844 3793 3086 3863 animus
3104 3793 3432 3882 (iniciatur.
3458 3805 3636 3869 Sicut

2056 3884 2326 3967 aspectus
2337 3892 2665 3967 corporeus
2686 3877 2875 3942 illwso
2895 3877 3204 3967 sentiendi
3224 3901 3473 3967 organo,
3489 3888 3636 3967 item

2059 3963 2245 4044 metu,
2261 3957 2281 4015 ἰ
2288 3956 2585 4044 ῃεεῃυαιιρ
2592 3975 2712 4035 pro
2730 3966 2868 4044 rata
2880 3963 3185 4040 portione,
3200 3956 3635 4044 aefepuro,so-

2061 4035 2134 4118 lis
2146 4034 2280 4097 lucc
2292 4034 2543 4118 indiget:
2558 4034 2647 4099 ita
2659 4039 2845 4101 etiam
2860 4034 3181 4118 depectant
3191 4034 3389 4108 animi
3399 4045 3495 4109 his
3511 4034 3637 4108 ino-

2051 4115 2127 4178 do
2158 4115 2451 4206 quodam,
2470 4118 2572 4195 qui
2601 4115 3008 4259 intelligentia
3036 4123 3406 4213 percipitur,
3433 4144 3631 4205 egere.

2070 4193 2133 4256 In
2181 4205 2456 4259 praesenti
2485 4198 2725 4259 smculo.
2760 4198 2777 4258 i
2870 4213 2981 4259 est.
3039 4220 3101 4259 in
3156 4203 3269 4259 hac
3297 4205 3431 4259 vita-
3470 4214 3631 4259 nater

2070 4193 2133 4256 In
2170 4193 2456 4274 praesenti
2480 4193 2725 4267 smculo,
2760 4193 2823 4259 id
2870 4213 2982 4281 est,
3036 4193 3101 4262 in
3156 4193 3269 4266 hac
3297 4193 3433 4279 vita,
3465 4193 3637 4286 pater

1990 4294 2101 4366 est,
2137 4292 2194 4345 et
2225 4282 2382 4344 ﬁlius
2416 4301 2429 4342 :
2492 4303 2722 4373 servus,
2758 4295 2814 4348 et
2846 4291 3256 4355 mercenarius
3288 4282 3639 4373 procreatus

259 4371 372 4443 Qui
406 4391 547 4452 ergo
612 4373 1048 4435 manifeSIatum
1106 4372 1210 4436 Dei
1268 4370 1482 4432 Filium
1541 4367 1903 4463 suscepit,_si
1931 4389 2103 4444 Dnon
2139 4381 2267 4463 est;
2301 4390 2494 4463 neque
2523 4372 2682 4463 enim
2716 4374 2941 4455 primus
2991 4397 3241 4458 parenn,
3273 4367 3471 4463 neque
3505 4367 3634 4463 pri-

258 4461 453 4522 adhuc
489 4461 715 4523 vinctus
747 4463 1029 4544 operibus
1078 4460 1296 4524 diaboli
1354 4468 1611 4540 tenetur,
1645 4477 1776 4540 qum
1806 4457 1905 4518 hic

260 4549 369 4611 Dei
397 4548 582 4611 Filius
645 4552 1049 4613 manifestatus
1085 4549 1381 4633 dissolvit,
1440 4548 1703 4611 deterior
1760 4546 1905 4628 ipsis

263 4636 625 4713 inﬁdelibus,
664 4648 722 4702 et
764 4642 951 4702 alheis
984 4643 1165 4720 magis
1198 4642 1411 4723 impius
1442 4653 1552 4701 est.

348 4726 536 4798 Quare
558 4749 694 4790 cum
720 4731 906 4811 audis,
935 4730 1117 4790 Deum
1152 4750 1281 4791 esse
1327 4729 1627 4791 hominem
1660 4725 1900 4825 factum,

263 4816 362 4896 qui
398 4817 535 4878 fecit
569 4819 784 4879 earlum
846 4827 901 4880 et
960 4829 1172 4879 terram
1234 4829 1291 4880 et
1352 4837 1532 4891 mare,
1570 4834 1813 4896 quaeque
1844 4816 1904 4874 in

264 4907 459 4967 medio
483 4917 617 4967 sunt
654 4909 869 4983 munia,
897 4918 1103 4985 etquae
1147 4909 1331 4969 oculis
1367 4908 1626 4986 subjecta
1658 4912 1811 4971 sunt,
1850 4911 1906 4963 et

257 5014 385 5073 qum
408 5016 525 5056 non
549 5008 706 5077 sunt,
745 5008 800 5056 et
830 4998 1015 5078 ipsum
1054 5000 1307 5077 denique.
1342 4998 1664 5065 hominem,
1686 5014 1804 5053 non
1830 4991 1902 5052 ob

256 5085 431 5145 aliam
480 5106 720 5147 causam
754 5088 964 5147 factum
1014 5088 1315 5148 hominem
1380 5086 1660 5161 intellige,
1700 5084 1807 5143 nisi
1842 5090 1901 5141 ut

254 5173 415 5234 Deus
442 5194 549 5253 per
573 5176 888 5236 humanam
914 5188 1175 5237 naturain
1203 5174 1349 5235 mori
1376 5183 1591 5253 posset.
1616 5172 1753 5232 Plus
1786 5171 1898 5230 noli

258 5282 531 5343 quaerere
558 5288 567 5323 :
594 5265 693 5323 sed
724 5268 1123 5326 tantummodo
1148 5286 1380 5326 causam
1410 5274 1466 5323 ct
1491 5261 1901 5323 necessitatem

257 5353 662 5433 suscipieudce
694 5354 867 5435 hujus
898 5355 1273 5417 demissionis
1336 5360 1391 5414 et
1441 5350 1737 5433 patientiae
1770 5360 1904 5432 opta

341 5581 394 5630 ’3
424 5579 586 5641 Psal.
615 5597 673 5647 ν.
715 5583 768 5644 ’7.
874 5583 929 5633 i9
956 5584 1107 5647 Ibid.
1144 5588 1239 5647 1i.

256 5631 449 5744 seqq.»
474 5631 815 5726 ”ié'l'loi'n.
842 5631 931 5742 ni,
958 5631 1169 5728 of'"‘2£
1188 5631 1340 5731 ibid.

577 5771 835 5837 PATROL.
872 5773 980 5839 Gn.
1017 5771 1183 5839 CXX.

1349 5583 1409 5634 ‘20
1439 5582 1591 5645 Psal.
1625 5598 1796 5658 xxxx,
1823 5587 1881 5645 5.

1968 5581 2037 5665 ἐξ
2062 5581 2096 5665 _I
2123 5584 2291 5646 Joan.
2312 5585 2505 5665 _Iil,ﬂ8.

1376 5666 1433 5730 8.
1520 5661 1889 5729 251mm“).
1973 5662 2210 5727 26Ibid.

1989 4480 2120 4521 mus
2144 4461 2275 4541 ejus
2301 4460 2457 4521 ﬁlius
2479 4462 2655 4539 servi,
2705 4471 2805 4524 aut
2854 4468 3213 4529 mercenarii
3238 4460 3638 4535 fuerunthui

1988 4550 2147 4611 enim
2180 4568 2283 4629 pro
2314 4567 2501 4610 serws
2532 4569 2600 4611 ac
2647 4554 3036 4616 mercenariis
3098 4557 3269 4620 subdi
3303 4558 3636 4640 poterant?

1989 4637 2251 4701 Servitus
2307 4645 2364 4728 et
2422 4657 2602 4719 opera
2662 4643 3031 4707 mercenaria
3089 4637 3421 4728 posteriora
3449 4657 3629 4713 sunt:

1987 4728 2238 4789 servitus
2264 4727 2505 4818 quidem
2530 4747 2599 4789 ex
2625 4748 2855 4813 eorum,
2882 4734 2982 4813 qui
3004 4727 3203 4798 essent
3245 4756 3461 4818 genere
3494 4758 3633 4800 con-

1988 4826 2184 4877 sortes
2216 4814 2594 4896 improbitate
2627 4827 2826 4880 mutua
2853 4840 2867 4881 :
2900 4841 3081 4902 opera
3112 4814 3633 4911 vero‘vquaestuaria

1990 4924 2056 4965 ex
2085 4905 2433 4981 indigentia,
2468 4916 2708 4986 propter
2733 4905 3630 4989 eosquicumessentdeeodem

1988 5014 2208 5073 genere
2234 5014 2364 5055 cum
2395 4994 2543 5066 aliis,
2577 4996 2705 5074 plus
2727 4997 2946 5059 habere
2972 5001 3478 5081 avidecupiebalnt
3514 5000 3625 5080 En,

1990 5092 2045 5143 et
2078 5103 2302 5155 servus,
2333 5092 2389 5143 et
2422 5088 2825 5147 mercenarius
2856 5108 2924 5149 ex
2975 5089 3290 5150 subsecuto
3323 5088 3629 5165 hominum

1986 5173 2121 5231 vitio
2147 5174 2641 5254 exstiteruntzqui
2664 5184 2723 5235 ut
2748 5177 3123 5255 exsisterent,
3148 5177 3637 5256 solaindigentiae

1988 5262 2389 5322 necessitasin
2414 5264 2735 5327 consuluit.
2782 5267 2855 5327 Et
2900 5267 3399 5346 quemadmodum
3432 5288 3635 5331 servus

1988 5370 2055 5412 ac
2085 5354 2489 5412 mercenarius
2516 5373 2635 5415 non
2665 5365 2841 5435 agunt
2871 5355 3202 5438 quodlibet,
3237 5360 3339 5421 sed
3373 5377 3505 5439 quae
3534 5358 3631 5441 ip-

2613 5583 2687 5670 ?"
2715 5586 2883 5647 Joan.
2914 5600 2956 5670 ι,
2986 5586 3087 5652 29.

3192 5589 3248 5634 θ’
3277 5589 3388 5655 Isa.
3423 5605 3542 5668 Lm,
3573 5589 3632 5666 ‘l,

2302 5663 2565 5730 ‘26"lbid.
2588 5665 2649 5727 8.

3316 5778 3393 5843 12
