4068 6112
402 225 538 304 368

1699 231 2080 300 SYMEONIS
2122 232 2474 300 JUNIORIS

3662 227 3780 294 364
3847 220 3852 224 ’

312 413 317 418 .
399 381 600 426 sorum
620 362 879 426 dominis
909 372 988 446 et,
1023 363 1186 427 heris
1215 364 1450 446 placent
1481 385 1496 428 :
1531 365 1809 429 similiter
1839 368 2054 432 diabo-
2076 381 2117 430 Α
2140 367 2431 450 cupiditas
2454 366 2932 449 perturbationes
2960 373 3121 448 sunt,
3156 367 3259 430 sed
3295 367 3539 449 privatio
3568 364 3783 427 sanita-

398 453 492 515 lus
528 453 890 534 (intelligens
940 455 1064 531 illa,
1129 463 1186 516 et
1247 455 1502 534 maligna
1559 458 1844 536 potestas)
1892 459 2056 539 quia

399 541 524 605 Deo
555 544 828 624 descivit,
862 544 961 625 qui
996 544 1324 624 noquitiam
1388 545 1708 606 humanam
1738 547 2054 609 fabricatus

402 641 516 708 est,
543 643 599 694 et
621 635 750 714 ejus
761 653 1024 696 amorem
1042 633 1397 695 mortalibus
1413 636 1726 714 persuasit,
1743 636 1916 697 eosin
1933 655 2054 698 ser-

395 720 642 785 vitutem
676 742 842 784 suam
880 723 1061 784 trahit
1093 743 1107 782 :
1157 721 1252 783 cui
1297 723 1478 802 (quod
1512 724 1709 785 animo
1740 733 1796 785 et
1826 726 2052 804 cogita-

400 810 561 872 tione
584 811 876 891 videmus)
903 812 964 872 in
983 810 1409 891 voluptatibus,
1431 812 1682 892 rapinis,
1724 814 1968 874 avaritia
1997 821 2054 876 et

397 901 676 962 omnibus
702 899 1033 962 sceleribus
1063 900 1335 961 servilem
1371 900 1431 960 in
1458 901 1696 962 modum
1729 910 1956 982 parent.
1986 902 2055 963 Et

401 989 550 1052 tales
583 1009 718 1052 cum
750 989 890 1064 sint,
925 1008 1052 1069 eos,
1076 988 1476 1070 impudentes,
1507 989 2054 1069 etsuperbiores,et

396 1079 647 1141 stolidos
671 1079 867 1140 reddit
893 1099 908 1156 ;
933 1087 1211 1158 utneque
1233 1097 1296 1139 se
1322 1077 1435 1159 ipsi
1458 1077 1764 1140 vindicare
1798 1080 2046 1158 possint,

397 1186 592 1248 neque
613 1167 810 1230 aliude
827 1167 1115 1228 vindicari
1138 1167 1198 1227 in
1225 1166 1562 1228 libertatem
1590 1167 1795 1228 velint.
1828 1166 2050 1230 Omnes

394 1255 575 1336 igitur
593 1256 958 1337 hujusmodi,
979 1255 1103 1316 sive
1117 1255 1364 1327 ethnici,
1392 1263 1451 1316 et
1474 1257 1660 1317 Deum
1683 1255 2042 1333 ignorantes,

395 1347 521 1408 sive
551 1347 845 1419 inﬁdeles,
885 1345 1008 1406 sive
1041 1345 1247 1406 ﬁdeles
1278 1343 1598 1407 Christiani
1629 1353 1684 1405 et
1707 1344 2041 1418 orthodoxi,

396 1436 633 1498 diabolo
665 1436 1015 1512 servientes,
1077 1435 1150 1496 ad
1209 1435 1334 1514 ejus
1393 1443 1610 1515 partes,
1646 1433 1749 1514 qui
1780 1433 2043 1513 ipsorum

395 1525 757 1598 dominatur,
793 1525 1115 1603 pertinent,
1175 1532 1351 1604 atque
1409 1541 1444 1584 a
1497 1525 1619 1586 Deo
1679 1523 1948 1602 projecti,
1985 1523 2041 1582 in

397 1614 574 1676 domo
606 1615 736 1694 ejus
765 1614 827 1674 in
870 1621 1158 1675 aeternum
1214 1630 1457 1674 manere
1513 1630 1629 1672 non
1682 1618 1928 1690 possunt
1955 1611 2035 1672 2⁷.

2137 458 2210 519 tis
2239 457 2444 530 animi,
2473 468 2714 538 propter
2739 477 2914 534 quam
2939 457 3028 518 ira
3052 477 3265 536 expers
3317 457 3393 519 sit
3424 455 3692 535 rationis,
3724 462 3783 516 et

2135 547 2426 628 cupiditas
2449 564 2678 620 amens,
2704 546 2824 612 illa,
2848 546 3111 626 inquam,
3140 547 3455 625 imaginem
3479 543 3782 624 perturba-

2136 637 2360 699 tionum
2393 635 2467 697 iis
2491 634 2768 716 imponit.
2795 635 3000 697 Anima
3027 635 3186 696 enim
3233 655 3413 695 unum
3443 644 3572 695 est:
3603 633 3782 712 idque

2136 725 2408 804 simplex,
2439 743 2550 785 nec
2611 723 2989 801 partitionem
3047 724 3386 795 admittens,
3450 731 3514 784 ut
3544 721 3780 782 intelle-

2135 815 2326 874 ctuale
2351 812 2630 893 quiddam
2653 812 2904 888 scilicet,
2942 831 3050 872 nec
3080 812 3374 892 estaliqua
3401 810 3776 891 compositio,

2136 921 2238 963 seu
2272 901 2723 980 coagmentatio,
2781 903 2856 962 ob
2919 921 3091 981 quam
3157 900 3277 978 pati
3335 910 3578 979 cogatur
3607 899 3780 960 sicuti

2135 1009 2350 1070 corpus
2363 1009 2431 1050 ex
2451 999 2700 1070 quatuor
2723 991 3034 1051 elementis
3047 1000 3412 1051 concretum.
3437 987 3778 1050 necessario

2134 1078 2206 1140 ab
2234 1081 2429 1158 aliquo
2463 1078 2670 1138 horum
2703 1078 2973 1152 afficitur,
3002 1079 3046 1138 si
3083 1079 3168 1139 vel
3205 1078 3487 1152 ahunbet,
3525 1078 3614 1138 vel
3641 1077 3782 1138 deli-

2133 1169 2268 1230 ciat.
2291 1167 2478 1231 Omne
2501 1167 2658 1228 enim
2688 1169 2841 1248 quod
2869 1168 3142 1242 afﬁcitur,
3172 1170 3244 1229 ab
3275 1169 3470 1248 aliquo
3489 1167 3781 1228 afﬁciatur

2133 1277 2378 1319 necesse
2411 1266 2518 1318 est.
2554 1257 2844 1329 Quoniam
2905 1278 3045 1333 ergo
3103 1258 3246 1318 nihil
3283 1259 3458 1319 habet
3488 1257 3708 1327 anima,
3745 1275 3779 1316 a

2129 1365 2244 1426 quo
2285 1345 2556 1424 patiatur,
2583 1355 2930 1426 constatque
2955 1348 3140 1424 ipsam
3165 1346 3525 1424 simplicem,
3553 1346 3781 1406 incom-

2132 1435 2402 1515 positam,
2424 1434 2729 1496 divisionis
2763 1444 3078 1509 exsortem,
3111 1436 3560 1514 intelligentem,
3598 1453 3631 1498 a
3663 1454 3772 1496 cu-

2131 1523 2492 1604 piditatibus,
2529 1532 2587 1584 et
2616 1525 2704 1583 ira
2733 1525 2960 1588 ratione
2999 1525 3346 1584 vacantibus
3404 1529 3542 1604 pati,
3581 1524 3774 1585 unde-

2129 1630 2263 1672 nam
2294 1612 2405 1692 ipsi
2437 1611 2590 1672 istud
2626 1612 2766 1691 pati,
2807 1631 2940 1672 cum
3002 1631 3178 1672 omne
3234 1615 3386 1692 quod
3426 1612 3666 1691 patitur,
3703 1613 3776 1674 ab

393 1705 568 1767 Unde
598 1680 809 1783 magna
842 1703 962 1764 illis
993 1703 1046 1763 vi
1083 1720 1232 1782 opus
1278 1714 1392 1776 est,
1426 1709 1489 1763 ut
1519 1720 1552 1762 e
1587 1680 1860 1761 manibus
1891 1701 2040 1780 ejus,
2068 1680 2104 1728 Β
2129 1700 2244 1761 alio
2287 1680 2591 1781 patiatur?
2619 1680 2928 1762 invenitur
2955 1700 3135 1778 igitur
3164 1680 3278 1762 alia
3309 1680 3780 1780 intelligens-na-

395 1793 856 1874 quiservitutem
883 1791 1348 1873 ipsisimposuit,
1372 1797 1678 1852 eruantur.
1705 1788 2044 1851 Aliaautem
2130 1798 2264 1851 tura
2295 1789 2651 1863 damonum,
2675 1788 2734 1848 in
2760 1789 2972 1869 ipsam,
3007 1790 3160 1869 quod
3197 1789 3529 1868 intelligere
3565 1810 3771 1870 possu-

393 1900 508 1944 nec
555 1883 794 1944 inventa
825 1890 932 1957 est,
966 1899 1078 1942 nec
1108 1878 1362 1940 inveniri
1394 1880 1606 1959 potuit,
1645 1896 1757 1939 nec
1788 1885 1898 1952 est,
1935 1877 2049 1938 nisi
2132 1896 2284 1949 mus,
2317 1877 2572 1947 irruens,
2607 1887 2665 1937 et
2722 1878 2781 1937 in
2843 1879 3204 1940 motionibus
3255 1881 3381 1958 ejus
3412 1879 3776 1942 naturalibus

397 1970 666 2035 Christus
697 1972 804 2032 Dei
837 1970 1050 2033 virtus.
1077 1967 1140 2032 Si
1172 1986 1310 2047 ergo
1336 1971 1385 2028 is
1431 1966 1798 2049 liberaverit,
1831 1967 1910 2028 ita
1937 1968 2046 2028 de-
2131 1965 2347 2046 quibus
2379 1984 2618 2046 semper
2646 1966 2858 2038 cietur,
2920 1968 3219 2042 negotium
3253 1986 3318 2027 ac
3351 1969 3680 2028 molestiam
3717 1969 3776 2030 ei

394 2081 556 2124 mum
589 2063 742 2124 liber
772 2061 908 2137 crit,
942 2061 1042 2141 qui
1102 2058 1390 2121 liberatus
1438 2067 1527 2120 est
1584 2058 1656 2119 ab
1709 2077 1778 2118 eo
1810 2057 1890 2117 28.
1926 2057 2051 2118 Erit
2132 2058 2430 2117 lacessens
2473 2075 2541 2117 ac
2603 2055 2862 2116 tenebris
2915 2057 3268 2136 quibusdam
3327 2057 3552 2132 offusis,
3613 2059 3773 2120 illam

395 2153 555 2216 enim
589 2159 808 2226 castus,
870 2150 1128 2222 sobrius,
1183 2147 1395 2221 bonus,
1453 2149 1668 2226 justus,
1705 2146 2042 2228 religiosus,

392 2242 712 2315 humanus,
743 2239 896 2320 pius,
919 2238 1282 2311 misericors,
1311 2235 1566 2317 patiens,
1590 2235 1855 2306 humilis,
1888 2254 2047 2295 man-

395 2339 622 2406 suetus,
650 2327 859 2390 alienis
903 2327 1074 2389 malis
1130 2325 1362 2399 dolens,
1426 2323 1761 2403 continens,
1796 2322 1908 2384 hoc
1935 2330 2042 2398 est,

393 2438 532 2482 vero
565 2421 766 2481 homo.
795 2417 901 2490 Qui
943 2417 1036 2478 his
1079 2424 1307 2490 carent,
1341 2421 1443 2476 aut
1474 2414 1756 2494 pecudes,
1794 2421 1892 2474 aut
1921 2413 2044 2473 dae-

397 2527 606 2570 mones
619 2515 775 2583 sunt,
795 2505 1026 2568 etiamsi
1045 2504 1364 2567 Christiani
1393 2503 1775 2564 etorthodoxi
1796 2501 2040 2576 fuerint,

398 2606 452 2659 et
477 2597 536 2658 hi
571 2596 823 2658 maxime
844 2595 905 2656 in
937 2612 1183 2655 examen
1215 2591 1480 2655 severius
1508 2591 1900 2670 adducentur,
1936 2609 2045 2651 nec

395 2685 660 2767 ipsorum
681 2684 918 2757 vindex,
947 2690 1006 2744 et
1024 2690 1284 2744 assertor
1305 2679 1576 2742 Christus
1588 2679 1908 2767 quidquam
1929 2678 2045 2739 illis

399 2766 691 2854 proderit,
724 2772 864 2853 quia
894 2770 1178 2832 nimirum
1211 2770 1528 2831 noluerunt
1559 2769 1686 2846 ejus
1730 2766 1916 2827 solius
1945 2785 2043 2828 re-

397 2862 824 2942 demptionem,
859 2861 1013 2922 hanc
1043 2859 1228 2920 Silam
1259 2856 1614 2927 libertatem,
1639 2856 1802 2916 omni
1831 2855 2044 2916 virtute

396 2951 658 3012 humana
689 2949 1002 3029 majorem,
1039 2955 1278 3029 propter
1307 2964 1481 3026 quam
1503 2963 1635 3005 cum
1673 2946 1828 3006 Deus
1859 2951 2037 3019 esset,

393 3039 573 3100 homo
597 3039 757 3100 nasci
781 3037 1051 3116 dignatus
1071 3045 1180 3106 est,
1206 3035 1404 3114 etejus
1425 3033 1610 3095 solius
1633 3051 1810 3094 causa
1833 3050 2040 3094 necem

394 3128 550 3189 ultro
585 3127 846 3205 pertulit.
879 3124 1024 3186 Nam
1084 3123 1248 3204 quod
1310 3121 1547 3202 quidam
1585 3121 1946 3195 existimant,
1982 3121 2043 3180 in

394 3218 655 3278 humana
677 3225 884 3277 natura
910 3211 1408 3296 perturbationes,
1438 3218 1502 3271 ut
1522 3209 1693 3278 iram,
1729 3219 1788 3270 et
1817 3208 2045 3296 cupidi-

396 3313 582 3366 tatem
610 3293 1092 3383 ingenilas'esse,
1127 3318 1243 3360 non
1272 3299 1354 3360 ita
1384 3305 1473 3358 est
1498 3296 1782 3377 profecto.
1821 3293 2042 3356 Verum

394 3394 510 3464 ira,
533 3401 593 3454 et
613 3391 906 3472 cupiditas
919 3398 983 3450 ut
1005 3408 1040 3450 a
1061 3388 1181 3449 Deo
1200 3395 1426 3448 natura;
1447 3394 1659 3446 nostra;
1679 3383 2032 3460 suntinsntae,

393 3500 514 3542 non
563 3479 1060 3561 perturbationes,
1115 3475 1222 3537 sed
1267 3474 1422 3536 bona
1450 3481 1608 3548 sunt,
1645 3483 1701 3534 et
1727 3491 1830 3534 eos
1860 3473 2036 3533 homo

395 3568 782 3649 intelligentis
803 3577 1025 3629 natura:
1036 3584 1156 3626 suae
1171 3563 1648 3644 quandammodo
1667 3562 2036 3622 characteres

393 3677 428 3721 a
457 3677 688 3721 summo
717 3659 820 3722 illo
839 3657 994 3718 bono
1017 3655 1278 3734 accepit:
1323 3671 1454 3733 quae
1482 3668 1818 3731 quanquam
1853 3649 2038 3710 brutis

393 3767 630 3829 quoque
659 3745 1059 3809 animantibus
1089 3744 1312 3814 insunt,
1372 3748 1430 3802 at
1491 3757 1608 3800 non
1666 3739 1780 3800 isto
1815 3737 2030 3829 modo:

392 3825 688 3917 siquidem
720 3846 779 3897 et
808 3854 944 3897 caro
1002 3833 1104 3894 illa
1159 3831 1401 3912 quidem
1459 3835 1568 3900 est,
1600 3835 1797 3889 tamen
1829 3825 2036 3887 eadem

393 3943 529 3986 caro
557 3927 702 3987 feris
731 3943 798 3986 ac
832 3921 1161 4004 pecudibus
1194 3919 1441 3980 minime
1473 3925 1586 4004 est.

470 4017 621 4076 Sunt
649 4032 790 4075 sane
819 4001 1021 4073 inditae
1053 4009 1278 4070 homini
1320 4007 1432 4081 ira,
1493 4001 1549 4067 et
1580 4004 1894 4086 cupiditas,
1928 4004 2032 4066 sed

393 4103 566 4164 etiam
586 4121 776 4182 mens,
799 4120 928 4181 quae
953 4098 1214 4180 quandiu
1238 4097 1548 4158 sanitatem
1576 4114 1740 4156 suam
1764 4094 2029 4167 retinuit,

391 4192 484 4254 hae
513 4193 668 4252 intra
698 4200 924 4251 natura:
950 4207 1071 4250 suae
1101 4187 1388 4250 terminos
1446 4203 1513 4245 ac
1543 4185 1765 4246 limites
1795 4203 2032 4245 manse-

2132 2145 2313 2225 probe
2327 2161 2576 2208 cernere
2595 2164 2709 2205 non
2721 2145 3395 2224 sinens,desiderautem
3409 2155 3594 2224 recta,
3609 2166 3772 2225 vera,

2130 2251 2376 2313 quaeque
2409 2252 2629 2294 meram
2663 2233 3144 2312 imaginationem
3206 2244 3263 2295 et
3294 2235 3562 2296 umbram
3598 2253 3775 2317 atque

2129 2340 2393 2382 errorem
2447 2341 2563 2382 non
2595 2323 2835 2384 habent.
2873 2324 3107 2385 Etenim
3159 2325 3457 2384 naturales
3490 2327 3763 2386 humanae

2129 2419 2352 2470 naturae
2381 2410 2641 2479 habitus,
2674 2431 2708 2472 a
2759 2413 2922 2490 lapsu
2975 2411 3154 2492 primi
3216 2413 3478 2475 hominis
3507 2414 3581 2476 de
3613 2415 3774 2476 linea

2127 2499 2521 2572 deﬂexerunt,
2548 2518 2716 2561 mens
2739 2501 3032 2577 cogitatio,
3083 2500 3305 2581 opinio,
3343 2501 3587 2564 facultas
3620 2503 3770 2564 ima-

2126 2587 2404 2665 ginatrix,
2442 2607 2673 2661 sensus,
2727 2597 2785 2649 et
2841 2589 2900 2648 in
2959 2587 3174 2668 quibus
3233 2608 3429 2652 anima
3485 2593 3775 2672 tripartita

2129 2676 2507 2755 perspicitur,
2543 2696 2758 2756 nempe
2785 2697 2916 2755 pars
2949 2680 3071 2753 illa,
3109 2683 3162 2738 in
3197 2697 3312 2758 qua
3340 2681 3497 2741 inest
3521 2682 3670 2742 ratio
3705 2693 3767 2744 et

2126 2765 2476 2841 consilium;
2500 2773 2557 2825 et
2578 2766 2782 2839 altera,
2813 2766 2871 2825 in
2891 2767 3421 2846 quairacundia;et
3439 2779 3757 2848 postrema,

2126 2853 2186 2914 in
2225 2872 2341 2933 qua
2369 2854 2737 2932 cupiditates,
2771 2853 3165 2934 libidinesque
3223 2865 3543 2918 versantur.
3574 2858 3765 2938 Atque

2127 2942 2350 3003 idcirco
2381 2943 2721 3004 ratiocinari
2769 2945 3006 3024 quidem
3052 2947 3226 3007 homo
3285 2953 3476 3025 potest
3507 2967 3520 3006 :
3556 2948 3658 3008 sed
3690 2948 3766 3008 ad

2123 3039 2284 3092 recte
2312 3031 2780 3094 ratiocinandum
2815 3033 3130 3094 imbecillis
3187 3043 3291 3095 est.
3329 3036 3768 3115 Concupiscere

2129 3119 2366 3200 quidem
2403 3129 2613 3200 potest,
2647 3121 2751 3181 sed
2781 3122 2981 3184 stulte.
3041 3124 3221 3186 Irasci
3276 3123 3513 3203 quidem
3551 3134 3764 3205 potest,

2129 3209 2231 3268 sed
2266 3216 2490 3270 temere
2522 3209 2795 3270 irascitur
2825 3231 2838 3269 :
2873 3210 3125 3290 ideoque
3157 3230 3349 3284 sensa,
3385 3223 3760 3275 commenta-

2129 3297 2340 3373 tiones,
2366 3296 2700 3378 opiniones,
2723 3298 3197 3376 imaginationes,
3236 3300 3551 3363 sensiones
3583 3302 3766 3382 perti-

2123 3387 2315 3458 nacia,
2354 3387 2625 3462 dismrla,
2660 3387 2956 3449 instabilia
2989 3397 3046 3449 et
3091 3389 3319 3450 lubrica
3349 3399 3506 3454 sunt.
3542 3389 3763 3463 Quam-

2124 3475 2335 3538 obrem
2394 3487 2616 3551 sancta,
2677 3477 3023 3541 intaminata
3075 3488 3134 3540 et
3191 3480 3573 3559 omnipotens
3605 3490 3768 3544 nata-

2121 3565 2271 3625 toria
2299 3567 2436 3627 .Iesu
2470 3566 2572 3628 Dei
2605 3568 2782 3628 hosce
2832 3569 3160 3638 secundum
3219 3580 3487 3630 naturam
3519 3570 3755 3632 habitus

2121 3655 2382 3733 corrigit,
2440 3657 2774 3726 conﬁrmat,
2830 3664 2889 3718 et
2947 3658 3312 3733 corroborat,
3375 3669 3430 3720 et
3481 3661 3554 3720 ob
3610 3661 3761 3721 hanc

2119 3759 2356 3804 causam
2387 3744 2479 3806 lex
2515 3754 2573 3806 et
2600 3747 2822 3825 regulae
2875 3745 3148 3808 divivitus
3206 3748 3357 3810 data:
3388 3756 3544 3824 sunt,
3570 3757 3630 3810 ut
3659 3749 3757 3810 in-

2121 3831 2461 3911 telligentiae
2485 3835 2801 3915 particeps,
2827 3854 3180 3916 semperque
3209 3838 3446 3899 mobilis
3475 3838 3673 3900 anima
3699 3841 3760 3900 in

2119 3921 2482 3983 motionibus
2512 3924 2634 3984 suis
2687 3924 2986 4003 legitimis,
3053 3924 3383 4007 divinisque
3440 3927 3766 3989 canonibus

2118 4015 2480 4090 temperetur
2515 4033 2527 4071 :
2565 4031 2680 4092 quo
2711 4013 2772 4073 in
2827 4013 2900 4074 iis
2949 4014 3174 4093 jugiter
3227 4015 3519 4096 ambulas,
3559 4024 3765 4080 cernat

2117 4117 2250 4178 quae
2277 4109 2440 4161 recta
2468 4110 2626 4175 sunt,
2661 4120 2910 4182 eamque
2969 4103 3185 4164 decent
3220 4124 3233 4166 :
3301 4113 3358 4166 et
3386 4105 3447 4165 in
3479 4107 3584 4166 hac
3613 4125 3762 4166 con-

2118 4188 2502 4267 templatione
2555 4191 2890 4263 exercitata,
2962 4201 3296 4253 vexatorem
3356 4212 3390 4254 a
3442 4212 3505 4255 se
3563 4194 3765 4271 fugere

387 4291 569 4354 runt;
622 4279 917 4358 cupiditas
944 4278 1016 4338 ad
1042 4295 1112 4338 ea
1141 4294 1276 4356 quae
1305 4274 1710 4351 intelliguntur
1744 4272 1848 4333 Dei
1877 4273 2034 4333 bona
2054 4279 2453 4352 Dcompellat,
2489 4287 2547 4339 et
2578 4298 2708 4339 cum
2743 4281 2802 4340 in
2838 4279 3031 4341 omnis
3081 4281 3341 4342 veritatis
3372 4285 3765 4360 comprehen-

385 4367 738 4448 respiciens,
773 4377 832 4428 et
857 4367 1096 4428 incitata
1155 4365 1266 4440 ira,
1327 4363 1513 4442 ipsam
1546 4361 1928 4442 cupiditatem
1957 4362 2029 4423 ad

384 4456 489 4518 illa
535 4456 888 4535 generosius
944 4454 1258 4534 captanda,
1319 4460 1377 4514 et
1433 4451 1507 4511 ad
1554 4450 2026 4526 ascendendum,

385 4547 631 4626 Deoque
651 4545 837 4623 magis
859 4562 927 4605 ac
953 4546 1139 4620 magis
1161 4538 1758 4621 appropinquandum
1783 4538 2034 4600 extimu-

382 4633 536 4698 lans.
571 4637 643 4694 At
675 4641 986 4713 postquam
1018 4649 1188 4691 mens
1217 4628 1542 4700 debilitata,
1591 4637 1649 4689 et
1679 4647 1794 4708 qua
1824 4638 2029 4690 custo-

386 4723 660 4784 diebatur
691 4720 943 4783 sanitate
991 4718 1238 4800 spoliata
1294 4725 1405 4792 est,
1467 4717 1538 4776 ad
1567 4716 1852 4777 inferiora
1881 4717 2027 4797 sola,

384 4820 449 4874 ut
472 4812 668 4873 vitiata
703 4809 965 4890 deﬂexit,
999 4816 1176 4888 atque
1231 4807 1457 4867 idcirco
1513 4823 1642 4885 quae
1684 4805 1844 4866 illius
1874 4805 2030 4866 haud

386 4904 702 4976 intersunt,
736 4899 1090 4980 insipienter
1137 4894 1519 4974 concupiscit,
1556 4901 1614 4955 et
1644 4894 1774 4953 sine
1801 4894 2029 4956 ratione

383 4998 660 5071 tanquam
721 4989 880 5061 ferae,
943 5005 1011 5048 ac
1064 4985 1270 5046 bestiae
1329 4983 1624 5044 irascitur.
1661 4981 2028 5045 Christianus

381 5078 562 5159 igitur
615 5099 686 5142 ex
743 5077 963 5143 Christi
1047 5073 1343 5137 consortio
1413 5090 1699 5153 recupera
1753 5073 2022 5146 sanitate,

2115 4364 2283 4428 sione
2316 4367 2632 4447 perfectior
2690 4369 2959 4442 evaserit,
3019 4371 3081 4430 in
3140 4371 3297 4432 veris
3354 4373 3760 4436 tantummodo

2115 4455 2372 4516 studium
2406 4465 2582 4538 atque
2640 4477 2880 4538 operam
2937 4477 3104 4520 suam
3161 4462 3460 4522 collocet:
3524 4482 3640 4543 quo
3671 4463 3757 4524 sic

2113 4542 2308 4623 ipsum
2331 4546 2498 4606 illum
2530 4547 2926 4626 legislatorem
2958 4549 3028 4609 ad
3063 4542 3563 4630 requiescendum
3585 4571 3764 4632 super

2115 4651 2178 4693 se
2197 4635 2472 4711 attrahat,
2495 4634 3009 4716 impleaturquein
3033 4637 3180 4717 ipsa,
3223 4639 3379 4718 quod
3413 4639 3636 4701 dictum
3671 4649 3763 4702 est

2113 4739 2147 4781 a
2163 4720 2444 4784 Domino:
2493 4724 2668 4799 Quid
2676 4725 2834 4802 iligz‘t
2851 4743 2965 4802 me,
2980 4744 3285 4789 sermones
3304 4746 3460 4791 meos
3471 4731 3756 4807 servabit,

2112 4816 2169 4873 et
2198 4830 2308 4892 ego
2340 4813 2596 4892 diligam
2624 4831 2780 4888 eum,
2815 4821 2868 4876 et
2927 4816 3327 4895 manifestabo
3355 4819 3410 4879 ei
3435 4821 3756 4898 meipsum.

2111 4901 2186 4961 Et
2208 4919 2314 4979 ego
2334 4907 2388 4964 et
2404 4903 2594 4964 Pater
2613 4904 2946 4979 veniemus,
2973 4911 3030 4965 et
3049 4908 3423 4969 mansionem
3435 4908 3599 4988 apud
3613 4926 3760 4970 eum

2109 4990 2402 5066 faciemus
2427 4991 2506 5049 99.

2189 5077 2314 5142 Hoc
2341 5083 2556 5143 animae
2586 5081 2928 5162 mysterium
2975 5083 3170 5145 omnis
3217 5085 3418 5148 swcoli
3447 5087 3626 5166 hujus
3654 5106 3759 5150 sa-

378 5186 617 5257 rursum
650 5168 749 5229 illa
777 5169 1082 5257 duntaxat.
1115 5181 1366 5246 quorum
1399 5161 1589 5257 gratia
1613 5161 1748 5257 ira,
1763 5171 1820 5257 et
1849 5163 2024 5243 cupi-
2107 5167 2330 5248 pientia
2358 5161 2702 5250 ignoravit:
2732 5190 2866 5252 quas.
2913 5172 3204 5252 sapientia
3235 5173 3308 5235 ob
3340 5174 3399 5234 id
3433 5161 3610 5236 etiam
3645 5195 3758 5257 pa-

378 5255 532 5320 ditas
561 5266 784 5318 natura;
811 5255 1015 5318 inditae
1072 5260 1233 5326 sunt,
1291 5249 1674 5341 concupiscit.
1709 5249 1821 5322 Qui
1851 5269 2024 5341 secus
2103 5264 2228 5319 stus
2245 5249 2490 5321 rationis
2512 5249 3017 5341 exspersdicitur':
3038 5280 3177 5323 nam
3197 5263 3308 5323 hoc
3333 5265 3521 5324 solum
3541 5249 3760 5329 animae

373 5345 534 5422 facit,
571 5347 838 5408 nondum
869 5355 960 5408 est
1007 5342 1396 5406 Christianus.
1456 5337 1587 5400 Non
1619 5348 1818 5419 itaque
1846 5340 1935 5402 ira
1965 5349 2023 5403 et
2101 5365 2381 5412 arcanum
2397 5358 2595 5433 pastus
2615 5337 2748 5414 cum
2773 5352 3005 5414 ratione
3028 5355 3380 5435 conjunctus
3401 5363 3513 5418 est.
3532 5353 3761 5420 Unum-

449 5507 513 5562 τι
539 5506 716 5575 Joan.
739 5521 867 5584 vm,
899 5507 1002 5570 35.
1083 5501 1145 5558 98
1169 5500 1325 5567 Ibid.
1353 5500 1454 5567 36.
1538 5499 1599 5553 29
1622 5500 1794 5568 Joan.
1824 5517 1951 5583 ΧΠ,
1983 5506 2091 5577 22.
