4068 6112
263 292 378 360 365
1742 292 1921 358 OBA'J

2012 297 2025 355 ι
2065 287 2172 356 XI.
3195 335 3222 347 ι-
3529 292 3651 369 366

263 448 565 512 quemque
593 431 758 494 enim
787 433 996 506 Deum,
1022 427 1307 511 seipsum,
1333 437 1394 492 et
1419 425 1719 492 daemones
1733 441 1907 488 nosse
1927 432 1970 482 Α
1990 424 2112 508 dat,
2145 435 2212 488 ut
2256 436 2625 510 corporatam
2657 436 2990 492 creaturam
3019 430 3306 511 aspiciant
3338 449 3352 496 :
3383 433 3637 500 alterum

270 529 520 602 Oportet.
546 520 746 599 Illum,
780 530 843 583 ut
876 521 1214 596 Dominum,
1247 519 1465 600 quique
1493 518 1656 581 solus
1686 518 1911 578 salvare
1993 515 2148 596 quod
2178 517 2524 606 intellectile
2555 518 2758 580 lumen
2773 517 3014 594 dicitur,
3044 519 3312 583 Christus
3336 519 3639 606 Deus,qui

268 609 470 691 possit.
492 609 719 687 Semet,
747 620 808 672 ut
833 610 1135 673 imbellem
1153 610 1433 671 adversus
1453 609 1708 680 hostem,
1732 623 1908 686 quem
1992 604 2328 685 aspectibus
2357 607 2828 687 intelligibilibus
2857 607 3056 680 donat,
3093 616 3156 670 ut
3179 617 3508 674 creaturam
3538 604 3639 676 in-

265 699 464 760 animo
486 699 774 762 videmus.
796 702 1123 770 Daemonas,
1140 693 1906 776 uthostesinaspectabiles,
1993 712 2344 772 corpoream
2359 696 2817 777 intelligibiliter
2828 705 3244 760 contueantur.
3265 697 3642 766 Nisiexortus

267 787 394 868 qui,
424 788 582 868 quod
611 788 962 851 admirabile
1010 797 1120 862 est,
1183 794 1468 868 perpetuo
1525 803 1633 846 nos
1667 802 1772 864 per
1802 799 1910 843 nos
1983 782 2172 844 fuerit
2200 784 2310 860 sol,
2359 806 2538 865 quem
2590 805 2804 848 sensus
2861 786 3120 866 attingit,
3174 787 3306 850 loca
3355 790 3550 870 plana,
3585 799 3646 854 et

271 877 436 957 ipsos
464 887 824 958 oppugnant.
843 877 915 940 Ut
939 877 1097 938 enim
1122 877 1379 938 exterior
1397 882 1668 955 aspectus
1707 879 1920 951 praeter

273 966 418 1028 solis
447 965 640 1030 lucem
673 967 746 1028 ad
779 967 1089 1048 perspicue
1120 966 1542 1046 evidenterque
1563 963 1918 1042 dignoscen-

273 1055 411 1116 dum
443 1073 542 1117 res
567 1064 819 1137 quatuor
874 1056 1146 1136 requirit,
1174 1055 1423 1117 illaesum
1455 1053 1717 1127 oculum,
1748 1069 1916 1112 com-

272 1163 535 1205 mensam
554 1146 900 1218 motionem,
917 1163 1315 1206 commensam
1329 1142 1688 1209 distantiam.
1706 1157 1914 1220 purum

269 1251 467 1294 aerem
501 1255 516 1294 :
582 1235 668 1296 sic
727 1253 868 1296 sane
900 1243 956 1296 et
980 1234 1227 1296 interior
1255 1241 1526 1312 aspectus
1553 1239 1686 1310 eget
1717 1237 1916 1290 mente

272 1320 1910 1402 perfecta,motionecommensacontemplationis,quam

273 1413 378 1474 Dei
411 1411 591 1473 timor
610 1431 718 1474 ceu
749 1413 915 1474 freno
939 1411 1300 1485 moderetur,
1322 1421 1379 1473 et
1407 1409 1659 1492 quadam
1682 1407 1906 1470 intelli-

269 1499 434 1578 gibili
466 1501 625 1564 aeris
653 1502 932 1582 puritate,
964 1500 1278 1563 illuminati
1310 1519 1444 1562 vero
1473 1498 1718 1570 lumine,
1759 1496 1914 1578 quod

269 1607 507 1649 omnem
533 1590 834 1652 hominem
858 1591 916 1651 in
954 1589 1238 1651 mundum
1267 1591 1542 1651 virtutum
1578 1588 1912 1652 venientem

269 1676 588 1739 illuminat.
608 1680 734 1742 Etsi
753 1698 882 1741 vero
904 1681 1015 1742 hoc
1031 1680 1228 1740 lumen
1247 1678 1530 1740 abscondi
1551 1675 1919 1758 impossibile

273 1773 389 1837 est,
423 1767 576 1846 quod
613 1768 774 1830 nullo
803 1769 1156 1848 sepimento,
1210 1777 1305 1830 aut
1337 1767 1492 1828 nube
1524 1766 1916 1846 intercipitur,

275 1863 376 1914 aut
401 1855 774 1934 prohibetur,
810 1863 1004 1918 tamen
1037 1857 1192 1918 haud
1225 1859 1301 1917 ab
1332 1855 1674 1917 infidelibus
1699 1856 1926 1916 anima-

274 1941 408 2017 bus,
429 1944 532 2004 sed
557 1943 631 2006 ab
653 1945 725 2005 iis
749 1947 964 2020 solum,
985 1947 1186 2026 quaain
1200 1946 1494 2009 Christum
1513 1945 1924 2020 crediderunt,

271 2031 526 2092 videtur.
553 2032 793 2096 Fideles
818 2053 993 2114 porro
1016 2035 1229 2097 anima:
1252 2037 1309 2096 in
1333 2034 1574 2095 veritate
1600 2046 1761 2106 sunt,
1798 2052 1928 2114 quae

275 2129 409 2200 post
435 2123 950 2199 regenerationem
982 2123 1165 2184 divini
1197 2133 1252 2186 et
1280 2123 1432 2185 sacri
1465 2122 1838 2203 baptismatis
1862 2123 1922 2182 in

273 2210 436 2269 nullo
471 2211 703 2290 penitus
748 2212 942 2290 magni
973 2211 1106 2289 Dei,
1138 2221 1196 2273 et
1228 2211 1542 2275 Salvatoris
1569 2212 1754 2273 nostri
1782 2209 1920 2272 Jesu

275 2296 494 2360 Christi
547 2301 886 2364 mandatum
974 2301 1536 2382 transgrediuntur:
1625 2301 1728 2362 sed
1788 2320 1921 2362 cum

273 2396 480 2449 sancto
507 2388 728 2452 Davide
752 2398 958 2472 Optant
997 2391 1238 2454 dicere:
1285 2393 1373 2454 Ad
1401 2395 1608 2454 omnia
1639 2390 1926 2452 mandata

276 2484 382 2540 tua
399 2478 724 2556 dirigebar.
745 2479 993 2542 Omnem
1007 2482 1166 2543 uiam
1193 2482 1538 2560 iniquitatis
1558 2481 1694 2542 odio
1715 2478 1921 2550 habui,

276 2569 564 2646 quoniam
579 2571 786 2631 omnia
798 2571 1088 2632 mandata
1100 2577 1202 2632 tua
1215 2570 1533 2646 iusti/iam.
1549 2570 1755 2630 Omnis
1765 2570 1922 2629 enim

280 2657 386 2735 qui
405 2657 552 2732 facit
561 2658 893 2738 justitiam,
922 2657 1127 2720 scribit
1150 2659 1399 2720 dilectus
1428 2657 1817 2728 illeJoannes,
1845 2675 1922 2719 ex

284 2745 697 2808 Deonatusest
725 2767 738 2806 :
764 2749 871 2827 qui
881 2757 1081 2810 autem
1092 2744 1920 2827 facitpeccatum,ea:diabolo

283 2833 464 2894 est3‘.
498 2832 764 2896 Fidelem
796 2836 995 2917 itaque
1027 2845 1086 2898 et
1142 2836 1441 2898 inﬁdelem
1475 2837 1747 2898 mandata
1791 2834 1918 2896 dis-

280 2920 576 2999 tinguunt.
637 2925 789 2986 Nam
847 2934 912 2986 ut
966 2925 1027 2987 in
1079 2925 1348 3006 quolibet
1403 2925 1621 2988 Christi
1647 2923 1921 2986 mandato

1999 871 2248 946 directa,
2268 875 2392 937 vias
2414 894 2614 956 puras,
2635 884 2693 937 et
2708 875 2884 938 sorde
2929 884 3198 938 vacantes
3231 894 3408 940 nemo
3428 879 3631 944 videt:

1999 960 2080 1022 ita
2128 962 2244 1023 nisi
2274 965 2362 1025 sol
2395 982 2572 1044 quem
2602 971 2800 1025 mente
2831 965 3270 1044 cognoscimus,
3306 985 3441 1030 sese
3471 977 3646 1033 extu-

2000 1050 2159 1126 lerit,
2212 1051 2487 1114 vitiorum
2545 1051 2892 1133 praecipitia,
2952 1060 3009 1114 et
3065 1053 3358 1116 directum
3401 1055 3646 1136 justitiae

2000 1141 2231 1212 callem,
2246 1140 2698 1222 divinorumque
2713 1141 3122 1204 mandatorum
3137 1143 3644 1224 pulchritudinem

1998 1229 2196 1291 nullus
2229 1229 2533 1324 perspicit.
2571 1229 2630 1293 Si
2692 1248 2857 1324 ergo,
2885 1231 3257 1294 Christianus
3283 1236 3645 1324 reperiatur,

1996 1319 2095 1400 qui
2127 1338 2233 1399 per
2284 1321 2434 1381 viam
2494 1319 2893 1400 improbitatis
2955 1329 3156 1396 totam,
3215 1331 3317 1386 aut
3372 1342 3444 1387 ex
3476 1319 3642 1408 parte

1996 1407 2384 1490 ingrediatur,
2419 1410 2678 1474 necdum
2711 1417 2802 1472 est
2857 1409 3250 1473 Christianus.
3284 1411 3432 1475 Nam
3465 1407 3642 1478 Chri-

1997 1498 2224 1560 stianus
2251 1498 2322 1560 ab
2375 1499 2503 1580 ipsa
2559 1517 2778 1560 arcana
2834 1498 2944 1562 Dei
2991 1501 3354 1585 cognitione,
3389 1523 3504 1586 qua
3536 1523 3643 1587 per

1998 1604 2230 1649 sacrum
2247 1587 2537 1668 baptisma
2552 1587 2861 1664 imbuitur,
2887 1588 3379 1672 divinoimpletur
3393 1594 3642 1674 lumine,

2002 1685 2059 1737 et
2087 1677 2450 1738 illuminatus
2480 1685 2592 1753 est,
2626 1696 2695 1739 ac
2725 1677 2963 1740 dicitur.
2997 1679 3175 1760 Atqui
3224 1681 3420 1745 omnis
3451 1684 3554 1765 qui
3583 1685 3648 1746 in

2011 1766 2232 1826 lumine
2262 1765 2548 1846 ambulat,
2607 1766 2804 1828 foveas
2859 1774 2916 1828 et
2969 1767 3330 1833 offendicula
3358 1772 3539 1837 videt.
3576 1775 3642 1838 Si

2010 1873 2128 1915 non
2158 1854 2333 1928 videt,
2368 1873 2478 1916 nec
2506 1854 2707 1916 lumen
2737 1854 2938 1917 habet.
2972 1856 3280 1929 Quomodo
3309 1879 3449 1940 ergo
3476 1861 3644 1926 Chri-

2011 1943 2239 2005 stianus
2260 1942 2397 2004 est?
2419 1943 2481 2005 Si
2501 1951 2694 2005 autem
2718 1961 2782 2005 se
2802 1943 3004 2006 videre
3025 1945 3298 2024 afﬁrmat,
3321 1956 3380 2010 et
3420 1950 3645 2015 nihilo-

2014 2031 2211 2093 minus
2240 2033 2590 2094 deliciarum
2638 2033 2939 2095 illecebris
2981 2035 3232 2116 capitur,
3267 2039 3647 2103 mendacium

2003 2118 2353 2182 dicit.Videt
2373 2119 2529 2182 enim
2548 2119 3049 2201 quemadmodum
3061 2123 3161 2204 qui
3175 2121 3401 2187 lumine
3414 2136 3642 2206 carent,

2001 2207 2062 2269 id
2092 2215 2202 2282 est,
2237 2207 2512 2270 inﬁdeles
2545 2226 2558 2270 :
2621 2215 2680 2271 et
2727 2207 2816 2269 illi
2845 2209 3066 2291 quippe
3103 2210 3257 2273 bona
3287 2221 3345 2275 et
3371 2215 3526 2278 mala
3547 2216 3646 2279 in-

2006 2305 2354 2361 ternoscuut
2383 2297 2648 2378 quidem,
2683 2307 3090 2362 verumtamen
3129 2319 3163 2362 a
3195 2302 3351 2364 malo
3383 2323 3503 2366 non
3535 2305 3647 2369 de-

2007 2387 2264 2475 clinant:
2303 2395 2617 2469 propterea
2648 2389 2804 2470 quod
2839 2407 2958 2450 non
2990 2409 3139 2470 pure
3188 2409 3258 2453 ac
3288 2393 3517 2475 liquido
3549 2395 3644 2460 vi-

2007 2470 2338 2558 dent,’quid
2365 2479 2606 2559 proprie
2628 2478 2853 2540 bonum
2873 2487 2973 2540 aut
2999 2479 3215 2542 malum
3237 2481 3334 2547 sit.
3351 2470 3449 2546 Ἅι
3469 2483 3645 2549 Chri-

2007 2568 2233 2628 stianus
2254 2567 2517 2648 quandiu
2545 2587 2665 2629 non
2699 2567 3032 2648 perspicue.
3064 2587 3134 2632 ac
3163 2570 3409 2651 limpide
3424 2575 3644 2638 malum

2009 2657 2220 2730 cernit,
2255 2657 2517 2718 nondum
2574 2657 2684 2718 fuit
2745 2655 3138 2723 Christianus.
3197 2662 3463 2724 Certabit
3503 2681 3643 2727 vero

2005 2755 2307 2808 certamen
2337 2746 2398 2806 in
2428 2745 2766 2824 gemitibus,
2796 2755 2854 2809 et
2882 2746 3159 2828 lacrymis
3184 2757 3242 2811 et
3275 2751 3547 2832 jejuniis,
3581 2761 3647 2817 ut

2005 2836 2119 2897 sibi
2148 2854 2351 2897 verum
2386 2835 2835 2918 perfectumque
2867 2837 3071 2900 lumen
3123 2837 3451 2916 lllucescat,
3485 2843 3646 2924 quod

2007 2945 2248 2987 omnem
2280 2925 2588 2986 hominem
2610 2925 2670 2987 in
2702 2926 2859 2988 hunc
2891 2927 3180 2990 mundum
3212 2930 3548 2993 venientem
3578 2932 3649 2994 il-

281 3011 662 3090 exsequendo
697 3012 842 3074 ﬁdes
873 3021 929 3075 et
958 3014 1251 3076 confessio
1311 3013 1526 3076 Christi
1559 3021 1870 3103 exercetur
1902 3031 1980 3095 τε
2006 3014 2256 3076 luminat
2273 3013 2353 3088 52,
2388 3022 2444 3074 et
2473 3013 2707 3076 habitus
2757 3015 2970 3077 animae
3013 3017 3310 3080 naturales
3338 3020 3644 3103 emendet,

281 3097 368 3160 sic
395 3098 454 3158 in
470 3105 959 3183 unaquaqueejus
983 3103 1242 3165 mandati
1265 3102 1923 3165 violationeinﬁdelitas
2007 3113 2182 3184 atque
2211 3103 2487 3176 illustret,
2524 3103 2844 3183 firmosque
2893 3121 2964 3165 ac
3007 3104 3230 3166 validos
3260 3107 3493 3185 reddat,
3527 3097 3644 3191 quo

281 3196 341 3248 et
366 3190 599 3278 negatio
615 3189 929 3253 invenitur.
955 3192 1348 3255 Credentibus
1362 3193 1610 3272 igiturin
1624 3191 1922 3256 Christum
2007 3194 2368 3254 voluntatem
2393 3191 2500 3254 Dei
2528 3191 2770 3269 bonam,
2808 3193 3322 3274 beneplacentem,
3347 3205 3408 3258 et
3438 3189 3640 3278 perfe-

280 3277 615 3349 animabus,
652 3286 709 3340 et
737 3280 865 3359 ejus
915 3282 1082 3361 jussa
1137 3283 1415 3362 legesque
1467 3282 1766 3344 custodire
1797 3289 1922 3342 sta-
2008 3289 2159 3344 ctam
2191 3281 2406 3355 videat,
2432 3291 2490 3342 et
2519 3281 2788 3342 eamdem
2820 3283 3034 3361 cupide
3063 3277 3461 3367 ardenterque
3485 3306 3646 3350 com-

283 3367 615 3458 Euentibus,
652 3388 758 3448 pro
789 3389 1062 3432 mensura
1093 3371 1229 3434 fidei
1261 3379 1319 3432 et
1341 3371 1717 3444 obedientiaa,
1745 3389 1922 3450 quam
2010 3372 2321 3452 plectatur.
2347 3369 2459 3443 Qui
2483 3369 2643 3432 enim
2675 3370 2789 3430 vim
2822 3371 3124 3433 caelestem
3157 3390 3192 3433 a
3220 3383 3423 3436 sancta
3451 3375 3646 3458 bapti-

285 3451 391 3517 Cb:
411 3454 528 3518 isto
560 3467 864 3537 praestant,
896 3460 1070 3521 etiam
1096 3461 1214 3523 illis
1249 3470 1311 3523 ut
1360 3461 1598 3523 videant
1628 3461 1875 3540 largitur
1905 3483 1922 3534 ;
2009 3451 2214 3522 Smatis
2237 3459 2522 3521 natatoria
2538 3479 2654 3521 non
2675 3469 3012 3541 senserunt,
3034 3451 3642 3543 quaevisregeneratio

287 3544 447 3632 quod
461 3546 699 3625 quidem
721 3548 944 3626 videre,
971 3559 1060 3611 est
1082 3551 1286 3612 notitia
1309 3570 1512 3613 eorum
1537 3570 1666 3630 quae
1689 3551 1928 3632 proprie
2011 3558 2069 3611 et
2089 3548 2412 3623 renovatio,
2441 3561 2498 3610 et
2519 3556 2582 3610 ut
2616 3567 2753 3610 vere
2791 3557 2901 3624 est,
2942 3551 3284 3613 reformatio
3329 3554 3507 3617 totius
3537 3557 3646 3618 ho-

284 3629 445 3692 hona
473 3642 613 3695 sunt
641 3643 697 3696 et
727 3654 857 3716 quae
889 3656 1005 3698 non
1035 3649 1195 3714 sunt,
1255 3658 1502 3720 quaeque
1532 3629 1591 3700 in
1623 3629 1928 3708 malis—ha-
2015 3639 2194 3699 minis
2220 3646 2479 3713 vocatur,
2513 3637 2586 3698 iis
2615 3648 2750 3718 post
2779 3639 2904 3700 haec
2960 3647 3018 3701 et
3046 3640 3414 3706 institutione
3442 3652 3502 3707 et
3526 3645 3645 3707 im-

288 3717 506 3794 benda,
533 3732 590 3783 et
610 3743 739 3803 quae
761 3744 877 3786 non
899 3726 1192 3802 habenda,
1219 3717 1295 3789 ne
1314 3717 1554 3790 exitium
1579 3746 1683 3809 pro
1706 3728 1920 3803 salute,
2013 3727 2304 3807 positione
2320 3717 2789 3790 venerandarum
2813 3746 3093 3790 manuum
3114 3748 3147 3791 a
3177 3732 3395 3792 sanctis
3422 3733 3647 3796 illumi-

287 3828 438 3871 neve
467 3811 718 3874 salutem
765 3833 870 3895 pro
921 3817 1101 3878 exitio
1159 3817 1540 3879 intueamur:
1605 3817 1710 3879 sed
1741 3817 1926 3880 veluti
2008 3827 2279 3896 natisque
2308 3835 2456 3896 opus
2487 3823 2598 3876 est.
2658 3815 2786 3878 Nisi
2843 3815 3000 3876 enim
3049 3815 3264 3897 cuique
3313 3817 3648 3884 Christiano

285 3915 419 3958 cum
443 3917 650 3962 aurum
671 3905 999 3983 projectum
1025 3906 1316 3983 videmus,
1341 3907 1412 3969 ad
1436 3907 1493 3969 id
1528 3907 1924 3987 colligendum
2009 3905 2294 3967 habitusa
2327 3911 2542 3965 natura
2575 3903 2910 3982 ingenerati
2939 3912 3111 3966 antea
3141 3907 3417 3988 correcti,
3453 3917 3651 3971 trans-

284 3987 651 4052 accurrimus
685 4009 698 4053 :
763 4002 820 4053 et
866 3994 1252 4076 praecipitium
1314 3996 1770 4078 conspicientes,
1806 4017 1928 4059 non
2011 3995 2237 4074 mutati,
2269 4001 2326 4054 et
2353 3993 3260 4073 aturpitudiueeosobscurante
3282 3987 3648 4079 perpurgati,

281 4073 427 4137 inde
458 4097 565 4139 nos
596 4073 1082 4161 praecipitamus:
1115 4085 1200 4148 sic
1231 4073 1545 4148 cernentes
1573 4089 1679 4150 Dei
1713 4087 1927 4149 vulun-
2013 4073 2322 4165 solideque
2351 4083 2595 4145 stobiliti
2627 4083 2866 4157 fuerint,
2901 4073 3412 4165 perdiﬁicile,imo
3433 4073 3654 4169 impos-

284 4170 495 4242 tatem,
532 4180 805 4249 prompte
829 4172 902 4233 ad
924 4173 1084 4234 illam
1107 4173 1393 4249 ferimur;
1423 4184 1482 4237 et
1510 4176 1776 4239 videntes
1800 4199 1938 4260 pec-
2019 4174 2554 4236 sibileestomuino
2586 4174 3652 4243 cuivisanimaa.divinisvoluntatibus

287 4265 510 4348 catum,
567 4277 843 4322 cavemus
897 4281 972 4324 ne
1028 4263 1090 4325 in
1147 4265 1205 4325 id
1268 4265 1597 4348 praecipites
1640 4268 1992 4348 abeamus“
2024 4264 2293 4346 obsequi.
2326 4265 2471 4327 Nam
2507 4263 2668 4345 prius
2697 4265 2852 4346 quod
2908 4263 3109 4328 debile
3166 4273 3224 4327 et
3251 4277 3534 4345 aegrotum
3564 4278 3656 4334 est

288 4344 854 4430 confringanturque
876 4371 1007 4414 ossa
1031 4361 1251 4428 nostra,
1268 4331 1352 4418 .et
1374 4331 1568 4437 neque
1589 4358 1659 4419 ad
1695 4367 1930 4440 tempe-
1949 4331 1993 4380 Β
2013 4331 2215 4417 sanato
2245 4331 2733 4434 conﬁrmatoque:
2767 4354 2848 4416 ita
2876 4353 3117 4416 demum
3149 4355 3221 4417 ad
3246 4357 3649 4422 ministerium

289 4435 781 4518 rantiam,neque
803 4440 875 4500 ad
884 4440 1167 4520 justitiam
1188 4451 1342 4507 stare
1369 4435 1694 4525 possimus:
1727 4435 1931 4510 verum
2013 4446 2300 4507 accedere
2329 4443 2414 4505 fas
2445 4452 2553 4520 est,
2589 4443 2743 4524 quod
2775 4444 2938 4505 omni
2975 4443 3070 4505 cui
3102 4444 3476 4509 ministratur
3507 4469 3656 4512 con-

291 4539 620 4619 nonsecus,
644 4544 820 4619 quam
847 4529 946 4619 qui
967 4530 1028 4590 in
1054 4530 1204 4593 lecto
1226 4533 1928 4619 decumbuntparalytici,
2015 4533 2198 4596 ducit.
2231 4532 2399 4606 Quod
2428 4532 2586 4595 enim
2644 4533 2836 4595 adhuc
2897 4533 3233 4596 morbidum
3265 4544 3378 4619 est,
3413 4539 3658 4603 cuilibet

286 4610 493 4690 jacere
514 4615 763 4678 velimus
792 4617 851 4678 in
869 4618 1282 4696 immunditiis,
1306 4635 1366 4684 et
1405 4610 1670 4701 avaritia,
1696 4637 1752 4689 et
1770 4610 1932 4707 'gau-L
2016 4623 2162 4684 hero
2184 4621 2392 4685 inutile
2415 4629 2522 4684 est.
2559 4622 2644 4684 Ex
2675 4623 2784 4685 hac
2815 4623 3149 4700 ignorantia
3173 4610 3415 4705 plurimi
3443 4636 3659 4691 ascetze

293 4700 1930 4796 deamuspotiusinstardelictorum,quorumdamﬁulla
2013 4711 2348 4774 imbecilles
2379 4720 2436 4772 et
2496 4711 2760 4788 invalidi,
2817 4711 3034 4774 frustra
3091 4700 3387 4796 laborant,
3424 4724 3482 4778 et
3511 4717 3656 4779 dor-

291 4788 519 4882 idcirco
553 4794 820 4856 molestia
851 4797 1176 4880 doloreque
1206 4788 1420 4863 affecti.
1452 4801 1527 4866 Ut
1556 4806 1714 4866 enim
1745 4788 1933 4869 oculis
2015 4801 2205 4862 miunt
2225 4800 2495 4877 multi53,
2523 4819 2672 4882 quos
2706 4801 2956 4882 proinde
2971 4810 3257 4867 aeternum
3282 4788 3431 4868 illud
3453 4805 3659 4869 incen-

295 4879 566 4961 subjecta
587 4894 858 4948 creatura
876 4879 1470 4956 omniscontinenter
1504 4894 1750 4977 lumine,
1772 4896 1933 4974 quod
2014 4890 2178 4954 dium
2208 4889 2522 4954 cremabit.

294 4971 850 5066 sentiturtindiget,
881 4985 944 5039 ut
971 4979 1274 5042 videatur:
1306 4983 1432 5062 pari
1458 4985 1629 5046 modo
1656 4971 1937 5066 quaelibet

297 5059 412 5155 sub
443 5061 892 5155 intelligentiam
938 5068 1184 5131 veniens
1226 5059 1454 5148 natura,
1487 5059 1726 5155 semper
1752 5074 1934 5137 intel-

296 5150 841 5268 lectualiLquqdam
899 5158 1122 5223 lumine
1175 5180 1326 5243 opus
1388 5163 1590 5242 habet,
1619 5150 1699 5228 -ut
1737 5174 1938 5229 mente
2022 5192 2232 5268 ρπειιε

297 5242 864 5322 comprehendatur.

2631 5008 2912 5074 ORATIO
2942 5009 3044 5076 XI.

2617 5097 3046 5164 ARGUIIENTUII.

2249 5191 2587 5276 praeteritis
2597 5199 2864 5276 peccatis
2885 5193 3065 5269 delet,
3089 5211 3226 5276 eum
3237 5194 3662 5276 nequidquam

2086 5272 2307 5348 dolere,
2331 5273 2456 5334 nisi
2473 5272 2842 5354 medicinam
2861 5291 3097 5354 quoque
3109 5272 3659 5354 inﬁrmitatis'suw,

2083 5371 2195 5436 per
2212 5371 2398 5434 quam
2414 5361 2638 5436 peccat,
2661 5371 2698 5436 ᾳ
2721 5352 2960 5436 Christe
2989 5352 3336 5436 ﬂagitatam
3373 5355 3659 5436 accipiat.

2093 5432 2477 5514 Quaicunque
2515 5432 2786 5496 homines
2823 5435 2890 5496 in
2929 5432 3044 5498 hac
3075 5432 3216 5498 'vita
3262 5441 3478 5516 agunt,
3498 5432 3564 5498 ξε
3591 5434 3671 5498 ad

376 5332 508 5394 Duo
540 5333 760 5414 quippe
819 5337 1256 5427 sunt_lumina,
1320 5360 1503 5403 unum
1555 5342 1654 5406 hic
1685 5344 1796 5421 sol,
1836 5345 1938 5427 qui

292 5434 539 5482 sensum
570 5432 788 5500 movet,
823 5432 884 5488 et
941 5425 1068 5490 visu
1115 5429 1467 5512 percipitur,
1501 5432 1721 5516 quique
1749 5425 1939 5512 oculis

371 5637 427 5681 ³ο
454 5635 611 5704 Psal.
641 5655 846 5724 cxvm,
879 5643 1018 5722 128,
1064 5645 1198 5707 17-2.
1283 5647 1333 5691 ει
1365 5646 1392 5710 Ι
1420 5649 1590 5716 Joan.
1621 5667 1709 5731 ιιι,
1741 5653 1802 5731 7,
1834 5653 1896 5716 8.

2012 5652 2230 5716 aJoan.
2265 5669 2309 5728 ι,
2340 5651 2400 5716 9.
2484 5649 2540 5696 ³³
2565 5650 2592 5714 Ι
2620 5652 2760 5716 Cor.
2785 5666 2853 5736 ιι,
2882 5651 2984 5718 30.
