4068 6112
422 269 536 338 871

1721 273 2101 341 maoms
2139 247 2491 341 muretus

3678 267 3797 334 3'72

409 405 622 472 exsilio
654 405 733 471 ad
787 405 1044 472 salutem
1118 414 1494 484 revocantur,
1554 426 1627 472 ac
1653 405 2065 485 restituuntur)
2087 414 2130 463 Α
2159 413 2250 466 tus
2267 412 2377 478 est,
2398 403 2850 466 sanctiﬁcatoris
2876 403 2968 465 sui
3013 401 3419 478 obliviscitur;
3452 403 3586 484 quis
3615 417 3790 463 nem-

407 517 488 561 ne
507 497 637 560 dies
648 497 866 577 jejunii
889 516 1028 559 num
1047 506 1200 574 eret,
1220 499 1379 560 nead
1395 500 1793 580 eleemosynae
1805 497 2067 571 modum,

405 606 519 650 nec
548 587 622 648 ad
653 586 922 648 laborem
943 585 1272 665 vigiliarum
1292 595 1474 668 atque
1496 605 1737 668 precum
1761 585 2066 667 respiciat,

409 695 588 758 quam
620 675 865 738 multum
891 676 1275 755 jejunaverit,
1313 695 1494 757 quam
1529 675 1824 756 benignus
1845 678 1904 736 in
1932 694 2070 755 pau-

410 783 610 846 peres,
644 779 820 846 quam
855 765 1073 826 multus
1128 765 1188 827 in
1249 765 1537 846 precibus
1603 766 1779 826 fuerit
1810 782 1824 826 :
1859 764 1960 825 sed
1994 783 2066 824 an

413 853 703 919 Dominus
733 853 1070 915 attenderit.
1135 853 1196 916 Si
1252 854 1532 935 attendit,
1592 855 1770 916 missa
1821 860 1910 915 est
1955 852 2069 931 ipsi

414 943 606 1024 gratia
636 942 708 1003 de
739 943 913 1018 ccelo,
947 961 1121 1023 quam
1153 961 1203 1004 ει
1246 944 1528 1024 suscepit.
1566 961 1629 1004 se
1661 943 1978 1004 contritum
2011 951 2071 1003 et

421 1032 824 1112 humiliatum,
855 1032 1243 1112 pcenitentem
1292 1041 1352 1095 et
1398 1041 1840 1113 compunctum,
1875 1040 1934 1093 et
1964 1049 2070 1110 per

418 1124 580 1186 hunc
611 1129 826 1183 statum
855 1120 1267 1184 infirmitatem
1326 1140 1516 1203 suam,
1580 1131 1819 1202 peccata
1872 1139 1977 1181 sua
2005 1127 2070 1180 ut

2155 513 2229 576 pe
2258 495 2450 575 ipsum
2482 493 2867 556 sanctiﬁcarit
2908 491 3554 572 sanctiﬁcationemque
3574 491 3632 553 in
3661 491 3788 571 ipso

2155 584 2501 659 contitneat,
2538 592 2596 646 et
2626 601 2728 663 per
2763 581 3080 660 gratiarum
3099 581 3392 642 actionem
3424 580 3785 651 continuam,

2153 672 2556 754 humilemque
2585 672 2856 750 spiritum
2891 671 3204 734 custodiat.
3239 669 3351 742 Qui
3382 671 3538 731 enim
3571 688 3605 730 a
3635 688 3784 750 quo-

2152 761 2308 843 piam
2365 781 2398 823 e
2455 760 2745 842 profundo
2799 759 2974 820 maris
3021 766 3338 835 extractus,
3398 777 3466 820 ac
3519 759 3698 820 veluti
3752 776 3783 821 a

2152 850 2397 912 mortuis
2429 850 2715 912 excitatus
2744 857 2851 929 est,
2885 850 3140 929 qualem,
3177 855 3236 909 et
3277 855 3556 928 quantum
3589 847 3786 908 humi-

2151 940 2334 1003 litatis
2355 958 2593 1000 sensum
2620 938 2861 1000 habebit
2885 942 2912 998 ?
2934 937 3009 999 In
3031 937 3374 1000 humilitate
3396 939 3554 1000 enim
3577 945 3786 1000 nostra

2151 1047 2381 1090 memor
2407 1029 2530 1107 fuit
2559 1033 2753 1090 nostri
2787 1027 3200 1103 Dominus“;
3232 1027 3471 1107 proprie
3498 1027 3655 1088 enim
3683 1027 3786 1089 de-

2153 1117 2357 1178 missio
2383 1117 2564 1179 animi
2595 1116 2945 1198 psalmodia,
2979 1123 3036 1178 et
3085 1120 3286 1178 omnia
3341 1135 3472 1197 quae
3517 1116 3783 1198 facimus,

414 1210 726 1285 deformia,
756 1218 820 1271 ut
848 1210 1063 1291 turpia,
1116 1218 1181 1272 ut
1246 1211 1532 1286 belluina,
1568 1219 1633 1271 ut
1664 1211 1860 1272 anima
1885 1209 2068 1270 ratio-
2151 1207 2267 1267 huc
2296 1215 2583 1286 spectant.

407 1301 502 1361 nis
531 1297 820 1380 participe
848 1297 1116 1375 indigna,
1154 1305 1216 1360 et
1267 1299 1339 1360 ab
1402 1301 1643 1360 homine
1677 1306 1874 1358 mente
1907 1315 2060 1378 praa-
2227 1294 2376 1366 Quid
2411 1313 2585 1374 porro
2617 1302 2707 1356 est
2733 1293 3047 1355 demittere
3100 1294 3388 1375 animum,
3423 1313 3525 1356 seu
3560 1296 3785 1358 sentire

411 1387 534 1450 dito
567 1393 795 1448 remota
823 1394 1169 1448 cernentem
1203 1387 1488 1450 inveniet.
1537 1387 1697 1449 Talis
1728 1386 1886 1448 enim
1919 1405 2065 1446 con-
2147 1385 2221 1446 de
2243 1403 2308 1446 se
2331 1383 2625 1447 submisse
2647 1402 2714 1444 ac
2732 1381 3085 1444 humiliter?
3107 1382 3435 1443 Humanam
3463 1383 3787 1447 imbecilli-

412 1475 589 1556 tingit
615 1475 828 1537 animae
877 1475 1068 1555 prima
1116 1494 1150 1536 a
1205 1475 1327 1537 Deo
1383 1475 1768 1537 illuminatio.
1809 1473 2065 1536 Proinde
2146 1482 2321 1536 tatem
2343 1491 2724 1552 cognoscere,
2753 1471 2884 1553 quae
2907 1471 3794 1551 cognitio,estaDeocredenti-

415 1566 545 1629 haec
573 1566 695 1626 visa
722 1570 789 1625 ut
817 1562 954 1625 odio
985 1563 1165 1641 digna
1220 1565 1364 1638 odit,
1421 1573 1478 1626 et
1511 1571 1872 1627 exsecratur.
1907 1563 1968 1624 Si
1999 1581 2063 1624 se
2145 1563 2255 1625 bus
2275 1562 2335 1623 in
2359 1563 2552 1643 ipsum
2577 1563 2806 1623 caelitus
2829 1561 3087 1621 demissa
3135 1561 3488 1622 illuminatio
3516 1581 3528 1625 :
3564 1562 3790 1645 alioqui

413 1655 498 1717 ita
526 1653 914 1716 constitutum
944 1671 1064 1714 non
1096 1653 1454 1734 cognoverit,
1492 1662 1553 1715 et
1574 1654 1824 1733 jejunia,
1863 1659 1923 1714 et
1945 1651 2035 1713 ele
2084 1698 2122 1746 Β
2146 1653 2320 1713 homo
2347 1652 2595 1730 quilibet
2625 1651 2888 1730 seipsum
2921 1668 3166 1710 noscere
3197 1653 3418 1731 nequit.
3453 1650 3644 1723 Quare
3674 1671 3781 1715 su-

415 1760 749 1822 emosynas.
773 1749 832 1803 et
855 1741 1151 1804 orationes
1177 1743 1456 1822 perdidit.
1491 1742 1684 1806 Unum
1704 1745 1924 1822 quippe
1939 1740 2060 1802 Deo
2084 1740 2118 1746 ⁷
2151 1741 2368 1821 perbus
2390 1741 2538 1801 nihil
2560 1741 2772 1820 cernit,
2795 1740 2900 1801 sed
2924 1758 3114 1801 caecus
3137 1747 3246 1816 est,
3272 1753 3335 1800 ut
3363 1740 3526 1801 aiunt
3557 1741 3779 1804 Patres.

417 1832 796 1913 sacriﬁcium,
822 1849 857 1892 a
887 1831 1090 1911 quovis
1121 1831 1390 1907 homine,
1425 1831 1667 1909 spiritus
1699 1829 2062 1891 contribula-
2147 1829 2258 1902 Qui
2279 1830 2568 1910 baptismo
2593 1831 2808 1890 tinctus
2834 1848 2948 1889 non
2973 1837 3083 1909 est,
3133 1848 3245 1890 nec
3275 1830 3640 1891 illuminatus
3670 1839 3780 1893 est.

417 1930 513 1986 tus
541 1922 605 1972 45
628 1943 641 1980 :
662 1939 732 1982 ac
763 1928 1005 1999 propter
1035 1919 1151 1981 tale
1181 1919 1560 1996 sacriﬁcium,
1598 1928 1837 2000 peccata
1853 1919 2064 1980 remit-
2148 1920 2225 1982 Ut
2245 1928 2438 1980 autem
2458 1919 2678 1998 absque
2699 1919 2924 1979 lumine
2947 1918 3134 1979 oculis
3168 1918 3370 1980 videre
3394 1939 3510 1980 non
3545 1929 3735 2000 potest
3767 1941 3782 1980 :

416 2019 621 2074 tunlur
651 2007 1191 2089 ;quemadmodum
1218 2017 1462 2089 propter
1491 2008 1687 2090 ipsum
1715 2009 1830 2069 hoc
1851 2007 2072 2068 sacriﬁ-
2153 2007 2237 2069 sic
2267 2007 2465 2069 anima
2493 2027 2526 2069 a
2555 2007 2785 2071 Christo
2819 2006 3059 2087 mystice
3095 2026 3211 2067 non
3241 2006 3600 2081 illuminata,
3621 2028 3787 2069 suam

415 2101 576 2163 cium
607 2105 666 2160 et
687 2097 1010 2178 jejunium,
1044 2105 1105 2160 et
1136 2098 1536 2178 eleemosyna,
1589 2106 1648 2159 et
1681 2097 1866 2158 oratio
1897 2095 2070 2166 insti-
2152 2096 2339 2177 ipsius
2368 2097 2830 2158 imbecillitatem
2891 2097 3238 2176 conspicere
3291 2099 3516 2178 nequit.
3569 2097 3681 2160 Sed
3714 2099 3785 2160 ad

413 2189 621 2254 tuitur.
656 2186 781 2249 Hoc
813 2185 970 2248 enim
1006 2193 1096 2248 est
1125 2188 1467 2266 mysterium
1522 2184 1867 2254 Christiani,
1903 2195 1955 2246 et
1989 2185 2068 2245 ita
2151 2185 2806 2247 hancilluminationem
2824 2204 3090 2266 quaenam
3107 2186 3785 2264 pertinent‘2lnfidelibus

409 2297 584 2358 agere
615 2291 722 2357 par
755 2283 866 2338 est.
901 2273 1048 2336 Nam
1098 2274 1350 2355 jejunia,
1414 2274 1648 2354 vigilia,
1687 2273 1854 2335 humi
1885 2281 2064 2335 strata
2148 2275 2387 2354 quidem
2411 2274 2568 2341 ﬁdes
2593 2275 2650 2334 in
2672 2274 2993 2348 Christum,
3019 2283 3076 2334 et
3098 2275 3364 2335 divmum
3391 2274 3702 2355 baptisma,
3724 2284 3787 2337 ut

409 2366 650 2438 cubilia,
686 2365 1102 2445 eleemosynae,
1128 2383 1359 2444 preces,
1387 2363 1757 2444 psalmodiae,
1785 2364 2060 2424 volunta-
2145 2363 2440 2425 diximus:
2476 2372 2563 2424 ast
2591 2363 2684 2434 iis,
2723 2364 2821 2444 qui
2854 2371 2982 2444 post
3034 2363 3389 2442 baptismum
3445 2365 3784 2440 caeculiunt,

410 2457 502 2520 ria
532 2453 908 2525 mendicitas,
938 2461 999 2514 et
1055 2472 1188 2534 quae
1247 2454 1426 2515 homo
1484 2453 1696 2514 fecerit
1726 2451 1951 2526 omnia,
1985 2455 2056 2512 ad
2142 2466 2316 2534 atque
2332 2454 2480 2515 adeo
2503 2455 2880 2535 superbiunt,
2907 2453 3042 2516 etin
3068 2455 3225 2532 leges
3248 2455 3625 2517 committunt
3649 2456 3788 2519 tSu-

409 2543 601 2608 Deum
630 2541 746 2604 sibi
777 2540 1128 2620 placandum
1176 2541 1340 2604 facit.
1401 2541 1569 2613 Quod
1623 2541 1674 2602 si
1722 2539 1824 2603 ille
1855 2559 2054 2601 secum

412 2634 477 2696 in
529 2630 776 2712 gratiam
833 2649 954 2692 non
1008 2629 1280 2704 redierit,
1339 2629 1497 2710 quod
1557 2629 1795 2690 tandem
1847 2629 1906 2689 in
1964 2629 2058 2690 his

411 2720 880 2785 emolumentum
906 2716 938 2776 ?
967 2716 1184 2779 Anima
1202 2718 1362 2780 enim
1389 2721 1509 2778 Deo
1530 2717 1917 2779 reconciliato
1940 2718 2056 2779 hu-

412 2809 595 2884 milis,
629 2815 690 2869 et
747 2813 1056 2868 mansueta
1111 2807 1196 2886 ﬁt,
1269 2805 1505 2886 Deoque
1563 2814 1782 2879 astans,
1846 2814 1908 2867 ut
1939 2806 2059 2867 Deo

411 2905 582 2978 astat,
615 2914 727 2959 nec
754 2913 820 2958 se
862 2895 978 2956 huc
1028 2901 1086 2955 et
1142 2893 1293 2956 illud
1345 2900 1561 2956 versat.
1619 2892 1824 2974 Itaque
1848 2894 1898 2954 si
1930 2893 2059 2955 talis

2139 2544 2307 2623 perbi
2326 2543 2485 2604 enim
2511 2543 2721 2624 inquit,
2748 2543 3008 2625 agebant
3025 2546 3518 2625 uquequaquew.
3544 2545 3635 2609 Et:
3671 2546 3790 2606 Do-

2141 2636 2341 2695 minus
2371 2634 2644 2712 superbis
2673 2636 2903 2695 resistit
2931 2634 3014 2693 47.
3046 2633 3140 2713 Et,
3173 2633 3561 2714 Principium
3591 2639 3787 2698 omnis

2136 2729 2380 2801 peccata
2394 2722 2764 2802 superbia“.
2777 2722 2862 2784 Et:
2884 2724 3262 2802 Principium
3279 2728 3537 2804 peccati,
3553 2728 3786 2788 nescire

2145 2811 2460 2872 Dominum
2492 2811 2599 2889 49),
2630 2811 2864 2884 talibus,
2892 2811 3154 2891 inquam,
3183 2821 3319 2873 ante
3341 2814 3457 2874 alia
3473 2814 3782 2892 mysterio-

2141 2917 2268 2960 rum
2295 2899 2644 2961 Christianae
2658 2900 3121 2974 ﬁdeiinstitutio,
3151 2910 3213 2962 ut
3233 2919 3364 2962 cum
3389 2900 3777 2976 crediderint,

411 2987 676 3052 nondum
707 2991 816 3061 est,
851 2986 1042 3048 Deum
1073 2982 1337 3045 nondum
1385 2983 1641 3045 amicum
1690 2982 1869 3045 habet
1900 3004 1915 3044 :
1951 2983 2054 3045 sed
2077 3018 2116 3069 ρ
2142 2987 2574 3052 illuminentur.
2608 2988 2669 3051 Si
2723 2989 2879 3050 enim
2942 2989 3188 3069 primam
3219 2989 3392 3050 fidem
3428 2988 3778 3070 tenuissent,

412 3078 538 3141 sive
567 3075 800 3157 psallat,
833 3073 957 3135 sive
987 3081 1139 3149 oret,
1173 3072 1367 3135 adhuc
1417 3071 1526 3133 sub
1558 3081 1855 3152 potestate
1889 3072 2056 3134 mali-

411 3166 518 3250 gni
548 3177 662 3246 est,
692 3171 749 3226 et
779 3161 1525 3250 reconciliationemistam
1557 3169 1692 3223 ante
1722 3161 1980 3242 psalmos
2003 3168 2062 3224 et

417 3249 718 3320 orationes
738 3259 944 3333 petere
967 3259 1200 3333 oportet
1227 3271 1243 3328 ;
1270 3249 1489 3331 alioqui
1511 3268 1652 3326 spes
1673 3250 1883 3312 salutis
1902 3250 2062 3312 nulla

413 3349 709 3426 superest.
733 3340 968 3415 Errant,
993 3339 1094 3422 qui
1109 3347 1420 3419 antequam
1434 3357 1499 3400 se
1512 3337 1633 3400 Deo
1643 3337 2054 3413 reconcilient,

414 3441 656 3513 canunt,
688 3449 756 3493 ac
807 3429 1088 3512 psallunt,
1151 3437 1210 3490 et
1265 3446 1444 3490 voces
1502 3427 1562 3488 in
1619 3445 1816 3489 aerem
1848 3428 2062 3490 frustra

405 3523 655 3604 jactant,
679 3518 987 3600 Deumque
1007 3518 1082 3580 ad
1113 3517 1261 3579 iram
1290 3522 1635 3604 provocant.
1655 3516 1879 3578 Avertit
1899 3517 2057 3577 enim

414 3603 488 3674 ab
517 3609 662 3691 ipsis
689 3607 900 3671 faciem
932 3625 1122 3670 suam.
1184 3606 1262 3668 Et
1302 3623 1406 3666 ore
1435 3603 1677 3686 quidem
1710 3605 2052 3684 psallentes,

413 3708 616 3763 mente
636 3705 695 3760 et
713 3696 1068 3776 cogitatione
1085 3695 1146 3756 in
1170 3694 1351 3757 rebus
1385 3693 1698 3755 diabolicis
1721 3702 2052 3755 versantur.

411 3790 544 3854 Non
575 3786 752 3868 igitur
781 3785 908 3848 sola
945 3784 1198 3866 jejunia,
1255 3801 1488 3865 preces,
1553 3790 1611 3844 et
1667 3783 2059 3863 eleemosynze

411 3875 784 3941 sanctitatem
819 3874 1277 3955 libertatemque
1307 3873 1542 3954 pariunt
1579 3894 1592 3933 :
1629 3871 1734 3933 sed
1766 3879 1904 3932 ante
1936 3874 2061 3935 haec

411 3966 582 4042 ﬁdes,
617 3971 675 4026 ot
703 3962 960 4044 cognitio
994 3963 1147 4044 ejus,
1183 3965 1284 4044 qui
1336 3961 1598 4024 liberare
1652 3968 1865 4041 potest,
1903 3961 2060 4022 divi-

408 4072 624 4118 norum
655 4051 1089 4134 mysteriorum,
1125 4068 1342 4132 nempe
1375 4049 1734 4111 immaculati
1763 4049 2054 4128 corporis,

410 4151 470 4207 et
496 4141 801 4222 sanguinis
857 4140 1090 4202 Domini
1142 4139 1306 4214 Jesu,
1367 4156 1438 4202 ac
1493 4139 1600 4199 Dei
1633 4139 2060 4219 omnipotentis

412 4229 916 4295 communicatio:
976 4230 1090 4304 Qui
1145 4230 1294 4292 dicit
1345 4229 1440 4290 his
1493 4230 1598 4307 qui.
1647 4229 1834 4289 vincti
1889 4236 2054 4301 sunt,

411 4323 675 4384 eaitemt
696 4320 792 4382 his
816 4321 920 4398 qui
944 4321 1012 4381 in
1039 4318 1316 4392 tenebris,
1345 4316 1808 4391 revelamini“,
1844 4335 1975 4377 cum
2008 4317 2058 4378 is

411 4409 514 4491 qui
536 4407 960 4488 communicat,
985 4407 1184 4469 anima
1206 4415 1262 4468 et
1279 4424 1529 4486 corpore
1563 4405 1650 4466 illi
1683 4406 2062 4485 conjungitur

410 4515 481 4560 ac
513 4495 816 4570 miscetur,
849 4495 1030 4576 inque
1059 4495 1317 4557 divinam
1349 4503 1617 4556 naturam
1637 4503 2056 4559 commutatur.

412 4585 548 4650 Alia
576 4584 675 4647 via
704 4583 942 4647 fidelem
976 4584 1210 4658 salvari,
1246 4591 1304 4646 et
1330 4583 1747 4645 remissionem
1783 4592 2058 4663 peccato-

408 4694 543 4738 rum
573 4673 872 4755 accipere,
925 4673 1284 4754 cmlesteque
1329 4690 1578 4752 regnum
1639 4671 1910 4734 obtinere
1940 4673 2060 4734 im-

413 4761 698 4847 possibile
719 4769 832 4838 est,
865 4761 980 4824 nisi
1013 4781 1147 4824 cum
1178 4761 1394 4822 timore
1445 4769 1503 4822 et
1536 4769 1797 4821 tremore
1831 4772 2056 4840 myste-

412 4853 638 4916 riorum
682 4849 970 4931 corporis,
1029 4858 1086 4913 et
1137 4849 1438 4929 sanguinis
1487 4847 1705 4913 Christi
1763 4851 2057 4930 particeps

413 4942 536 5005 ﬁat.
573 4943 729 5006 Deus
753 4948 949 5002 autem
980 4939 1276 5021 quomodo
1333 4947 1509 5020 queat
1540 4955 1675 4999 esse
1703 4956 1931 5019 servus,
1962 4949 2060 5002 aut

412 5029 706 5110 impurus,
731 5037 830 5091 aut
850 5049 988 5092 cum
1012 5028 1288 5091 facultate
1309 5028 1506 5108 aliqua
1525 5027 1814 5108 peccandi
1834 5025 1865 5086 ?
1880 5029 1945 5089 In
1967 5028 2060 5090 his

414 5118 577 5182 enim
607 5117 973 5200 relinquere,
1013 5115 1418 5180 sanctimoniae
1448 5115 1668 5176 amisso
1701 5124 1788 5176 est
1819 5135 1834 5176 :
1874 5116 2054 5179 amis-

415 5206 506 5269 sio
531 5220 729 5270 autem
755 5225 826 5269 ex
845 5206 1215 5288 arrogantia;
1261 5206 1596 5285 arrogantia
1616 5222 1685 5265 ex
1707 5203 2004 5267 oblivione
2030 5227 2045 5281 ;

2143 3097 2260 3138 non
2293 3078 2494 3157 utique
2549 3077 3002 3141 caecutivissent.
3063 3078 3134 3139 Et
3188 3087 3492 3158 postquam
3524 3079 3785 3140 instituti

2143 3167 2381 3239 fuerint,
2411 3166 2928 3247 creditlerentque,
2956 3167 3234 3228 videbunt
3258 3169 3787 3248 omnino,totoque

2142 3255 2358 3317 affectu
2394 3255 2786 3335 pmnitebunt,
2847 3266 3176 3318 metuentes
3224 3256 3519 3337 judicium
3570 3256 3696 3330 Dei,
3731 3263 3790 3318 et

2143 3343 2502 3425 aspicientes
2521 3362 2653 3424 quae
2673 3353 2771 3404 aut
2793 3347 3007 3425 turpia,
3059 3356 3158 3407 aut
3199 3365 3478 3426 perversa
3509 3346 3786 3425 designa-

2145 3433 2513 3513 rintsibique
2536 3433 2984 3512 persuadentes,
3015 3435 3177 3497 mille
3192 3435 3486 3515 supplicia
3524 3454 3588 3496 se
3619 3454 3784 3496 com,

2145 3521 2454 3584 meruisse.
2481 3519 2722 3601 Turpia,
2750 3532 2809 3582 ut
2831 3524 3156 3604 voluptates
3177 3544 3245 3587 ac
3289 3525 3571 3586 libidines
3599 3545 3614 3598 ;
3647 3542 3782 3604 per-

2142 3628 2333 3684 versa,
2374 3620 2436 3671 ut
2463 3612 2786 3685 avaritiam,
2847 3613 3217 3693 injustitiam.
3281 3614 3505 3675 dolum.
3539 3611 3606 3672 Et
3634 3631 3782 3691 quo-

2145 3698 2300 3760 niam
2333 3701 2526 3761 omnis
2545 3700 2844 3780 paenitens
2865 3702 3230 3784 humiliatur,
3255 3703 3393 3765 huic
3442 3702 3614 3776 Deus,
3647 3711 3740 3761 tan
3761 3732 3778 3744 -

2146 3806 2320 3868 quam
2374 3788 2604 3862 humili,
2658 3789 2756 3850 dat
2802 3790 3070 3868 gratiam.
3135 3799 3197 3851 ut
3253 3800 3312 3854 et
3347 3791 3692 3870 voluptates,
3727 3793 3786 3849 ct

2146 3878 2457 3957 pravitates
2478 3877 2699 3942 oderit.
2728 3897 3084 3961 semperque
3114 3881 3584 3943 imbecillitatem
3619 3897 3784 3939 suam

2143 3973 2448 4044 agnoscat,
2482 3985 2598 4045 quo
2629 3985 2831 4028 eorum
2888 3968 3076 4031 vicem
3129 3969 3345 4044 doleat,
3385 3970 3484 4050 qui
3520 3967 3794 4029 similiter

2141 4053 2365 4114 vittosis
2394 4055 2809 4116 affectionibus
2861 4057 3152 4133 laborant,
3216 4069 3273 4120 et
3299 4063 3561 4120 animum
3594 4057 3791 4118 aliena

2142 4141 2520 4205 incommoda
2549 4147 2903 4207 sentientem
2937 4157 3122 4228 gerat,
3155 4148 3648 4227 otl'endentesque
3671 4165 3788 4207 non

2143 4231 2523 4306 condemnet,
2558 4242 2616 4294 et
2667 4238 2741 4294 sit
2787 4235 2941 4298 mitis
2988 4255 3056 4299 ac
3107 4239 3357 4319 patiens,
3410 4237 3788 4316 inveniatque

2140 4320 2487 4382 animaesuae
2503 4322 2793 4403 requiem,
2807 4333 2866 4386 et
2885 4325 2972 4386 sic
2989 4326 3200 4389 Cantet
3217 4329 3471 4389 Domino
3483 4329 3787 4388 caminum

2145 4427 2656 4491 novum,carmen
2675 4413 2801 4474 Deo
2825 4424 3035 4478 nostro
3055 4417 3137 4492 50,
3172 4435 3303 4497 quin
3331 4424 3420 4477 est
3450 4435 3520 4477 ex
3555 4435 3698 4496 puro
3728 4425 3784 4477 et

2143 4499 2394 4561 contrito
2417 4501 2598 4562 corde
2619 4504 2940 4583 gratiarum
2968 4506 3143 4568 actio.
3168 4506 3452 4568 Corenim
3468 4505 3784 4570 contritum

2144 4597 2201 4650 et
2232 4590 2628 4668 humiliatum,
2692 4602 2780 4654 est
2838 4612 3049 4674 purum
3109 4614 3257 4656 cor:
3309 4595 3466 4676 quod
3528 4596 3580 4656 si
3609 4593 3783 4668 desit,

2144 4681 2338 4740 omnis
2359 4683 2474 4740 aha
2496 4682 2823 4760 psalmodia
2848 4684 2996 4745 nihil
3023 4685 3197 4746 valet.
3229 4685 3370 4746 Nam
3402 4684 3503 4765 qui
3525 4683 3648 4746 Deo
3672 4684 3786 4744 hoc

2144 4765 2319 4828 modo
2339 4786 2456 4828 non
2481 4769 2694 4848 psallit,
2723 4791 2840 4832 non
2891 4782 3081 4852 potest
3102 4775 3373 4854 psallere,
3402 4773 3509 4835 etsi
3536 4773 3784 4834 multum

2141 4855 2412 4917 sudarit:
2473 4859 2580 4919 sed
2629 4859 2826 4938 lingua
2887 4863 3165 4943 loquitur,
3225 4863 3425 4924 animo
3456 4870 3655 4922 autem
3689 4860 3789 4922 illa

2141 4944 2378 5034 volutat,
2416 4965 2547 5026 qua;
2577 4947 2764 5010 Deum
2816 4950 3074 5034 irritant,
3123 4953 3373 5033 ejusque
3405 4952 3549 5013 iram
3582 4958 3790 5011 contra

2141 5032 2335 5112 ipsum
2367 5036 2721 5100 accendunt.
2783 5032 3176 5120 Quapropter,
3239 5032 3788 5121 quomoduquzcvis

2146 5131 2415 5210 creatura
2443 5127 2818 5206 aspectabilis
2873 5147 3109 5210 semper
3167 5132 3354 5192 lucem
3410 5129 3686 5209 postulat,
3721 5135 3788 5188 ut

2143 5209 2430 5287 videatur,
2457 5213 2539 5276 ita
2559 5216 2750 5276 omnis
2773 5236 2903 5297 qua;
2943 5209 3270 5281 intellectui
3312 5227 3467 5298 patet
3493 5227 3788 5281 creatura,

418 5295 640 5359 oblivio
674 5314 747 5358 ex
776 5304 1119 5377 contemptu
1153 5314 1173 5371 ;
1205 5313 1362 5371 cum,
1383 5295 1487 5376 qui
1516 5293 1701 5355 semel
1725 5295 2050 5358 sanctiﬁca-
2135 5317 2374 5379 semper
2396 5304 2584 5365 lucem
2605 5304 2713 5368 sub
2759 5293 2999 5369 sensum
3021 5326 3138 5368 non
3175 5293 3483 5372 cadentem
3516 5309 3792 5393 requirit,

498 5501 741 5591 “Psal.,
757 5519 824 5591 ᾗ
843 5503 951 5591 19.Δ
1025 5501 1222 5591 Qisg.
1243 5518 1409 5591 nux,
1434 5500 1495 5564 9.
1581 5501 1646 5591 ᾧ
1663 5498 1820 5570 Psal.
1840 5517 2046 5581 cxxxv,
2076 5505 2178 5572 93.
2262 5508 2326 5558 *ὃ
2345 5510 2500 5574 Psal.
2525 5527 2728 5590 cxvm,
2752 5511 2819 5574 δι
2839 5559 2854 5576 .
2938 5513 3001 5563 47
3023 5511 3152 5579 Jac.
3180 5529 3262 5591 Iv,
3284 5513 3344 5578 6.
3429 5515 3492 5565 ⁴8
3510 5513 3704 5580 Eccli.
3726 5532 3790 5588 ι,

423 5579 522 5644 15.
607 5579 983 5651 491bid.l4.
1067 5583 1544 5660 50Psal.xxx1x,
1592 5585 1652 5647 li.
