4068 6112
323 276 440 350 313
1691 285 1694 287 ‘
1791 294 2073 358 ORATIO
2117 293 2283 358 xm.
3599 283 3718 358 374
3797 255 3799 258 ⁴

321 419 389 505 ut
417 419 976 505 comprehendatur.
1008 423 1080 485 Et
1108 424 1262 486 sicut
1305 425 1437 505 quis
1467 423 1543 486 de
1575 421 1777 487 multis
1809 441 1963 503 prae-
1985 443 2026 478 Α
2050 428 2106 482 et
2137 421 2196 483 in
2233 431 2500 486 naturam
2536 429 2798 486 nostram
2828 421 3204 505 deprevatam
3235 423 3577 488 libertatem
3601 442 3679 487 na

321 501 498 564 claris
529 504 914 586 facinoribus,
962 522 1020 573 et
1057 501 1387 574 actionibus
1444 513 1566 574 suis
1621 501 1823 574 dicere
1850 530 1967 572 non
2052 517 2200 585 ctus,
2236 514 2566 575 secundum
2615 532 2787 594 quam
2832 501 3078 574 in’eam
3123 513 3265 595 agit,
3327 533 3458 576 cum
3491 512 3591 594 qui
3621 513 3694 576 ab

328 601 543 682 potest,
581 607 780 672 noctu,
818 609 874 660 et
903 601 1032 662 sine
1063 602 1288 663 lumine
1319 603 1465 664 feci:
1531 603 1616 663 sic
1644 621 1839 682 neque
1868 603 1966 678 qui
2051 599 2179 679 ipso
2217 603 2347 662 sine
2378 601 2818 663 intermissione
2846 612 3284 682 oppugnantur,
3317 603 3547 664 saeculis
3577 603 3693 664 sibi

319 680 499 772 vitam
532 683 653 745 Deo
685 688 1013 766 placentem
1067 692 1276 770 egerit,
1345 691 1545 752 dicere
1597 680 1806 772 quibit,
1837 694 1968 753 sine
2052 691 2509 762 succedemibus
2541 680 2983 772 prmtereantac
3008 680 3364 767 dilabantur,
3397 692 3526 770 ipse
3555 711 3695 753 vero

323 769 574 861 lumine,
609 777 762 854 quod
789 778 845 836 in
871 769 1313 857 intelligentiam
1340 782 1520 856 cadit,
1553 769 1683 844 feci.
1709 782 1770 844 Si
1792 800 1970 842 ausus
2051 797 2236 840 annos
2265 781 2518 860 amplius
2545 769 2747 843 sexies
2781 780 2944 842 mille
2972 789 3282 842 sexcentos
3312 769 3552 861 semper
3580 781 3691 842 ho-

331 857 534 951 fuerit,
569 866 815 925 mendax
849 876 955 937 est,
989 874 1048 927 et
1075 868 1230 930 filius
1259 868 1477 930 diaboli
1513 891 1527 930 :
1565 889 1672 931 nec
1703 872 1964 951 seipsum
2051 869 2156 928 stis
2189 857 3320 950 huma'nigeneris,etquidemoccultus
3344 857 3523 950 atque
3540 871 3672 932 clan

333 948 644 1041 aliquando
679 963 766 1012 est
796 957 1252 1036 contemplatus,
1292 978 1401 1018 nec
1452 959 1601 1019 viam
1633 959 1736 1020 Dei
1767 948 1970 1020 a'mbu-
2052 958 2321 1019 destinus
2353 948 2769 1039 permanserit,
2813 948 3217 1040 hominesque
3277 979 3383 1041 per
3412 948 3720 1041 i—psosme:

327 1022 466 1098 lavit
494 1041 753 1101 omnino.
792 1042 960 1105 Unde
989 1022 1273 1126 scriptum
1320 1055 1446 1109 est:
1502 1048 1616 1121 Qui
1642 1049 1964 1129 gloriatur,
2051 1022 2375 1127 oppugnet:
2409 1058 2466 1109 et
2495 1067 2596 1110 eos
2623 1022 2975 1129 prasertim,
3027 1022 3137 1130 qui
3180 1022 3352 1111 modo
3383 1022 3720 1112 nascentest

326 1133 394 1189 in
424 1129 682 1191 Domino
709 1135 1008 1211 glorietur
1035 1136 1114 1198 51,
2060 1135 2118 1194 in
2153 1137 2326 1197 vitam
2360 1137 2738 1212 introierunt,
2762 1138 2865 1218 qui
2887 1157 3003 1199 non
3036 1138 3224 1199 solum
3249 1139 3723 1200 certaminishu-

407 1220 702 1280 Caeterum
723 1223 990 1283 attendas
1014 1235 1268 1304 oportet,
1296 1225 1676 1286 oilluminate
1696 1225 1974 1287 aChristo
2053 1225 2152 1300 jus
2187 1224 2362 1302 periti
2399 1245 2516 1286 non
2552 1236 2712 1301 sunt,
2744 1226 2848 1288 sed
2881 1226 3058 1287 etiam
3088 1227 3268 1308 vires,
3299 1228 3434 1306 ejus
3463 1227 3711 1288 bellicas

326 1306 606 1387 desuper,
636 1328 709 1369 ne
734 1311 880 1372 forte
902 1311 995 1373 ide
1020 1314 1262 1374 veniens
1295 1322 1350 1375 te
1383 1315 1562 1384 ,taleat
1595 1314 1972 1393 illuminatio,
2058 1311 2324 1373 funditus
2356 1312 2630 1392 ignorant
2659 1315 2767 1394 (sic
2799 1315 2955 1376 enim
2976 1306 3292 1394 jaculatur,
3328 1324 3390 1376 ut
3418 1315 3710 1396 videatur,

326 1416 458 1458 cum
493 1397 568 1458 sit
599 1400 848 1474 occulta,
887 1400 1114 1482 tibique
1146 1422 1271 1463 eam
1299 1413 1359 1465 ut
1387 1403 1710 1482 propriam,
1747 1411 1803 1463 et
1825 1421 1892 1463 ex
1919 1411 1974 1464 te

324 1495 514 1548 ortam
549 1488 842 1550 ascribas:
878 1489 1218 1571 ideoqueab
1233 1492 1418 1553 oculis
1453 1492 1566 1553 tuis
1597 1493 1813 1572 ablata,
1837 1511 1972 1554 rur-

323 1594 456 1636 sum
494 1585 548 1636 te
578 1576 636 1636 in
694 1579 955 1640 tenebris
1011 1581 1267 1642 deserat.
1323 1581 1480 1642 Deus
1531 1581 1688 1640 enim
1734 1583 1834 1660 qui
1865 1581 1974 1642 sub

2058 1418 2168 1461 nec
2193 1407 2386 1462 tamen
2411 1403 2522 1483 ipsi
2549 1404 2749 1465 vident
2777 1423 2789 1463 :
2820 1412 2881 1464 ut
2901 1404 3145 1481 angelus
3175 1404 3322 1464 lucis
3351 1412 3616 1484 apparet,
3653 1412 3712 1466 et

2057 1499 2116 1549 ul
2153 1493 2416 1552 tenebrae
2449 1493 2674 1554 bellum
2701 1493 2892 1572 gerit),
2919 1493 3202 1554 adversus
3225 1512 3712 1574 unumquemque

2061 1596 2177 1638 non
2201 1581 2564 1642 mediocrem
2599 1601 2794 1656 usum,
2828 1581 3378 1662 experientiamque
3401 1592 3488 1643 est
3506 1601 3716 1644 conse-

325 1677 628 1746 aspectum
655 1687 770 1728 non
795 1671 975 1742 venit,
1004 1670 1225 1730 lumine
1251 1671 1502 1750 quodam
1538 1670 1690 1730 haud
1712 1680 1974 1750 aspecta-
1998 1704 2033 1751 Β
2058 1677 2248 1731 cutus.
2282 1669 2444 1730 Finis
2473 1681 2668 1732 autem
2703 1678 2757 1731 et
2806 1689 3022 1750 scopus
3071 1671 3199 1750 ejus
3248 1672 3704 1751 oppugnationis

325 1759 430 1820 bili
461 1757 753 1818 illuminat
786 1778 799 1817 :
857 1765 913 1817 et
945 1777 1012 1818 ea
1062 1757 1416 1821 illuminatio
1477 1757 1798 1840 (quomodo
1830 1759 1969 1820 item

325 1849 510 1928 Deus)
547 1847 1006 1926 inaspcclabilis,
1035 1867 1101 1907 ex
1127 1847 1352 1907 effectis
1380 1849 1500 1909 suis
1516 1847 1894 1929 perspicitur.
1913 1847 1970 1909 Si

329 1946 383 1998 te
415 1937 698 1998 humilem
734 1944 790 1994 et
814 1937 1126 1995 contritum
1149 1936 1477 2014 experiere,
1504 1957 1678 2016 quam
1703 1935 1967 2009 numilis,

325 2035 443 2086 tam
475 2024 840 2084 illuminatus
863 2043 947 2084 es.
980 2025 1218 2085 l’roficit
1248 2026 1406 2086 enim
1441 2029 1656 2100 anima,
1691 2025 1740 2086 si
1768 2025 1827 2086 in
1862 2025 1970 2086 hu-

325 2115 571 2174 militate
607 2112 835 2192 proficit
869 2134 883 2188 ;
914 2113 1284 2194 cognitioque
1318 2115 1668 2175 humilitatis
1701 2130 1761 2176 et
1796 2133 1965 2175 man-

323 2202 676 2266 suetudinis.
713 2202 803 2260 sui
835 2200 1040 2280 ipsius,
1077 2211 1134 2262 et
1196 2203 1298 2265 Dei
1352 2203 1612 2278 cognitio
1646 2213 1754 2277 est,
1790 2213 1853 2264 ut
1885 2203 1967 2264 di-

324 2291 473 2351 vinae
502 2289 808 2368 sapientia:
836 2290 1120 2350 antistite
1156 2292 1543 2354 at'tirmarunt.
1579 2293 1808 2354 Animae
1839 2311 1967 2372 qua:

321 2379 428 2440 Dei
463 2380 878 2450 visitationem,
914 2378 1034 2438 sive
1065 2379 1318 2440 divinam
1346 2381 1866 2456 illuminatiouem,
1900 2403 1966 2445 ac

322 2468 704 2529 serenitatem.
736 2467 950 2546 adepta
966 2479 1076 2546 est,
1098 2477 1332 2546 peccata
1360 2478 1467 2549 est,
1500 2470 1753 2531 etnullis
1781 2472 1968 2533 turbis

327 2558 606 2637 agitatur.
631 2554 983 2635 Hujusmodi
1008 2557 1465 2618 illustrationem
1490 2559 1866 2638 exstinguunt
1883 2561 1970 2621 in-

328 2648 668 2708 humanitas
736 2646 1332 2724 judit-are.fratrem.
1398 2658 1568 2709 tenax
1619 2650 1967 2730 injuriarum

2059 1775 2174 1817 non
2208 1760 2702 1833 contemnendus,
2745 1767 2804 1822 et
2833 1759 3225 1822 formidabilis
3255 1769 3366 1822 est.
3400 1759 3545 1821 Nam
3569 1779 3704 1822 eum

2056 1865 2089 1905 a
2124 1846 2412 1926 principio
2441 1867 2628 1925 genus
2660 1849 2964 1910 hominum
2996 1867 3030 1908 a
3052 1848 3174 1910 Deo
3206 1850 3708 1925 exterminaverit,

2057 1935 2364 1995 contendit
2388 1936 2800 2010 nihilominus,
2821 1944 2882 1997 ut
2904 1935 2976 1997 ab
3005 1955 3073 1997 eo
3099 1938 3554 1998 exterminatum
3575 1956 3707 1998 ma-

2060 2032 2193 2084 neat
2225 2045 2236 2082 :
2262 2032 2362 2084 aut
2393 2033 2455 2084 ut
2485 2025 2558 2086 ab
2590 2025 2797 2085 exsilio
2829 2025 2902 2086 ad
2931 2024 3118 2086 Deum
3151 2026 3368 2088 Christi
3401 2044 3582 2106 opera
3609 2045 3709 2087 re-

2051 2121 2317 2174 vocatum
2351 2114 2531 2192 (sicut
2590 2125 2683 2176 est
2739 2114 2976 2194 sapiens
3032 2114 3106 2174 ad
3167 2115 3320 2176 male
3350 2113 3704 2186 faciendum)

2051 2219 2284 2262 rursum
2319 2201 2391 2262 ab
2425 2222 2494 2263 eo
2527 2213 2878 2282 segregetur
2928 2210 2986 2263 et
3038 2202 3288 2265 exsulet.
3346 2203 3497 2264 Hinc
3530 2203 3706 2281 igitur

2050 2290 2238 2369 quivis
2269 2291 2539 2352 scientiis
2595 2291 3034 2353 scientissimus
3081 2292 3287 2365 evasit,
3323 2289 3700 2366 Hellenismi,

2049 2379 2358 2453 Judaismi,
2402 2380 2862 2455 haeresum,vitae
2891 2379 3378 2456 orthodoxorum,
3416 2393 3474 2442 et
3501 2382 3713 2442 asceti-

2051 2485 2252 2527 corum
2277 2467 2696 2528 certaminum.
2721 2470 2808 2530 Ac
2838 2487 2946 2548 per
2973 2467 3405 2529 Hellenismum
3435 2468 3703 2548 quidem,

2055 2576 2275 2636 perque
2309 2569 2640 2633 externam,
2670 2567 2733 2620 ut
2754 2567 2986 2636 vocant,
3020 2559 3395 2640 sapientiam,
3430 2559 3704 2621 homines

2056 2646 2115 2706 in
2135 2646 2400 2708 fraudem
2427 2648 2678 2721 inducit,
2711 2667 2816 2728 per
2840 2648 3207 2711 Judaismum
3222 2667 3382 2722 vero,
3411 2656 3469 2709 et
3485 2649 3705 2710 cultum

334 2735 637 2796 memoria.
673 2734 782 2806 Qui
817 2734 971 2795 enim
999 2753 1065 2795 ex
1103 2735 1513 2798 misericordia
1534 2747 1589 2799 et
1611 2739 1972 2800 humanitate
2055 2735 2159 2796 Dei
2194 2735 2266 2795 ab
2297 2735 2398 2796 illo
2434 2737 2868 2816 praescriptum,
2901 2737 3338 2817 judaizanlibus
3367 2738 3703 2818 persuadet,

332 2823 439 2885 Dei
469 2833 732 2886 servatus
765 2833 872 2893 est,
908 2841 1012 2903 per
1047 2823 1512 2885 misericordiam
1546 2837 1606 2888 et
1637 2827 1972 2888 humanita-
2059 2843 2159 2884 eos
2192 2825 2346 2885 bono
2379 2825 2438 2884 in
2471 2834 2622 2886 statu
2653 2827 2897 2888 versari.
2960 2827 3144 2905 quue
3203 2827 3378 2888 etiam
3413 2825 3704 2907 Agarenis

329 2923 446 2974 tem
477 2914 730 2974 salutem
763 2911 873 2971 sibi
905 2913 1220 2985 custodiet,
1264 2915 1592 2975 secnndun.
1627 2917 1883 2977 divinam
1917 2926 1974 2978 et
2058 2913 2214 2975 fecit.
2252 2913 2363 2974 Per
2393 2914 2649 2975 haereses
2677 2916 2933 2976 cultores
2955 2915 3060 2976 Dei
3083 2914 3591 2994 circumscriptos,
3625 2913 3698 2975 ab

325 3003 556 3082 regiam
584 3021 783 3063 vocem
807 3000 886 3061 ita
909 3010 1217 3061 sonantem
1245 3021 1257 3061 :
1304 3002 1377 3063 In
1409 3021 1524 3082 quo
1542 3005 1776 3082 judicio
1796 3005 1967 3085 jutti-
1993 3030 2032 3079 ο
2059 3021 2172 3062 una
2203 3002 2263 3062 in
2292 3002 2476 3063 Deum
2513 3003 2628 3063 fide
2659 3003 2905 3065 divellit.
2933 3003 3307 3068 Orthodoxos
3337 3021 3571 3084 quoque
3598 3021 3702 3083 per

328 3093 568 3163 cubitis,
584 3091 1318 3167 vicissimjudicubimini:
1345 3101 1397 3152 et
1422 3110 1542 3171 qua
1561 3111 1841 3155 mensura
1854 3113 1975 3157 me~

326 3187 602 3253 tiemini,
627 3184 969 3242 remett'etur
989 3180 1210 3241 vobisii3
1251 3181 1476 3243 Idcirco
1495 3185 1970 3261 praet-edatmise—

321 3271 606 3343 ricordia,
629 3280 976 3348 etsequatur
993 3269 1419 3330 misericordia.
1455 3270 1599 3332 Nam
1628 3273 1778 3352 quia
1800 3276 1969 3353 gravi

323 3372 382 3424 et
405 3359 722 3423 incurabili
748 3359 959 3420 animm
986 3359 1192 3419 morbo
1211 3379 1316 3438 per
1340 3361 1523 3422 solam
1550 3363 1656 3424 Dei
1679 3363 1965 3424 visitatio-

322 3471 462 3513 nem
497 3450 799 3522 liberatus,
823 3456 879 3509 et
905 3449 1167 3528 sospitati
1201 3449 1502 3511 restitutus
1543 3461 1631 3512 est
1661 3453 1962 3531 gaudebit,

324 3551 382 3602 et
413 3539 760 3612 exsultabit;
795 3549 853 3597 et
880 3536 979 3616 qui
1010 3537 1194 3614 ipsius
1245 3538 1540 3619 misertus,
1573 3541 1881 3602 sanitatem
1916 3542 1970 3602 ei

324 3630 589 3707 donavit,
627 3631 745 3689 Deo
780 3625 1082 3700 nimirum,
1119 3634 1234 3688 tota
1282 3627 1500 3702 anima,
1534 3640 1589 3689 et
1623 3639 1740 3691 tota
1773 3639 1969 3693 mente

324 3719 542 3797 gratias
568 3726 722 3795 eget,
757 3716 987 3794 eritque
1021 3725 1361 3778 mansuetus
1383 3737 1450 3778 ac
1482 3719 1654 3794 leuis,
1687 3719 1793 3782 Dei
1824 3741 1960 3801 erga

323 3826 387 3868 se
433 3806 929 3877 misericordiam,
973 3803 1419 3882 benignitatem,
1455 3808 1728 3886 pietatem
1770 3812 1962 3873 admi-

323 3915 484 3958 rans:
515 3917 579 3956 ac
609 3904 761 3954 totus
787 3894 844 3953 in
887 3893 1330 3975 benignitatem,
1376 3906 1432 3956 et
1466 3899 1694 3960 viscera
1732 3903 1964 3980 pietatis

320 3985 566 4053 eﬂ'usus,
603 3983 899 4044 similibus
930 3982 1216 4044 obnoxius
1248 3985 1652 4059 miserabitur,
1687 3989 1968 4050 adversus

319 4073 621 4135 neminem
641 4073 852 4132 tollens
871 4073 1186 4151 superciliu
1199 4074 1388 4145 m,setl
1404 4075 1676 4136 omnibus
1690 4095 1752 4138 se
1766 4077 1974 4139 hilari-

2057 3091 2140 3165 id,
2173 3091 2332 3171 quod
2363 3091 2728 3172 orthodoxae,
2749 3110 2855 3154 seu
2887 3111 2954 3153 ex
2983 3111 3118 3153 vera
3143 3099 3200 3153 et
3230 3101 3393 3153 recta
3422 3091 3704 3172 opinione

2054 3179 2334 3240 institutae
2355 3180 2487 3242 vitae
2513 3181 2874 3258 adversatur,
2909 3200 3014 3261 per
3063 3181 3418 3262 voluptatem
3449 3180 3699 3258 scilicet,

2056 3289 2159 3349 per
2188 3270 2515 3345 avaritiam,
2552 3280 2610 3332 et
2641 3290 2847 3333 vanam
2899 3273 3168 3350 gloriam,
3221 3291 3254 3332 a
3284 3275 3406 3336 Deo
3435 3270 3698 3334 abducit.

2057 3357 2166 3418 [’er
2195 3358 2510 3421 asceticam
2541 3359 2822 3440 denique,
2858 3369 2916 3422 et
2966 3360 3436 3442 philosophicam
3469 3359 3702 3422 vivendi

2056 3465 2350 3527 normam,
2384 3448 3354 3529 multorumqueincommodorum
3371 3447 3704 3530 perpessio-

2055 3553 2214 3608 nem,
2250 3555 2384 3597 cum
2417 3548 2645 3597 vectem
2667 3536 3262 3617 subjecerit,initium
3282 3537 3694 3617 improbitatis,

2053 3643 2267 3704 nempe
2293 3625 2787 3687 existimationem
2810 3627 2924 3700 sui,
2946 3627 3070 3688 sive
3096 3625 3515 3707 arrogantiam,
3543 3625 3705 3688 desi-

2051 3713 2407 3795 deriumque
2420 3715 2661 3776 honoris
2674 3715 2745 3776 ab
2759 3714 3696 3796 hominibusimpotentissimum,

2051 3803 2163 3864 hoc
2193 3804 2460 3865 omnium
2493 3804 2768 3865 virtutum
2801 3804 3162 3880 adversario,
3215 3813 3272 3867 et
3299 3803 3540 3865 inimico
3568 3820 3698 3865 ma-

2052 3892 2454 3973 chinamento,
2489 3894 2716 3954 animas
2746 3893 2804 3954 in
2838 3894 3150 3955 sanctitate
3166 3914 3233 3955 ac
3241 3893 3476 3974 justitia
3492 3891 3700 3953 viven-

2056 3981 2200 4042 tium
2237 3982 2556 4060 prosternit
2583 3989 2758 4063 atque
2802 3982 3110 4046 subvertit.
3161 3982 3523 4056 Quibusdam
3559 3984 3699 4042 item

2055 4069 2178 4130 zelo
2205 4069 2310 4130 Dei
2337 4071 2578 4150 injecto,
2606 4072 2710 4133 sed
2742 4090 2860 4132 non
2892 4072 3220 4134 secundum
3251 4070 3561 4133 scientiam
3595 4071 3702 4132 mi-

319 4171 410 4224 ter
438 4161 761 4240 subjiciens
814 4160 913 4222 Sic
945 4180 1087 4222 sane
1123 4173 1398 4242 peccator
1454 4165 1670 4240 omnis,
1704 4186 1836 4227 cum
1870 4187 1975 4248 per
2056 4176 2223 4218 seros
2253 4159 2386 4220 illos
2415 4168 2691 4239 tyrannos
2738 4161 2953 4242 reddit,
3011 4161 3166 4240 quod
3201 4160 3462 4243 profecto
3499 4159 3700 4221 multis

325 4251 621 4314 Christum
657 4270 688 4310 ει
715 4250 1068 4311 turbulentis
1129 4251 1385 4313 motibus
1435 4255 1740 4334 expeditus
1772 4257 1966 4331 fuerit,
1994 4248 2394 4318 odeﬂendum
2427 4257 2515 4309 est
2544 4248 2815 4330 lacrymis
2843 4267 2856 4312 :
2884 4249 3178 4330 siquidem
3205 4249 3598 4332 prtesenlibus
3614 4249 3703 4311 fu-

325 4341 606 4420 gaudebit
636 4353 692 4402 et
723 4340 1038 4401 exsultabit
1071 4340 1131 4400 in
1188 4343 1434 4403 salu'ari
1490 4346 1640 4423 ejus.
1678 4343 1735 4406 St
1769 4360 1967 4407 autem
2057 4337 2324 4418 Utrisque
2355 4337 2524 4399 bonis
2555 4339 2876 4418 Prii/amur.
2938 4338 3087 4410 Ουίά
3137 4358 3293 4400 enim
3328 4348 3417 4399 est
3443 4338 3698 4400 aliorum

327 4439 457 4511 post
486 4429 796 4491 sanitatem
831 4431 1130 4504 efferatur,
1179 4450 1362 4511 prope
1414 4441 1501 4492 est
1531 4443 1809 4512 tyrannus
1836 4436 1966 4496 dia-
2056 4427 2319 4487 omnium
2348 4425 2640 4501 interitus,
2675 4427 2724 4487 si
2756 4445 2887 4487 cum
2913 4427 3114 4488 talium
3141 4427 3446 4488 hominum
3468 4429 3702 4506 jactura

325 4519 517 4597 botus,
554 4529 611 4581 et
641 4520 793 4597 apud
828 4538 928 4579 eos
961 4519 1352 4580 instrumenta
1384 4521 1710 4582 motionum
1755 4524 1970 4585 rationi
2053 4517 2476 4594 comparetur?
2501 4514 2635 4576 Haec
2659 4534 2914 4595 namque
2933 4515 3247 4594 singularis
3268 4523 3356 4577 est
3387 4522 3444 4576 et
3473 4515 3700 4577 incom-

321 4629 437 4670 non
470 4609 903 4669 obedientium.
945 4610 1142 4670 Gratia
1197 4609 1412 4672 Christi
1465 4628 1529 4670 se
1560 4611 1881 4686 subducet,
1914 4622 1968 4673 et
2053 4603 2332 4684 parabilis
2359 4605 2739 4666 calalatnitas.
2773 4607 3056 4684 Sequitur
3085 4623 3223 4684 ergo
3247 4612 3308 4666 ut
3331 4605 3697 4684 investigan-

317 4701 548 4760 daemon
586 4700 831 4778 propior
862 4700 1068 4770 factus,
1103 4715 1303 4759 mente
1337 4718 1650 4775 concussa,
1689 4721 1794 4782 per
1822 4721 1960 4762 cor-
2052 4694 2191 4754 dum
2208 4695 2435 4774 sit,quo
2453 4703 2618 4774 pacto
2637 4693 3024 4770 ejusinsitlias
3055 4693 3406 4756 devitemus.
3440 4693 3504 4754 Id
3529 4694 3704 4755 aliter

318 4807 429 4869 pus
455 4789 756 4851 deteriora
786 4787 1086 4869 prioribus
1118 4788 1353 4862 efficiet,

905 4903 1188 4970 ORATIO
1220 4906 1371 4969 ΧΙἸΙ.

931 5016 1354 5062 ARGUMENTUM.

323 5109 574 5184 Quinque
595 5123 808 5184 magna
851 5107 1245 5184 artesdiuboti.
1283 5107 1563 5184 Quidquid
1591 5111 1720 5167 boni
1741 5115 1971 5184 propfer

397 5179 564 5255 Deum
596 5179 900 5255 agithomo
951 5179 1009 5233 id
1042 5194 1214 5255 agere
1256 5182 1337 5235 vet
1383 5179 1516 5252 quia
1536 5185 1693 5253 petit,
1726 5179 1808 5240 ut
1836 5179 1966 5255 quia

393 5251 609 5325 gratius
636 5247 770 5325 agit.
810 5247 1104 5325 Quomodo
1126 5251 1373 5325 voluntas
1389 5247 1404 5252 ’
1419 5247 1964 5325 υθ›·ί’συρὶεηιί.ς’8αιο

395 5321 541 5384 uari,
573 5321 807 5396 salutem
825 5321 960 5396 astte
979 5321 1194 5396 debent.
1229 5323 1471 5388 Quarum
1500 5341 1604 5381 rex
1626 5321 1969 5396 sinquorum

396 5408 508 5448 non
535 5393 629 5456 sit,
662 5393 711 5448 is
740 5393 831 5462 qui
862 5397 940 5447 est
968 5392 1259 5456 Dominus,
1291 5399 1340 5449 et
1370 5411 1470 5451 rea:
1499 5392 1766 5453 omnium.

401 5489 549 5562 Quia
577 5490 850 5552 diabolus
875 5497 965 5550 est
992 5489 1234 5570 spiritus
1264 5491 1674 5573 intelligentiae
1697 5514 1963 5577 compos,

401 5668 454 5718 3"
487 5666 513 5729 Ι
542 5667 681 5731 Cor.
717 5683 758 5742 ι,
790 5665 889 5732 31.

2047 4782 2299 4844 inveniri
2319 4803 2434 4844 non
2464 4790 2672 4863 potest,
2700 4782 2814 4843 nisi
2841 4782 2912 4844 ad
2956 4792 3276 4844 extremam
3309 4782 3700 4844 humilitatem

2047 4872 2252 4952 animi,
2286 4879 2343 4933 et
2372 4889 2662 4932 summam
2696 4871 3117 4934 contritionem
3166 4871 3384 4944 cordis,
3423 4878 3597 4950 atque
3626 4868 3701 4931 ad

2052 4979 2232 5021 unum
2260 4963 2471 5034 Deum,
2508 4959 2907 5040 eamdemque
2936 4960 3265 5034 hominem,
3295 4967 3355 5020 et
3383 4957 3702 5020 Dominum

2049 5049 2250 5113 Jesum
2276 5049 2570 5112 Christum
2596 5049 3040 5128 confugiamus:
3089 5049 3211 5125 Qui
3242 5066 3352 5128 pro
3381 5049 3555 5109 nobis
3577 5065 3700 5127 pu-

2053 5141 2284 5220 gnabit.
2314 5149 2371 5200 et
2392 5156 2497 5200 uos
2518 5139 2958 5216 tacebimusfﬁ;
2985 5139 3044 5199 in
3077 5159 3191 5220 quo
3222 5137 3346 5198 solo
3364 5135 3536 5197 datur
3553 5153 3702 5200 con-

2058 5239 2144 5290 tra
2175 5231 2403 5291 hostem
2441 5228 2602 5288 hunc
2631 5227 2819 5289 aciem
2865 5228 3184 5301 instruere,
3218 5235 3278 5288 et
3309 5225 3613 5298 resistere,
3647 5231 3710 5287 et

2054 5320 2286 5380 vincere
2315 5341 2327 5381 :
2383 5336 2492 5378 nec
2520 5325 2609 5377 est
2630 5317 2727 5377 hic
2757 5316 2872 5378 alia
2898 5317 3012 5398 via,
3046 5317 3317 5397 ratioque
3367 5315 3697 5395 sapientia).

2132 5407 2504 5488 Quapropter
2551 5404 2602 5466 si
2655 5409 2715 5465 in
2773 5405 2987 5468 Christi
3045 5406 3293 5485 gratiam
3351 5409 3411 5467 in
3445 5411 3704 5483 egestate

2051 5497 2348 5578 quispiam
2377 5493 2610 5570 vixerit,
2643 5494 2902 5556 inediam
2961 5494 3308 5577 vigiliasque
3337 5491 3703 5574 toleraverit,

974 5668 1034 5720 59
1060 5670 1266 5734 Matth.
1299 5687 1406 5751 vn,
1434 5668 1496 5734 2.
1577 5672 1642 5724 53
1668 5671 1859 5737 Exod.
1891 5689 2012 5747 xw,
2048 5676 2142 5737 14.
