  <div class='ocr_page' id='page_1' title='image "/cluster/home/n/w/nwhite01/storage/ocr_20150623/120/mdp.39015008866736/193.png"; bbox 0 0 4112 6106; ppageno 0'>
   <div class='ocr_carea' id='block_1_1' title="bbox 419 250 2043 332">
    <p class='ocr_par' dir='ltr' id='par_1_1' title="bbox 419 250 2043 324">
     <span class='ocr_line' id='line_1_1' title="bbox 419 250 2043 324; baseline -0.004 0"><span class='ocrx_word' id='word_1_1' title='bbox 419 250 544 324; x_wconf 61' lang='lat' dir='ltr'><strong>N5</strong></span> <span class='ocrx_word' id='word_1_2' title='bbox 1743 251 2043 318; x_wconf 81' lang='lat' dir='ltr'><strong>SYMEON</strong></span> 
     </span>
    </p>
   </div>
   <div class='ocr_carea' id='block_1_2' title="bbox 2178 250 3802 332">
    <p class='ocr_par' dir='ltr' id='par_1_2' title="bbox 2178 253 3802 332">
     <span class='ocr_line' id='line_1_2' title="bbox 2178 253 3802 332; baseline 0.008 -13"><span class='ocrx_word' id='word_1_3' title='bbox 2178 253 2492 322; x_wconf 82' lang='lat' dir='ltr'><strong>lUNIORIS</strong></span> <span class='ocrx_word' id='word_1_4' title='bbox 2971 287 2980 297; x_wconf 92' lang='grc'><strong>·</strong></span> <span class='ocrx_word' id='word_1_5' title='bbox 3691 259 3802 332; x_wconf 67' lang='grc'><strong>8⁸16</strong></span> 
     </span>
    </p>
   </div>
   <div class='ocr_carea' id='block_1_3' title="bbox 424 385 3798 472">
    <p class='ocr_par' dir='ltr' id='par_1_3' title="bbox 424 385 3798 472">
     <span class='ocr_line' id='line_1_3' title="bbox 424 385 3798 472; baseline 0.001 -20"><span class='ocrx_word' id='word_1_6' title='bbox 424 395 486 452; x_wconf 79' lang='lat' dir='ltr'><strong>et</strong></span> <span class='ocrx_word' id='word_1_7' title='bbox 518 406 630 471; x_wconf 85' lang='lat' dir='ltr'><strong>per-</strong></span> <span class='ocrx_word' id='word_1_8' title='bbox 644 385 1072 453; x_wconf 80' lang='lat' dir='ltr'><strong>continentiam</strong></span> <span class='ocrx_word' id='word_1_9' title='bbox 1103 405 1321 471; x_wconf 86' lang='lat' dir='ltr'><strong>corpus</strong></span> <span class='ocrx_word' id='word_1_10' title='bbox 1351 389 1689 472; x_wconf 87' lang='lat' dir='ltr'><strong>macerarit,</strong></span> <span class='ocrx_word' id='word_1_11' title='bbox 1721 389 1986 452; x_wconf 85' lang='lat' dir='ltr'><strong>liberalis</strong></span> <span class='ocrx_word' id='word_1_12' title='bbox 2015 389 2077 450; x_wconf 91' lang='lat' dir='ltr'><strong>in</strong></span> <span class='ocrx_word' id='word_1_13' title='bbox 2097 400 2142 452; x_wconf 79' lang='grc' dir='ltr'><strong>Α</strong></span> <span class='ocrx_word' id='word_1_14' title='bbox 2152 391 2367 468; x_wconf 90' lang='lat' dir='ltr'><strong>justus,</strong></span> <span class='ocrx_word' id='word_1_15' title='bbox 2385 389 2544 468; x_wconf 89' lang='lat' dir='ltr'><strong>juste</strong></span> <span class='ocrx_word' id='word_1_16' title='bbox 2560 390 2820 468; x_wconf 88' lang='lat' dir='ltr'><strong>postulat</strong></span> <span class='ocrx_word' id='word_1_17' title='bbox 2840 409 2976 452; x_wconf 91' lang='lat' dir='ltr'><strong>eum</strong></span> <span class='ocrx_word' id='word_1_18' title='bbox 2997 391 3055 452; x_wconf 88' lang='lat' dir='ltr'><strong>in</strong></span> <span class='ocrx_word' id='word_1_19' title='bbox 3075 409 3191 472; x_wconf 87' lang='lat' dir='ltr'><strong>quo</strong></span> <span class='ocrx_word' id='word_1_20' title='bbox 3213 401 3303 452; x_wconf 90' lang='lat' dir='ltr'><strong>est</strong></span> <span class='ocrx_word' id='word_1_21' title='bbox 3351 391 3500 452; x_wconf 85' lang='lat' dir='ltr'><strong>ratio</strong></span> <span class='ocrx_word' id='word_1_22' title='bbox 3536 401 3594 452; x_wconf 90' lang='lat' dir='ltr'><strong>et</strong></span> <span class='ocrx_word' id='word_1_23' title='bbox 3622 391 3798 456; x_wconf 87' lang='lat' dir='ltr'><strong>intel-</strong></span> 
     </span>
    </p>
   </div>
   <div class='ocr_carea' id='block_1_4' title="bbox 424 477 3799 563">
    <p class='ocr_par' dir='ltr' id='par_1_4' title="bbox 424 477 3799 563">
     <span class='ocr_line' id='line_1_4' title="bbox 424 477 3799 563; baseline 0.002 -23"><span class='ocrx_word' id='word_1_24' title='bbox 424 492 742 560; x_wconf 82' lang='lat' dir='ltr'><strong>pauperes,</strong></span> <span class='ocrx_word' id='word_1_25' title='bbox 775 479 1029 540; x_wconf 88' lang='lat' dir='ltr'><strong>alienam</strong></span> <span class='ocrx_word' id='word_1_26' title='bbox 1060 477 1250 540; x_wconf 83' lang='lat' dir='ltr'><strong>vicem</strong></span> <span class='ocrx_word' id='word_1_27' title='bbox 1281 479 1493 540; x_wconf 87' lang='lat' dir='ltr'><strong>dolens</strong></span> <span class='ocrx_word' id='word_1_28' title='bbox 1520 497 1588 541; x_wconf 89' lang='lat' dir='ltr'><strong>ac</strong></span> <span class='ocrx_word' id='word_1_29' title='bbox 1615 478 1910 560; x_wconf 86' lang='lat' dir='ltr'><strong>benignus</strong></span> <span class='ocrx_word' id='word_1_30' title='bbox 1943 479 2074 539; x_wconf 84' lang='lat' dir='ltr'><strong>fue-</strong></span> <span class='ocrx_word' id='word_1_31' title='bbox 2158 481 2374 552; x_wconf 90' lang='lat' dir='ltr'><strong>lectus,</strong></span> <span class='ocrx_word' id='word_1_32' title='bbox 2409 479 2490 539; x_wconf 89' lang='lat' dir='ltr'><strong>ita</strong></span> <span class='ocrx_word' id='word_1_33' title='bbox 2520 499 2584 539; x_wconf 91' lang='lat' dir='ltr'><strong>se</strong></span> <span class='ocrx_word' id='word_1_34' title='bbox 2617 499 2755 558; x_wconf 85' lang='lat' dir='ltr'><strong>erga</strong></span> <span class='ocrx_word' id='word_1_35' title='bbox 2781 484 2961 543; x_wconf 90' lang='lat' dir='ltr'><strong>Deum</strong></span> <span class='ocrx_word' id='word_1_36' title='bbox 2987 499 3225 558; x_wconf 79' lang='lat' dir='ltr'><strong>genere.</strong></span> <span class='ocrx_word' id='word_1_37' title='bbox 3250 482 3545 560; x_wconf 87' lang='lat' dir='ltr'><strong>quomodo</strong></span> <span class='ocrx_word' id='word_1_38' title='bbox 3570 502 3635 542; x_wconf 88' lang='lat' dir='ltr'><strong>se</strong></span> <span class='ocrx_word' id='word_1_39' title='bbox 3665 502 3799 563; x_wconf 84' lang='lat' dir='ltr'><strong>erga</strong></span> 
     </span>
    </p>
   </div>
   <div class='ocr_carea' id='block_1_5' title="bbox 426 567 3795 650">
    <p class='ocr_par' dir='ltr' id='par_1_5' title="bbox 426 567 3795 650">
     <span class='ocr_line' id='line_1_5' title="bbox 426 567 3795 650; baseline 0.001 -20"><span class='ocrx_word' id='word_1_40' title='bbox 426 568 528 650; x_wconf 85' lang='lat' dir='ltr'><strong>rit,</strong></span> <span class='ocrx_word' id='word_1_41' title='bbox 565 567 721 631; x_wconf 84' lang='lat' dir='ltr'><strong>bene</strong></span> <span class='ocrx_word' id='word_1_42' title='bbox 749 587 914 643; x_wconf 89' lang='lat' dir='ltr'><strong>sane,</strong></span> <span class='ocrx_word' id='word_1_43' title='bbox 951 575 1090 630; x_wconf 85' lang='lat' dir='ltr'><strong>sunt</strong></span> <span class='ocrx_word' id='word_1_44' title='bbox 1121 569 1278 630; x_wconf 90' lang='lat' dir='ltr'><strong>enim</strong></span> <span class='ocrx_word' id='word_1_45' title='bbox 1313 567 1466 632; x_wconf 89' lang='lat' dir='ltr'><strong>bona</strong></span> <span class='ocrx_word' id='word_1_46' title='bbox 1482 570 1630 630; x_wconf 63' lang='lat' dir='ltr'><strong>hinc.</strong></span> <span class='ocrx_word' id='word_1_47' title='bbox 1654 569 2074 632; x_wconf 74' lang='lat' dir='ltr'><strong>Verumtamen</strong></span> <span class='ocrx_word' id='word_1_48' title='bbox 2159 567 2428 628; x_wconf 87' lang='lat' dir='ltr'><strong>homines</strong></span> <span class='ocrx_word' id='word_1_49' title='bbox 2447 568 2632 646; x_wconf 77' lang='lat' dir='ltr'><strong>gerit:</strong></span> <span class='ocrx_word' id='word_1_50' title='bbox 2660 578 2718 630; x_wconf 83' lang='lat' dir='ltr'><strong>et</strong></span> <span class='ocrx_word' id='word_1_51' title='bbox 2746 569 2954 630; x_wconf 87' lang='lat' dir='ltr'><strong>timere</strong></span> <span class='ocrx_word' id='word_1_52' title='bbox 2987 570 3262 649; x_wconf 84' lang='lat' dir='ltr'><strong>illum_,u1</strong></span> <span class='ocrx_word' id='word_1_53' title='bbox 3292 570 3564 630; x_wconf 86' lang='lat' dir='ltr'><strong>homines</strong></span> <span class='ocrx_word' id='word_1_54' title='bbox 3591 573 3795 634; x_wconf 90' lang='lat' dir='ltr'><strong>timere</strong></span> 
     </span>
    </p>
   </div>
   <div class='ocr_carea' id='block_1_6' title="bbox 425 654 3792 738">
    <p class='ocr_par' dir='ltr' id='par_1_6' title="bbox 425 654 3792 738">
     <span class='ocr_line' id='line_1_6' title="bbox 425 654 3792 738; baseline -0.001 -17"><span class='ocrx_word' id='word_1_55' title='bbox 425 667 630 721; x_wconf 84' lang='lat' dir='ltr'><strong>caveat</strong></span> <span class='ocrx_word' id='word_1_56' title='bbox 656 658 996 737; x_wconf 77' lang='lat' dir='ltr'><strong>diligenter,</strong></span> <span class='ocrx_word' id='word_1_57' title='bbox 1030 675 1106 718; x_wconf 89' lang='lat' dir='ltr'><strong>ne</strong></span> <span class='ocrx_word' id='word_1_58' title='bbox 1135 655 1372 718; x_wconf 85' lang='lat' dir='ltr'><strong>labores</strong></span> <span class='ocrx_word' id='word_1_59' title='bbox 1403 658 1816 720; x_wconf 88' lang='lat' dir='ltr'><strong>etmercedem</strong></span> <span class='ocrx_word' id='word_1_60' title='bbox 1841 657 2066 738; x_wconf 81' lang='lat' dir='ltr'><strong>perdat.</strong></span> <span class='ocrx_word' id='word_1_61' title='bbox 2157 655 2436 716; x_wconf 90' lang='lat' dir='ltr'><strong>solemus.</strong></span> <span class='ocrx_word' id='word_1_62' title='bbox 2469 654 2624 717; x_wconf 81' lang='lat' dir='ltr'><strong>Sene</strong></span> <span class='ocrx_word' id='word_1_63' title='bbox 2668 657 2715 717; x_wconf 88' lang='lat' dir='ltr'><strong>si</strong></span> <span class='ocrx_word' id='word_1_64' title='bbox 2754 677 2860 716; x_wconf 91' lang='lat' dir='ltr'><strong>nos</strong></span> <span class='ocrx_word' id='word_1_65' title='bbox 2891 657 3233 734; x_wconf 85' lang='lat' dir='ltr'><strong>dignitatem</strong></span> <span class='ocrx_word' id='word_1_66' title='bbox 3272 676 3340 718; x_wconf 90' lang='lat' dir='ltr'><strong>ac</strong></span> <span class='ocrx_word' id='word_1_67' title='bbox 3374 659 3792 738; x_wconf 65' lang='lat' dir='ltr'><strong>ptmstantiam,</strong></span> 
     </span>
    </p>
   </div>
   <div class='ocr_carea' id='block_1_7' title="bbox 423 744 3800 828">
    <p class='ocr_par' dir='ltr' id='par_1_7' title="bbox 423 744 3800 828">
     <span class='ocr_line' id='line_1_7' title="bbox 423 744 3800 828; baseline -0.001 -18"><span class='ocrx_word' id='word_1_68' title='bbox 423 745 553 810; x_wconf 89' lang='lat' dir='ltr'><strong>Etsi</strong></span> <span class='ocrx_word' id='word_1_69' title='bbox 587 746 747 808; x_wconf 89' lang='lat' dir='ltr'><strong>enim</strong></span> <span class='ocrx_word' id='word_1_70' title='bbox 780 747 906 808; x_wconf 64' lang='lat' dir='ltr'><strong>haec</strong></span> <span class='ocrx_word' id='word_1_71' title='bbox 945 763 1127 826; x_wconf 83' lang='lat' dir='ltr'><strong>opera</strong></span> <span class='ocrx_word' id='word_1_72' title='bbox 1175 745 1332 807; x_wconf 90' lang='lat' dir='ltr'><strong>bona</strong></span> <span class='ocrx_word' id='word_1_73' title='bbox 1361 754 1520 815; x_wconf 77' lang='lat' dir='ltr'><strong>sunt.</strong></span> <span class='ocrx_word' id='word_1_74' title='bbox 1563 754 1757 809; x_wconf 90' lang='lat' dir='ltr'><strong>tamen</strong></span> <span class='ocrx_word' id='word_1_75' title='bbox 1790 754 2076 827; x_wconf 79' lang='lat' dir='ltr'><strong>praeterea</strong></span> <span class='ocrx_word' id='word_1_76' title='bbox 2157 763 2331 824; x_wconf 90' lang='lat' dir='ltr'><strong>quam</strong></span> <span class='ocrx_word' id='word_1_77' title='bbox 2355 744 2502 805; x_wconf 82' lang='lat' dir='ltr'><strong>ratio</strong></span> <span class='ocrx_word' id='word_1_78' title='bbox 2526 745 2696 805; x_wconf 91' lang='lat' dir='ltr'><strong>nobis</strong></span> <span class='ocrx_word' id='word_1_79' title='bbox 2729 747 2918 818; x_wconf 80' lang='lat' dir='ltr'><strong>affert,</strong></span> <span class='ocrx_word' id='word_1_80' title='bbox 2954 745 3374 808; x_wconf 87' lang='lat' dir='ltr'><strong>labefactamus</strong></span> <span class='ocrx_word' id='word_1_81' title='bbox 3404 756 3582 828; x_wconf 84' lang='lat' dir='ltr'><strong>atque</strong></span> <span class='ocrx_word' id='word_1_82' title='bbox 3612 747 3800 808; x_wconf 92' lang='lat' dir='ltr'><strong>immi-</strong></span> 
     </span>
    </p>
   </div>
   <div class='ocr_carea' id='block_1_8' title="bbox 418 833 3800 916">
    <p class='ocr_par' dir='ltr' id='par_1_8' title="bbox 418 833 3800 916">
     <span class='ocr_line' id='line_1_8' title="bbox 418 833 3800 916; baseline -0 -18"><span class='ocrx_word' id='word_1_83' title='bbox 418 835 580 898; x_wconf 89' lang='lat' dir='ltr'><strong>aliud</strong></span> <span class='ocrx_word' id='word_1_84' title='bbox 609 835 886 916; x_wconf 86' lang='lat' dir='ltr'><strong>quiddam</strong></span> <span class='ocrx_word' id='word_1_85' title='bbox 918 837 1137 896; x_wconf 89' lang='lat' dir='ltr'><strong>bonum</strong></span> <span class='ocrx_word' id='word_1_86' title='bbox 1170 845 1284 916; x_wconf 90' lang='lat' dir='ltr'><strong>est,</strong></span> <span class='ocrx_word' id='word_1_87' title='bbox 1321 853 1425 915; x_wconf 91' lang='lat' dir='ltr'><strong>per</strong></span> <span class='ocrx_word' id='word_1_88' title='bbox 1447 836 1604 916; x_wconf 91' lang='lat' dir='ltr'><strong>quod</strong></span> <span class='ocrx_word' id='word_1_89' title='bbox 1627 837 1948 915; x_wconf 89' lang='lat' dir='ltr'><strong>salvantur,</strong></span> <span class='ocrx_word' id='word_1_90' title='bbox 1971 834 2074 915; x_wconf 91' lang='lat' dir='ltr'><strong>qui</strong></span> <span class='ocrx_word' id='word_1_91' title='bbox 2156 851 2417 913; x_wconf 74' lang='lat' dir='ltr'><strong>nutmus,</strong></span> <span class='ocrx_word' id='word_1_92' title='bbox 2450 833 2579 912; x_wconf 90' lang='lat' dir='ltr'><strong>ipse</strong></span> <span class='ocrx_word' id='word_1_93' title='bbox 2611 853 2738 895; x_wconf 90' lang='lat' dir='ltr'><strong>eam</strong></span> <span class='ocrx_word' id='word_1_94' title='bbox 2777 835 3129 896; x_wconf 82' lang='lat' dir='ltr'><strong>labefactare</strong></span> <span class='ocrx_word' id='word_1_95' title='bbox 3178 843 3236 896; x_wconf 90' lang='lat' dir='ltr'><strong>et</strong></span> <span class='ocrx_word' id='word_1_96' title='bbox 3294 835 3654 897; x_wconf 90' lang='lat' dir='ltr'><strong>imminuere</strong></span> <span class='ocrx_word' id='word_1_97' title='bbox 3685 855 3800 898; x_wconf 92' lang='lat' dir='ltr'><strong>non</strong></span> 
     </span>
    </p>
   </div>
   <div class='ocr_carea' id='block_1_9' title="bbox 421 922 3795 1006">
    <p class='ocr_par' dir='ltr' id='par_1_9' title="bbox 421 922 3795 1006">
     <span class='ocr_line' id='line_1_9' title="bbox 421 922 3795 1006; baseline 0 -20"><span class='ocrx_word' id='word_1_98' title='bbox 421 943 528 1006; x_wconf 91' lang='lat' dir='ltr'><strong>per</strong></span> <span class='ocrx_word' id='word_1_99' title='bbox 555 925 670 988; x_wconf 89' lang='lat' dir='ltr'><strong>ista</strong></span> <span class='ocrx_word' id='word_1_100' title='bbox 697 925 947 986; x_wconf 85' lang='lat' dir='ltr'><strong>salutem</strong></span> <span class='ocrx_word' id='word_1_101' title='bbox 976 923 1386 1004; x_wconf 85' lang='lat' dir='ltr'><strong>adipiscantur</strong></span> <span class='ocrx_word' id='word_1_102' title='bbox 1414 947 1425 984; x_wconf 88' lang='lat'><strong>:</strong></span> <span class='ocrx_word' id='word_1_103' title='bbox 1493 925 1789 1006; x_wconf 89' lang='lat' dir='ltr'><strong>siquidem</strong></span> <span class='ocrx_word' id='word_1_104' title='bbox 1821 924 2070 986; x_wconf 90' lang='lat' dir='ltr'><strong>duarum</strong></span> <span class='ocrx_word' id='word_1_105' title='bbox 2156 929 2353 1001; x_wconf 80' lang='lat' dir='ltr'><strong>potest</strong></span> <span class='ocrx_word' id='word_1_106' title='bbox 2377 943 2390 980; x_wconf 91' lang='lat'>:</span> <span class='ocrx_word' id='word_1_107' title='bbox 2414 922 2516 982; x_wconf 90' lang='lat' dir='ltr'><strong>sed</strong></span> <span class='ocrx_word' id='word_1_108' title='bbox 2541 923 2866 1004; x_wconf 87' lang='lat' dir='ltr'><strong>secundum</strong></span> <span class='ocrx_word' id='word_1_109' title='bbox 2891 931 3156 985; x_wconf 90' lang='lat' dir='ltr'><strong>naturam</strong></span> <span class='ocrx_word' id='word_1_110' title='bbox 3199 943 3234 986; x_wconf 89' lang='lat' dir='ltr'><strong>a</strong></span> <span class='ocrx_word' id='word_1_111' title='bbox 3267 943 3332 985; x_wconf 88' lang='lat' dir='ltr'><strong>se</strong></span> <span class='ocrx_word' id='word_1_112' title='bbox 3364 925 3582 1005; x_wconf 89' lang='lat' dir='ltr'><strong>cuique</strong></span> <span class='ocrx_word' id='word_1_113' title='bbox 3610 925 3795 987; x_wconf 90' lang='lat' dir='ltr'><strong>tribu-</strong></span> 
     </span>
    </p>
   </div>
   <div class='ocr_carea' id='block_1_10' title="bbox 421 1007 3526 1091">
    <p class='ocr_par' dir='ltr' id='par_1_10' title="bbox 421 1007 3526 1091">
     <span class='ocr_line' id='line_1_10' title="bbox 421 1007 3526 1091; baseline -0 -13"><span class='ocrx_word' id='word_1_114' title='bbox 421 1007 770 1091; x_wconf 77' lang='lat' dir='ltr'><strong>inagnarum</strong></span> <span class='ocrx_word' id='word_1_115' title='bbox 800 1031 1002 1075; x_wconf 87' lang='lat' dir='ltr'><strong>rerum</strong></span> <span class='ocrx_word' id='word_1_116' title='bbox 1036 1015 1428 1075; x_wconf 85' lang='lat' dir='ltr'><strong>instrumenta</strong></span> <span class='ocrx_word' id='word_1_117' title='bbox 1458 1023 1520 1075; x_wconf 89' lang='lat' dir='ltr'><strong>et</strong></span> <span class='ocrx_word' id='word_1_118' title='bbox 1568 1013 1884 1079; x_wconf 78' lang='lat' dir='ltr'><strong>efﬁcientia</strong></span> <span class='ocrx_word' id='word_1_119' title='bbox 1911 1021 2068 1088; x_wconf 78' lang='lat' dir='ltr'><strong>sunt,</strong></span> <span class='ocrx_word' id='word_1_120' title='bbox 2156 1015 2297 1085; x_wconf 89' lang='lat' dir='ltr'><strong>tam,</strong></span> <span class='ocrx_word' id='word_1_121' title='bbox 2335 1009 2508 1071; x_wconf 89' lang='lat' dir='ltr'><strong>etiam</strong></span> <span class='ocrx_word' id='word_1_122' title='bbox 2543 1011 2732 1090; x_wconf 79' lang='lat' dir='ltr'><strong>legem</strong></span> <span class='ocrx_word' id='word_1_123' title='bbox 2765 1013 2954 1074; x_wconf 85' lang='lat' dir='ltr'><strong>teneri</strong></span> <span class='ocrx_word' id='word_1_124' title='bbox 2987 1013 3108 1074; x_wconf 88' lang='lat' dir='ltr'><strong>vult</strong></span> <span class='ocrx_word' id='word_1_125' title='bbox 3131 1013 3192 1073; x_wconf 89' lang='lat' dir='ltr'><strong>in</strong></span> <span class='ocrx_word' id='word_1_126' title='bbox 3222 1013 3526 1076; x_wconf 92' lang='lat' dir='ltr'><strong>omnibus.</strong></span> 
     </span>
    </p>
   </div>
   <div class='ocr_carea' id='block_1_11' title="bbox 421 1098 3797 1186">
    <p class='ocr_par' dir='ltr' id='par_1_11' title="bbox 421 1098 3797 1186">
     <span class='ocr_line' id='line_1_11' title="bbox 421 1098 3797 1186; baseline 0 -20"><span class='ocrx_word' id='word_1_127' title='bbox 421 1101 859 1186; x_wconf 85' lang='lat' dir='ltr'><strong>propitiationis</strong></span> <span class='ocrx_word' id='word_1_128' title='bbox 891 1111 1052 1180; x_wconf 88' lang='lat' dir='ltr'><strong>puta,</strong></span> <span class='ocrx_word' id='word_1_129' title='bbox 1116 1109 1176 1165; x_wconf 88' lang='lat' dir='ltr'><strong>et</strong></span> <span class='ocrx_word' id='word_1_130' title='bbox 1227 1103 1547 1180; x_wconf 86' lang='lat' dir='ltr'><strong>gratiarum</strong></span> <span class='ocrx_word' id='word_1_131' title='bbox 1608 1103 1884 1184; x_wconf 86' lang='lat' dir='ltr'><strong>actionis,</strong></span> <span class='ocrx_word' id='word_1_132' title='bbox 1919 1110 1977 1164; x_wconf 90' lang='lat' dir='ltr'><strong>et</strong></span> <span class='ocrx_word' id='word_1_133' title='bbox 2005 1119 2073 1164; x_wconf 91' lang='lat' dir='ltr'><strong>ea</strong></span> <span class='ocrx_word' id='word_1_134' title='bbox 2234 1098 2378 1170; x_wconf 84' lang='lat' dir='ltr'><strong>Quis</strong></span> <span class='ocrx_word' id='word_1_135' title='bbox 2407 1119 2547 1180; x_wconf 91' lang='lat' dir='ltr'><strong>ergo</strong></span> <span class='ocrx_word' id='word_1_136' title='bbox 2599 1102 2812 1162; x_wconf 82' lang='lat' dir='ltr'><strong>salvari</strong></span> <span class='ocrx_word' id='word_1_137' title='bbox 2858 1103 3244 1182; x_wconf 71' lang='grc' dir='ltr'><strong>εοηουρίευὶι,</strong></span> <span class='ocrx_word' id='word_1_138' title='bbox 3305 1107 3572 1183; x_wconf 89' lang='lat' dir='ltr'><strong>quamvis</strong></span> <span class='ocrx_word' id='word_1_139' title='bbox 3631 1104 3694 1166; x_wconf 90' lang='lat' dir='ltr'><strong>id</strong></span> <span class='ocrx_word' id='word_1_140' title='bbox 3734 1123 3797 1167; x_wconf 88' lang='lat' dir='ltr'><strong>se</strong></span> 
     </span>
    </p>
   </div>
   <div class='ocr_carea' id='block_1_12' title="bbox 421 1187 3798 1275">
    <p class='ocr_par' dir='ltr' id='par_1_12' title="bbox 421 1187 3798 1275">
     <span class='ocr_line' id='line_1_12' title="bbox 421 1187 3798 1275; baseline -0.001 -19"><span class='ocrx_word' id='word_1_141' title='bbox 421 1200 763 1275; x_wconf 87' lang='lat' dir='ltr'><strong>comparate</strong></span> <span class='ocrx_word' id='word_1_142' title='bbox 787 1193 915 1254; x_wconf 86' lang='lat' dir='ltr'><strong>fieri</strong></span> <span class='ocrx_word' id='word_1_143' title='bbox 939 1210 1189 1274; x_wconf 78' lang='lat' dir='ltr'><strong>necesse</strong></span> <span class='ocrx_word' id='word_1_144' title='bbox 1211 1199 1321 1254; x_wconf 90' lang='lat' dir='ltr'><strong>est.</strong></span> <span class='ocrx_word' id='word_1_145' title='bbox 1348 1194 1494 1254; x_wconf 86' lang='lat' dir='ltr'><strong>Nam</strong></span> <span class='ocrx_word' id='word_1_146' title='bbox 1528 1191 2073 1254; x_wconf 80' lang='lat' dir='ltr'><strong>dilectusilleloan-</strong></span> <span class='ocrx_word' id='word_1_147' title='bbox 2155 1187 2580 1268; x_wconf 81' lang='lat' dir='ltr'><strong>concupiscere</strong></span> <span class='ocrx_word' id='word_1_148' title='bbox 2635 1209 2844 1252; x_wconf 91' lang='lat' dir='ltr'><strong>omnes</strong></span> <span class='ocrx_word' id='word_1_149' title='bbox 2903 1191 3192 1254; x_wconf 89' lang='lat' dir='ltr'><strong>fateantur</strong></span> <span class='ocrx_word' id='word_1_150' title='bbox 3222 1191 3247 1253; x_wconf 84' lang='lat'>?</span> <span class='ocrx_word' id='word_1_151' title='bbox 3303 1191 3527 1254; x_wconf 89' lang='lat' dir='ltr'><strong>Omnes</strong></span> <span class='ocrx_word' id='word_1_152' title='bbox 3557 1201 3798 1272; x_wconf 84' lang='lat' dir='ltr'><strong>cupiunt</strong></span> 
     </span>
    </p>
   </div>
   <div class='ocr_carea' id='block_1_13' title="bbox 421 1275 3794 1364">
    <p class='ocr_par' dir='ltr' id='par_1_13' title="bbox 421 1275 3794 1364">
     <span class='ocr_line' id='line_1_13' title="bbox 421 1275 3794 1364; baseline 0 -19"><span class='ocrx_word' id='word_1_153' title='bbox 421 1301 531 1346; x_wconf 91' lang='lat' dir='ltr'><strong>nes</strong></span> <span class='ocrx_word' id='word_1_154' title='bbox 546 1283 626 1344; x_wconf 88' lang='lat' dir='ltr'><strong>ait</strong></span> <span class='ocrx_word' id='word_1_155' title='bbox 651 1303 665 1343; x_wconf 91' lang='lat'><strong>:</strong></span> <span class='ocrx_word' id='word_1_156' title='bbox 695 1280 912 1344; x_wconf 81' lang='lat' dir='ltr'><strong>Omnis</strong></span> <span class='ocrx_word' id='word_1_157' title='bbox 935 1283 1044 1361; x_wconf 78' lang='lat' dir='ltr'><strong>qui</strong></span> <span class='ocrx_word' id='word_1_158' title='bbox 1059 1288 1290 1361; x_wconf 81' lang='lat' dir='ltr'><strong>peccat,</strong></span> <span class='ocrx_word' id='word_1_159' title='bbox 1311 1298 1428 1342; x_wconf 82' lang='lat' dir='ltr'><strong>non</strong></span> <span class='ocrx_word' id='word_1_160' title='bbox 1465 1281 1619 1343; x_wconf 78' lang='lat' dir='ltr'><strong>vid-it</strong></span> <span class='ocrx_word' id='word_1_161' title='bbox 1645 1281 1858 1360; x_wconf 75' lang='lat' dir='ltr'><strong>Deum,</strong></span> <span class='ocrx_word' id='word_1_162' title='bbox 1883 1297 2072 1359; x_wconf 80' lang='lat' dir='ltr'><strong>neque</strong></span> <span class='ocrx_word' id='word_1_163' title='bbox 2155 1275 2532 1339; x_wconf 84' lang='lat' dir='ltr'><strong>afﬂuentibus</strong></span> <span class='ocrx_word' id='word_1_164' title='bbox 2567 1297 2763 1340; x_wconf 86' lang='lat' dir='ltr'><strong>rerum</strong></span> <span class='ocrx_word' id='word_1_165' title='bbox 2797 1280 2982 1360; x_wconf 87' lang='lat' dir='ltr'><strong>copiis</strong></span> <span class='ocrx_word' id='word_1_166' title='bbox 3012 1280 3211 1363; x_wconf 90' lang='lat' dir='ltr'><strong>ditari,</strong></span> <span class='ocrx_word' id='word_1_167' title='bbox 3253 1301 3585 1364; x_wconf 88' lang='lat' dir='ltr'><strong>aurumque</strong></span> <span class='ocrx_word' id='word_1_168' title='bbox 3612 1293 3669 1346; x_wconf 91' lang='lat' dir='ltr'><strong>et</strong></span> <span class='ocrx_word' id='word_1_169' title='bbox 3698 1303 3794 1346; x_wconf 89' lang='lat' dir='ltr'><strong>ar-</strong></span> 
     </span>
    </p>
   </div>
   <div class='ocr_carea' id='block_1_14' title="bbox 420 1367 3793 1451">
    <p class='ocr_par' dir='ltr' id='par_1_14' title="bbox 420 1367 3793 1451">
     <span class='ocr_line' id='line_1_14' title="bbox 420 1367 3793 1451; baseline 0 -15"><span class='ocrx_word' id='word_1_170' title='bbox 420 1373 588 1436; x_wconf 74' lang='lat' dir='ltr'><strong>novit</strong></span> <span class='ocrx_word' id='word_1_171' title='bbox 635 1388 770 1434; x_wconf 83' lang='lat' dir='ltr'><strong>eum</strong></span> <span class='ocrx_word' id='word_1_172' title='bbox 810 1371 896 1433; x_wconf 72' lang='grc'><strong>54.</strong></span> <span class='ocrx_word' id='word_1_173' title='bbox 956 1368 1020 1432; x_wconf 91' lang='lat' dir='ltr'><strong>Si</strong></span> <span class='ocrx_word' id='word_1_174' title='bbox 1048 1369 1226 1448; x_wconf 88' lang='lat' dir='ltr'><strong>igitur</strong></span> <span class='ocrx_word' id='word_1_175' title='bbox 1254 1369 1392 1450; x_wconf 89' lang='lat' dir='ltr'><strong>quis</strong></span> <span class='ocrx_word' id='word_1_176' title='bbox 1421 1369 1634 1448; x_wconf 89' lang='lat' dir='ltr'><strong>agnitis</strong></span> <span class='ocrx_word' id='word_1_177' title='bbox 1661 1368 1919 1449; x_wconf 86' lang='lat' dir='ltr'><strong>peccatis</strong></span> <span class='ocrx_word' id='word_1_178' title='bbox 1949 1367 2072 1429; x_wconf 89' lang='lat' dir='ltr'><strong>suis</strong></span> <span class='ocrx_word' id='word_1_179' title='bbox 2152 1374 2416 1441; x_wconf 83' lang='lat' dir='ltr'><strong>gentum,</strong></span> <span class='ocrx_word' id='word_1_180' title='bbox 2451 1367 2676 1447; x_wconf 83' lang='lat' dir='ltr'><strong>lapides</strong></span> <span class='ocrx_word' id='word_1_181' title='bbox 2713 1369 3022 1451; x_wconf 89' lang='lat' dir='ltr'><strong>pretiosos,</strong></span> <span class='ocrx_word' id='word_1_182' title='bbox 3075 1371 3422 1450; x_wconf 86' lang='lat' dir='ltr'><strong>margaritas</strong></span> <span class='ocrx_word' id='word_1_183' title='bbox 3450 1376 3602 1435; x_wconf 86' lang='lat' dir='ltr'><strong>citra</strong></span> <span class='ocrx_word' id='word_1_184' title='bbox 3629 1374 3793 1436; x_wconf 87' lang='lat' dir='ltr'><strong>labo-</strong></span> 
     </span>
    </p>
   </div>
   <div class='ocr_carea' id='block_1_15' title="bbox 422 1454 3791 1544">
    <p class='ocr_par' dir='ltr' id='par_1_15' title="bbox 422 1454 3791 1544">
     <span class='ocr_line' id='line_1_15' title="bbox 422 1454 3791 1544; baseline -0 -19"><span class='ocrx_word' id='word_1_185' title='bbox 422 1459 788 1544; x_wconf 66' lang='lat' dir='ltr'><strong>pmnitentiw</strong></span> <span class='ocrx_word' id='word_1_186' title='bbox 813 1459 1016 1521; x_wconf 89' lang='lat' dir='ltr'><strong>lumen</strong></span> <span class='ocrx_word' id='word_1_187' title='bbox 1046 1457 1368 1539; x_wconf 88' lang='lat' dir='ltr'><strong>acceperit,</strong></span> <span class='ocrx_word' id='word_1_188' title='bbox 1405 1465 1464 1520; x_wconf 91' lang='lat' dir='ltr'><strong>et</strong></span> <span class='ocrx_word' id='word_1_189' title='bbox 1493 1457 1780 1538; x_wconf 67' lang='lat' dir='ltr'><strong>poenitere</strong></span> <span class='ocrx_word' id='word_1_190' title='bbox 1797 1457 2064 1537; x_wconf 77' lang='lat' dir='ltr'><strong>cceperit,</strong></span> <span class='ocrx_word' id='word_1_191' title='bbox 2155 1471 2278 1544; x_wconf 82' lang='lat' dir='ltr'><strong>rem</strong></span> <span class='ocrx_word' id='word_1_192' title='bbox 2311 1454 2742 1531; x_wconf 68' lang='lat' dir='ltr'><strong>las&lt;itudinem,</strong></span> <span class='ocrx_word' id='word_1_193' title='bbox 2777 1477 3128 1536; x_wconf 59' lang='lat' dir='ltr'><strong>aerumnam,</strong></span> <span class='ocrx_word' id='word_1_194' title='bbox 3163 1460 3635 1524; x_wconf 89' lang='lat' dir='ltr'><strong>sollicitudinem</strong></span> <span class='ocrx_word' id='word_1_195' title='bbox 3665 1481 3791 1544; x_wconf 86' lang='lat' dir='ltr'><strong>pos-</strong></span> 
     </span>
    </p>
   </div>
   <div class='ocr_carea' id='block_1_16' title="bbox 423 1541 3789 1631">
    <p class='ocr_par' dir='ltr' id='par_1_16' title="bbox 423 1541 3789 1631">
     <span class='ocr_line' id='line_1_16' title="bbox 423 1541 3789 1631; baseline -0.001 -17"><span class='ocrx_word' id='word_1_196' title='bbox 423 1541 563 1616; x_wconf 80' lang='lat' dir='ltr'><strong>talia</strong></span> <span class='ocrx_word' id='word_1_197' title='bbox 592 1567 778 1630; x_wconf 87' lang='lat' dir='ltr'><strong>opera</strong></span> <span class='ocrx_word' id='word_1_198' title='bbox 807 1547 1118 1628; x_wconf 82' lang='lat' dir='ltr'><strong>suscipiet,</strong></span> <span class='ocrx_word' id='word_1_199' title='bbox 1151 1555 1217 1607; x_wconf 93' lang='lat' dir='ltr'><strong>ut</strong></span> <span class='ocrx_word' id='word_1_200' title='bbox 1263 1545 1552 1607; x_wconf 90' lang='lat' dir='ltr'><strong>Dominus</strong></span> <span class='ocrx_word' id='word_1_201' title='bbox 1598 1546 1726 1626; x_wconf 85' lang='lat' dir='ltr'><strong>ejus</strong></span> <span class='ocrx_word' id='word_1_202' title='bbox 1755 1545 2066 1610; x_wconf 89' lang='lat' dir='ltr'><strong>contritio-</strong></span> <span class='ocrx_word' id='word_1_203' title='bbox 2151 1541 2371 1615; x_wconf 90' lang='lat' dir='ltr'><strong>sidere,</strong></span> <span class='ocrx_word' id='word_1_204' title='bbox 2407 1546 2560 1624; x_wconf 90' lang='lat' dir='ltr'><strong>quod</strong></span> <span class='ocrx_word' id='word_1_205' title='bbox 2609 1547 2740 1608; x_wconf 79' lang='lat' dir='ltr'><strong>fieri</strong></span> <span class='ocrx_word' id='word_1_206' title='bbox 2769 1547 2922 1608; x_wconf 87' lang='lat' dir='ltr'><strong>haud</strong></span> <span class='ocrx_word' id='word_1_207' title='bbox 2957 1557 3167 1628; x_wconf 90' lang='lat' dir='ltr'><strong>potest.</strong></span> <span class='ocrx_word' id='word_1_208' title='bbox 3227 1549 3336 1622; x_wconf 85' lang='lat' dir='ltr'><strong>Qui</strong></span> <span class='ocrx_word' id='word_1_209' title='bbox 3366 1553 3554 1631; x_wconf 82' lang='lat' dir='ltr'><strong>igitur</strong></span> <span class='ocrx_word' id='word_1_210' title='bbox 3580 1541 3747 1614; x_wconf 83' lang='lat' dir='ltr'><strong>aiunt</strong></span> <span class='ocrx_word' id='word_1_211' title='bbox 3776 1573 3789 1612; x_wconf 92' lang='lat'>:</span> 
     </span>
    </p>
   </div>
   <div class='ocr_carea' id='block_1_17' title="bbox 419 1631 3792 1740">
    <p class='ocr_par' dir='ltr' id='par_1_17' title="bbox 419 1631 3792 1740">
     <span class='ocr_line' id='line_1_17' title="bbox 419 1631 3792 1740; baseline 0.001 -40"><span class='ocrx_word' id='word_1_212' title='bbox 419 1658 584 1716; x_wconf 88' lang='lat' dir='ltr'><strong>nem,</strong></span> <span class='ocrx_word' id='word_1_213' title='bbox 617 1637 1039 1740; x_wconf 61' lang='lat' dir='ltr'><strong>humilitatem,</strong></span> <span class='ocrx_word' id='word_1_214' title='bbox 1071 1635 1332 1740; x_wconf 75' lang='lat' dir='ltr'><strong>studium</strong></span> <span class='ocrx_word' id='word_1_215' title='bbox 1392 1636 1588 1698; x_wconf 88' lang='lat' dir='ltr'><strong>alacre</strong></span> <span class='ocrx_word' id='word_1_216' title='bbox 1618 1635 1832 1708; x_wconf 86' lang='lat' dir='ltr'><strong>videat,</strong></span> <span class='ocrx_word' id='word_1_217' title='bbox 1867 1643 1924 1697; x_wconf 89' lang='lat' dir='ltr'><strong>et</strong></span> <span class='ocrx_word' id='word_1_218' title='bbox 1955 1635 2067 1736; x_wconf 73' lang='lat' dir='ltr'><strong>mi-</strong></span> <span class='ocrx_word' id='word_1_219' title='bbox 2093 1693 2130 1740; x_wconf 74' lang='grc' dir='ltr'><strong><em>Β</em></strong></span> <span class='ocrx_word' id='word_1_220' title='bbox 2153 1631 2364 1730; x_wconf 74' lang='lat' dir='ltr'><strong>salvari</strong></span> <span class='ocrx_word' id='word_1_221' title='bbox 2394 1633 2681 1734; x_wconf 80' lang='lat' dir='ltr'><strong>volumus,</strong></span> <span class='ocrx_word' id='word_1_222' title='bbox 2719 1645 2774 1697; x_wconf 91' lang='lat' dir='ltr'><strong>et</strong></span> <span class='ocrx_word' id='word_1_223' title='bbox 2808 1656 2914 1714; x_wconf 84' lang='lat' dir='ltr'><strong>pro</strong></span> <span class='ocrx_word' id='word_1_224' title='bbox 2961 1638 3149 1736; x_wconf 75' lang='lat' dir='ltr'><strong>salute</strong></span> <span class='ocrx_word' id='word_1_225' title='bbox 3180 1640 3546 1720; x_wconf 81' lang='lat' dir='ltr'><strong>acquirenda</strong></span> <span class='ocrx_word' id='word_1_226' title='bbox 3579 1643 3792 1704; x_wconf 87' lang='lat' dir='ltr'><strong>defati-</strong></span> 
     </span>
    </p>
   </div>
   <div class='ocr_carea' id='block_1_18' title="bbox 420 1720 3792 1810">
    <p class='ocr_par' dir='ltr' id='par_1_18' title="bbox 420 1720 3792 1810">
     <span class='ocr_line' id='line_1_18' title="bbox 420 1720 3792 1810; baseline 0.001 -19"><span class='ocrx_word' id='word_1_227' title='bbox 420 1737 614 1792; x_wconf 87' lang='lat' dir='ltr'><strong>sertus</strong></span> <span class='ocrx_word' id='word_1_228' title='bbox 645 1727 702 1788; x_wconf 87' lang='lat' dir='ltr'><strong>ei</strong></span> <span class='ocrx_word' id='word_1_229' title='bbox 732 1725 1174 1788; x_wconf 87' lang='lat' dir='ltr'><strong>reconcilietur.</strong></span> <span class='ocrx_word' id='word_1_230' title='bbox 1199 1725 1560 1804; x_wconf 81' lang='lat' dir='ltr'><strong>Argumenta</strong></span> <span class='ocrx_word' id='word_1_231' title='bbox 1575 1731 1770 1786; x_wconf 90' lang='lat' dir='ltr'><strong>autem</strong></span> <span class='ocrx_word' id='word_1_232' title='bbox 1791 1725 2067 1786; x_wconf 88' lang='lat' dir='ltr'><strong>reconci-</strong></span> <span class='ocrx_word' id='word_1_233' title='bbox 2093 1720 2130 1740; x_wconf 72' lang='grc' dir='ltr'><strong>ν</strong></span> <span class='ocrx_word' id='word_1_234' title='bbox 2151 1720 2448 1796; x_wconf 86' lang='lat' dir='ltr'><strong>gationem</strong></span> <span class='ocrx_word' id='word_1_235' title='bbox 2474 1722 2654 1783; x_wconf 90' lang='lat' dir='ltr'><strong>animi</strong></span> <span class='ocrx_word' id='word_1_236' title='bbox 2681 1731 2747 1791; x_wconf 77' lang='lat' dir='ltr'><strong>et.</strong></span> <span class='ocrx_word' id='word_1_237' title='bbox 2767 1726 3034 1806; x_wconf 73' lang='lat' dir='ltr'><strong>corporis</strong></span> <span class='ocrx_word' id='word_1_238' title='bbox 3053 1728 3271 1788; x_wconf 89' lang='lat' dir='ltr'><strong>nullam</strong></span> <span class='ocrx_word' id='word_1_239' title='bbox 3301 1731 3608 1810; x_wconf 86' lang='lat' dir='ltr'><strong>suscipere</strong></span> <span class='ocrx_word' id='word_1_240' title='bbox 3631 1732 3792 1794; x_wconf 90' lang='lat' dir='ltr'><strong>insti-</strong></span> 
     </span>
    </p>
   </div>
   <div class='ocr_carea' id='block_1_19' title="bbox 419 1812 3790 1898">
    <p class='ocr_par' dir='ltr' id='par_1_19' title="bbox 419 1812 3790 1898">
     <span class='ocr_line' id='line_1_19' title="bbox 419 1812 3790 1898; baseline 0 -17"><span class='ocrx_word' id='word_1_241' title='bbox 419 1815 856 1896; x_wconf 84' lang='lat' dir='ltr'><strong>liatiouissunt,</strong></span> <span class='ocrx_word' id='word_1_242' title='bbox 879 1813 1587 1876; x_wconf 77' lang='lat' dir='ltr'><strong>aﬂ‘ectuumturbidorum</strong></span> <span class='ocrx_word' id='word_1_243' title='bbox 1604 1813 2066 1890; x_wconf 88' lang='lat' dir='ltr'><strong>sedatio,odium</strong></span> <span class='ocrx_word' id='word_1_244' title='bbox 2155 1819 2348 1882; x_wconf 89' lang='lat' dir='ltr'><strong>tuunt,</strong></span> <span class='ocrx_word' id='word_1_245' title='bbox 2383 1812 2478 1892; x_wconf 89' lang='lat' dir='ltr'><strong>qui</strong></span> <span class='ocrx_word' id='word_1_246' title='bbox 2515 1813 2749 1875; x_wconf 87' lang='lat' dir='ltr'><strong>tandem</strong></span> <span class='ocrx_word' id='word_1_247' title='bbox 2784 1815 2992 1876; x_wconf 85' lang='lat' dir='ltr'><strong>salvari</strong></span> <span class='ocrx_word' id='word_1_248' title='bbox 3023 1819 3294 1896; x_wconf 82' lang='lat' dir='ltr'><strong>queunt?</strong></span> <span class='ocrx_word' id='word_1_249' title='bbox 3348 1821 3588 1898; x_wconf 86' lang='lat' dir='ltr'><strong>quando</strong></span> <span class='ocrx_word' id='word_1_250' title='bbox 3621 1822 3790 1883; x_wconf 90' lang='lat' dir='ltr'><strong>etiam</strong></span> 
     </span>
    </p>
   </div>
   <div class='ocr_carea' id='block_1_20' title="bbox 420 1899 3786 1991">
    <p class='ocr_par' dir='ltr' id='par_1_20' title="bbox 420 1899 3786 1991">
     <span class='ocr_line' id='line_1_20' title="bbox 420 1899 3786 1991; baseline 0.001 -23"><span class='ocrx_word' id='word_1_251' title='bbox 420 1904 672 1988; x_wconf 87' lang='lat' dir='ltr'><strong>peccati,</strong></span> <span class='ocrx_word' id='word_1_252' title='bbox 707 1911 1032 1986; x_wconf 88' lang='lat' dir='ltr'><strong>perpetuus</strong></span> <span class='ocrx_word' id='word_1_253' title='bbox 1082 1903 1191 1964; x_wconf 91' lang='lat' dir='ltr'><strong>Dei</strong></span> <span class='ocrx_word' id='word_1_254' title='bbox 1244 1902 1468 1982; x_wconf 89' lang='lat' dir='ltr'><strong>ubique</strong></span> <span class='ocrx_word' id='word_1_255' title='bbox 1529 1902 1835 1991; x_wconf 68' lang='lat' dir='ltr'><strong>praesentis</strong></span> <span class='ocrx_word' id='word_1_256' title='bbox 1866 1901 2065 1991; x_wconf 87' lang='lat' dir='ltr'><strong>timor,</strong></span> <span class='ocrx_word' id='word_1_257' title='bbox 2151 1899 2252 1979; x_wconf 88' lang='lat' dir='ltr'><strong>qui</strong></span> <span class='ocrx_word' id='word_1_258' title='bbox 2279 1900 2484 1991; x_wconf 88' lang='lat' dir='ltr'><strong>salutis</strong></span> <span class='ocrx_word' id='word_1_259' title='bbox 2505 1920 2679 1963; x_wconf 83' lang='lat' dir='ltr'><strong>causa</strong></span> <span class='ocrx_word' id='word_1_260' title='bbox 2708 1903 2778 1962; x_wconf 91' lang='lat' dir='ltr'><strong>ad</strong></span> <span class='ocrx_word' id='word_1_261' title='bbox 2803 1903 3186 1967; x_wconf 89' lang='lat' dir='ltr'><strong>laborandum</strong></span> <span class='ocrx_word' id='word_1_262' title='bbox 3216 1910 3470 1988; x_wconf 89' lang='lat' dir='ltr'><strong>prompti</strong></span> <span class='ocrx_word' id='word_1_263' title='bbox 3498 1919 3657 1991; x_wconf 92' lang='lat' dir='ltr'><strong>sunt,</strong></span> <span class='ocrx_word' id='word_1_264' title='bbox 3695 1921 3786 1972; x_wconf 90' lang='lat' dir='ltr'><strong>to-</strong></span> 
     </span>
    </p>
   </div>
   <div class='ocr_carea' id='block_1_21' title="bbox 421 1990 3788 2080">
    <p class='ocr_par' dir='ltr' id='par_1_21' title="bbox 421 1990 3788 2080">
     <span class='ocr_line' id='line_1_21' title="bbox 421 1990 3788 2080; baseline 0.001 -23"><span class='ocrx_word' id='word_1_265' title='bbox 421 1993 825 2076; x_wconf 88' lang='lat' dir='ltr'><strong>compunctio,</strong></span> <span class='ocrx_word' id='word_1_266' title='bbox 858 1991 1090 2080; x_wconf 85' lang='lat' dir='ltr'><strong>religio,</strong></span> <span class='ocrx_word' id='word_1_267' title='bbox 1125 1991 1310 2054; x_wconf 90' lang='lat' dir='ltr'><strong>animi</strong></span> <span class='ocrx_word' id='word_1_268' title='bbox 1342 1991 1404 2053; x_wconf 89' lang='lat' dir='ltr'><strong>in</strong></span> <span class='ocrx_word' id='word_1_269' title='bbox 1437 1991 1621 2080; x_wconf 89' lang='lat' dir='ltr'><strong>sacris</strong></span> <span class='ocrx_word' id='word_1_270' title='bbox 1651 1990 1941 2080; x_wconf 77' lang='lat' dir='ltr'><strong>cantibus,</strong></span> <span class='ocrx_word' id='word_1_271' title='bbox 1977 1990 2066 2080; x_wconf 90' lang='lat' dir='ltr'><strong>le-</strong></span> <span class='ocrx_word' id='word_1_272' title='bbox 2153 1995 2327 2080; x_wconf 81' lang='lat' dir='ltr'><strong>toque</strong></span> <span class='ocrx_word' id='word_1_273' title='bbox 2360 1990 2776 2065; x_wconf 87' lang='lat' dir='ltr'><strong>animo,verbo</strong></span> <span class='ocrx_word' id='word_1_274' title='bbox 2808 2003 3193 2074; x_wconf 86' lang='lat' dir='ltr'><strong>etopereeam</strong></span> <span class='ocrx_word' id='word_1_275' title='bbox 3221 2009 3525 2078; x_wconf 76' lang='lat' dir='ltr'><strong>expetunt.</strong></span> <span class='ocrx_word' id='word_1_276' title='bbox 3552 2001 3788 2080; x_wconf 90' lang='lat' dir='ltr'><strong>uecipsi</strong></span> 
     </span>
    </p>
   </div>
   <div class='ocr_carea' id='block_1_22' title="bbox 419 2077 3784 2167">
    <p class='ocr_par' dir='ltr' id='par_1_22' title="bbox 419 2077 3784 2167">
     <span class='ocr_line' id='line_1_22' title="bbox 419 2077 3784 2167; baseline 0.001 -20"><span class='ocrx_word' id='word_1_277' title='bbox 419 2083 744 2157; x_wconf 87' lang='lat' dir='ltr'><strong>ctionibus,</strong></span> <span class='ocrx_word' id='word_1_278' title='bbox 776 2079 1182 2144; x_wconf 74' lang='lat' dir='ltr'><strong>auditionibus</strong></span> <span class='ocrx_word' id='word_1_279' title='bbox 1212 2099 1246 2142; x_wconf 90' lang='lat' dir='ltr'><strong>a</strong></span> <span class='ocrx_word' id='word_1_280' title='bbox 1275 2081 1398 2143; x_wconf 91' lang='lat' dir='ltr'><strong>Deo</strong></span> <span class='ocrx_word' id='word_1_281' title='bbox 1450 2079 1868 2160; x_wconf 82' lang='lat' dir='ltr'><strong>inspiratarum</strong></span> <span class='ocrx_word' id='word_1_282' title='bbox 1902 2077 2067 2141; x_wconf 83' lang='lat' dir='ltr'><strong>Scri-</strong></span> <span class='ocrx_word' id='word_1_283' title='bbox 2153 2077 2392 2167; x_wconf 78' lang='lat' dir='ltr'><strong>quidem</strong></span> <span class='ocrx_word' id='word_1_284' title='bbox 2424 2080 2632 2141; x_wconf 89' lang='lat' dir='ltr'><strong>salvari</strong></span> <span class='ocrx_word' id='word_1_285' title='bbox 2665 2092 2928 2161; x_wconf 76' lang='lat' dir='ltr'><strong>possunt.</strong></span> <span class='ocrx_word' id='word_1_286' title='bbox 2965 2084 3036 2147; x_wconf 88' lang='lat' dir='ltr'><strong>Ut</strong></span> <span class='ocrx_word' id='word_1_287' title='bbox 3092 2087 3275 2152; x_wconf 87' lang='lat' dir='ltr'><strong>enim.</strong></span> <span class='ocrx_word' id='word_1_288' title='bbox 3299 2077 3311 2078; x_wconf 24' lang='grc' dir='ltr'>ί</span> <span class='ocrx_word' id='word_1_289' title='bbox 3339 2089 3438 2167; x_wconf 85' lang='lat' dir='ltr'><strong>qui</strong></span> <span class='ocrx_word' id='word_1_290' title='bbox 3472 2109 3610 2150; x_wconf 70' lang='lat' dir='ltr'><strong>eum</strong></span> <span class='ocrx_word' id='word_1_291' title='bbox 3644 2077 3784 2151; x_wconf 84' lang='lat' dir='ltr'><strong>nihil</strong></span> 
     </span>
    </p>
   </div>
   <div class='ocr_carea' id='block_1_23' title="bbox 420 2164 3782 2256">
    <p class='ocr_par' dir='ltr' id='par_1_23' title="bbox 420 2164 3782 2256">
     <span class='ocr_line' id='line_1_23' title="bbox 420 2164 3782 2256; baseline 0.001 -23"><span class='ocrx_word' id='word_1_292' title='bbox 420 2179 728 2254; x_wconf 87' lang='lat' dir='ltr'><strong>pturarum</strong></span> <span class='ocrx_word' id='word_1_293' title='bbox 758 2169 1022 2232; x_wconf 88' lang='lat' dir='ltr'><strong>attentio.</strong></span> <span class='ocrx_word' id='word_1_294' title='bbox 1057 2169 1314 2232; x_wconf 91' lang='lat' dir='ltr'><strong>Omnino</strong></span> <span class='ocrx_word' id='word_1_295' title='bbox 1344 2169 1502 2230; x_wconf 91' lang='lat' dir='ltr'><strong>enim</strong></span> <span class='ocrx_word' id='word_1_296' title='bbox 1535 2187 1711 2228; x_wconf 91' lang='lat' dir='ltr'><strong>nemo</strong></span> <span class='ocrx_word' id='word_1_297' title='bbox 1742 2168 2068 2256; x_wconf 88' lang='lat' dir='ltr'><strong>quidquam</strong></span> <span class='ocrx_word' id='word_1_298' title='bbox 2152 2164 2443 2240; x_wconf 90' lang='lat' dir='ltr'><strong>laborent,</strong></span> <span class='ocrx_word' id='word_1_299' title='bbox 2479 2177 2672 2230; x_wconf 91' lang='lat' dir='ltr'><strong>tamen</strong></span> <span class='ocrx_word' id='word_1_300' title='bbox 2707 2171 2916 2233; x_wconf 78' lang='lat' dir='ltr'><strong>salvari</strong></span> <span class='ocrx_word' id='word_1_301' title='bbox 2935 2175 3298 2250; x_wconf 81' lang='lat' dir='ltr'><strong>desiderant,</strong></span> <span class='ocrx_word' id='word_1_302' title='bbox 3319 2164 3532 2238; x_wconf 71' lang='lat' dir='ltr'><strong>salvari</strong></span> <span class='ocrx_word' id='word_1_303' title='bbox 3555 2179 3782 2256; x_wconf 68' lang='lat' dir='ltr'><strong>nolunt,</strong></span> 
     </span>
    </p>
   </div>
   <div class='ocr_carea' id='block_1_24' title="bbox 418 2255 3783 2349">
    <p class='ocr_par' dir='ltr' id='par_1_24' title="bbox 418 2255 3783 2349">
     <span class='ocr_line' id='line_1_24' title="bbox 418 2255 3783 2349; baseline 0.002 -26"><span class='ocrx_word' id='word_1_304' title='bbox 418 2260 634 2324; x_wconf 88' lang='lat' dir='ltr'><strong>horum</strong></span> <span class='ocrx_word' id='word_1_305' title='bbox 665 2268 799 2322; x_wconf 88' lang='lat' dir='ltr'><strong>ante</strong></span> <span class='ocrx_word' id='word_1_306' title='bbox 827 2257 1364 2349; x_wconf 75' lang='lat' dir='ltr'><strong>recuperatam_Dei</strong></span> <span class='ocrx_word' id='word_1_307' title='bbox 1391 2257 1640 2349; x_wconf 84' lang='lat' dir='ltr'><strong>gratiam</strong></span> <span class='ocrx_word' id='word_1_308' title='bbox 1658 2255 2064 2349; x_wconf 77' lang='lat' dir='ltr'><strong>consequitur.</strong></span> <span class='ocrx_word' id='word_1_309' title='bbox 2151 2273 2285 2314; x_wconf 91' lang='lat' dir='ltr'><strong>cum</strong></span> <span class='ocrx_word' id='word_1_310' title='bbox 2316 2257 2474 2349; x_wconf 83' lang='lat' dir='ltr'><strong>salus</strong></span> <span class='ocrx_word' id='word_1_311' title='bbox 2504 2258 2632 2349; x_wconf 85' lang='lat' dir='ltr'><strong>sine</strong></span> <span class='ocrx_word' id='word_1_312' title='bbox 2661 2259 2866 2320; x_wconf 83' lang='lat' dir='ltr'><strong>labore</strong></span> <span class='ocrx_word' id='word_1_313' title='bbox 2893 2281 3010 2332; x_wconf 87' lang='lat' dir='ltr'><strong>non</strong></span> <span class='ocrx_word' id='word_1_314' title='bbox 3039 2274 3300 2325; x_wconf 72' lang='lat' dir='ltr'><strong>constet:</strong></span> <span class='ocrx_word' id='word_1_315' title='bbox 3357 2267 3443 2328; x_wconf 91' lang='lat' dir='ltr'><strong>sic</strong></span> <span class='ocrx_word' id='word_1_316' title='bbox 3470 2270 3567 2349; x_wconf 89' lang='lat' dir='ltr'><strong>qui</strong></span> <span class='ocrx_word' id='word_1_317' title='bbox 3600 2255 3783 2330; x_wconf 61' lang='lat' dir='ltr'><strong>facul¥</strong></span> 
     </span>
    </p>
   </div>
   <div class='ocr_carea' id='block_1_25' title="bbox 417 2343 3784 2438">
    <p class='ocr_par' dir='ltr' id='par_1_25' title="bbox 417 2343 3784 2438">
     <span class='ocr_line' id='line_1_25' title="bbox 417 2343 3784 2438; baseline 0.003 -27"><span class='ocrx_word' id='word_1_318' title='bbox 417 2350 694 2438; x_wconf 75' lang='lat' dir='ltr'><strong>Animam</strong></span> <span class='ocrx_word' id='word_1_319' title='bbox 723 2349 944 2438; x_wconf 83' lang='lat' dir='ltr'><strong>quippe</strong></span> <span class='ocrx_word' id='word_1_320' title='bbox 989 2347 1176 2425; x_wconf 88' lang='lat' dir='ltr'><strong>gratia</strong></span> <span class='ocrx_word' id='word_1_321' title='bbox 1229 2345 1336 2438; x_wconf 84' lang='lat' dir='ltr'><strong>Dei</strong></span> <span class='ocrx_word' id='word_1_322' title='bbox 1393 2345 1839 2438; x_wconf 72' lang='lat' dir='ltr'><strong>quodammodo</strong></span> <span class='ocrx_word' id='word_1_323' title='bbox 1863 2343 2064 2424; x_wconf 86' lang='lat' dir='ltr'><strong>tangit,</strong></span> <span class='ocrx_word' id='word_1_324' title='bbox 2153 2349 2269 2438; x_wconf 78' lang='lat' dir='ltr'><strong>tate</strong></span> <span class='ocrx_word' id='word_1_325' title='bbox 2301 2346 2728 2438; x_wconf 80' lang='lat' dir='ltr'><strong>prudentiaque</strong></span> <span class='ocrx_word' id='word_1_326' title='bbox 2761 2354 2996 2430; x_wconf 69' lang='lat' dir='ltr'><strong>pmpr‘a</strong></span> <span class='ocrx_word' id='word_1_327' title='bbox 3037 2352 3107 2412; x_wconf 91' lang='lat' dir='ltr'><strong>ad</strong></span> <span class='ocrx_word' id='word_1_328' title='bbox 3169 2354 3401 2417; x_wconf 88' lang='lat' dir='ltr'><strong>labores</strong></span> <span class='ocrx_word' id='word_1_329' title='bbox 3460 2343 3564 2438; x_wconf 74' lang='lat' dir='ltr'><strong>pro</strong></span> <span class='ocrx_word' id='word_1_330' title='bbox 3596 2361 3784 2420; x_wconf 80' lang='lat' dir='ltr'><strong>salva-</strong></span> 
     </span>
    </p>
   </div>
   <div class='ocr_carea' id='block_1_26' title="bbox 415 2431 3784 2526">
    <p class='ocr_par' dir='ltr' id='par_1_26' title="bbox 415 2431 3784 2526">
     <span class='ocr_line' id='line_1_26' title="bbox 415 2431 3784 2526; baseline 0.002 -24"><span class='ocrx_word' id='word_1_331' title='bbox 415 2437 833 2520; x_wconf 87' lang='lat' dir='ltr'><strong>inaspectabili</strong></span> <span class='ocrx_word' id='word_1_332' title='bbox 860 2439 1111 2526; x_wconf 88' lang='lat' dir='ltr'><strong>quadam</strong></span> <span class='ocrx_word' id='word_1_333' title='bbox 1144 2435 1398 2526; x_wconf 68' lang='lat' dir='ltr'><strong>ratione</strong></span> <span class='ocrx_word' id='word_1_334' title='bbox 1455 2435 1510 2497; x_wconf 89' lang='lat' dir='ltr'><strong>ei</strong></span> <span class='ocrx_word' id='word_1_335' title='bbox 1561 2435 1965 2526; x_wconf 69' lang='lat' dir='ltr'><strong>reconciliata,</strong></span> <span class='ocrx_word' id='word_1_336' title='bbox 2011 2443 2070 2494; x_wconf 92' lang='lat' dir='ltr'><strong>et</strong></span> <span class='ocrx_word' id='word_1_337' title='bbox 2153 2431 2312 2494; x_wconf 80' lang='lat' dir='ltr'><strong>tione</strong></span> <span class='ocrx_word' id='word_1_338' title='bbox 2341 2433 2664 2526; x_wconf 87' lang='lat' dir='ltr'><strong>obtinenda</strong></span> <span class='ocrx_word' id='word_1_339' title='bbox 2695 2440 3137 2517; x_wconf 85' lang='lat' dir='ltr'><strong>aggrediuntur,</strong></span> <span class='ocrx_word' id='word_1_340' title='bbox 3199 2443 3332 2504; x_wconf 90' lang='lat' dir='ltr'><strong>ideo</strong></span> <span class='ocrx_word' id='word_1_341' title='bbox 3367 2464 3435 2506; x_wconf 87' lang='lat' dir='ltr'><strong>ea</strong></span> <span class='ocrx_word' id='word_1_342' title='bbox 3462 2431 3642 2526; x_wconf 76' lang='lat' dir='ltr'><strong>potiri</strong></span> <span class='ocrx_word' id='word_1_343' title='bbox 3673 2468 3784 2510; x_wconf 84' lang='lat' dir='ltr'><strong>ne-</strong></span> 
     </span>
    </p>
   </div>
   <div class='ocr_carea' id='block_1_27' title="bbox 423 2524 3778 2615">
    <p class='ocr_par' dir='ltr' id='par_1_27' title="bbox 423 2524 3778 2615">
     <span class='ocr_line' id='line_1_27' title="bbox 423 2524 3778 2615; baseline 0.002 -24"><span class='ocrx_word' id='word_1_344' title='bbox 423 2547 554 2611; x_wconf 57' lang='lat' dir='ltr'><strong>que;</strong></span> <span class='ocrx_word' id='word_1_345' title='bbox 583 2546 653 2590; x_wconf 93' lang='lat' dir='ltr'><strong>eo</strong></span> <span class='ocrx_word' id='word_1_346' title='bbox 683 2545 872 2608; x_wconf 90' lang='lat' dir='ltr'><strong>usque</strong></span> <span class='ocrx_word' id='word_1_347' title='bbox 921 2524 1215 2588; x_wconf 87' lang='lat' dir='ltr'><strong>instabilis</strong></span> <span class='ocrx_word' id='word_1_348' title='bbox 1269 2543 1330 2586; x_wconf 73' lang='lat' dir='ltr'><strong>et</strong></span> <span class='ocrx_word' id='word_1_349' title='bbox 1379 2543 1525 2604; x_wconf 86' lang='lat' dir='ltr'><strong>vaga</strong></span> <span class='ocrx_word' id='word_1_350' title='bbox 1580 2525 1710 2600; x_wconf 89' lang='lat' dir='ltr'><strong>fuit,</strong></span> <span class='ocrx_word' id='word_1_351' title='bbox 1745 2525 1968 2615; x_wconf 84' lang='lat' dir='ltr'><strong>ﬁrmari</strong></span> <span class='ocrx_word' id='word_1_352' title='bbox 1998 2542 2067 2584; x_wconf 90' lang='lat' dir='ltr'><strong>ac</strong></span> <span class='ocrx_word' id='word_1_353' title='bbox 2149 2529 2396 2615; x_wconf 74' lang='lat' dir='ltr'><strong>queunt,</strong></span> <span class='ocrx_word' id='word_1_354' title='bbox 2430 2525 2585 2615; x_wconf 81' lang='lat' dir='ltr'><strong>quod</strong></span> <span class='ocrx_word' id='word_1_355' title='bbox 2621 2547 2732 2588; x_wconf 84' lang='lat' dir='ltr'><strong>nun</strong></span> <span class='ocrx_word' id='word_1_356' title='bbox 2766 2529 2825 2588; x_wconf 92' lang='lat' dir='ltr'><strong>in</strong></span> <span class='ocrx_word' id='word_1_357' title='bbox 2861 2530 3076 2590; x_wconf 63' lang='lat' dir='ltr'><strong>virtute</strong></span> <span class='ocrx_word' id='word_1_358' title='bbox 3099 2524 3643 2615; x_wconf 81' lang='lat' dir='ltr'><strong>salvaricupientis,</strong></span> <span class='ocrx_word' id='word_1_359' title='bbox 3677 2538 3778 2598; x_wconf 91' lang='lat' dir='ltr'><strong>sed</strong></span> 
     </span>
    </p>
   </div>
   <div class='ocr_carea' id='block_1_28' title="bbox 422 2609 3784 2696">
    <p class='ocr_par' dir='ltr' id='par_1_28' title="bbox 422 2609 3784 2696">
     <span class='ocr_line' id='line_1_28' title="bbox 422 2609 3784 2696; baseline 0.002 -15"><span class='ocrx_word' id='word_1_360' title='bbox 422 2609 676 2681; x_wconf 70' lang='lat' dir='ltr'><strong>stabiliri</strong></span> <span class='ocrx_word' id='word_1_361' title='bbox 705 2615 936 2696; x_wconf 86' lang='lat' dir='ltr'><strong>incipit.</strong></span> <span class='ocrx_word' id='word_1_362' title='bbox 969 2615 1060 2676; x_wconf 93' lang='lat' dir='ltr'><strong>En</strong></span> <span class='ocrx_word' id='word_1_363' title='bbox 1082 2633 1260 2676; x_wconf 90' lang='lat' dir='ltr'><strong>unam</strong></span> <span class='ocrx_word' id='word_1_364' title='bbox 1288 2632 1414 2675; x_wconf 90' lang='lat' dir='ltr'><strong>rem</strong></span> <span class='ocrx_word' id='word_1_365' title='bbox 1444 2632 1714 2694; x_wconf 88' lang='lat' dir='ltr'><strong>magnam</strong></span> <span class='ocrx_word' id='word_1_366' title='bbox 1737 2613 2068 2674; x_wconf 86' lang='lat' dir='ltr'><strong>etadmira-</strong></span> <span class='ocrx_word' id='word_1_367' title='bbox 2146 2609 2206 2669; x_wconf 88' lang='lat' dir='ltr'><strong>in</strong></span> <span class='ocrx_word' id='word_1_368' title='bbox 2241 2611 2648 2676; x_wconf 87' lang='lat' dir='ltr'><strong>misericordia</strong></span> <span class='ocrx_word' id='word_1_369' title='bbox 2676 2617 2778 2678; x_wconf 86' lang='lat' dir='ltr'><strong>Dei</strong></span> <span class='ocrx_word' id='word_1_370' title='bbox 2807 2617 2955 2694; x_wconf 83' lang='lat' dir='ltr'><strong>perJ</strong></span> <span class='ocrx_word' id='word_1_371' title='bbox 2963 2637 3125 2692; x_wconf 80' lang='lat' dir='ltr'><strong>esum</strong></span> <span class='ocrx_word' id='word_1_372' title='bbox 3148 2609 3443 2684; x_wconf 82' lang='lat' dir='ltr'><strong>Christum</strong></span> <span class='ocrx_word' id='word_1_373' title='bbox 3471 2627 3784 2687; x_wconf 90' lang='lat' dir='ltr'><strong>constituta</strong></span> 
     </span>
    </p>
   </div>
   <div class='ocr_carea' id='block_1_29' title="bbox 421 2699 3780 2794">
    <p class='ocr_par' dir='ltr' id='par_1_29' title="bbox 421 2699 3780 2794">
     <span class='ocr_line' id='line_1_29' title="bbox 421 2699 3780 2794; baseline 0.002 -24"><span class='ocrx_word' id='word_1_374' title='bbox 421 2706 630 2782; x_wconf 84' lang='lat' dir='ltr'><strong>bilem,</strong></span> <span class='ocrx_word' id='word_1_375' title='bbox 665 2723 772 2794; x_wconf 81' lang='lat' dir='ltr'><strong>pro</strong></span> <span class='ocrx_word' id='word_1_376' title='bbox 803 2722 922 2794; x_wconf 88' lang='lat' dir='ltr'><strong>qua</strong></span> <span class='ocrx_word' id='word_1_377' title='bbox 950 2704 1153 2794; x_wconf 68' lang='lat' dir='ltr'><strong>gratiae</strong></span> <span class='ocrx_word' id='word_1_378' title='bbox 1193 2703 1485 2794; x_wconf 84' lang='lat' dir='ltr'><strong>debentur</strong></span> <span class='ocrx_word' id='word_1_379' title='bbox 1518 2705 1683 2794; x_wconf 79' lang='lat' dir='ltr'><strong>Deo._</strong></span> <span class='ocrx_word' id='word_1_380' title='bbox 1701 2703 2065 2794; x_wconf 75' lang='lat' dir='ltr'><strong>consecutus</strong></span> <span class='ocrx_word' id='word_1_381' title='bbox 2147 2706 2259 2758; x_wconf 87' lang='lat' dir='ltr'><strong>est.</strong></span> <span class='ocrx_word' id='word_1_382' title='bbox 2287 2699 2455 2794; x_wconf 82' lang='lat' dir='ltr'><strong>Alius</strong></span> <span class='ocrx_word' id='word_1_383' title='bbox 2475 2703 2632 2764; x_wconf 90' lang='lat' dir='ltr'><strong>enim</strong></span> <span class='ocrx_word' id='word_1_384' title='bbox 2684 2719 2772 2766; x_wconf 83' lang='lat' dir='ltr'><strong>est</strong></span> <span class='ocrx_word' id='word_1_385' title='bbox 2817 2707 2918 2787; x_wconf 90' lang='lat' dir='ltr'><strong>qui</strong></span> <span class='ocrx_word' id='word_1_386' title='bbox 2950 2709 3227 2784; x_wconf 84' lang='lat' dir='ltr'><strong>salvatur,</strong></span> <span class='ocrx_word' id='word_1_387' title='bbox 3262 2723 3320 2772; x_wconf 90' lang='lat' dir='ltr'><strong>et</strong></span> <span class='ocrx_word' id='word_1_388' title='bbox 3349 2713 3500 2776; x_wconf 91' lang='lat' dir='ltr'><strong>alius</strong></span> <span class='ocrx_word' id='word_1_389' title='bbox 3529 2716 3625 2794; x_wconf 91' lang='lat' dir='ltr'><strong>qui</strong></span> <span class='ocrx_word' id='word_1_390' title='bbox 3657 2717 3780 2776; x_wconf 89' lang='lat' dir='ltr'><strong>sal-</strong></span> 
     </span>
    </p>
   </div>
   <div class='ocr_carea' id='block_1_30' title="bbox 421 2789 3779 2875">
    <p class='ocr_par' dir='ltr' id='par_1_30' title="bbox 421 2789 3779 2875">
     <span class='ocr_line' id='line_1_30' title="bbox 421 2789 3779 2875; baseline 0.002 -17"><span class='ocrx_word' id='word_1_391' title='bbox 421 2803 616 2858; x_wconf 90' lang='lat' dir='ltr'><strong>autem</strong></span> <span class='ocrx_word' id='word_1_392' title='bbox 652 2789 1148 2867; x_wconf 82' lang='lat' dir='ltr'><strong>misericordiam,</strong></span> <span class='ocrx_word' id='word_1_393' title='bbox 1173 2791 1507 2864; x_wconf 90' lang='lat' dir='ltr'><strong>sanitatem,</strong></span> <span class='ocrx_word' id='word_1_394' title='bbox 1532 2789 1984 2866; x_wconf 85' lang='lat' dir='ltr'><strong>ﬁrmitudinem,</strong></span> <span class='ocrx_word' id='word_1_395' title='bbox 2013 2791 2064 2850; x_wconf 90' lang='lat' dir='ltr'><strong>si</strong></span> <span class='ocrx_word' id='word_1_396' title='bbox 2147 2796 2258 2849; x_wconf 87' lang='lat' dir='ltr'><strong>vat.</strong></span> <span class='ocrx_word' id='word_1_397' title='bbox 2309 2789 2544 2870; x_wconf 68' lang='lat' dir='ltr'><strong>Absque</strong></span> <span class='ocrx_word' id='word_1_398' title='bbox 2571 2811 2663 2854; x_wconf 84' lang='lat' dir='ltr'><strong>mc</strong></span> <span class='ocrx_word' id='word_1_399' title='bbox 2708 2812 2831 2857; x_wconf 76' lang='lat' dir='ltr'><strong>non</strong></span> <span class='ocrx_word' id='word_1_400' title='bbox 2861 2805 2948 2856; x_wconf 78' lang='lat' dir='ltr'><strong>est</strong></span> <span class='ocrx_word' id='word_1_401' title='bbox 2973 2797 3241 2860; x_wconf 82' lang='lat' dir='ltr'><strong>salvator</strong></span> <span class='ocrx_word' id='word_1_402' title='bbox 3278 2803 3360 2875; x_wconf 78' lang='lat'><strong>55,</strong></span> <span class='ocrx_word' id='word_1_403' title='bbox 3394 2803 3473 2864; x_wconf 91' lang='lat' dir='ltr'><strong>ait</strong></span> <span class='ocrx_word' id='word_1_404' title='bbox 3505 2789 3674 2867; x_wconf 80' lang='lat' dir='ltr'><strong>Deus.</strong></span> <span class='ocrx_word' id='word_1_405' title='bbox 3710 2804 3779 2866; x_wconf 90' lang='lat' dir='ltr'><strong>Et</strong></span> 
     </span>
    </p>
   </div>
   <div class='ocr_carea' id='block_1_31' title="bbox 420 2879 3769 2970">
    <p class='ocr_par' dir='ltr' id='par_1_31' title="bbox 420 2879 3769 2970">
     <span class='ocr_line' id='line_1_31' title="bbox 420 2879 3769 2970; baseline 0 -29"><span class='ocrx_word' id='word_1_406' title='bbox 420 2885 554 2946; x_wconf 79' lang='lat' dir='ltr'><strong>haec</strong></span> <span class='ocrx_word' id='word_1_407' title='bbox 581 2899 765 2970; x_wconf 85' lang='lat' dir='ltr'><strong>opere</strong></span> <span class='ocrx_word' id='word_1_408' title='bbox 790 2881 950 2956; x_wconf 90' lang='lat' dir='ltr'><strong>facit,</strong></span> <span class='ocrx_word' id='word_1_409' title='bbox 972 2887 1050 2970; x_wconf 84' lang='lat' dir='ltr'><strong>ut</strong></span> <span class='ocrx_word' id='word_1_410' title='bbox 1080 2899 1186 2961; x_wconf 90' lang='lat' dir='ltr'><strong>pro</strong></span> <span class='ocrx_word' id='word_1_411' title='bbox 1242 2879 1474 2970; x_wconf 71' lang='lat' dir='ltr'><strong>adeptis</strong></span> <span class='ocrx_word' id='word_1_412' title='bbox 1527 2879 1741 2970; x_wconf 84' lang='lat' dir='ltr'><strong>gratias</strong></span> <span class='ocrx_word' id='word_1_413' title='bbox 1771 2887 1921 2970; x_wconf 83' lang='lat' dir='ltr'><strong>agat,</strong></span> <span class='ocrx_word' id='word_1_414' title='bbox 1950 2896 2062 2970; x_wconf 84' lang='lat' dir='ltr'><strong>pro</strong></span> <span class='ocrx_word' id='word_1_415' title='bbox 2144 2879 2442 2970; x_wconf 76' lang='lat' dir='ltr'><strong>apostolus</strong></span> <span class='ocrx_word' id='word_1_416' title='bbox 2470 2882 2719 2944; x_wconf 88' lang='lat' dir='ltr'><strong>Paulus:</strong></span> <span class='ocrx_word' id='word_1_417' title='bbox 2754 2884 2910 2946; x_wconf 75' lang='lat' dir='ltr'><strong>Velle</strong></span> <span class='ocrx_word' id='word_1_418' title='bbox 2940 2887 3160 2949; x_wconf 85' lang='lat' dir='ltr'><strong>bonum</strong></span> <span class='ocrx_word' id='word_1_419' title='bbox 3181 2889 3417 2966; x_wconf 79' lang='lat' dir='ltr'><strong>adiacet</strong></span> <span class='ocrx_word' id='word_1_420' title='bbox 3438 2893 3602 2969; x_wconf 79' lang='lat' dir='ltr'><strong>mihi,</strong></span> <span class='ocrx_word' id='word_1_421' title='bbox 3638 2909 3769 2970; x_wconf 79' lang='lat' dir='ltr'><strong>per-</strong></span> 
     </span>
    </p>
   </div>
   <div class='ocr_carea' id='block_1_32' title="bbox 420 2965 3778 3070">
    <p class='ocr_par' dir='ltr' id='par_1_32' title="bbox 420 2965 3778 3070">
     <span class='ocr_line' id='line_1_32' title="bbox 420 2965 3778 3070; baseline 0.002 -34"><span class='ocrx_word' id='word_1_422' title='bbox 420 2968 930 3052; x_wconf 84' lang='lat' dir='ltr'><strong>reconciliatione,</strong></span> <span class='ocrx_word' id='word_1_423' title='bbox 965 2969 1206 3050; x_wconf 89' lang='lat' dir='ltr'><strong>inquam</strong></span> <span class='ocrx_word' id='word_1_424' title='bbox 1237 2987 1369 3030; x_wconf 89' lang='lat' dir='ltr'><strong>cum</strong></span> <span class='ocrx_word' id='word_1_425' title='bbox 1388 2968 1510 3030; x_wconf 92' lang='lat' dir='ltr'><strong>Deo</strong></span> <span class='ocrx_word' id='word_1_426' title='bbox 1541 2967 1716 3030; x_wconf 90' lang='lat' dir='ltr'><strong>etiam</strong></span> <span class='ocrx_word' id='word_1_427' title='bbox 1735 2967 1822 3030; x_wconf 91' lang='lat' dir='ltr'><strong>sic</strong></span> <span class='ocrx_word' id='word_1_428' title='bbox 1849 2965 2063 3029; x_wconf 89' lang='lat' dir='ltr'><strong>rationi</strong></span> <span class='ocrx_word' id='word_1_429' title='bbox 2082 3016 2120 3070; x_wconf 63' lang='grc' dir='ltr'>Ο</span> <span class='ocrx_word' id='word_1_430' title='bbox 2148 2967 2320 3030; x_wconf 84' lang='lat' dir='ltr'><strong>ﬁcere</strong></span> <span class='ocrx_word' id='word_1_431' title='bbox 2339 2976 2540 3031; x_wconf 85' lang='lat' dir='ltr'><strong>autem</strong></span> <span class='ocrx_word' id='word_1_432' title='bbox 2557 2990 2674 3032; x_wconf 78' lang='lat' dir='ltr'><strong>non</strong></span> <span class='ocrx_word' id='word_1_433' title='bbox 2690 2975 3023 3037; x_wconf 53' lang='lat' dir='ltr'><strong>inveniam.</strong></span> <span class='ocrx_word' id='word_1_434' title='bbox 3048 2976 3196 3050; x_wconf 87' lang='lat' dir='ltr'><strong>Quid</strong></span> <span class='ocrx_word' id='word_1_435' title='bbox 3223 2965 3420 3058; x_wconf 85' lang='lat' dir='ltr'><strong>igitur,</strong></span> <span class='ocrx_word' id='word_1_436' title='bbox 3451 2965 3778 3044; x_wconf 58' lang='lat' dir='ltr'><strong>t’aule‘iDie</strong></span> 
     </span>
    </p>
   </div>
   <div class='ocr_carea' id='block_1_33' title="bbox 422 3059 3779 3149">
    <p class='ocr_par' dir='ltr' id='par_1_33' title="bbox 422 3059 3779 3149">
     <span class='ocr_line' id='line_1_33' title="bbox 422 3059 3779 3149; baseline 0.002 -23"><span class='ocrx_word' id='word_1_437' title='bbox 422 3060 846 3126; x_wconf 90' lang='lat' dir='ltr'><strong>convenienter</strong></span> <span class='ocrx_word' id='word_1_438' title='bbox 872 3060 1072 3149; x_wconf 80' lang='lat' dir='ltr'><strong>faciet,</strong></span> <span class='ocrx_word' id='word_1_439' title='bbox 1095 3067 1160 3121; x_wconf 87' lang='lat' dir='ltr'><strong>ut</strong></span> <span class='ocrx_word' id='word_1_440' title='bbox 1215 3060 1534 3149; x_wconf 70' lang='lat' dir='ltr'><strong>perfectam</strong></span> <span class='ocrx_word' id='word_1_441' title='bbox 1588 3059 2060 3149; x_wconf 83' lang='lat' dir='ltr'><strong>redemptionem</strong></span> <span class='ocrx_word' id='word_1_442' title='bbox 2087 3059 2120 3070; x_wconf 46' lang='grc' dir='ltr'><strong>ν</strong></span> <span class='ocrx_word' id='word_1_443' title='bbox 2146 3071 2274 3131; x_wconf 80' lang='lat' dir='ltr'><strong>age,</strong></span> <span class='ocrx_word' id='word_1_444' title='bbox 2305 3075 2422 3149; x_wconf 75' lang='lat' dir='ltr'><strong>quo</strong></span> <span class='ocrx_word' id='word_1_445' title='bbox 2444 3072 2616 3138; x_wconf 90' lang='lat' dir='ltr'><strong>pacto</strong></span> <span class='ocrx_word' id='word_1_446' title='bbox 2639 3063 2847 3124; x_wconf 91' lang='lat' dir='ltr'><strong>salvari</strong></span> <span class='ocrx_word' id='word_1_447' title='bbox 2869 3065 3055 3128; x_wconf 86' lang='lat' dir='ltr'><strong>licet?</strong></span> <span class='ocrx_word' id='word_1_448' title='bbox 3076 3067 3299 3131; x_wconf 88' lang='lat' dir='ltr'><strong>Gratias</strong></span> <span class='ocrx_word' id='word_1_449' title='bbox 3319 3088 3423 3149; x_wconf 88' lang='lat' dir='ltr'><strong>ago</strong></span> <span class='ocrx_word' id='word_1_450' title='bbox 3449 3069 3569 3132; x_wconf 90' lang='lat' dir='ltr'><strong>Deo</strong></span> <span class='ocrx_word' id='word_1_451' title='bbox 3622 3089 3779 3146; x_wconf 90' lang='lat' dir='ltr'><strong>meo,</strong></span> 
     </span>
    </p>
   </div>
   <div class='ocr_carea' id='block_1_34' title="bbox 421 3145 3785 3242">
    <p class='ocr_par' dir='ltr' id='par_1_34' title="bbox 421 3145 3785 3242">
     <span class='ocr_line' id='line_1_34' title="bbox 421 3145 3785 3242; baseline 0.002 -28"><span class='ocrx_word' id='word_1_452' title='bbox 421 3161 838 3242; x_wconf 84' lang='lat' dir='ltr'><strong>consequatur,</strong></span> <span class='ocrx_word' id='word_1_453' title='bbox 873 3157 936 3242; x_wconf 86' lang='lat' dir='ltr'><strong>et</strong></span> <span class='ocrx_word' id='word_1_454' title='bbox 960 3147 1669 3242; x_wconf 32' lang='lat' dir='ltr'><strong>diviniore_cog-nitione-</strong></span> <span class='ocrx_word' id='word_1_455' title='bbox 1691 3148 2067 3242; x_wconf 74' lang='lat' dir='ltr'><strong>occultorum</strong></span> <span class='ocrx_word' id='word_1_456' title='bbox 2144 3145 2486 3242; x_wconf 69' lang='lat' dir='ltr'><strong>respondet,</strong></span> <span class='ocrx_word' id='word_1_457' title='bbox 2513 3166 2619 3242; x_wconf 85' lang='lat' dir='ltr'><strong>per</strong></span> <span class='ocrx_word' id='word_1_458' title='bbox 2643 3149 2846 3242; x_wconf 83' lang='lat' dir='ltr'><strong>Jesum</strong></span> <span class='ocrx_word' id='word_1_459' title='bbox 2877 3155 3198 3238; x_wconf 87' lang='lat' dir='ltr'><strong>Christum,</strong></span> <span class='ocrx_word' id='word_1_460' title='bbox 3228 3145 3380 3236; x_wconf 70' lang='lat' dir='ltr'><strong>quid</strong></span> <span class='ocrx_word' id='word_1_461' title='bbox 3411 3159 3510 3224; x_wconf 73' lang='lat' dir='ltr'><strong>lca:</strong></span> <span class='ocrx_word' id='word_1_462' title='bbox 3529 3160 3785 3242; x_wconf 76' lang='lat' dir='ltr'><strong>spiritus</strong></span> 
     </span>
    </p>
   </div>
   <div class='ocr_carea' id='block_1_35' title="bbox 419 3233 3787 3326">
    <p class='ocr_par' dir='ltr' id='par_1_35' title="bbox 419 3233 3787 3326">
     <span class='ocr_line' id='line_1_35' title="bbox 419 3233 3787 3326; baseline 0.002 -22"><span class='ocrx_word' id='word_1_463' title='bbox 419 3241 532 3306; x_wconf 86' lang='lat' dir='ltr'><strong>Dei</strong></span> <span class='ocrx_word' id='word_1_464' title='bbox 559 3240 850 3302; x_wconf 77' lang='lat' dir='ltr'><strong>honorum</strong></span> <span class='ocrx_word' id='word_1_465' title='bbox 882 3240 1155 3320; x_wconf 91' lang='lat' dir='ltr'><strong>(quorum</strong></span> <span class='ocrx_word' id='word_1_466' title='bbox 1185 3237 1564 3320; x_wconf 88' lang='lat' dir='ltr'><strong>pulchritudo</strong></span> <span class='ocrx_word' id='word_1_467' title='bbox 1617 3235 1690 3326; x_wconf 85' lang='lat' dir='ltr'><strong>ab</strong></span> <span class='ocrx_word' id='word_1_468' title='bbox 1721 3237 1909 3300; x_wconf 89' lang='lat' dir='ltr'><strong>oculis</strong></span> <span class='ocrx_word' id='word_1_469' title='bbox 1943 3255 2063 3298; x_wconf 88' lang='lat' dir='ltr'><strong>non</strong></span> <span class='ocrx_word' id='word_1_470' title='bbox 2145 3233 2372 3326; x_wconf 63' lang='lat' dir='ltr'><strong>vitocjn</strong></span> <span class='ocrx_word' id='word_1_471' title='bbox 2385 3235 2662 3326; x_wconf 79' lang='lat' dir='ltr'><strong>_Christo,</strong></span> <span class='ocrx_word' id='word_1_472' title='bbox 2699 3241 2978 3308; x_wconf 82' lang='lat' dir='ltr'><strong>tiberavit</strong></span> <span class='ocrx_word' id='word_1_473' title='bbox 3003 3263 3100 3306; x_wconf 86' lang='lat' dir='ltr'><strong>me</strong></span> <span class='ocrx_word' id='word_1_474' title='bbox 3129 3233 3787 3326; x_wconf 55' lang='lat' dir='ltr'><strong>(tleoepeccatietmor-</strong></span> 
     </span>
    </p>
   </div>
   <div class='ocr_carea' id='block_1_36' title="bbox 425 3321 3785 3416">
    <p class='ocr_par' dir='ltr' id='par_1_36' title="bbox 425 3321 3785 3416">
     <span class='ocr_line' id='line_1_36' title="bbox 425 3321 3785 3416; baseline 0.002 -22"><span class='ocrx_word' id='word_1_475' title='bbox 425 3329 796 3412; x_wconf 88' lang='lat' dir='ltr'><strong>peccantium</strong></span> <span class='ocrx_word' id='word_1_476' title='bbox 828 3328 1026 3402; x_wconf 90' lang='lat' dir='ltr'><strong>modo,</strong></span> <span class='ocrx_word' id='word_1_477' title='bbox 1059 3346 1264 3390; x_wconf 87' lang='lat' dir='ltr'><strong>verum</strong></span> <span class='ocrx_word' id='word_1_478' title='bbox 1297 3326 1475 3416; x_wconf 86' lang='lat' dir='ltr'><strong>etiam</strong></span> <span class='ocrx_word' id='word_1_479' title='bbox 1501 3325 1912 3416; x_wconf 88' lang='lat' dir='ltr'><strong>poenitentium</strong></span> <span class='ocrx_word' id='word_1_480' title='bbox 1933 3328 2066 3390; x_wconf 88' lang='lat' dir='ltr'><strong>abs-</strong></span> <span class='ocrx_word' id='word_1_481' title='bbox 2147 3321 2224 3416; x_wconf 58' lang='lat' dir='ltr'><strong>lis</strong></span> <span class='ocrx_word' id='word_1_482' title='bbox 2383 3323 2456 3384; x_wconf 90' lang='lat' dir='ltr'><strong>Et</strong></span> <span class='ocrx_word' id='word_1_483' title='bbox 2479 3327 2668 3403; x_wconf 88' lang='lat' dir='ltr'><strong>gratia</strong></span> <span class='ocrx_word' id='word_1_484' title='bbox 2697 3329 2772 3390; x_wconf 91' lang='lat' dir='ltr'><strong>sit</strong></span> <span class='ocrx_word' id='word_1_485' title='bbox 2803 3331 3058 3412; x_wconf 86' lang='lat' dir='ltr'><strong>benigno</strong></span> <span class='ocrx_word' id='word_1_486' title='bbox 3087 3321 3364 3416; x_wconf 33' lang='lat' dir='ltr'><strong>Deo,vqui</strong></span> <span class='ocrx_word' id='word_1_487' title='bbox 3397 3357 3465 3399; x_wconf 84' lang='lat' dir='ltr'><strong>ex</strong></span> <span class='ocrx_word' id='word_1_488' title='bbox 3498 3337 3785 3400; x_wconf 88' lang='lat' dir='ltr'><strong>immensa</strong></span> 
     </span>
    </p>
   </div>
   <div class='ocr_carea' id='block_1_37' title="bbox 421 3410 3781 3502">
    <p class='ocr_par' dir='ltr' id='par_1_37' title="bbox 421 3410 3781 3502">
     <span class='ocr_line' id='line_1_37' title="bbox 421 3410 3781 3502; baseline 0.001 -19"><span class='ocrx_word' id='word_1_489' title='bbox 421 3410 661 3483; x_wconf 79' lang='lat' dir='ltr'><strong>condita</strong></span> <span class='ocrx_word' id='word_1_490' title='bbox 692 3417 804 3498; x_wconf 89' lang='lat' dir='ltr'><strong>est)</strong></span> <span class='ocrx_word' id='word_1_491' title='bbox 839 3417 1051 3496; x_wconf 84' lang='lat' dir='ltr'><strong>dignus</strong></span> <span class='ocrx_word' id='word_1_492' title='bbox 1079 3417 1310 3481; x_wconf 84' lang='lat' dir='ltr'><strong>evadat.</strong></span> <span class='ocrx_word' id='word_1_493' title='bbox 1360 3415 1711 3497; x_wconf 88' lang='lat' dir='ltr'><strong>Quicunque</strong></span> <span class='ocrx_word' id='word_1_494' title='bbox 1741 3415 1918 3494; x_wconf 87' lang='lat' dir='ltr'><strong>igitur</strong></span> <span class='ocrx_word' id='word_1_495' title='bbox 1947 3417 2064 3476; x_wconf 92' lang='lat' dir='ltr'><strong>hu-</strong></span> <span class='ocrx_word' id='word_1_496' title='bbox 2147 3410 2433 3502; x_wconf 78' lang='lat' dir='ltr'><strong>Charitate</strong></span> <span class='ocrx_word' id='word_1_497' title='bbox 2457 3433 2594 3494; x_wconf 89' lang='lat' dir='ltr'><strong>erga</strong></span> <span class='ocrx_word' id='word_1_498' title='bbox 2615 3417 2889 3481; x_wconf 89' lang='lat' dir='ltr'><strong>homines</strong></span> <span class='ocrx_word' id='word_1_499' title='bbox 2911 3410 3104 3502; x_wconf 83' lang='lat' dir='ltr'><strong>ipsum</strong></span> <span class='ocrx_word' id='word_1_500' title='bbox 3121 3410 3425 3488; x_wconf 73' lang='lat' dir='ltr'><strong>vellecum</strong></span> <span class='ocrx_word' id='word_1_501' title='bbox 3448 3428 3781 3493; x_wconf 84' lang='lat' dir='ltr'><strong>inﬁrmitate</strong></span> 
     </span>
    </p>
   </div>
   <div class='ocr_carea' id='block_1_38' title="bbox 414 3501 3755 3598">
    <p class='ocr_par' dir='ltr' id='par_1_38' title="bbox 414 3501 3755 3598">
     <span class='ocr_line' id='line_1_38' title="bbox 414 3501 3755 3598; baseline 0.002 -27"><span class='ocrx_word' id='word_1_502' title='bbox 414 3507 682 3598; x_wconf 87' lang='lat' dir='ltr'><strong>jusmodi</strong></span> <span class='ocrx_word' id='word_1_503' title='bbox 709 3507 975 3570; x_wconf 88' lang='lat' dir='ltr'><strong>actiones</strong></span> <span class='ocrx_word' id='word_1_504' title='bbox 1019 3514 1328 3598; x_wconf 81' lang='lat' dir='ltr'><strong>usurpant,</strong></span> <span class='ocrx_word' id='word_1_505' title='bbox 1359 3505 1739 3598; x_wconf 61' lang='lat' dir='ltr'><strong>simpliciter</strong></span> <span class='ocrx_word' id='word_1_506' title='bbox 1764 3513 1828 3566; x_wconf 93' lang='lat' dir='ltr'><strong>ut</strong></span> <span class='ocrx_word' id='word_1_507' title='bbox 1855 3505 2063 3586; x_wconf 87' lang='lat' dir='ltr'><strong>bonas,</strong></span> <span class='ocrx_word' id='word_1_508' title='bbox 2149 3501 2464 3598; x_wconf 83' lang='lat' dir='ltr'><strong>copulavit,</strong></span> <span class='ocrx_word' id='word_1_509' title='bbox 2500 3515 2564 3598; x_wconf 80' lang='lat' dir='ltr'><strong>ut</strong></span> <span class='ocrx_word' id='word_1_510' title='bbox 2597 3509 2770 3569; x_wconf 88' lang='lat' dir='ltr'><strong>homo</strong></span> <span class='ocrx_word' id='word_1_511' title='bbox 2803 3501 3005 3572; x_wconf 84' lang='lat' dir='ltr'><strong>volens</strong></span> <span class='ocrx_word' id='word_1_512' title='bbox 3031 3532 3148 3574; x_wconf 91' lang='lat' dir='ltr'><strong>non</strong></span> <span class='ocrx_word' id='word_1_513' title='bbox 3180 3516 3366 3595; x_wconf 89' lang='lat' dir='ltr'><strong>possit</strong></span> <span class='ocrx_word' id='word_1_514' title='bbox 3396 3502 3616 3579; x_wconf 77' lang='lat' dir='ltr'><strong>bonum</strong></span> <span class='ocrx_word' id='word_1_515' title='bbox 3649 3539 3755 3598; x_wconf 88' lang='lat' dir='ltr'><strong>ope</strong></span> 
     </span>
    </p>
   </div>
   <div class='ocr_carea' id='block_1_39' title="bbox 419 3590 3779 3688">
    <p class='ocr_par' dir='ltr' id='par_1_39' title="bbox 419 3590 3779 3688">
     <span class='ocr_line' id='line_1_39' title="bbox 419 3590 3779 3688; baseline 0.002 -27"><span class='ocrx_word' id='word_1_516' title='bbox 419 3616 535 3661; x_wconf 89' lang='lat' dir='ltr'><strong>nec</strong></span> <span class='ocrx_word' id='word_1_517' title='bbox 561 3597 638 3658; x_wconf 91' lang='lat' dir='ltr'><strong>ob</strong></span> <span class='ocrx_word' id='word_1_518' title='bbox 657 3597 764 3660; x_wconf 89' lang='lat' dir='ltr'><strong>has</strong></span> <span class='ocrx_word' id='word_1_519' title='bbox 793 3615 1023 3688; x_wconf 82' lang='lat' dir='ltr'><strong>causas,</strong></span> <span class='ocrx_word' id='word_1_520' title='bbox 1075 3596 1258 3688; x_wconf 85' lang='lat' dir='ltr'><strong>culpa</strong></span> <span class='ocrx_word' id='word_1_521' title='bbox 1277 3615 1396 3688; x_wconf 91' lang='lat' dir='ltr'><strong>non</strong></span> <span class='ocrx_word' id='word_1_522' title='bbox 1429 3603 1655 3671; x_wconf 89' lang='lat' dir='ltr'><strong>carent,</strong></span> <span class='ocrx_word' id='word_1_523' title='bbox 1689 3594 2066 3688; x_wconf 71' lang='lat' dir='ltr'><strong>viventesque</strong></span> <span class='ocrx_word' id='word_1_524' title='bbox 2149 3590 2308 3688; x_wconf 39' lang='lat' dir='ltr'><strong>rari,</strong></span> <span class='ocrx_word' id='word_1_525' title='bbox 2326 3594 2559 3688; x_wconf 85' lang='lat' dir='ltr'><strong>tametsi</strong></span> <span class='ocrx_word' id='word_1_526' title='bbox 2574 3615 2719 3688; x_wconf 80' lang='lat' dir='ltr'><strong>cum</strong></span> <span class='ocrx_word' id='word_1_527' title='bbox 2742 3598 2954 3688; x_wconf 84' lang='lat' dir='ltr'><strong>labore</strong></span> <span class='ocrx_word' id='word_1_528' title='bbox 2988 3590 3219 3678; x_wconf 71' lang='lat' dir='ltr'><strong>multo;</strong></span> <span class='ocrx_word' id='word_1_529' title='bbox 3244 3613 3302 3666; x_wconf 90' lang='lat' dir='ltr'><strong>et</strong></span> <span class='ocrx_word' id='word_1_530' title='bbox 3330 3605 3390 3667; x_wconf 91' lang='lat' dir='ltr'><strong>in</strong></span> <span class='ocrx_word' id='word_1_531' title='bbox 3412 3607 3602 3688; x_wconf 88' lang='lat' dir='ltr'><strong>ipsum</strong></span> <span class='ocrx_word' id='word_1_532' title='bbox 3625 3590 3779 3669; x_wconf 73' lang='lat' dir='ltr'><strong>arro-</strong></span> 
     </span>
    </p>
   </div>
   <div class='ocr_carea' id='block_1_40' title="bbox 418 3679 3770 3777">
    <p class='ocr_par' dir='ltr' id='par_1_40' title="bbox 418 3679 3770 3777">
     <span class='ocr_line' id='line_1_40' title="bbox 418 3679 3770 3777; baseline 0.002 -27"><span class='ocrx_word' id='word_1_533' title='bbox 418 3687 483 3750; x_wconf 89' lang='lat' dir='ltr'><strong>in</strong></span> <span class='ocrx_word' id='word_1_534' title='bbox 527 3694 790 3777; x_wconf 84' lang='lat' dir='ltr'><strong>egestate</strong></span> <span class='ocrx_word' id='word_1_535' title='bbox 835 3686 1186 3777; x_wconf 84' lang='lat' dir='ltr'><strong>voluntaria,</strong></span> <span class='ocrx_word' id='word_1_536' title='bbox 1235 3687 1600 3767; x_wconf 90' lang='lat' dir='ltr'><strong>jejunantes,</strong></span> <span class='ocrx_word' id='word_1_537' title='bbox 1664 3685 2068 3777; x_wconf 79' lang='lat' dir='ltr'><strong>elecmosyuas</strong></span> <span class='ocrx_word' id='word_1_538' title='bbox 2149 3679 2363 3777; x_wconf 55' lang='lat' dir='ltr'><strong>galttiw</strong></span> <span class='ocrx_word' id='word_1_539' title='bbox 2383 3684 2690 3777; x_wconf 74' lang='lat' dir='ltr'><strong>vestigium</strong></span> <span class='ocrx_word' id='word_1_540' title='bbox 2721 3687 3000 3764; x_wconf 89' lang='lat' dir='ltr'><strong>declinet,</strong></span> <span class='ocrx_word' id='word_1_541' title='bbox 3034 3711 3163 3772; x_wconf 83' lang='lat' dir='ltr'><strong>quae</strong></span> <span class='ocrx_word' id='word_1_542' title='bbox 3181 3679 3770 3777; x_wconf 53' lang='lat' dir='ltr'><strong>primumpeccatum,</strong></span> 
     </span>
    </p>
   </div>
   <div class='ocr_carea' id='block_1_41' title="bbox 417 3771 3773 3864">
    <p class='ocr_par' dir='ltr' id='par_1_41' title="bbox 417 3771 3773 3864">
     <span class='ocr_line' id='line_1_41' title="bbox 417 3771 3773 3864; baseline 0.007 -40"><span class='ocrx_word' id='word_1_543' title='bbox 417 3775 851 3858; x_wconf 62' lang='lat' dir='ltr'><strong>impertientes,</strong></span> <span class='ocrx_word' id='word_1_544' title='bbox 887 3776 1221 3839; x_wconf 66' lang='lat' dir='ltr'><strong>moriuntur</strong></span> <span class='ocrx_word' id='word_1_545' title='bbox 1250 3783 1611 3858; x_wconf 71' lang='lat' dir='ltr'><strong>peccatores,</strong></span> <span class='ocrx_word' id='word_1_546' title='bbox 1658 3776 1854 3856; x_wconf 77' lang='lat' dir='ltr'><strong>Atque</strong></span> <span class='ocrx_word' id='word_1_547' title='bbox 1881 3774 1942 3836; x_wconf 89' lang='lat' dir='ltr'><strong>id</strong></span> <span class='ocrx_word' id='word_1_548' title='bbox 1975 3776 2063 3836; x_wconf 79' lang='lat' dir='ltr'><strong>la-</strong></span> <span class='ocrx_word' id='word_1_549' title='bbox 2149 3778 2207 3830; x_wconf 73' lang='lat' dir='ltr'><strong>et</strong></span> <span class='ocrx_word' id='word_1_550' title='bbox 2236 3771 2738 3864; x_wconf 15' lang='lat' dir='ltr'><strong>fonsicriminum,</strong></span> <span class='ocrx_word' id='word_1_551' title='bbox 2774 3789 2830 3838; x_wconf 89' lang='lat' dir='ltr'><strong>et</strong></span> <span class='ocrx_word' id='word_1_552' title='bbox 2887 3771 3110 3843; x_wconf 61' lang='lat' dir='ltr'><strong>natura;</strong></span> <span class='ocrx_word' id='word_1_553' title='bbox 3163 3771 3344 3864; x_wconf 71' lang='lat' dir='ltr'><strong>lapsae</strong></span> <span class='ocrx_word' id='word_1_554' title='bbox 3371 3771 3773 3847; x_wconf 41' lang='lat' dir='ltr'><strong>ac&#39;dehilitatae</strong></span> 
     </span>
    </p>
   </div>
   <div class='ocr_carea' id='block_1_42' title="bbox 419 3863 3774 3950">
    <p class='ocr_par' dir='ltr' id='par_1_42' title="bbox 419 3863 3774 3950">
     <span class='ocr_line' id='line_1_42' title="bbox 419 3863 3774 3950; baseline 0.002 -22"><span class='ocrx_word' id='word_1_555' title='bbox 419 3866 740 3929; x_wconf 89' lang='lat' dir='ltr'><strong>mentahile</strong></span> <span class='ocrx_word' id='word_1_556' title='bbox 768 3872 882 3942; x_wconf 77' lang='lat' dir='ltr'><strong>est,</strong></span> <span class='ocrx_word' id='word_1_557' title='bbox 919 3884 1022 3928; x_wconf 88' lang='lat' dir='ltr'><strong>eos</strong></span> <span class='ocrx_word' id='word_1_558' title='bbox 1048 3865 1204 3948; x_wconf 89' lang='lat' dir='ltr'><strong>apud</strong></span> <span class='ocrx_word' id='word_1_559' title='bbox 1232 3873 1348 3928; x_wconf 89' lang='lat' dir='ltr'><strong>tam</strong></span> <span class='ocrx_word' id='word_1_560' title='bbox 1401 3864 1748 3946; x_wconf 90' lang='lat' dir='ltr'><strong>placabilem</strong></span> <span class='ocrx_word' id='word_1_561' title='bbox 1783 3867 1968 3928; x_wconf 90' lang='lat' dir='ltr'><strong>Deum</strong></span> <span class='ocrx_word' id='word_1_562' title='bbox 2001 3883 2064 3925; x_wconf 91' lang='lat' dir='ltr'><strong>se</strong></span> <span class='ocrx_word' id='word_1_563' title='bbox 2149 3879 2323 3950; x_wconf 86' lang='lat' dir='ltr'><strong>causa</strong></span> <span class='ocrx_word' id='word_1_564' title='bbox 2361 3863 2494 3950; x_wconf 85' lang='lat' dir='ltr'><strong>fuit.</strong></span> <span class='ocrx_word' id='word_1_565' title='bbox 2557 3865 2692 3927; x_wconf 89' lang='lat' dir='ltr'><strong>Solo</strong></span> <span class='ocrx_word' id='word_1_566' title='bbox 2754 3889 3005 3949; x_wconf 87' lang='lat' dir='ltr'><strong>namque</strong></span> <span class='ocrx_word' id='word_1_567' title='bbox 3054 3871 3176 3935; x_wconf 91' lang='lat' dir='ltr'><strong>Deo</strong></span> <span class='ocrx_word' id='word_1_568' title='bbox 3228 3863 3384 3935; x_wconf 81' lang='lat' dir='ltr'><strong>vires</strong></span> <span class='ocrx_word' id='word_1_569' title='bbox 3429 3876 3774 3950; x_wconf 76' lang='lat' dir='ltr'><strong>sufficiente,</strong></span> 
     </span>
    </p>
   </div>
   <div class='ocr_carea' id='block_1_43' title="bbox 417 3949 3778 4042">
    <p class='ocr_par' dir='ltr' id='par_1_43' title="bbox 417 3949 3778 4042">
     <span class='ocr_line' id='line_1_43' title="bbox 417 3949 3778 4042; baseline 0.003 -26"><span class='ocrx_word' id='word_1_570' title='bbox 417 3955 481 4017; x_wconf 90' lang='lat' dir='ltr'><strong>in</strong></span> <span class='ocrx_word' id='word_1_571' title='bbox 509 3955 696 4036; x_wconf 87' lang='lat' dir='ltr'><strong>gratia</strong></span> <span class='ocrx_word' id='word_1_572' title='bbox 723 3973 842 4016; x_wconf 89' lang='lat' dir='ltr'><strong>non</strong></span> <span class='ocrx_word' id='word_1_573' title='bbox 871 3955 1238 4036; x_wconf 90' lang='lat' dir='ltr'><strong>reposuisse,</strong></span> <span class='ocrx_word' id='word_1_574' title='bbox 1299 3972 1494 4034; x_wconf 90' lang='lat' dir='ltr'><strong>neque</strong></span> <span class='ocrx_word' id='word_1_575' title='bbox 1519 3953 1847 4042; x_wconf 85' lang='lat' dir='ltr'><strong>secundum</strong></span> <span class='ocrx_word' id='word_1_576' title='bbox 1870 3956 2061 4042; x_wconf 88' lang='lat' dir='ltr'><strong>ratio-</strong></span> <span class='ocrx_word' id='word_1_577' title='bbox 2148 3949 2323 4042; x_wconf 84' lang='lat' dir='ltr'><strong>etiam</strong></span> <span class='ocrx_word' id='word_1_578' title='bbox 2353 3949 2481 4031; x_wconf 90' lang='lat' dir='ltr'><strong>ipsa</strong></span> <span class='ocrx_word' id='word_1_579' title='bbox 2507 3955 2774 4017; x_wconf 81' lang='lat' dir='ltr'><strong>voluntas</strong></span> <span class='ocrx_word' id='word_1_580' title='bbox 2808 3971 3004 4022; x_wconf 82' lang='lat' dir='ltr'><strong>nostra</strong></span> <span class='ocrx_word' id='word_1_581' title='bbox 3057 3962 3131 4022; x_wconf 92' lang='lat' dir='ltr'><strong>ad</strong></span> <span class='ocrx_word' id='word_1_582' title='bbox 3177 3964 3304 4042; x_wconf 81' lang='lat' dir='ltr'><strong>ejus</strong></span> <span class='ocrx_word' id='word_1_583' title='bbox 3328 3964 3678 4027; x_wconf 86' lang='lat' dir='ltr'><strong>voluntatem</strong></span> <span class='ocrx_word' id='word_1_584' title='bbox 3711 3949 3778 4027; x_wconf 84' lang='lat' dir='ltr'><strong>ab</strong></span> 
     </span>
    </p>
   </div>
   <div class='ocr_carea' id='block_1_44' title="bbox 419 4040 3271 4130">
    <p class='ocr_par' dir='ltr' id='par_1_44' title="bbox 419 4040 3271 4130">
     <span class='ocr_line' id='line_1_44' title="bbox 419 4040 3271 4130; baseline 0.002 -24"><span class='ocrx_word' id='word_1_585' title='bbox 419 4043 1086 4125; x_wconf 87' lang='lat' dir='ltr'><strong>nemv-idelicet,neque</strong></span> <span class='ocrx_word' id='word_1_586' title='bbox 1101 4051 1500 4122; x_wconf 88' lang='lat' dir='ltr'><strong>congruenter</strong></span> <span class='ocrx_word' id='word_1_587' title='bbox 1512 4041 2060 4130; x_wconf 80' lang='lat' dir='ltr'><strong>reconciliationem</strong></span> <span class='ocrx_word' id='word_1_588' title='bbox 2149 4040 2310 4130; x_wconf 73' lang='lat' dir='ltr'><strong>omni</strong></span> <span class='ocrx_word' id='word_1_589' title='bbox 2339 4045 2685 4122; x_wconf 68' lang='lat' dir='ltr'><strong>arrogantiae</strong></span> <span class='ocrx_word' id='word_1_590' title='bbox 2714 4051 2942 4110; x_wconf 74' lang='lat' dir='ltr'><strong>macula</strong></span> <span class='ocrx_word' id='word_1_591' title='bbox 2974 4040 3271 4130; x_wconf 82' lang='lat' dir='ltr'><strong>purgatur.</strong></span> 
     </span>
    </p>
   </div>
   <div class='ocr_carea' id='block_1_45' title="bbox 419 4128 3781 4225">
    <p class='ocr_par' dir='ltr' id='par_1_45' title="bbox 419 4128 3781 4225">
     <span class='ocr_line' id='line_1_45' title="bbox 419 4128 3781 4225; baseline 0.005 -31"><span class='ocrx_word' id='word_1_592' title='bbox 419 4141 716 4225; x_wconf 70' lang='lat' dir='ltr'><strong>operatus.</strong></span> <span class='ocrx_word' id='word_1_593' title='bbox 750 4136 1160 4225; x_wconf 77' lang='lat' dir='ltr'><strong>congruenter</strong></span> <span class='ocrx_word' id='word_1_594' title='bbox 1188 4133 1344 4209; x_wconf 91' lang='lat' dir='ltr'><strong>dico,</strong></span> <span class='ocrx_word' id='word_1_595' title='bbox 1381 4131 1515 4225; x_wconf 76' lang='lat' dir='ltr'><strong>quia</strong></span> <span class='ocrx_word' id='word_1_596' title='bbox 1544 4131 1600 4225; x_wconf 83' lang='lat' dir='ltr'><strong>si</strong></span> <span class='ocrx_word' id='word_1_597' title='bbox 1636 4132 1760 4225; x_wconf 78' lang='lat' dir='ltr'><strong>jam</strong></span> <span class='ocrx_word' id='word_1_598' title='bbox 1793 4129 2063 4225; x_wconf 80' lang='lat' dir='ltr'><strong>reconci—</strong></span> <span class='ocrx_word' id='word_1_599' title='bbox 2229 4128 2447 4192; x_wconf 85' lang='lat' dir='ltr'><strong>Verum</strong></span> <span class='ocrx_word' id='word_1_600' title='bbox 2480 4135 2893 4225; x_wconf 77' lang='lat' dir='ltr'><strong>dicatfortasso</strong></span> <span class='ocrx_word' id='word_1_601' title='bbox 2914 4128 3148 4223; x_wconf 83' lang='lat' dir='ltr'><strong>aliquis,</strong></span> <span class='ocrx_word' id='word_1_602' title='bbox 3174 4145 3310 4224; x_wconf 87' lang='lat' dir='ltr'><strong>quid</strong></span> <span class='ocrx_word' id='word_1_603' title='bbox 3339 4166 3511 4225; x_wconf 86' lang='lat' dir='ltr'><strong>porro</strong></span> <span class='ocrx_word' id='word_1_604' title='bbox 3535 4149 3781 4210; x_wconf 83' lang='lat' dir='ltr'><strong>salutem</strong></span> 
     </span>
    </p>
   </div>
   <div class='ocr_carea' id='block_1_46' title="bbox 419 4219 3787 4323">
    <p class='ocr_par' dir='ltr' id='par_1_46' title="bbox 419 4219 3787 4323">
     <span class='ocr_line' id='line_1_46' title="bbox 419 4219 3787 4323; baseline 0.005 -41"><span class='ocrx_word' id='word_1_605' title='bbox 419 4221 802 4284; x_wconf 80' lang='lat' dir='ltr'><strong>liatusadhuc</strong></span> <span class='ocrx_word' id='word_1_606' title='bbox 822 4221 1036 4284; x_wconf 90' lang='lat' dir='ltr'><strong>iisdem</strong></span> <span class='ocrx_word' id='word_1_607' title='bbox 1061 4240 1166 4303; x_wconf 90' lang='lat' dir='ltr'><strong>pro</strong></span> <span class='ocrx_word' id='word_1_608' title='bbox 1191 4219 1673 4284; x_wconf 80' lang='lat' dir='ltr'><strong>reconciliatione</strong></span> <span class='ocrx_word' id='word_1_609' title='bbox 1694 4219 2067 4323; x_wconf 70' lang='lat' dir='ltr'><strong>impetranda</strong></span> <span class='ocrx_word' id='word_1_610' title='bbox 2088 4223 2531 4323; x_wconf 42' lang='lat' dir='ltr'><strong>chonsequenti</strong></span> <span class='ocrx_word' id='word_1_611' title='bbox 2563 4229 2862 4306; x_wconf 84' lang='lat' dir='ltr'><strong>proprium</strong></span> <span class='ocrx_word' id='word_1_612' title='bbox 2923 4219 3280 4310; x_wconf 77' lang='lat' dir='ltr'><strong>relinquitur</strong></span> <span class='ocrx_word' id='word_1_613' title='bbox 3307 4219 3351 4292; x_wconf 32' lang='lat' dir='ltr'><strong>‘l‘</strong></span> <span class='ocrx_word' id='word_1_614' title='bbox 3385 4234 3445 4296; x_wconf 91' lang='lat' dir='ltr'><strong>Si</strong></span> <span class='ocrx_word' id='word_1_615' title='bbox 3479 4237 3637 4297; x_wconf 88' lang='lat' dir='ltr'><strong>enim</strong></span> <span class='ocrx_word' id='word_1_616' title='bbox 3666 4239 3787 4317; x_wconf 82' lang='lat' dir='ltr'><strong>ipsa</strong></span> 
     </span>
    </p>
   </div>
   <div class='ocr_carea' id='block_1_47' title="bbox 419 4305 3784 4403">
    <p class='ocr_par' dir='ltr' id='par_1_47' title="bbox 419 4305 3784 4403">
     <span class='ocr_line' id='line_1_47' title="bbox 419 4305 3784 4403; baseline 0.004 -31"><span class='ocrx_word' id='word_1_617' title='bbox 419 4309 654 4372; x_wconf 90' lang='lat' dir='ltr'><strong>deditus</strong></span> <span class='ocrx_word' id='word_1_618' title='bbox 675 4311 774 4384; x_wconf 88' lang='lat' dir='ltr'><strong>sit,</strong></span> <span class='ocrx_word' id='word_1_619' title='bbox 800 4312 987 4403; x_wconf 84' lang='lat' dir='ltr'><strong>Deum</strong></span> <span class='ocrx_word' id='word_1_620' title='bbox 1012 4330 1047 4372; x_wconf 92' lang='lat' dir='ltr'><strong>a</strong></span> <span class='ocrx_word' id='word_1_621' title='bbox 1082 4329 1149 4372; x_wconf 89' lang='lat' dir='ltr'><strong>se</strong></span> <span class='ocrx_word' id='word_1_622' title='bbox 1189 4309 1438 4403; x_wconf 81' lang='lat' dir='ltr'><strong>avertit:</strong></span> <span class='ocrx_word' id='word_1_623' title='bbox 1474 4308 1975 4403; x_wconf 83' lang='lat' dir='ltr'><strong>quemadmodum</strong></span> <span class='ocrx_word' id='word_1_624' title='bbox 2011 4305 2386 4403; x_wconf 79' lang='lat' dir='ltr'><strong>et”&#39;quoque</strong></span> <span class='ocrx_word' id='word_1_625' title='bbox 2416 4305 2683 4376; x_wconf 80' lang='lat' dir='ltr'><strong>Voluntas</strong></span> <span class='ocrx_word' id='word_1_626' title='bbox 2708 4319 2836 4396; x_wconf 88' lang='lat' dir='ltr'><strong>ejus</strong></span> <span class='ocrx_word' id='word_1_627' title='bbox 2883 4305 3228 4383; x_wconf 77' lang='lat' dir='ltr'><strong>sublimiore</strong></span> <span class='ocrx_word' id='word_1_628' title='bbox 3287 4326 3536 4403; x_wconf 85' lang='lat' dir='ltr'><strong>quadam</strong></span> <span class='ocrx_word' id='word_1_629' title='bbox 3575 4305 3784 4388; x_wconf 78' lang='lat' dir='ltr'><strong>\irtutc</strong></span> 
     </span>
    </p>
   </div>
   <div class='ocr_carea' id='block_1_48' title="bbox 419 4396 3782 4498">
    <p class='ocr_par' dir='ltr' id='par_1_48' title="bbox 419 4396 3782 4498">
     <span class='ocr_line' id='line_1_48' title="bbox 419 4396 3782 4498; baseline 0.004 -36"><span class='ocrx_word' id='word_1_630' title='bbox 419 4407 556 4462; x_wconf 86' lang='lat' dir='ltr'><strong>ante</strong></span> <span class='ocrx_word' id='word_1_631' title='bbox 576 4397 1148 4498; x_wconf 53' lang='lat' dir='ltr'><strong>reconciliationem,</strong></span> <span class='ocrx_word' id='word_1_632' title='bbox 1177 4397 1229 4460; x_wconf 93' lang='lat' dir='ltr'><strong>si</strong></span> <span class='ocrx_word' id='word_1_633' title='bbox 1252 4399 1691 4498; x_wconf 70' lang='lat' dir='ltr'><strong>progratiarum</strong></span> <span class='ocrx_word' id='word_1_634' title='bbox 1707 4396 2068 4496; x_wconf 77' lang='lat' dir='ltr'><strong>actioneista</strong></span> <span class='ocrx_word' id='word_1_635' title='bbox 2149 4397 2397 4498; x_wconf 79' lang='lat' dir='ltr'><strong>indiget,</strong></span> <span class='ocrx_word' id='word_1_636' title='bbox 2433 4406 2726 4482; x_wconf 90' lang='lat' dir='ltr'><strong>quomodo</strong></span> <span class='ocrx_word' id='word_1_637' title='bbox 2759 4408 2960 4467; x_wconf 82' lang='lat' dir='ltr'><strong>volens</strong></span> <span class='ocrx_word' id='word_1_638' title='bbox 2992 4411 3247 4472; x_wconf 86' lang='lat' dir='ltr'><strong>salvatur</strong></span> <span class='ocrx_word' id='word_1_639' title='bbox 3270 4396 3451 4475; x_wconf 46' lang='lat' dir='ltr'><strong>‘?&#39;IIoc</strong></span> <span class='ocrx_word' id='word_1_640' title='bbox 3514 4424 3597 4476; x_wconf 85' lang='lat' dir='ltr'><strong>est</strong></span> <span class='ocrx_word' id='word_1_641' title='bbox 3632 4420 3782 4498; x_wconf 86' lang='lat' dir='ltr'><strong>quod</strong></span> 
     </span>
    </p>
   </div>
   <div class='ocr_carea' id='block_1_49' title="bbox 421 4485 3785 4584">
    <p class='ocr_par' dir='ltr' id='par_1_49' title="bbox 421 4485 3785 4584">
     <span class='ocr_line' id='line_1_49' title="bbox 421 4485 3785 4584; baseline 0.005 -36"><span class='ocrx_word' id='word_1_642' title='bbox 421 4494 680 4584; x_wconf 64' lang='lat' dir='ltr'><strong>praestet.</strong></span> <span class='ocrx_word' id='word_1_643' title='bbox 706 4485 943 4584; x_wconf 73' lang='lat' dir='ltr'><strong>Etenim</strong></span> <span class='ocrx_word' id='word_1_644' title='bbox 970 4488 1270 4584; x_wconf 67' lang='lat' dir='ltr'><strong>homo,_ut</strong></span> <span class='ocrx_word' id='word_1_645' title='bbox 1309 4485 1714 4567; x_wconf 75' lang='lat' dir='ltr'><strong>intelligentiae</strong></span> <span class='ocrx_word' id='word_1_646' title='bbox 1751 4485 2069 4584; x_wconf 40' lang='lat' dir='ltr'><strong>aonie-niis</strong></span> <span class='ocrx_word' id='word_1_647' title='bbox 2149 4487 2338 4584; x_wconf 80' lang='lat' dir='ltr'><strong>solum</strong></span> <span class='ocrx_word' id='word_1_648' title='bbox 2373 4490 2430 4584; x_wconf 78' lang='lat' dir='ltr'><strong>ei</strong></span> <span class='ocrx_word' id='word_1_649' title='bbox 2461 4492 2836 4575; x_wconf 88' lang='lat' dir='ltr'><strong>relinquitur,</strong></span> <span class='ocrx_word' id='word_1_650' title='bbox 2872 4507 2932 4559; x_wconf 90' lang='lat' dir='ltr'><strong>ut</strong></span> <span class='ocrx_word' id='word_1_651' title='bbox 2967 4499 3165 4560; x_wconf 90' lang='lat' dir='ltr'><strong>audiat</strong></span> <span class='ocrx_word' id='word_1_652' title='bbox 3191 4501 3264 4562; x_wconf 90' lang='lat' dir='ltr'><strong>de</strong></span> <span class='ocrx_word' id='word_1_653' title='bbox 3282 4503 3492 4583; x_wconf 84' lang='lat' dir='ltr'><strong>salute,</strong></span> <span class='ocrx_word' id='word_1_654' title='bbox 3529 4485 3664 4584; x_wconf 71' lang='lat' dir='ltr'><strong>ejus</strong></span> <span class='ocrx_word' id='word_1_655' title='bbox 3682 4507 3785 4566; x_wconf 64' lang='lat' dir='ltr'><strong>de-</strong></span> 
     </span>
    </p>
   </div>
   <div class='ocr_carea' id='block_1_50' title="bbox 421 4573 3781 4672">
    <p class='ocr_par' dir='ltr' id='par_1_50' title="bbox 421 4573 3781 4672">
     <span class='ocr_line' id='line_1_50' title="bbox 421 4573 3781 4672; baseline 0.005 -37"><span class='ocrx_word' id='word_1_656' title='bbox 421 4573 722 4672; x_wconf 78' lang='lat' dir='ltr'><strong>particeps</strong></span> <span class='ocrx_word' id='word_1_657' title='bbox 768 4573 987 4636; x_wconf 89' lang='lat' dir='ltr'><strong>animal</strong></span> <span class='ocrx_word' id='word_1_658' title='bbox 1040 4575 1381 4672; x_wconf 78' lang='lat' dir='ltr'><strong>facultatem</strong></span> <span class='ocrx_word' id='word_1_659' title='bbox 1434 4573 1832 4672; x_wconf 65' lang='lat' dir='ltr'><strong>cognoscendi</strong></span> <span class='ocrx_word' id='word_1_660' title='bbox 1863 4574 2062 4672; x_wconf 66' lang='lat' dir='ltr'><strong>habet,</strong></span> <span class='ocrx_word' id='word_1_661' title='bbox 2151 4577 2372 4638; x_wconf 89' lang='lat' dir='ltr'><strong>siderio</strong></span> <span class='ocrx_word' id='word_1_662' title='bbox 2402 4581 2722 4672; x_wconf 85' lang='lat' dir='ltr'><strong>ﬂagret,et</strong></span> <span class='ocrx_word' id='word_1_663' title='bbox 2753 4573 2907 4645; x_wconf 83' lang='lat' dir='ltr'><strong>norit</strong></span> <span class='ocrx_word' id='word_1_664' title='bbox 2938 4606 3095 4660; x_wconf 85' lang='lat' dir='ltr'><strong>eum,</strong></span> <span class='ocrx_word' id='word_1_665' title='bbox 3160 4589 3260 4669; x_wconf 92' lang='lat' dir='ltr'><strong>qui</strong></span> <span class='ocrx_word' id='word_1_666' title='bbox 3293 4573 3520 4654; x_wconf 40' lang='lat' dir='ltr'><strong>salvar&#39;e</strong></span> <span class='ocrx_word' id='word_1_667' title='bbox 3552 4573 3738 4672; x_wconf 73' lang='lat' dir='ltr'><strong>possit</strong></span> <span class='ocrx_word' id='word_1_668' title='bbox 3770 4613 3781 4658; x_wconf 89' lang='lat'>:</span> 
     </span>
    </p>
   </div>
   <div class='ocr_carea' id='block_1_51' title="bbox 421 4657 3789 4759">
    <p class='ocr_par' dir='ltr' id='par_1_51' title="bbox 421 4657 3789 4759">
     <span class='ocr_line' id='line_1_51' title="bbox 421 4657 3789 4759; baseline 0.006 -33"><span class='ocrx_word' id='word_1_669' title='bbox 421 4663 742 4759; x_wconf 71' lang='lat' dir='ltr'><strong>omniaque</strong></span> <span class='ocrx_word' id='word_1_670' title='bbox 772 4681 910 4759; x_wconf 75' lang='lat' dir='ltr'><strong>cum</strong></span> <span class='ocrx_word' id='word_1_671' title='bbox 943 4664 1174 4759; x_wconf 77' lang='lat' dir='ltr'><strong>ratione</strong></span> <span class='ocrx_word' id='word_1_672' title='bbox 1188 4676 1264 4759; x_wconf 30' lang='lat' dir='ltr'><strong>‘et</strong></span> <span class='ocrx_word' id='word_1_673' title='bbox 1321 4665 1654 4759; x_wconf 75' lang='lat' dir='ltr'><strong>cognitione</strong></span> <span class='ocrx_word' id='word_1_674' title='bbox 1682 4663 1768 4724; x_wconf 72' lang='lat' dir='ltr'><strong>itli</strong></span> <span class='ocrx_word' id='word_1_675' title='bbox 1795 4657 2068 4759; x_wconf 77' lang='lat' dir='ltr'><strong>facienda</strong></span> <span class='ocrx_word' id='word_1_676' title='bbox 2150 4675 2362 4730; x_wconf 63' lang='lat' dir='ltr'><strong>caetera</strong></span> <span class='ocrx_word' id='word_1_677' title='bbox 2390 4679 2452 4730; x_wconf 93' lang='lat' dir='ltr'><strong>ut</strong></span> <span class='ocrx_word' id='word_1_678' title='bbox 2476 4657 2590 4730; x_wconf 66' lang='lat' dir='ltr'><strong>sibi</strong></span> <span class='ocrx_word' id='word_1_679' title='bbox 2619 4671 2915 4736; x_wconf 84' lang='lat' dir='ltr'><strong>donentur</strong></span> <span class='ocrx_word' id='word_1_680' title='bbox 2934 4676 3006 4737; x_wconf 90' lang='lat' dir='ltr'><strong>ab</strong></span> <span class='ocrx_word' id='word_1_681' title='bbox 3045 4657 3114 4738; x_wconf 86' lang='lat' dir='ltr'><strong>eo</strong></span> <span class='ocrx_word' id='word_1_682' title='bbox 3145 4657 3242 4759; x_wconf 72' lang='lat' dir='ltr'><strong>qui</strong></span> <span class='ocrx_word' id='word_1_683' title='bbox 3273 4681 3516 4755; x_wconf 88' lang='lat' dir='ltr'><strong>salvare,</strong></span> <span class='ocrx_word' id='word_1_684' title='bbox 3552 4657 3612 4742; x_wconf 73' lang='lat' dir='ltr'><strong>et</strong></span> <span class='ocrx_word' id='word_1_685' title='bbox 3643 4703 3789 4746; x_wconf 89' lang='lat' dir='ltr'><strong>con-</strong></span> 
     </span>
    </p>
   </div>
   <div class='ocr_carea' id='block_1_52' title="bbox 419 4751 3788 4850">
    <p class='ocr_par' dir='ltr' id='par_1_52' title="bbox 419 4751 3788 4850">
     <span class='ocr_line' id='line_1_52' title="bbox 419 4751 3788 4850; baseline 0.006 -36"><span class='ocrx_word' id='word_1_686' title='bbox 419 4758 560 4850; x_wconf 60' lang='lat' dir='ltr'><strong>sulit</strong></span> <span class='ocrx_word' id='word_1_687' title='bbox 583 4770 597 4816; x_wconf 88' lang='lat'>:</span> <span class='ocrx_word' id='word_1_688' title='bbox 622 4751 683 4850; x_wconf 82' lang='lat' dir='ltr'><strong>id</strong></span> <span class='ocrx_word' id='word_1_689' title='bbox 699 4751 860 4834; x_wconf 83' lang='lat' dir='ltr'><strong>quod</strong></span> <span class='ocrx_word' id='word_1_690' title='bbox 881 4771 1022 4833; x_wconf 86' lang='lat' dir='ltr'><strong>erga</strong></span> <span class='ocrx_word' id='word_1_691' title='bbox 1041 4753 1315 4850; x_wconf 67' lang='lat' dir='ltr'><strong>homines</strong></span> <span class='ocrx_word' id='word_1_692' title='bbox 1335 4755 1482 4850; x_wconf 75' lang='lat' dir='ltr'><strong>alios</strong></span> <span class='ocrx_word' id='word_1_693' title='bbox 1509 4753 1706 4850; x_wconf 80' lang='lat' dir='ltr'><strong>facere</strong></span> <span class='ocrx_word' id='word_1_694' title='bbox 1734 4751 2058 4850; x_wconf 80' lang='lat' dir='ltr'><strong>consuevit.</strong></span> <span class='ocrx_word' id='word_1_695' title='bbox 2145 4767 2406 4850; x_wconf 78' lang='lat' dir='ltr'><strong>servare,</strong></span> <span class='ocrx_word' id='word_1_696' title='bbox 2442 4768 2498 4820; x_wconf 89' lang='lat' dir='ltr'><strong>et</strong></span> <span class='ocrx_word' id='word_1_697' title='bbox 2527 4761 2846 4826; x_wconf 88' lang='lat' dir='ltr'><strong>restituere</strong></span> <span class='ocrx_word' id='word_1_698' title='bbox 2876 4784 2936 4826; x_wconf 83' lang='lat' dir='ltr'><strong>tn</strong></span> <span class='ocrx_word' id='word_1_699' title='bbox 2984 4751 3292 4846; x_wconf 82' lang='lat' dir='ltr'><strong>pristinum</strong></span> <span class='ocrx_word' id='word_1_700' title='bbox 3328 4751 3541 4830; x_wconf 86' lang='lat' dir='ltr'><strong>statum</strong></span> <span class='ocrx_word' id='word_1_701' title='bbox 3575 4782 3788 4850; x_wconf 87' lang='lat' dir='ltr'><strong>potest,</strong></span> 
     </span>
    </p>
   </div>
   <div class='ocr_carea' id='block_1_53' title="bbox 420 4841 3792 4940">
    <p class='ocr_par' dir='ltr' id='par_1_53' title="bbox 420 4841 3792 4940">
     <span class='ocr_line' id='line_1_53' title="bbox 420 4841 3792 4940; baseline 0.006 -36"><span class='ocrx_word' id='word_1_702' title='bbox 420 4841 534 4916; x_wconf 90' lang='lat' dir='ltr'><strong>Qui</strong></span> <span class='ocrx_word' id='word_1_703' title='bbox 565 4841 723 4940; x_wconf 80' lang='lat' dir='ltr'><strong>enim</strong></span> <span class='ocrx_word' id='word_1_704' title='bbox 745 4859 946 4940; x_wconf 76' lang='lat' dir='ltr'><strong>regem</strong></span> <span class='ocrx_word' id='word_1_705' title='bbox 973 4861 1078 4940; x_wconf 84' lang='lat' dir='ltr'><strong>pro</strong></span> <span class='ocrx_word' id='word_1_706' title='bbox 1099 4843 1323 4905; x_wconf 78' lang='lat' dir='ltr'><strong>offensa</strong></span> <span class='ocrx_word' id='word_1_707' title='bbox 1339 4842 1452 4940; x_wconf 79' lang='lat' dir='ltr'><strong>sibi</strong></span> <span class='ocrx_word' id='word_1_708' title='bbox 1485 4841 2054 4940; x_wconf 72' lang='lat' dir='ltr'><strong>prop;tiar_e_studet,</strong></span> <span class='ocrx_word' id='word_1_709' title='bbox 2142 4863 2211 4940; x_wconf 80' lang='lat' dir='ltr'><strong>ex</strong></span> <span class='ocrx_word' id='word_1_710' title='bbox 2243 4847 2360 4940; x_wconf 87' lang='lat' dir='ltr'><strong>imo</strong></span> <span class='ocrx_word' id='word_1_711' title='bbox 2397 4857 2656 4940; x_wconf 83' lang='lat' dir='ltr'><strong>pectore.</strong></span> <span class='ocrx_word' id='word_1_712' title='bbox 2701 4853 2862 4913; x_wconf 91' lang='lat' dir='ltr'><strong>omni</strong></span> <span class='ocrx_word' id='word_1_713' title='bbox 2923 4841 3289 4919; x_wconf 84' lang='lat' dir='ltr'><strong>dubitatione</strong></span> <span class='ocrx_word' id='word_1_714' title='bbox 3346 4841 3792 4940; x_wconf 43' lang='lat' dir='ltr'><strong>remota-roget,</strong></span> 
     </span>
    </p>
   </div>
   <div class='ocr_carea' id='block_1_54' title="bbox 420 4930 3796 5029">
    <p class='ocr_par' dir='ltr' id='par_1_54' title="bbox 420 4930 3796 5029">
     <span class='ocr_line' id='line_1_54' title="bbox 420 4930 3796 5029; baseline 0.005 -35"><span class='ocrx_word' id='word_1_715' title='bbox 420 4951 542 5029; x_wconf 81' lang='lat' dir='ltr'><strong>non</strong></span> <span class='ocrx_word' id='word_1_716' title='bbox 567 4931 732 5029; x_wconf 81' lang='lat' dir='ltr'><strong>prius</strong></span> <span class='ocrx_word' id='word_1_717' title='bbox 748 4931 968 5029; x_wconf 79' lang='lat' dir='ltr'><strong>gratias</strong></span> <span class='ocrx_word' id='word_1_718' title='bbox 983 4931 1124 5011; x_wconf 86' lang='lat' dir='ltr'><strong>agit,</strong></span> <span class='ocrx_word' id='word_1_719' title='bbox 1149 4950 1324 5012; x_wconf 91' lang='lat' dir='ltr'><strong>quam</strong></span> <span class='ocrx_word' id='word_1_720' title='bbox 1353 4931 1416 4994; x_wconf 92' lang='lat' dir='ltr'><strong>in</strong></span> <span class='ocrx_word' id='word_1_721' title='bbox 1449 4933 1576 5029; x_wconf 79' lang='lat' dir='ltr'><strong>ejus</strong></span> <span class='ocrx_word' id='word_1_722' title='bbox 1603 4930 1923 5029; x_wconf 81' lang='lat' dir='ltr'><strong>amicitiam</strong></span> <span class='ocrx_word' id='word_1_723' title='bbox 1955 4951 2052 5029; x_wconf 80' lang='lat' dir='ltr'><strong>re-</strong></span> <span class='ocrx_word' id='word_1_724' title='bbox 2149 4934 2324 5029; x_wconf 75' lang='lat' dir='ltr'><strong>ducto</strong></span> <span class='ocrx_word' id='word_1_725' title='bbox 2345 4936 2514 5029; x_wconf 82' lang='lat' dir='ltr'><strong>initio</strong></span> <span class='ocrx_word' id='word_1_726' title='bbox 2535 4938 2607 5029; x_wconf 88' lang='lat' dir='ltr'><strong>ab</strong></span> <span class='ocrx_word' id='word_1_727' title='bbox 2626 4940 2973 5020; x_wconf 86' lang='lat' dir='ltr'><strong>accipienda</strong></span> <span class='ocrx_word' id='word_1_728' title='bbox 3005 4943 3299 5007; x_wconf 88' lang='lat' dir='ltr'><strong>voluntate</strong></span> <span class='ocrx_word' id='word_1_729' title='bbox 3327 4965 3440 5026; x_wconf 89' lang='lat' dir='ltr'><strong>qua</strong></span> <span class='ocrx_word' id='word_1_730' title='bbox 3469 4947 3628 5022; x_wconf 83' lang='lat' dir='ltr'><strong>velit,</strong></span> <span class='ocrx_word' id='word_1_731' title='bbox 3665 4930 3796 5029; x_wconf 64' lang='lat' dir='ltr'><strong>qua:</strong></span> 
     </span>
    </p>
   </div>
   <div class='ocr_carea' id='block_1_55' title="bbox 420 5019 3795 5116">
    <p class='ocr_par' dir='ltr' id='par_1_55' title="bbox 420 5019 3795 5116">
     <span class='ocr_line' id='line_1_55' title="bbox 420 5019 3795 5116; baseline 0.006 -37"><span class='ocrx_word' id='word_1_732' title='bbox 420 5019 660 5116; x_wconf 78' lang='lat' dir='ltr'><strong>stitutus</strong></span> <span class='ocrx_word' id='word_1_733' title='bbox 686 5019 801 5082; x_wconf 90' lang='lat' dir='ltr'><strong>sit:</strong></span> <span class='ocrx_word' id='word_1_734' title='bbox 837 5020 941 5116; x_wconf 80' lang='lat' dir='ltr'><strong>sed</strong></span> <span class='ocrx_word' id='word_1_735' title='bbox 987 5029 1289 5116; x_wconf 79' lang='lat' dir='ltr'><strong>conatur,_</strong></span> <span class='ocrx_word' id='word_1_736' title='bbox 1315 5032 1379 5081; x_wconf 91' lang='lat' dir='ltr'><strong>ut</strong></span> <span class='ocrx_word' id='word_1_737' title='bbox 1439 5021 1600 5102; x_wconf 88' lang='lat' dir='ltr'><strong>prius</strong></span> <span class='ocrx_word' id='word_1_738' title='bbox 1619 5020 1922 5116; x_wconf 75' lang='lat' dir='ltr'><strong>placatum</strong></span> <span class='ocrx_word' id='word_1_739' title='bbox 1956 5022 2066 5082; x_wconf 87' lang='lat' dir='ltr'><strong>ha-</strong></span> <span class='ocrx_word' id='word_1_740' title='bbox 2149 5025 2281 5116; x_wconf 79' lang='lat' dir='ltr'><strong>Dei,</strong></span> <span class='ocrx_word' id='word_1_741' title='bbox 2317 5035 2373 5086; x_wconf 92' lang='lat' dir='ltr'><strong>et</strong></span> <span class='ocrx_word' id='word_1_742' title='bbox 2394 5027 2609 5116; x_wconf 88' lang='lat' dir='ltr'><strong>salutis</strong></span> <span class='ocrx_word' id='word_1_743' title='bbox 2637 5019 2797 5106; x_wconf 89' lang='lat' dir='ltr'><strong>sunt,</strong></span> <span class='ocrx_word' id='word_1_744' title='bbox 2837 5049 3021 5110; x_wconf 91' lang='lat' dir='ltr'><strong>usque</strong></span> <span class='ocrx_word' id='word_1_745' title='bbox 3073 5033 3212 5094; x_wconf 88' lang='lat' dir='ltr'><strong>dum</strong></span> <span class='ocrx_word' id='word_1_746' title='bbox 3247 5019 3376 5095; x_wconf 85' lang='lat' dir='ltr'><strong>eam</strong></span> <span class='ocrx_word' id='word_1_747' title='bbox 3407 5019 3795 5116; x_wconf 69' lang='lat' dir='ltr'><strong>adipiscatur,</strong></span> 
     </span>
    </p>
   </div>
   <div class='ocr_carea' id='block_1_56' title="bbox 421 5109 3797 5206">
    <p class='ocr_par' dir='ltr' id='par_1_56' title="bbox 421 5109 3797 5206">
     <span class='ocr_line' id='line_1_56' title="bbox 421 5109 3797 5206; baseline 0.004 -35"><span class='ocrx_word' id='word_1_748' title='bbox 421 5109 582 5206; x_wconf 70' lang='lat' dir='ltr'><strong>beat,</strong></span> <span class='ocrx_word' id='word_1_749' title='bbox 615 5127 684 5206; x_wconf 69' lang='lat' dir='ltr'><strong>ac</strong></span> <span class='ocrx_word' id='word_1_750' title='bbox 714 5116 838 5206; x_wconf 74' lang='lat' dir='ltr'><strong>tum</strong></span> <span class='ocrx_word' id='word_1_751' title='bbox 870 5109 1112 5206; x_wconf 79' lang='lat' dir='ltr'><strong>demum</strong></span> <span class='ocrx_word' id='word_1_752' title='bbox 1144 5109 1464 5206; x_wconf 74' lang='lat' dir='ltr'><strong>gratiarum</strong></span> <span class='ocrx_word' id='word_1_753' title='bbox 1520 5109 2061 5206; x_wconf 36' lang='lat' dir='ltr'><strong>actioneﬁfungitur.</strong></span> <span class='ocrx_word' id='word_1_754' title='bbox 2153 5123 2208 5174; x_wconf 88' lang='lat' dir='ltr'><strong>et</strong></span> <span class='ocrx_word' id='word_1_755' title='bbox 2239 5114 2599 5177; x_wconf 84' lang='lat' dir='ltr'><strong>desiderium</strong></span> <span class='ocrx_word' id='word_1_756' title='bbox 2662 5109 3065 5200; x_wconf 59' lang='lat' dir='ltr'><strong>conquiescat.</strong></span> <span class='ocrx_word' id='word_1_757' title='bbox 3117 5123 3376 5184; x_wconf 81' lang='lat' dir='ltr'><strong>Primum</strong></span> <span class='ocrx_word' id='word_1_758' title='bbox 3437 5109 3658 5206; x_wconf 81' lang='lat' dir='ltr'><strong>quippe</strong></span> <span class='ocrx_word' id='word_1_759' title='bbox 3689 5109 3797 5189; x_wconf 86' lang='lat' dir='ltr'><strong>Dei</strong></span> 
     </span>
    </p>
   </div>
   <div class='ocr_carea' id='block_1_57' title="bbox 417 5199 3794 5294">
    <p class='ocr_par' dir='ltr' id='par_1_57' title="bbox 417 5199 3794 5294">
     <span class='ocr_line' id='line_1_57' title="bbox 417 5199 3794 5294; baseline 0.005 -34"><span class='ocrx_word' id='word_1_760' title='bbox 417 5199 659 5294; x_wconf 60' lang='lat' dir='ltr'><strong>fAlioqui</strong></span> <span class='ocrx_word' id='word_1_761' title='bbox 688 5201 778 5257; x_wconf 82' lang='grc' dir='ltr'><strong>τὸν</strong></span> <span class='ocrx_word' id='word_1_762' title='bbox 803 5199 1296 5294; x_wconf 47' lang='lat' dir='ltr'><strong>itoyutovtmentis</strong></span> <span class='ocrx_word' id='word_1_763' title='bbox 1349 5199 1706 5294; x_wconf 71' lang='lat' dir='ltr'><strong>compotem)</strong></span> <span class='ocrx_word' id='word_1_764' title='bbox 1743 5199 1849 5261; x_wconf 90' lang='lat' dir='ltr'><strong>Dei</strong></span> <span class='ocrx_word' id='word_1_765' title='bbox 1881 5199 2068 5294; x_wconf 52' lang='lat' dir='ltr'><strong>Patris</strong></span> <span class='ocrx_word' id='word_1_766' title='bbox 2148 5223 2362 5294; x_wconf 88' lang='lat' dir='ltr'><strong>munus</strong></span> <span class='ocrx_word' id='word_1_767' title='bbox 2383 5214 2492 5277; x_wconf 82' lang='lat' dir='ltr'><strong>est,</strong></span> <span class='ocrx_word' id='word_1_768' title='bbox 2521 5208 2776 5287; x_wconf 88' lang='lat' dir='ltr'><strong>aliquem</strong></span> <span class='ocrx_word' id='word_1_769' title='bbox 2796 5199 2876 5270; x_wconf 83' lang='lat' dir='ltr'><strong>de</strong></span> <span class='ocrx_word' id='word_1_770' title='bbox 2899 5211 3088 5270; x_wconf 87' lang='lat' dir='ltr'><strong>salute</strong></span> <span class='ocrx_word' id='word_1_771' title='bbox 3110 5212 3284 5273; x_wconf 86' lang='lat' dir='ltr'><strong>verba</strong></span> <span class='ocrx_word' id='word_1_772' title='bbox 3301 5199 3613 5275; x_wconf 76' lang='lat' dir='ltr'><strong>facientem</strong></span> <span class='ocrx_word' id='word_1_773' title='bbox 3639 5234 3794 5294; x_wconf 90' lang='lat' dir='ltr'><strong>pan-</strong></span> 
     </span>
    </p>
   </div>
   <div class='ocr_carea' id='block_1_58' title="bbox 419 5286 3798 5376">
    <p class='ocr_par' dir='ltr' id='par_1_58' title="bbox 419 5286 3798 5376">
     <span class='ocr_line' id='line_1_58' title="bbox 419 5286 3798 5376; baseline 0.005 -29"><span class='ocrx_word' id='word_1_774' title='bbox 419 5288 578 5368; x_wconf 82' lang='grc' dir='ltr'>λόγος</span> <span class='ocrx_word' id='word_1_775' title='bbox 609 5287 823 5370; x_wconf 84' lang='lat' dir='ltr'><strong>(mens)</strong></span> <span class='ocrx_word' id='word_1_776' title='bbox 856 5296 914 5350; x_wconf 89' lang='lat' dir='ltr'><strong>et</strong></span> <span class='ocrx_word' id='word_1_777' title='bbox 941 5287 1152 5364; x_wconf 90' lang='lat' dir='ltr'><strong>Filius,</strong></span> <span class='ocrx_word' id='word_1_778' title='bbox 1215 5296 1275 5350; x_wconf 90' lang='lat' dir='ltr'><strong>et</strong></span> <span class='ocrx_word' id='word_1_779' title='bbox 1325 5289 1488 5350; x_wconf 89' lang='lat' dir='ltr'><strong>solus</strong></span> <span class='ocrx_word' id='word_1_780' title='bbox 1544 5286 1810 5350; x_wconf 88' lang='lat' dir='ltr'><strong>Salvator</strong></span> <span class='ocrx_word' id='word_1_781' title='bbox 1837 5289 2064 5350; x_wconf 88' lang='lat' dir='ltr'><strong>salvare</strong></span> <span class='ocrx_word' id='word_1_782' title='bbox 2147 5293 2290 5355; x_wconf 82' lang='lat' dir='ltr'><strong>cisci</strong></span> <span class='ocrx_word' id='word_1_783' title='bbox 2321 5317 2334 5363; x_wconf 85' lang='lat'><strong>;</strong></span> <span class='ocrx_word' id='word_1_784' title='bbox 2367 5286 2670 5374; x_wconf 73' lang='lat' dir='ltr'><strong>pra3cones</strong></span> <span class='ocrx_word' id='word_1_785' title='bbox 2700 5298 2856 5358; x_wconf 91' lang='lat' dir='ltr'><strong>enim</strong></span> <span class='ocrx_word' id='word_1_786' title='bbox 2891 5298 3297 5376; x_wconf 88' lang='lat' dir='ltr'><strong>ignorantibus</strong></span> <span class='ocrx_word' id='word_1_787' title='bbox 3345 5286 3704 5366; x_wconf 62' lang='lat' dir='ltr'><strong>mittuntur:</strong></span> <span class='ocrx_word' id='word_1_788' title='bbox 3742 5312 3798 5365; x_wconf 90' lang='lat' dir='ltr'><strong>et</strong></span> 
     </span>
    </p>
   </div>
   <div class='ocr_carea' id='block_1_59' title="bbox 419 5376 3795 5466">
    <p class='ocr_par' dir='ltr' id='par_1_59' title="bbox 419 5376 3795 5466">
     <span class='ocr_line' id='line_1_59' title="bbox 419 5376 3795 5466; baseline 0.005 -30"><span class='ocrx_word' id='word_1_789' title='bbox 419 5376 628 5458; x_wconf 81' lang='grc' dir='ltr'><strong>ἀλόγως</strong></span> <span class='ocrx_word' id='word_1_790' title='bbox 655 5377 1052 5457; x_wconf 84' lang='lat' dir='ltr'><strong>(sine-mente</strong></span> <span class='ocrx_word' id='word_1_791' title='bbox 1080 5394 1188 5440; x_wconf 86' lang='lat' dir='ltr'><strong>seu</strong></span> <span class='ocrx_word' id='word_1_792' title='bbox 1237 5377 1483 5460; x_wconf 90' lang='lat' dir='ltr'><strong>temere)</strong></span> <span class='ocrx_word' id='word_1_793' title='bbox 1529 5396 1648 5441; x_wconf 88' lang='lat' dir='ltr'><strong>non</strong></span> <span class='ocrx_word' id='word_1_794' title='bbox 1681 5376 1822 5438; x_wconf 84' lang='lat' dir='ltr'><strong>vult.</strong></span> <span class='ocrx_word' id='word_1_795' title='bbox 1854 5379 1970 5442; x_wconf 90' lang='lat' dir='ltr'><strong>Sed</strong></span> <span class='ocrx_word' id='word_1_796' title='bbox 2005 5388 2066 5442; x_wconf 91' lang='lat' dir='ltr'><strong>ut</strong></span> <span class='ocrx_word' id='word_1_797' title='bbox 2147 5384 2259 5445; x_wconf 92' lang='lat' dir='ltr'><strong>hoc</strong></span> <span class='ocrx_word' id='word_1_798' title='bbox 2287 5382 2508 5445; x_wconf 85' lang='lat' dir='ltr'><strong>donum</strong></span> <span class='ocrx_word' id='word_1_799' title='bbox 2542 5387 2716 5466; x_wconf 87' lang='lat' dir='ltr'><strong>plane</strong></span> <span class='ocrx_word' id='word_1_800' title='bbox 2749 5387 3032 5450; x_wconf 90' lang='lat' dir='ltr'><strong>mittentis</strong></span> <span class='ocrx_word' id='word_1_801' title='bbox 3079 5398 3190 5453; x_wconf 88' lang='lat' dir='ltr'><strong>est.</strong></span> <span class='ocrx_word' id='word_1_802' title='bbox 3220 5391 3560 5454; x_wconf 88' lang='lat' dir='ltr'><strong>Secundum</strong></span> <span class='ocrx_word' id='word_1_803' title='bbox 3591 5402 3795 5454; x_wconf 90' lang='lat' dir='ltr'><strong>autem</strong></span> 
     </span>
    </p>
   </div>
   <div class='ocr_carea' id='block_1_60' title="bbox 497 5566 2819 5655">
    <p class='ocr_par' dir='ltr' id='par_1_60' title="bbox 497 5566 2819 5655">
     <span class='ocr_line' id='line_1_60' title="bbox 497 5566 2819 5655; baseline 0.005 -22"><span class='ocrx_word' id='word_1_804' title='bbox 497 5570 567 5625; x_wconf 66' lang='grc' dir='ltr'><strong>δι</strong></span> <span class='ocrx_word' id='word_1_805' title='bbox 585 5566 760 5635; x_wconf 84' lang='lat' dir='ltr'><strong>Joan.</strong></span> <span class='ocrx_word' id='word_1_806' title='bbox 791 5587 880 5649; x_wconf 81' lang='grc' dir='ltr'><strong>ιιι,</strong></span> <span class='ocrx_word' id='word_1_807' title='bbox 911 5573 974 5636; x_wconf 88' lang='grc'><strong>6.</strong></span> <span class='ocrx_word' id='word_1_808' title='bbox 1058 5571 1123 5626; x_wconf 71' lang='lat'><strong>55</strong></span> <span class='ocrx_word' id='word_1_809' title='bbox 1147 5570 1265 5641; x_wconf 86' lang='lat' dir='ltr'><strong>Isa.</strong></span> <span class='ocrx_word' id='word_1_810' title='bbox 1296 5590 1462 5653; x_wconf 75' lang='lat' dir='ltr'><strong>xuii,</strong></span> <span class='ocrx_word' id='word_1_811' title='bbox 1494 5576 1593 5638; x_wconf 79' lang='lat' dir='ltr'><strong>tt.</strong></span> <span class='ocrx_word' id='word_1_812' title='bbox 1679 5575 1740 5630; x_wconf 77' lang='lat'><strong>56</strong></span> <span class='ocrx_word' id='word_1_813' title='bbox 1771 5577 1947 5642; x_wconf 83' lang='lat' dir='ltr'><strong>Rom.</strong></span> <span class='ocrx_word' id='word_1_814' title='bbox 1983 5594 2086 5655; x_wconf 85' lang='lat' dir='ltr'><strong>vn,</strong></span> <span class='ocrx_word' id='word_1_815' title='bbox 2121 5581 2220 5645; x_wconf 78' lang='lat'><strong>18.</strong></span> <span class='ocrx_word' id='word_1_816' title='bbox 2305 5581 2366 5632; x_wconf 75' lang='lat'><strong>57</strong></span> <span class='ocrx_word' id='word_1_817' title='bbox 2395 5579 2565 5644; x_wconf 82' lang='lat' dir='ltr'><strong>Rom.</strong></span> <span class='ocrx_word' id='word_1_818' title='bbox 2599 5599 2721 5655; x_wconf 88' lang='lat' dir='ltr'><strong>vm,</strong></span> <span class='ocrx_word' id='word_1_819' title='bbox 2758 5585 2819 5644; x_wconf 66' lang='lat'><strong>9.</strong></span> 
     </span>
    </p>
   </div>
  </div>
