4112 6106
326 278 441 349 377

1770 272 2053 357 ORATIO
2095 290 2261 359 XIII.

3588 254 3706 366 378

327 437 546 481 munus
594 419 750 500 quod
808 420 1082 484 humanae
1131 431 1356 485 naturae
1389 431 1562 486 antea
1590 425 1831 487 insitum
1865 434 1976 499 est,
2001 437 2040 484 A
2063 426 2212 488 Tum
2244 425 2345 489 ille
2392 425 2675 507 quaesivit,
2712 426 2851 507 quid
2885 435 3041 489 esset
3084 428 3321 490 veritas.
3378 429 3493 491 Sed
3528 430 3708 491 tacuit

328 526 503 569 aures
535 509 711 569 dictis
736 511 1140 573 commodare.
1179 512 1315 574 ldeo
1349 514 1502 574 enim
1521 514 1703 576 etillis
1734 516 1832 594 qui
1864 536 1981 577 non

324 597 596 670 audiunt,
640 598 735 658 his
794 598 995 661 Verbis
1048 601 1265 664 Christi
1321 603 1667 680 gravissime
1702 604 1978 665 minatur.

325 686 399 749 Si
410 706 531 748 non
548 690 1476 767 receperintmmoudierintvos.
1490 694 1862 756 tolerabilius
1872 696 1983 755 erit

327 782 512 837 terrae
525 777 930 839 Sodomorum
946 785 999 840 et
1022 780 1072 841 G
1078 797 1169 840 om
1179 780 1543 844 orrhtrorum
1560 785 1626 844 in
1637 783 1736 845 die
1736 784 1979 866 Judiciz',

332 883 517 944 quam
542 866 669 927 illis
694 868 777 928 58.
812 866 1072 929 Tertium
1092 867 1196 929 Dei
1221 870 1438 931 donum
1466 871 1663 933 lumen
1687 872 1980 952 quoddam

335 963 446 1025 est,
481 955 636 1034 quod
672 954 977 1018 intellectu
1006 958 1384 1037 perSpicitur.
1423 960 1697 1039 quodque
1730 961 1982 1022 maxime

329 1060 543 1103 recens
573 1063 681 1123 per
733 1044 1087 1124 baptismum
1140 1045 1487 1108 illuminatis
1544 1048 1839 1109 tribuitur.
1873 1048 1982 1121 Qui

326 1150 586 1213 namque
610 1133 685 1195 de
708 1136 893 1195 salute
916 1135 1157 1207 audivit,
1214 1154 1396 1216 seque
1427 1137 1660 1198 docenti
1696 1146 1980 1198 attentum

326 1220 612 1302 praebuit,
640 1223 827 1301 ipsam
853 1224 1093 1302 quidem
1125 1224 1982 1304 desideravit,elegantiamau-

328 1318 445 1370 tem
480 1322 539 1373 et
577 1313 1076 1390 pulchritudinem
1133 1315 1262 1393 ejus
1313 1317 1571 1375 nondum
1633 1315 1888 1393 aspexit,
1926 1323 1983 1376 et

327 1401 528 1462 divino
565 1404 790 1465 lumine
816 1407 1057 1484 mystice
1090 1424 1239 1484 Opus
1262 1405 1700 1487 ltttltrt,qu0(lei
1725 1408 1983 1484 desuper

324 1488 665 1563 obumbret,
692 1493 814 1554 Hoc
840 1494 1055 1555 animae
1080 1496 1286 1557 Oculos
1312 1496 1677 1578 illuminans,
1703 1497 1817 1555 duo
1854 1497 1978 1556 haec

324 1582 607 1651 Ostendit,
636 1583 1142 1662 pulchritmlinem
1170 1586 1560 1645 ett‘teditatem
1595 1606 1607 1647 :
1642 1585 1973 1665 pulchritu-

324 1668 526 1729 dinem
563 1672 806 1751 quidem
868 1673 1101 1748 salutis,
1164 1675 1485 1736 fmditatem
1547 1695 1682 1735 vero
1718 1676 1846 1754 ejus
1877 1675 1975 1754 qui

323 1758 605 1819 salvator.

404 1845 560 1918 Quid
594 1848 852 1927 amplius
883 1851 911 1910 ‘3
964 1859 1269 1931 postquam
1331 1852 1693 1914 desiderium
1728 1855 1973 1931 primam

324 1935 539 1996 animae
569 1939 893 1999 motionem
911 1957 1240 2010 assumens,
1266 1941 1622 2001 voluntatem
1648 1942 1840 2001 adhuc
1860 1941 1975 1999 im-

325 2024 625 2104 becitlem,
662 2035 721 2086 et
750 2028 1176 2088 cunctatiorem
1216 2038 1273 2089 et
1303 2029 1689 2109 impotentem
1724 2031 1795 2089 ad
1824 2029 1978 2089 salu-

326 2122 439 2173 tem
478 2115 779 2187 habuerit,
812 2119 1188 2197 senseritque
1220 2119 1416 2180 anima
1440 2119 1756 2180 voluntatis
1791 2118 1973 2178 mise-

322 2206 495 2276 riam,
525 2222 593 2263 ex
618 2206 733 2265 allo
754 2207 1029 2268 virtutem
1065 2209 1310 2287 ﬂagitat,
1366 2219 1427 2269 ut
1454 2210 1720 2270 voluntas
1753 2209 1970 2269 conﬁr-

324 2301 540 2363 metur,
578 2302 633 2353 et
665 2303 781 2355 tota
835 2297 1083 2357 salutem
1145 2299 1365 2379 θυρίδι.
1428 2302 1567 2362 Post
1601 2300 1724 2359 haec
1769 2296 1976 2377 incipit

320 2382 535 2461 oratio,
569 2381 867 2445 laboriosa
895 2387 966 2446 ad
1002 2392 1504 2469 cognoscendum,
1536 2398 1645 2448 eta
1667 2387 1975 2467 Spll'lllbuS

319 2469 700 2540 adversariis,
729 2485 793 2533 ut
816 2477 1041 2535 arundo
1065 2477 1301 2553 agitata.
1324 2477 1461 2539 Haec
1482 2480 1826 2538 conlirmala
1852 2480 1973 2537 halt:

318 2559 592 2620 voluntas
622 2562 934 2643 laborabit,
968 2574 1026 2625 et
1058 2567 1295 2627 sudabit
1321 2570 1596 2640 multum,
1637 2577 1844 2646 petens
1876 2567 1970 2626 di-

317 2647 519 2736 vinum
554 2652 766 2710 orandi
795 2650 1013 2713 donum
1048 2655 1277 2715 ccelitus
1306 2655 1601 2736 accipere,
1650 2666 1713 2716 ut
1744 2657 1800 2715 in
1836 2654 1973 2734 Spi-

322 2735 439 2796 ritu
476 2748 683 2799 sancto
703 2740 801 2800 ﬁat
824 2742 1034 2811 oratio,
1064 2745 1260 2804 Jesum
1287 2735 1586 2805 enimnon
1617 2752 1808 2823 potest
1837 2744 1969 2803 ani-

321 2843 414 2885 ma
444 2826 767 2889 Dominum
829 2848 1025 2904 suum,
1087 2834 1196 2893 hoc
1255 2842 1364 2906 est,
1428 2834 1538 2893 sibi
1573 2834 1961 2913 imperantem
2052 2838 2199 2903 ctus,
2223 2828 3705 2915 qumintribussubsistentiigcomterna,principii

2063 516 2541 596 Dominus,quod
2575 516 2751 577 sciret
2787 517 3025 577 l’i'atum
3061 518 3170 577 hoc
3203 518 3540 598 mysterium
3563 518 3704 580 abs-

2065 605 2365 667 conditum
2401 625 2513 665 non
2578 625 2748 684 posse
2802 625 3036 684 capere.
3097 606 3242 667 Nam
3295 626 3426 667 eum
3460 627 3705 686 regnare

2066 713 2245 772 super
2288 714 2524 754 omnem
2561 695 2860 754 hominem
2914 704 3166 775 oportet,
3229 716 3301 775 qu
3334 696 3504 755 ~niam
3537 697 3708 758 aliter

2066 784 2444 843 characteres
2466 783 2783 842 rationales
2810 784 2947 843 hum
2994 786 3481 862 tlwttatnt‘mnpud
3501 804 3707 845 unum-

2066 890 2360 951 quemque
2381 871 2765 950 resplendere
2787 890 3151 955 nequaquam
3176 883 3415 951 possunt
3443 895 3455 929 τ
3487 883 3543 935 et
3564 874 3709 936 irra-

2067 959 2745 1040 tionabilitetemprmter
2777 969 3039 1021 naturam
3071 981 3137 1023 ex
3172 978 3411 1041 peccato
3444 962 3501 1023 in
3524 982 3710 1041 genus

2068 1050 2388 1111 humanum
2412 1049 2760 1124 ingressam,
2786 1050 3051 1128 atqueita
3074 1050 3385 1119 ﬁrmatam,
3402 1061 3462 1110 ut
3486 1071 3707 1113 secun-

2065 1156 2203 1199 oum
2225 1146 2492 1197 naturam
2518 1136 2909 1217 existimetur,
2931 1139 3237 1199 obscurari
3263 1158 3330 1200 ac
3352 1140 3558 1200 deleri.
3579 1140 3705 1203 Non

2064 1226 2221 1287 enim
2252 1244 2585 1303 possumus,
2633 1245 2746 1285 non
2796 1228 3054 1307 inquam,
3100 1229 3501 1307 possumusab
3526 1231 3709 1309 ἀλογῖᾳ

2063 1315 2327 1383 liberari,
2364 1314 2478 1374 nisi
2509 1315 2801 1389 Christus,
2841 1317 2937 1395 qui
2972 1324 3058 1376 est
3110 1318 3481 1397 κόγι»ς,ςυρθι’
3505 1337 3711 1380 nosre-

2063 1405 2348 1482 gnaverit.
2374 1407 2566 1483 Atque
2590 1404 2713 1464 haec
2736 1411 2824 1463 est
2845 1405 2942 1465 illa
2970 1406 3202 1477 veritas,
3230 1406 3321 1467 (ui
3357 1416 3414 1467 ut
3450 1407 3710 1467 testimo-

2065 1494 2225 1554 nium
2257 1494 2618 1573 perhiheret,
2676 1492 2944 1554 Christus
2995 1494 3172 1557 venit.
3236 1495 3361 1557 Nisi
3393 1516 3549 1557 enim
3583 1496 3709 1576 ipse

2061 1601 2160 1642 rex
2196 1595 2399 1642 noster
2429 1582 2629 1655 fuerit,
2666 1602 2967 1662 nunquam
3002 1584 3156 1663 quod
3192 1585 3465 1663 placitum
3494 1594 3579 1645 est
3600 1606 3706 1645 co-

2060 1689 2182 1731 ram
2214 1690 2306 1751 eo,
2342 1680 2617 1750 praestare
2648 1673 3012 1750 poterimus:
3051 1673 3151 1731 sed
3185 1673 3257 1733 ab
3298 1674 3618 1753 imposterc
3651 1682 3709 1735 et

2061 1761 2303 1820 inimico
2338 1760 2578 1821 humani
2612 1761 2847 1837 generis
2882 1780 3176 1839 regentur,
3210 1782 3323 1822 non
3356 1765 3701 1828 sentiemus.

2058 1848 2173 1911 Ubi
2205 1851 2361 1911 enim
2395 1860 2603 1928 regnat
2647 1850 2827 1924 Deus,
2879 1869 2994 1909 non
3056 1850 3137 1910 ibi
3172 1851 3402 1913 diabolo
3431 1862 3702 1930 scrvdur,

2060 1939 2160 1999 sed
2196 1939 2592 1999 ministerium
2628 1959 2804 2000 omne
2835 1939 2890 1998 in
2921 1939 3103 1999 Deum
3136 1942 3453 2003 confertur.

2138 2028 2370 2090 Etenim
2390 2029 2521 2109 quis
2551 2030 2779 2107 ignorat
2802 2028 2986 2088 Deum
3019 2048 3151 2089 esse
3170 2031 3535 2091 conditorem
3570 2034 3705 2093 coeli

2058 2136 2125 2177 ac
2158 2131 2353 2191 terrm,
2391 2129 2441 2177 el
2477 2118 2667 2178 omnis
2701 2129 3006 2187 creaturm,
3042 2128 3155 2178 tam
3190 2138 3319 2199 quae
3353 2121 3706 2197 cogitatione

2063 2208 2401 2285 percipitur,
2445 2227 2519 2287 qu
2546 2226 2618 2266 im
2670 2226 2798 2286 quae
2850 2207 2958 2267 sub
2995 2216 3293 2286 aspectum
3327 2210 3645 2288 subjicitur
3677 2210 3707 2269 ἶ)

2056 2294 2196 2355 Esse
2228 2298 2400 2356 etiam
2435 2315 2632 2374 regem
2667 2316 2898 2361 eorum.
2932 2316 3059 2375 quae
3093 2316 3160 2356 ex
3197 2297 3381 2357 nihilo
3410 2310 3472 2358 ut
3504 2310 3701 2361 exsta-

2057 2393 2212 2463 rent,
2240 2386 2522 2463 producta
2549 2396 2704 2444 sunt.
2734 2386 2945 2445 creatis
2972 2386 3145 2445 simul
3171 2385 3243 2446 ab
3275 2405 3343 2445 eo
3376 2388 3651 2449 omnibus
3673 2390 3703 2449 ‘?

2057 2474 2213 2534 Deus
2245 2472 2400 2532 enim
2430 2476 2602 2534 Pater
2631 2474 2811 2534 Verbi
2839 2475 2926 2533 sui
2960 2494 3026 2534 ac
3060 2473 3211 2546 Filii,
3242 2475 3348 2535 Dei
3372 2495 3437 2536 ac
3472 2478 3707 2539 Domini

2057 2563 2242 2622 nostri
2273 2562 2411 2623 Jesu
2444 2560 2683 2635 Christi,
2722 2582 2824 2639 per
2873 2582 3046 2642 quem
3106 2565 3239 2623 terit
3271 2564 3492 2631 omnia,
3529 2566 3705 2627 etiam

2060 2650 2117 2710 in
2154 2649 2370 2729 Spiritu
2406 2661 2607 2710 sancto
2661 2669 2765 2710 suo
2828 2661 3033 2729 regnat
3092 2671 3270 2731 super
3316 2655 3534 2713 omnia.
3571 2653 3708 2717 Haec

2055 2739 2238 2817 igitur
2267 2758 2384 2799 una
2418 2739 2635 2810 Deitas,
2673 2743 2863 2814 Pater,
2927 2741 3129 2807 Filius,
3184 2751 3241 2802 et
3273 2741 3527 2821 Spiritus
3560 2765 3700 2805 san-

3690 2885 3711 2928 ι

318 2913 986 2997 ἀὶι-θιτθ,ειιιιθκριοι“ειιθ
1009 2940 1205 2993 nosse,
1234 2923 1345 2983 nisi
1370 2922 1426 2982 in
1449 2921 1970 3003 Spiritusanct059,
2055 2937 2362 2998 coexpers,
2425 2919 2943 2979 consubstantialis
2999 2920 3149 2997 regit
3203 2922 3439 2997 coelum,
3474 2913 3686 3004 solem,

314 3015 380 3067 ut
398 3006 530 3087 ipse
554 3007 814 3086 Spiritus
838 3016 1074 3070 sanctus
1105 3026 1238 3071 cum
1268 3011 1616 3072 habitaverit
1662 3012 1721 3072 in
1753 3012 1971 3079 anima,
1996 3060 2034 3108 Ο
2060 3008 2282 3080 lunam,
2307 3007 2528 3085 stellas,
2555 3025 2779 3087 aerem,
2806 3018 3045 3089 terram,
3084 3024 3337 3081 mare,et
3359 3012 3558 3071 omnia
3579 3033 3709 3093 qua}

316 3095 595 3159 Postulel
609 3115 721 3176 pro
737 3098 1234 3173 nobz‘sgemitibus
1267 3100 1807 3174 inenat‘robilibus,
1841 3102 1973 3161 cla-
1998 3095 2033 3108 “
2060 3098 2119 3157 in
2152 3096 2237 3157 eis
2271 3104 2430 3170 sunt,
2465 3108 2521 3157 et
2552 3096 2812 3175 angelos,
2851 3107 2909 3156 et
2939 3098 3213 3159 homines
3261 3099 3444 3160 velint
3492 3102 3705 3176 nolint,

314 3187 1356 3267 munsAbbaPatetmquoilliusvox
1373 3189 1831 3268 gloriﬁcatorum
1849 3207 1979 3268 pro-
2060 3186 2197 3267 quia
2226 3184 2512 3245 Dominus
2557 3204 2706 3245 unus
2739 3200 2818 3245 est
2841 3186 2925 3248 63.
2981 3185 3269 3258 Quoniam
3302 3197 3498 3249 autem
3532 3192 3710 3270 regia;

318 3281 453 3362 pria
474 3281 599 3359 ﬁat,
633 3293 691 3341 et
716 3289 1161 3360 perorationem
1188 3281 1976 3362 gratiosam,acreplamque
2062 3274 2366 3354 potestatis
2399 3274 2730 3354 proprietas
2780 3283 2868 3335 est
2924 3276 3240 3354 providere
3299 3278 3597 3359 omnibus,
3647 3281 3707 3340 in

318 3371 528 3431 anima
550 3369 779 3431 fructus
800 3370 1046 3449 spiritus
1067 3371 1388 3451 germinet,
1414 3373 1788 3451 charitatem,
1827 3389 1974 3449 gau-
2059 3382 2207 3444 quos
2229 3380 2477 3440 regnum
2511 3371 2619 3443 est,
2656 3363 2831 3423 etiam
2865 3363 3020 3425 Deus
3053 3365 3218 3427 hisce
3253 3366 3531 3428 omnibus
3563 3388 3705 3448 pro-

316 3459 513 3534 dium,
542 3477 772 3538 pacem,
792 3459 1323 3537 longanimitatem,
1342 3460 1791 3540 benignitatem,
1815 3458 1952 3519 boni

316 3559 529 3621 tatem,
587 3548 788 3621 fidem,
841 3548 1382 3624 mansuetudinem,
1441 3548 1972 3611 continentiamﬁl.

311 3639 429 3701 Hic
462 3637 613 3699 ordo
644 3657 850 3700 eorum
888 3646 995 3701 est.
1030 3638 1129 3718 qui
1160 3639 1483 3701 salvantur.
1521 3638 1622 3701 Sin
1659 3638 1878 3712 minus,
1915 3638 1975 3698 in

317 3727 652 3801 montibus,
680 3734 738 3787 et
772 3726 1215 3799 solitudinibus,
1250 3736 1308 3789 et
1336 3730 1483 3789 locis
1515 3747 1660 3808 quos
1691 3727 1979 3789 Dominus

318 3838 441 3880 non
474 3817 696 3897 visitat,
731 3816 1055 3896 oberrabit,
1092 3816 1192 3876 hui
1226 3818 1384 3879 hunc
1416 3818 1690 3878 ordinem
1729 3836 1845 3877 non
1877 3837 1974 3879 se-

316 3908 547 3990 quitur.
583 3905 727 3967 Nam
762 3905 986 3966 nullum
1020 3923 1259 3966 servare
1310 3905 1603 3977 ordinem,
1640 3906 1892 3967 licentim
1922 3914 1980 3966 et

316 3994 716 4057 contumacia;
737 3993 1022 4054 indicium
1049 4001 1159 4054 est.
1179 3995 1360 4073 Cujus
1382 4003 1577 4055 autem
1614 3994 1848 4056 initium
1883 3995 1973 4054 lu-

317 4085 587 4156 bricum,
615 4083 784 4144 etiam
812 4082 1207 4163 ﬁnisinutilis,
1240 4082 1677 4163 laborandoque
1699 4081 1973 4160 fatigabi-

317 4184 442 4250 tur,
501 4181 560 4233 et
591 4171 785 4232 studio
845 4171 1004 4231 inani
1064 4172 1362 4243 lassescet,
1425 4172 1527 4251 qui
1584 4172 1754 4233 saluti
1787 4177 1970 4233 vacat.

318 4266 542 4326 Ferme
574 4260 731 4321 enim
763 4259 924 4321 salus
954 4261 1149 4320 omnis
1179 4259 1238 4320 in
1295 4259 1523 4322 Christo
1552 4258 1691 4320 Jesu
1722 4259 1974 4321 Domino

320 4360 530 4414 nostro
559 4354 744 4430 posita
781 4359 890 4411 est.
924 4348 1149 4410 Idcirco
1181 4358 1236 4410 et
1280 4368 1409 4422 rex,
1449 4359 1504 4411 et
1553 4349 1837 4409 Dominus
1865 4368 1972 4429 ap-

320 4441 604 4523 pellatur,
628 4439 902 4519 quoniam
929 4457 1109 4518 super
1124 4439 1386 4517 singulos
1403 4439 1461 4499 in
1484 4457 1618 4501 eum
1636 4440 1970 4514 credentes,

320 4549 433 4611 per
452 4528 738 4607 Spiritum
772 4536 1037 4588 sanctum
1068 4536 1288 4606 regnat,
1327 4537 1383 4589 et
1415 4535 1477 4615 ut
1506 4547 1629 4609 rex,
1672 4548 1737 4588 ac
1772 4528 1974 4591 Domi-

321 4638 439 4680 nus
470 4637 717 4679 suorum
758 4618 1041 4688 ﬁdelium,
1077 4616 1204 4693 ipse
1239 4636 1345 4696 per
1374 4637 1474 4678 eos
1508 4618 1661 4696 quod
1698 4616 1971 4697 placitum

321 4725 530 4769 coram
556 4724 621 4766 se
646 4714 754 4778 est,
782 4714 1080 4782 operatur.
1110 4705 1193 4767 Fit
1225 4706 1383 4767 enim
1413 4707 1507 4779 iis,
1535 4707 1593 4766 in
1628 4706 1841 4786 quibus
1873 4723 1975 4764 re-

321 4806 487 4878 gnat,
525 4795 634 4857 viae
664 4795 803 4867 dux,
838 4794 1218 4875 gubernator,
1275 4795 1576 4875 magister,
1606 4812 1972 4866 mconomus,

323 4903 573 4967 prazses,
609 4884 945 4965 opitulator,
982 4883 1053 4943 ab
1114 4884 1277 4944 omni
1336 4896 1576 4964 peccato
1606 4884 1974 4959 redemptor.

322 4978 523 5058 Atque
555 4977 712 5035 enim
750 4973 797 5033 si
830 4973 1067 5053 quidam
1101 4973 1248 5035 citra
1297 4974 1594 5036 Christum
1626 4974 1763 5035 boni
1809 4971 1976 5052 quis-

322 5066 485 5147 piam
518 5079 700 5139 agere
729 5061 1063 5133 videantur,
1100 5059 1473 5122 mendacium
1508 5070 1662 5122 sunt.
1693 5064 1858 5124 Tunc
1881 5078 1981 5119 au-

327 5164 448 5216 tem
473 5151 691 5216 veritas
710 5150 876 5220 ﬁunt,
904 5169 1037 5211 cum
1070 5148 1338 5212 Christus
1363 5170 1540 5232 super
1573 5156 1729 5231 ipsos
1758 5168 1974 5228 regna-

2057 3453 2381 3515 videntiam
2406 3462 2462 3514 et
2488 3472 2685 3513 curam
2712 3470 2877 3513 suam
2908 3452 3189 3513 declarat.
3220 3455 3335 3514 Sed
3364 3455 3500 3535 quia
3516 3457 3707 3517 omnis

2061 3543 2297 3604 condita
2328 3552 2555 3615 natura,
2595 3549 2805 3622 praeter
2853 3541 3081 3601 ratione
3141 3542 3434 3621 praeditas,
3470 3546 3707 3622 angelos

2061 3632 2340 3693 nimirum
2373 3642 2546 3711 atque
2576 3632 2850 3693 homines
2899 3630 3295 3707 cognitionem
3344 3651 3410 3693 ac
3446 3635 3703 3693 notitiam

2060 3740 2275 3801 capere
2306 3721 2533 3801 nequit,
2564 3722 2677 3781 hoc
2710 3720 2836 3797 ipso
2886 3720 3041 3800 quod
3091 3719 3322 3780 ratione
3355 3730 3536 3795 caret,
3570 3721 3706 3783 ideo

2061 3812 2218 3872 Deus
2249 3829 2482 3890 quoque
2526 3817 2585 3869 ut
2616 3808 2934 3888 ignoranti,
2967 3808 3224 3887 simplici
3257 3809 3347 3869 via
3390 3809 3655 3887 providet
3691 3831 3704 3872 :

2061 3920 2196 3962 cum
2224 3900 2563 3977 angelorum
2586 3897 3035 3976 hominumque,
3060 3916 3309 3975 quorum
3328 3907 3412 3958 est
3433 3917 3481 3957 ct
3504 3898 3718 3974 gnitio,

2062 4008 2260 4049 curam
2290 3998 2453 4066 gerat
2481 3986 2797 4047 assiduam.
2825 3984 2961 4046 Vult
2984 3993 3180 4044 autem
3205 3986 3338 4057 hos,
3374 3994 3439 4046 ut
3467 3995 3709 4048 naturas

2060 4076 2449 4155 intelligentia
2480 4082 2713 4135 ornatas
2743 4092 2919 4133 nosse
2965 4072 3262 4152 opiﬁcem,
3301 4074 3698 4155 provisorem,

2060 4180 2119 4229 et
2137 4165 2496 4228 Saltatorem
2514 4163 2723 4224 Deum.
2742 4162 2820 4222 Ea
2846 4171 3082 4241 propter
3095 4162 3387 4241 siquidem
3410 4165 3708 4242 procreati

2060 4272 2218 4329 sunt,
2253 4265 2314 4316 ut
2346 4266 2620 4333 tanquam
2660 4251 3157 4325 natormeonsilii,
3194 4252 3528 4331 mentisque
3566 4271 3703 4331 par-

2062 4345 2291 4421 ticipes,
2351 4351 2407 4405 et
2466 4345 2868 4420 ingeneratam
2933 4340 3326 4416 Cognitionem
3400 4342 3708 4419 habentes,

2059 4434 2424 4496 conditorem
2462 4440 2742 4513 perpetuo
2794 4429 3188 4501 celebrarent,
3245 4430 3397 4509 eiqtn
3455 4440 3570 4489 tum
3606 4450 3709 4507 pro

2058 4526 2294 4604 seipsis,
2331 4531 2449 4583 tum
2486 4542 2589 4603 pro
2624 4519 2915 4580 universis
2974 4519 3190 4595 gratias
3243 4539 3395 4593 agert
3426 4528 3505 4580 nt.
3546 4519 3711 4579 [Inde

2058 4631 2389 4693 quanquam
2416 4614 2568 4674 Deus
2593 4629 2691 4670 rex
2723 4617 2809 4669 est
2834 4609 3123 4686 omnium,
3171 4619 3361 4667 tamen
3402 4611 3471 4667 tu.

2060 4703 2354 4770 duntaxat.
2393 4709 2448 4761 et
2478 4701 2819 4776 angelorum
2877 4697 3193 4757 volentium
3231 4716 3328 4757 rex
3472 4730 3495 4751 ,η
3611 4699 3639 4725 ’ν
3691 4718 3697 4755 ς

2062 4792 2390 4853 nolentium
2426 4808 2817 4870 nequaquam,
2874 4796 2937 4845 ut
2984 4806 3057 4845 ne
3104 4786 3334 4846 arbitrii
3374 4787 3702 4845 illuminant}

2060 4880 2177 4941 illis
2210 4881 2391 4941 tollat.
2429 4879 2536 4951 Qui
2570 4879 2727 4939 enim
2779 4875 3007 4936 ratione
3059 4884 3231 4934 utens
3288 4886 3492 4933 natura
3531 4876 3625 4951 sia,
3664 4875 3710 4932 ri

2060 4970 2360 5031 voluntate
2390 4967 2632 5030 careat?
2654 4964 2942 5038 Quocirca
2962 4963 3138 5023 etiam
3188 4962 3474 5023 Dominus
3510 4971 3712 5020 noster

2061 5063 2229 5124 Jesus
2249 5059 2512 5121 Christus
2537 5065 2799 5117 nostrum
2823 5052 3033 5114 similis
3058 5054 3230 5113 homo
3275 5059 3468 5122 natus,
3502 5058 3550 5107 et
3581 5070 3707 5109 ma-

2058 5149 2263 5228 gister,
2302 5148 2456 5228 quod
2491 5145 2726 5219 latebat,
2780 5154 2837 5204 et
2885 5140 3287 5221 ignorabatur,
3333 5137 3710 5228 consortibus

3572 4632 3705 4667 ίίηῖυί

327 5244 501 5318 verit,
553 5241 649 5303 cui
707 5239 947 5300 dicebat
995 5239 1211 5301 Pilatus
1240 5262 1252 5302 :
1313 5226 1486 5318 Erg—0
1538 5226 1650 5302 rex
1679 5248 1733 5301 et
1767 5226 1893 5301 tta?
1923 5243 1980 5298 et
2065 5226 2410 5319 generis—ac
2456 5235 2734 5296 fratribus
2765 5235 2993 5303 suadet,
3028 5229 3166 5289 dum
3200 5227 3280 5319 ita
3310 5227 3483 5286 docet
3513 5244 3582 5319 ac
3611 5226 3708 5286 di-

326 5314 649 5415 respondit
672 5330 1000 5409 eizEgoin
1022 5329 1128 5392 hoc
1153 5314 1503 5411 natussuin,
1525 5337 1577 5392 et
1595 5331 1675 5391 ad
1701 5331 1808 5392 hoc
1841 5329 1980 5391 veni
2064 5314 2143 5389 cit
2166 5345 2178 5388 :
2216 5326 2484 5418 Quaerite
2520 5342 2769 5418 regnum
2806 5322 2940 5394 Dei,
2975 5318 3361 5418 ert‘just-itimp
3382 5314 3611 5418 ejus-6‘,
3645 5327 3709 5376 ut

328 5404 741 5496 inmundum,
764 5404 1625 5500 ntiestz'moniumperhib'eam
1647 5418 1978 5482 υθνὶιαιίθί.
2063 5416 2396 5478 volentibus
2444 5404 2616 5476 nobis
2660 5413 2936 5492 imperet.
2999 5404 3201 5469 Simul
3245 5405 3403 5467 enim
3437 5412 3706 5467 naturam

332 5631 897 5778 ῃῗῖιξιῑῗιδλὲέδ.
963 5628 1433 5709 591Cor.xn,3.
1498 5627 1889 5707 60Rom.vu1,
1916 5630 2015 5693 26.
2090 5623 2550 5702 64Galat.v,23.
2628 5616 3192 5695 62Joan.xvm,37.
3257 5615 3513 5681 3308111.
3538 5613 3706 5691 V1.4.

480 5730 513 5775 a
608 5726 736 5778 .Vl.
853 5761 868 5777 .

480 5726 736 5793 aun.v1,
767 5726 868 5777 δδ.
