4112 6106
411 240 529 309 379

1729 247 2105 315 SYMEONIS
2141 252 2494 318 IUNIORIS

3672 257 3784 326 380

418 377 668 480 rationis
698 398 978 482 capacem
1034 401 1285 482 regnum
1331 383 1453 482 Pici
1509 382 1855 482 attingit,__et
1875 384 2060 482 simul
2081 395 2123 443 Α
2146 390 2358 482 partim
2388 409 2549 473 vero,
2584 401 2648 454 ut
2677 412 2810 457 cum
2842 396 3174 463 libertatem
3193 418 3226 462 a
3257 400 3561 482 peccando
3591 402 3785 482 adepti

420 468 584 529 omni
613 487 741 530 eam
763 470 996 549 justitia
1023 472 1307 533 cumulat.
1331 471 1482 534 Hinc
1499 480 1559 535 et
1578 473 1844 553 quotidie
1875 476 2061 537 Deum

413 557 492 619 ita
511 576 824 638 precamur
839 581 852 620 :
867 560 1166 623 Adveniet
1180 579 1434 641 regnum
1453 568 1643 633 tuum,
1659 563 1771 641 ﬁat
1785 562 2064 627 voluntas

414 654 519 710 tua
539 646 621 707 65.
657 646 781 709 Hoc
812 649 974 709 enim
1006 650 1146 729 vult,
1181 657 1239 711 et
1261 650 1335 711 ob
1356 651 1470 712 hoc
1494 651 1684 732 ipsum
1706 671 1925 732 corpus
1945 654 2062 714 hu-

416 754 657 798 manum
691 736 906 812 induit,
961 746 1019 800 et
1075 737 1227 800 istud
1288 739 1545 817 primum
1603 741 1849 818 editum,
1885 742 2060 804 etiam

415 824 774 906 principium
795 826 1097 906 Evangelii
1124 827 1254 890 fuit.
1280 826 1424 889 Nam
1458 828 1614 909 quod
1641 829 1857 892 dicitur
1887 849 1901 894 :
1934 834 2060 911 Ap-

414 916 846 995 propinquavit
858 933 1047 994 regna
1059 934 1117 978 m
1131 917 1501 989 coelorumﬁﬁ,
1525 919 1636 980 hoc
1649 919 1889 981 est.Nisi
1905 920 2062 982 enim

413 1003 756 1081 intelligens
788 1004 985 1067 anima
1011 1007 1188 1068 modo
1217 1006 1579 1084 intelligibili
1615 1028 1855 1070 sensum
1899 1010 2064 1090 regni

420 1092 524 1155 Dei
555 1094 874 1174 acceperit,
910 1095 1069 1172 quod
1103 1096 1288 1177 ipsam
1352 1098 1560 1178 tetigit,
1596 1117 1732 1179 spes
1763 1099 1971 1162 salutis
2003 1099 2062 1161 in

414 1182 653 1244 irritum
687 1184 862 1246 cadit.
898 1185 1174 1247 Animam
1201 1205 1379 1267 porro
1410 1187 1470 1248 in
1502 1206 1618 1268 qua
1648 1188 1803 1250 Deus
1834 1197 2063 1269 regnat,

414 1273 718 1348 regnantis
750 1273 1065 1346 beneficia,
1101 1281 1163 1339 et
1219 1276 1568 1338 efﬁcientias
1601 1296 1778 1340 nosse
1808 1288 2064 1360 oportet.

419 1362 536 1426 Ubi
566 1363 724 1424 enim
756 1382 859 1425 rex
892 1383 1153 1445 praesens
1181 1374 1290 1440 est,
1339 1366 1422 1428 ibi
1454 1368 1593 1428 item
1626 1368 1800 1448 regni
1830 1378 1983 1431 notae
2012 1369 2071 1431 et

416 1451 640 1513 indicia
669 1453 844 1533 plane
874 1462 1035 1525 sunt,
1068 1457 1335 1536 aequitas,
1370 1457 1791 1538 mansuetudo,
1823 1458 2064 1533 veritas,

418 1540 742 1616 humilitas,
777 1561 907 1623 quae
966 1543 1125 1605 illam
1185 1544 1342 1624 regis
1393 1545 1790 1609 humilitatem
1824 1548 2062 1624 referat,

417 1629 672 1702 bonitas,
691 1631 943 1711 justitia,
973 1643 1030 1694 et
1050 1633 1210 1694 omni
1237 1634 1447 1710 pietas.
1490 1634 1741 1716 Insuper
1763 1637 2062 1716 patientia,

2150 477 2459 556 fuerimus,
2493 482 2708 558 gratias
2757 484 3063 550 liberatori
3118 477 3459 568 magniﬁcas
3517 477 3780 567 agamus,

2145 572 2421 659 tanquam
2457 589 2558 650 pro
2588 590 2654 633 re
2684 573 2929 653 ingenti,
2956 585 3013 636 et
3033 577 3216 638 cuivis
3240 579 3481 640 omnino
3511 580 3783 659 impossi-

2145 653 2273 719 bili.
2310 656 2559 739 Propter
2586 660 2699 722 hoc
2747 665 3257 728 obsecrationibus
3317 676 3377 729 et
3425 653 3697 748 jejuniis,
3729 677 3788 731 et

2147 751 2508 826 erogatione,
2545 758 2606 812 et
2668 753 3044 827 contritione,
3099 764 3157 818 et
3208 756 3340 818 aliis
3369 757 3790 820 afflictionibus

2148 853 2298 926 opus
2332 845 2441 900 est.
2475 837 2602 901 Non
2635 841 2794 902 enim
2826 843 2972 903 citra
3004 843 3290 920 laborem,
3328 853 3387 908 et
3415 847 3626 908 otiosis
3656 864 3789 926 gra-

2150 925 2293 1017 tuito
2323 927 2431 989 hoc
2454 937 2734 1007 praestare
2765 932 3213 1010 vultChristus;
3254 937 3357 996 sed
3393 925 3701 1017 postquam
3733 935 3790 997 id

2146 1013 2207 1077 in
2244 1014 2627 1078 immersione
2660 1018 2937 1100 baptismi
2993 1022 3313 1102 cujuslibet
3339 1013 3506 1105 fecit,
3542 1013 3792 1087 infantes

2146 1122 2442 1182 magnam,
2496 1108 3057 1190 praecellentemque
3109 1111 3378 1190 gratiam.
3431 1132 3550 1174 non
3586 1123 3792 1194 potue-

2148 1200 2288 1253 runt
2317 1212 2664 1272 agnoscere,
2701 1216 2946 1260 necesse
2977 1199 3089 1259 fuit
3110 1200 3221 1261 hoc
3250 1219 3488 1263 rursum
3511 1221 3618 1283 per
3641 1203 3792 1265 labo-

2154 1298 2278 1343 rem
2311 1283 2559 1363 acquiri,
2585 1283 2799 1347 iterum
2822 1296 3059 1368 accepta
3075 1290 3280 1369 gratia,
3308 1310 3439 1371 quas
3461 1292 3573 1353 hoc
3592 1291 3788 1368 habet,

2155 1379 2217 1433 ut
2246 1373 2397 1453 apud
2434 1374 2731 1436 neminem
2764 1394 2830 1438 se
2868 1377 3235 1454 ignorantem
3270 1391 3610 1459 perseveret
3642 1402 3655 1415 ·
3692 1381 3793 1443 sed

2150 1460 2223 1521 oh
2253 1462 2646 1540 ignorantiam
2682 1465 2840 1527 illam
2866 1467 3079 1531 avolet.
3137 1467 3414 1548 Quisquis
3446 1489 3587 1549 ergo
3619 1471 3789 1534 Chri-

2149 1551 2375 1612 SIianus
2405 1552 2667 1613 nondum
2690 1572 2756 1616 ex
2782 1554 3186 1620 imbecillitate
3219 1558 3289 1619 ad
3322 1559 3657 1621 faciendam
3687 1560 3793 1622 Dei

2150 1645 2507 1703 voluntatem
2539 1660 2646 1721 per
2693 1642 2947 1705 divinam
2993 1644 3209 1707 Christi
3266 1647 3543 1709 virtutem
3575 1651 3795 1710 confir-

419 1719 781 1801 humanitas,
821 1721 1174 1801 compassio,
1207 1722 1446 1785 dilectio
1504 1723 1636 1785 sine
1665 1725 2062 1801 simulatione,
2089 1758 2128 1806 Β
2151 1737 2341 1791 matus
2370 1737 2486 1804 est,
2520 1719 2637 1804 eat,
2669 1750 2737 1792 ac
2757 1750 2863 1811 per
2887 1735 3087 1803 ﬁdem.
3116 1742 3172 1795 et
3202 1734 3643 1815 impositionem
3677 1757 3795 1799 ma-

421 1807 860 1886 longanimitas,
896 1811 1231 1885 tolerantia,
1292 1814 1665 1875 sustinentia.
1724 1813 1798 1878 Et
1853 1816 2065 1876 horum
2149 1839 2332 1882 nuum
2391 1807 2869 1901 dispensatorum
2925 1826 3122 1905 gratiae
3195 1807 3583 1888 confirmetur
3637 1828 3795 1909 prius

418 1900 716 1961 contraria
738 1899 916 1997 in_iis,
945 1900 1005 1960 in
1033 1900 1246 1981 quibus
1267 1904 1425 1966 Deus
1446 1921 1563 1997 non
1585 1913 1812 1997 regnat,
1832 1905 2064 1997 perSpi-
2149 1914 2308 1990 (qua:
2338 1899 2522 1989 gratia
2550 1931 2618 1972 ex
2652 1912 2769 1974 ﬁde
2802 1899 3075 1994 donatur,
3139 1934 3257 1974 non
3292 1934 3359 1975 ex
3392 1899 3698 1997 Operibu's)
3732 1926 3795 1978 ut

419 1991 678 2082 Eiuntur,
716 1998 773 2049 et
804 1988 1435 2082 indeqcognoscuntur,
1461 1993 1769 2073 dequibus
1786 1994 2069 2074 praecepit
2149 1988 2362 2060 virtute
2392 2019 2465 2062 ex
2493 2002 2610 2062 alto
2657 2002 2821 2082 prius
2871 1988 3133 2075 indutus,
3195 2003 3275 2063 ita
3328 1988 3569 2065 demum
3619 1988 3793 2067 vitam

420 2076 1254 2164 Dominusﬂexercitibussuis:
1293 2079 1731 2144 Illosiuimicos
1748 2101 1927 2156 meos,
1961 2087 2068 2164 qui
2150 2087 2484 2150 Chri~tiano
2518 2076 2753 2169 dignam
2791 2092 3115 2170 transigere
3148 2092 3329 2171 possit
3364 2113 3377 2153 ;
3435 2112 3513 2154 ne
3546 2095 3736 2155 nudus
3762 2113 3795 2155 a

418 2167 1332 2264 nolueruntmeregnaresuper
1353 2189 1435 2245 se,
1462 2172 1892 2247 adducitehuc,
1909 2184 1961 2236 et
1978 2175 2069 2235 in-
2150 2176 2364 2240 Christi
2396 2167 2905 2258 gratiaiinventus,
2943 2167 3105 2242 citra
3148 2167 3369 2244 Christi
3418 2191 3644 2263 partem
3678 2184 3792 2264 eji-

418 2257 675 2336 terﬁcite
691 2274 893 2318 coram
909 2275 1003 2319 me
1024 2257 1109 2320 67.
1137 2257 1248 2330 Qui
1268 2259 1424 2320 enim
1443 2260 1816 2339 audiverunt,
1834 2263 2065 2326 etdidi-
2149 2267 2363 2329 tiatur:
2404 2257 2530 2330 nec
2561 2269 2717 2329 enim
2749 2279 2971 2330 tantum
3009 2280 3249 2350 propter
3279 2257 3587 2352 peccatum
3621 2257 3791 2335 nce-

421 2355 626 2440 gerunt
664 2346 1065 2440 multifariam,
1103 2367 1209 2429 per
1238 2368 1369 2440 quae
1398 2369 1578 2430 opera
1625 2361 1683 2413 et
1716 2355 1984 2416 maudata
2033 2373 2067 2417 a
2152 2357 2257 2429 dit,
2285 2358 2503 2438 quiilla
2526 2358 2741 2437 potitus
2767 2358 2895 2432 fuit,
2931 2346 3211 2439 quantum
3246 2346 3493 2440 propter
3521 2360 3792 2440 ignoran-

421 2434 654 2499 Christo
688 2455 871 2513 rcgun
905 2439 1188 2499 caelorum
1233 2439 1503 2520 adepturi
1559 2443 1697 2517 sint,
1735 2450 1794 2504 et
1824 2462 1892 2504 ea
1921 2464 2069 2505 con-
2154 2434 2317 2509 tiam:
2345 2446 2489 2508 Nam
2514 2434 2624 2508 hoc
2642 2434 2985 2508 estomnem
3010 2434 3313 2509 homine—tu
3348 2434 3497 2510 velle
3521 2434 3593 2510 ad
3622 2451 3789 2527 agni-

424 2532 812 2604 tempseront,
848 2535 1083 2587 terrena
1116 2545 1183 2588 ac
1208 2531 1532 2606 pereuntia.
1558 2532 2070 2614 temporalemque
2152 2534 2372 2595 tionem
2407 2536 2669 2598 veritatis
2718 2535 2919 2597 venire
2945 2536 3064 2601 69*.
3128 2536 3406 2617 quoniam
3468 2555 3584 2599 non
3633 2539 3787 2599 aliud

420 2613 671 2707 gloriam
698 2613 1099 2707 praeferentes,
1130 2635 1380 2707 prorsus
1410 2620 1877 2699 quamintideles
1901 2613 2063 2684 acer-
2150 2624 2389 2704 quidem
2422 2625 2658 2698 veritas,
2691 2644 2865 2705 quam
2924 2625 3111 2703 gratia
3146 2613 3408 2698 'Christi,
3453 2646 3522 2688 ac
3553 2638 3790 2707 propter

419 2702 555 2764 hius
587 2702 933 2785 punientur,
958 2706 1238 2781 quoniam
1262 2708 1563 2781 Christum
1582 2711 1878 2788 cognitum
1904 2712 2062 2774 reci-
2149 2702 2278 2774 eam
2311 2714 2556 2790 gratiam
2589 2702 2770 2785 venit,
2801 2721 2862 2775 et
2909 2702 3141 2775 occisus
3199 2723 3290 2799 est
3340 2702 3606 2778 Chri~tus
3640 2702 3787 2794 :vqui

425 2811 565 2873 pere
596 2792 936 2856 noluerunt.
990 2792 1134 2855 Nam
1194 2796 1293 2876 qui
1349 2797 1643 2858 recusavit
1698 2799 1838 2860 illud
1891 2818 2061 2880 opus,
2147 2820 2278 2863 cum
2318 2805 2497 2880 Deus,
2532 2802 2819 2864 Dominus
2849 2822 2917 2864 ac
2948 2804 3137 2865 haeres
3184 2796 3481 2865 sitomnis
3509 2792 3787 2865 creaturae

421 2884 593 2963 cujus
624 2900 798 2944 causa
828 2882 1095 2945 Chr-stus
1141 2903 1208 2947 ex
1268 2894 1470 2947 sancta
1531 2886 1771 2967 Virgine
1801 2897 1973 2951 natus
2003 2891 2063 2952 in
2151 2911 2254 2971 per
2282 2892 2474 2972 ipsum
2527 2892 2799 2965 conditae,
2852 2900 3322 2974 potestatemque
3382 2893 3585 2954 habeat
3617 2891 3672 2951 in
3704 2909 3773 2951 ea

421 2973 709 3033 mundum
743 2973 922 3046 venit,
957 2974 1327 3036 manifestum
1363 2984 1451 3037 est
1475 2976 1678 3057 utique
1709 2998 1840 3039 eum
1874 2999 2066 3059 neque
2148 3000 2277 3062 quae
2305 2982 2589 3051 condidit,
2625 3001 2744 3041 non
2775 2993 2972 3042 tamen
3027 2982 3201 3042 habet
3234 2991 3572 3062 potestatem
3603 2980 3781 3057 gratis

420 3062 719 3126 Christum
748 3064 1038 3144 reci-pere,
1069 3065 2062 3148 etiamsieumrecepissevideatur.
2086 3124 2125 3173 Ο
2150 3070 2328 3132 dandi
2360 3072 2511 3132 hanc
2543 3070 2785 3149 gratiam
2820 3069 3161 3131 hominibus
3193 3088 3206 3132 :
3272 3070 3565 3143 Quoniam
3594 3071 3784 3141 iustus

958 3154 1237 3173 .,,..,
1739 3167 1748 3173 _
2165 3161 2335 3173 η,
2533 3160 2756 3173 ,.
3021 3157 3355 3173 .--η,.,

418 3150 531 3224 Qui
560 3161 755 3214 autem
790 3172 926 3215 vere
956 3155 1014 3214 in
1048 3154 1343 3216 Christum
1373 3156 1776 3232 crediderunt,
1813 3150 2125 3239 eumque“
2154 3161 2472 3233 Dominus,
2490 3167 2546 3220 et
2545 3158 3055 3236 justitiasdilexit
3071 3160 3152 3231 70,
3177 3157 3465 3239 Injustum
3496 3155 3785 3238 siquidem

416 3251 800 3322 receperunt:
832 3242 1019 3305 Dedit
1039 3244 1489 3321 eispotealatem
1510 3245 1671 3323 ﬁlios
1697 3246 1812 3308 Dei
1830 3248 2058 3325 ﬁer168.
2149 3257 2294 3320 erat,
2329 3251 2643 3321 volentem,
2681 3255 2743 3308 et
2764 3248 2920 3308 nulla
2942 3249 3312 3328 compulsum
3337 3255 3705 3319 necessitate,
3729 3251 3788 3305 et

419 3329 545 3392 Mox
572 3328 732 3391 enim
768 3342 827 3393 ut
854 3332 1260 3404 crediderunt,
1295 3333 1571 3395 divinitas
1601 3335 1729 3413 ejus
1753 3336 1896 3414 ipsis
1926 3357 2064 3399 cre-
2153 3357 2261 3414 per
2288 3337 2557 3399 dolosum
2591 3337 2963 3398 mendacium
3000 3345 3223 3398 tantum
3260 3355 3330 3397 ea
3359 3345 3568 3417 sponte
3595 3335 3784 3396 nuda—

418 3419 602 3499 ditur,
638 3429 700 3480 ut
730 3421 1228 3500 quemadmodum
1275 3421 1377 3483 ille
1427 3431 1518 3485 est
1574 3425 1731 3486 Deus
1762 3426 1939 3487 homo
1969 3429 2066 3490 hic
2148 3436 2295 3507 tum,
2329 3436 2386 3489 et
2444 3427 2674 3487 scelere
2731 3425 3129 3506 inquinatum,
3191 3426 3319 3486 sine
3382 3444 3593 3504 magna
3644 3425 3696 3485 vi
3726 3424 3783 3487 in

417 3508 522 3592 qui
550 3508 742 3571 credit
769 3510 845 3572 sit
872 3511 1050 3571 homo
1081 3509 1259 3573 Deus.
2147 3516 2479 3578 resistendo
2536 3514 2823 3589 adhibita,
2883 3516 3088 3576 eadem
3148 3533 3353 3576 rursus
3409 3515 3781 3576 circumdari.

1003 3616 1279 3681 ORATIO
1320 3618 1471 3682 XIV,
2146 3603 2374 3666 Idcirco
2408 3612 2467 3665 et
2495 3604 2710 3664 nobilis
2741 3603 2887 3666 facta
2923 3604 3457 3685 estcompensatio,
3485 3603 3635 3665 Deus
3660 3602 3784 3682 ipse

1028 3729 1447 3778 Among-TW.
2146 3702 2315 3755 natus
2346 3694 2549 3771 hamo,
2584 3692 2643 3752 in
2677 3692 3030 3753 sacrificium
3066 3710 3170 3772 pro
3194 3711 3263 3754 ea
3288 3693 3458 3753 datus
3480 3700 3583 3753 est.
3622 3689 3782 3752 Unde

417 3801 617 3880 Quam
641 3813 993 3886 potestatem
1021 3805 1291 3869 Christus
1320 3809 1638 3887 acceperit.
1676 3808 1856 3871 Prius
1884 3810 2058 3870 σὴν-ἰ·
2145 3792 2202 3844 εί
2220 3781 2483 3887 Οιῖνίδιιξε
2505 3782 3166 3887 [ξοείητθευιξΐθείξιξηθξη
3193 3783 3306 3843 ait:
3346 3782 3510 3887 2an
3525 3786 3606 3842 est
3618 3780 3785 3887 .milti

492 3890 573 3948 sli
601 3870 867 3967 g'ratz'am
892 3889 1286 3968 participare,
1320 3870 1505 3968 atque
1533 3891 2063 3973 ila_vitamsecun-
2143 3875 2337 3934 omnis
2352 3872 2614 3973 Ροῑθξίαδ
2638 3874 2701 3973 it?
2724 3875 2899 3973 fw’Q,
2923 3879 2981 3973 ei
3002 3873 3068 3932 ίη
3112 3881 3300 3973 κεῖνα·
3342 3870 3788 3973 Ῑξυηξςδιάφετξ

671 3969 861 4030 Deum
889 3960 1224 4030 ὲοηεεείανί
1254 3960 1552 4047 opm—iere,
1604 3971 1687 4032 De
1712 3978 1970 4048 ρεσεαιο,
2004 3977 2063 4031 ει
2145 3979 2354 4024 omnes
2376 3969 2602 4037 gentes.
2631 3968 2691 4021 et
2718 3960 3124 4040 b'o'ptizateeos
3151 3961 3468 4022 innomine
3487 3960 3790 4035 Patris,et

479 4048 751 4129 justitia.
791 4048 878 4111 De
906 4049 1168 4122 carnali,
1196 4056 1251 4111 et
1276 4049 1605 4128 spirituaii.
1649 4050 1733 4111 De
1766 4056 2060 4114 virtutum
2146 4051 2316 4121 Filii,
2344 4050 2682 4128 etSpirt'tus
2696 4051 2910 4129 sancti,
2935 4049 3199 4110 docentes
3216 4067 3315 4111 eos
3329 4065 3567 4111 servare
3594 4048 3793 4111 omnia

497 4128 716 4208 capite,
750 4136 807 4190 et
832 4129 1101 4206 pedibus.

2148 4157 2516 4219 quacunque
2536 4128 3006 4201 mandavivoms
3026 4139 3103 4196 71.
3141 4138 3291 4200 Hinc
3324 4147 3381 4200 et
3410 4156 3629 4199 nomen
3657 4139 3788 4217 ejus

495 4220 664 4302 Apud
681 4221 1252 4301 Davidemlegimus:
1273 4224 1426 4297 Quis
1446 4230 1535 4285 est
1559 4222 1729 4284 homo
1749 4225 1861 4303 qui
1880 4225 2060 4298 vivet,
2147 4230 2407 4308 estapud
2434 4228 2642 4289 Isaiam
2666 4229 2723 4276 ’ἵε
2769 4228 3131 4307 ἐξουσιαστὴς,
3165 4236 3513 4309 potestatem
3548 4227 3790 4296 habens,

415 4318 473 4373 et
493 4328 613 4373 non
635 4312 863 4373 videbit
889 4322 1160 4386 mortem,
1190 4320 1250 4372 et
1281 4320 1453 4374 eruet
1483 4315 1765 4375 animum
1793 4332 1969 4375 suam
1991 4314 2065 4377 de
2086 4365 2128 4413 Β
2150 4338 2265 4378 non
2324 4327 2388 4379 ut
2418 4318 2550 4397 Dei,
2580 4317 2684 4379 sed
2749 4326 2813 4378 ut
2865 4318 3214 4413 Beatpliptbnoo,
3277 4316 3382 4378 Dei
3416 4315 3787 4413 et‘hominis.

416 4417 602 4461 manu
623 4399 917 4478 inferi69.
944 4400 1005 4464 Si
1027 4401 1206 4481 igitur
1226 4401 1381 4463 istud
1404 4401 1589 4463 cuivis
1618 4410 1678 4463 et
1699 4402 1916 4482 ubique
1948 4403 2063 4463 im-
2086 4399 2126 4413 ”
2148 4406 2377 4469 Etenim
2413 4416 2475 4468 ut
2500 4407 2676 4468 Deus.
2712 4405 3009 4487 quomodo
3042 4424 3274 4477 eorum,
3308 4425 3439 4487 quae
3470 4405 3793 4467 fabricatus

418 4487 723 4569 possibile,
748 4489 858 4551 soli
880 4497 1073 4551 autem
1095 4490 1325 4553 Christo
1353 4490 1634 4570 possibile
1656 4500 1764 4565 est,
1800 4493 1876 4554 ob
1905 4493 2061 4573 quod
2148 4505 2261 4571 est,
2312 4515 2429 4556 non
2463 4495 2713 4557 habebat
2752 4494 3146 4575 potestatem?
3175 4495 3291 4556 Sed
3323 4504 3389 4556 ut
3418 4494 3629 4575 homo,
3663 4512 3794 4555 cum

415 4576 596 4640 etiam
630 4581 689 4639 in
721 4586 912 4640 terras
959 4579 1139 4654 venit,
1194 4580 1251 4641 id
1312 4589 1422 4660 est,
1480 4581 1638 4640 Deus
1668 4581 1846 4642 homo
1876 4580 2064 4643 factus
2146 4584 2540 4664 sevolenspro
2562 4584 2974 4663 redemptione
2997 4584 3056 4644 in
3081 4581 3793 4656 sacrificiumobtulisset,

418 4674 532 4744 est,
566 4686 742 4730 nemo
773 4680 1015 4750 propter
1070 4668 1229 4730 aliud
1287 4668 1614 4750 quippiam,
1677 4669 1791 4731 nisi
1822 4680 2065 4750 propter
2146 4672 2220 4735 ab
2248 4672 2374 4754 ipsa
2408 4683 2614 4734 natura
2644 4672 2841 4752 operis
2874 4672 3029 4750 quod
3063 4672 3402 4753 peragebat,
3439 4679 3794 4751 potestatem

416 4757 528 4818 hoc
559 4757 750 4819 solum
783 4758 899 4819 vim
929 4758 1163 4833 inferat,
1199 4758 1256 4819 id
1290 4768 1400 4829 est,
1437 4767 1503 4821 ut
1530 4757 1821 4819 volentem
1852 4779 2060 4823 omnes
2145 4762 2394 4841 accepit.
2427 4759 2492 4823 Si
2521 4760 2679 4821 enim
2729 4763 2886 4824 Deus
2933 4760 2995 4822 in
3048 4761 3306 4841 pretium
3363 4758 3799 4840 redemptionis

416 4846 692 4919 liberare,
758 4855 925 4924 cogat
981 4855 1040 4908 et
1119 4860 1426 4925 cogentem
1486 4847 1763 4909 liberare.
1824 4846 2061 4927 Cogitur
2147 4850 2454 4931 impensus
2485 4859 2595 4924 est,
2631 4856 2788 4929 patet
2821 4869 2937 4911 non
2995 4849 3180 4912 fuisse
3212 4850 3394 4911 ullum
3427 4849 3656 4912 donum
3688 4848 3799 4909 isto

415 4936 634 5017 quippe
665 4954 764 4999 rex
796 4935 990 5014 Jesus,
1025 4935 1228 4999 volens
1258 4937 1370 4998 hoc
1399 4955 1518 4997 non
1543 4945 1783 5016 propter
1812 4953 1875 4999 se
1909 4956 1923 4997 :
1958 4938 2059 4999 sed
2147 4938 2546 5019 prastantius,
2579 4939 2735 5019 quod
2769 4939 2838 4999 ad
2898 4938 3368 5000 oblitterandum
3398 4936 3607 4999 Adami
3641 4936 3799 4998 deli-

415 5025 553 5106 quia
604 5043 702 5088 res
751 5025 937 5087 ardua
993 5036 1107 5099 est,
1190 5043 1297 5086 nos
1354 5023 1805 5104 magnitutinem
1861 5025 2065 5087 salutis
2146 5037 2303 5088 ctum
2335 5026 2633 5088 Divinitati
2670 5026 3009 5089 otl‘erretur.
3070 5026 3292 5108 Lapsus
3321 5025 3482 5088 enim
3512 5024 3798 5100 Adamus,

412 5114 778 5194 ignoramus,
812 5114 995 5176 vulta
1025 5114 1198 5175 nobis
1228 5114 1382 5195 cogi,
1443 5124 1503 5176 et
1531 5113 1645 5174 vim
1680 5130 1831 5195 pene
1863 5125 2061 5195 tyran-
2145 5114 2502 5193 intelligibili
2533 5114 2635 5177 Dei
2669 5115 2854 5193 gratia
2883 5135 2998 5196 qua
3053 5115 3385 5188 fruebatus,
3443 5122 3658 5176 exutus
3686 5122 3799 5187 est,

415 5203 610 5267 nicam
641 5205 965 5281 sustinere,
986 5211 1048 5265 ut
1082 5204 1292 5280 partim
1328 5203 1568 5285 quidem
1601 5222 1668 5264 ex
1701 5204 1775 5264 iis
1805 5222 1934 5284 quas
1966 5223 2062 5284 pa-
2145 5223 2321 5284 quam
2355 5224 2514 5265 nunc
2536 5204 2777 5266 salutari
2818 5205 3096 5284 perfusus
3126 5204 3288 5265 unda
3313 5204 3561 5285 quilibet
3592 5221 3802 5265 rursus

414 5294 617 5366 timur,
641 5311 674 5354 a
700 5303 939 5374 peccato
952 5291 1606 5373 gravitercircumsessi
1626 5313 1641 5368 ;
1659 5292 2061 5373 intelligamus
2143 5293 2355 5355 induit.
2378 5294 2523 5354 Nam
2562 5294 2907 5374 quicunque
2936 5299 3003 5355 in
3036 5293 3604 5374 Christobuptizati
3631 5300 3801 5366 sunt,

411 5381 474 5443 in
505 5382 740 5465 qualem
773 5382 1191 5446 necessitatem
1249 5400 1370 5445 non
1425 5391 1639 5464 sponte
1670 5384 2007 5444 venerimus
2042 5403 2056 5441 :
2145 5382 2452 5446 Christum
2484 5383 2817 5445 induerunt
2842 5383 2925 5443 73.

488 5573 554 5624 65
575 5573 778 5651 Matth.
801 5589 884 5650 vr,
910 5572 1005 5647 10,
1089 5570 1156 5621 66
1177 5571 1382 5651 Matth.
1407 5588 1469 5647 x,
1493 5573 1547 5634 7.
1629 5570 1693 5622 67
1712 5570 1854 5634 Luc.
1880 5588 2004 5647 xu,
2022 5571 2124 5634 97.
2206 5569 2272 5621 68
2294 5571 2466 5632 Joan.
2494 5588 2533 5645 ι,
2558 5570 2685 5651 12η
2727 5568 2793 5651 69
2810 5569 2966 5633 Psal.
2988 5585 3112 5651 cxx
3130 5585 3296 5651 xvm,
3320 5569 3422 5631 49.
3492 5566 3578 5619 69'
3600 5565 3627 5630 Ι
3646 5567 3799 5631 Tim.

410 5669 477 5729 tt,
510 5655 568 5718 4.
654 5651 717 5702 70
745 5649 896 5715 Psal.
930 5668 993 5733 χ,
1026 5652 1085 5714 8.
1169 5651 1223 5700 Ἡ
1259 5649 1458 5715 Matth.
1493 5670 1696 5730 xxvm,
1734 5652 1832 5730 18,
1872 5653 1967 5717 t9.
2054 5652 2114 5701 79
2144 5653 2376 5726 Isa..tx,
2410 5652 2469 5710 6.
2560 5650 2624 5701 73
2654 5650 2845 5715 Galat.
2878 5666 2964 5729 III,
2998 5649 3102 5713 27.
