4112 6106
366 308 475 376 381
1804 316 2087 381 ORATIO
2124 314 2286 384 XIV.
3614 320 3734 390 381

438 447 645 532 Itaque
675 450 933 514 humana
958 467 1088 531 quae
1143 446 1500 539 sentiuntur,
1531 453 1995 530 cernunturque,
2020 449 2343 515 Abreviter
2388 451 2606 529 dicam,
2651 454 2867 518 frustra
2922 455 3243 521 Christiani
3300 475 3521 521 nomen
3550 457 3729 539 gerit,
3809 491 3815 495 ~

360 538 754 602 humanorum
800 561 932 623 quae
977 549 1200 604 tantum
1261 538 1691 617 intelliguntur,
1751 558 1863 601 nec
1891 538 2000 601 sub
2084 540 2272 620 quiin
2298 541 2601 621 agnitione
2626 546 2766 606 .lesu
2823 546 3305 609 communionem
3337 566 3471 610 cum
3506 566 3576 610 eo
3609 538 3729 609 non

357 632 559 692 oculos
587 633 849 714 veniunt,
882 632 1083 693 formai
1115 635 1172 690 et
1221 627 1508 705 imagines
1539 628 1803 708 quaedam
1838 636 1995 690 sunt.

357 717 629 795 Exempli
661 739 860 790 causa,
891 722 1068 783 homo
1093 717 1354 780 nascitur
1373 715 1768 797 nudus,!puer
1786 716 1999 798 infans,

356 808 459 888 qui
506 811 672 873 nulla
720 829 787 872 re
835 817 1026 873 semet
1067 809 1278 889 juvare
1308 813 1523 886 potest,
1560 805 1820 885 quandiu
1850 805 2002 867 lacte

360 906 621 961 materno
638 900 837 980 alitur,
861 911 932 961 ab
960 917 1029 961 ea
1043 898 1167 959 sola
1188 904 1469 957 curatur:
1509 901 1599 955 ast
1640 893 1741 955 ubi
1771 893 2001 957 ratione

348 983 470 1064 jam
520 987 629 1063 uti,
665 996 721 1050 et
752 987 1000 1065 institui,
1034 1005 1100 1048 ac
1132 987 1421 1067 proﬁcere
1451 983 1720 1063 coeperit,
1755 991 1819 1042 ut
1848 982 1998 1044 sibi-

351 1082 473 1135 met
501 1094 678 1157 opem
713 1077 870 1139 ferre
902 1086 1106 1157 queat,
1140 1084 1260 1136 tum
1316 1071 1595 1134 nimirum
1645 1089 1911 1153 quaerere
1943 1080 2001 1134 et

347 1180 559 1243 rogare
584 1176 800 1246 potest.
823 1167 951 1228 Pari
978 1165 1155 1227 modo
1190 1163 1385 1225 anima
1410 1161 1573 1223 omni
1607 1160 1815 1221 virtute
1844 1160 2003 1222 nuda

349 1264 588 1315 creatur
621 1276 635 1315 :
671 1274 924 1336 cumque
954 1256 1022 1316 ad
1086 1251 1599 1332 regenerationem
1656 1253 1996 1322 accesserit,

348 1342 650 1405 Christum
674 1345 887 1413 induit,
911 1363 943 1404 a
965 1343 1196 1406 Christo
1230 1341 1511 1414 nutritur,
1538 1339 1997 1428 eruditur,quaa-_

344 1449 482 1493 rere
517 1443 570 1493 et
604 1452 812 1513 rogare
841 1433 1039 1496 discit.
1105 1430 1334 1493 Exinde
1395 1429 1507 1489 nisi
1539 1436 1725 1504 roget.
1764 1428 1909 1489 nihil
1941 1436 1999 1488 el

344 1517 615 1583 Christus
646 1523 911 1603 largitur.
948 1520 1202 1600 Rogabit
1229 1538 1369 1581 vero
1404 1516 1825 1580 conducibilia.
1859 1515 1993 1577 Pri-

346 1627 505 1669 mum
540 1612 780 1688 quidem
839 1612 1064 1683 lumen,
1128 1619 1190 1671 ut
1243 1609 1460 1669 videat.
1522 1605 1761 1669 Videbit
1790 1614 1989 1666 autem

343 1717 585 1761 omnem
608 1701 669 1762 in
696 1702 894 1780 seipsa
910 1701 1234 1774 miseriam,
1256 1697 1534 1776 illicoque
1556 1693 1986 1793 burndiabitur,
2014 1745 2051 1793 Β

2084 629 2279 692 habet.
2316 631 2477 694 Talis
2506 651 2684 714 porro
2718 653 2785 694 ex
2818 635 3179 697 conﬁdentia
3209 644 3267 698 et
3321 634 3567 699 audacia
3615 636 3726 698 ad—

2082 737 2288 781 versus
2317 721 2513 783 divina
2543 732 2602 783 et
2632 741 2824 799 sacra,
2858 742 2928 785 ex
2983 724 3273 788 iracundo
3303 735 3361 787 et
3390 725 3722 806 praefracto,

2082 810 2499 891 arrogantique
2556 811 2756 872 animo
2791 829 2807 888 ;
2840 814 3136 892 quomodo
3187 815 3341 878 alius
3396 822 3602 876 contra
3656 833 3724 875 ex

2081 900 2415 960 reverentia
2445 907 2501 961 et
2530 900 2746 981 pietate
2792 921 2931 979 erga
2987 921 3086 964 res
3136 904 3365 966 divinas
3413 910 3472 964 et
3500 920 3722 978 sacras,

2081 985 2222 1047 item
2254 1006 2322 1049 ex
2358 1007 2588 1051 summa
2617 1010 2851 1052 morum
2910 993 3217 1069 suavitate,
3273 1002 3332 1054 et
3359 992 3543 1055 animi
3573 991 3720 1054 sub-

2082 1077 2365 1141 missione
2393 1081 2788 1159 cognoscitur.
2821 1080 2966 1143 Nam
3006 1095 3071 1146 ut
3111 1084 3213 1144 ille
3245 1084 3455 1163 nescit,
3491 1082 3578 1145 sic
3607 1084 3724 1143 iste

2080 1166 2259 1237 novit,
2296 1167 2444 1229 nihil
2488 1187 2554 1231 se
2602 1170 2813 1231 fecisse
2870 1171 3190 1246 laudabile,
3224 1171 3342 1235 nisi
3365 1170 3426 1233 in
3456 1189 3724 1231 commu-

2082 1253 2264 1316 nione
2294 1256 2434 1318 boni
2462 1260 2624 1334 Jesu,
2660 1259 2760 1340 qui
2814 1279 3003 1341 usque
3033 1280 3103 1323 eo
3134 1280 3197 1322 se
3230 1261 3399 1322 nobis
3427 1268 3720 1339 attempe-

2081 1343 2248 1415 ravit,
2283 1353 2347 1407 ut
2389 1346 2638 1408 formam
2668 1357 2843 1429 atque
2900 1351 3290 1412 substantiam
3323 1348 3509 1412 nostri
3545 1347 3717 1410 simi-

2082 1432 2202 1495 lem
2224 1433 2283 1494 in
2306 1454 2372 1497 se
2401 1446 2761 1519 capesseret,
2789 1446 2849 1499 ut
2877 1457 2982 1520 per
3011 1442 3424 1520 cognationem
3456 1457 3721 1501 commu-

2076 1523 2436 1606 nionemque
2467 1546 2601 1587 cum
2620 1547 2714 1604 eo,
2736 1527 2866 1589 vita
2888 1530 3178 1592 rationem
3205 1528 3431 1592 homini
3462 1547 3716 1609 respon-

2075 1610 2319 1673 dentem
2351 1614 2744 1687 inveniamus,
2802 1650 2807 1653 λ

2155 1699 2299 1762 Sunt
2332 1722 2468 1765 vero
2489 1706 2587 1785 qui
2606 1705 2665 1766 in
2690 1706 2863 1767 terris
2883 1708 3058 1769 etiam
3082 1717 3139 1769 et
3180 1708 3239 1768 in
3288 1724 3501 1788 copore
3529 1723 3713 1785 ange-

344 1789 733 1877 ethumiliata
765 1797 1159 1869 mansuescet,
1194 1786 1590 1877 mansuefacta
1614 1784 1734 1877 vias
1754 1782 1986 1845 Domini
2014 1782 2050 1793 “’
2074 1788 2219 1850 licos
2250 1811 2445 1854 mores
2473 1782 2845 1869 aemulantur,
2899 1815 3032 1858 cum
3094 1797 3327 1877 penitus
3358 1782 3476 1859 tota
3503 1782 3717 1857 animai

343 1895 375 1938 a
394 1876 649 1938 Domino
674 1880 914 1959 mystice
937 1877 1271 1939 docebitur:
1326 1874 1451 1951 Qui
1470 1877 1642 1937 mites
1664 1874 1831 1935 docet
1858 1882 1992 1934 vias

340 1983 484 2028 suas
500 1967 585 2028 74.
613 1966 767 2029 Sane
788 1967 889 2048 qui
913 1968 1073 2047 prius
1110 1964 1354 2045 gratiam
1379 1963 1598 2025 Christi
1624 1981 1737 2022 non
1770 1961 1986 2034 induit,

340 2065 519 2136 atque
552 2058 632 2118 ita
690 2057 759 2117 ad
820 2058 1026 2137 vitam,
1092 2073 1406 2135 moresque
1465 2053 1827 2116 Christianos
1858 2069 1989 2112 sese

340 2145 462 2220 dat,
497 2165 742 2227 operam
775 2146 992 2226 perdit.
1018 2144 1398 2223 Quaecunque
1416 2142 1574 2203 enim
1607 2140 1757 2201 mala
1780 2148 1986 2220 pertu-

338 2233 501 2308 lerit,
535 2243 636 2295 aut
666 2233 819 2294 bona
849 2234 1059 2313 egerit,
1122 2231 1383 2293 nondum
1418 2228 1635 2292 Christi
1667 2228 1850 2308 gratia
1879 2245 1984 2288 ve-

338 2322 531 2397 stitus,
555 2323 774 2384 nullam
791 2323 931 2383 inde
957 2322 1269 2383 utilitatem
1292 2318 1644 2399 reportabit,
1661 2317 1907 2398 perinde
1923 2325 1986 2377 ut

334 2410 529 2474 Judaei
576 2419 633 2473 et
679 2411 896 2473 ethnici
929 2411 1086 2473 Deus
1130 2410 1460 2471 nescientes
1493 2426 1507 2470 :
1544 2407 1834 2487 siquidem
1866 2426 1983 2467 non

338 2510 428 2562 est
460 2500 520 2560 in
558 2502 705 2562 orbe
737 2511 1029 2562 terrarum
1086 2501 1396 2581 quisquam
1429 2497 1576 2559 adeo
1608 2495 1850 2576 impius,
1884 2495 1986 2577 qui

334 2608 642 2671 nunquam
672 2590 893 2671 aliquid
920 2608 1053 2651 cum
1101 2590 1314 2650 virtute
1352 2587 1731 2667 conjunctum
1767 2593 1992 2646 naturae

333 2679 572 2740 hortatu
587 2679 875 2741 effecerit.
904 2679 1074 2741 Prius
1098 2679 1275 2757 igitur
1295 2676 1796 2740 contendendum,
1826 2674 1988 2751 quod

333 2787 514 2849 supra
545 2769 883 2838 docuimUs,
917 2777 983 2828 ut
1014 2786 1120 2848 per
1169 2767 1369 2838 ﬁdem,
1420 2785 1526 2845 per
1556 2764 1981 2844 paenitentiam,

331 2876 441 2938 per
472 2857 915 2938 impositionem
950 2876 1188 2918 manum
1224 2854 1548 2937 presbyteri
1577 2853 1820 2931 gratiam
1851 2853 1979 2913 adi-

328 2947 598 3024 spiscare
633 2965 647 3009 :
682 2946 811 3007 sine
842 2945 1057 3026 quibus
1087 2947 1157 3007 ad
1193 2964 1322 3016 eos,
1357 2944 1457 3024 qui
1488 2943 1677 3023 ipsam
1715 2950 1843 3021 post
1869 2941 1980 3003 ba-

2074 1888 2133 1939 et
2160 1882 2428 1960 corporis
2462 1892 2667 1944 natura
2692 1882 2869 1946 Jesus
2926 1885 3383 1947 communicanti
3436 1884 3548 1946 sibi
3576 1902 3716 1964 per.

2073 1967 2284 2031 mistus
2314 1969 2510 2047 fuerit,
2545 1983 2761 2034 etcum
2788 1992 2859 2035 eo
2890 1993 3071 2035 unum
3106 1977 3379 2049 evaserit,
3405 1982 3469 2035 ut
3496 1974 3712 2053 hujus-

2072 2057 2231 2118 modi
2254 2059 2429 2121 homo
2461 2062 2644 2142 possit
2668 2081 2957 2144 usurpare
2979 2063 3159 2125 illud:
3194 2063 3337 2127 Vivo
3366 2071 3567 2125 autem
3580 2064 3712 2141 jam

2070 2163 2191 2208 non
2215 2165 2343 2229 ego,
2368 2151 2514 2212 vivit
2542 2169 2681 2213 vero
2702 2152 2767 2212 in
2799 2169 2898 2213 me
2928 2151 3205 2214 Christus
3227 2152 3308 2212 76.
3338 2156 3460 2212 Duo
3496 2152 3718 2231 quippe

2069 2245 2206 2296 sunt
2227 2236 2372 2298 citra
2395 2239 2801 2301 confusionem
2828 2241 2994 2302 unita
3019 2257 3032 2303 :
3078 2241 3497 2321 disjunguntur
3521 2248 3715 2300 autem

2068 2324 2403 2409 aliquando,
2438 2328 2617 2409 idque
2647 2332 2707 2391 in
2739 2330 2910 2391 nobis
2940 2329 3104 2409 ipsis,
3140 2340 3197 2392 et
3252 2350 3321 2393 ea
3357 2330 3615 2392 carnalia
3645 2347 3714 2389 ac

2069 2405 2393 2484 spiritualia
2423 2405 2703 2471 dicuntur
2729 2428 2743 2473 :
2771 2405 3172 2491 quandoidem
3205 2412 3381 2473 homo
3408 2409 3711 2471 interdum

2067 2495 2346 2569 carnalia,
2408 2497 2708 2560 interdum
2797 2499 3125 2579 spiritualia
3164 2564 3167 2565 ν
3210 2500 3378 2580 sapit.
3438 2498 3547 2572 Qui
3608 2497 3714 2576 igi-

2076 2589 2169 2643 tur
2200 2585 2528 2665 spiritualia
2555 2588 2729 2668 sapit,
2790 2597 2847 2648 et
2884 2590 3022 2667 agit,
3059 2588 3250 2650 ﬁdelis
3281 2597 3394 2661 est,
3429 2596 3488 2649 et
3516 2585 3714 2647 nomi-

2073 2681 2274 2736 natur:
2298 2674 2862 2757 nisieniminseipso
2883 2678 3129 2757 gratiam
3161 2674 3519 2739 sanctissimi
3534 2673 3716 2756 Spiri-

2071 2770 2163 2821 tus
2181 2763 2449 2838 haberet,
2477 2765 2589 2826 sibi
2608 2767 2916 2838 creditam,
2933 2767 3341 2847 spiritualibus
3363 2785 3475 2825 non
3502 2765 3713 2843 funge~

2066 2859 2251 2911 retur.
2276 2851 2384 2923 Qui
2405 2861 2596 2914 autem
2623 2874 2755 2935 qua;
2776 2856 2937 2916 carni
2972 2856 3170 2916 afﬁnia
3195 2864 3331 2917 sunt
3360 2869 3419 2917 et
3451 2852 3623 2933 sapit,
3652 2860 3711 2913 et

2063 2938 2199 3013 agit,
2226 2940 2507 3017 inﬁdelis,
2535 2951 2593 3004 et
2615 2944 2835 3006 nullius
2859 2944 3035 3025 pretii
3057 2956 3167 3008 est.
3194 2944 3359 3018 Quod
3388 2944 3500 3005 nisi
3525 2945 3602 3003 ita
3625 2959 3715 3003 es-

328 3035 618 3116 ptisrnum
672 3025 1020 3109 amiseiunt,
1056 3054 1173 3096 non
1208 3034 1491 3096 reveniat.
1528 3032 1692 3105 Quod
1726 3031 1775 3092 si
1804 3034 1977 3092 etiam
1998 3068 2036 3118 ο
2064 3036 2173 3121 set,
2199 3050 2492 3111 nunquam
2514 3034 3453 3113 vacuusgrettiaCbristietdiaboli
3476 3025 3710 3121 patiens

326 3123 483 3185 citra
512 3142 793 3185 manuum
817 3124 1334 3204 impositionemin
1360 3122 1587 3203 aliquos
1607 3120 1975 3193 venit,certe
2062 3118 2364 3190 incursus,
2418 3123 2676 3182 carnalia
2734 3131 3125 3202 operaretur:
3188 3123 3328 3203 quia
3380 3121 3576 3183 omnis
3607 3118 3712 3197 qui

324 3231 536 3275 eorum
571 3212 816 3291 exiguus
841 3220 929 3273 est
952 3231 1256 3285 numerus,
1282 3212 1398 3272 duo
1438 3221 1531 3272 aut
1560 3219 1677 3270 tres
1711 3210 1967 3277 fortisan,

321 3313 388 3364 et
416 3302 630 3363 raritas
668 3303 853 3381 legem
888 3301 1167 3363 Ecclesia:
1198 3320 1315 3362 non
1378 3300 1619 3380 praeﬁgit
1680 3298 1801 3359 Nec
1831 3316 1973 3378 pec-

320 3393 732 3472 casseitaque,
756 3410 865 3452 nec
881 3409 1130 3471 peccare
1147 3399 1448 3470 peccatum
1466 3400 1574 3451 est:
1596 3389 1983 3469 quemadmo-

319 3481 468 3541 dum
494 3499 608 3540 nec
627 3498 783 3541 czeco
806 3490 906 3540 aut
921 3479 1239 3542 offendisse
1259 3479 1464 3559 pedem
1479 3476 1857 3548 ambulando,
1880 3483 1978 3536 aut

320 3569 637 3631 offendere
653 3569 885 3629 caecitas
898 3577 1004 3635 est,
1018 3586 1126 3629 uec
1137 3577 1354 3646 aegroto
1371 3566 1610 3627 morbus
1621 3565 1738 3626 cibi
1752 3574 1975 3625 stoma-

316 3657 437 3718 cho
451 3657 727 3717 nocentis
747 3657 1028 3736 appetitio
1047 3656 1152 3716 sed
1187 3674 1300 3715 non
1341 3655 1695 3734 participare
1718 3653 1974 3715 divinam

320 3756 607 3807 naturam
636 3744 789 3824 ejus,
814 3744 913 3825 qui
933 3763 1038 3825 pro
1062 3743 1308 3805 nobisin
1332 3762 1504 3805 cruce
1518 3742 1799 3824 pependit
1824 3744 1981 3805 Deus

318 3833 503 3898 Iesus
525 3832 816 3907 Christus,
834 3835 943 3895 hoc
963 3845 1272 3912 peccatum
1289 3841 1401 3896 est.
1426 3832 1530 3893 Est
1554 3833 1710 3893 enim
1736 3832 1981 3893 nimium

322 3930 617 4004 quantum
647 3921 913 3996 difﬁcile,
948 3931 1123 4003 atque
1153 3922 1298 3983 adeo
1331 3920 1729 4001 impossibile,
1767 3931 1833 3980 ut
1867 3938 1980 3980 non

323 4018 562 4092 peccet,
596 4010 697 4091 qui
727 4030 861 4071 cum
893 4013 1032 4072 Jesu
1094 4010 1575 4072 communionem
1633 4030 1752 4071 non
1783 4011 1976 4074 habet.

321 4104 468 4166 Haec
493 4100 670 4163 etiam
691 4099 921 4177 justitia
943 4109 1056 4175 est,
1083 4100 1438 4181 participare
1461 4108 1519 4159 et
1539 4102 1982 4163 communicare

321 4210 461 4253 cum
485 4189 648 4253 Jesu.
676 4188 820 4251 Cum
841 4192 952 4253 hoc
969 4190 1069 4262 qui
1094 4209 1210 4251 non
1234 4191 1654 4263 communicat,
1679 4210 1975 4271 nunquam

321 4297 355 4341 a
382 4287 632 4361 pecctto
662 4279 1062 4340 mundabitur.
1088 4278 1563 4341 Communicanti
1612 4287 1808 4342 autem
1842 4300 1975 4342 cum

2054 3206 2187 3268 facit
2226 3209 2468 3290 malum,
2503 3229 2571 3271 ex
2601 3211 2857 3290 maligno
2888 3220 2981 3274 est
3009 3213 3094 3274 77.
3152 3212 3379 3274 Idcirco
3410 3211 3511 3292 qui
3545 3210 3698 3271 male

2058 3307 2260 3374 agunt,
2297 3316 2399 3359 eos
2430 3309 2658 3360 certum
2691 3311 2779 3361 est
2832 3320 2864 3361 a
2894 3302 3265 3363 dremonibus
3298 3300 3553 3380 impelli,
3596 3300 3707 3361 ha-

2067 3383 2274 3447 bentes
2308 3389 2583 3468 nequitiae
2616 3390 2969 3471 principem,
3023 3392 3123 3472 qui
3170 3390 3230 3452 in
3263 3389 3408 3471 ipsis
3441 3389 3708 3451 habitare

2066 3475 2461 3553 cognoscitur.
2492 3479 2724 3539 Etenim
2749 3479 2993 3559 spiritus
3009 3498 3262 3561 nequam
3288 3499 3337 3541 et
3371 3478 3709 3555 intelligen-

2066 3563 2162 3624 tiae
2193 3577 2371 3627 notus
2431 3575 2540 3647 est,
2603 3569 2701 3648 qui
2759 3569 3055 3645 inﬁdeles,
3117 3584 3175 3632 et
3229 3569 3490 3630 adivina
3526 3567 3709 3647 gratia

2064 3652 2330 3717 desertos
2358 3656 2742 3735 spiritualiter
2769 3652 2947 3722 afﬁat.
2986 3657 3273 3730 Quocirca
3305 3658 3531 3718 ratione
3557 3674 3706 3735 prae-

2067 3741 2196 3816 diti,
2235 3756 2293 3804 et
2325 3744 2510 3806 libera
2554 3748 2851 3808 voluntate
2896 3747 3288 3818 euhonestati,
3325 3748 3482 3806 velut
3511 3744 3704 3806 alieno

2065 3831 2315 3894 arbitrio
2345 3836 2596 3915 subjecti
2643 3846 2971 3899 cernuntur
3015 3837 3164 3915 regi,
3226 3835 3467 3897 sibimet
3496 3834 3702 3912 ignoti,

2064 3930 2120 3983 et
2154 3924 2464 4002 opinantes
2494 3946 2560 3986 ex
2596 3926 2697 3987 illa
2727 3947 2833 3989 sua
2866 3927 3134 3988 libertate
3191 3925 3408 3985 malum
3440 3943 3504 3985 se
3534 3941 3701 3984 com-

2065 4020 2323 4075 mittere.
2360 4015 2542 4087 Quam
2577 4015 2915 4097 opinionem
2978 4034 3254 4095 magnum
3286 4012 3469 4074 robur
3496 4011 3698 4074 archi-

2064 4101 2203 4161 tecti
2225 4101 2623 4181 improbitatis
2640 4124 2770 4166 esse.
2818 4104 3120 4166 novimus:
3154 4104 3325 4183 cujus
3369 4120 3545 4162 omne
3576 4108 3703 4162 stu-

2062 4188 2224 4249 dium
2258 4190 2317 4250 in
2345 4192 2400 4252 id
2435 4194 2823 4274 impenditur,
2860 4205 2921 4256 ut
2953 4212 3023 4255 eo
3052 4192 3378 4264 annitente,
3414 4190 3471 4252 in
3505 4189 3576 4251 iis
3605 4189 3704 4271 qui

2062 4279 2637 4365 malum'operautur,
2654 4290 2967 4364 operantes
2979 4301 3042 4343 se
3055 4283 3110 4343 id
3128 4281 3324 4343 facere
3337 4280 3697 4341 existiment.

324 4359 399 4431 eo
421 4359 739 4450 peccatum
771 4387 887 4428 non
947 4367 1373 4430 dominabitur.
1439 4366 1503 4428 Iu
1536 4367 1663 4447 ipso
1696 4372 1852 4430 enim
1886 4368 1973 4430 vi-
1996 4390 2040 4440 ι)
2140 4367 2288 4441 Quid
2315 4359 2541 4450 igitur?
2562 4359 2718 4434 dicet
2740 4374 3056 4454 quispiam,
3083 4369 3502 4452 periitarbitrii
3527 4368 3705 4431 liber-

323 4466 494 4534 vunt,
529 4464 840 4517 moventur
896 4465 951 4517 el
1004 4465 1142 4518 sunt
1198 4455 1515 4518 Christiani
1560 4458 1642 4520 75.
1702 4457 1892 4539 Atque
1924 4468 1987 4522 ut

2070 4465 2154 4519 tas
2175 4459 2258 4539 (5)
2282 4458 2305 4521 ?
2326 4459 2500 4537 Sane,
2530 4470 2588 4522 at
2614 4481 2730 4524 non
2756 4470 2894 4523 tote.
2925 4462 3227 4525 Remansit
3249 4461 3409 4523 enim
3434 4460 3490 4521 in
3528 4459 3701 4522 nobis

399 4647 472 4697 ’⁷4
510 4647 666 4711 Psal.
698 4661 863 4720 xxxv,
893 4649 954 4708 9.
1042 4645 1107 4696 '75
1136 4648 1268 4707 Act.
1300 4661 1422 4707 xvu
1479 4645 1578 4709 98.
1665 4645 1729 4696 76
1756 4644 1941 4710 Galat.
1978 4657 2042 4725 it,
2077 4648 2174 4714 20.
2260 4647 2322 4697 77
2351 4649 2371 4708 l
2399 4645 2572 4710 Joan.
2606 4666 2693 4727 tu,
2721 4652 2778 4716 8.

401 4823 492 4907 (5)
524 4822 736 4907 “Locus
792 4821 1050 4907 lubricus
1106 4836 1460 4907 censuraque
1499 4824 1738 4907 dignus,
1762 4825 1983 4885 videtur

327 4894 491 4968 enirn
521 4894 752 4968 Simeon
776 4894 1116 4968 existimare,
1176 4904 1402 4968 peccata
1462 4895 1534 4968 ab
1574 4894 1820 4953 homine
1853 4913 1979 4968 per-

329 4964 579 5024 libcrum
610 4966 909 5022 arbitrium
942 4980 1056 5023 non
1086 4967 1384 5029 committi,
1420 4966 1517 5022 sed
1573 4968 1759 5037 potius
1789 4984 1819 5025 a
1855 4964 1978 5026 'dae-

328 5039 589 5110 tuonein
624 5037 854 5093 homine
907 5046 962 5094 et
1017 5051 1116 5107 per
1175 5037 1483 5110 hominem,
1548 5046 1816 5110 tanquam
1877 5055 1977 5110 per

328 5107 777 5165 instrumentum
810 5121 899 5178 opt
920 5118 1079 5165 rante
1111 5127 1124 5173 ;
1190 5110 1339 5179 quod
1372 5108 1511 5164 adeo
1546 5107 1748 5165 falsum
1779 5107 1891 5175 est,
1914 5121 1976 5169 ut

325 5180 545 5247 peccati
576 5179 718 5235 ratio
747 5179 904 5234 nulla
961 5180 1182 5236 ratione
1239 5179 1551 5236 subsistere
1610 5181 1785 5248 possit
1816 5201 1829 5245 ;
1863 5182 1975 5238 nisi

327 5263 356 5303 a
390 5250 568 5308 libero
596 5250 832 5307 arbitrio
859 5250 1127 5321 procedat
1159 5268 1173 5315 ;
1208 5264 1390 5320 neque
1420 5258 1505 5307 est
1545 5251 1659 5308 ulla
1689 5265 1783 5308 res
1822 5268 1970 5322 prai-

327 5329 412 5377 ter
440 5323 631 5391 ipsum
671 5323 959 5378 hominem
1006 5323 1103 5392 qui
1156 5330 1395 5388 peccat;
1455 5336 1581 5392 quae
1629 5323 1970 5381 voluntatem

331 5391 542 5448 directe
586 5391 659 5448 ad
722 5404 1015 5448 peccatum
1074 5406 1293 5448 mOVere
1350 5403 1406 5448 et
1455 5393 1732 5448 inclinare
1779 5400 1970 5448 oueat.

368 5404 542 5450 ιῐθσῐθ
586 5409 615 5449 3

331 5459 492 5520 docet
519 5459 749 5520 sanctus
778 5463 1053 5529 Thomas,
1082 5462 1198 5524 1-2.

334 5540 485 5605 recte
514 5544 699 5592 tamen
735 5542 916 5605 potest
976 5548 1028 5592 et
1085 5536 1231 5592 solet
1284 5536 1544 5592 diabolus
1604 5535 1874 5593 inducere
1902 5538 1974 5595 ad

333 5603 402 5684 ad
429 5615 720 5675 peccatum
737 5603 767 5684 ‘5
801 5605 897 5684 vel
938 5605 1763 5684 proponendo__et_objiciendo
1795 5616 1973 5665 mate-

333 5675 497 5742 riam,
526 5691 637 5752 qua
668 5676 800 5750 quis
828 5677 902 5736 ad
940 5675 1241 5751 peccatum
1288 5675 1561 5748 allicitur,
1618 5677 1706 5736 vel
1762 5693 1972 5752 sugge-

720 5404 1015 5465 peccatum
1074 5406 1293 5465 movere
1350 5403 1406 5450 et
1455 5393 1732 5465 inclinare
1779 5400 1971 5465 queat,

1231 5472 1425 5534 quaest.
1461 5464 1546 5521 80.
1581 5473 1667 5521 art
1730 5464 1974 5523 [Indi-

2064 4829 2241 4886 re-ndo
2272 4835 2327 4885 et
2359 4829 2751 4902 persuadendo
2781 4829 3057 4901 obiectum
3109 4832 3458 4902 propositum
3494 4829 3702 4885 habere

2063 4902 2332 4956 rationem
2365 4900 2518 4973 boni,
2551 4904 2681 4971 quia
2715 4911 2770 4958 et
2800 4900 3131 4973 suggerens,
3185 4900 3240 4958 et
3295 4919 3360 4958 su
3382 4902 3453 4954 ad:
3475 4915 3565 4967 ns,
3600 4914 3699 4954 seu

2061 4973 2412 5044 persuadens
2442 4972 2760 5044 aliqualiter
2791 4972 3075 5042 proponit.
3113 4974 3404 5044 proprium
3432 4973 3701 5043 objectum

2053 5042 2350 5105 voluntati,
2381 5043 2523 5114 quod
2548 5052 2627 5100 est
2680 5045 2919 5101 rationis
2977 5044 3185 5114 bonum
3205 5042 3399 5100 uerum
3426 5042 3508 5098 vel
3536 5057 3677 5112 appa

2055 5129 2202 5180 rens,
2239 5125 2294 5171 ut
2328 5113 2512 5178 induit
2542 5126 2774 5171 sanctus
2802 5116 3044 5172 Thomas
3076 5131 3089 5170 :
3148 5113 3254 5170 Sed
3282 5116 3436 5170 nullo
3467 5114 3701 5169 istorum

2053 5185 2343 5259 modorum
2387 5192 2558 5256 potest
2616 5186 2830 5259 aliquid
2880 5201 2990 5259 esse
3043 5184 3254 5240 directa
3282 5185 3698 5259 causapeccati.

2053 5258 2182 5326 quia
2208 5256 2463 5313 cobmtas
2492 5271 2605 5312 non
2631 5256 2721 5314 ea.“
2746 5257 3059 5314 necessitate
3115 5262 3368 5312 movetur
3415 5257 3485 5312 ab
3513 5256 3700 5326 aliqua

2051 5328 2272 5399 objecta,
2306 5327 2418 5384 nisi
2454 5328 2524 5384 ab
2552 5329 2747 5385 ultimo
2771 5329 2900 5400 ﬁne.
2968 5327 3117 5400 Unde
3171 5343 3285 5400 non
3332 5336 3407 5385 est
3431 5328 3700 5400 sufﬁciens

2052 5397 2224 5471 causa
2248 5401 2474 5470 peccati,
2506 5415 2678 5471 neque
2720 5397 2809 5456 res
2864 5399 3104 5456 exterius
3151 5398 3357 5460 oblata.
3387 5397 3559 5470 mque
3586 5397 3696 5471 ille,

2053 5469 2151 5541 qui
2175 5469 2296 5526 eam
2320 5469 2600 5542 proponit.—
2647 5485 2818 5540 neque
2865 5471 2977 5535 ille,
3037 5471 3133 5541 qui
3189 5469 3508 5542 persuadet.
3554 5469 3700 5529 Unde

2050 5540 2334 5615 aequitum
2350 5541 2497 5613 quod
2525 5540 2776 5615 diabolus
2799 5557 2913 5597 non
2939 5543 3012 5599 sit
3046 5540 3238 5615 causa
3258 5543 3469 5615 peccati
3496 5541 3702 5615 directe

2050 5557 2319 5670 sequitur,
2350 5557 2497 5613 quoa
2525 5557 2776 5599 awootus
2799 5557 2913 5597 non
2939 5557 3011 5599 su
3064 5557 3238 5598 causa
3258 5557 3469 5615 peccata
3496 5557 3699 5599 aurem

2050 5627 2134 5696 ve.
2157 5612 2510 5696 suﬁicienter,
2537 5613 2633 5669 sed
2682 5613 2864 5696 ectypa
2904 5628 3010 5696 per
3064 5613 3291 5670 modum
3314 5613 3699 5696 pers_t_t_adentis

2051 5684 2135 5741 cet
2173 5683 2534 5756 proponenti:
2585 5683 2925 5758 appetibite.‘
2949 5683 3084 5743 Haec
3140 5683 3371 5745 sanctus
3428 5686 3696 5746 Thomas.
