4112 6106
1823 286 2104 357 οΜτΙο
2143 289 2278 358 XV.

3619 285 3738 363 3'86

358 421 549 512 litate,
585 428 862 506 tanquam
888 441 956 486 ea
973 423 1224 506 pedibus
1275 431 1621 486 sustentata.
1654 425 2004 506 Paupertas,
2031 435 2072 484 Α
2097 425 2495 488 maturitatem
2527 445 2645 489 non
2691 427 2992 509 pertingit,
3045 427 3151 490 sed
3199 428 3427 492 inutilis
3459 431 3736 512 efﬁcitur,

349 511 678 592 jejunium,
741 515 1126 588 continentia,
1183 514 1308 595 irae,
1357 515 1606 594 languaa,
1669 515 2008 595 cupiditatis

356 603 556 664 omnis
588 603 700 665 sub
723 605 864 684 jugo
921 612 1058 665 sunt
1109 603 1373 684 justitiaa,
1439 623 1568 685 quae
1623 603 1813 665 virum
1847 603 2007 683 pium

357 709 428 753 ac
458 693 804 770 religiosum
828 695 1023 767 decet,
1051 701 1115 754 ut
1145 712 1217 754 ne
1241 695 1318 754 sit
1351 695 1624 773 injustus,
1661 711 1770 754 nec
1797 693 2003 766 alium,

360 782 466 842 sed
500 793 639 844 ante
669 782 817 843 alios
873 790 1064 843 semet
1118 783 1350 844 multet.
1413 783 1584 842 Plura
1641 781 1797 843 enim
1833 801 2006 861 quam

362 871 688 930 necessitas
721 871 968 951 requirit
1004 871 1336 951 possidere,
1373 879 1475 932 aut
1505 871 1842 932 necessaria
1873 873 2008 950 qui-

363 957 523 1035 dem,
559 961 998 1040 sumptuosiora
1027 969 1248 1021 tamen.
1285 959 1572 1040 injustitia
1601 968 1688 1020 est
1724 982 1736 1022 :
1797 979 2010 1040 quem-

357 1048 683 1110 admodum
713 1066 770 1110 et
805 1049 995 1110 ventri
1051 1051 1296 1111 definito
1355 1051 1639 1110 alin-tento
1679 1049 1810 1118 ilus
1839 1050 2008 1128 dare,

353 1134 649 1215 injust:tia
683 1147 792 1200 est.
826 1137 933 1199 Irae
961 1149 1159 1199 autem
1219 1140 1420 1199 frenos
1453 1139 1676 1210 laxare,
1711 1136 1956 1197 stultitia
1991 1154 2006 1211 ;

354 1235 630 1303 proterve
649 1227 834 1306 loqui,
863 1227 1094 1288 fatuitas
1120 1247 1134 1302 ;
1158 1226 1586 1306 cupiditatibus
1608 1225 2010 1304 saecularibus

351 1311 698 1393 indulgere,
729 1317 1009 1378 amentia.
1045 1318 1172 1378 Non
1207 1315 1364 1378 enim
1415 1315 1600 1376 virtus
1645 1322 1754 1389 est,
1791 1332 1824 1373 a
1858 1313 2006 1374 malo

351 1399 754 1464 abstinuisse:
794 1405 902 1464 etsi
935 1405 1034 1485 qui
1072 1405 1292 1466 malum
1327 1423 1444 1465 non
1477 1403 1636 1476 fecit,
1672 1422 1788 1463 non
1820 1421 2004 1482 vapu-

351 1487 518 1562 labit,
555 1491 710 1552 sicut
739 1493 840 1554 ille
873 1495 1103 1556 scilicet
1133 1513 1237 1574 qut
1292 1493 1450 1554 fecit.
1487 1491 1548 1554 Si
1578 1501 1774 1553 autem
1805 1491 2000 1571 faciet,

349 1579 598 1639 omnino
631 1581 807 1642 etiam
845 1582 1156 1662 vapulabit.
1222 1587 1294 1642 At
1357 1583 1458 1662 qui
1519 1583 1738 1644 bonum
1769 1580 2000 1651 fecerit,

348 1665 436 1726 illi
469 1668 626 1730 bene
655 1671 804 1731 fiet:
869 1691 986 1732 non
1030 1671 1268 1752 quidem
1328 1671 1657 1732 secundum
1712 1669 2000 1730 rationem

340 1753 617 1833 justitiae,
652 1758 756 1818 sed
791 1777 860 1820 ex
910 1761 1274 1821 humanitate
1325 1769 1382 1821 et
1413 1759 1671 1821 bonitate
1717 1759 1844 1822 Dei.
1879 1757 2006 1820 Una

349 1846 512 1906 enim
545 1849 819 1928 quaedam
847 1850 1063 1913 Christi
1091 1849 1388 1912 sementia
1443 1858 1551 1921 est,
1589 1869 1703 1928 qua
1735 1848 1952 1909 dicitur
1988 1868 2001 1906 :

358 1933 1156 2015 Quicognovitvolun/(Item
1177 1939 1426 2000 Domini
1459 1944 1578 2013 sui,
1616 1944 1672 2000 et
1693 1955 1811 1999 non
1838 1938 2003 2017 fecit,

348 2025 672 2103 vapulabit
689 2025 898 2088 multis
909 2027 995 2090 82.
1019 2028 1148 2090 Alia
1169 2045 1182 2090 :
1215 2030 1366 2089 Cum
1382 2029 1640 2105 feceritis
1657 2028 1859 2088 omnia
1875 2043 2009 2105 qua

347 2122 652 2194 praet-apto
677 2125 816 2176 sunt
836 2118 1022 2192 vobis,
1044 2119 1246 2192 dicite,
1269 2121 1430 2180 servi
1473 2115 1722 2178 inutiles
1749 2132 1956 2177 sumus
1989 2137 2003 2183 :

348 2204 500 2280 quia
528 2205 693 2282 quod
714 2205 914 2283 facere
935 2207 1275 2286 debuimus,
1307 2209 1554 2284 fecimus
1581 2205 1664 2266 85.

959 2409 1390 2456 ABGUMENTUM.

2091 517 2427 594 meliusque
2456 525 2604 593 erat,
2633 517 2684 578 si
2717 535 2827 579 nec
2853 537 2887 578 a
2945 517 3238 598 principio
3289 519 3682 596 germinasset
3717 539 3732 585 :

2093 604 2178 665 sic
2207 605 2309 686 qui
2338 607 2519 667 calori
2543 606 2686 668 solis
2707 606 2889 680 idius,
2916 625 3092 686 queui
3123 607 3512 688 intelligentia
3533 611 3733 690 perci-

2094 693 2311 772 pimus,
2348 714 2480 756 sese
2513 714 2618 776 per
2647 695 2934 757 orationis
2987 697 3380 776 praastantiam
3439 715 3559 760 non
3588 699 3734 760 sub-

2087 783 2259 862 jecit,
2296 803 2595 864 nunquam
2629 787 2878 846 fructum
2934 794 3228 846 maturum
3279 804 3384 866 per
3414 784 3735 851 lectionem

2094 873 2273 932 edere
2307 881 2456 952 pote.
2479 874 2526 935 it
2559 896 2569 930 :
2605 873 2900 954 stquidem
2950 883 3006 935 et
3035 874 3268 937 discere
3297 875 3483 956 prius,
3519 897 3736 959 quem-

2092 960 2409 1051 admodum
2442 963 2632 1022 oratio
2663 963 3023 1024 instituenda
3058 963 3155 1036 sit,
3203 973 3268 1026 ut
3295 965 3396 1026 ubi
3426 967 3732 1051 didiceris,

2093 1048 2269 1138 etiam
2304 1067 2475 1111 orare
2505 1069 2712 1130 queas,
2756 1051 3004 1114 multum
3037 1061 3292 1132 tempus,
3327 1048 3732 1138 laboremque,

2094 1146 2151 1197 et
2181 1137 2359 1198 animi
2396 1139 2578 1218 magis
2610 1160 2787 1220 quam
2837 1141 3105 1221 corporis
3159 1143 3477 1206 desiderat.
3513 1137 3734 1219 Quam-

2093 1225 2296 1287 obrem
2331 1237 2389 1288 et
2443 1230 2762 1308 Apostolus
2817 1231 3082 1292 hortatur
3136 1231 3375 1294 assidue
3405 1245 3644 1298 cantare
3679 1245 3738 1298 et

2092 1316 2212 1394 psal
2241 1334 2340 1375 ere
2359 1317 2481 1377 Deo
2506 1319 2562 1377 in
2588 1319 2768 1379 corde
2791 1337 2906 1379 non
2929 1318 2987 1380 in
3015 1320 3185 1380 labiis
3205 1321 3287 1382 85.
3311 1320 3426 1384 Sed
3453 1325 3733 1404 quoniam

2087 1423 2165 1464 ea“
2186 1405 2566 1467 abundantia
2595 1409 2861 1486 loquitur
2880 1409 2965 1486 86,
2988 1427 3236 1472 necesse
3249 1412 3528 1474 estetiam
3549 1434 3654 1494 per
3670 1435 3736 1478 os

2088 1511 2155 1552 ex
2187 1495 2551 1555 abundantia
2575 1496 2736 1557 illius
2759 1498 3091 1560 orationem
3116 1502 3328 1578 promi,
3371 1518 3503 1561 cum
3537 1503 3732 1582 ipsum

2089 1599 2193 1642 cor
2249 1583 2412 1662 prius
2471 1587 2758 1646 mundum
2838 1595 3122 1660 creatum,
3204 1587 3422 1650 deinde
3497 1591 3734 1656 divinus

2087 1673 2458 1762 rectitudinis
2541 1675 2798 1756 Spiritus
2878 1675 3186 1736 innovatus
3268 1677 3512 1741 fuerit:
3603 1690 3736 1762 post

2090 1758 2344 1820 laztitiam
2371 1763 2646 1824 salutaris
2669 1765 2774 1826 Dei
2817 1765 3159 1843 gustaverit,
3183 1785 3312 1846 quae
3337 1786 3405 1828 ex
3437 1758 3732 1834 consortio

2089 1855 2146 1906 et
2177 1851 2596 1912 communione
2653 1853 2868 1916 Christi
2926 1853 3202 1914 exsistit:
3264 1856 3488 1918 deinde
3545 1861 3735 1933 gratia

2090 1934 2344 2016 Spiritus
2405 1940 2749 2021 principalis
2810 1943 3148 2003 firmitatem
3207 1944 3607 2022 acquisiverit,
3671 1959 3735 2011 ut

2091 2025 2420 2104 spiritualia
2456 2031 2758 2110 nequitiae,
2807 2051 2938 2112 quae
2995 2030 3345 2110 cogitatione
3376 2048 3728 2114 cernuntur,

2091 2115 2251 2175 nulla
2274 2135 2341 2176 ex
2371 2128 2535 2197 parte
2560 2120 2688 2198 ejus
2709 2121 3022 2184 motiones.
3049 2121 3298 2196 cogitata
3327 2133 3648 2186 concutere
3674 2135 3734 2188 et

2079 2220 2357 2292 quassare
2379 2207 2502 2267 suis
2524 2209 2757 2270 ﬂatibus
2801 2210 3034 2290 possint
3057 2210 3140 2268 87.
3189 2209 3271 2270 Ac
3303 2219 3422 2271 tum
3455 2213 3732 2292 precibus

2081 2289 2295 2352 divinis
2323 2312 2554 2370 vacans,
2594 2315 2700 2376 per
2725 2289 2924 2358 radios
2963 2297 3239 2378 mysticos
3269 2317 3375 2378 per
3404 2289 3731 2363 orationem

2081 2397 2262 2458 super
2291 2393 2556 2444 orantem
2591 2397 2826 2446 exortos
2857 2387 3090 2464 cognita
3143 2397 3200 2446 et
3245 2388 3464 2464 agnita.
3503 2391 3572 2450 ad
3603 2391 3730 2452 fru-

349 2478 614 2566 Tenere,
641 2503 744 2547 seu
785 2485 1101 2549 observare
1140 2507 1272 2566 quin
1313 2491 1374 2549 in
1411 2487 1634 2548 divinis
1663 2485 2001 2564 Srriptttris
2081 2485 2213 2544 89'"
2248 2480 2534 2566 millura'"
2561 2475 2890 2553 Perducel‘e
2919 2485 3145 2555 μοίθδῑε
3191 2475 3410 2557 διίυςυί
3443 2477 3730 2559 il'SiPi“ns

433 2563 750 2642 leguntur,
778 2574 966 2628 totum
991 2571 1098 2629 Dei
1119 2560 1340 2630 mimus
1356 2586 1502 2628 esse.
1537 2560 1928 2635 Deorutiime,
1944 2574 1999 2630 et

2084 2574 2150 2617 ac
2179 2560 2450 2637 stupidus
2479 2570 2591 2624 est.

429 2646 706 2719 lectione,
730 2658 784 2707 et
808 2649 1100 2725 quomodo
1125 2645 1874 2726 Christianopsallendum
1897 2646 1997 2715 sit,
2094 2731 2111 2736 Δ
2170 2648 2238 2706 Ps
2261 2649 2427 2710 :llere
2459 2650 2639 2726 igitur
2672 2653 2790 2712 Deo
2825 2651 3045 2713 bonum
3111 2662 3224 2728 est,
3261 2655 3396 2734 quia
3429 2656 3487 2716 in
3521 2657 3729 2736 primis

429 2737 538 2808 Qui
571 2738 838 2812 docetur,
875 2741 986 2801 nisi
1019 2761 1152 2822 qua}
1179 2743 1386 2802 doctus
1445 2751 1530 2801 est
1565 2741 1622 2800 in
1667 2741 1866 2800 animo
1897 2755 1997 2797 re-
2085 2731 2472 2798 fructuosum.
2507 2737 2567 2800 Si
2598 2739 2752 2800 enim
2807 2741 3085 2820 quiddam
3119 2731 3417 2822 singulare
3455 2731 3562 2817 est,
3594 2767 3724 2808 cum

343 2825 520 2898 tinet,
550 2829 698 2888 nihil
742 2829 1010 2909 profecit.
1043 2831 1153 2902 Qui
1187 2831 1410 2890 litteras
1440 2829 1658 2900 sciens,
1689 2829 1850 2905 legtt,
1884 2823 1998 2885 nisi
2082 2838 2222 2914 rege
2245 2833 2479 2914 terreno
2506 2827 2786 2908 eolloqtti,
2811 2838 3028 2909 quanto
3049 2831 3404 2908 singularius
3425 2852 3560 2894 cum
3588 2853 3729 2914 rege

343 2913 638 2995 intelligat
665 2937 797 2998 qua)
826 2920 990 2998 legit,
1045 2921 1478 3000 quodammodo
1511 2917 1852 2977 illitteratus
1882 2921 1992 2974 est.
2081 2912 2306 2973 cmlesti
2326 2914 2350 2976 ?
2371 2915 2512 2986 Quis
2537 2919 2826 2978 accedere
2851 2919 3112 3000 prepius,
3139 2930 3195 2980 et
3216 2921 3562 3000 cujusquam
3589 2912 3726 2985 cuin

345 3005 1023 3086 Quilvgitetintelltgit,
1054 3008 1166 3069 nisi
1209 3007 1510 3069 intellecta
1529 3023 1764 3067 servare
1790 3012 2226 3095 putest,C1:ege
2257 3022 2591 3066 sermonem
2644 3006 3041 3068 interturbare
3097 3010 3274 3070 audet
3307 3011 3330 3069 ἵ
3387 3011 3485 3072 Sic
3535 3031 3728 3093 neque

343 3095 494 3153 nubit
532 3097 586 3155 ei
647 3099 876 3175 podest.
939 3097 1178 3159 Divinas
1237 3096 1575 3176 Scripturas
1633 3096 1854 3172 legere,
1892 3091 2005 3152 nisi
2087 3091 2390 3152 daemones
2467 3094 2535 3154 ad
2622 3095 2790 3154 illum
2873 3097 3351 3176 appropinquare
3406 3091 3722 3176 sustinent,

343 3183 672 3245 arbitratus
703 3201 792 3247 est
851 3187 1186 3266 intelligere
1245 3187 1399 3248 lecta
1457 3186 1514 3246 in
1573 3183 1744 3245 nobis
1805 3191 1912 3249 est,
1949 3189 2006 3241 et
2087 3183 2184 3259 qui
2219 3199 2350 3240 cum
2387 3181 2505 3242 Deo
2554 3184 2828 3264 loquitur.
2896 3187 3024 3246 Non
3059 3187 3310 3265 psallere
3346 3191 3484 3260 Deo,
3523 3207 3728 3268 magna

343 3291 468 3332 non
501 3287 614 3336 est.
650 3274 713 3336 In
747 3277 944 3353 nobi~,
999 3277 1258 3338 studium
1295 3293 1308 3338 :
1371 3275 1704 3352 intelligere
1751 3292 1781 3332 a
1820 3272 2004 3350 gratia

343 3364 455 3423 Dei
479 3365 718 3444 pendet.
749 3367 966 3426 Verum
995 3377 1222 3446 tenere,
1245 3384 1348 3424 seu
1375 3375 1649 3444 praastare
1674 3361 1992 3440 intellecta,

341 3453 404 3512 id
443 3463 626 3514 totum
659 3473 955 3534 supremze
983 3456 1186 3534 gratiae
1214 3464 1519 3534 acceptum
1557 3452 1766 3514 referri
1795 3449 1994 3512 debet.

342 3541 637 3614 Quocirca
669 3544 836 3624 pauci
895 3555 1035 3605 sunt
1085 3545 1186 3624 qui
1243 3563 1312 3605 ea
1367 3543 1786 3623 praestant“;
1847 3543 1998 3601 sicut

341 3633 516 3711 pauci
543 3638 798 3712 suntqui
823 3634 1146 3695 salvantur.
1179 3631 1331 3696 Sunt
1370 3653 1508 3712 ergo
1552 3633 1690 3708 duo,
1722 3631 1910 3690 oratio
1941 3648 2000 3700 et

342 3721 544 3796 lectio,
571 3741 818 3801 quorum
844 3725 967 3783 haec
995 3741 1113 3802 qua
1135 3724 1226 3783 via
1245 3725 1314 3782 ad
1343 3722 1528 3783 Deum
1549 3719 1995 3800 perveniamus;

344 3810 545 3882 docet,
601 3811 855 3888 facitque
915 3811 1216 3870 hominem
1280 3811 1595 3871 divinum:
1657 3807 1756 3867 ila
1808 3807 1994 3866 Deum

345 3897 562 3971 flectit,
599 3909 660 3959 ut
690 3908 948 3958 mentem
983 3899 1238 3976 legentis
1270 3900 1586 3970 illuminet,
1625 3917 1740 3973 quo
1765 3896 1916 3956 lecta
1941 3902 1996 3954 et

342 3985 662 4064 inte-ligat,
697 3997 754 4048 et
783 3989 1059 4048 observet
1113 3989 1245 4049 Alia
1275 3989 1494 4050 etenim
1527 3985 1749 4066 scripta
1792 3984 1994 4064 perci-

344 4093 492 4156 pere
513 4087 570 4136 et
592 4095 952 4153 cogitescere
975 4088 1218 4156 possunt
1241 4079 1340 4157 qui
1362 4078 1564 4154 legunt
1591 4095 1604 4134 :
1632 4091 2002 4154 quazcunque

344 4177 548 4228 autem
613 4167 810 4228 divina
869 4176 929 4228 et
984 4169 1260 4229 salutaria
1321 4177 1480 4242 sunt,
1541 4167 1689 4226 citra
1746 4163 2003 4244 Spiritus

345 4258 534 4318 sancti
559 4255 1053 4318 illuminationem
1078 4257 1504 4336 comprehendi
1529 4254 1870 4334 servarique
1898 4271 2000 4314 ne-
2020 4303 2064 4352 Β

344 4354 590 4426 queunt.
617 4348 685 4407 Et
705 4345 946 4424 quidem
969 4346 1067 4426 qui
1091 4365 1262 4408 orare
1283 4356 1343 4407 ut
1366 4347 1566 4420 debet,
1602 4345 1849 4406 edoctus
1883 4350 1992 4413 est,

345 4442 655 4514 tantopere
684 4430 956 4495 lectionis
1006 4453 1125 4496 non
1180 4435 1491 4514 indigebit,
1554 4432 1767 4494 divinae
1795 4431 1996 4511 gratia;

344 4523 545 4584 divino
577 4523 802 4584 lumine
829 4525 1102 4604 replente
1135 4525 1267 4605 ejus
1299 4531 1581 4598 animam,
1617 4533 1674 4583 et
1701 4541 1757 4582 in
1780 4531 1993 4582 statum

342 4617 659 4693 quemdam
693 4612 1042 4674 diviniorem
1077 4614 1451 4674 immutante.
1487 4611 1594 4684 Qui
1629 4619 1992 4672 autemcon-

345 4701 916 4762 tinuamlvctionem
983 4705 1170 4782 plurs
1227 4703 1389 4784 facit,
1449 4713 1760 4781 antequam
1797 4717 1992 4780 orare,

343 4801 409 4852 ut
438 4801 690 4870 oportet,
725 4791 1022 4866 didicerit,
1059 4801 1476 4872 erra-t,'seque
1509 4791 1700 4870 ipsum
1733 4807 1767 4850 a
1797 4789 1994 4848 divina

343 4880 534 4941 salute
563 4879 798 4941 abducit
833 4901 845 4938 :
899 4881 1018 4942 imo
1073 4900 1214 4942 vero
1271 4899 1481 4942 sensus
1511 4878 1750 4940 omnino
1785 4895 1994 4957 expers

342 4983 457 5043 est,
493 4969 724 5030 tametsi
757 4973 813 5028 in
875 4977 993 5030 tota
1043 4969 1354 5050 Sciiptura
1408 4987 1574 5030 sacra
1605 4966 1992 5028 exercitatum

340 5077 432 5139 se,
468 5071 528 5119 et
585 5077 712 5118 eam
770 5060 1023 5120 recitare
1081 5060 1431 5120 memoriter
1488 5075 1660 5138 posse
1719 5060 1988 5116 fateatur.

339 5146 416 5210 Ut
455 5146 614 5208 enim
675 5146 818 5206 citra
879 5147 1136 5208 calorem
1197 5148 1363 5227 solis,
1424 5148 1646 5207 fructus
1679 5143 1991 5224 provenire

341 5257 462 5300 non
497 5243 716 5318 potest,
741 5238 842 5297 sed
885 5238 1084 5299 hieme
1106 5237 1346 5318 quidem
1381 5237 1664 5310 nascitur,
1691 5253 1826 5295 vere
1859 5253 1987 5294 ma-

2087 3277 2173 3329 est
2197 3269 2471 3348 jactura:
2535 3275 2732 3335 anitra
2775 3275 2992 3354 quippe
3043 3294 3158 3334 tton
3196 3275 3500 3354 psallentis
3531 3278 3727 3339 divino

2085 3357 2330 3433 lumine,
2361 3361 2555 3423 divina
2588 3363 2795 3425 virtute
2836 3374 2891 3424 et
2922 3365 3120 3444 quiete
3151 3364 3466 3424 insultibu~
3500 3366 3726 3427 daemo-

2083 3466 2220 3507 num
2249 3449 2532 3528 privatur,
2561 3461 2617 3513 et
2643 3453 2834 3513 omnis
2864 3453 3198 3532 petulantia,
3237 3455 3432 3514 omnis
3460 3453 3724 3516 immun-

2083 3535 2242 3598 ditia.
2279 3541 2469 3599 omnis
2489 3541 2842 3622 improbitas
2861 3551 2917 3602 et
2947 3541 3256 3620 injustitia,
3284 3541 3482 3602 omnis
3513 3543 3720 3626 fastus,

2084 3628 2420 3697 ostentatio,
2457 3631 2790 3708 arrogtutia
2821 3630 2891 3690 ab
2928 3631 3136 3690 iisdem
3169 3631 3226 3689 in
3260 3631 3530 3691 eamdem
3563 3632 3724 3694 inve-

2084 3712 2261 3777 hitur.
2297 3715 2462 3777 Sicut
2519 3720 2674 3779 enim
2735 3719 2866 3780 cceli
2925 3718 3287 3798 aSpiratione
3339 3738 3608 3798 corpora,
3643 3722 3726 3784 ita

2082 3805 2328 3880 perenni
2354 3805 2459 3867 Dei
2480 3809 2764 3868 memoria
2777 3810 2972 3868 omnis
2989 3826 3184 3868 anima
3204 3826 3444 3884 prorsus
3466 3809 3717 3887 indiget.

2080 3889 2300 3978 Verum
2332 3896 2632 3960 enimvero
2665 3897 2916 3976 psallere
2965 3897 3085 3957 Deo
3108 3897 3458 3976 simpliciter
3479 3915 3546 3957 ac
3579 3917 3716 3978 per-

2078 3977 2394 4057 functorie,
2428 3993 2486 4046 et
2516 3985 2650 4046 sine
2681 3986 2915 4058 timore,
2951 3985 3051 4064 qui
3081 3984 3203 4046 Deo
3257 3984 3471 4044 astanti
3502 3977 3591 4046 est
3621 4005 3724 4049 ne-

2086 4072 2401 4148 cessarius,
2421 4092 2596 4152 quem
2632 4073 2954 4136 Cherttbim
2979 4081 3260 4147 tremunt,
3286 4083 3504 4134 tantum
3530 4074 3722 4158 abest,

2089 4171 2147 4220 ut
2179 4160 2398 4240 aliquid
2429 4163 2749 4234 commodi,
2779 4171 2840 4223 ut
2872 4162 3067 4242 potius
3115 4162 3580 4242 incompazabile
3607 4164 3720 4226 de-

2087 4247 2426 4310 trimentum
2460 4249 2713 4324 afferat;
2777 4253 2914 4332 quia
2971 4253 3155 4314 Dcum
3215 4259 3545 4331 exasperat,
3603 4260 3726 4314 eta

2084 4337 2255 4399 nobis
2288 4339 2516 4410 avertit,
2554 4359 2777 4421 nosque
2807 4341 2880 4402 ab
2911 4341 3012 4402 illo
3047 4353 3321 4420 tauquam
3357 4339 3415 4399 in
3448 4341 3719 4402 exsilium

2081 4427 2262 4506 ejicit.
2297 4428 2589 4492 Nimirum
2651 4431 3152 4511 quemadmodum
3212 4449 3348 4491 cum
3379 4439 3722 4512 contemptu

2078 4519 2203 4598 regi
2229 4529 2516 4581 astantem
2551 4523 2834 4582 satellites
2863 4521 3022 4599 regis
3070 4519 3390 4601 abripiunt,
3423 4529 3481 4581 et
3509 4539 3543 4581 a
3571 4541 3722 4582 con-

2079 4617 2282 4688 spectu
2307 4611 2435 4688 ejus
2457 4609 2795 4687 exturbant,
2822 4611 3000 4690 idque
3014 4627 3115 4670 rex
3139 4609 3380 4670 minime
3397 4611 3720 4690 reprehen-

2078 4697 2215 4760 dit:
2278 4697 2363 4760 sic
2419 4699 2610 4778 angeli
2671 4699 2802 4776 Dei,
2864 4709 3125 4760 mentem
3182 4702 3563 4777 contemptim
3594 4698 3718 4760 Deo

2079 4787 2502 4848 astantisaDei
2525 4787 2856 4868 visitatione
2891 4789 3160 4868 ejiciuut,
3195 4807 3373 4867 quain
3407 4788 3718 4848 confestim

2075 4874 2376 4936 daemones
2389 4887 2712 4957 arreptam,
2732 4862 3316 4958 niajoreauctoritate
3331 4876 3720 4956 lihertateque

2074 4963 2240 5042 (quia
2268 4965 2423 5025 Velut
2447 4965 2765 5045 alupanari
2784 4974 3188 5047 autcaupona)
3224 4963 3546 5044 imperiose
3569 4983 3722 5040 quo-

2074 5053 2244 5126 iibet,
2279 5051 2404 5113 sive
2436 5060 2505 5114 ad
2543 5057 2733 5135 turpia
2766 5066 2823 5117 et
2851 5055 3125 5127 nefanda,
3162 5053 3284 5112 sive
3323 5051 3392 5111 ad
3423 5051 3716 5132 improba,

2077 5159 2196 5201 swe
2215 5142 2284 5202 ad
2311 5160 2455 5203 Vana
2477 5151 2534 5202 et
2564 5143 2764 5206 inania
2791 5145 3118 5206 ductitent:
3159 5149 3217 5200 et
3247 5157 3440 5218 neque
3471 5138 3572 5218 qui
3606 5158 3715 5219 pa-

2075 5230 2218 5290 titur
2246 5231 2688 5294 animadvertit.
2723 5252 2918 5314 neque
2970 5231 3126 5292 Deus
3177 5227 3410 5308 liberat,
3439 5227 3722 5308 quoniam

338 5317 649 5392 turescere
682 5328 914 5409 incipit,
945 5317 1160 5409 frigore
1179 5338 1372 5390 autem
1399 5327 1686 5402 nascitur,
1711 5344 1848 5387 vere
1871 5344 1990 5386 ma-
2071 5319 2329 5400 ipsemet
2357 5330 2593 5402 spretus
2624 5331 2800 5402 atque
2830 5326 3206 5396 contemptus
3234 5325 3343 5378 est.
3381 5319 3535 5396 Lege
3559 5317 3718 5378 enim

338 5427 650 5482 turescere
675 5417 906 5501 incipit,
943 5419 1160 5498 frigore
1215 5427 1412 5480 autem
1465 5423 1884 5498 perseverante
1913 5414 1987 5476 ad

2073 5413 2152 5474 ita
2181 5412 2374 5473 sanxit
2398 5431 2412 5476 ε
2433 5415 2676 5476 Servite
2699 5415 2964 5478 Do‘mz‘no
2988 5415 3053 5474 in
3071 5412 3306 5486 timore,
3339 5418 3398 5472 et
3421 5412 3724 5472 exsultate

418 5611 924 5696 33Luc.x11,747.
1007 5613 1244 5678 83Luc.
1276 5627 1422 5690 xvn,
1453 5609 1553 5674 10.
1637 5609 1704 5662 84
1740 5608 1946 5676 Matth.
1987 5625 2094 5688 vn,
2141 5607 2242 5674 14.
2327 5608 2391 5662 85
2439 5609 2664 5692 Ephes.
2716 5630 2782 5696 y,
2827 5611 2884 5688 1,
2937 5626 3105 5692 seqq.
3188 5605 3254 5660 86
3300 5607 3446 5674 Luc.
3496 5606 3715 5686 v1,45.

332 5693 400 5748 8⁷
425 5696 653 5778 Ephes.
685 5695 907 5778 vt,12.-
