4112 6106
317 275 441 344 389

1772 277 2051 346 ORATIO
2091 275 2249 344 XVI.

3576 271 3696 340 390

403 407 950 495 Christianismum
983 413 1232 495 fugere:
1271 413 1392 476 Dei
1427 413 1590 476 enim
1610 417 2110 476 sententiamAet
2140 408 2498 472 inevitabilia
2543 408 2779 472 vincula
2825 408 3168 488 indigentiae
3214 408 3417 489 fugere
3461 413 3693 486 volens,

401 496 690 552 naturam
720 494 891 554 nobis
918 496 1153 569 /actum
1169 517 1193 566 ;
1223 501 1283 557 et
1315 494 1742 556 tribulationes
1770 511 1971 555 omnes

398 572 745 650 gratiarum
772 575 1073 635 actionem
1121 575 1354 637 docere.
1415 575 1610 653 Cujus
1658 576 1750 636 rei
1783 590 1969 635 causa

395 658 740 731 peccatum,
774 653 995 727 morbi,
1028 662 1089 715 et
1116 672 1279 717 mors
1306 656 1674 717 exstiterint.

406 769 566 832 Deus
588 771 893 833 hominem
916 774 1289 854 postlapsum
1316 775 1627 836 timoribus
1658 775 1880 847 multis,
1913 781 1972 836 et

326 860 661 939 omnigenis
678 861 935 942 casibus,
959 865 1121 944 quasi
1147 883 1313 925 muro
1334 864 1586 935 vallavit,
1623 874 1681 925 et
1710 861 1972 942 undique

326 947 476 1010 fecit
508 948 695 1010 turbis
742 969 809 1011 ac
869 952 1194 1014 terroribus
1248 952 1452 1034 impeli
1509 962 1683 1033 atque
1732 951 1970 1031 jactari,

323 1036 719 1118 ipsumquein
741 1058 805 1100 se
835 1058 869 1099 a
897 1042 1222 1121 semetipso
1260 1042 1608 1122 oppugnari.
1643 1042 1830 1104 Causa
1861 1041 1971 1100 hu-

318 1125 426 1204 jus
456 1127 567 1204 rei,
591 1127 980 1203 admirabilis,
1010 1130 1291 1211 omnique
1313 1131 1598 1192 charitate
1622 1151 1692 1190 ac
1713 1129 1975 1190 bonitate

319 1214 545 1275 referta
579 1224 689 1279 est.
744 1215 910 1281 Sicut
961 1219 1119 1279 enim
1172 1229 1335 1299 pater
1365 1220 1681 1299 quispiam,
1717 1219 1878 1280 dives
1908 1235 1975 1277 ac

317 1304 654 1365 fortunatus
688 1305 857 1367 bonis
884 1308 1183 1384 omnibus,
1236 1308 1285 1369 si
1337 1310 1524 1369 ﬁlium
1585 1308 1831 1369 haberet
1860 1305 1972 1366 sibi

321 1393 514 1453 multo
532 1394 971 1470 cbarissimum,
1004 1415 1069 1457 ac
1094 1407 1332 1477 pr0pter
1352 1398 1782 1459 vehementiam
1806 1413 1977 1456 amo«

324 1480 415 1542 ris
437 1500 575 1560 erga
609 1483 766 1544 hunc
796 1503 1140 1564 germanum
1173 1504 1242 1547 ac
1268 1487 1548 1547 dilectum
1581 1486 1763 1545 tilium
1806 1501 1977 1543 suum

328 1588 447 1631 nec
478 1570 702 1652 cibum,
739 1593 845 1635 nec
878 1585 1101 1653 potum,
1140 1594 1249 1636 nec
1279 1587 1523 1647 vestem,
1581 1593 1692 1636 nec
1723 1574 1974 1643 calceos,

333 1676 449 1721 nec
473 1661 629 1721 aliud
646 1664 1043 1743 commodum,
1063 1665 1591 1745 recreationemve,
1618 1664 1733 1724 ni~i
1756 1671 1977 1723 tantum

332 1746 411 1809 ab
442 1766 508 1808 se
531 1751 804 1827 genitore
830 1752 1007 1812 vellet
1063 1754 1227 1813 illum
1280 1754 1574 1833 accipere,
1608 1763 1668 1813 ut
1694 1753 1916 1814 idcirco
1947 1770 1978 1811 a

335 1835 522 1917 patris
552 1839 733 1900 latere
791 1859 1086 1921 nunquam
1138 1843 1496 1912 discederet,
1554 1854 1611 1903 et
1641 1860 1820 1922 super
1849 1841 1979 1920 ejus

332 1944 530 2003 genua
556 1931 990 2009 requiesceret;
1023 1931 1070 1991 si
1097 1931 1333 2011 quando
1355 1940 1551 1992 autem
1578 1950 1611 1992 a
1633 1942 1795 2011 patre
1828 1930 1978 1992 alie-

334 2016 467 2076 nari
490 2036 625 2078 eum
647 2020 1038 2097 contingeret,
1075 2031 1125 2080 et
1151 2020 1223 2080 ab
1246 2021 1397 2094 aliis,
1434 2040 1547 2081 non
1582 2040 1614 2080 a
1639 2028 1878 2099 parente
1909 2018 1981 2079 ad

333 2121 511 2164 usum
540 2123 709 2165 suum
732 2105 1066 2167 necessaria
1089 2106 1202 2167 sibi
1230 2107 1476 2187 praeberi
1509 2107 1707 2186 vellet,
1734 2115 1834 2166 aut
1867 2123 1982 2165 non

330 2192 655 2269 inveniret,
690 2202 792 2256 θυι
817 2194 1089 2258 invenire
1119 2197 1385 2277 quidem,
1439 2197 1541 2258 sed
1580 2197 1638 2256 in
1669 2200 1885 2256 sudore
1917 2212 1985 2255 ac

336 2279 548 2342 labore
579 2292 635 2343 et
656 2284 977 2347 afflictione
997 2287 1318 2366 acciperet,
1338 2287 1495 2367 quod
1528 2283 1986 2364 omnibusgpstri

338 2369 738 2433 servientibus
771 2374 936 2435 valde
968 2376 1128 2436 serio
1158 2375 1510 2456 imperatum
1572 2385 1751 2449 esset,
1806 2372 1984 2434 talem

342 2458 533 2518 ﬁlium
559 2460 806 2522 missum
825 2464 1040 2535 facere,
1067 2467 1379 2545 repellere,
1410 2475 1467 2527 et
1491 2465 1681 2526 modis
1709 2463 1990 2525 omnibus

338 2549 635 2610 molestiis
659 2550 916 2625 allicere,
944 2557 1178 2633 quando
1210 2565 1373 2616 extra
1397 2555 1576 2635 patris
1602 2560 1987 2633 conspectum

336 2653 679 2698 versantem
701 2640 989 2714 viderent,
1009 2651 1068 2701 ut
1084 2642 1221 2703 alibi
1241 2663 1353 2703 non
1370 2642 1681 2705 inveniens
1697 2641 1990 2721 requiem,

338 2723 609 2797 adactus,
637 2727 1015 2809 necessitate,
1043 2731 1335 2792 etinvitus
1353 2733 1422 2793 ad
1460 2743 1710 2812 patrem,
1738 2730 1836 2808 qui
1860 2746 1994 2789 eum

340 2812 803 2897 incredibiliter,
840 2827 898 2879 et
920 2820 1048 2898 plus
1080 2820 1357 2882 omnibus
1388 2822 1716 2895 dilexisset,
1741 2827 1998 2881 reverte—

339 2912 533 2977 retur,
582 2923 618 2964 n
649 2924 837 2986 eoque
859 2908 1313 2988 conquiesceret
1350 2929 1364 2970 :
1399 2911 1607 2971 eodem
1645 2909 1818 2969 modo
1840 2907 2001 2968 Deus

342 2989 468 3066 egit
497 3008 631 3051 cum
662 2993 927 3068 homine,
961 3004 1025 3055 ut
1073 2999 1292 3058 nullam
1329 2996 1387 3057 in
1420 2998 1529 3058 hac
1559 2997 1672 3057 vita
1699 2996 2000 3074 rebusque

2054 518 2414 581 magnopere
2443 499 2768 575 contendit,
2804 507 2867 561 ut
2897 500 2961 561 in
3011 498 3124 560 vita
3183 499 3344 561 nulla
3387 517 3455 561 re
3505 507 3696 578 egeat.

2051 588 2203 652 Hinc
2234 597 2334 652 aut
2363 588 2649 665 occultus,
2711 597 2813 651 aut
2868 589 3212 650 manifestus
3270 597 3329 649 et
3385 588 3702 669 impudens

2051 678 2382 741 alienorum
2441 677 2697 752 invasor,
2757 695 2985 752 avarus,
3033 678 3310 759 injustas,
3363 695 3540 757 rapax
3594 676 3689 753 sit,

2051 768 2179 828 ze-lo
2205 769 2474 847 agitetur,
2504 766 2751 841 invidet,
2786 767 3026 841 rivatur,
3086 772 3394 847 mentitur,
3442 767 3688 847 pejerat,

2053 856 2385 927 insidiatur,
2419 856 2832 929 calumniatur,
2867 856 3185 927 maledicit,
3219 856 3695 936 pugnat,irasci-

2057 945 2386 1023 tur,be|lat,
2411 964 2474 1005 se
2487 945 2707 1006 ulciscie
2726 963 2816 1018 ur,
2843 945 3081 1022 occidit,
3099 945 3274 1006 etiam
3299 945 3491 1026 ipsum
3514 944 3702 1008 Deum

2055 1044 2447 1097 contemnens
2470 1032 2928 1113 quodammodo,
2954 1034 3052 1114 qui
3080 1034 3236 1096 velut
3254 1044 3700 1114 temporaneum

2056 1123 2411 1203 supplicium
2460 1123 2517 1182 in
2568 1123 2674 1185 hac
2722 1123 2839 1183 vita
2895 1123 3282 1203 indigentiam
3334 1143 3465 1186 esse
3496 1126 3702 1200 voluit,

2058 1231 2234 1289 quam
2274 1213 2604 1273 mortalium
2655 1214 2860 1291 generi
2919 1212 3266 1293 protop‘asti
3315 1216 3705 1294 transgressio

2058 1300 2309 1373 induxit,
2348 1311 2403 1361 et
2438 1301 2554 1361 Deo
2599 1300 2940 1363 inimicitias
2991 1302 3219 1373 indicit,
3275 1322 3343 1364 ac
3392 1313 3710 1385 propterea

2059 1408 2258 1450 rerum
2286 1390 2484 1468 copias
2499 1390 2613 1450 sibi
2634 1409 2865 1469 parans.
2892 1391 3032 1452 inde
3049 1391 3367 1467 gloriosus,
3388 1393 3704 1475 superbus,

2051 1478 2448 1558 jactabundus
2480 1479 2768 1541 redditur.
2805 1479 2954 1552 Quid
2976 1481 3245 1543 deinde?
3274 1483 3571 1545 Dominus
3597 1502 3707 1545 su-

2058 1568 2261 1648 perbis
2284 1569 2509 1631 resistit
2532 1568 2629 1645 95,
2667 1578 2727 1630 et
2759 1572 2993 1632 tandem
3020 1580 3284 1633 extrema
3306 1573 3433 1651 ejus
3463 1573 3522 1632 in
3550 1591 3711 1635 eam-

2064 1660 2196 1717 dem
2257 1657 2700 1721 damnationem
2763 1678 2896 1720 cum
2953 1660 3259 1722 desertore
3315 1661 3420 1722 Dei
3472 1662 3709 1725 diabolo

2063 1745 2301 1806 cadunt.
2335 1748 2503 1808 Scire
2527 1747 2881 1826 igitzirlicet,
2920 1749 3307 1828 indigentiam
3325 1752 3549 1830 justum
3581 1770 3712 1815 esse

2062 1854 2096 1895 a
2126 1833 2245 1896 Deo
2276 1837 2656 1918 supplicium,
2710 1847 2995 1918 gratoque
3041 1839 3345 1901 ferendam
3391 1840 3615 1913 animo,
3650 1850 3713 1903 ut

2062 1923 2142 1984 ita
2173 1926 2753 1987 commiserationem
2790 1945 2847 1987 et
2896 1927 3388 2001 misericordiam,
3422 1937 3480 1990 et
3511 1931 3706 2008 provi-

2064 2012 2320 2073 dentiam
2347 2012 2453 2074 Dei
2472 2013 2531 2075 in
2550 2034 2657 2075 nos
2680 2016 3027 2077 excitemus.
3055 2016 3282 2078 Idcirco
3299 2018 3492 2093 Quem
3504 2021 3710 2101 diligit

2065 2100 2363 2163 Dominus
2391 2106 2669 2183 castigat,
2706 2106 2881 2183 longe
2911 2125 3044 2166 eum
3088 2125 3121 2165 a
3166 2107 3446 2186 superbia
3477 2118 3718 2189 propter

2065 2190 2455 2269 indigentiam
2490 2212 2801 2254 removens
2835 2212 2848 2256 :
2886 2194 3183 2273 Iv‘lageltat
3229 2207 3429 2258 autem
3477 2216 3716 2260 omnem

2068 2279 2288 2358 ﬁlium,
2318 2299 2483 2357 quem
2513 2283 2840 2363 reciptt96,
2873 2302 2980 2363 per
3011 2283 3249 2345 morbos
3279 2285 3493 2359 varios,
3529 2295 3584 2347 et
3615 2287 3713 2347 in-

2070 2369 2439 2430 valetudines
2458 2389 2591 2431 eum
2621 2371 2732 2431 sibi
2758 2374 3064 2451 copulans.
3098 2374 3315 2452 gratias
3338 2383 3634 2454 agentem,
3658 2384 3717 2438 et

2073 2457 2415 2535 patientem,
2442 2467 2501 2519 et
2524 2477 2627 2537 pro
2652 2460 3067 2539 hujuscemodi
3088 2466 3477 2524 certaminum
3500 2484 3720 2526 corona

2073 2545 2447 2633 adoptionem
2472 2560 2903 2625 reportantem.
2931 2552 3166 2612 Etenim
3193 2554 3588 2633 protoplastus
3602 2573 3719 2615 non

2076 2632 2151 2693 ob
2176 2634 2331 2693 aliud
2362 2635 2594 2697 violavit
2616 2640 2985 2718 mandatum,
3014 2640 3126 2700 nisi
3149 2641 3302 2721 quod
3350 2632 3505 2704 nulla
3543 2662 3596 2722 p:
3617 2663 3719 2704 or-

2077 2739 2178 2783 sus
2200 2740 2265 2820 re
2284 2734 2503 2801 egeret,
2535 2734 2810 2807 essetque
2838 2728 2968 2790 sine
2990 2728 3192 2791 labore
3217 2730 3381 2793 dives
3426 2733 3718 2794 bonorum

2081 2828 2372 2873 omnium.

2161 2986 2354 3060 Quare
2376 2990 2476 3071 qui
2499 2990 2880 3070 indigentiam
2907 2994 3071 3076 fugit,
3096 3013 3269 3076 quam
3292 2998 3550 3077 effugere
3574 3019 3727 3062 nun-

345 3079 562 3139 mundi
594 3083 858 3161 requiem
905 3084 1213 3147 inveniens
1275 3086 1574 3166 (quoniam
1628 3088 1752 3146 hmo
1800 3082 2259 3156 omniivauam
2294 3081 2531 3169 poterit,
2585 3081 2706 3143 Deo
2740 3083 2972 3146 videtur
3009 3085 3332 3161 advrrsari,
3386 3098 3444 3148 et
3491 3088 3562 3149 ab
3598 3094 3725 3169 ipso

345 3169 611 3249 unita.)
638 3174 712 3231 ad
746 3174 967 3235 bonum
1000 3174 1208 3249 Deum,
1243 3175 1581 3250 Dominum,
1619 3178 1867 3247 Herum,
1898 3170 2003 3232 Pa.
2085 3166 2518 3242 pronuntiatam
2544 3171 2920 3243 sententiam,
2970 3181 3309 3252 naturaeque
3337 3173 3467 3236 loco
3497 3166 3725 3238 consti-

349 3264 529 3332 ιιιωῃ,
566 3257 867 3336 Tutorem,
901 3262 1293 3346 provisorem,
1328 3265 1810 3345 Redemptum“),
1869 3261 1999 3324 Sal-
2084 3259 2289 3353 tutam,
2316 3256 2488 3353 quasi
2506 3267 2775 3318 evertere
2804 3260 3029 3332 conari,
3065 3280 3282 3342 nempe
3304 3282 3421 3344 qua
3436 3264 3630 3343 jubet,
3665 3272 3730 3327 ut

343 3355 616 3410 vatorem
642 3360 1061 3434 reverteretur,
1095 3363 1152 3415 et
1183 3344 1314 3415 cum
1347 3372 1416 3415 eo
1451 3344 1829 3416 continenter
1855 3368 1992 3412 ver—

2083 3344 2145 3434 in
2158 3344 3725 3429 sudorevuttusnostrtpanemnostrumcomedamus,

346 3445 609 3510 saretur,
644 3447 703 3499 et
723 3439 1017 3502 inveniret
1037 3430 1165 3522 ipse
1215 3444 1455 3524 quidem
1495 3461 1784 3523 requ.em,
1823 3443 1997 3503 Pater
2077 3430 3727 3524 qonccgrevet'lramurinterrumdequasumptisumus97.

347 3535 552 3587 autem
565 3526 788 3589 etDeus
800 3547 870 3593 eo
883 3534 1308 3610 perfrueretur.
1324 3552 1393 3594 ac
1406 3552 1587 3610 super
1598 3552 1667 3594 eo
1680 3534 1992 3594 laetaretur.

348 3612 495 3676 Erat
528 3618 708 3692 enim,
748 3637 878 3679 cum
912 3621 1088 3683 homo
1119 3623 1558 3684 circumflueret
1589 3624 1868 3684 omnibus
1894 3641 1998 3684 co-

351 3704 495 3794 piis,
532 3716 590 3766 et
619 3717 857 3788 prepter
915 3729 1043 3772 eam
1103 3712 1522 3774 abundantiam
1581 3713 1642 3774 in
1700 3715 1902 3794 quiete
1933 3731 2002 3774 ac

352 3793 656 3881 voluptate
686 3804 862 3872 esset,
914 3809 1260 3881 vacaretque
1308 3801 1628 3863 afflictione
1673 3793 1737 3862 et
1759 3802 2000 3880 aegritu-

355 3880 524 3972 dine,
555 3885 817 3961 gaudens
848 3895 907 3949 et
963 3891 1283 3963 exsultans,
1335 3894 1712 3971 nesciretque
1762 3906 2004 3972 prorsus

355 3971 504 4051 quid
535 3973 824 4050 aegritudo
850 3985 1027 4038 esset.
1062 3977 1143 4039 Ex
1174 3978 1534 4058 negligentia
1561 3980 1738 4059 igitur
1766 3971 2006 4059 propter

351 4059 721 4123 afﬂuentiam
748 4064 1111 4128 desiderium
1138 4068 1663 4148 parturiviteorum
1686 4085 2004 4148 quaesupra

354 4148 556 4230 ipsum
588 4162 775 4228 erant,
811 4162 870 4215 et
898 4174 1027 4235 qum
1072 4159 1309 4238 assequi
1359 4178 1475 4219 non
1507 4167 1754 4239 poterat,
1790 4167 1847 4218 et
1876 4174 2006 4236 quae

357 4257 499 4299 cum
533 4240 842 4320 tetigisset,
877 4255 940 4306 ut
965 4247 1050 4306 illi
1085 4247 1408 4312 videbatur.
1447 4248 1521 4308 de
1552 4247 1680 4326 ipsa
1707 4247 1809 4307 illa
1836 4245 2007 4325 copia

360 4335 421 4389 et
450 4328 812 4394 abundantia
841 4334 1131 4414 dejectus,
1184 4339 1256 4399 ad
1306 4337 1648 4417 multorum,
1698 4337 1818 4397 imo
1862 4353 2006 4396 sane

2084 3517 2371 3591 Quoniam
2403 3522 2582 3602 igitur
2610 3526 2937 3606 indigentia
2963 3517 3212 3609 quilibet
3254 3517 3478 3591 homini
3524 3533 3585 3593 in
3616 3535 3729 3596 hoc

2085 3611 2322 3704 saeculo,
2359 3631 2541 3704 parvo
2596 3624 2655 3676 et
2701 3635 2912 3697 magno
2959 3619 3242 3681 naturalis
3279 3638 3452 3700 poena
3481 3631 3590 3699 est,
3626 3625 3729 3704 qui

2084 3698 2237 3760 hanc
2266 3702 2779 3784 quaeritetfugere,
2826 3706 2886 3767 in
2937 3723 3142 3786 poenas
3188 3698 3581 3788 sempiternas
3631 3698 3727 3773 i-n-

2087 3798 2307 3881 curret.
2340 3792 2532 3854 Aliter
2561 3795 2718 3855 enim
2752 3814 2926 3875 quam
2978 3816 3085 3877 per
3127 3798 3452 3873 avaritiam,
3486 3801 3726 3881 injusti-

2086 3877 2248 3968 tiam,
2273 3882 2564 3960 rapinam,
2585 3892 2938 3964 praesentem
2953 3884 3339 3965 indigentiam
3357 3877 3597 3968 explere
3611 3909 3731 3951 non

2086 3966 2277 4028 datur.
2316 3968 2478 4031 Solet
2505 3982 2700 4033 autem
2749 3972 3039 4035 bonorum
3086 3975 3257 4055 copia
3304 3966 3593 4054 generare
3623 3998 3731 4041 sua

2088 4056 2377 4139 perbiam,
2420 4062 2578 4122 unde
2608 4062 2864 4141 peccatis
2904 4063 3292 4146 principium,
3329 4074 3388 4127 et
3416 4076 3611 4148 caput.
3647 4067 3732 4131 Ea

2089 4156 2404 4224 prostrata,
2439 4151 2760 4229 superbum
2794 4158 2853 4212 et
2899 4159 3275 4232 arrogantem
3322 4156 3515 4235 turpia
3561 4156 3728 4220 desi—

2086 4235 2303 4314 gnandi
2332 4237 2601 4299 voluntas
2629 4239 2869 4309 invadit,
2905 4260 3036 4322 quae
3064 4260 3134 4304 ex
3182 4243 3465 4321 amentia,
3523 4254 3581 4308 et
3609 4247 3731 4309 dis-

2088 4343 2259 4386 cessu
2287 4346 2318 4386 a
2352 4336 2513 4388 recta
2557 4326 2785 4390 ratione
2842 4330 3233 4412 progignitur.
3281 4332 3487 4396 Omnis
3533 4336 3731 4417 itaque

362 4418 631 4479 omnium
664 4409 969 4500 ρθηυιοίεξη
1004 4426 1277 4488 redactus
1323 4436 1433 4499 εει,
1463 4426 1523 4487 in
1558 4409 1715 4487 milia
1746 4409 2070 4503 egestateD
2091 4412 2458 4477 Christianus
2480 4416 2991 4497 quiindigentiam
3016 4409 3247 4502 ‘fugere
3270 4422 3527 4506 laborat,
3552 4409 3730 4487 etiam

362 4508 742 4586 constitutus,
774 4522 835 4573 ut
888 4533 1134 4578 summa;
1181 4516 1560 4577 abundantia:
1588 4534 1820 4576 summa
1845 4514 2006 4575 indi-

364 4597 571 4676 gentia
597 4618 630 4661 e
664 4601 928 4679 regione,
959 4614 1016 4667 et
1038 4624 1108 4667 ex
1137 4606 1424 4667 diametro
1442 4615 1843 4685 opponeretur
1872 4625 1888 4680 ;
1920 4622 2011 4665 ar-

362 4688 692 4766 rogantiam
723 4692 852 4755 scil.
891 4694 1227 4770 vindicans,
1253 4693 1765 4755 undeaudaxillud
1786 4693 2014 4755 facinus

364 4781 710 4858 exstitisset,
746 4803 861 4863 quo
919 4785 979 4845 in
1029 4785 1306 4847 donatam
1354 4783 1466 4844 sibi
1500 4783 1860 4844 affluentiam
1894 4802 2014 4863 pra:

360 4871 638 4933 satietate
667 4873 1134 4935 contumeliosus
1175 4873 1502 4935 exstiterat.
1552 4871 1634 4933 Ex
1666 4892 1783 4952 quo
1814 4882 2012 4934 autem

356 4958 419 5021 in
454 4968 773 5038 egestatem
806 4961 1062 5032 devenit,
1120 4962 1317 5024 multis
1378 4961 1453 5023 ob
1512 4980 1642 5023 eam
1700 4960 2004 5038 aerumnis,

358 5049 690 5127 laboribus,
723 5050 1240 5132 defatigationibus
1261 5051 1617 5132 cumulatur,
1638 5069 1749 5112 nec
1779 5051 2012 5130 expleta

360 5138 638 5222 penuria,
657 5140 940 5216 tristatur,
960 5141 1261 5222 afﬂigitur,
1276 5142 1578 5222 desperat:
1603 5140 2011 5221 naturaliaque

451 5325 519 5377 95
545 5325 673 5390 Jac.
704 5342 789 5403 Iv,
822 5326 881 5388 6.
966 5328 1032 5379 96
1057 5327 1243 5394 Hebr.
1276 5343 1380 5400 XII,
1415 5322 1479 5388 6.

453 5497 537 5571 (6)
570 5496 679 5559 Illa
705 5495 887 5560 verba
914 5499 1153 5563 Domini
1196 5498 1269 5561 ad
1313 5498 1631 5578 Adamum
1655 5502 1793 5578 post
1837 5495 2021 5558 divini

369 5578 1218 5669 praeceptitransgressionem
1261 5578 1411 5644 Gen.
1443 5591 1533 5657 III,
1574 5575 1672 5668 l9;
1704 5575 1777 5667 l_n
1805 5579 2023 5669 sudore

367 5658 690 5724 bultus’tui
705 5658 957 5727 vesciris
969 5681 1134 5745 pane
1154 5671 1276 5745 tuo,
1320 5679 1441 5725 non
1457 5658 2024 5745 _magis_signiﬁcant

370 5747 758 5824 praeoptent,
781 5736 1085 5827 quam'illa
1105 5736 1376 5828 ejusdem
1403 5739 1478 5806 ad
1508 5736 1785 5815 eumdem
1821 5757 1836 5805 :
1870 5736 2020 5803 Put-

1563 5324 1625 5375 97
1654 5327 1808 5391 Gen.
1844 5340 1932 5406 Ill,
1961 5327 2061 5393 19.

2090 4521 2436 4580 germanum
2467 4505 2985 4571 Christianismum
3019 4509 3184 4590 fugit.
3214 4511 3358 4576 Esse
3381 4505 3540 4577 enim
3568 4517 3736 4580 Chri-

2092 4592 2368 4680 stianum,
2394 4602 2453 4655 et
2474 4594 2693 4657 nullius
2715 4615 2911 4675 egere,
2963 4597 3330 4680 impossibile
3352 4614 3458 4666 est.
3496 4604 3732 4669 Etenim

2095 4679 2253 4742 Deus
2286 4682 2471 4743 nostri
2500 4683 2709 4747 similis
2738 4685 2894 4749 inter
2925 4679 3278 4765 nos’factus,
3311 4702 3372 4754 ut
3415 4695 3732 4757 humanam

2099 4778 2365 4860 naturam
2390 4790 2574 4853 usque
2596 4774 2933 4857 aprincipio
2955 4776 3339 4853 instauraret,
3354 4782 3730 4860 decretasua,

2094 4878 2225 4942 quae
2254 4859 2326 4921 ad
2354 4860 2796 4926 damnationem
2836 4869 3289 4945 transgressoris
3319 4872 3573 4934 mandati
3618 4859 3733 4949 sui,

2096 4950 2294 5030 primi,
2318 4951 2584 5032 inquam,
2615 4955 2877 5033 parentis
2898 4956 3087 5017 nostri
3108 4957 3269 5033 fecit,
3298 4961 3736 5042 corruptionem

2092 5040 2362 5104 videlicet
2380 5049 2437 5102 et
2461 5052 2737 5116 mortem,
2776 5061 2909 5104 cum
2941 5043 3089 5106 dixit
3117 5067 3133 5107 :
3166 5045 3243 5108 In
3288 5040 3512 5112 sudore
3540 5049 3741 5112 vultus

2093 5133 2185 5192 tui
2207 5130 2476 5192 comedes
2496 5147 2721 5211 panem
2751 5136 2921 5194 tuum
2945 5132 3029 5213 (6)
3060 5151 3073 5196 :
3102 5133 3174 5196 Et
3205 5156 3219 5195 :
3256 5135 3445 5200 Terra
3473 5155 3556 5215 es,
3589 5146 3646 5201 et
3676 5139 3743 5201 in

2101 5498 2193 5580 cis
2213 5516 2300 5580 es,
2325 5509 2377 5563 et
2392 5500 2459 5562 in
2477 5499 2782 5580 pulverem
2809 5511 3156 5570 reverteris.
3186 5504 3294 5569 Del
3321 5506 3423 5571 illa
3443 5506 3516 5570 ad
3538 5506 3747 5571 Evam:

2102 5577 2178 5672 ‘l‘n
2199 5579 2405 5672 dolore
2417 5577 2620 5659 partes
2642 5582 2834 5672 ﬁlios;
2865 5586 2972 5649 sed
2996 5586 3341 5667 Signiﬁcans
3360 5607 3619 5672 pmnam,
3639 5605 3757 5672 qua

2102 5608 2178 5639 ιη
2199 5608 2405 5643 umore
2417 5608 2620 5659 partes
2642 5608 2834 5663 mtas;
2865 5608 2972 5649 seu
2996 5608 3341 5667 Slgmucans
3360 5608 3619 5672 pmnam,
3679 5608 3757 5653 ua

2102 5656 2848 5757 Densaprimosoparentes,
2883 5684 3213 5757 eorumque
3248 5678 3519 5757 posteros
3547 5608 3758 5757 mutita-

2101 5737 2206 5804 vit.
2236 5737 2417 5823 Ei-go,
2447 5737 2568 5823 qui'
2579 5742 2772 5810 modis
2800 5737 2983 5817 licitis
3025 5737 3270 5834 operarii
3288 5737 3442 5831 "dat,
3489 5758 3558 5815 ut
3582 5748 3753 5810 ἔδειαν
