4112 6106
323 295 444 369 393

1783 294 2062 363 ORATIO
2103 290 2290 364 XVII.

3608 288 3724 360 894

315 434 573 507 raverit,
596 432 1170 514 inquit,verelibcri
1199 431 1428 494 eritis3.
1447 429 1593 493 Cum
1624 445 1763 509 ergo
1791 427 1924 510 quis
1946 435 2043 490 aA
2063 427 2238 493 sibile
2268 438 2381 495 est.
2439 428 2704 494 Affectus
2753 429 2914 493 enim
2972 425 3181 494 morbo
3237 425 3574 515 quispiam,
3614 433 3720 517 qui

317 521 513 584 tribus
545 522 716 585 hisce
747 523 1030 584 liberatus
1060 521 1256 596 fuerit,
1289 529 1412 582 tum
1466 518 1733 593 demum,
1769 526 1832 579 ut
1852 518 1975 598 jam

318 610 720 689 Christianus,
755 620 812 674 et
842 611 1058 676 Christi
1101 630 1306 674 servus
1336 610 1603 683 effectus,
1639 607 1893 690 psallere
1923 620 1982 674 et

319 719 494 763 orare
519 701 720 764 debet.
755 702 929 765 Certe
962 701 1121 763 enim
1157 699 1257 781 qui
1286 707 1386 760 aut
1432 697 1506 760 ab
1537 697 1630 758 his
1662 696 1851 757 tribus
1885 701 1979 774 ty-

322 789 590 852 rannicis
625 789 1064 866 affectionibus,
1089 798 1191 851 aut
1211 788 1283 852 ab
1315 789 1524 850 harum
1556 786 1754 867 aliqua
1782 783 1982 863 subju-

324 892 496 958 gatus
525 887 630 950 cst,
669 879 845 941 etiam
882 880 1082 941 volens
1111 879 1172 940 in
1214 878 1550 940 libertatem
1584 894 1648 936 se
1677 873 1978 936 vindicare

332 968 564 1048 nequit.
597 968 722 1030 Soli
754 969 913 1031 enim
940 967 1050 1032 Dei
1079 967 1252 1043 Filio,
1279 977 1451 1048 atque
1472 965 1620 1043 Regi
1650 966 1787 1028 Jesu
1819 961 1983 1023 Chri-

324 1069 448 1131 sto,
480 1058 803 1120 secundum
840 1064 1187 1138 potestatem
1220 1075 1393 1137 quam
1426 1075 1459 1117 a
1509 1055 1684 1117 Patre
1740 1059 1982 1134 propter

322 1163 537 1206 necem
567 1165 907 1227 perpessam
932 1145 1183 1226 accepit,
1211 1145 1379 1206 istam
1405 1145 1628 1206 donare
1648 1142 1979 1204 libertatem

322 1252 678 1296 concessum
701 1243 811 1309 est,
829 1234 926 1315 qui
953 1243 1082 1315 post
1095 1235 1598 1296 resurrectionem
1622 1252 1787 1295 suam
1811 1229 1976 1294 dicit:

2060 520 2226 599 prius
2259 518 2411 581 bene
2442 518 2697 595 valebat,
2750 520 2826 582 de
2868 527 3022 583 statu
3077 539 3184 584 suo
3242 518 3304 583 in
3361 542 3478 604 quo
3535 543 3716 588 sanus

2062 616 2208 690 erat,
2243 609 2478 688 cogitat.
2514 607 2738 671 Verum
2772 607 2844 671 ab
2875 609 3004 691 ipsa
3044 611 3457 691 conceptione,
3491 613 3713 678 nedum
3766 613 3772 622 “

2062 695 2135 756 ab
2165 703 2294 757 ortu
2331 703 2388 758 et
2419 699 2573 759 exitu
2605 696 2667 758 in
2699 697 2916 775 lucem,
2961 706 3169 760 natura
3206 717 3381 778 aeger,
3415 703 3712 782 quomodo

2063 782 2206 864 quid
2236 784 2309 845 sit
2339 784 2560 847 sanitas
2589 804 2766 848 nosse
2797 785 3030 866 possit?
3059 784 3172 860 Qui
3218 788 3394 850 etiam
3439 789 3516 852 de
3545 791 3712 854 sani-

2066 880 2184 935 tate
2215 872 2489 955 audiens,
2521 893 2640 936 non
2675 874 2847 938 modo
2877 875 3212 939 doctrinam
3259 896 3378 940 non
3408 881 3709 963 complec-

2063 968 2240 1038 tetur,
2273 963 2380 1025 sed
2411 971 2468 1054 et
2499 963 2812 1054 proinugis
2842 964 3040 1043 ducet,
3075 985 3208 1047 qua;
3237 967 3537 1047 dicuntur,
3574 993 3708 1054 pro-

2064 1058 2196 1130 pter
2221 1071 2384 1113 suam
2418 1053 2897 1142 incredulitatem
2929 1058 3149 1129 omnia,
3186 1055 3418 1135 jejunia
3453 1053 3706 1142 scilicet,

2063 1139 2308 1234 ejusque
2339 1141 2587 1234 comites
2617 1161 2722 1234 pro
2753 1143 3212 1234 incredibilibus
3235 1145 3486 1231 habens,
3511 1158 3570 1213 et
3599 1139 3706 1234 pro

2067 1227 2318 1318 vinculis
2370 1230 2580 1292 ferreis
2637 1231 2713 1293 de
2764 1232 3019 1312 peccatis
3071 1241 3193 1295 tum
3252 1227 3529 1318 propriis,
3582 1227 3702 1306 tum

321 1322 493 1386 Data
523 1333 610 1408 est
640 1326 796 1387 mihi
824 1314 1018 1386 omnis
1037 1331 1304 1404 potestas
1326 1327 1389 1384 in
1411 1324 1554 1385 caelo
1579 1334 1636 1385 et
1657 1328 1724 1384 in
1747 1331 1910 1386 terra
1925 1321 1955 1370 4

2063 1314 2307 1408 fratrum
2341 1319 2566 1400 dolere,
2599 1326 2656 1408 et
2685 1321 2827 1382 ﬂere
2859 1338 2990 1386 cum
3050 1314 3378 1406 ﬂentibus,—
3410 1340 3476 1389 ut
3513 1314 3701 1398 etiam

318 1412 413 1472 Ad
447 1406 824 1476 liberatorem
858 1413 1041 1493 igitur
1071 1411 1550 1507 confugiendum,
1586 1432 1759 1507 quem
1794 1431 1977 1494 penes
2059 1406 2485 1507 gauderefpm
2513 1407 2926 1507 gaudentibus.
2971 1409 3089 1507 Sed
3121 1411 3247 1507 haec
3296 1419 3496 1482 omnia
3522 1423 3708 1507 bona,‘

317 1502 516 1563 solum
551 1511 642 1565 est
671 1503 781 1564 ista
812 1502 1146 1595 auctoritas.
1180 1501 1252 1563 Et
1292 1521 1375 1595 ne
1410 1500 1577 1595 quid
1601 1501 1962 1586 omittamus,

2056 1495 2453 1595 admirabilia,
2487 1503 2543 1558 et
2573 1496 2747 1559 laude
2777 1498 2954 1595 digna
2983 1499 3342 1595 injfnibilum
3392 1495 3689 1595 recidunt,

322 1609 444 1669 quo
477 1590 547 1652 ab
580 1610 651 1653 eo
681 1611 716 1654 a
747 1591 931 1653 tribus
962 1591 1126 1652 hisce
1151 1589 1410 1670 tyrannis
1434 1590 1493 1650 in
1519 1589 1852 1652 libertatem
1873 1583 1971 1652 asJ-
2056 1583 2106 1685 si
2137 1584 2211 1662 is,
2244 1585 2344 1666 qui
2373 1603 2452 1685 ea
2472 1594 2869 1685 consectatur,
2902 1587 3010 1651 Dei
3039 1593 3526 1685 sanctiﬁcationis
3555 1583 3698 1685 par;

316 1696 619 1761 seramur,
653 1699 758 1760 pro
790 1699 859 1742 ea
889 1699 997 1741 nos
1027 1679 1244 1778 inedia
1273 1695 1664 1778 maceremus,
1719 1686 1776 1740 et
1797 1680 1970 1778 elee-
1992 1742 2032 1778 ῃ
2054 1674 2388 1778 ἰξοθρεληοῐι
2420 1675 2516 1778 δέδιε
2547 1697 2560 1738 ε
2595 1675 2709 1778 litis
2738 1677 2899 1778 {mityl
2931 1697 3049 1741 una
3079 1681 3361 1778 _t_endunt
3403 1674 3698 1778 universa,

316 1742 1076 1848 mosynas’distribuamus,
1102 1776 1164 1829 ut
1197 1767 1390 1828 videat
1416 1786 1526 1829 nos
1547 1742 1768 1848 cupere
1796 1768 1971 1832 liber-
1992 1742 2032 1791 Β
2054 1742 2206 1826 sicut
2231 1763 2547 1846 Apostolus
2575 1765 2655 1827 ait
2674 1766 2703 1815 7
2730 1765 2805 1828 de
2837 1767 2909 1828 iis
2937 1769 3096 1848 quod
3112 1742 3698 1848 ‘1)etis—:3ruti-irt'evta’n3

318 1863 527 1936 tatem,
581 1857 682 1937 qui
740 1859 859 1919 vult
904 1856 1400 1920 misericordiam.
1454 1855 1746 1954 Caeterum
1792 1864 1973 1937 partae
2053 1871 2230 1954 quam
2263 1853 2742 1954 ﬁliosdignatur,
2776 1855 3057 1954 quoniam
3103 1861 3302 1954 erudit
3346 1868 3420 1929 ad
3450 1869 3511 1933 id
3543 1875 3702 1954 quod

314 1943 613 2008 libertatis
636 1947 922 2009 indicium
950 1955 1063 2021 est,
1091 1947 1419 2028 perfectum
1452 1945 1966 2042 odiumillorum;
2054 1941 2218 2042 utile
2257 1949 2368 2042 est,
2403 1941 2487 2042 Ain
2546 1942 2894 2042 recipiendo
2951 1947 3484 2042 sanctificationem
3541 1941 3694 2042 ejus.

317 2042 388 2094 ut
418 2053 451 2096 a
480 2054 732 2115 quorum
763 2027 1101 2098 cervicibus,
1123 2039 1231 2097 hoc
1256 2037 1464 2115 jugum
1512 2034 1726 2096 servile
1755 2035 1969 2117 depul-
2054 2027 2222 2101 Quod
2254 2029 2368 2091 nisi
2396 2029 2518 2106 ﬁat,
2552 2031 2744 2094 inanis
2778 2030 2965 2109 labor,
2996 2033 3192 2098 inanis
3222 2039 3392 2104 ﬁdes.
3427 2027 3694 2113 Primum

313 2142 451 2186 sum
486 2133 593 2206 est,
629 2127 754 2187 hac
807 2135 1082 2207 tanquam
1136 2133 1398 2186 monstra
1438 2123 1782 2201 foedissima,
1834 2145 1966 2218 quae
2050 2118 2230 2198 igitur
2258 2138 2451 2200 neque
2480 2121 2612 2218 sine
2643 2121 3036 2200 virtuteJesu,
3065 2132 3124 2186 et
3142 2129 3247 2190 Dei
3272 2129 3402 2212 ipsa
3422 2134 3695 2218 legitime

312 2213 650 2275 secundum
683 2212 1016 2276 Salomonis
1048 2214 1514 2277 exsecrationem
1535 2232 1833 2294 nunquam
1858 2215 1967 2276 im-
2049 2227 2330 2308 exercere
2361 2209 2600 2310 possis}:
2637 2217 2697 2273 et
2725 2230 2842 2310 non
2874 2226 3218 2310 coronatur,
3261 2209 3515 2302 quem]
3543 2228 3698 2310 legi-

315 2300 475 2382 pleri
510 2311 729 2382 queant
751 2305 820 2376 5,
854 2305 1224 2367 detestentur
1253 2302 1453 2365 etiam.
1495 2301 1696 2382 Itaque
1747 2303 1967 2366 bonum
2048 2298 2578 2390 ιίῐῐιθ-(εεξτιείοίῐιθι
2611 2319 2790 2382 porro
2821 2300 2881 2362 in
2926 2302 3020 2364 his
3047 2303 3214 2387 fana,
3270 2298 3703 2390 uti—occulte}:

311 2395 407 2449 est
430 2391 682 2468 psallere
703 2391 848 2467 Deo,
875 2411 1071 2473 orare,
1087 2393 1388 2472 jejunare,
1418 2391 1679 2469 vigilare,
1727 2391 1967 2455 miseri-
2049 2387 2393 2492 cautissime
2419 2389 2581 2471 ﬁant,
2616 2407 2812 2452 coram
2845 2391 3032 2492 oculis
3088 2395 3273 2460 solius
3321 2387 3453 2481 Dei,
3509 2426 3698 2492 usque

309 2477 576 2540 cordiam
612 2498 914 2556 exercere,
948 2491 1007 2544 et
1035 2488 1277 2562 propter
1298 2481 1599 2544 Christum
1630 2498 1825 2560 egere.
1857 2483 1968 2544 Bo-

309 2586 458 2628 num
491 2587 554 2630 se
586 2569 900 2632 humiliare
935 2588 948 2632 :
986 2569 1086 2631 sed
1120 2569 1389 2632 videmus
1441 2569 1500 2629 in
1554 2570 1670 2645 his,
1727 2570 1958 2652 fratres,

318 2656 542 2718 multos
572 2657 633 2718 in
662 2679 906 2720 vacuum
940 2665 1040 2720 aut
1068 2659 1425 2733 cucurrisse,
1478 2666 1577 2720 aut
1607 2677 1872 2731 currere,
1907 2667 1965 2721 et

309 2742 587 2806 laborare
620 2746 929 2810 inutiliter.
961 2745 1144 2809 Causa
1168 2754 1373 2826 aperta
1390 2753 1496 2807 est.
1527 2745 1757 2807 Etenim
1783 2745 1961 2827 quid-

313 2831 456 2911 quid
489 2833 702 2912 agitur,
726 2848 969 2916 propter
989 2834 1210 2915 aliquid
1243 2835 1449 2913 agitur.
1497 2835 1642 2906 Quia
1676 2853 1814 2897 vero
1846 2841 1964 2896 tota

312 2927 525 2982 natura
555 2923 864 2985 hominum
896 2934 1026 3005 post
1072 2924 1615 3004 prazvaricationem
1667 2924 1959 3004 corrupti-

311 3007 452 3071 bilis
484 3019 542 3072 et
574 3013 841 3074 mortalis
868 3031 1002 3075 esse
1031 3013 1232 3092 cmpit,
1266 3019 1442 3094 atque
1491 3012 1714 3074 idcirco
1763 3012 1958 3076 imbe-

313 3097 454 3160 cilla
485 3108 542 3161 et
571 3119 924 3176 aerumnosa,
959 3102 1346 3182 omniumque
1376 3100 1651 3162 vitiorum
1674 3107 1732 3163 et
1760 3101 1956 3162 stulti-

307 3186 408 3248 tiae
437 3207 643 3270 capax,
677 3210 933 3272 quonam
985 3199 1155 3272 pacto
1213 3191 1340 3270 ipsa
1390 3209 1523 3253 sese
1566 3209 1600 3252 a
1644 3191 1962 3272 semetipsa

311 3273 708 3340 liberaverit?
729 3278 1034 3351 Quomodo
1055 3298 1194 3358 ergo
1217 3277 1564 3340 liberabitur
1579 3279 1609 3339 ?
1634 3277 1696 3341 Si
1706 3279 1957 3359 jejunia,

311 3362 568 3442 vigilias,
606 3369 972 3446 precationes
1003 3368 1412 3449 frequentarit,
1461 3375 1519 3429 et
1565 3367 1870 3444 laborarit,
1905 3371 1965 3430 et

309 3452 630 3516 facultates
662 3475 797 3518 suas
827 3456 1182 3538 pauperibus
1224 3456 1614 3538 distribuerit,
1648 3465 1714 3518 ut
1755 3477 1790 3520 a
1819 3477 1956 3520 cor-

304 3551 484 3623 rupta
515 3544 812 3608 voluntate
841 3545 1129 3609 diviniore
1158 3545 1372 3607 virtute
1419 3545 1731 3622 liberetur,
1782 3547 1854 3609 ab
1887 3566 1955 3610 eo

309 3631 412 3710 qui
443 3631 608 3693 solus
625 3633 855 3706 liberat,
879 3643 938 3697 et
956 3634 1056 3717 qui
1078 3633 1238 3696 venit
1258 3634 1468 3696 tollere
1490 3644 1732 3715 peccata
1750 3637 1958 3699 mundi

304 3720 482 3783 Jesus
513 3722 778 3785 Christus
809 3731 870 3786 et
895 3724 1073 3786 Deus.
1109 3725 1219 3797 Qui
1251 3724 1326 3786 ob
1378 3725 1529 3786 hanc
1575 3743 1812 3787 causam
1853 3727 1953 3806 je-

299 3809 496 3888 junat,
531 3810 753 3890 vigilat,
785 3811 1017 3894 aliaque
1049 3813 1207 3888 facit,
1235 3823 1293 3876 et
1313 3813 1562 3886 laborat,
1598 3815 1812 3894 optatis
1841 3835 1951 3896 po-

306 3899 507 3972 tietur,
537 3908 594 3962 et
616 3916 953 3980 cognoscet,
981 3905 1267 3982 etgratias
1288 3911 1442 3980 aget,
1463 3903 1953 3966 ethumiliabz‘tur

301 3986 414 4050 sub
437 3996 676 4069 potenti
694 4008 880 4053 manu
912 3991 1067 4054 Dei6
1094 4041 1106 4054 .
1138 3991 1250 4064 Qui
1280 3999 1475 4054 autem
1505 3991 1567 4052 in
1591 3992 1703 4053 vita
1723 3993 1951 4071 agenda

301 4077 462 4138 hunc
485 4097 730 4158 scopum
750 4080 864 4142 sibi
887 4081 1250 4162 propositum
1293 4101 1412 4142 non
1435 4082 1632 4161 habet,
1653 4080 1950 4143 incassum

302 4163 616 4241 laborabit,
642 4167 964 4249 infelixque
983 4178 1041 4231 et
1065 4171 1247 4231 miser
1275 4169 1646 4233 Christianus
1677 4169 1753 4230 ad
1783 4169 1949 4232 futu-

303 4270 438 4314 rum
471 4256 752 4318 saeculum
787 4259 1239 4322 transmittetur.

2049 2475 2198 2537 adeo
2226 2475 2563 2575 diligenter,
2595 2485 2658 2538 ut
2673 2479 3156 2575 Anequeéinistra
3211 2496 3414 2552 nostra
3435 2475 3445 2481 ’
3465 2475 3688 2575 cogno-

2044 2571 2189 2640 scat,
2215 2563 2367 2662 quid
2396 2565 2638 2662 dextera
2667 2567 2862 2630 faciat.
2896 2567 3039 2641 Quae
3087 2581 3285 2662 autem
3332 2563 3600 2662 sinistra,
3633 2599 3692 2652 et

2045 2671 2176 2732 qua;
2199 2653 2438 2716 dextera
2462 2653 2492 2714 ‘2
2521 2655 2769 2718 Dextera
2791 2664 2902 2733 est,
2928 2677 3058 2740 quae
3076 2659 3373 2728 Christum
3391 2653 3688 2740 dicentem

2043 2741 2251 2837 audit_:
2288 2741 2443 2805 Cum
2497 2746 2701 2807 omnia
2749 2747 3034 2824 feceritis,
3089 2750 3288 2836 dicite,
3337 2761 3484 2837 quia
3527 2768 3693 2831 servi

2044 2829 2290 2931 inutiles
2314 2849 2548 2931 smnus,
2584 2840 2878 2931 quoniam
2913 2838 3076 2931 quod
3117 2829 3687 2931 facere'debemus,

2042 2919 2298 3024 fecimus
2312 2921 2387 3024 8_.
2416 2919 2738 3024 Sednenim,
2757 2923 2901 3024 quis
2918 2924 3020 2988 ille
3032 2927 3134 3007 qui
3155 2932 3354 3024 omnia
3368 2930 3530 3016 fecit,
3558 2919 3689 3024 quae

2041 3007 2236 3070 facere
2264 3009 2490 3072 debet?
2520 3009 2686 3083 Quod
2719 3011 2773 3074 si
2804 3012 2937 3093 quis
2990 3025 3090 3076 aut
3131 3020 3350 3100 omnia,
3402 3036 3500 3090 aut
3516 3007 3687 3095 ἠόηέ

2042 3099 2209 3199 nulla
2235 3100 2551 3201 aliquando
2591 3100 2770 3201 fecit,
2817 3101 2957 3201 quis
3013 3104 3127 3168 hoc
3185 3113 3394 3192 potuit,
3431 3125 3494 3180 ut
3526 3122 3689 3201 prius

2043 3188 2346 3283 mysticam
2388 3188 2607 3283 Christi
2654 3198 2930 3283 virtutem
2980 3213 3100 3257 non
3150 3188 3483 3283 susceperit
3504 3188 3542 3270 ἱί
3575 3209 3683 3275 Sin

2041 3283 2236 3379 autem
2268 3277 2398 3340 sine
2428 3279 2659 3342 Christo
2691 3278 2848 3379 fecit,
2866 3283 3150 3379 “vahips‘i,
3210 3296 3268 3349 et
3325 3277 3489 3374 operi
3522 3299 3690 3379 ejus.

2043 3364 2294 3457 Sinistra
2322 3375 2442 3457 eat,
2467 3387 2602 3457 cum
2651 3369 2783 3450 quis
2823 3369 3017 3433 ofﬁcio
3075 3373 3331 3457 functus,
3363 3364 3695 3453 .ltonorem‘

2042 3453 2156 3516 sibi
2187 3455 2370 3518 aDeo
2413 3456 2618 3549 deberi
2665 3457 2984 3549 existimat.
3047 3462 3205 3527 Talis
3264 3453 3394 3549 post
3450 3481 3675 3541 tantum

2039 3549 2364 3644 certamen,
2397 3551 2456 3606 et
2482 3544 2745 3644 laborem
2776 3563 2845 3644 ac
2864 3544 3342 3644 defatigationem
3376 3579 3679 3644 nunquam

2039 3631 2257 3694 Christi
2310 3633 2774 3732 sanctiﬁcatione
2829 3635 3221 3732 impertietur.
3281 3647 3357 3708 Et
3406 3631 3690 3732 vae-illi,

2038 3727 2358 3815 postquam
2380 3739 2448 3782 ex
2481 3721 2754 3815 hac_luce
2785 3723 3142 3815 migraverit.
3176 3731 3248 3793 Et
3279 3753 3410 3815 quae
3440 3721 3678 3804 tandem

2035 3811 2393 3902 receptionis
2425 3811 2620 3874 natae?
2651 3833 2782 3894 quae
2801 3815 2831 3874 ?
2853 3814 2982 3878 Non
3001 3818 3199 3902 irasci,
3229 3811 3515 3891 mundum
3537 3850 3676 3896 esse

2035 3899 2393 3992 asordibus,
2427 3919 2570 3992 quas
2608 3920 2778 3992 amor
2822 3903 3070 3984 impurae
3119 3899 3430 3992 voluptatis
3488 3929 3669 3983 creat.

2033 3986 2178 4051 Item
2205 3989 2616 4072 mansuetudo,
2644 4000 2702 4052 et
2717 3991 3056 4058 ﬁrmissima
3078 3986 3289 4062 horum
3303 4001 3461 4068 basis
3481 4008 3678 4074 humi-

2032 4075 2186 4152 litas,
2245 4077 2533 4140 malorum
2590 4081 2901 4142 tolerantia
2970 4093 3028 4146 et
3084 4092 3496 4170 compassione
3553 4118 3674 4163 non

2032 4184 2206 4229 secus
2231 4185 2403 4247 quam
2426 4167 2634 4231 ferreis
2679 4170 2822 4233 fulta
2842 4172 3186 4238 tibicinibus
3206 4167 3406 4245 ferens
3427 4184 3671 4252 dextera

2031 4255 2269 4357 globum
2301 4275 2570 4357 aureum,
2604 4259 2902 4357 lucentem
2947 4272 3005 4325 et
3051 4285 3382 4354 coruscam,
3433 4274 3672 4357 simpli-

389 4343 846 4424 Intelligendum
859 4356 1181 4424 estautem,
1195 4365 1430 4410 omnem
1442 4365 1684 4451 opera‘m
1697 4345 1942 4451 diaboli,
1967 4348 2010 4398 D
2030 4363 2183 4420 cem,
2209 4346 2645 4410 immaculatum
2666 4349 3034 4451 (perbonam
3058 4365 3195 4436 puta
3210 4343 3666 4451 conscientiam)

309 4427 768 4516 dtemonumque
797 4437 1079 4499 adversus
1117 4437 1478 4498 Christianos
1527 4436 1586 4497 in
1617 4436 1731 4498 hoc
1760 4437 1948 4498 collo-

309 4521 453 4600 cari,
484 4529 550 4582 ut
595 4523 746 4586 hanc
793 4525 1187 4605 ignorantiam
1245 4543 1350 4607 per
1405 4523 1670 4586 omnium
1721 4535 1951 4587 mentes

306 4607 662 4675 diffundant.
695 4613 886 4695 Atque
918 4615 992 4678 ob
1025 4635 1154 4678 eam
1184 4634 1310 4677 rem
1360 4615 1660 4676 daemones
1686 4614 1757 4674 ad
1784 4615 1944 4694 jeju-

2031 4453 2280 4524 quaeque
2310 4454 2607 4516 nunquam
2642 4438 2878 4516 excidit,
2914 4443 3229 4524 benignam
3279 4449 3620 4517 charitatem
3643 4438 3674 4521 ἐ

2029 4523 2269 4586 sinistra
2299 4533 2494 4586 autem
2511 4525 2714 4604 ﬁdem,
2733 4535 2794 4589 ut
2814 4523 3370 4604 armasolidissima.
3397 4541 3677 4611 Credidit

2030 4613 2188 4704 enim
2214 4615 2334 4676 Deo
2353 4615 2482 4704 sine
2517 4615 2905 4704 dubitatione,
2936 4627 3362 4704 etgreputatum
3390 4637 3478 4694 est
3506 4636 3567 4695 ei
3595 4635 3680 4698 ad

304 4697 426 4773 nia,
444 4699 699 4779 vigilias,
727 4704 892 4766 humi
922 4707 1292 4774 cnbationes.
1315 4713 1370 4766 et
1387 4712 1620 4786 caetera,
1643 4723 1774 4785 quae
1791 4705 1950 4802 dicta
2021 4703 2382 4802 justitiqm9
2413 4721 2427 4765 :
2483 4703 2700 4802 alioqui
2730 4708 2947 4802 {omnia
2973 4697 3152 4802 faciet
3180 4697 3630 4784 volens’nolens
3652 4771 3670 4802 ,

303 4797 467 4863 sunt,
523 4789 780 4853 ascetica
829 4793 1208 4856 administros
1243 4813 1308 4856 se
1338 4793 1625 4874 praebent,
1663 4801 1726 4854 ut
1753 4793 1854 4874 qui
1884 4813 1948 4857 se

302 4874 596 4966 afﬂigunt,
621 4882 842 4961 cum:se
882 4891 1045 4947 recte
1072 4884 1284 4948 fecisse
1314 4883 1668 4966 putaverint,
1704 4884 1950 4946 minime

303 4982 367 5026 se
398 4964 602 5028 aJesu
654 4979 890 5033 curatos
944 4973 1269 5036 inveniant.
1318 4964 1445 5035 Lex
1502 4972 1659 5034 enim
1717 4973 1948 5036 Christo

305 5053 499 5134 posita
528 5064 619 5118 est
646 5057 1032 5144 inviolabilis,
1069 5081 1145 5124 ne
1173 5079 1530 5144 quemquam
1564 5061 1957 5142 perturbatio-

307 5157 439 5216 nes,
467 5149 527 5232 et
548 5144 789 5208 morbos
809 5165 971 5226 suos,
999 5167 1326 5230 eorumque
1341 5149 1660 5226 medicum,
1685 5158 1744 5212 et
1770 5150 1959 5232 ipsam

306 5229 678 5321 sanationem
712 5236 1084 5312 ignorantem
1114 5229 1322 5301 curare
1353 5237 1539 5320 possit
1565 5256 1578 5301 :
1615 5229 1959 5321 quam'qui-

303 5315 445 5379 dem
477 5321 738 5400 primum
770 5326 1044 5409 apostoli,
1071 5335 1203 5409 post
1223 5315 1430 5391 eorum
1452 5315 1729 5407 discipuli
1747 5315 1963 5392 docue-

303 5411 472 5471 runt.
507 5408 687 5492 Atqui
711 5431 830 5475 non
852 5408 1089 5494 doceri,
1111 5423 1170 5480 et
1189 5435 1367 5480 nosse
1395 5414 1704 5478 sanitatem
1729 5415 1959 5498 impos-

381 5537 416 5589 3
441 5536 596 5630 Ibid.
641 5540 780 5630 3§._
829 5545 862 5596 4
886 5547 1100 5630 Matth.
1131 5565 1338 5624 xxvm,
1374 5547 1474 5612 18.
1555 5545 1589 5598 5
1617 5546 1790 5612 Prov.
1821 5564 2001 5630 nvn,

290 5633 441 5698 xvn,
474 5619 576 5684 lO.
674 5622 709 5674 9
738 5624 891 5693 Gen.
922 5645 1024 5709 xv,
1056 5628 1121 5694 6.

627 5756 897 5828 Patior.
931 5763 1046 5832 GR.
1078 5762 1263 5837 CXX.

2029 4800 2097 4853 ut
2124 4791 2490 4870 gloriﬁcatur
2517 4792 2590 4854 ab
2621 4793 2984 4861 hominibus.
3018 4797 3149 4863 Non
3181 4804 3340 4866 enim
3372 4807 3474 4870 ubi
3503 4791 3694 4873 Chri:

2029 4887 2185 4975 stus,
2209 4880 2332 4975 illic
2361 4881 2705 4960 daemones;
2748 4885 2850 4975 ubi
2899 4895 3095 4950 autem
3151 4891 3476 4975 daemones,
3525 4897 3610 4960 ibi
3640 4918 3675 4962 a

2029 4969 2326 5031 curriculo
2356 4979 2536 5033 rectae
2561 4972 2807 5036 rationis
2836 4975 3192 5044 deﬂectitur.
3253 4981 3399 5045 Nam
3448 4969 3514 5049 ut
3540 5001 3696 5052 ves-‘

2043 5059 2388 5152 partitiones
2417 5068 2595 5124 noctu
2626 5062 3070 5146 circumvolant,
3106 5079 3164 5132 et
3211 5081 3569 5152 pascuntur:
3601 5077 3683 5141 ita

2044 5148 2220 5210 etiam
2250 5149 2553 5212 daemones
2582 5171 2716 5214 cum
2748 5154 3017 5239 principe
3043 5176 3174 5236 suo,
3209 5148 3434 5226 natura;
3460 5164 3680 5231 intelli-

2043 5243 2274 5318 gentes,
2335 5239 2655 5322 solutaque
2709 5261 2778 5305 ac
2831 5245 3036 5309 liberae
3088 5247 3152 5310 in
3205 5248 3323 5312 vita
3369 5248 3693 5318 hominum:

2045 5326 2262 5424 misera
2287 5345 2355 5390 ac
2388 5329 2649 5424 perdita,
2670 5333 2832 5396 velut
2859 5343 3040 5399 noctu
3067 5344 3257 5403 terras
3285 5349 3461 5424 atque
3488 5345 3680 5408 aerias

2041 5415 2318 5494 regiones
2345 5419 2784 5499 perambulant.

2032 5547 2134 5613 20.
2219 5549 2254 5600 θ
2282 5547 2438 5614 Petr.
2471 5569 2533 5618 v.
2562 5555 2626 5616 6.
2712 5554 2743 5606 7
2769 5555 2824 5621 II
2851 5557 3007 5624 Tim.
3039 5574 3106 5643 ιι,
3144 5563 3168 5630 1
3205 5581 3378 5650 seqq.
3459 5567 3494 5620 8
3529 5567 3682 5631 Luc.

3287 5776 3366 5844 13
