4112 6106
438 202 560 271 395

1736 204 2119 278 SYMEONIS
2156 206 2509 275 IUNIORIS

3700 206 3821 272 396

514 340 980 405 Similitudinem
1010 339 1305 424 quispiam
1322 357 1396 403 ex
1424 347 1629 403 nostra
1654 346 1854 402 mente
1883 340 2079 404 ducat.
2102 349 2146 399 Α
2168 338 2349 405 rebus
2360 340 2873 423 contendimus,et
2880 342 3214 423 jurgamur,
3231 341 3519 406 adhibere
3532 340 3819 403 solemus.

432 430 575 505 Quae
605 431 766 495 enim
820 432 947 494 haec
998 429 1315 513 aliquando
1368 429 1661 510 cognovit,
1717 430 2091 511 quantumvis

433 522 613 603 longe
647 521 859 604 posita,
890 528 1193 583 momento
1223 538 1291 582 ac
1312 528 1533 602 puncto
1567 519 1854 598 temporis
1887 537 2092 600 perva-

433 612 543 687 dit,
576 612 757 692 idque
786 610 981 672 adhuc
1009 608 1278 691 corporis
1302 608 1395 670 sui
1440 608 1762 671 constricta
1812 608 2086 668 vinculis.

434 699 588 764 Hinc
618 719 735 762 non
769 707 858 761 est
887 707 1223 779 promptum
1250 715 1389 759 vero
1420 696 1760 759 Christiano
1820 696 2083 756 animum

431 808 666 854 sursum
695 788 770 850 ad
812 790 1024 863 Deum,
1085 786 1545 867 divinorumque
1593 784 2083 867 perspicientiam

430 880 684 960 erigere,
715 886 891 959 atque
920 876 1256 951 sustollere,
1282 884 1339 938 et
1367 894 1501 937 cum
1533 875 1636 936 illo
1662 893 1896 935 summo
1927 873 2083 935 bono

432 966 717 1049 colloqui,
752 974 811 1027 et
842 983 949 1047 per
970 965 1377 1027 sanctissimas
1398 964 1669 1025 notiones
1692 963 1813 1025 illic
1834 964 2087 1024 circum—

429 1058 550 1121 fusi
583 1055 825 1118 lnminis
855 1054 1204 1137 participem
1234 1054 1390 1128 fieri,
1422 1053 1538 1115 nisi
1593 1061 1730 1114 ante
1779 1071 1813 1113 a
1864 1052 2087 1133 Spiritu

427 1153 632 1210 sancto
661 1144 823 1207 velut
852 1142 1049 1222 sigillo
1102 1142 1422 1222 insignitus
1453 1141 1548 1203 sit.
1584 1144 1729 1205 Cum
1762 1141 1921 1203 enim
1953 1140 2087 1201 dia-

426 1235 604 1302 bolus
634 1253 764 1297 eam
796 1232 994 1294 divina
1021 1232 1208 1313 gratia
1266 1231 1631 1305 destitutam,
1680 1248 1879 1293 aerem
1914 1229 2088 1291 modo

430 1324 689 1408 quodam
720 1322 1014 1405 spirituali
1045 1323 1399 1385 concitatam
1443 1327 1778 1401 penetrare,
1812 1329 1871 1381 et
1902 1322 2087 1383 Deum

428 1416 774 1498 concipere,
802 1432 1164 1496 suorumque
1183 1431 1311 1475 erra
1321 1420 1511 1475 torum
1527 1412 1830 1474 recordari
1853 1410 2090 1491 viderit,

426 1506 714 1570 audacter
770 1503 923 1566 viam
975 1501 1342 1576 custodiens,
1371 1500 1808 1582 quodammodo
1849 1501 2087 1562 clamat.

2173 428 2325 493 Hinc
2343 431 2719 511 perspicitur,
2745 450 2860 511 quo
2909 438 3082 513 pacto
3113 431 3385 492 diabolus
3417 436 3677 494 mentem
3708 428 3820 489 hoc

2171 526 2289 582 tam
2322 520 2482 598 gravi
2531 520 2686 581 malo
2740 521 2987 583 involuti
3036 520 3465 584 circumducat.
3509 521 3586 583 Et
3628 515 3821 579 omnis

2174 608 2475 671 medicina
2502 607 2849 689 spiritualis,
2871 609 3214 691 curatioque
3239 607 3598 689 experienda
3620 611 3729 679 est,
3756 609 3820 662 ut

2169 699 2439 760 medicus
2465 700 2823 780 animorum,
2860 708 2914 760 et
2938 717 3251 779 corporum
3280 700 3448 761 Jesus
3479 698 3638 758 hunc
3670 710 3827 753 mor-

2169 786 2311 848 bum
2344 796 2537 851 sanet.
2569 788 2674 850 Sin
2706 788 2923 864 minus,
2954 788 3281 869 psalmodia
3297 794 3440 862 tota,
3464 785 3819 862 habitusque

2165 876 2241 937 ad
2270 876 2457 939 Deum
2492 896 2687 939 sermo
2717 878 2911 939 inanis
2968 886 3079 953 est,
3140 886 3198 939 et
3253 877 3573 940 evanescit.
3628 872 3821 945 Quare

2166 964 2581 1044 ingemiscere,
2617 974 2675 1028 et
2704 967 2936 1047 plorare
2970 967 3343 1047 insipienter,
3379 984 3447 1027 ac
3477 964 3608 1026 sine
3640 959 3819 1021 intel-

2169 1052 2325 1116 lectu
2357 1054 2708 1136 psallentem
2739 1064 2994 1133 oportet,
3044 1074 3154 1116 nec
3186 1064 3413 1136 putare,
3465 1071 3531 1114 se
3561 1049 3821 1133 psalmos

2172 1144 2484 1206 cecinisse.
2515 1144 2681 1217 Quod
2709 1145 2758 1207 si
2781 1145 3005 1206 idcirco
3026 1164 3145 1205 non
3177 1144 3359 1219 dolet,
3395 1142 3534 1224 quid
3569 1140 3817 1201 salutem

2172 1237 2419 1313 sperat?
2446 1233 2596 1294 Illud
2627 1233 2786 1295 enim
2813 1251 2825 1296 :
2861 1233 3001 1296 Non
3029 1241 3117 1296 est
3144 1239 3409 1313 speciosa
3454 1231 3586 1293 laus
3624 1231 3690 1289 in
3714 1241 3823 1286 ore

2170 1324 2506 1402 peccatoris
2536 1323 2593 1373 12
2616 1370 2634 1401 ,
2668 1342 2785 1385 non
2817 1323 2895 1384 de
2940 1322 3137 1399 atheo,
3172 1331 3230 1383 et
3274 1319 3502 1383 infideli
3541 1315 3821 1399 quopiam

2177 1411 2462 1493 scriptum
2497 1421 2588 1475 est
2608 1413 2835 1491 (nullus
2865 1412 3088 1493 quippe
3118 1412 3327 1473 horum
3380 1410 3575 1471 laudat
3602 1406 3818 1475 Deum,

2176 1518 2351 1580 quem
2385 1502 2635 1583 ignorat)
2671 1502 2775 1563 sed
2800 1502 2873 1563 de
2893 1520 2964 1564 eo
2988 1501 3089 1582 qui
3119 1500 3307 1562 Deum
3338 1513 3727 1578 cognoscens,
3761 1500 3823 1553 et

427 1594 557 1669 Quo
587 1593 794 1682 infelix
817 1610 925 1674 per
948 1609 1149 1682 meum
1169 1588 1765 1682 imperiumgpergis?
1796 1590 1918 1667 Ego
1936 1589 2094 1682 prin-
2116 1635 2153 1682 Β
2177 1587 2238 1648 in
2269 1607 2403 1651 eum
2437 1590 2714 1664 credens,
2748 1609 2855 1671 per
2886 1609 3067 1671 opera
3118 1590 3271 1650 mala
3318 1588 3563 1682 impius,
3612 1592 3669 1646 et
3715 1598 3824 1682 per

426 1702 568 1766 ceps
598 1681 1012 1746 tenebrarum.
1035 1680 1157 1761 Ego
1184 1698 1393 1742 eorum
1418 1679 1520 1761 qui
1540 1678 1827 1741 mundum
1854 1678 2094 1759 sapiunt

432 1774 719 1856 princeps
748 1769 1082 1852 appellatus
1106 1788 1261 1833 sum.
1290 1768 1409 1849 Ego
1432 1768 1697 1850 corrupti
1721 1768 1875 1830 aeris
1897 1768 2095 1829 Domi-

430 1882 542 1926 nus
574 1869 633 1925 et
664 1860 891 1922 arbiter
920 1857 1196 1923 Satanas.
1226 1857 1503 1921 Nondum
1536 1878 1569 1921 e
1612 1866 1909 1939 potestate
1962 1876 2093 1918 mea

430 1952 712 2014 translata
739 1967 803 2015 es
831 1950 923 2030 (ut
983 1949 1178 2030 inquit
1236 1948 1557 2031 Apostolus
1582 1949 1639 1999 10
1686 1947 1760 2010 de
1790 1946 1906 2017 his,
1937 1966 2090 2028 quos

428 2041 720 2131 Christus,
741 2038 1044 2131 transtulit
1070 2038 1147 2131 de
1178 2046 1466 2131 potestate
1491 2036 1720 2100 Satanae
1745 2039 1817 2098 ad
1841 2040 2028 2131 Deum
2047 2050 2084 2131 .)

425 2129 641 2195 Adhuc
664 2127 875 2191 ditioni
893 2145 1042 2189 mete
1058 2125 1354 2206 subjecta,
1379 2145 1509 2208 quae
1520 2145 1654 2189 mea
1672 2133 1811 2187 sunt
1829 2124 2084 2204 respice,

432 2219 571 2283 Mea
603 2225 693 2280 est
724 2216 886 2279 enim
912 2215 1206 2291 salacitas,
1253 2214 1593 2290 insolentia,
1625 2213 1935 2295 injustitia,
1971 2214 2088 2274 im-

2176 1690 2488 1758 peccatum
2517 1678 2935 1758 Deijinimicus
2965 1687 3141 1759 atque
3163 1678 3347 1740 hostis
3376 1688 3488 1739 est.
3525 1671 3823 1747 Quemad-

2175 1766 2417 1829 modum
2446 1786 2702 1848 namque
2725 1769 3058 1848 speciosum
3073 1767 3297 1848 aliquid
3322 1766 3634 1846 pulchrum
3652 1770 3745 1823 est
3763 1766 3824 1821 et

2175 1856 2437 1936 elegans,
2462 1866 2521 1919 ut
2538 1858 3045 1939 pulchritudinem
3066 1867 3124 1920 et
3148 1855 3493 1935 elegantiam
3508 1852 3825 1915 continens

2173 1948 3069 2029 aspectuquejucundissimum,
3089 1956 3146 2009 et
3162 1948 3296 2009 ideo
3312 1947 3487 2009 etiam
3510 1944 3817 2006 oculorum

2174 2034 2442 2098 obtutum
2464 2038 2536 2099 ad
2563 2056 2626 2100 se
2647 2038 2882 2100 allectat
2914 2058 2927 2098 :
2963 2037 3231 2100 deforme
3282 2045 3487 2098 contra
3527 2042 3616 2097 est
3644 2032 3820 2094 odio-

2174 2142 2328 2203 sum,
2362 2133 2422 2188 et
2448 2126 2805 2189 intuentium
2854 2128 3057 2189 oculos
3104 2146 3138 2188 a
3167 2145 3231 2189 se
3261 2125 3476 2189 avertit
3509 2144 3524 2188 :
3557 2123 3644 2185 sic
3691 2122 3823 2184 laus

2176 2216 2501 2293 peccatoris
2528 2217 2758 2279 divinos
2786 2217 2988 2280 oculos
3028 2236 3062 2278 a
3091 2235 3155 2279 se
3182 2216 3442 2296 repellit.
3478 2213 3630 2278 Solis
3658 2211 3819 2273 enim

432 2307 722 2392 probitas,
758 2323 889 2387 quae
916 2312 976 2368 te
1025 2313 1222 2381 antea,
1254 2312 1318 2366 ut
1347 2304 1668 2367 admodum
1702 2304 1857 2365 bona
1886 2302 2084 2392 docui.
2174 2300 2347 2364 labiis
2376 2321 2505 2365 eam
2540 2304 2907 2384 pronuntiat,
2935 2305 3116 2366 corde
3136 2312 3333 2366 autem
3366 2322 3499 2365 cum
3534 2301 3817 2384 peccatis,

429 2395 668 2474 Vidisti,
702 2394 969 2475 gustasti,
1004 2393 1297 2456 delectata
1326 2412 1413 2469 es,
1475 2412 1651 2476 mane
1708 2393 1884 2455 infra.
1945 2391 2084 2453 Ideo
2172 2410 2302 2472 quae
2330 2393 2391 2453 id
2422 2402 2931 2474 praeoccuparunt,
2965 2393 3268 2474 loquitur:
3295 2411 3329 2453 a
3357 2392 3573 2473 quibus
3603 2399 3667 2451 ut
3698 2398 3823 2451 tuta

432 2485 720 2566 scriptum
751 2490 842 2549 est
872 2503 889 2544 :
922 2482 1008 2546 Ei
1044 2500 1216 2545 nemo
1263 2489 1460 2561 potest
1506 2483 1733 2557 dicere,
1784 2482 2084 2544 Dominus
2169 2498 2239 2541 ac
2272 2489 2437 2543 certa
2468 2484 2767 2563 possessio
2796 2484 3114 2546 retinetur.
3147 2481 3334 2545 Nemo
3367 2481 3662 2563 siquidem
3693 2480 3816 2542 Deo

433 2576 630 2649 Iesus,
664 2572 787 2636 nisi
808 2572 877 2634 in
904 2569 1150 2652 Spiritu
1175 2579 1381 2634 sancto
1410 2572 1460 2615 υ
1485 2615 1503 2633 .
2163 2576 2424 2646 cantare,
2450 2579 2510 2632 et
2529 2571 2765 2633 interim
2790 2592 2908 2634 non
2933 2573 2993 2634 in
3016 2580 3255 2653 pectore
3284 2572 3527 2634 infanda
3555 2572 3817 2633 volutare

515 2660 647 2725 Non
676 2678 815 2741 ergo
848 2658 1036 2722 ullum
1093 2659 1487 2723 Christianum
1531 2659 1607 2721 ad
1662 2658 2077 2740 psalmodiam,
2166 2666 2376 2739 potest,
2413 2659 2473 2720 ni
2503 2661 2666 2740 prius
2698 2680 2805 2741 per
2825 2662 3254 2742 paenitentiam,
3288 2670 3348 2723 et
3377 2660 3813 2723 Confessionem

430 2752 788 2831 divinosque
815 2749 1075 2828 hymnos
1121 2747 1527 2810 concinendos
1576 2756 1770 2809 astare
1825 2756 2076 2828 oportet,
2164 2745 2331 2806 illum
2361 2746 2477 2808 sibi
2526 2749 3040 2825 reconciliaverit;
3101 2769 3231 2831 quae
3285 2750 3667 2812 reconciliata
3726 2754 3817 2809 est

425 2842 528 2926 qui
556 2841 719 2924 prius
747 2858 782 2902 a
811 2846 1016 2901 sancto
1047 2838 1265 2901 Sriritu
1288 2844 1550 2900 mentem
1570 2836 1930 2917 ﬁinsignitam
1964 2855 2083 2897 non
2168 2834 2460 2926 quaedam,
2495 2856 2625 2926 quae
2652 2838 2958 2901 intellectu
2990 2838 3339 2920 percipitur,
3389 2841 3516 2917 ejus
3543 2837 3621 2899 ad
3672 2835 3810 2898 ani-

427 2922 745 3007 liabuerit;
779 2947 857 2992 ne
880 2945 1081 2991 coram
1103 2926 1226 2990 Deo
1248 2935 1469 3001 astans,
1497 2944 1629 3008 quae
1657 2926 1887 2987 Satanae
1916 2931 2073 2989 sunt.
2103 2949 2143 2998 ο
2168 2938 2325 2983 mam
2354 2922 2761 2990 obumbratio.
2795 2926 2974 3007 Cujus
3004 2925 3473 2990 obumbrationis
3500 2942 3813 3004 argumen-

430 3029 497 3084 ut
525 3019 801 3083 minister
830 3018 985 3097 ejus,
1018 3016 1252 3098 operari
1297 3015 1661 3096 intelligatur
1693 3034 1707 3078 :
1759 3022 1821 3080 et
1868 3032 1944 3078 ex
1976 3016 2087 3078 hac

435 3128 615 3174 causa
639 3105 916 3171 sordibus
960 3104 1346 3187 inquinatior,
1380 3104 1668 3186 malisque
1696 3103 1824 3179 irai,
1858 3114 1920 3167 et
1950 3123 2087 3166 car-

438 3199 594 3263 nalis
621 3195 961 3278 cupiditatis
989 3194 1202 3266 dirius,
1247 3202 1306 3256 et
1354 3194 1593 3256 suavius
1641 3194 1907 3274 repletus
1938 3193 2087 3256 sub-

432 3296 721 3350 vertatur.
755 3284 865 3359 Qui
898 3301 1155 3365 namque
1186 3283 1250 3345 in
1274 3283 1571 3347 officinam
1617 3283 2087 3346 medicamenta-

428 3376 581 3440 riam
639 3376 967 3453 ingressus.
1028 3371 1276 3434 vulnera
1331 3372 1590 3435 vibicum
1658 3370 1946 3434 immitius
1975 3372 2091 3442 sibi

431 3464 793 3537 refricuerit,
830 3459 1142 3541 praestabat
1172 3461 1333 3523 hunc
1383 3478 1454 3522 eo
1500 3479 1798 3541 nunquam
1851 3460 2088 3540 ingres-

432 3571 587 3616 sum.
626 3551 811 3615 Multo
843 3550 1022 3630 igitur
1072 3549 1293 3624 studio,
1340 3550 1840 3630 accurationeque
1890 3551 2091 3630 cujus-

432 3659 549 3723 que
577 3638 899 3704 Christiani
930 3655 1102 3700 mens
1139 3637 1493 3717 corrigenda
1522 3646 1611 3700 est
1641 3642 1829 3719 prius,
1862 3656 1940 3700 ne
1970 3639 2085 3702 hoc

429 3728 561 3811 ipso
592 3728 692 3790 fiat
726 3725 1016 3803 deterior,
1040 3725 1197 3807 quod
1227 3734 1366 3789 ante
1394 3725 1827 3788 correctionem
1858 3727 2079 3810 psallit,

429 3819 797 3901 hymnosque
825 3834 895 3879 ac
926 3834 1133 3898 preces
1169 3816 1470 3897 persolvit.
1502 3814 1633 3878 Non
1664 3816 1826 3878 enim
1887 3827 2083 3898 potest

428 3906 704 3989 impurus
729 3903 965 3967 animus
994 3912 1188 3966 astare
1244 3903 1391 3980 Deo,
1446 3904 1819 3985 quantumvis
1862 3923 2081 3987 corpus

431 4003 629 4060 astet:
690 3993 831 4077 quia
885 4013 1005 4056 non
1079 3992 1210 4074 ipse
1265 3996 1698 4075 unusquisque,
1771 3993 1878 4056 sed
1949 4014 2084 4076 quae

431 4100 924 4165 unumquemque
953 4082 1271 4145 obumbrat
1317 4082 1543 4146 Christi
1589 4082 1797 4163 gratia,
1850 4101 1923 4146 ea
1969 4093 2079 4162 est,

432 4192 565 4254 qua:
593 4175 784 4236 Deum
817 4171 1140 4247 henedicit,
1174 4177 1235 4233 et
1266 4172 1328 4233 in
1369 4172 1497 4254 ipso
1530 4171 1749 4249 laudat,
1774 4179 1832 4234 et
1859 4181 2083 4254 myste-

2169 3017 2317 3087 tum,
2351 3010 2415 3074 in
2445 3013 2723 3077 laudibus
2753 3016 2972 3079 divinis
3004 3018 3217 3078 timore
3246 3014 3500 3096 quodam
3553 3022 3613 3077 et
3639 3031 3818 3077 reve-

2167 3102 2361 3163 rentia
2389 3103 2662 3182 perfusus
2691 3104 2949 3179 animus,
2999 3105 3194 3167 bonus
3240 3104 3411 3178 ordo,
3467 3110 3526 3166 et
3575 3104 3820 3166 attentio

2168 3188 2243 3249 ad
2271 3206 2342 3251 ea
2365 3208 2500 3271 quae
2520 3201 2812 3256 canuntur
2843 3216 2862 3257 :
2894 3192 3059 3270 Quia
3082 3212 3258 3257 nemo
3273 3200 3466 3275 potest
3482 3195 3677 3257 dicere
3710 3192 3823 3254 Do-

2170 3276 2407 3341 minum
2434 3278 2661 3358 Jcsum,
2694 3283 2816 3345 nisi
2837 3285 2903 3345 in
2923 3282 3164 3364 Spiritu
3191 3289 3423 3347 sancto.
3449 3282 3565 3356 Qui
3593 3281 3681 3344 sic
3701 3298 3821 3342 non

2172 3365 2434 3446 laudant,
2468 3369 2592 3433 sive
2621 3372 2963 3435 sacerdotes
3006 3372 3146 3453 sint,
3197 3372 3319 3434 sive
3366 3371 3660 3435 celsiores
3699 3369 3818 3444 his,

2170 3455 2423 3519 aliorum
2452 3460 2608 3540 apud
2639 3462 2828 3525 Deum
2878 3461 3233 3542 interpretes
3271 3479 3340 3522 ac
3368 3460 3815 3541 deprecatores,

2170 3543 2364 3633 adhuc
2389 3566 2426 3610 a
2453 3548 2654 3612 divino
2682 3558 3007 3633 conSpectu
3034 3550 3249 3613 remoti
3288 3558 3447 3615 sunt.
3480 3548 3645 3621 Quod
3675 3548 3727 3609 si
3750 3546 3817 3609 hi

2170 3632 2398 3698 inimici
2420 3645 2558 3699 sunt
2580 3638 2709 3719 ejus
2729 3632 2883 3721 apud
2906 3657 3082 3721 quem
3106 3640 3222 3701 hoc
3250 3637 3443 3702 ofﬁcio
3463 3638 3807 3717 funguntur,

2165 3722 2307 3803 quid
2332 3725 2567 3802 facient,
2588 3728 2689 3808 qui
2730 3727 3075 3808 hujusmodi
3105 3727 3484 3808 interpretes,
3533 3734 3593 3788 et
3618 3742 3812 3787 causa;

2164 3829 2285 3874 suae
2312 3822 2543 3876 actores
2572 3816 3012 3896 quaesiverunt?
3043 3817 3118 3879 At
3147 3816 3310 3878 enim
3339 3817 3391 3877 si
3445 3814 3536 3878 sol
3587 3813 3816 3875 calidus

2164 3918 2299 3962 cum
2328 3901 2427 3979 sit,
2460 3904 2792 3985 apricantes
2818 3905 3007 3967 radiis
3034 3904 3156 3968 suis
3199 3904 3526 3967 calefacere
3557 3920 3815 3965 consue-

2162 3990 2243 4051 vit
2274 4007 2287 4053 :
2320 3992 2616 4072 quomodo
2644 3994 2824 4070 Deus,
2860 4013 2994 4057 cum
3023 3994 3098 4056 sit
3143 4003 3403 4070 sanctus,
3455 4011 3668 4054 omnes
3709 4009 3817 4072 per

2165 4080 2493 4142 orationem
2514 4100 2716 4145 secum
2727 4091 2970 4163 agentes
2984 4103 3100 4145 non
3122 4084 3450 4145 sanctificat
3469 4082 3501 4142 ‘I
3524 4082 3812 4155 Quoniam

2164 4167 2249 4228 ibi
2279 4170 2368 4231 sol
2400 4170 2472 4230 iis
2527 4171 2629 4251 qui
2686 4174 2964 4234 calefiunt
3018 4191 3258 4234 sensum
3309 4172 3500 4247 affert,
3550 4171 3816 4232 sentiunt

436 4262 595 4324 rium
655 4259 803 4323 illud
855 4259 1208 4323 admirabile
1263 4260 1543 4325 admittit.
1604 4259 1829 4324 Omnes
1884 4256 2387 4343 itaququuippe
2416 4276 2481 4320 se
2511 4260 2793 4335 caleﬁeri,
2843 4270 2901 4322 et
2931 4260 3006 4323 ob
3065 4262 3178 4323 hoc
3234 4261 3430 4341 ipsum
3491 4261 3569 4321 ad
3624 4260 3811 4322 solem

432 4348 706 4412 homines
736 4348 1213 4430 congredientes,
1238 4358 1466 4411 norunt
1490 4348 1629 4431 quid
1662 4352 1997 4431 loquantur,
2029 4359 2089 4413 et

432 4454 702 4520 quasnam
737 4437 880 4517 sint,
912 4454 1046 4517 quas
1077 4444 1281 4498 mutuo
1316 4436 1639 4519 disserunt,
1693 4447 2081 4516 cognoscunt.

432 4523 543 4598 Qui
573 4543 709 4587 vero
739 4524 1010 4600 audiunt,
1043 4525 1354 4606 quaeipsis
1411 4525 1683 4588 dicantur
1739 4546 1859 4589 non
1908 4527 2082 4607 igno-

428 4620 603 4693 rant;
637 4620 698 4677 et
726 4621 820 4676 est
849 4613 1159 4677 manifesta
1216 4613 1487 4697 stultitia,
1533 4615 1939 4697 colloquentes
1988 4617 2081 4678 vi-

430 4701 641 4765 cissim
670 4719 848 4765 aures
877 4719 998 4763 non
1028 4701 1193 4766 dare.
1228 4701 1519 4775 Quoniam
1558 4722 1722 4779 vero,
1773 4723 1907 4767 cum
1958 4704 2081 4767 Deo

431 4799 693 4854 astantes
723 4808 861 4855 eum
891 4788 1271 4872 alloquimur,
1305 4799 1370 4853 ut
1401 4791 1812 4874 imprudentes
1840 4813 1911 4857 ac
1939 4794 2083 4856 fatui

428 4879 696 4942 animum
755 4879 812 4942 ei
865 4897 985 4941 non
1013 4878 1400 4955 attendimus,
1459 4881 1618 4943 unde
1674 4881 1923 4945 salutem
1972 4902 2083 4945 nos

428 4970 752 5052 adepturos
781 4968 1139 5032 conﬁdimus
1157 4967 1189 5029 ?
1218 4969 1549 5050 praesertim
1571 4971 1622 5033 si
1651 4971 1713 5033 id
1742 4971 1843 5034 diu
1871 4972 2081 5034 feceri-

429 5078 585 5136 mus,
618 5068 823 5123 noctes
881 5058 1113 5122 scilicet
1165 5070 1235 5122 ac
1286 5058 1416 5122 dies
1472 5060 1554 5123 ita
1590 5061 1720 5124 sine
1776 5062 2082 5125 intellectu

427 5149 773 5230 psallentes,
798 5156 857 5211 et
872 5166 982 5211 nos
997 5148 1122 5211 Deo
1141 5147 1462 5230 placituros
1480 5150 1904 5213 existimantes.
1918 5150 2082 5234 Opus

426 5243 518 5299 est
544 5237 705 5301 enim
737 5256 872 5301 cum
902 5236 1026 5300 Deo
1058 5236 1371 5319 loquentes
1403 5246 1623 5301 tantam
1653 5238 1863 5302 saltem
1892 5248 2085 5304 atten-

427 5325 651 5389 tionem
680 5325 993 5405 adhibere,
1025 5334 1307 5408 quantam
1364 5326 1506 5390 dum
1568 5345 1675 5410 pro
1719 5327 1896 5408 hujus
1948 5329 2085 5395 vita:

2166 4344 2378 4408 sedere
2399 4365 2462 4408 se
2492 4347 2731 4425 sciunt;
2765 4348 2826 4410 hi
2854 4358 3054 4412 autem
3097 4349 3199 4430 qui
3249 4349 3369 4411 Deo
3419 4367 3629 4429 preces
3671 4349 3810 4410 fun-

2166 4433 2335 4517 dunt,
2371 4435 2512 4516 quid
2545 4445 2745 4517 petant
2772 4438 3049 4501 nesciunt
3083 4460 3096 4502 :
3130 4439 3287 4519 quod
3329 4440 3499 4499 matri
3553 4438 3809 4498 filiorum

2164 4522 2456 4602 Zebedaii,
2489 4525 2753 4606 ipsisque
2783 4526 2921 4589 filiis
2963 4528 3092 4607 ejus
3141 4527 3411 4589 Christus
3454 4525 3687 4589 dicebat
3714 4526 3806 4588 43.

2164 4611 2424 4687 Talibus,
2452 4624 2514 4674 ut
2534 4615 2624 4675 vel
2646 4622 2884 4675 centum
2906 4634 3096 4679 annos
3114 4616 3406 4697 precando
3435 4621 3806 4676 consumant.

2164 4701 2323 4763 Deus
2354 4701 2503 4763 nihil
2533 4701 2652 4766 dat.
2685 4704 2837 4775 Quia
2864 4703 3051 4784 igitur
3097 4704 3315 4767 frustra
3362 4703 3659 4779 laborant,
3711 4702 3817 4782 qui

2164 4788 2422 4869 psallunt
2450 4799 2511 4852 et
2537 4800 2869 4873 orant,.nec
2917 4792 3389 4867 sanetiﬁcantur,
3436 4791 3752 4871 magistros
3779 4809 3816 4853 a

2164 4878 2287 4940 Deo
2311 4880 2545 4942 afflatos
2574 4882 2738 4960 prius
2759 4881 2992 4957 adeant,
3021 4890 3079 4944 et
3101 4882 3447 4956 doceantur,
3472 4879 3617 4961 quid
3637 4898 3815 4943 orare

2164 4966 2438 5030 debeant.
2474 4968 2549 5031 Ni
2582 4968 2788 5046 faxint,
2813 4989 2921 5033 seu
2952 4971 3274 5051 sapientes,
3306 4988 3411 5034 seu
3460 4968 3817 5050 insipientes

2164 5055 2303 5134 sint,
2338 5058 2567 5139 profani
2593 5068 2772 5142 atque
2798 5060 3016 5142 impuri
3066 5061 3421 5123 morientur.
3468 5060 3620 5122 Nam
3670 5061 3815 5139 quid

2165 5157 2369 5226 petant
2397 5149 2756 5227 nescientes,
2790 5148 2949 5215 Deus
2980 5150 3261 5214 exaudire
3298 5149 3510 5212 nescit.
3602 5150 3607 5151 ί

451 5530 466 5545 ι
511 5506 563 5551 ιο
588 5505 820 5571 Coloss.
852 5525 895 5584 ι,
930 5507 1031 5571 13.
1122 5506 1170 5550 ιι
1200 5507 1226 5571 Ι
1257 5509 1393 5573 Cor.
1426 5527 1532 5591 xu,
1565 5508 1628 5573 3.
1711 5508 1766 5553 ¹²
1796 5509 1987 5576 Eccli.
2024 5527 2085 5574 xv

2168 5514 2216 5578 9.
2305 5509 2358 5554 ιδ
2384 5510 2592 5578 Matth.
2625 5526 2727 5588 xx,
2760 5515 2860 5574 22.
