4112 6106
269 284 378 352 397

889 519 1327 580 ABGUMENTUM.

283 605 368 666 De
379 604 808 671 immutatione
824 614 1066 684 animae,
1082 615 1139 669 et
1157 609 1427 687 corporis
1442 622 1515 668 ea:
1526 604 1600 666 iis
1611 620 1742 683 quae
1754 600 1923 664 nobis

362 701 491 756 tum
512 695 588 759 ab
607 715 773 775 aere,
797 697 1148 777 cwterisque
1159 695 1491 768 elementis,
1516 702 1642 756 tum
1659 708 1697 753 a
1715 690 1843 753 cibo
1853 705 1924 750 ac

360 790 619 861 potione,
653 795 840 867 alque
859 788 1043 848 etiam
1071 803 1109 847 α
1133 783 1509 847 daemonibus
1537 780 1837 844 accidunt.

367 870 492 933 Non
522 874 706 935 solum
737 866 1182 947 conversiones,
1215 881 1273 936 et
1293 872 1670 946 mutationes,
1705 887 1836 950 quae
1864 866 1926 928 in

288 960 482 1022 animo
512 968 819 1040 exsistunt,
843 982 1048 1026 verum
1078 963 1252 1024 etiam
1283 980 1488 1024 eorum
1521 977 1749 1039 causas,
1777 975 1925 1038 qua-

283 1049 370 1110 les
403 1051 635 1113 tandem
667 1053 806 1128 sint,
836 1061 893 1114 et
917 1053 1074 1115 unde
1117 1051 1230 1112 sibi
1269 1051 1562 1122 eveniant,
1599 1047 1922 1108 monachus

279 1137 455 1218 scire,
486 1148 660 1222 atque
717 1141 1052 1222 intelligere
1100 1141 1298 1204 debet.
1352 1139 1655 1202 Interdum
1703 1134 1923 1217 quippe

275 1229 652 1308 repentinum
685 1232 963 1309 gaudium
993 1230 1252 1293 animam
1298 1229 1543 1291 incessit
1573 1247 1586 1288 :
1623 1225 1922 1288 interdum

275 1316 597 1398 improvisa
623 1320 856 1382 tristitia
914 1320 1184 1382 eamdem
1231 1325 1500 1399 occupat,
1557 1323 1616 1379 et
1647 1325 1921 1396 tauquam

275 1424 431 1467 onus
487 1409 780 1489 quoddam
841 1409 1078 1490 premit.
1144 1410 1216 1472 Et
1273 1426 1429 1470 nunc
1477 1406 1715 1488 quidem
1753 1403 1922 1465 facile

273 1498 742 1576 compungitur;
777 1518 932 1561 nunc
981 1500 1061 1561 ita
1103 1499 1174 1560 ad
1233 1498 1497 1560 dolorem
1537 1495 1611 1557 de
1663 1493 1922 1574 peccatis

274 1585 654 1663 obﬁrmatur,
690 1597 746 1649 et
777 1588 1138 1663 obdurescit,
1171 1596 1232 1649 ut
1275 1595 1391 1648 tota
1421 1604 1595 1648 saxea
1624 1584 1920 1646 videatur.

268 1674 608 1755 Aliquando
666 1677 822 1738 mitis
879 1678 964 1750 ﬁt,
1026 1687 1083 1740 et
1138 1677 1424 1739 humilis:
1477 1676 1647 1756 paulo
1697 1681 1824 1753 post
1855 1691 1980 1758 seB

272 1765 473 1845 erigit,
505 1765 931 1848 iracundiaque
959 1773 1017 1828 et
1067 1766 1232 1828 rabie
1273 1765 1586 1839 concitata,
1640 1763 1921 1825 adversus

273 1873 490 1915 omnes
517 1854 730 1917 fratres
758 1855 923 1932 furit,
977 1864 1036 1918 et
1085 1856 1325 1918 insanit.
1386 1853 1488 1916 Est
1544 1853 1779 1934 quando
1821 1871 1923 1915 re-

266 1943 480 2017 missa,
511 1951 570 2005 et
599 1945 760 2006 iners
791 1945 863 2006 ad
896 1965 1073 2007 omne
1124 1965 1274 2026 opus
1321 1945 1544 2006 bonum
1577 1952 1804 2024 torpet;
1841 1950 1933 2005 est

265 2033 512 2112 quando
536 2034 820 2095 excitatur
844 2043 901 2096 et
921 2035 1141 2116 vigilat,
1191 2043 1248 2096 et
1271 2034 1342 2096 ad
1365 2051 1605 2094 omnem
1637 2032 1932 2094 obedien-

267 2132 393 2182 tam
423 2123 618 2202 gestit,
655 2132 715 2185 ut
746 2134 803 2186 et
832 2124 892 2186 in
935 2125 1131 2187 socios
1188 2144 1256 2186 ac
1310 2123 1631 2184 familiares
1665 2123 1927 2202 jocetur,

268 2229 496 2292 eosque
522 2213 592 2272 ad
626 2214 1052 2292 capessendam
1073 2214 1347 2274 virtutem
1371 2209 1738 2274 exstimulet.
1778 2208 1938 2270 Non-

266 2319 579 2381 nunquam
643 2303 854 2364 timore
924 2302 1316 2374 contrabitur,
1397 2307 1454 2361 et
1527 2298 1940 2380 circumspicit

266 2391 518 2468 omnia;
592 2411 1015 2474 nonnunquam
1085 2411 1150 2454 se
1213 2391 1597 2472 impudenter
1649 2389 1932 2450 eﬂundit.

267 2479 446 2542 Modo
470 2490 841 2557 nugatorum,
870 2490 926 2542 et
945 2481 1330 2542 ridiculorum
1355 2479 1612 2542 libenter
1629 2477 1918 2552 meminit,

268 2587 498 2649 eosque
523 2571 596 2631 ad
628 2589 693 2632 se
722 2572 1011 2641 accersit;
1044 2570 1218 2631 modo
1244 2588 1353 2631 nec
1384 2569 1539 2643 illos,
1574 2582 1686 2628 nec
1715 2573 1921 2628 contu-

266 2657 555 2721 hernales
582 2660 794 2722 intueri
826 2660 1094 2722 sustinet.
1153 2657 1517 2738 Quandoque
1567 2656 1629 2717 in
1675 2674 1742 2717 se
1792 2654 1919 2734 ipsa

1695 286 1979 352 ORATIO
2018 283 2244 354 XVIII.

1939 425 1983 477 Α
2005 419 2258 499 tingunt,
2284 425 2346 482 et
2366 418 2416 482 si
2441 435 2622 501 parvo
2649 420 2886 500 negotio
2906 419 3220 486 videantur
3239 442 3415 506 posse
3442 426 3636 508 dijudi

3539 286 3662 358 398

2004 507 2149 582 cari,
2184 508 2476 590 facileque
2503 509 2801 588 cognosci,
2854 517 3053 573 tamen
3083 511 3257 577 aliter
3308 517 3433 594 res}
3453 507 3657 580 habet.

2005 594 2072 684 In
2128 597 2240 659 hoc
2298 600 2458 659 enim
2519 597 2892 678 potissimum
2941 600 3124 663 multa
3177 601 3662 684 frequentissime

2007 683 2216 747 incidit
2245 687 2510 748 mutatio.
2545 686 2758 750 Anima
2786 707 3044 771 namque
3073 683 3372 756 naturaet
3403 697 3666 760 essentia

2007 771 2395 835 immutabilis
2419 781 2509 836 est
2542 792 2555 837 :
2591 775 2869 838 similiter
2886 785 2945 840 et
2973 797 3142 842 mens
3162 779 3256 842 illi
3280 800 3316 843 a
3337 780 3667 852 Conditore

2007 861 2573 957 concreatae._Solaa
2633 866 2883 957 consilio
2928 876 3238 948 reguntur,
3303 873 3665 957 propriaque

2007 951 2303 1043 voluntate
2339 952 2618 1014 virtutem
2649 963 2748 1016 aut
2777 956 2918 1018 vitia
2949 951 3352 1039 capessentes,
3389 951 3659 1043 luminis,

2006 1046 2105 1100 aut
2141 1041 2526 1104 tenebrarum
2585 1045 2762 1106 sociae
2817 1054 2877 1107 et
2931 1047 3205 1111 hau-edes
3259 1051 3322 1112 in
3378 1041 3664 1118 aeternam

2005 1130 2487 1208 constituuntur;
2537 1133 2756 1210 anima,
2817 1133 3084 1216 inquam,
3140 1144 3203 1202 et
3263 1159 3434 1204 mens
3491 1145 3666 1209 alteri

2004 1219 2215 1280 horum
2265 1220 2533 1295 consilio,
2569 1229 2635 1283 ut
2663 1223 2885 1285 dictum
2933 1235 3042 1303 est,
3079 1235 3135 1290 et
3165 1229 3466 1296 voluntate
3503 1237 3661 1300 ultro

2005 1308 2397 1386 adhaerentes,
2434 1329 2539 1371 seu
2563 1310 2739 1388 bono,
2774 1312 2930 1376 bona
2956 1316 3127 1394 fiunt,
3161 1337 3267 1380 seu
3301 1323 3482 1400 malo,
3508 1326 3664 1392 mala

2005 1405 2305 1459 vocantur.
2349 1407 2420 1460 At
2476 1419 2612 1462 vero
2662 1419 2879 1484 corpus
2936 1406 3113 1469 etiam
3178 1419 3390 1474 natura
3437 1434 3544 1478 sua
3575 1426 3665 1481 est

2005 1487 2310 1563 mutabile,
2368 1488 2505 1569 quia
2543 1493 2963 1591 compositum,
3016 1505 3074 1558 et
3108 1500 3365 1562 essentia
3399 1505 3659 1591 ﬂuxum;

2004 1593 2220 1656 nempe
2251 1595 2321 1668 ex
2346 1578 2596 1668 materia
2623 1579 2892 1645 interitui
2917 1583 3195 1664 obnoxia,
3225 1598 3282 1652 et
3311 1593 3556 1668 caduca,
3590 1578 3662 1662 ex

2003 1664 2318 1758 contrariis
2347 1665 2577 1758 scilicet
2607 1670 2983 1758 commistum
3007 1673 3129 1737 sive
3152 1664 3657 1758 coagmentatum.

2005 1751 2087 1812 Ex
2115 1752 2310 1853 calido
2341 1756 2502 1817 enim
2525 1764 2582 1817 ct
2611 1757 2824 1838 frigido
2859 1761 2947 1842 (ut
2967 1762 3186 1853 docent
3216 1751 3582 1853 pbilosopht,
3603 1783 3664 1839 et

2006 1841 2408 1945 veritasioem
2423 1852 2706 1945 testatur.)
2771 1867 2843 1910 ex
2872 1841 3067 1914 arido
3104 1863 3182 1945 _et
3212 1841 3662 1945 humido-hujus

2012 1930 2273 2024 essentia
2300 1934 2611 2024 conﬂatur.
2645 1934 3072 2004 Verumtamen
3100 1943 3295 2024 ipsum
3326 1930 3658 2016 secundum

2014 2035 2081 2119 se
2132 2019 2403 2119 arbitrio,
2465 2031 2524 2085 et
2579 2024 2891 2119 voluntate
2933 2019 3340 2117 caret,_atque
3372 2040 3573 2119 etiam,
3611 2045 3663 2108 si

2017 2107 2334 2171 dicendum
2365 2120 2476 2193 est,
2534 2127 2698 2179 motu
2733 2137 2745 2174 :
2782 2117 2897 2179 nisi
2949 2107 3191 2184 omnino
3231 2107 3409 2206 hujus
3439 2107 3656 2194 ﬂuxioé

2018 2215 2153 2296 nem
2185 2216 2683 2301 progressumque
2710 2206 2782 2267 ad
2802 2206 3129 2290 interitum,
3158 2215 3480 2280 motionem
3503 2221 3667 2301 quis-

2212 2291 2340 2392 ejus
2395 2291 2785 2392 hypostaseos
2817 2299 3165 2392 Anaturalem
3223 2303 3401 2384 dicat,
3453 2291 3666 2392 in-qua

2020 2376 2167 2436 nihil
2195 2378 2441 2468 rationis
2484 2382 2772 2445 cernitur.
2808 2383 2975 2457 Quod
3007 2407 3141 2450 cum
3172 2393 3252 2454 ita
3278 2376 3396 2468 sit;
3428 2376 3661 2462 certum

2019 2475 2108 2527 est
2136 2467 2334 2561 etiam,
2369 2488 2484 2561 non
2527 2470 2726 2534 inesse
2767 2483 3099 2561 peccatum,
3151 2499 3260 2543 nec
3303 2467 3432 2547 eam
3464 2506 3500 2550 a
3529 2487 3658 2552 Deo

2004 2554 2778 2654 co_ndemnari._Etgmerito.
2818 2565 2984 2638 Quod
3034 2554 3195 2632 enim
3246 2587 3516 2639 naturam
3547 2596 3656 2641 co-

2004 2646 2269 2722 mitatur,
2293 2646 2437 2709 illud
2456 2667 2692 2731 quoque
2715 2651 3157 2719 damnationem
3183 2660 3341 2725 haud
3368 2673 3655 2732 meretur.

269 2747 355 2808 ita
387 2756 707 2826 pressatur,
760 2755 819 2811 et
869 2757 1150 2821 arctatur,
1211 2754 1274 2808 ut
1322 2732 1500 2808 etiam
1546 2747 1721 2825 hujus
1769 2732 1918 2806 lucis
2002 2732 2296 2834 APdPPem_
2348 2745 2589 2813 autem.
2669 2743 3214 2828 appetitionemque
3285 2754 3630 2834 nuptiarum

274 2805 1916 2920 5.‘.£ei.;.1';.:..;.iastitistiaerant;etsi.amputa...

2008 2823 2482 2924 conjunctionem
2512 2805 2829 2924 corporiim
2883 2805 3218 2916 veneream,
3263 2805 3658 2924 voluptatem:

274 2911 542 3003 ὀχευιιδι,
604 2911 680 2988 ω’
725 2911 990 3008 (ιυειωῖιίε
1051 2944 1259 3005 magno
1319 2933 1535 2987 conatu
1583 2911 1916 3004 reprimere
1998 2911 3306 3012 belluationem,ingluviem,somnolentiam,
3331 2911 3660 3012 pigritiam,

274 3023 448 3096 atque
478 3006 762 3077 cohibere
792 3034 857 3077 se
887 3023 1160 3096 nequeat.
1209 3017 1278 3075 Et
1326 3013 1438 3075 ista
1483 3012 1726 3095 quidem
1757 3011 2272 3103 circacortlatum
2326 3006 2598 3084 vestium,
2659 3010 2890 3103 aliaque
2957 3017 3180 3094 omnia,
3255 3006 3420 3102 quae'
3441 3023 3653 3103 vulgus

275 3092 1095 3168 naturalesanimimotiones
1127 3103 1257 3193 ﬁeri
1289 3092 1747 3193 consueverunt,
1782 3118 1917 3193 cum
2000 3092 2298 3193 existimat
2353 3113 2568 3176 corpus
2625 3092 2953 3193 requirere,
3017 3092 3412 3190 nonvcorpus
3469 3092 3651 3193 (haud

272 3194 344 3258 ad
375 3202 677 3257 certamen
707 3195 768 3256 in
800 3194 1132 3256 exercenda
1159 3192 1392 3283 virtute,
1446 3199 1507 3283 et
1536 3191 1609 3256 ad
1627 3190 1920 3283 mandata
2002 3182 2211 3283 magis,
2242 3203 2416 3283 quer}!
2449 3205 2593 3283 cum,
2614 3190 2885 3283 examine
2936 3194 3111 3274 jacet)
3168 3198 3274 3260 sed
3303 3182 3503 3263 animi!
3540 3218 3653 3283 per

273 3284 643 3347 observanda
670 3285 1015 3363 accingitur.
1075 3282 1191 3346 Sed
1249 3280 1750 3364 quemadmodum
1790 3278 1918 3340 ani-

276 3393 428 3449 mus,
461 3373 543 3435 ita
572 3386 630 3436 et
663 3392 832 3436 mens
887 3381 1086 3435 nostra
1139 3372 1484 3434 immutatur
1518 3371 1910 3450 variaturque.

273 3465 435 3526 Alias
462 3465 680 3526 etenim
716 3463 787 3524 ad
817 3462 1272 3541 intelligendum
1303 3461 1578 3541 expedita
1609 3466 1720 3536 est,
1757 3468 1815 3520 et
1841 3458 1914 3520 ad

271 3571 342 3615 ea
372 3570 507 3634 quae
532 3551 830 3631 intelligit,
865 3570 970 3613 seu
1021 3549 1306 3632 perSpicit
1355 3549 1633 3612 celeriter
1661 3565 1914 3626 percur-

269 3644 460 3705 reuda
491 3661 558 3705 ac
612 3641 1007 3704 discernenda
1057 3640 1384 3721 expeditior
1416 3658 1430 3703 :
1463 3639 1610 3701 alias
1637 3637 1824 3717 pigra,
1860 3643 1918 3698 et

273 3731 441 3793 tarda
473 3731 545 3792 ad
577 3739 914 3811 utrumque.
958 3728 1261 3792 Interdum
1310 3729 1516 3790 eadem
1550 3745 1719 3788 mens
1749 3723 1918 3807 quasi

277 3839 507 3894 amens,
562 3828 720 3882 muta
769 3828 830 3882 et
874 3819 1066 3887 surda
1116 3819 1228 3882 ﬁt:
1285 3816 1586 3879 interdum
1632 3816 1806 3894 viget,
1862 3820 1920 3875 et

275 3910 530 3973 facunda
586 3917 695 3991 est,
757 3917 814 3970 et
868 3909 1074 3971 audire
1123 3915 1334 3988 potest,
1381 3914 1557 3987 atque
1586 3904 1915 3986 percipere.

274 3999 613 4082 Aliquando
635 4015 814 4079 cmca,
847 3998 1166 4079 aliquando
1199 3996 1450 4071 oculata,
1470 3995 1528 4056 in
1559 3993 1922 4076 profundita-

276 4098 397 4152 tem
432 4099 490 4151 et
517 4087 887 4151 altitudinem
934 4085 1451 4167 contemplationis
1479 4103 1658 4164 supra
1685 4090 1920 4163 captum

276 4179 552 4240 humanae
611 4186 835 4239 natura;
880 4177 1112 4256 ingredi
1168 4175 1450 4250 enititur;
1500 4173 1818 4253 aliquando
1849 4171 1922 4233 ad

276 4285 522 4330 omnem
553 4265 1119 4348 contemplationem
1171 4266 1393 4345 inepta,
1442 4279 1630 4344 eaque
1686 4279 1921 4342 vacans,

2002 3271 2440 3374 hochrequirit,
2499 3276 2734 3374 anima,_
2777 3271 3040 3362 inquam,
3095 3287 3283 3348 semel
3342 3289 3480 3352 huic
3526 3271 3650 3354 luto

2001 3363 2212 3461 indita,
2243 3364 2529 3461 gaudens,
2564 3375 2622 3430 et
2650 3369 2805 3430 velut
2826 3390 2925 3432 sus
2956 3373 3015 3434 in
3046 3393 3216 3438 caeno
3241 3376 3302 3438 in
3335 3379 3427 3440 his
3463 3383 3641 3444 volu-

1997 3453 2106 3511 tari
2137 3453 2590 3532 concupiscens,
2617 3459 2933 3541 carnisque
2957 3460 3071 3524 sibi
3089 3467 3441 3530 consociatae
3475 3475 3650 3531 volu-

1998 3547 2186 3619 ptates
2214 3541 2741 3642 affectans-Quare
2767 3568 2942 3610 nemo
2959 3569 2993 3612 a
3014 3570 3264 3634 corpore
3294 3574 3400 3618 suo
3423 3557 3500 3620 ad
3523 3559 3652 3621 haec

1999 3629 2297 3722 compelli,
2330 3637 2388 3691 et
2415 3632 2543 3722 cogi
2577 3652 2646 3696 ee
2674 3637 3030 3716 arbitretur,
3087 3629 3247 3722 quod
3278 3644 3489 3707 falsum
3524 3657 3640 3710 est.

2001 3716 2117 3818 βοά
2147 3720 2310 3818 audi,
2343 3721 2682 3818 etintellige
2699 3728 3020 3818 quomodo.
3038 3716 3272 3809 Egleba
3292 3740 3467 3797 terra;
3488 3735 3657 3798 Deus

2001 3807 2305 3903 hominem
2336 3809 2524 3903 finxit.
2574 3811 2661 3903 En
2717 3817 2950 3878 ostendi
2990 3807 3122 3896 jam
3152 3818 3256 3881 tibi
3287 3819 3526 3903 corpus:
3562 3822 3654 3886 Tu

2001 3896 2286 3973 vicissim,
2323 3900 2526 3978 quales
2574 3900 2636 3962 in
2689 3921 2758 3964 eo
2815 3905 3262 3983 concitationes,
3310 3896 3658 3974 ac-turbidi

2005 3993 2199 4086 motus
2231 3987 2372 4062 sint,
2401 3989 2673 4086 ostende,
2706 3992 2882 4086 quod
2914 3996 3169 4086 penitus
3225 4016 3345 4060 non
3402 4001 3659 4080 poteris.

2006 4074 2156 4171 Quid
2180 4085 2382 4171 postea
2399 4076 2431 4137 ‘2
2454 4079 2532 4141 Et
2557 4080 2880 4171 inspiravit
2907 4083 3063 4145 Deus
3089 4085 3156 4147 in
3176 4074 3578 4171 faciem-eius,
3604 4095 3665 4154 et

2003 4163 2199 4243 factus
2215 4174 2300 4228 est
2317 4167 2494 4229 homo
2511 4173 2579 4229 in
2598 4169 2866 4232 animam
2892 4172 3191 4236 viventem
3212 4175 3290 4240 14.
3306 4163 3463 4240 Etab
3475 4163 3660 4242 humo

2006 4253 2322 4330 excitatus,
2353 4255 2560 4337 spiritu
2591 4257 2690 4338 qui
2721 4258 2782 4319 in
2811 4258 2940 4340 ipso
2971 4270 3096 4324 erat
3123 4263 3327 4345 (herili
3357 4267 3654 4345 videlicet)

274 4357 556 4419 universe
586 4347 961 4437 peccatorum
986 4355 1423 4436 praeteritorum
1450 4351 1744 4424 meminit,
1776 4350 1922 4412 nihil
1947 4354 2527 4449 Deorpusmovente
2556 4347 2892 4449 ambulabat
2921 4370 2941 4449 ;_
2983 4353 3184 4429 ardor,
3234 4362 3334 4417 aut
3382 4356 3661 4421 incitatio

275 4435 600 4528 quidquam
618 4445 813 4507 simile
836 4435 1175 4523 excogitans
1197 4462 1437 4526 prorsus
1463 4463 1479 4517 ;
1501 4459 1926 4522 nonnunquam
1948 4435 1989 4449 ν
2021 4435 2310 4528 libidinis,
2343 4443 2445 4498 aut
2471 4435 2646 4528 bruta
2677 4439 2896 4500 ventris
2924 4439 3176 4518 insania,
3212 4451 3272 4507 et
3298 4445 3666 4510 immodera-

278 4536 465 4608 varie,
501 4534 661 4596 velut
691 4553 810 4596 non
839 4533 990 4596 facta
1029 4533 1315 4612 cogitans,
1349 4540 1407 4594 et
1440 4529 1939 4612 comminiscens,

279 4633 339 4687 et
368 4625 644 4705 nequiter
672 4641 877 4704 agens,
932 4629 990 4684 et
1041 4629 1314 4702 tanquam
1348 4621 1586 4682 ﬂamma
1647 4618 1708 4678 in
1765 4619 1943 4696 lignis

283 4713 548 4777 humidis
575 4713 737 4776 fumo
768 4715 1071 4788 suﬂ‘ocata,
1127 4712 1192 4773 ﬁt
1224 4711 1502 4790 maligna,
1537 4725 1658 4772 non
1690 4707 1752 4769 in
1783 4726 1939 4789 prte-

282 4812 489 4866 sentes
544 4812 794 4878 tantum,
853 4801 958 4864 sed
1021 4801 1180 4864 etde
1237 4799 1583 4862 absentibus
1636 4797 1940 4858 nonnullis

285 4911 448 4974 saepe
478 4892 698 4973 inania,
734 4900 789 4953 et
819 4891 966 4954 falsa
1019 4891 1081 4953 in
1134 4890 1454 4970 semetipsa
1510 4887 1824 4949 fabricans.
1865 4887 1944 4954 Et

282 5000 424 5045 cum
453 5000 560 5043 cor
587 4982 836 5043 multum
866 4980 1268 5054 contristetur,
1317 4996 1429 5040 nec
1480 4994 1614 5038 cum
1648 4981 1847 5038 mente
1877 4975 1938 5037 in

285 5071 505 5134 talibus
535 5071 773 5148 sentiat,
806 5070 954 5132 nihil
988 5069 1225 5152 penitus
1255 5077 1450 5130 tamen
1483 5066 1796 5147 proiicere,
1827 5083 1939 5126 nec

285 5168 561 5224 avertere
616 5161 803 5242 ipsam
853 5178 888 5221 a
931 5159 1094 5222 vanis
1140 5155 1590 5237 cogitationibus
1621 5160 1832 5235 potest.
1868 5153 1940 5215 Et

284 5250 576 5311 hactenus
605 5248 680 5312 de
715 5248 1144 5311 mutationibus
1175 5245 1411 5326 mentis,
1442 5245 1774 5324 animaeque
1821 5263 1935 5306 no-

284 5346 427 5401 strae
455 5338 864 5419 intelligentis,
899 5356 967 5400 ac
997 5337 1212 5399 divina:
1238 5335 1462 5398 dictum
1493 5341 1646 5396 esto.

365 5426 512 5502 Qum
547 5447 724 5511 porro
754 5427 916 5491 circa
964 5444 1179 5509 corpus
1231 5423 1547 5488 varietates
1578 5420 1752 5486 nobis
1781 5437 1932 5483 con-

1405 5611 1465 5662 ίῧ
1495 5609 1651 5678 Ibid.
1684 5607 1784 5674 25.

366 5617 427 5668 ¹4
456 5619 612 5684 Gen.
646 5635 714 5696 ιι,
743 5618 808 5686 7.
892 5618 952 5670 ‘5
975 5617 1127 5683 Gen.
1161 5635 1225 5697 ιι,
1258 5616 1318 5682 9.

2023 4533 2116 4588 tus
2173 4526 2289 4588 cibi
2347 4525 2640 4606 appetitus
2695 4546 2985 4609 nusquam
3025 4530 3221 4595 adhuc
3269 4536 3662 4616 apparebant,

2023 4616 2256 4698 vitaque
2288 4616 2623 4697 tranquille,
2658 4625 2718 4679 et
2747 4616 2895 4680 citra
2936 4621 3272 4686 molestiam
3307 4625 3668 4689 traduceba-

2025 4713 2139 4768 tur.
2173 4704 2492 4767 Videamus
2523 4706 2721 4786 igitur,
2757 4725 2833 4769 ne
2861 4707 3035 4786 forte,
3069 4712 3206 4793 quia
3253 4732 3372 4776 non
3402 4715 3670 4778 exstabat

2023 4795 2266 4872 femina,
2298 4803 2400 4857 aut
2427 4795 2566 4876 quia
2596 4815 2715 4884 non
2754 4798 3211 4878 suppeditabant
3231 4819 3402 4878 escae,
3431 4802 3670 4884 cupidi-

2023 4891 2204 4946 tatem
2238 4883 2556 4965 irritantes,
2589 4883 2812 4947 idcirco
2857 4887 3036 4949 homo
3067 4908 3180 4953 nec
3209 4891 3281 4953 ad
3313 4883 3675 4954 concubitus

2021 4971 2405 5045 desiderium,
2462 4989 2574 5034 nec
2619 4973 2691 5035 ad
2749 4973 3069 5052 ingluviem
3128 4985 3486 5042 moveretur.
3518 4977 3670 5052 Quid

2022 5081 2161 5142 ergo
2191 5059 2318 5123 ait?
2346 5061 2773 5142 Produxitque
2812 5065 3108 5129 Dominus
3158 5067 3316 5130 Deus
3362 5067 3439 5131 de
3489 5067 3675 5131 humo

2019 5169 2194 5214 omne
2211 5152 2444 5232 lignum
2460 5149 2782 5230 pulchrum
2814 5153 2946 5215 risu
2961 5155 3020 5205 *5
3041 5197 3056 5214 .
3089 5154 3177 5218 Et
3195 5163 3370 5220 erant
3398 5156 3602 5219 Adam
3620 5163 3675 5220 et

2016 5239 2152 5303 Eva
2173 5240 2239 5301 in
2252 5238 2544 5318 paradiso
2563 5239 2735 5320 nudi,
2760 5246 2819 5302 et
2841 5258 2963 5304 non
2984 5241 3413 5308 erubescebant
3423 5243 3482 5294 16
3501 5294 3515 5309 .
3539 5243 3677 5308 Cer-

2017 5329 2131 5405 nis,
2167 5345 2364 5409 neque
2413 5327 2554 5406 quia
2610 5327 2832 5391 femina
2879 5339 3044 5393 esset
3098 5332 3242 5410 Eva,
3304 5352 3500 5415 neque
3542 5331 3681 5415 quia

2020 5428 2226 5486 essent
2251 5419 2427 5483 ambo
2458 5417 2628 5500 nudi,
2661 5418 2800 5487 ideo
2855 5421 3104 5486 alterius
3159 5441 3234 5486 ex
3287 5423 3442 5506 ipsis
3470 5425 3678 5490 laesam
