4112 6106
421 267 540 350 399

1746 267 2122 340 SYMEONIS
2160 267 2512 340 JUNIORIS

3694 272 3813 348 400

422 438 560 485 esse
590 413 991 500 pudicitiam?
1021 412 1140 478 Sed
1196 419 1254 475 et
1305 410 1446 473 nudi
1507 418 1695 486 erant,
1755 418 1813 472 et
1861 429 1926 471 se
1957 429 2078 470 non
2099 418 2141 466 A
2163 409 2384 475 fundit.
2421 411 2726 474 Postremo
2748 413 2864 474 alia
2884 404 3085 496 restat,
3110 436 3243 496 quae
3274 421 3628 483 connivente
3658 420 3816 485 bono

423 507 886 590 cognoscebant,
947 525 1059 568 nec
1122 501 1578 576 erubescebant,
1627 520 1739 564 nec
1796 509 1995 590 tamen
2044 519 2076 560 a

422 589 634 663 natura
665 595 930 676 corporis
959 594 1030 656 ad
1064 612 1192 655 rem
1215 591 1553 654 habendam
1579 589 2069 652 sollicitabantur.

427 687 544 751 Sed
579 693 705 768 post
737 691 1065 766 peccatum,
1102 693 1162 743 et
1206 681 1765 768 transgressionem,
1821 687 1879 740 et
1908 686 2072 758 post-

425 767 600 860 quam
634 775 906 856 paradiso
941 773 1116 854 pulsi,
1151 790 1218 833 ac
1278 773 1400 833 Deo
1459 767 1662 830 nudati
1723 769 1980 860 fuerunt,
2019 773 2077 828 et

421 857 622 930 divina
669 865 796 944 ejus
829 862 1018 942 gloria
1078 860 1450 936 exciderunt,
1499 866 1658 932 tunc,
1694 866 1761 919 ut
1787 857 2074 937 scriptum

420 966 513 1020 est
547 975 560 1019 :
599 953 1100 1035 CognovitAdam
1124 968 1382 1013 uxorem
1399 967 1598 1022 suam,
1625 954 2077 1028 concepitqucet

414 1047 655 1129 peperit
681 1044 774 1105 *7.
811 1041 1095 1122 Proinde,
1123 1040 1372 1129 dilecte,
1409 1038 1558 1129 situ
1592 1055 1843 1129 quoque
1887 1036 2072 1129 Deum

421 1126 657 1197 sincere
684 1131 996 1210 amaveris,
1032 1139 1090 1190 et
1117 1128 1178 1190 in
1224 1129 1352 1208 ejus
1406 1126 1726 1188 dilectione
1758 1126 2070 1198 manseris,

422 1237 724 1306 nUnquam
756 1221 910 1282 ullus
941 1219 1124 1282 animi
1171 1227 1368 1280 motus
1397 1237 1431 1278 a
1461 1216 1695 1306 ratione
1732 1215 1968 1306 alienus
1995 1213 2074 1274 tui

421 1304 826 1378 dominabitur
857 1329 870 1374 :
908 1329 1104 1390 neque
1135 1307 1402 1388 corporis
1433 1304 1792 1367 necessitate
1821 1305 2073 1385 quadam

424 1401 734 1484 tyrannide
766 1398 1084 1481 opprimet.
1120 1396 1286 1459 Sicut
1310 1394 1468 1457 enim
1489 1412 1708 1484 corpus
1731 1393 1857 1454 sine
1879 1393 2076 1484 anima

421 1480 496 1555 ad
527 1491 680 1554 nihil
712 1480 935 1552 moveri
967 1493 1160 1568 potest
1193 1503 1206 1547 :
1259 1485 1344 1546 sic
1375 1502 1567 1564 neque
1597 1482 1719 1544 Deo
1752 1500 1856 1561 per
1887 1480 2077 1542 chari-

423 1589 601 1643 tatem
638 1579 954 1659 conjuncta
983 1575 1183 1636 anima
1237 1573 1311 1634 ad
1368 1573 1590 1634 ventris
1648 1578 1709 1632 et
1758 1569 2074 1659 libidinum

419 1658 1178 1753 voluptatespessumdari:
1194 1681 1318 1753 nec
1339 1661 1411 1723 ad
1436 1659 1880 1741 aliasjquasdaru
1916 1658 2077 1753 cupi-
2097 1705 2136 1753 Β

420 1747 634 1822 ditat—es
664 1747 864 1819 rerum
897 1751 1378 1834 aspectabilium,
1413 1757 1514 1812 aut
1569 1768 1688 1810 non
1737 1747 2072 1828 aspectabi-

419 1847 588 1922 lium,
620 1846 682 1906 iu
704 1842 920 1925 quibus
942 1842 1137 1902 locum
1169 1839 1348 1901 habet
1372 1837 1737 1920 perturbatio
1766 1859 1778 1899 :
1815 1836 2076 1916 quando-

424 1935 663 2018 quidem
689 1932 983 2014 appetitus
1013 1929 1211 1992 cordis
1264 1929 1417 2009 ejus,
1479 1935 1577 2018 aut
1607 1926 1827 2018 potius
1884 1925 2076 2018 omnis

420 2013 1078 2089 inclinatio’voluntatis
1130 2020 1282 2099 ejus,
1335 2035 1468 2079 cum
1528 2015 1689 2079 dulci
1740 2033 1942 2076 amore
1971 2013 2075 2074 Dei

421 2115 694 2178 devincta
725 2118 835 2174 est.
867 2110 1002 2191 Ipsa
1024 2109 1208 2188 igitur
1234 2105 1540 2170 Gonditori
1568 2124 1672 2166 suo
1695 2105 1987 2183 colligata,
2019 2110 2082 2164 ut

421 2203 703 2283 diximus,
737 2201 912 2271 cedo,
946 2197 1243 2280 quomodo
1274 2215 1307 2258 a
1337 2213 1587 2277 corpore
1645 2192 1928 2283 incendi,
1984 2202 2082 2254 aut

420 2281 806 2368 moveri,_aut
835 2307 944 2371 per
998 2288 1193 2370 ipsum
1255 2285 1666 2365 suasZomnino
1728 2281 2086 2363 cupiditates

423 2383 666 2465 explere
694 2377 936 2462 potest?

503 2462 791 2535 Naturam
813 2475 1011 2530 autem
1036 2470 1494 2544 consequentes,
1520 2469 1577 2523 et
1597 2462 1656 2522 in
1679 2463 1806 2543 ipso
1825 2478 2073 2541 corpore

420 2559 775 2622 exsistentes
803 2557 1162 2618 mutationes
1194 2552 1525 2614 manifesta1
1582 2559 1762 2627 sunt;
1797 2549 2074 2611 omnibus

419 2648 603 2730 enim,
631 2647 809 2710 etiam
827 2643 1069 2725 sanctis,
1095 2641 1465 2720 contingunt.
1481 2639 1818 2730 Aliquando
1834 2647 1891 2701 et
1912 2639 2070 2700 enim

422 2728 634 2801 sanum
674 2753 805 2798 esse
824 2733 1061 2808 dicitur,
1088 2750 1223 2794 cum
1247 2730 1349 2791 illa
1370 2749 1438 2790 ex
1463 2728 1679 2809 quibus
1709 2736 2071 2798 concretum,

423 2836 483 2890 et
511 2824 903 2908 compositum
934 2830 1043 2889 est.
1076 2839 1196 2882 non
1227 2818 1538 2881 dissident.
1575 2816 1905 2897 Aliquando
1925 2836 2080 2908 mor-

424 2916 569 2978 bum
600 2906 825 2978 sentire
847 2912 1100 2990 cogitur,
1126 2908 1360 2990 quando
1382 2926 1568 2968 unum
1591 2925 1660 2968 ex
1681 2913 1931 2986 quatuor
1955 2906 2079 2967 ele-

2161 501 2305 576 Deo,
2341 520 2410 562 ac
2441 501 2692 564 Domino
2724 511 2951 583 nostro,
3006 507 3334 569 secundum
3383 511 3817 573 oeconomicam

2158 588 2592 651 institutionem
2625 592 2697 652 ad
2729 592 3121 655 humilitatem
3156 595 3329 658 nobis
3376 615 3407 660 a
3440 600 3818 662 daemonibus

2160 677 2686 741 inferturtentatio.
2711 679 2988 752 Quaanam
3012 683 3216 746 isthmc
3243 685 3267 747 Υ
3294 687 3486 766 ipsum
3512 691 3622 750 hoc
3640 709 3812 762 onus,

2159 774 2218 828 et
2248 769 2775 851 pondusxcorporis
2799 772 3004 846 nostri,
3040 773 3196 852 quod
3226 778 3492 855 quamvis
3515 779 3677 840 nulla
3701 781 3816 840 alia

2157 855 2232 917 de
2265 875 2461 939 causa,
2501 867 2741 939 propter
2787 877 2993 922 vanam
3026 861 3270 939 gloriam
3302 867 3519 938 solum,
3555 877 3654 929 aut
3684 869 3809 930 ela-

2158 945 2379 1006 tionem
2410 947 2591 1008 animi
2639 956 2738 1010 aut
2788 969 2894 1029 per
2940 950 3379 1015 damnationem
3438 956 3703 1032 alterius,
3743 968 3808 1020 ut

2158 1037 2528 1127 negligentis,
2566 1046 2664 1098 aut
2693 1048 2934 1118 propter
2961 1040 3104 1101 alias
3159 1043 3333 1103 etiam
3369 1063 3581 1107 causas
3614 1047 3806 1127 pluri-

2159 1143 2305 1201 mas,
2344 1126 2597 1188 daamoni
2630 1127 2879 1188 traditur
2907 1129 2966 1189 in
2991 1130 3292 1192 interitum
3327 1134 3545 1210 carnis,
3580 1126 3639 1196 et
3669 1157 3809 1198 con-

2160 1213 2458 1275 tritionem
2474 1215 2686 1276 animae
2711 1237 2724 1297 ;
2752 1217 3163 1297 probationem
3189 1239 3349 1297 vero,
3369 1231 3425 1283 et
3441 1224 3811 1287 exercitatio-

2160 1321 2295 1363 nem
2319 1304 2666 1383 ampliorem
2691 1306 2981 1384 ejusdem,
3012 1311 3532 1374 etutcumviScera
3552 1314 3807 1393 pietatis.

2161 1399 2217 1450 et
2238 1392 2678 1455 miserationem
2703 1394 2805 1456 Dei
2821 1395 2978 1457 circa
3001 1417 3108 1459 nos
3131 1392 3600 1477 cognoverimus,
3622 1411 3808 1465 totum

2158 1481 2376 1542 amoris
2414 1483 2687 1545 affectum
2731 1483 2802 1544 ad
2835 1505 2968 1546 eum
2995 1488 3438 1570 transferamus,
3473 1498 3714 1572 totoque
3745 1493 3808 1553 in

2159 1569 2324 1630 illum
2357 1571 2654 1633 desiderio
2685 1573 2966 1638 feramur.
3001 1575 3191 1647 Quare
3222 1586 3279 1638 et
3307 1569 3432 1639 haec
3458 1599 3576 1640 non
3600 1569 3808 1644 omnes

2160 1659 2358 1720 omnia
2388 1670 2602 1722 norunt
2635 1682 2648 1722 :
2685 1663 2787 1723 sed
2809 1663 3022 1725 anima}
3051 1666 3289 1745 quidem
3321 1667 3722 1744 alterationes,
3748 1680 3808 1734 et

2159 1749 2427 1828 corporis
2455 1751 2836 1826 mutationes,
2871 1755 2967 1832 qui
3015 1755 3397 1817 mediocriter
3423 1757 3496 1817 ad
3526 1757 3802 1822 virtutem

2159 1838 2353 1898 affecti
2382 1847 2542 1914 sunt,
2577 1859 2782 1901 eorum
2807 1843 3057 1923 quisque
3077 1863 3148 1904 ex
3174 1853 3336 1925 parte
3369 1838 3550 1923 novit,
3580 1850 3629 1909 si
3653 1850 3803 1912 forte

2160 1928 2568 2010 contigeritzin
2622 1930 2750 2011 ipso
2810 1932 3111 2013 quippiam
3167 1935 3579 2014 hujuscemodi
3616 1959 3629 1998 :
3666 1959 3803 2000 nam

2162 2018 2334 2096 plane
2367 2020 2629 2081 tenebris
2659 2021 2879 2082 offusos
2911 2042 3028 2083 non
3059 2042 3357 2086 curamus.

2241 2109 2318 2168 At
2349 2127 2492 2188 quas
2523 2129 2692 2171 mens
2723 2109 2940 2188 patitur
2970 2114 3409 2196 conversiones,
3443 2124 3501 2176 et
3533 2118 3806 2180 mutatio-

2161 2213 2288 2269 nes,
2322 2197 2396 2258 de
2421 2198 2635 2279 quibus
2684 2199 2963 2274 diximus,
3023 2201 3130 2262 soli
3169 2201 3439 2273 turbidis
3499 2205 3806 2268 affectibus

2161 2295 2455 2361 carentes,
2493 2295 2550 2349 et
2578 2287 2849 2368 perfecti,
2883 2289 3016 2368 puri
3047 2298 3104 2352 et
3159 2290 3336 2352 liberi
3387 2295 3585 2355 anima
3630 2304 3805 2376 atque

2161 2385 2357 2438 mente
2415 2391 2806 2455 cognoscunt.
2868 2376 3022 2449 Quin
3080 2397 3154 2440 ne
3206 2379 3320 2459 ipsi
3368 2381 3634 2461 quidem.
3671 2385 3800 2446 Non

2159 2464 2314 2524 enim
2348 2465 2439 2525 sui
2481 2465 2771 2545 ipsorum,
2811 2467 2915 2527 sed
2939 2466 3188 2528 alterius
3211 2477 3368 2544 sunt,
3394 2489 3427 2531 a
3458 2490 3572 2551 quo
3605 2472 3678 2532 de
3709 2473 3802 2534 bis

2158 2554 2332 2614 etiam
2365 2553 2735 2614 erudiuntur.
2771 2555 3071 2617 Interdum
3096 2557 3314 2637 quippe
3342 2577 3411 2620 ex
3443 2560 3570 2620 istis
3599 2561 3798 2622 diver-

2155 2642 2424 2704 sitatibus
2455 2643 2640 2704 menti
2670 2644 3097 2718 accidentibus,
3132 2647 3571 2726 constringitur,
3598 2650 3796 2711 trista-

2160 2740 2372 2811 turque
2401 2731 2620 2805 anima,
2657 2751 2790 2794 cum
2849 2733 2923 2794 de
2975 2735 3250 2812 praesenti
3305 2737 3518 2815 gaudio
3579 2738 3802 2818 aliquid

2161 2820 2446 2880 amiserit.
2464 2821 2891 2882 Verumtamen
2903 2821 3152 2882 viriliter
3168 2833 3425 2885 mentem
3455 2826 3800 2887 exsuscitat.

2163 2907 2467 2970 Interdum
2499 2927 2637 2971 vero
2684 2927 2852 2972 mens
2903 2909 2965 2969 in
3015 2909 3107 2972 his
3161 2930 3290 2991 qua:
3349 2912 3566 2991 patitur
3603 2913 3806 2974 anima

430 3005 653 3067 mentis
683 3002 879 3082 seipso
905 3000 996 3062 vel
1031 2998 1289 3078 acutius,
1311 2996 1404 3057 vel
1428 2995 1714 3056 minutius
1739 3003 1942 3056 contra
1969 2994 2082 3055 alia
2101 3026 2140 3075 ο
2167 3000 2518 3078 compatitur
2541 2998 2762 3079 etipsa,
2790 3006 2849 3060 et
2872 2999 2934 3059 in
2974 3009 3148 3062 nocte
3185 3001 3402 3062 versari
3431 3011 3675 3081 urgetur
3703 3002 3810 3064 illa

427 3091 851 3165 insurrexerit,
884 3089 1002 3150 imo
1034 3087 1105 3150 ab
1136 3087 1254 3148 illis
1286 3084 1582 3147 devictum
1613 3102 2082 3164 oppressumque

429 3182 635 3246 fuerit.
664 3180 817 3243 Hinc
865 3177 1309 3253 distillationes,
1366 3181 1762 3236 extremarum
1812 3172 2081 3253 corporis

427 3271 680 3352 partium
717 3267 1137 3341 mutilationes,
1173 3272 1230 3327 et
1278 3282 1702 3343 nonnunquam
1737 3262 1916 3323 totius
1945 3261 2078 3352 ani-

430 3351 646 3421 mantis
672 3357 971 3440 pernicies
994 3363 1057 3416 et
1077 3353 1376 3427 interitus,
1397 3353 1543 3440 citra
1565 3352 1844 3412 damnum
1869 3351 2082 3440 animae

427 3439 835 3524 nostraa,cum
865 3446 1081 3507 horum
1113 3441 1368 3522 plurima
1421 3458 1490 3501 ex
1518 3439 1972 3519 intemperantia
2003 3439 2083 3500 vi-

425 3545 560 3599 ctus
589 3541 979 3614 generentur.
1012 3529 1417 3604 Quorumdam
1448 3544 1585 3588 vero
1610 3545 1923 3607 corporum
1956 3547 2056 3588 mu

425 3625 567 3688 talio
599 3623 794 3688 ventis
825 3629 884 3684 et
913 3621 1038 3683 aeri
1069 3615 1427 3680 ascribenda
1458 3625 1568 3679 est.
1602 3616 1721 3676 Aer
1750 3617 1909 3676 enim
1942 3617 2078 3697 quia

422 3713 696 3794 frigidus,
749 3709 1013 3791 corporis
1058 3707 1329 3786 frigidam
1354 3705 1560 3794 sortita
1591 3713 1859 3766 naturam
1887 3706 2076 3766 offen-

425 3793 533 3879 dit,
567 3822 635 3864 ac
665 3800 960 3876 debilitat,
995 3806 1058 3859 ut
1089 3795 1340 3858 nimium
1374 3793 2071 3874 {refrigeratavideliceL

422 3892 576 3973 Alia,
613 3891 895 3972 quoniam
925 3885 1346 3950 constitutione
1395 3883 1677 3946 calidiora
1711 3891 1869 3959 sunt,
1924 3885 2072 3946 cwlo

424 3981 732 4062 frigidiore
762 3977 1122 4059 temporaria
1147 3979 1340 4057 potius
1363 3993 1431 4037 ac
1460 3973 1788 4036 valentiora
1815 3975 2074 4036 reddun-

424 4078 540 4134 tur.
573 4071 812 4144 Contra,
847 4087 982 4129 cum
1015 4084 1117 4128 aer
1174 4063 1510 4138 incaluerit,
1563 4063 1772 4142 frigida
1800 4064 2074 4125 foventur

425 4157 882 4238 quodammodo,
912 4165 969 4218 et
987 4153 1346 4216 reviviscunt
1375 4174 1390 4230 ;
1419 4160 1482 4213 ut
1502 4171 1739 4226 muscae,
1763 4161 1820 4214 et
1843 4154 2073 4235 reliqua

422 4247 654 4310 insecta
681 4266 716 4308 a
743 4245 932 4307 radiis
951 4243 1245 4306 solaribus
1266 4242 1578 4322 tepefacta,
1606 4249 1666 4304 et
1684 4242 1986 4318 validiora,
2013 4251 2072 4306 et

2165 3087 2430 3167 quidem,
2462 3088 2566 3148 sed
2586 3107 2703 3149 non
2741 3087 2898 3148 cedit
2925 3109 2936 3150 :
2972 3096 3217 3152 conatur
3246 3098 3441 3151 autem
3481 3109 3724 3153 manere
3746 3091 3811 3152 in

2165 3175 2413 3253 lumine,
2449 3182 2506 3238 et
2530 3176 2772 3238 forsitan
2806 3177 2982 3238 etiam
3016 3177 3273 3240 animam
3329 3179 3608 3242 illustrat.
3641 3180 3813 3244 Alias

2163 3283 2400 3326 rursum
2430 3265 2502 3326 ab
2536 3265 2896 3328 inconstanti
2928 3275 2986 3328 et
3005 3267 3281 3349 inaequali
3310 3270 3580 3350 corporis
3611 3270 3811 3333 habitu

2163 3356 2790 3436 utraquejpremuntur
2806 3357 3210 3420 vehementer.
3233 3357 3568 3439 Aliquando
3581 3360 3809 3421 extrin-

2162 3462 2332 3505 secus
2362 3452 2695 3523 gravantur,
2733 3453 2790 3507 et
2835 3464 2984 3506 onus
3035 3445 3336 3524 sentiunt;
3391 3455 3452 3509 et
3505 3456 3701 3511 tamen
3746 3447 3810 3509 in

2163 3551 2308 3612 pace
2364 3541 2521 3596 sunt.
2579 3533 2878 3595 Interdum
2938 3534 3301 3596 intrinsecus
3351 3536 3685 3612 turbantur,
3750 3544 3809 3596 et

2163 3628 2628 3697 commoventur,
2657 3621 3650 3704 perturbationibusquegeneratim
3666 3622 3805 3683 sub-

2160 3708 2401 3785 duntur,
2437 3718 2501 3770 ut
2529 3711 2627 3791 qui
2659 3711 2899 3791 patitur,
2936 3711 3196 3792 priorem
3219 3711 3652 3793 tranquillitatis
3681 3729 3803 3773 suae

2159 3799 2562 3861 conditionem
2593 3818 2834 3880 sperare
2852 3819 2971 3862 non
2995 3803 3207 3880 possit.
3238 3803 3338 3863 Sic
3359 3803 3554 3882 itaque
3575 3801 3801 3874 anima,

2157 3895 2216 3948 et
2245 3907 2415 3949 mens
2446 3907 2479 3949 a
2507 3907 2779 3970 corpore,
2809 3908 2976 3952 mens
3005 3891 3079 3951 ab
3111 3891 3308 3954 anima
3335 3892 3485 3972 ipsa,
3523 3900 3583 3952 et
3610 3890 3810 3953 anima

2155 3975 2413 4056 denique
2435 3986 2700 4053 amente,
2731 3986 2788 4039 et
2811 3997 3059 4059 cerpore
3082 3979 3277 4056 habet,
3299 3981 3458 4061 quod
3480 3979 3806 4060 delinquit.

2153 4062 2356 4150 Neque
2384 4066 2509 4150 haec
2538 4068 2677 4142 duo,
2697 4065 2893 4150 anima
2909 4075 3157 4150 etmens
3177 4087 3416 4150 semper
3441 4069 3758 4150 turbantur
3789 4086 3802 4129 :

2153 4145 2258 4206 sed
2285 4164 2358 4207 ex
2390 4147 2464 4207 iis
2495 4154 2584 4207 est
2615 4148 2848 4227 quando
2879 4148 3076 4210 anima
3117 4145 3339 4229 patitur
3369 4149 3517 4223 sola,
3551 4167 3805 4229 percun-

2154 4240 2462 4315 ctaturque
2489 4254 2678 4312 mens,
2705 4243 2783 4312 et,
2806 4237 2969 4317 quid,
2996 4238 3208 4319 inquit,
3235 4247 3323 4300 est
3343 4239 3452 4300 tibi
3475 4239 3500 4301 ἲ
3522 4239 3807 4318 illamque

422 4335 670 4416 agiliora
699 4335 973 4397 evadunt.
1006 4333 1083 4395 At
1111 4332 1325 4414 quibus
1367 4330 1709 4395 constitutio
1743 4331 1934 4394 calida
1963 4327 2069 4408 est,
2096 4359 2139 4408 ι)
2159 4327 2518 4416 consolatur.
2550 4323 2855 4386 Interdum
2903 4345 3072 4388 mens
3103 4337 3454 4405 excaecatur,
3492 4337 3551 4390 et
3580 4328 3798 4406 obtegi-

419 4424 943 4489 vehementissime
974 4423 1389 4494 exardescunt,
1421 4429 1480 4481 et
1509 4423 1580 4481 ad
1613 4439 1848 4484 omnem
1881 4421 2068 4483 actio-

2158 4417 2277 4489 tur,
2337 4415 2652 4495 animaque
2709 4433 2843 4475 cum
2895 4416 2972 4475 sit
3021 4416 3231 4491 libera,
3285 4417 3498 4479 virtute
3531 4417 3683 4496 ignis
3715 4417 3805 4478 sui

420 4533 560 4576 nem
589 4522 764 4595 atque
794 4519 1018 4573 motum
1044 4509 1322 4572 similiter
1342 4509 1640 4588 languida,
1671 4517 1727 4570 et
1770 4509 2071 4571 imbecilla
2151 4504 2528 4595 persequitur
2558 4503 2893 4595 caliginem,
2950 4513 3007 4566 et
3036 4505 3265 4595 sublato
3308 4508 3599 4569 velamine
3631 4525 3802 4566 men-

422 4599 574 4662 ﬁunt
605 4619 618 4664 :
655 4592 964 4662 etomnino
983 4596 1449 4677 unumquodque
1472 4615 1577 4676 pro
1604 4605 2070 4678 temperamento
2151 4605 2272 4655 tem
2305 4593 2445 4653 facit
2476 4593 2766 4672 aspicere.
2804 4592 3224 4671 Quamobrem,
3277 4604 3472 4676 patres
3505 4604 3562 4657 et
3598 4596 3806 4657 fratres

422 4707 530 4752 suo
555 4689 793 4751 inaeris
813 4695 1238 4767 ventorumque
1269 4686 1595 4748 mutatione
1621 4687 1814 4766 ipsum
1837 4707 2072 4769 quoque
2163 4682 2301 4755 mei,
2342 4701 2459 4742 non
2489 4683 2679 4742 solum
2705 4683 3080 4762 mutationes,
3111 4686 3530 4747 conversiones
3563 4702 3809 4766 quaeque

423 4797 528 4860 pro
562 4788 690 4842 rata
720 4776 994 4860 portione
1011 4775 1400 4838 mutationem
1426 4775 1881 4847 admittit.Quin
1901 4778 2077 4838 etiam
2161 4771 2334 4832 nobis
2366 4771 2645 4832 eveniunt
2701 4771 3105 4850 alterationes,
3165 4791 3366 4837 verum
3415 4775 3590 4836 etiam
3652 4773 3809 4834 unde

419 4868 553 4931 sine
575 4869 668 4931 his
694 4865 1012 4948 separatim
1055 4885 1127 4927 ex
1158 4865 1316 4941 cibo,
1351 4872 1614 4945 potuque
1644 4864 1989 4938 immodico,
2024 4876 2081 4928 et
2163 4863 2459 4937 eveniant,
2496 4869 2553 4922 et
2586 4862 2906 4942 quomodo,
2943 4870 3001 4924 et
3028 4883 3061 4924 a
3108 4863 3346 4943 quibus,
3403 4863 3622 4944 quique
3652 4863 3812 4924 venti

417 4975 489 5020 ex
515 4955 978 5039 intemperantia
997 4953 1335 5015 immutatio
1367 4953 1655 5034 sequitur.
1689 4953 1981 5016 Praeterea
2009 4975 2079 5016 ex
2161 4951 2582 5030 cogitationum
2613 4951 2858 5030 spirent,
2895 4959 2952 5012 et
2981 4971 3048 5013 ex
3080 4953 3294 5033 quibus
3325 4972 3632 5034 pravarum
3660 4953 3807 5015 affe-

416 5046 600 5108 multo
658 5064 894 5125 somno,
953 5062 1021 5105 ac
1082 5041 1311 5116 labore,
1363 5049 1463 5102 aut
1512 5041 1747 5121 pigritia
1777 5043 2066 5123 corporis.

415 5132 670 5197 Rursum
703 5135 816 5196 alia
845 5140 955 5209 est,
990 5130 1148 5212 quod
1182 5149 1251 5191 ex
1281 5129 1408 5210 ipsa
1439 5129 1822 5191 concretione
1851 5149 2067 5212 corpo-

413 5222 517 5300 ris,
555 5231 615 5285 et
643 5223 840 5286 calore
873 5219 1124 5282 naturali
1159 5217 1506 5299 producitur
1535 5217 1830 5280 fumosum
1864 5218 2068 5282 incen-

412 5311 598 5389 dium,
631 5312 795 5376 velut
822 5311 895 5373 ab
927 5329 1078 5392 aqua
1105 5307 1416 5371 exstinctis
1476 5305 1857 5386 carbonibus,
1911 5312 2066 5390 quod

414 5399 559 5463 alias
587 5408 765 5482 caput
791 5400 982 5464 solum
1013 5397 1177 5480 petit,
1239 5395 1384 5460 alias
1417 5403 1540 5460 toto
1574 5413 1640 5459 se
1669 5414 1917 5475 corpore
1947 5396 2064 5459 dif-

507 5587 563 5640 ίἸ
600 5586 751 5656 Gen.
782 5606 863 5669 Iv,
898 5590 957 5657 1.

2161 5041 2446 5114 ctionum,
2481 5041 2989 5122 tentationumque
3020 5043 3265 5104 ﬂumina
3288 5043 3674 5118 descendant,
3707 5052 3812 5104 aut

2153 5128 2598 5210 superveniant,
2624 5129 2959 5209 intelligere
2983 5131 3296 5210 debemus,
3325 5142 3385 5195 ut
3409 5133 3654 5194 domum
3677 5131 3807 5193 ani-

2153 5238 2267 5280 mas
2298 5227 2419 5280 tuto
2451 5219 2783 5296 firmemus,
2817 5228 2875 5280 et
2905 5221 3122 5298 navigii
3153 5223 3383 5284 clavum
3406 5222 3562 5284 bene
3594 5222 3808 5284 mode-

2151 5326 2357 5371 remur
2378 5327 2454 5370 ne
2475 5308 2621 5370 artis
2645 5309 2929 5388 imperiti,
2953 5320 3278 5392 naturaque
3297 5311 3595 5374 inhabiles
3611 5313 3810 5392 ipsum

2151 5416 2456 5461 versemus
2489 5415 2503 5459 :
2540 5416 2794 5478 quorum
2827 5399 3225 5479 cognitionem
3257 5404 3375 5465 vita
3410 5401 3677 5465 studiose
3709 5420 3811 5463 se-
