4112 6106
307 287 416 353 401

1766 295 2048 360 ORATIO
2091 297 2254 357 XIX.

3580 278 3701 360 492

307 425 569 487 cundum
601 429 864 508 regulam
917 441 1202 511 perpetuo
1257 437 1386 492 acta
1435 430 1794 510 suppeditat.
1834 424 1956 488 Sibi
1978 433 2019 482 A
2043 424 2210 504 pias;
2245 421 2622 484 sedarculam
2645 417 2891 511 quidem
2917 417 3694 511 obsignatam,_mag_n0ql_ie,

308 513 465 573 enim
498 514 607 596 ipsi
645 519 966 580 terminum
997 539 1062 581 ac
1112 531 1311 600 typum
1344 539 1566 600 ponere
1599 519 1959 580 monachum

305 611 561 680 oportet,
601 616 659 668 et
695 607 848 669 scire
877 628 992 690 quo
1029 619 1199 688 pacto
1231 610 1448 688 singuli
1477 609 1607 670 dies
1640 605 1962 689 peragendi

306 690 448 766 sint,
483 701 544 755 ut
563 696 928 759 curriculum
950 699 1183 760 virtntis
1203 698 1474 778 expedite
1497 707 1672 778 queat
1693 714 1957 767 currere,

307 788 478 842 etne
510 803 612 862 per
639 786 931 847 inscitiam
982 806 1190 849 cursus
1241 789 1368 866 ejus
1424 787 1809 868 impediatur.
1865 785 1963 845 Sic

311 869 489 930 etiam
522 873 632 932 sibi
662 874 814 935 viam
848 876 1078 939 virtutis
1101 895 1378 954 aSperam
1406 877 1580 937 simul
1615 884 1673 936 et
1700 873 1959 936 laborio-

310 973 437 1019 sam
466 963 866 1043 complanabit
892 987 904 1027 :
928 985 1063 1026 cum
1091 966 1373 1026 nimirum
1399 965 1689 1040 habitum,
1720 981 1971 1026 consue-

309 1048 694 1131 tudinemque
710 1062 869 1115 recte
889 1054 1143 1116 faciendi
1169 1055 1530 1135 acquisierit,
1547 1062 1603 1114 et
1622 1052 1960 1134 proficiens,

301 1139 807 1222 ascensionesque
865 1143 926 1205 in
976 1144 1154 1205 corde
1227 1162 1332 1204 suo
1382 1144 1728 1223 disponens,
1785 1150 1843 1203 et
1896 1160 1960 1202 ex

308 1227 504 1306 parvis
535 1229 606 1290 ad
639 1232 865 1310 majora
896 1233 1367 1314 perfectioraque
1426 1252 1489 1293 se
1535 1233 1812 1295 attollens
1840 1230 1962 1292 Deo

310 1315 592 1394 placebit,
631 1319 1041 1402 dictorumque
1104 1341 1136 1381 a
1184 1322 1355 1383 nobis
1398 1323 1663 1382 omnium
1697 1321 1961 1382 notitiam

308 1403 554 1466 habebit
577 1408 634 1456 18
663 1456 677 1483 ,
714 1417 771 1470 et
803 1411 1120 1470 multorum
1143 1411 1394 1471 aliorum
1428 1411 1706 1489 magister
1735 1409 1956 1483 audiet,

308 1509 615 1569 sermone,
651 1504 707 1556 et
739 1516 967 1558 morum
1001 1498 1343 1560 innocentia
1384 1518 1484 1560 eos
1517 1498 1617 1579 qui
1647 1517 1782 1558 cum
1831 1498 1960 1578 ipso

306 1582 706 1645 versabantur
734 1585 1108 1664 illuminans,
1143 1595 1204 1647 ut
1224 1588 1322 1667 qui
1346 1588 1520 1648 etiam
1545 1588 1672 1666 ipse
1703 1586 1962 1666 desuper

307 1670 674 1734 illuminatus
704 1667 819 1750 sit;
855 1683 911 1736 et
936 1675 1225 1758 profunda
1247 1677 1518 1737 revelans
1544 1675 1658 1754 his,
1691 1674 1792 1756 qui
1824 1693 1954 1734 cum

308 1758 612 1821 desiderio
643 1773 917 1842 quzerunt
934 1765 1167 1826 discere
1193 1765 1484 1845 profunda
1513 1764 1754 1842 spiritus
1772 1765 1828 1813 49
1855 1811 1868 1838 ,
1895 1764 1955 1824 in

309 1847 540 1910 Christo
570 1851 732 1921 Jesu,
770 1853 1020 1914 Domino
1054 1863 1277 1928 nostro,
1315 1854 1407 1915 cui
1438 1853 1644 1934 gloria,
1677 1862 1734 1913 et
1764 1853 1957 1932 impe-

307 1938 461 1998 rium
495 1958 626 2000 cum
651 1940 842 2018 Patre,
868 1950 924 2002 et
944 1952 1146 2004 sancto
1173 1942 1392 2024 Spiritu
1419 1963 1576 2005 nunc
1597 1943 1729 2004 etin
1748 1943 1960 2005 saecula

307 2028 688 2090 saiculorum.
726 2031 938 2094 Amen.

894 2133 1163 2198 ORATiO
1221 2134 1371 2198 XIX.

927 2224 1359 2287 ARGUMENTUM.

315 2317 410 2402 De_
425 2322 766 2395 cognitione
786 2322 1096 2401 spirituali
1121 2339 1138 2382 :
1166 2331 1221 2384 et
1244 2323 1585 2402 thesaurum
1608 2323 1865 2402 spiritus
1891 2324 1957 2383 in

389 2396 591 2459 littera
611 2396 962 2482 sanctarum
998 2403 1467 2482 Scripturarum
1509 2396 1950 2476 absconditum,

388 2495 513 2538 non
535 2481 838 2552 omnibus,
882 2481 1231 2562 quanquam
1252 2483 1631 2562 cupientibus
1660 2483 1954 2562 manifes-

393 2565 519 2618 tum
541 2577 666 2621 esse.
692 2583 706 2622 :
734 2562 1606 2642 seipossidentibusduntawat
1631 2563 1828 2638 illum,
1852 2567 1958 2642 qui

387 2656 629 2700 sensum
657 2642 736 2702 ad
760 2641 1112 2723 Scripturas
1136 2644 1567 2725 intelligendas
1598 2646 1817 2722 aperit.

389 2743 720 2824 Spiritualis
751 2749 1029 2828 cognitio,
1067 2749 1298 2825 fratres,
1355 2749 1612 2830 cuipiam
1661 2749 1864 2811 domui
1896 2749 1957 2809 in

318 2833 514 2893 medio
548 2837 881 2913 mundanae,
919 2845 978 2899 et
1006 2839 1245 2915 gentilis
1272 2838 1624 2917 cognitionis
1652 2839 1960 2901 {adiﬁcatas

316 2922 530 2983 similis
554 2933 645 2985 est
672 2946 684 2985 :
716 2926 901 3006 inqua
918 2926 1115 3002 domo,
1134 2928 1288 2988 velut
1306 2927 1651 2988 scriniolum
1675 2927 1953 3001 solidum,

311 3019 369 3071 el
395 3015 825 3076 communitum
876 3024 932 3077 et
987 3016 1241 3094 cognitio
1295 3035 1329 3076 a
1371 3015 1490 3076 Dee
1543 3015 1961 3093 inspiratarum

2045 499 2104 574 et
2138 512 2419 593 opulento
2471 499 2744 572 thesauro
2790 508 3095 582 refertam,
3150 501 3411 583 quandiu
3463 500 3526 562 in
3575 499 3695 561 vita

2046 601 2458 681 commoraris,
2492 597 2900 673 circumferas,
2935 603 2996 657 ut
3055 593 3335 667 diximus,
3388 598 3451 681 tu
3489 596 3698 681 autem

2046 691 2173 770 ipse
2204 675 2634 764 interea'fame,
2669 687 2792 762 siti,
2828 684 3093 747 nuditate
3114 681 3399 744 crucieris
3421 679 3452 740 ‘2
3489 675 3699 770 Nullus

2047 767 2222 860 plane
2253 780 2484 860 opinor.
2514 778 2630 840 Ista
2661 777 2829 857 mihi,
2855 775 3038 836 frater
3059 773 3162 855 mi,
3196 771 3374 834 etiam
3407 770 3481 860 de
3511 767 3700 848 spiri-

2055 859 2311 930 tualious
2340 868 2551 949 cogita,
2587 876 2643 930 et
2673 867 2888 928 arcula;
2912 863 3152 926 nomine
3177 861 3393 926 Christi
3413 859 3697 949 Evange-

2052 958 2218 1033 lium,
2253 947 2616 1039 craterasque
2646 955 2976 1036 Scripturas
2997 952 3283 1032 intellige,
3312 949 3604 1012 habentes
3633 947 3698 1010 in

2049 1066 2114 1110 se
2147 1048 2507 1121 conclusam,
2532 1053 2590 1107 et
2632 1045 2916 1123 signatam
2954 1043 3130 1104 vitam
3155 1050 3460 1116 mternam,
3483 1045 3697 1100 etcum

2050 1127 2256 1200 eadem
2291 1157 2419 1218 qua:
2446 1137 2506 1198 in
2530 1137 2630 1198 illa
2647 1143 2803 1210 sunt,
2832 1133 3010 1195 nullis
3049 1129 3436 1213 exprimenda
3471 1127 3692 1204 verbis,

2047 1247 2293 1308 quaeque
2326 1226 2514 1288 oculis
2539 1223 2843 1306 corporeis
2869 1243 2985 1285 non
3007 1227 3333 1285 cernuntur
3350 1218 3507 1308 bona
3528 1224 3699 1282 aiter-

2045 1307 2139 1391 na,
2168 1307 2498 1377 secundum
2523 1313 2762 1376 Domini
2782 1330 3009 1375 vocem:
3027 1310 3406 1373 Scrutamini
3421 1307 3699 1388 Scriptu-

2044 1424 2165 1476 ras,
2192 1406 2480 1484 quoniam
2501 1406 2565 1466 in
2593 1405 2742 1484 ipsis
2765 1409 2850 1465 est
2870 1403 2998 1465 vita
3019 1408 3253 1465 (eterna
3272 1399 3353 1463 20.
3377 1397 3694 1460 Hominem

2046 1517 2243 1579 porro,
2275 1499 2374 1579 qui
2395 1497 2732 1559 arculamin
2757 1498 3040 1558 humeros
3069 1494 3328 1570 sustulit,
3353 1510 3507 1574 pone
3528 1490 3696 1552 illum

2043 1606 2196 1660 esse,
2219 1588 2320 1667 qui
2345 1586 2684 1667 Scripturas
2715 1603 2920 1647 omnes
2950 1584 3204 1646 reddere
3253 1589 3428 1664 queat
3459 1599 3530 1643 ex
3561 1599 3696 1643 me-

2044 1677 2252 1757 moria,
2285 1684 2345 1738 et
2374 1677 2433 1737 in
2468 1694 2570 1737 ore
2603 1694 2701 1737 eas
2731 1691 2968 1755 semper
2993 1672 3228 1735 habeat.
3261 1673 3377 1735 Eas
3405 1672 3606 1752 itaque
3635 1669 3698 1730 in

2042 1765 2242 1825 arcula
2261 1763 2591 1825 memoriali
2614 1762 2850 1838 animai,
2881 1762 3154 1824 mandata
3184 1762 3292 1824 Dei
3317 1769 3378 1823 ut
3405 1759 3698 1842 pretiosos

2043 1853 2330 1933 quosdam
2385 1852 2612 1933 lapides
2670 1852 3037 1924 continente,
3098 1851 3159 1912 in
3219 1851 3435 1933 quibus
3466 1847 3700 1911 estvita

2042 1948 2265 2003 aeterna
2288 1941 2489 2021 (verba
2511 1941 2672 2002 enim
2697 1940 2914 2004 Christi
2944 1941 3044 2001 lux
3068 1949 3128 2001 et
3147 1940 3262 2002 vita
3283 1948 3420 2002 sunt
3437 1947 3500 2000 ut
3533 1935 3693 1998 idem

2043 2032 2170 2112 ipse
2203 2031 2345 2093 ait21
2378 2081 2394 2106 ,
2431 2038 2486 2092 et
2515 2032 2612 2111 qui
2649 2048 2766 2091 non
2811 2030 3004 2091 credit
3051 2029 3113 2090 in
3143 2029 3360 2091 Filium
3411 2029 3545 2104 Dei,
3577 2047 3698 2092 non

2041 2121 2264 2182 videbit
2292 2120 2494 2202 vitam)
2525 2128 2817 2201 apportat.
2854 2121 2998 2184 Cum
3025 2119 3323 2181 mandatis
3354 2126 3553 2182 autem
3586 2120 3699 2182 vir-

2042 2218 2212 2290 tutes,
2252 2219 2313 2270 ut
2341 2211 2684 2289 margaritas
2730 2209 3036 2291 quasdam,
3099 2226 3134 2271 a
3181 2208 3478 2270 mandatis
3533 2209 3694 2272 enim

2040 2300 2304 2374 virtutes,
2324 2299 2386 2359 in
2400 2299 2617 2379 quibus
2629 2299 3048 2379 mysteriorum
3073 2301 3130 2359 in
3149 2297 3695 2382 litteralatentium,’

2043 2395 2102 2446 et
2133 2386 2538 2448 obvelatorum
2570 2387 2879 2450 revelatio.
2935 2386 3298 2449 Factitandis
3329 2388 3490 2449 enim
3523 2406 3698 2450 man-

2039 2476 2192 2537 datis
2221 2479 2463 2539 virtutes
2511 2486 2865 2540 exercentur
2903 2496 2916 2541 :
2977 2477 3294 2540 virtutibus
3340 2479 3702 2540 exercendis

2041 2566 2318 2627 mandata
2346 2566 2693 2646 implentur.
2719 2567 2915 2646 Atque
2941 2568 3021 2628 ita
3045 2585 3150 2648 per
3172 2569 3295 2629 haec
3314 2567 3486 2629 nobis
3509 2568 3710 2648 janua

2043 2655 2396 2734 cognitionis
2425 2656 2735 2733 aperitur;
2775 2657 2894 2718 imo
2948 2675 3085 2718 vero
3118 2676 3238 2718 non
3269 2675 3375 2739 per
3404 2657 3555 2736 haec,
3590 2657 3698 2722 sed

2045 2763 2149 2825 per
2181 2763 2317 2806 eum
2351 2745 2451 2826 qui
2483 2744 2628 2806 dixit
2658 2767 2672 2806 :
2717 2747 2838 2821 Qui
2865 2763 2960 2808 me
2981 2746 3206 2825 diligit,
3242 2748 3536 2810 mandata
3567 2765 3704 2810 mea

2042 2833 2327 2915 servabit,
2364 2840 2421 2896 et
2453 2836 2637 2896 Pater
2668 2853 2835 2898 meus
2864 2834 3077 2916 diliget
3097 2854 3256 2913 eum,
3285 2843 3343 2901 et
3370 2855 3475 2920 ego
3491 2838 3699 2900 mani-

2044 2923 2272 2999 festabo
2304 2925 2361 2985 ei
2386 2929 2683 3004 meipsum
2699 2924 2754 2966 92
2787 2974 2800 2988 .

2124 3011 2184 3072 Si
2215 3029 2354 3091 ergo
2399 3012 2769 3089 habitaverit,
2825 3020 2883 3076 et
2938 3013 3327 3076 ambulaverit
3377 3015 3535 3078 inter
3583 3033 3694 3078 nos

317 3099 778 3181 Scripturarum,
819 3113 874 3165 et
904 3105 1265 3178 divitiarum,
1305 3124 1436 3185 quae
1458 3104 1519 3164 in
1543 3123 1610 3165 eo
1634 3105 1959 3184 inexplica-
1985 3099 2020 3112 ν
2053 3103 2227 3176 Deus,
2264 3109 2321 3162 et
2341 3102 2469 3182 ipse
2497 3103 2765 3181 seipsum
2810 3103 2983 3165 nobis
3015 3105 3173 3166 clare
3207 3105 3695 3184 manifestaverit,

316 3187 495 3258 biles,
522 3191 708 3252 instar
731 3193 991 3255 thesauri
1009 3196 1211 3273 jacent
1232 3194 1590 3255 reconditae:
1618 3211 1818 3273 quem,
1864 3197 1965 3274 qui

315 3276 562 3340 domum
594 3280 1030 3363 ingrediuntur,
1057 3283 1257 3344 videre
1281 3288 1605 3364 nequeunt,
1629 3282 1743 3342 nisi
1764 3284 1966 3346 arcula

311 3366 432 3428 illis
461 3369 700 3448 penitus
721 3379 1044 3445 reseretur;
1063 3390 1234 3452 quam
1253 3380 1450 3433 tamun
1465 3374 1719 3433 humana
1733 3372 1966 3451 sapien-

321 3452 398 3512 tia
427 3473 702 3516 reserare
754 3477 1055 3540 nunquam
1101 3459 1335 3520 valebit.
1387 3460 1675 3532 Quocirca
1724 3460 1965 3539 spiritus

323 3561 468 3620 opes
501 3543 562 3603 in
596 3563 664 3604 ea
690 3547 982 3626 repositm,
1039 3548 1381 3608 mortalibus
1431 3549 1720 3610 universis
1750 3549 1964 3626 igno’az

321 3641 586 3694 manent.
620 3633 690 3694 Et
717 3637 1238 3715 quemadmodum,
1287 3637 1424 3698 licet
1470 3640 1658 3717 ipsam
1702 3637 1965 3699 arculam

320 3729 503 3810 totam
535 3723 799 3786 humeris
821 3729 942 3788 suis
989 3727 1324 3808 impositam
1352 3729 1483 3810 quis
1518 3730 1687 3804 ferat,
1710 3729 1962 3789 locatum

324 3809 383 3869 in
407 3828 478 3873 ea
501 3815 840 3875 thesaurum
868 3816 1096 3894 ignorat
1122 3839 1133 3879 :
1165 3817 1274 3893 sic,
1294 3809 1777 3898 etSiquisomnes
1799 3815 1964 3878 Scri-

326 3907 529 3978 pturas
559 3903 790 3979 legerit,
826 3915 882 3966 et
911 3907 969 3966 in
999 3915 1234 3986 pectore
1264 3907 1691 3982 recondiderit,
1718 3916 1775 3968 et
1797 3905 1964 3986 quasi

321 4009 505 4050 unum
542 3993 834 4071 psalmum
865 4013 963 4055 eas
992 3999 1244 4058 recitare
1297 4015 1364 4058 ex
1421 3997 1709 4058 memoria
1759 3995 1963 4076 possit,

2051 3198 2186 3251 tunc
2216 3209 2344 3271 qum
2375 3191 2436 3252 in
2465 3193 2686 3268 arcula,
2743 3193 2803 3254 id
2857 3200 2966 3269 est,
3033 3195 3091 3254 in
3122 3194 3338 3256 divinis
3369 3195 3701 3276 Scripturis

2047 3277 2393 3341 abscondita
2406 3281 2852 3361 suntmysteria,
2871 3284 3287 3362 cognoscendo
3304 3284 3691 3349 intuebimur:

2048 3367 2223 3430 aliter
2239 3369 2322 3430 fas
2344 3389 2462 3430 non
2489 3378 2596 3432 est.
2630 3371 2816 3433 Nemo
2841 3381 3018 3450 erret,
3048 3373 3215 3455 quasi
3260 3374 3316 3436 ei
3355 3375 3559 3436 arcula
3588 3394 3692 3437 co-

2047 3457 2329 3535 gnitionis
2358 3469 2558 3541 aperta
2588 3461 2682 3538 sit,
2719 3469 2778 3524 et
2824 3461 2996 3524 bonis
3037 3483 3167 3545 quae
3196 3464 3258 3524 in
3290 3482 3360 3526 ea
3389 3473 3524 3527 sunt
3556 3483 3699 3546 per-

2047 3545 2272 3608 fruatur
2299 3567 2312 3623 ;
2345 3555 2445 3608 aut
2474 3567 2679 3610 eorum
2710 3551 2784 3612 sit
2833 3552 3151 3633 particeps,
3200 3572 3388 3634 eaque
3418 3545 3694 3634 aspiciat.

2047 3634 2318 3706 Qualium
2349 3655 2513 3711 vero,
2549 3657 2920 3721 quorumque
2951 3642 3187 3718 horum,
3219 3643 3468 3705 obsecro
3492 3642 3523 3702 ἲ)
3557 3662 3700 3724 per-

2047 3725 2214 3787 fectae
2237 3727 2538 3789 charitatis
2559 3747 2697 3808 erga
2717 3728 2930 3806 Deum,
2956 3739 3014 3792 et
3045 3732 3405 3812 proximum.
3425 3732 3705 3795 Contem-

2051 3823 2182 3892 ptus
2205 3834 2412 3877 eorum
2431 3836 2562 3897 quae
2583 3818 2857 3880 videntur
2881 3820 3183 3897 omnium;
3221 3821 3698 3885 mortificationis

2050 3903 2266 3978 carnis,
2303 3913 2360 3965 et
2389 3905 2792 3967 membrorum
2823 3909 2972 3987 ejus,
3017 3928 3148 3989 qua;
3195 3917 3332 3970 sunt
3361 3928 3542 3990 super
3573 3918 3699 3973 ter-

2053 4011 2200 4066 ram,
2226 4011 2410 4072 usque
2433 3994 2505 4055 ad
2532 3997 2743 4056 malam
2763 3996 3147 4078 cupiditatem
3168 3998 3226 4048 93
3255 4020 3268 4057 :
3302 4005 3365 4060 ut
3394 4000 3694 4080 quomodo

315 4084 730 4147 absconditum
761 4088 1146 4150 nihilominus
1170 4090 1230 4150 in
1253 4091 1454 4152 arcula
1484 4089 1673 4151 sancti
1713 4088 1969 4169 Spiritus
2056 4089 2318 4142 mortuus
2349 4083 2584 4163 penitus
2617 4103 2728 4146 nec
2775 4086 3008 4166 cogitat,
3062 4105 3174 4148 nec
3223 4088 3405 4150 sentit
3457 4088 3704 4168 aliquid,

319 4174 544 4236 donum
588 4177 1016 4259 nescit.Neque
1039 4180 1198 4241 enim
1215 4199 1320 4260 per
1344 4181 1606 4240 arculam
1622 4178 1968 4259 quaeinsunt
2053 4170 2130 4260 ita
2160 4177 2218 4260 et
2241 4189 2345 4231 nos
2365 4171 2482 4252 ipsi
2513 4173 2733 4234 nullam
2766 4175 3181 4251 cogitationem
3213 4174 3501 4256 improbae
3527 4177 3702 4258 cupi-

312 4263 374 4322 in
405 4266 626 4338 arcula,
664 4285 856 4347 neque
881 4287 992 4348 per
1020 4259 1389 4348 scripturam
1421 4287 1552 4349 qum
1572 4276 1711 4329 sunt
1732 4268 1793 4327 in
1817 4266 1971 4328 Scri-
1996 4335 2032 4349 ἢ
2053 4259 2271 4332 ditatis,
2307 4269 2406 4322 aut
2447 4280 2656 4323 sensus
2711 4283 2844 4326 cum
2908 4265 3351 4343 perturbatione
3400 4267 3708 4348 conjuncti

318 4362 514 4430 ptura,
549 4335 895 4417 mitescunt:
933 4356 1088 4418 Audi
1147 4335 1397 4437 quanam
1439 4335 1702 4418 ratione.
1758 4355 1967 4418 Cernis
1991 4335 2034 4383 Β
2054 4349 2296 4437 Omnino
2324 4369 2582 4430 unqmm
2627 4352 3063 4434 concipiamus;
3106 4363 3206 4416 aut
3236 4335 3554 4436 tyrannicae
3586 4365 3709 4418 tur-

313 4460 512 4504 arcam
536 4445 853 4523 parvulam,
883 4445 1037 4507 bene
1055 4436 1316 4507 clausam
1341 4446 1622 4526 undique,
1643 4453 1964 4524 quantum-
2050 4436 2300 4526 bationis
2317 4441 2534 4500 malum
2553 4442 2955 4521 experiamur,
2971 4452 3026 4504 et
3042 4451 3266 4505 tantum
3287 4445 3705 4508 mandatorum

313 4551 428 4610 que
457 4551 524 4593 ex
549 4534 678 4613 ejus
703 4533 986 4614 pondere,
1015 4543 1075 4596 et
1097 4535 1391 4598 exteriore
1426 4524 1717 4611 elegantia
1738 4533 1966 4611 colligis
2050 4524 2368 4617 Salvatoris
2392 4547 2686 4591 memores
2709 4534 2918 4593 simus.
2945 4531 3197 4614 Insuper
3216 4533 3702 4617 immortalitatis,

318 4624 442 4699 (aut
468 4613 733 4684 forsitam
758 4623 934 4684 etiam
978 4624 1050 4685 ab
1083 4624 1217 4686 aliis
1250 4624 1545 4704 audivisti)
1599 4623 1798 4685 credis
1829 4623 1963 4683 the-
2047 4613 2532 4696 inCOFPUPliODiS.
2570 4626 2806 4681 ῖθῑθΐηῶ
2855 4613 3105 4702 ἕιοΐίῖὲί
3133 4621 3267 4684 VWB
3296 4613 3701 4703 sempiternae;

317 4727 560 4770 saurum
607 4709 764 4772 intus
787 4711 972 4773 latere
1007 4734 1019 4773 :
1057 4732 1170 4793 qua
1191 4714 1370 4773 etiam
1398 4713 1645 4794 sublata,
1685 4712 1966 4774 festinan-

321 4806 414 4859 ter
443 4798 731 4861 ambulas.
766 4799 949 4862 Narra
989 4802 1168 4881 igitur
1199 4801 1366 4883 mihi,
1401 4803 1541 4881 quid
1592 4801 1882 4883 proderit,
1919 4794 1966 4860 si

314 4886 707 4964 obsignatam,
737 4896 796 4949 et
819 4888 1074 4950 clausam
1099 4890 1290 4970 ipsam
1332 4893 1517 4951 solam
1567 4890 1626 4950 in
1663 4889 1826 4950 omni
1855 4889 1971 4949 vita

314 4975 723 5051 circumferas,
760 4995 870 5038 nec
915 4979 1171 5058 aperias,
1227 4996 1337 5038 nec
1394 4977 1711 5059 aliquando
1742 4975 1964 5037 ibidem

314 5065 642 5144 repositum
676 5065 1019 5125 thesaurum
1062 5065 1396 5146 inspicias?
1444 5067 1491 5127 si
1535 5064 1868 5145 lapillorum
1900 5063 1960 5122 in

315 5172 388 5214 ea
417 5154 726 5232 fulgorem,
765 5155 1215 5230 margaritarum
1241 5153 1590 5226 claritatem,
1621 5153 1749 5214 auri
1781 5167 1958 5212 coru—

315 5262 481 5303 scum
516 5243 893 5323 splendorem
930 5263 1043 5303 non
1077 5243 1274 5306 videas
1297 5243 1326 5303 ί]
1357 5243 1497 5314 Quis
1521 5243 1765 5323 fractus,
1790 5241 1956 5303 sidi-

2053 4706 2218 4783 regni
2268 4707 2574 4784 caelorum,
2635 4709 2967 4790 adoptionis
3026 4729 3131 4792 per
3186 4713 3701 4791 regenerationem

2051 4794 2238 4854 sancti
2271 4795 2548 4878 Spiritus,
2585 4806 2642 4859 et
2672 4806 2734 4859 ut
2787 4817 2894 4879 per
2922 4799 3331 4880 adoptionem,
3368 4808 3427 4862 et
3453 4801 3702 4880 gratiam

2052 4883 2132 4943 dii
2165 4883 2397 4958 ﬁamus,
2427 4905 2822 4968 vocemurque
2862 4888 3132 4952 haredes
3182 4889 3311 4971 Dei,
3362 4891 3706 4952 cohaeredes

2053 4981 2249 5034 autem
2283 4973 2504 5038 Christi
2528 4975 2593 5026 24
2614 5027 2629 5054 ,
2683 4986 2740 5039 et
2772 4997 2888 5039 una
2918 4998 3052 5040 cum
3085 4978 3180 5040 his
3213 4978 3432 5042 Christi
3461 4997 3704 5041 sensum

2053 5064 2488 5145 possideamus,
2524 5087 2629 5149 per
2654 5087 2830 5150 quem
2859 5069 3075 5146 Deum,
3101 5077 3160 5131 et
3187 5069 3483 5134 Christum
3509 5071 3712 5150 ipsum

2035 5148 2384 5215 secundum
2418 5148 2783 5219 divinitatem
2829 5157 2986 5219 inter
3047 5177 3156 5219 nos
3212 5148 3602 5234 habitantem,
3651 5167 3713 5220 et

2053 5242 2454 5306 ambulantem
2485 5245 2808 5322 videamus,
2837 5255 2894 5309 et
2915 5265 3367 5326 cognoscamus.
3401 5247 3507 5309 His
3525 5246 3710 5326 igitur

316 5351 470 5411 gnos
493 5351 609 5392 non
656 5332 758 5408 sis,
803 5331 904 5412 qui
935 5350 1004 5392 ex
1035 5332 1104 5392 iis
1139 5334 1230 5394 vel
1265 5333 1585 5413 pauxillum
1614 5333 1867 5407 auferas,
1903 5337 1961 5390 et
2047 5331 2348 5410 omnibus,
2385 5342 2441 5395 et
2471 5335 2563 5397 his
2597 5336 2946 5417 majoribus,
2983 5348 3166 5418 {quae
3193 5336 3390 5399 verbis
3436 5353 3715 5418 compre-

317 5423 462 5483 inde
493 5420 570 5482 ad
600 5420 818 5482 victum
837 5418 1185 5484 vestitumve
1205 5421 1429 5503 aliquid
1453 5421 1750 5483 commodi
1774 5421 1958 5502 perci-
2043 5421 2229 5483 hendi
2248 5430 2317 5507 et
2345 5425 2629 5506 explicari
2655 5432 2983 5508 nequeunt,
3020 5426 3294 5490 mandata
3315 5425 3425 5491 Dei
3446 5425 3702 5490 audien-

407 5553 459 5596 13
486 5553 933 5643 PsalLLxxxu},
968 5557 1028 5617 6.
1119 5555 1170 5599 19
1196 5555 1221 5618 Ι
1251 5555 1385 5643 Cor.
1421 5573 1487 5630 ιι,
1519 5556 1616 5620 10.
1701 5554 1764 5607 20
1789 5552 1960 5620 Joan.

2048 5608 2057 5634 ,
2091 5557 2192 5620 39.
2280 5556 2334 5607 21
2365 5557 2537 5626 Joan.
2572 5578 2656 5643 vx,
2693 5561 2792 5624 64.
2884 5560 3289 5642 22Joan.x1v,
3321 5561 3422 5626 3t.
3508 5561 3565 5607 33
3593 5561 3711 5627 Co-

2884 5560 2947 5612 22
2970 5560 3141 5626 Joan.
3169 5579 3289 5642 xiv,
3321 5561 3422 5626 3t.

324 5635 475 5700 loss.
510 5651 593 5698 ιιι.
633 5634 690 5696 5.
776 5635 838 5687 24
866 5639 1043 5703 Rom.
1078 5653 1210 5712 VIII,
1261 5639 1354 5702 l7.
