4112 6106
431 282 552 353 403

1735 283 2117 354 SYMEONIS
2155 283 2509 355 JUNIORIS

3701 286 3814 356 404

427 429 544 500 tes,
579 439 770 505 eaque
801 422 1209 487 custodientes
1239 441 1308 487 ac
1337 423 1650 502 facientes,
1687 443 1796 507 per
1821 430 2087 508 apertam
2108 441 2151 481 Α
2171 442 2289 504 que
2317 424 2382 485 in
2411 423 2558 505 ipsis
2582 431 2674 488 est
2720 426 2967 506 gloriam
3009 427 3258 508 mystice
3305 427 3814 489 demonstrantem

429 530 656 589 arcam,
683 513 758 576 de
782 532 900 595 qua
930 512 1114 575 locuti
1149 531 1378 588 sumus,
1416 513 1476 576 id
1508 521 1620 596 est,
1652 534 1762 596 per
1780 515 2088 578 revelatio-

430 621 573 667 nem
603 601 1068 682 intelligibilium
1124 603 1457 682 oculorum,
1503 603 1720 666 intuitu
1775 604 1836 666 in
1888 603 2088 666 divina

433 691 743 774 Scriptura
763 691 1070 754 latentium
1095 691 1259 771 digni
1301 691 1622 767 habentur,
1653 700 1711 756 et
1739 693 1813 754 iis
1840 693 2085 773 largiter

429 783 729 845 fruuntur.
759 780 970 844 Caeteri
991 782 1192 844 omnia
1221 799 1352 863 quae
1393 782 1614 864 scripta
1644 791 1783 845 sunt
1810 783 2085 864 imperite

430 870 794 947 nescientes,
812 889 1016 932 eorum
1029 870 1406 934 dulcedinem
1422 871 1598 934 vitam
1621 881 1902 934 aeternam
1915 891 2083 934 com-

431 961 790 1044 plectentem
842 980 960 1022 non
1018 969 1418 1041 gustaverunt,
1473 961 1584 1024 soli
1644 960 2082 1043 Scripturarum

430 1050 719 1115 doctrinae
737 1049 1083 1132 innitentes,
1099 1070 1248 1132 quos
1270 1051 1398 1132 ipsa
1418 1050 1478 1113 in
1502 1051 1683 1132 exitu,
1712 1053 2080 1133 magisquam

432 1160 536 1204 eos
559 1140 662 1222 qui
685 1139 928 1203 omnino
951 1159 1070 1202 non
1096 1141 1436 1215 audierunt,
1465 1141 1826 1221 judicatura,
1853 1149 1911 1203 et
1932 1160 2080 1202 con-

432 1231 788 1294 demnatura
815 1237 925 1292 est.
958 1229 1042 1292 Ex
1072 1229 1168 1293 his
1191 1233 1350 1292 enim
1371 1230 1611 1312 quidam
1637 1239 1924 1306 errantes,
1959 1249 2082 1292 om-

432 1339 541 1384 nes
571 1320 800 1383 divinas
857 1317 1193 1401 Scripturas
1225 1327 1586 1401 pervertunt,
1622 1338 1722 1382 eas
1753 1320 2082 1382 secundum

434 1429 642 1494 pravas
670 1410 933 1491 ipsorum
984 1408 1338 1490 cupiditates
1382 1409 1870 1490 interpretantes,
1914 1428 2097 1486 com-_

437 1499 723 1562 mendare
750 1499 1016 1560 volentes
1047 1499 1276 1581 seipsos
1302 1519 1318 1576 ;
1375 1498 1545 1580 quasi
1591 1498 1873 1561 nimirum
1905 1500 2080 1560 etiam

434 1590 566 1653 sine
613 1597 887 1652 accurata
935 1587 1346 1650 mendatorum
1378 1586 1628 1664 {Christi
1673 1587 2084 1650 observatione

2166 512 2464 576 habuerit.
2500 517 2710 596 Neque
2732 516 2844 578 hoc
2866 517 3085 598 solum,
3109 517 3214 579 sed
3239 517 3416 579 etiam
3438 516 3497 576 in
3518 515 3612 578 his
3635 516 3818 577 laten-

2166 603 2268 678 tia,
2305 613 2362 665 et
2389 610 2616 668 aeterna
2646 605 2753 670 Dei
2783 605 2958 678 bona,
2995 626 3128 668 cum
3160 605 3290 688 ipsa
3318 607 3444 669 haec
3475 604 3815 667 effundente

2164 693 2395 754 Deitate
2411 695 2801 758 revelantem:
2828 714 2957 776 quae
2978 696 3257 758 omnibus
3280 694 3812 775 contemptoribus,

2168 793 2226 844 et
2255 784 2788 864 negligentioribus
2835 795 3041 867 operta
3071 795 3133 850 et
3160 787 3414 849 obscura
3445 793 3585 849 sunt
3615 785 3813 846 omni-

2169 872 2384 935 modis.
2415 873 2534 936 Nec
2571 874 2810 954 injuria.
2843 875 2992 949 Quia
3021 876 3181 938 enim
3199 895 3414 939 sensus
3440 894 3584 938 suos
3609 893 3818 936 omnes

2165 963 2373 1024 mundi
2426 963 2782 1026 vanitatibus
2834 965 3180 1040 afﬁxerunt,
3240 973 3298 1027 et
3345 963 3818 1045 jucunditatibus

2163 1051 2318 1133 vitae,
2338 1071 2772 1135 corporumque
2785 1054 3819 1135 pulchritudineaﬂiciuntur,animas

2163 1141 2404 1203 videndi
2426 1143 2765 1205 facultatem
2789 1145 3173 1225 caliginosam
3193 1145 3704 1220 circumferentes,
3729 1144 3818 1204 in-

2166 1231 2586 1294 enarrabilium
2612 1233 2903 1295 bonorum
2931 1233 3272 1315 elegantias,
3298 1235 3371 1296 ad
3413 1253 3561 1315 quas
3584 1232 3819 1295 intelli-

2166 1321 2364 1400 gentia
2395 1328 2770 1402 penetratur,
2802 1322 3023 1386 intueri
3051 1332 3375 1406 nequeunt.
3411 1325 3486 1387 Et
3515 1322 3815 1404 quomodo

2166 1410 2262 1471 cui
2291 1409 2502 1472 obtusa
2532 1418 2623 1472 est
2653 1411 2812 1473 acies
2860 1413 3191 1491 oculorum,
3245 1433 3358 1476 nec
3390 1413 3600 1475 leviter
3630 1420 3821 1492 potest

2167 1499 2464 1580 puriorem
2517 1499 2659 1562 solis
2707 1501 2939 1563 radium
2993 1504 3281 1584 aspicere,
3331 1503 3435 1566 sed
3467 1503 3519 1564 si
3549 1503 3609 1564 in
3644 1501 3816 1562 illum

2166 1587 2367 1648 oculos
2416 1587 2708 1662 intendat,
2766 1591 2962 1653 statim
3012 1612 3187 1674 quem
3245 1589 3450 1654 habuit
3506 1599 3815 1673 aspectum

434 1681 687 1743 salutem
717 1678 986 1769 adepturi
1017 1678 1157 1754 sint,
1185 1677 1461 1769 virtut_em
1494 1684 1830 1769 sanctarum
1860 1677 2084 1769 littera-
2103 1719 2144 1769 Β
2167 1677 2342 1758 plane
2366 1677 2584 1739 amittit
2615 1699 2631 1740 :
2657 1678 2750 1769 sic
2783 1699 2996 1762 nempe
3026 1682 3127 1763 qui
3168 1683 3400 1744 vitiatas
3447 1681 3631 1743 animi
3661 1700 3810 1741 ocu-

432 1787 566 1833 rum
597 1769 861 1831 funditus
908 1768 1292 1847 abnegantes.
1344 1765 1417 1828 Et
1471 1766 1706 1831 merito.
1765 1765 2085 1848 Obsignata

436 1859 622 1935 enim,
661 1865 720 1921 et
745 1857 966 1940 clausa,
987 1875 1118 1939 quae
1141 1855 1288 1918 nulli
1309 1854 1646 1918 mortalium
1680 1874 1791 1918 nec
1819 1857 1943 1919 visa
1971 1877 2084 1920 nec

2165 1773 2278 1848 los,
2312 1775 2372 1828 et
2398 1785 2610 1830 sensus
2649 1768 2811 1850 ipsos
2841 1771 3202 1834 motionibus
3233 1770 3591 1833 turbulentis
3622 1769 3815 1830 obno-

2164 1857 2293 1917 xios
2322 1855 2523 1932 habet,
2556 1857 2688 1919 sine
2736 1861 3160 1938 commotione,
3209 1862 3476 1942 citraque
3531 1861 3816 1922 damnum

435 1947 672 2028 cognita
692 1958 854 2024 sunt,
877 1965 912 2010 a
931 1948 1058 2008 solo
1093 1954 1290 2010 autem
1323 1951 1525 2007 sancto
1550 1945 1770 2026 Spiritu
1800 1955 2080 2022 reserata,
2164 1952 2533 2006 venustatem
2552 1946 3022 2029 elegantiamque
3053 1969 3364 2031 corporum
3399 1947 3676 2011 contueri
3708 1965 3815 2008 ne-

435 2045 496 2103 et
523 2037 605 2099 ita
633 2036 806 2099 nobis
860 2036 1143 2108 revalata,
1201 2034 1472 2116 factaque
1500 2033 1892 2114 {spectabilia,
1925 2045 1984 2096 et
2012 2036 2084 2097 ad

435 2127 916 2208 cognoscendum
951 2125 1238 2207 exposita,
1272 2124 1576 2204 quomodo
1635 2127 1871 2187 tandem
1905 2125 2083 2207 scire,

437 2225 538 2281 aut
556 2235 940 2297 cognoscere,
961 2222 1060 2277 aut
1082 2215 1290 2276 saltem
1321 2213 1678 2294 aliquantem
1709 2213 1908 2276 animo
1946 2234 2086 2296 per-

435 2313 692 2370 tractare
727 2312 1029 2387 poterunt,
1063 2304 1164 2386 qui
1209 2303 1528 2366 adventum
1580 2303 1767 2365 sancti
1805 2304 2085 2384 Spiritus,

437 2396 962 2477 illuminatiouem,
991 2393 1472 2474 illustrationem,
1505 2391 1996 2454 inhabitationem
2029 2394 2090 2455 in

440 2485 778 2567 semetipsis
825 2502 1124 2566 nunquam
1179 2501 1243 2546 se
1294 2482 1638 2562 cognovisse
1677 2482 1932 2545 dicunt?
1963 2482 2088 2556 Quo

441 2583 610 2658 pacto
640 2575 778 2638 talia
826 2573 1105 2656 mysteria
1152 2582 1564 2654 assequantur,
1627 2571 1728 2652 qui
1788 2591 2090 2652 nunquam

441 2685 687 2748 prorsus
717 2684 848 2729 sese
878 2665 950 2728 ab
993 2664 1204 2727 eodem
1257 2663 1467 2745 spiritu
1514 2664 1730 2726 iterum
1779 2665 2085 2740 conﬂatos,

439 2763 780 2831 renovatos,
812 2754 1180 2831 immutatos,
1212 2761 1595 2833 regeneratos
1651 2753 2090 2815 animadverte-

439 2847 630 2910 runt?
659 2845 828 2920 Quod
858 2845 908 2906 si
937 2844 1201 2907 noudum
1230 2843 1292 2904 in
1323 2841 1548 2923 Spiritu
1579 2850 1783 2905 sancto
1815 2843 2090 2924 baptizati

443 2944 603 3019 sunt,
635 2934 1107 2998 immutationem
1139 2933 1202 2994 in
1239 2950 1307 2993 eo
1340 2930 1762 3012 baptizatorum
1791 2933 2088 3013 quomodo

2167 2033 2339 2114 quit?
2367 2033 2472 2096 sed
2503 2042 2562 2096 et
2590 2054 2763 2116 quam
2796 2045 2932 2098 ante
2983 2037 3042 2098 id
3103 2044 3344 2120 tempus
3385 2037 3815 2116 cogitationum

2169 2140 2398 2204 pacem,
2453 2131 2512 2185 et
2553 2144 2588 2186 a
2620 2126 2812 2206 pravis
2859 2127 3280 2208 cupiditatibus
3325 2128 3815 2208 tranquillitatem

2169 2211 2494 2286 obtinebat,
2528 2214 2681 2275 hanc
2709 2215 2896 2296 ipsam
2928 2218 2989 2278 in
3039 2217 3419 2280 meditatione
3449 2219 3698 2280 affectus
3727 2216 3818 2277 sui

2170 2319 2548 2363 commorans
2576 2304 2812 2368 amittit.
2873 2306 3132 2369 Proinde
3190 2327 3300 2369 nec
3343 2307 3818 2370 imbecillitatem

2171 2408 2336 2451 suam
2367 2391 2500 2453 talis
2527 2393 2646 2455 ullo
2679 2395 2853 2456 modo
2898 2415 3256 2476 pernoscere
3309 2406 3519 2478 potest.
3557 2396 3620 2459 Si
3655 2396 3817 2458 enim

2172 2497 2237 2540 se
2261 2487 2444 2541 totum
2466 2493 2751 2560 aegrotare
2775 2485 2890 2548 sibi
2924 2487 3335 2566 persuasisset,
3362 2488 3511 2549 alios
3533 2487 3818 2568 quosdam

2173 2568 2326 2658 bene
2356 2569 2552 2632 valere
2581 2573 2953 2650 credidisset,
3005 2585 3065 2637 et
3114 2576 3356 2637 forsitan
3405 2575 3725 2658 aliquando
3755 2593 3820 2636 se

2171 2655 2728 2737 ipsumincusassel,
2755 2682 2938 2744 seque
2951 2664 3188 2727 sibimet
3206 2684 3448 2727 causam
3472 2655 3665 2726 morbi
3689 2682 3822 2726 esse

2172 2745 2442 2823 dixisset,
2478 2758 2539 2810 et
2566 2769 2697 2830 qua;
2726 2752 2799 2812 ad
2842 2753 3153 2815 sanitatem
3181 2755 3649 2834 recuperandam
3681 2754 3817 2814 atti-

2173 2841 2404 2911 nerent,
2425 2837 2623 2898 animo
2638 2847 2993 2921 reputasset.
3015 2841 3182 2904 Nunc
3205 2841 3617 2922 hujuscemodi
3640 2841 3818 2901 homo

2172 2941 2379 2985 omnes
2408 2924 2701 2990 arbitrans
2725 2930 3098 3009 passionibus
3126 2931 3380 3004 deditos,
3415 2949 3480 2991 se
3511 2929 3624 2990 illis
3655 2944 3817 2988 exm-

443 3015 600 3090 scire
619 3030 911 3107 possunt?
937 3022 1049 3096 Qui
1070 3021 1265 3084 denuo
1298 3021 1420 3082 nati
1441 3040 1562 3083 non
1593 3028 1731 3083 sunt
1753 3021 1949 3087 denuo
1977 3041 2089 3085 na-
2110 3023 2149 3073 C
2175 3021 2339 3107 quat,
2372 3021 2431 3074 et
2451 3023 2520 3107 _ut
2548 3017 2675 3107 ipse
2705 3019 2867 3080 solus
2896 3021 2972 3081 sit
3011 3020 3285 3096 invictus,
3317 3015 3372 3081 et
3402 3018 3680 3081 omnibus
3709 3037 3818 3078 su-

444 3124 645 3179 torum
681 3113 770 3194 (ut
795 3115 873 3176 ait
900 3111 1218 3193 Dominus)
1265 3130 1334 3174 ex
1367 3115 1512 3188 Deo,
1546 3110 1809 3192 inquam,
1843 3120 1902 3174 et
1945 3113 2099 3174 inter

448 3205 605 3269 ﬁlios
633 3203 741 3269 Dei
775 3202 1173 3284 ascriptorum
1201 3201 1452 3284 gloriam
1481 3200 1780 3282 quomodo
1811 3201 2094 3267 videant?

443 3295 558 3370 Qui
585 3296 700 3357 hoc
727 3293 840 3356 sibi
869 3292 1216 3370 contingere
1271 3291 1616 3365 noluerunt,
1649 3291 1753 3352 sed
1782 3293 1934 3354 hanc
1963 3293 2094 3372 glo-

444 3387 596 3449 riam
629 3383 968 3465 neglectum
990 3381 1246 3458 iverunt,
1266 3383 1345 3455 (et
1361 3380 1520 3442 enim
1548 3388 1900 3461 potestatem
1931 3401 2100 3446 acce-

441 3482 677 3558 perant,
709 3481 773 3536 ut
796 3472 945 3535 tales
971 3471 1205 3553 ﬁerent)
1239 3469 1338 3532 dic
1368 3469 1537 3544 mihi,
1571 3469 1732 3551 quali
1765 3473 2104 3552 cognitione

444 3563 813 3646 perspicere,
843 3568 948 3624 aut
975 3559 1204 3633 isaltem
1252 3577 1490 3640 quoquo
1535 3558 1712 3620 modo
1743 3561 2102 3640 cogitatione

441 3654 764 3716 informare
793 3658 1092 3734 poterunt,
1125 3649 1328 3731 quales
1354 3647 1442 3709 illi
1472 3648 1750 3729 appellati
1777 3653 1967 3713 sunt?

2180 3103 2404 3182 perior,
2436 3105 2921 3189 fierineutiquam
2957 3130 3129 3192 posse
3157 3119 3436 3173 autumat.
3471 3108 3622 3181 Quid
3654 3109 3820 3172 hoc?

2179 3200 2244 3254 ut
2273 3213 2390 3255 una
2416 3214 2548 3256 cum
2581 3197 2851 3279 improbo
2904 3202 3114 3264 affectu
3167 3221 3272 3263 suo
3304 3199 3588 3262 moriatur
3617 3198 3825 3269 miser,

2179 3281 2252 3343 ab
2283 3283 2397 3345 hoc
2427 3285 2580 3346 malo
2611 3285 2854 3351 liberari
2901 3290 3222 3370 refugiens.
3259 3289 3322 3352 Si
3349 3291 3509 3351 enim
3539 3289 3824 3351 voluisset

2185 3371 2448 3449 liberari,
2482 3374 2790 3455 potuisset,
2823 3386 3024 3459 utpote
3067 3379 3168 3463 qui
3216 3399 3252 3441 a
3299 3382 3421 3441 Deo
3476 3386 3826 3460 potestatem

2184 3472 2514 3544 acceperat.
2547 3463 2898 3548 Quicunque
2927 3469 3088 3532 enim
3121 3469 3184 3530 in
3213 3469 3458 3530 nomine
3486 3468 3616 3548 ejus
3647 3465 3830 3546 bapti-

2182 3569 2314 3614 smo
2342 3552 2528 3616 abluti
2559 3573 2784 3630 sumus,
2846 3559 3198 3640 praeteritam
3229 3557 3656 3638 ignobilitatem
3685 3573 3822 3616 cor-

2180 3643 2496 3723 ruptionis,
2529 3652 2592 3706 ut
2623 3645 3034 3708 vestimentum
3065 3657 3229 3710 vetus
3253 3647 3526 3718 exuendi,
3560 3654 3617 3707 et
3645 3643 3815 3706 Chri-

525 3743 781 3826 Spiritus
796 3732 901 3806 est
927 3741 1107 3816 Deus,
1143 3742 1242 3822 qui
1272 3738 1382 3801 sub
1427 3747 1732 3821 aspectum
1763 3761 1884 3802 non
1911 3743 2100 3816 venit,
2187 3739 2341 3792 εῐυῐῐι
2371 3733 2860 3826 superindpendi,
2897 3755 2965 3798 ac
2997 3738 3148 3800 ﬁlios
3196 3736 3305 3800 Dei
3351 3754 3454 3826 nos
3483 3732 3819 3826 appellandi

445 3821 823 3910 immortalis,
858 3821 1220 3906 inaccessus,
1255 3828 1793 3910 incomprehensus
1821 3853 1836 3903 ;
1865 3838 1925 3894 et
1957 3832 2105 3895 tales
2187 3825 2594 3910 auctoritatem
2624 3823 2695 3885 ab
2729 3844 2798 3886 eo
2829 3828 3130 3889 consecuti
3153 3846 3378 3889 sumus.
3403 3823 3618 3886 Verum
3641 3821 3816 3898 absit,

446 3925 648 4002 eﬂicit,
677 3943 752 3989 ex
778 3909 844 3986 se
873 3930 1063 3998 natos,
1098 3920 1326 3984 similes
1358 3909 1508 4001 patri
1539 3941 1671 3997 suo,
1703 3940 1739 3984 a
1767 3942 1884 4004 quo
1916 3918 2102 4004 geniti
2185 3909 2419 3987 fratres,
2442 3921 2507 4004 ut
2530 3914 2612 3975 ita
2628 3916 2885 4004 affectis,
2917 3927 2974 3978 et
3005 3918 3141 3979 talia
3169 3915 3538 3998 sapientibus
3553 3912 3821 3995 captivis,

446 4021 606 4092 sunt,
626 4031 878 4097 corpore
898 4012 1026 4075 solo
1051 4009 1648 4092 comprehensibiles,
1673 4020 1730 4073 et
1753 4002 2088 4094 aspectabi-
2186 4017 2255 4061 ac
2291 4002 2544 4097 ιεξτξρηᾷε
2590 4003 2819 4097 είῐῐιίιθξ
2873 4007 3214 4070 evadamus-
3261 4007 3576 4084 Contingat
3625 4014 3820 4066 autem

446 4107 558 4184 les,
583 4090 794 4167 caetera
822 4102 934 4165 soli
953 4101 1074 4164 Deo
1117 4090 1408 4180 cognitos,
1450 4107 1510 4162 et
1537 4102 1730 4164 solum
1763 4090 1952 4166 Deum
1985 4124 2090 4166 co-
2173 4090 2342 4169 εθίῖυί
2366 4090 2689 4184 (ἷῗιΐίεῑυῐης
2721 4095 2821 4175 qui
2861 4107 3064 4158 nostra
3094 4115 3268 4158 causa
3316 4104 3586 4157 mortuus
3617 4101 3730 4164 est.
3768 4101 3828 4154 et

445 4181 823 4274 gnoscentes,
848 4191 938 4252 vel
964 4191 1160 4272 potius
1180 4189 1351 4252 asolo
1365 4191 1488 4253 Deo
1500 4191 1779 4269 cognosci
1799 4193 2089 4271 volentes,

2173 4181 2520 4256 resurrexit,
2546 4190 2605 4244 et
2634 4202 2742 4244 nos
2766 4203 2966 4246 secum
2999 4186 3058 4247 in
3091 4186 3304 4248 coelum
3339 4185 3632 4259 exaltavit,
3661 4185 3822 4264 ejus-

449 4270 523 4346 ad
555 4301 732 4364 quem
763 4289 822 4343 et
851 4270 1090 4361 semper
1106 4280 1431 4360 respicere,
1466 4279 1622 4340 etab
1651 4296 1722 4344 eo
1753 4282 1970 4363 respici
1989 4283 2093 4345 de-
2115 4288 2294 4360 une
2318 4270 2586 4364 vestigiis:
2613 4291 2851 4354 semper
2872 4274 3169 4356 insistere,
3210 4273 3470 4356 purgatis
3507 4293 3613 4355 per
3631 4273 3823 4364 poeni-

449 4361 736 4435 side'raut.
769 4371 1062 4433 Praeterea
1087 4369 1262 4431 sicuti
1294 4375 1568 4448 expertes
1595 4361 1950 4447 litterarum,
1983 4392 2094 4454 pe-
2177 4361 2422 4454 tentiam
2451 4379 2489 4454 a
2515 4361 2647 4423 labe
2679 4365 2927 4454 peccati,
2989 4384 3062 4454 ac
3116 4365 3522 4454 superindutis
3568 4363 3825 4454 lucidam

450 4460 625 4524 rinde
654 4467 718 4520 ut
742 4476 945 4521 earum
979 4458 1148 4536 gnari
1186 4447 1385 4520 libros,
1402 4457 1602 4534 legere
1631 4469 1935 4540 nequeunt
1967 4447 2101 4526 z'sic
2181 4447 2443 4540 [unicam
2473 4449 2937 4540 ίηοοιτυρῑίοηίε
2981 4453 3244 4534 δρίΐίιυδν
3305 4453 3366 4514 in
3423 4453 3552 4533 ipso
3595 4451 3825 4515 θίλτίδίο

450 4567 648 4633 neque
703 4548 806 4631 qui
856 4549 1026 4611 factis
1082 4565 1190 4629 per
1239 4545 1456 4608 Christi
1483 4536 1756 4609 mandata
1799 4549 2089 4616 ambulare

2183 4536 2307 4598 Deo
2337 4546 2562 4633 nostro,
2597 4539 2692 4601 cui
2721 4541 2930 4620 gloria,
2959 4553 3015 4604 et
3038 4543 3353 4622 imperium
3387 4562 3519 4604 cum
3545 4541 3744 4614 Patre,
3769 4547 3828 4600 et

455 4625 800 4714 noluerunt,
833 4656 1024 4720 aeque,
1059 4625 1125 4698 ut
1157 4637 1255 4718 qui
1305 4634 1451 4715 ipsis
1480 4634 1883 4714 invigilarum,
1918 4660 2107 4724 eaque
2187 4635 2389 4724 sancto
2412 4625 2634 4710 Spiritu
2665 4650 2820 4724 nunc
2863 4638 2922 4693 et
2943 4650 3200 4712 semper,
3231 4645 3289 4694 et
3317 4632 3607 4713 iu;omnes
3635 4647 3827 4691 saecu-

450 4723 871 4814 impleverunt,
903 4715 962 4791 et
989 4745 1095 4810 pro
1141 4715 1215 4787 iis
1250 4724 1598 4804 sanguinem
1629 4746 1798 4790 suum
1832 4715 2080 4812 profude

2196 4715 2389 4778 lorum
2405 4726 2625 4780 aetates.
2651 4719 2863 4785 Amen.

456 4833 621 4899 runt,
651 4818 1111 4900 sanctiSpiritus
1127 4815 1507 4898 revelatione,
1527 4817 1775 4880 sicutilli
1796 4820 2111 4903 aliquando
2795 4814 3075 4903 ΟΒΑΤΙΟ
3108 4817 3231 4881 XX.

455 4915 880 4996 dignabuntur.
905 4898 1146 4971 Namul
1167 4906 1343 4996 homo
1368 4913 1611 4987 accepto
1634 4907 1790 4970 libro
1815 4898 2112 4988 clauso,et
2203 4973 2248 4996 ἢ
2268 4992 2284 4996 Α
2311 4991 2365 4996 υ
2390 4992 2454 4996 μή
2477 4994 2509 4996 η
2540 4993 2588 4996 _
2632 4982 2649 4996 ι
2669 4995 2686 4996 η
2743 4898 3220 4996 ΗᾼῙιαξᾟὲξιᾟυιίο
3240 4979 3342 4996 ην,
3392 4979 3430 4996 η
3496 4978 3512 4996 γ,
3540 4995 3545 4996 γ

459 4973 809 5086 sign—atan
839 4973 910 5063 eo
964 4995 1186 5078 scripta
1245 4994 1448 5057 videre
1491 4973 1594 5058 aut
1647 4999 1843 5080 qualia
1891 4973 2111 5086 scripta
2191 4973 3178 5086 Deffguffﬁ'jﬁ"utffﬂsﬁdﬁlf

456 5058 597 5167 Sitit.
623 5058 880 5170 cositare
901 5105 1022 5149 ηοιι
1074 5058 1288 5167 ὁοῑθειν
1322 5084 1582 5164 quandi“
1611 5058 1764 5149 Ιίῧθτ
1793 5058 2116 5154 οιειυειιετθι
2274 5058 3839 5170 ΕῗξθιζηῖἷῗῖξμυέΚίξῖαιἭ⁰3Ξ’ξῖἷῗῗῖνέίξῗξλίὶῗ..ἒξῖξ

457 5137 573 5157 Du"
623 5137 692 5155 νυ
735 5137 1022 5152 ..νην-ινι-
1117 5137 1288 5160 ν-ν-.,
1326 5137 1582 5164 -ι-..ηνπ-
1611 5137 1752 5149 .-.μη
1794 5137 2028 5153 “uagula”
2056 5137 2087 5154 ν

457 5137 853 5264 sign’atuzjest,
881 5137 1257 5259 quantumvis
1278 5172 1613 5235 universam
1648 5177 1854 5239 mundi
1878 5180 2089 5262 sapient

459 5274 597 5298 ιε-..
635 5268 906 5298 Jun.--“
934 5288 946 5298 .
984 5265 1068 5298 σε...
1119 5281 1314 5298 ..οη-ιο
1345 5261 1441 5298 ηης
1487 5280 1711 5298 ειη-...Μ
1745 5268 2089 5298 Quanam.--

2276 5137 2382 5211 qm'
2414 5139 2481 5200 in
2507 5139 2716 5218 gratia
2746 5137 2932 5218 supra
2955 5143 3147 5218 legem
3173 5143 3304 5218 iam
3330 5147 3496 5210 sunt,
3516 5154 3616 5198 eos
3645 5137 3842 5198 divini

2273 5199 2526 5280 iumim’s
2551 5221 2821 5298 gratiam
2851 5223 2918 5282 in
2946 5222 3154 5298 seipsis
3192 5222 3489 5298 accipere.
3534 5217 3708 5298 Quod
3737 5217 3846 5298 qui

459 5241 752 5286 -ξσ-μκτκ..
1017 5265 1029 5276 ,
1427 5261 1440 5274 ,
1860 5269 1870 5280 ,
1945 5241 1964 5262 ι
2273 5241 2526 5280 mmmts
2551 5241 2821 5298 grauam
2851 5241 2918 5282 τη
2946 5241 3154 5301 serpszs
3192 5241 3489 5298 παρετ-ε.
3534 5241 3707 5288 υῑιυα
3737 5241 3842 5296 (ιω

459 5281 602 5380 item
631 5269 946 5380 άξςιίξςιςιῐζ
957 5283 1086 5380 ’ξιξ
1119 5281 1326 5380 “fil”:
1337 5268 2110 5380 flgf_ff_‘_’fam_§fﬂ_i’_il{mi'}
2272 5297 2340 5360 in
2351 5297 2462 5360 hac
2479 5304 2604 5362 vita
2619 5301 2831 5380 adepti
2843 5301 3111 5364 nondum
3125 5305 3292 5380 sunt,
3313 5316 3511 5380 neque
3526 5298 3588 5359 id
3611 5297 3842 5380 liquido

459 5370 643 5425 totam
669 5359 732 5420 in
761 5375 866 5420 ore
911 5355 1111 5429 habet,
1157 5361 1220 5415 ut
1269 5351 1635 5429 dicebamus,
1688 5356 2016 5437 mysticam,
2051 5367 2108 5422 et

891 5375 1115 5458 ,ηδοθιε
1157 5375 1237 5458 ξη-
1269 5375 1635 5454 αιοθυδῐξιυείν
1688 5375 2016 5458 Ψῐεῐιοέῐητ
2051 5375 2108 5422 θι
2278 5386 2550 5453 cernunt,
2571 5397 2671 5442 eos
2699 5375 2898 5443 adhuc
2936 5380 3045 5443 sub
3084 5375 3300 5444 umbra
3331 5375 3481 5458 legis
3511 5375 3845 5458 essegetab

461 5449 724 5513 divinam
753 5447 1029 5539 gloriam,
1062 5447 1466 5539 virtutemque
1511 5447 1573 5503 in
1592 5447 1751 5539 ipsis
1783 5454 2116 5539 contectam
2279 5476 2352 5520 εα
2370 5447 2718 5539 Ῑυάίέαιαηι
2739 5462 2842 5522 mg
2881 5447 3849 5539 Quemadmodum'ﬁdeles'spiri_

462 5551 663 5620 nosse,
693 5543 752 5598 et
776 5532 1120 5617 perspicere
1143 5531 1461 5614 aliquando
1503 5531 1742 5614 poterit,
1775 5533 1890 5596 nisi
1920 5535 2120 5598 omnia
2281 5531 2405 5601 tum
2426 5547 2725 5615 sanctum,
2745 5531 3238 5610 sanciimonium,
3275 5531 3842 5622 perturbationum-

462 5629 576 5697 Dei
603 5626 902 5705 mandata,
935 5642 1008 5688 ea
1049 5623 1338 5687 servando
1380 5623 1553 5706 quasi
1600 5626 2025 5709 peragraverit,
2059 5633 2119 5693 et

2277 5635 2393 5700 que
2415 5625 2784 5684 vacuitatem
2814 5623 3278 5686 nanciseantur.

463 5717 833 5788 Paracletum
863 5731 1041 5782 sensa
1055 5712 1168 5794 illi,
1185 5719 1250 5779 ut
1269 5712 1491 5780 librum
1517 5714 1912 5799 aperientem,
1942 5734 2111 5799 quae-
2276 5711 2666 5778 Scrutamim‘
2686 5712 3061 5799 Scripturas,
3083 5713 3279 5801 inquit
3291 5713 3662 5779 Dominusac
3682 5715 3846 5777 Deus
