4112 6106
358 297 476 364 405

1823 294 2106 361 ORATIO
2148 296 2258 357 XX

3613 291 3734 360 406

342 440 546 496 noster
573 433 752 496 Jesus
779 433 1051 496 Christus
1070 434 1130 486 35
1154 483 1169 507 ,
1204 441 1269 496 ut
1323 441 1460 496 ante
1507 432 1707 495 omnia
1761 431 2054 496 scilicetA
2073 436 2340 490 mentum
2364 427 2575 491 vivetis
2607 445 2622 489 :
2663 426 2777 491 Ubi
2831 427 2995 490 enim
3041 427 3304 508 spiritus
3334 424 3590 490 Domini
3617 433 3731 504 est,

337 523 489 584 viam
523 522 732 584 salutis
761 521 1102 586 doceamur.
1135 522 1364 586 Deinde
1395 522 1572 585 etiam
1603 522 1665 584 in
1695 519 1991 585 mandatis

339 613 468 694 ejus
500 612 650 674 citra
702 612 1154 675 conversionem
1209 621 1442 694 peracta
1493 611 1610 693 via,
1672 613 1745 674 ad
1801 611 1990 694 ipsam

340 701 671 764 animarum
711 710 1047 764 nostrarum
1090 701 1335 764 salutem
1383 701 1815 783 perveniamus.
1853 700 1992 773 Quae

344 795 442 852 est
468 789 642 869 igitur
663 790 822 852 salus
857 789 1106 854 nostra?
1133 793 1305 854 Jesus
1321 791 1614 867 Christus,
1658 791 1717 852 id
1745 790 1906 872 quod
1937 799 1995 852 et

347 880 592 959 angelus
614 880 949 960 pastoribus
971 889 1168 943 astans
1198 880 1556 962 praedicabat
1580 899 1593 944 :
1628 880 1785 943 Ecce
1805 897 1991 943 evan-

343 970 544 1049 gelizo
565 968 730 1031 vobis
744 971 1036 1051 gaudium
1060 988 1366 1050 magnum,
1391 971 1552 1051 quod
1566 971 1682 1033 erit
1701 970 1868 1033 omni
1893 987 1997 1050 po-

335 1057 505 1138 pulo,
533 1058 680 1138 quia
700 1067 892 1121 natus
915 1065 1025 1134 est,
1053 1060 1222 1122 vobis
1250 1059 1424 1122 hodie
1445 1058 1748 1133 Salvator,
1774 1060 1883 1138 qui
1909 1063 1998 1121 est

339 1146 619 1208 Christus
635 1146 956 1228 Dominus,
972 1148 1289 1211 incivitate
1301 1149 1500 1211 David
1509 1147 1569 1197 26
1584 1146 1997 1228 ._Festinemus

339 1234 522 1314 igitur
550 1226 982 1318 unusquisque,
1043 1237 1282 1318 dilecti;
1338 1226 1645 1299 curramus
1691 1243 1991 1312 contente,

336 1322 483 1383 nihil
511 1323 737 1398 oneris,
765 1333 870 1386 aut
895 1325 966 1386 ad
993 1325 1171 1387 vitam
1195 1325 1347 1387 hanc
1366 1325 1694 1406 pertinens,
1723 1331 1823 1386 aut
1852 1341 1996 1404 por-

345 1419 464 1472 tatu
491 1431 668 1491 grave
700 1412 1009 1476 nobiscum
1057 1422 1353 1494 gestantes
1379 1435 1395 1489 ;
1427 1433 1503 1476 ne
1533 1413 1608 1474 ob
1640 1415 1751 1475 hoc
1779 1411 1998 1476 lentius

346 1501 536 1562 coacti
570 1501 875 1578 incedere,
915 1504 1205 1566 civitatem
1247 1503 1426 1568 David
1457 1503 1774 1584 attingere,
1814 1508 1997 1583 atque

337 1589 579 1668 ingredi
614 1608 731 1653 non
764 1592 1079 1672 possimus.
1113 1590 1374 1655 Obsecro
1423 1611 1552 1668 vos,
1603 1609 1710 1672 per
1738 1609 1996 1672 operan-

2071 515 2284 597 inquit,
2310 517 2398 580 ibi
2420 514 2676 579 libertas
2695 516 2759 566 50
2780 564 2797 597 ,
2842 513 3089 578 libertas
3117 531 3190 576 ex
3219 511 3595 594 subjectione
3620 514 3730 578 sub

2072 603 2267 686 legem
2297 623 2405 686 per
2434 603 2655 666 omnia.
2685 607 2810 669 Lex
2831 603 3052 685 quippe
3078 601 3198 665 dux
3212 601 3339 678 vim,
3372 608 3431 666 et
3464 602 3732 685 paedago-

2073 712 2202 774 gus,
2242 701 2300 755 et
2322 692 2755 774 manuductrix,
2783 699 2844 756 et
2876 691 3156 772 magistra
3183 689 3432 772 justitiae
3455 699 3568 774 est,
3591 690 3732 754 dum

2075 782 2240 857 dicit,
2266 783 2378 844 hoc
2408 790 2466 844 et
2519 782 2634 844 hoc
2679 781 2884 844 facies.
2919 779 3124 845 Gratia
3168 787 3368 844 autem
3409 789 3470 844 et
3513 780 3734 844 veritas

2077 889 2195 931 non
2227 870 2340 931 ita:
2374 869 2479 932 sed
2501 870 2805 951 quomodo
2827 870 2857 932 ?
2887 875 2946 932 et
2966 867 3149 931 facies
3178 869 3403 952 omnia,
3429 876 3489 933 et
3516 869 3732 952 loque-

2075 959 2160 1022 ris
2183 958 2511 1021 secundum
2545 960 2744 1021 datam
2786 956 2914 1035 tibi,
2949 965 3010 1020 et
3036 957 3381 1039 loquentem
3411 957 3474 1021 in
3498 965 3559 1022 te
3587 977 3725 1040 gra-

2079 1049 2240 1122 tiam,
2271 1047 2428 1111 sicut
2443 1047 2735 1130 scriptum
2757 1054 2880 1112 est:
2913 1047 2996 1111 Et
3017 1054 3198 1112 erunt
3227 1066 3430 1112 omnes
3449 1049 3735 1114 docibiles

2075 1140 2188 1202 Dei
2203 1138 2258 1189 34
2288 1158 2304 1212 ;
2337 1157 2458 1200 non
2490 1155 2598 1219 per
2655 1137 2990 1202 litterarum
3043 1144 3235 1212 notas,
3289 1145 3348 1201 et
3375 1137 3546 1219 signa
3571 1139 3733 1222 quod

2077 1227 2298 1290 bonum
2355 1234 2446 1290 est
2501 1226 2824 1304 discentes,
2885 1225 2991 1290 sed
3042 1225 3106 1288 in
3158 1224 3384 1308 Spiritu
3438 1236 3642 1290 sancto
3668 1227 3732 1291 id

2077 1316 2272 1379 edocti
2305 1339 2318 1376 :
2354 1333 2467 1379 nec
2488 1315 2550 1378 in
2581 1315 2758 1379 verbo
2783 1315 2932 1393 solo,
2964 1314 3070 1378 sed
3092 1314 3156 1377 in
3185 1313 3414 1380 lumine
3441 1315 3624 1380 Verbi
3645 1317 3732 1381 lu-

2078 1405 2534 1487 minismystice
2568 1404 2782 1468 divinis
2839 1403 3086 1468 initiati.
3139 1407 3313 1467 Tunc
3359 1404 3523 1468 enim
3565 1405 3734 1470 vobis

2076 1495 2244 1575 ipsis,
2270 1495 2482 1577 inquit,
2513 1502 2572 1557 et
2603 1493 2887 1576 proximis
2928 1493 3203 1556 doctores
3227 1493 3417 1570 eritis,
3446 1513 3643 1578 neque
3669 1496 3734 1559 id

2077 1587 2292 1662 solum,
2329 1585 2434 1647 sed
2469 1592 2526 1647 et
2577 1584 2676 1647 lux
2728 1583 3016 1646 mundi'59
3042 1632 3059 1660 ,
3107 1591 3167 1646 et
3196 1583 3282 1647 sal
3313 1586 3568 1648 terrai35
3591 1631 3608 1648 .
3638 1583 3737 1649 Illi

335 1686 481 1768 tem
504 1678 566 1740 in
598 1678 774 1741 nobis
793 1684 1063 1759 gratiam,
1097 1697 1174 1742 ne
1207 1682 1457 1743 salutem
1489 1689 1750 1742 nostram
1781 1680 1842 1740 in
1874 1679 1954 1739 mi
2014 1718 2054 1768 Î’
2077 1695 2217 1768 ergo
2275 1685 2410 1739 ante
2467 1676 2715 1768 gratiam
2762 1674 2924 1768 velut
2981 1675 3091 1739 sub
3138 1675 3275 1756 lege
3305 1684 3502 1756 erant,
3528 1684 3594 1768 Aet
3621 1676 3732 1742 sub

337 1766 519 1828 nimis
575 1767 863 1830 ducamus
922 1791 936 1828 :

337 1857 717 1938 arrogantiae,
746 1858 1151 1940 socordiaeque
1184 1857 1601 1940 expergefacti,
1635 1876 1710 1919 ne
1742 1866 1988 1932 stemus,

334 1963 450 2006 nec
480 1945 823 2020 sedeamus,
872 1947 1064 2010 donec
1115 1962 1275 2010 extra
1330 1949 1489 2009 hunc
1547 1946 1834 2008 mundum
1869 1953 1989 2008 toto

333 2034 535 2094 animo
559 2035 769 2114 simus,
785 2035 1266 2117 Salvatoremque
1288 2055 1354 2098 ac
1378 2035 1698 2097 Dominum
1720 2042 1986 2096 nostrum

331 2123 666 2199 inventum,
697 2133 759 2188 et
789 2136 1171 2208 conspectum
1211 2127 1334 2189 illic
1360 2126 1736 2208 procidentes
1765 2125 1982 2188 adore-

338 2231 494 2278 mus.
526 2213 596 2274 Et
627 2233 820 2296 neque
854 2227 978 2277 tum
1013 2225 1260 2298 stemus,
1298 2217 1402 2280 sed
1443 2217 1636 2278 donec
1682 2215 1782 2277 ille
1811 2215 1988 2277 nobis

336 2300 495 2364 dicat
522 2323 536 2364 :
574 2303 684 2366 Vos
705 2323 831 2367 non
873 2307 1016 2368 estis
1047 2307 1119 2368 de
1156 2307 1267 2369 hoc
1294 2309 1544 2386 mundo,
1577 2305 1677 2368 sed
1705 2321 1811 2384 ego
1839 2304 1993 2384 elegi

333 2409 440 2454 vos
463 2393 537 2455 de
559 2395 784 2457 mundo
803 2395 860 2444 97
890 2441 905 2456 .
939 2395 1191 2468 Quinam
1219 2404 1414 2458 autem
1438 2395 1652 2476 aliquis
1676 2413 1745 2456 eo
1775 2412 1991 2476 perve-

334 2481 482 2557 niat,
509 2492 572 2544 ut
601 2503 719 2546 non
750 2485 825 2546 sit
857 2486 930 2547 de
961 2488 1070 2548 hoc
1101 2485 1369 2548 mundo?
1400 2485 1450 2547 si
1477 2486 1738 2565 seipsum
1770 2483 1993 2545 mundo

336 2573 706 2635 cruciï¬xerit
733 2583 791 2636 et
824 2575 1110 2637 mundum
1162 2576 1223 2638 in
1254 2574 1480 2656 seipso,
1528 2582 1592 2636 ut
1622 2574 1833 2636 Paulus
1861 2573 1942 2634 ait
1973 2583 1986 2624 Îµ

338 2662 489 2723 .llihi
515 2664 781 2726 mundus
809 2666 1144 2745 cruciï¬xus
1185 2672 1291 2736 est,
1326 2673 1382 2727 et
1411 2682 1518 2744 ego
1547 2663 1852 2726 mund038
1875 2714 1888 2726 .
1921 2663 1994 2725 Et

337 2753 635 2831 quomodo
669 2754 795 2815 haec
826 2753 1008 2816 verba
1039 2774 1172 2816 cum
1203 2754 1319 2816 illis
1335 2752 1760 2816 consentiunt?
1795 2753 1994 2816 Verba

336 2840 605 2920 quidem,
649 2842 865 2924 inquit,
899 2845 1011 2906 alia
1041 2852 1200 2919 sunt,
1257 2844 1344 2904 vis
1375 2842 1686 2905 amborum
1735 2861 1854 2905 una
1885 2861 1991 2905 ea-

997 1769 1101 1832 sed
1158 1771 1318 1832 velut
1367 1787 1400 1831 a
1443 1788 1651 1831 somno
1703 1763 2050 1849 perversaeâ€”
2077 1767 2287 1830 umbra
2316 1768 2446 1848 ejus
2474 1765 2784 1830 sedebant.
2818 1763 2938 1827 Nos
2967 1772 3164 1829 autem
3211 1773 3346 1849 post
3392 1766 3641 1848 gratiam
3670 1775 3737 1831 ut

2071 1856 2131 1918 in
2165 1857 2414 1932 lumine,
2448 1863 2506 1918 et
2535 1855 2635 1919 die
2669 1853 2995 1931 constituti,
3037 1854 3111 1918 ab
3137 1855 3352 1918 umbra
3379 1874 3490 1919 seu
3537 1857 3731 1922 servi-

2071 1947 2381 2026 tuteglegis
2411 1945 2646 2008 liberati
2677 1963 2905 2021 sumus,
2966 1944 3307 2026 superiores
3351 1945 3587 2010 scilicet
3631 1946 3736 2010 illa

2068 2035 2227 2117 facti,
2261 2036 2429 2116 quasi
2459 2053 2566 2117 per
2593 2034 2809 2115 gradus
2840 2033 3128 2116 quosdam
3188 2033 3322 2098 vita)
3368 2035 3730 2116 evangelica)

2069 2115 2135 2186 in
2167 2115 2542 2188 altitudinem
2571 2123 2812 2201 sublati,
2845 2115 2906 2187 et
2951 2142 3087 2186 cum
3136 2122 3478 2200 legislatore
3525 2125 3728 2190 viven-

2076 2221 2186 2287 tes,
2219 2213 2310 2277 vel
2340 2215 2536 2296 potius
2567 2212 2894 2295 etiamlipsi
2939 2212 3334 2295 legislatores,
3374 2221 3482 2279 aut
3529 2213 3728 2296 legum

2074 2303 2376 2366 custodes.

2157 2392 2308 2455 Num
2337 2391 2516 2472 igitur
2537 2399 2652 2469 est,
2713 2393 2815 2474 qui
2857 2390 3038 2456 habet
3094 2409 3270 2454 aures
3321 2392 3634 2469 audiendi,
3667 2399 3732 2456 ut

2073 2500 2279 2545 eorum
2310 2500 2441 2564 qua;
2469 2500 2504 2544 a
2529 2482 2756 2564 Spiritu
2789 2481 3074 2545 dicuntur
3096 2480 3213 2544 vim
3230 2480 3535 2545 auditione
3551 2489 3731 2565 queat

2075 2571 2386 2653 percipere
2400 2571 2431 2632 â€˜I
2460 2569 2610 2633 Num
2643 2570 2821 2633 etiam
2838 2578 2950 2640 est,
2976 2570 3078 2652 qui
3098 2588 3342 2633 sensum
3360 2569 3583 2634 Christi
3611 2572 3724 2634 ha-

2075 2660 2234 2738 beat,
2265 2672 2330 2724 ut
2359 2660 2544 2743 probe
2573 2668 2631 2724 et
2654 2663 2779 2724 Deo
2809 2659 3237 2724 convenienter
3266 2657 3564 2739 intelligat
3591 2677 3724 2742 qua

2073 2750 2146 2813 ab
2164 2770 2233 2813 eo
2255 2750 2476 2833 scripta
2500 2755 2665 2813 sunt?
2676 2748 2828 2812 Num
2849 2749 3031 2812 etiam
3050 2746 3388 2811 invenietur
3402 2747 3721 2832 quispiam,

2073 2841 2374 2903 Christum
2407 2840 2469 2902 in
2495 2858 2558 2902 se
2586 2839 2716 2922 ipso
2765 2840 3110 2922 loquentem
3152 2835 3403 2915 habens,
3455 2843 3522 2900 ut
3566 2837 3725 2903 bene

337 2928 617 3010 demque.
649 2930 1162 3004 Quemadmodum
1217 2933 1376 2994 enim
1422 2932 1524 3013 qui
1555 2939 1718 2994 extra
1747 2932 1988 2994 domum
2009 2962 2051 3015 Î±
2077 2932 2260 3014 possit
2288 2930 2507 3013 eloqui,
2539 2949 2671 3014 quae
2697 2929 2895 2994 verbis
2948 2930 3226 3009 leguntur
3253 2928 3533 3012 mysteria
3551 2929 3581 2989 â€˜l
3608 2928 3722 2993 Sa-

336 3027 447 3089 est,
484 3019 646 3082 intus
675 3021 988 3084 conclusos
1023 3041 1138 3083 non
1171 3022 1367 3097 videt;
1423 3021 1507 3083 sic
1539 3020 1760 3082 mundo
1790 3021 1989 3082 cruci-

336 3106 510 3186 fixus,
549 3117 649 3171 aut
678 3112 1090 3186 mortiï¬catus,
1126 3130 1328 3174 rerum
1383 3110 1814 3172 mundanarum
1844 3128 1990 3172 sen-

336 3213 468 3257 sum
495 3199 719 3261 nullum
746 3201 946 3264 habet.
970 3199 1222 3263 Rursum
1255 3201 1428 3262 sicuti
1456 3217 1672 3279 corpus
1695 3207 1989 3261 mortuum

337 3303 447 3347 nec
476 3287 625 3368 viva,
650 3308 762 3351 nec
779 3309 980 3352 secum
1007 3291 1267 3371 jacentia
1290 3307 1539 3370 corpora
1560 3295 1790 3350 mortua
1811 3289 1992 3352 sentit

336 3392 575 3454 quoquo
608 3379 782 3440 modo
819 3401 832 3440 :
869 3380 955 3442 sic
987 3399 1096 3442 nec
1129 3379 1228 3461 qui
1259 3387 1425 3440 extra
1455 3376 1740 3439 mundum
1769 3376 1829 3438 in
1863 3380 1990 3459 spi-

333 3463 448 3523 ritu
479 3464 586 3527 Dei
617 3477 728 3539 est,
761 3477 820 3530 et
852 3489 985 3531 cum
1047 3469 1170 3531 Deo
1213 3475 1322 3539 est,
1378 3467 1624 3540 mundo,
1684 3472 1786 3528 aut
1811 3465 1993 3539 rebus

333 3555 652 3616 mundanis
680 3556 836 3618 afï¬ci
869 3565 1080 3636 potest.
1143 3557 1334 3638 Atque
1364 3557 1466 3637 ita,
1500 3555 1737 3632 fratres,
1772 3563 1830 3616 et
1857 3565 1992 3619 ante

333 3650 586 3703 mortem
621 3663 802 3726 mors,
837 3655 897 3708 et
929 3654 1066 3708 ante
1113 3663 1433 3726 corporum
1481 3642 1989 3706 resurrectionem

332 3729 665 3793 animarum
695 3734 1058 3797 resurrectio
1083 3737 1144 3798 lit
1175 3753 1379 3815 opere,
1409 3733 1644 3807 virtute,
1681 3733 1991 3814 experien-

339 3818 439 3894 tia,
465 3821 731 3886 veritate.
757 3824 988 3887 Mortali
1017 3824 1178 3886 enim
1201 3823 1556 3902 cogitatione
1571 3821 1644 3883 ab
1668 3821 1988 3884 immortali

336 3924 517 3970 sensu
547 3909 741 3974 deleta
782 3931 852 3974 ac
897 3913 1225 3992 proï¬‚igata,
1280 3920 1338 3974 et
1396 3910 1753 3973 mortalitate
1795 3929 1831 3972 a
1869 3912 1990 3975 vita

336 3997 609 4077 effugata,
661 4001 859 4063 anima
899 4013 1018 4063 tum
1050 4002 1207 4062 velut
1234 4020 1267 4062 a
1297 4000 1548 4062 mortuis
1579 3999 1853 4075 excitata,
1889 4019 1992 4063 se-

339 4095 459 4146 met
488 4090 912 4152 convenienter
939 4091 1099 4152 videt
1121 4090 1212 4170 (ut
1235 4089 1336 4170 qui
1370 4089 1446 4151 de
1480 4107 1688 4150 somno
1707 4106 1987 4151 surrexe-

334 4185 497 4252 runt,
532 4181 886 4261 semetipsos
905 4179 1297 4261 conspiciunt)
1317 4187 1375 4241 et
1403 4178 1590 4240 Deum
1621 4197 1656 4240 a
1685 4197 1802 4259 quo
1833 4181 1990 4242 exci-

2068 3023 2364 3102 pientiam
2391 3022 2554 3084 enim
2584 3021 2913 3100 loquimur,
2957 3018 3174 3102 inquit,
3204 3035 3331 3082 non
3357 3017 3568 3082 saeculi
3597 3017 3718 3082 hu-

2061 3109 3723 3191 jus,quwevacuatur,sedsapientiaminmysterio,guo:

2073 3199 2425 3261 abscondita
2451 3198 2619 3260 estâ€œ
2645 3197 2867 3276 multis,
2901 3197 3074 3260 nobis
3101 3203 3299 3260 autem
3331 3195 3516 3278 probe
3543 3215 3721 3261 reve-

2074 3289 2212 3368 lata,
2252 3295 2314 3350 et
2341 3286 2595 3366 cognita,
2628 3287 2730 3368 qui
2761 3287 2823 3350 in
2867 3287 3079 3350 timore
3133 3285 3242 3350 Dei
3278 3285 3441 3350 velut
3492 3286 3566 3350 ab
3590 3287 3720 3352 ele-

2076 3377 2291 3440 mentis
2311 3376 2561 3440 instituti
2599 3395 2827 3451 sumus,
2869 3384 2929 3440 et
2954 3376 3030 3440 ad
3062 3376 3230 3438 illum
3260 3394 3504 3457 semper
3531 3377 3718 3460 respi-

2074 3467 2288 3532 cimus.
2320 3465 2450 3529 Non
2499 3466 2658 3528 enim
2709 3467 2868 3549 quod
2913 3466 3215 3530 nescimus
3246 3465 3581 3548 loquimur;
3615 3467 3722 3530 sed

2073 3557 2229 3638 quod
2257 3555 2479 3618 scimus
2507 3555 2920 3635 testiï¬camur,
2945 3558 3224 3638 quoniam
3247 3555 3346 3618 lux
3367 3554 3430 3617 in
3458 3554 3724 3620 tenebris

2065 3646 2190 3724 jam
2221 3646 2460 3710 lucet55
2481 3692 2498 3722 ,
2526 3652 2586 3707 et
2610 3645 2672 3707 in
2703 3653 2900 3722 nocte,
2926 3653 2986 3708 et
3012 3645 3076 3708 in
3094 3645 3218 3720 die,
3240 3651 3299 3706 et
3318 3643 3500 3721 intus,
3535 3652 3598 3708 et
3629 3663 3725 3709 ex-

2073 3746 2184 3800 tra.
2219 3738 2381 3798 Intus
2410 3733 2653 3817 quidem
2693 3736 2756 3796 in
2803 3734 3085 3798 cordibus
3116 3733 3379 3812 nostris;
3413 3742 3577 3797 extra
3605 3753 3718 3800 au-

2071 3835 2188 3888 tem
2219 3827 2281 3888 in
2333 3826 2531 3887 animo
2592 3825 3080 3890 circumlustrans
3137 3841 3245 3886 nos
3273 3823 3404 3887 sine
3445 3843 3714 3906 vespera,

2069 3914 2200 3976 sine
2215 3915 2557 3992 mutatione,
2575 3913 2706 3978 sine
2720 3914 3022 3991 varietate,
3042 3913 3174 3977 sine
3203 3913 3415 3992 ï¬gura,
3441 3913 3690 3995 loquens
3701 3963 3718 3990 ,

2069 4021 2345 4084 operans,
2374 3998 2596 4077 vivens,
2630 4011 2687 4064 et
2717 4003 3040 4078 vivificans,
3092 4010 3152 4065 et
3192 4000 3572 4065 collustratos
3620 4001 3719 4065 lu-

2070 4093 2232 4153 mine
2259 4091 2542 4155 reddens.
2564 4090 2687 4154 Nos
2709 4091 3096 4154 testificamur
3123 4090 3402 4173 quoniam
3428 4090 3584 4154 Deus
3614 4091 3717 4155 lux

2070 4188 2181 4257 est,
2215 4188 2276 4242 et
2303 4179 2407 4260 qui
2435 4179 2599 4259 digni
2645 4188 2784 4242 sunt
2840 4179 3046 4256 habiti,
3106 4187 3171 4242 ut
3219 4198 3358 4243 eum
3413 4180 3712 4257 viderent,

339 4271 460 4368 taâ€˜ta
491 4277 582 4328 est
608 4269 911 4368 agnoscit:
946 4288 1120 4368 quem
1174 4268 1536 4368 intelligens,
1585 4269 1802 4368 gratias
1841 4270 1982 4368 agit,
2005 4315 2052 4368 Î’
2071 4288 2277 4368 omnes
2304 4277 2367 4331 ut
2395 4268 2587 4331 lucem
2619 4269 2921 4368 viderunt,
2945 4277 3004 4332 et
3029 4269 3132 4368 qui
3157 4287 3297 4332 eum
3327 4278 3712 4368 acceperunt,

337 4355 570 4438 adorat,
601 4367 661 4419 et
687 4358 1035 4420 immensam
1068 4359 1196 4437 ejus
1239 4358 1565 4420 bonitatem
1596 4357 1880 4420 dilaudat.
1913 4355 2048 4428 At"
2074 4369 2135 4424 ut
2192 4361 2382 4421 lucem
2442 4367 2826 4438 acceperunt.
2880 4358 3170 4433 Quoniam
3246 4358 3530 4440 praecedit
3574 4367 3717 4424 ante

339 4461 480 4506 vero
532 4465 745 4528 corpus
799 4447 872 4508 ad
919 4447 1187 4528 proprias
1231 4445 1584 4528 cupiditates
1631 4446 1850 4509 nullam
1896 4449 1984 4511 vel

335 4536 806 4618 qualemcunque
836 4537 1311 4618 inspirationem,
1362 4543 1464 4597 aut
1503 4535 1852 4612 motionem,
1889 4546 1987 4600 aut

334 4623 749 4702 cogitationem
779 4626 1000 4688 habet:
1037 4626 1141 4689 sed
1193 4634 1281 4688 est
1338 4625 1400 4686 in
1458 4624 1552 4686 his
1596 4633 1785 4688 totum
1819 4645 1985 4688 mor-

333 4718 501 4776 tuum
534 4724 592 4776 et
619 4716 912 4778 exanime.
944 4717 1406 4796 Nonnunquam,
1441 4713 1560 4776 imo
1585 4731 1764 4794 saepe,
1803 4715 1984 4778 etiam

334 4819 539 4864 eorum
573 4825 702 4885 quae
719 4805 1047 4867 secundum
1081 4813 1349 4866 naturam
1380 4810 1537 4883 sunt,
1564 4809 1806 4883 propter
1832 4804 1986 4866 assi-

331 4893 508 4956 duam
537 4896 751 4958 animae
780 4897 840 4957 in
898 4895 1080 4958 rebus
1137 4915 1270 4976 quae
1322 4913 1499 4974 supra
1556 4901 1823 4955 naturam
1851 4903 1988 4958 sunt

336 4985 653 5046 mentalem
685 4986 1133 5066 occupationem
1173 5003 1243 5046 ac
1293 4983 1554 5046 studium
1587 4981 1974 5048 obliviscitur.

2069 4450 2233 4511 illum
2264 4449 2465 4510 lumen
2483 4448 2686 4529 gloria:
2714 4449 2897 4526 illius,
2919 4455 2980 4511 et
3008 4448 3140 4512 sine
3170 4448 3396 4512 lumine
3424 4467 3715 4532 apparere

2070 4559 2186 4601 non
2218 4546 2448 4620 potest:
2483 4538 2702 4621 quique
2733 4539 2863 4619 ejus
2888 4540 3088 4602 lumen
3121 4558 3243 4602 non
3267 4539 3566 4616 viderunt,
3600 4559 3714 4604 nec

2067 4629 2232 4691 illum
2261 4628 2561 4708 viderunt,
2595 4624 2883 4711 quoniam
2907 4629 3037 4710 ipse
3079 4629 3178 4692 lux
3207 4637 3317 4692 est.
3349 4629 3421 4692 Et
3468 4629 3572 4711 qui
3613 4629 3712 4693 lu-

2069 4737 2206 4780 men
2231 4737 2348 4779 non
2369 4726 2749 4800 acceperunt,
2776 4717 3039 4781 nondum
3061 4718 3306 4799 gratiam
3327 4727 3710 4800 acceperunt.

2069 4806 2180 4880 Qui
2210 4826 2465 4888 namque
2493 4807 2736 4886 gratiam
2785 4815 3168 4890 acceperunt,
3227 4808 3429 4870 lumen
3482 4807 3590 4870 Dei
3651 4817 3712 4873 et

2067 4895 2255 4959 Denm
2284 4905 2663 4978 acceperunt,
2722 4898 2875 4961 sicut
2919 4898 3051 4980 ipsa
3103 4897 3204 4961 lux
3260 4895 3529 4960 Christus
3573 4897 3703 4962 ait:

2061 4986 2442 5063 Inhabz'tabo,
2459 4995 2515 5049 et
2539 4987 2928 5052 inambulabo
2948 4989 3016 5050 in
3027 4989 3116 5051 eis
3138 4985 3194 5031 33
3219 5036 3232 5050 .
3266 4984 3490 5058 Quibus
3510 4993 3708 5050 autem

328 5071 398 5135 Et
416 5083 600 5154 recte,
625 5073 1026 5152 inquitenim:
1056 5073 1292 5152 Spiritu
1316 5071 1643 5144 ambulate,
1669 5079 1728 5133 et
1749 5071 1977 5136 deside-
2059 5076 2174 5138 hoc
2208 5076 2470 5139 nondum
2493 5077 2762 5158 contigit,
2792 5096 2905 5142 nec
2933 5076 3100 5156 digni
3129 5083 3266 5139 sunt
3288 5074 3496 5152 habiti,
3522 5075 3623 5157 qui
3642 5075 3705 5140 id

333 5163 1111 5243 riacarnisnonperï¬‚cietis
1125 5161 1208 5220 29.
1245 5165 1392 5226 Caro
1426 5160 1624 5240 igitur,
1660 5169 1723 5221 ut
1753 5160 1974 5224 dictum

2060 5172 2542 5247 assequerentur,
2574 5183 2781 5228 omnes
2837 5166 2899 5229 hi
2950 5164 3061 5228 sub
3111 5164 3244 5245 lege
3292 5170 3427 5225 ante
3455 5162 3704 5244 gratiam

334 5260 444 5327 est,
480 5270 586 5332 per
610 5252 927 5314 adventum
973 5250 1227 5332 Spiritus
1277 5252 1428 5314 facta
1461 5249 1974 5338 mortua,iimper-
2059 5262 2400 5330 censentur,
2448 5255 2628 5332 servi,
2673 5272 3101 5338 servorumque
3155 5251 3457 5332 discipuli.
3489 5250 3561 5314 Et
3589 5271 3705 5316 au-

335 5341 599 5402 turbatos
627 5339 702 5403 de
729 5349 943 5404 caetero
971 5359 1073 5404 vos
1101 5340 1420 5422 relinquet,
1450 5345 1510 5403 et
1538 5337 1687 5400 citra
1713 5337 1974 5420 impedi-
2056 5341 2279 5406 ditores
2306 5343 2477 5426 legis,
2529 5344 2754 5408 circum
2806 5343 3082 5408 umbram
3140 5348 3201 5405 et
3246 5347 3451 5424 typum
3507 5340 3705 5409 adhuc

413 5530 478 5582 95
501 5527 766 5612 Joan._v,
797 5526 925 5612 1â€™39._
981 5526 1044 5578 ÎžÎ˜
1071 5529 1214 5593 Luc.
1246 5544 1317 5612 Î¹Î¹á¼¶
1350 5527 1588 5612 10,}!1
1667 5523 1730 5612 ?7
1756 5523 1932 5612 Joan.
1961 5545 1990 5612 á¾³

2094 5531 2198 5612 #19.
2235 5611 2245 5612 á½·
2280 5532 2345 5612 38
2399 5530 2589 5600 Galat.
2636 5549 2720 5612 vi,
2755 5533 2855 5596 14.
2938 5531 3000 5584 Â³9
3038 5530 3472 5612 Galat.gv,16.
3554 5531 3620 5586 30
3649 5528 3703 5594 Î

336 5610 473 5672 Cor.
508 5625 593 5685 Î¹Î¹Î¹,
631 5609 723 5670 t7.
807 5608 862 5660 3i
893 5607 1063 5672 Joan.
1113 5626 1192 5684 vr,
1243 5604 1343 5674 45.
1425 5605 1492 5658 52
1533 5604 1740 5671 Matth.
1787 5622 1848 5684 v,
1904 5607 2004 5674 14.

329 5689 387 5736 Â³â¸
409 5688 595 5753 Levit.
625 5705 788 5766 nm,
819 5689 936 5766 l2;
970 5687 1026 5753 II
1066 5690 1202 5756 Cor.
1235 5706 1320 5767 Vl,
1353 5687 1452 5752 16.

2088 5581 2358 5678 Sinni.
2401 5581 2720 5678 á¼·Îžá¿–â€œâ€Î¸Î¹â€™á¼°â€™
2752 5581 2888 5678 (33}.
2936 5581 3002 5693 Î·â€™,
3041 5581 3269 5680 á¿–á¿—á¿–Î´
3293 5581 3481 5680 â€™.á¼°Î¿á½¶á½¶á¿–
3541 5581 3610 5697 Î¹Î¶â€™
3638 5581 3699 5681 á¼á¿–
