4112 6106
383 260 507 330 ιον

1688 252 2070 322 SYMEONIS
2109 249 2462 320 JUNIORIS

3641 233 3759 316 408

386 392 763 475 oberrantes,
799 391 908 456 ﬁlii
935 391 1195 466 ancillae,
1235 397 1295 454 et
1325 389 1432 453 ﬁlii
1463 387 1841 453 tenebrarum
1873 395 2032 466 sunt,
2056 409 2099 446 Α
2119 382 2738 475 omniqueignominia
2757 380 3022 475 undique
3038 372 3762 475 rapiebantur.Necistuc

389 483 514 547 sive
543 482 960 565 imperatores,
997 481 1121 544 sive
1165 479 1538 562 patriarchae,
1571 479 1694 542 sive
1741 478 2032 561 episcopi,

387 573 512 636 sive
541 571 903 649 sacerdotes,
941 571 1065 632 sive
1113 570 1438 652 principes,
1471 568 1594 631 sive
1622 567 1899 649 subjecti,
1933 587 2036 629 seu

391 663 646 746 profani,
679 680 784 724 seu
814 660 1112 736 monachi,
1146 678 1250 722 seu
1280 668 1515 736 ascetae,
1559 676 1664 720 seu
1713 657 2033 746 praepositi,

389 745 496 814 aeu
526 769 844 833 pauperes,
881 768 985 812 seu
1016 748 1252 824 divites,
1301 767 1407 810 seu
1465 747 1690 827 aegroti,
1752 764 1857 809 seu
1911 745 2038 807 sani

390 841 532 903 sint.
566 839 789 904 Omnes
819 838 1002 916 enim,
1035 838 1137 920 qui
1166 838 1229 899 in
1258 836 1522 900 tenebris
1553 835 1784 911 sedent,
1821 842 1878 895 et
1909 853 2039 915 poe-

391 930 586 993 nitere
615 929 844 1006 nolunt,
865 928 974 990 ﬁlii
995 926 1379 990 tenebrarum
1411 933 1822 988 numerantur.
1850 922 2043 987 Paeni-

393 1019 584 1084 tentia
611 1019 906 1100 siquidem
937 1025 1026 1080 est
1047 1017 1253 1098 janua,
1286 1034 1414 1098 quae
1457 1033 1490 1077 e
1521 1013 1780 1077 tenebris
1818 1012 2039 1084 educit,

393 1117 453 1172 et
483 1108 557 1172 ad
586 1107 792 1172 lumen
821 1107 1089 1170 deducit.
1123 1105 1235 1179 Qui
1265 1105 1444 1185 igitur
1471 1103 1543 1166 ad
1574 1103 1776 1165 lumen
1807 1103 2040 1182 ingres-

391 1217 493 1262 sus
522 1217 642 1260 non
673 1198 1066 1278 est,'januam
1119 1194 1487 1278 paenitentiae
1543 1213 1662 1256 non
1719 1194 1872 1256 bene
1900 1210 2040 1274 per-

392 1287 646 1352 transiit.
679 1286 830 1351 Nam
863 1287 914 1348 si
949 1285 1390 1369 pertransisset,
1422 1284 1495 1346 ad
1525 1284 1729 1346 lumen
1759 1281 2038 1344 venisset.

393 1377 506 1451 Qui
535 1385 730 1440 autem
764 1395 882 1438 non
929 1375 1200 1458 poenitet,
1251 1382 1477 1454 peccat,
1539 1380 1856 1454 propterea
1904 1369 2044 1452 quia

2119 463 2370 557 tantum,
2401 463 2506 537 sed
2559 482 2619 536 et
2663 471 2856 534 omnis
2907 467 3228 550 cujuslibet
3257 463 3409 557 actio
3444 483 3550 526 seu
3581 463 3761 544 bona,

2120 584 2225 627 seu
2250 554 2424 646 mala,
2449 561 2644 626 omnis
2675 579 2896 641 sermo,
2929 557 3125 620 omnis
3153 554 3428 635 cogitatio
3461 573 3764 617 commen-

2122 654 2380 735 tatioque
2409 642 2480 714 ab
2513 652 2640 733 ipso
2673 651 2963 730 cujusque
2992 654 3126 710 ortu
3155 645 3454 719 videlicet,
3478 663 3670 735 usque
3688 642 3762 704 ad

2122 734 2394 805 ultimum
2427 741 2674 804 halitum
2707 739 2828 801 illic
2860 738 3156 801 collectim
3189 737 3251 798 in
3272 753 3630 816 unoquoque
3661 734 3766 795 ho-

2126 833 2353 895 minum
2385 831 2712 913 apparebit.
2750 833 2821 891 Et
2847 848 3052 910 quam,
3087 845 3310 908 quaeso,
3337 827 3568 894 fratres,
3597 824 3767 903 igno-

2125 922 2369 984 miniam
2402 940 2535 983 cum
2567 922 2698 991 hac,
2728 937 2859 1000 quae
2905 936 3042 980 vere
3092 917 3217 979 sola
3269 927 3360 978 est
3409 914 3760 994 ignominia,

2125 1019 2263 1073 tunc
2313 1007 2840 1092 comparabimus?
2881 1015 2986 1070 aut
3013 1025 3145 1088 quae
3176 1024 3351 1086 poena
3401 1005 3616 1066 timore
3661 1003 3764 1064 illo

2126 1099 2474 1178 pudoreque
2508 1097 2715 1178 major,
2741 1114 2899 1169 cum,
2933 1102 2996 1154 ut
3024 1094 3252 1154 dictum
3285 1099 3396 1166 est,
3430 1092 3577 1153 adeo
3600 1101 3768 1154 tene-

2122 1187 2310 1270 brosi,
2345 1196 2404 1249 et
2432 1188 2561 1248 sine
2591 1185 2962 1247 illuminante
2987 1183 3197 1264 spiritu
3228 1181 3451 1243 inventi
3490 1180 3766 1243 fuerint?

2124 1275 2371 1350 Qualem
2391 1294 2567 1356 porro
2579 1276 2778 1349 vitam,
2792 1275 2965 1356 quale
2984 1273 3484 1335 oblectamentum
3514 1270 3770 1332 habebit

2123 1367 2332 1448 homo,
2364 1366 2463 1447 qui
2494 1367 2555 1427 in
2587 1365 2850 1428 tenebris
2877 1363 3066 1438 sedet,
3099 1381 3169 1424 ac
3187 1361 3418 1436 metuit,
3447 1379 3523 1422 ne
3545 1379 3765 1441 repen-

393 1449 514 1530 non
544 1466 790 1548 paenitet
822 1484 835 1528 :
870 1449 1107 1530 Scienti
1136 1449 1300 1527 autin
1329 1449 1571 1540 bonum,
1599 1449 1811 1543 inquit,
1840 1467 1901 1523 et
1918 1449 2044 1522 non
2129 1457 2252 1548 tigna
2291 1457 2446 1548 lucis
2491 1454 2921 1548 illuminatioue
2955 1452 3348 1548 cogitationis,
3381 1458 3480 1512 aut
3509 1449 3767 1513 actionis

391 1542 668 1637 facienti,
677 1562 989 1637 peccatum
1006 1552 1282 1619 estillt‘37.
1297 1555 1324 1616 J
1331 1571 1423 1615 am
1439 1554 1542 1634 qui
1552 1553 1700 1631 facit
1706 1542 2040 1633 paeonium,
2128 1545 2378 1637 alicujus
2407 1546 2614 1637 sordes
2644 1545 2704 1606 in
2735 1542 3311 1637 ipsoAreperiantur‘f

393 1630 2100 1726 servuses'tpeccati,etoditlucem,_etuonvenitadlu-B
2201 1634 2804 1726 Quarestudeamus,
2858 1631 3071 1693 fratres
3121 1631 3262 1726 mei,
3309 1630 3449 1726 hinc
3501 1631 3770 1726 jam_per

396 1719 1192 1816 cem,nearguantttropera
1208 1719 1425 1814 ejus38.
1451 1731 1619 1794 Nunc
1639 1731 1799 1793 enim
1829 1740 2040 1811 sponte
2121 1724 2527 1816 paenitentiam
2557 1731 2782 1805 portam
2815 1730 3120 1816 augustam
3144 1721 3366 1782 intrare
3387 1722 3468 1797 4ο,
3489 1719 3768 1800 quodque

397 1833 459 1889 et
485 1833 684 1887 nostro
717 1810 981 1906 ipsorum
1013 1810 1297 1886 arbitratu
1329 1823 1402 1886 ad
1454 1823 1656 1884 lumen
1709 1837 1815 1901 per
1842 1810 2039 1901 pmni—
2122 1815 2282 1878 intus
2315 1822 2406 1906 est
2435 1815 2637 1906 lumen
2667 1821 2962 1906 spectare.
2996 1810 3206 1885 Etiam,
3229 1829 3393 1891 rogo,
3422 1831 3494 1871 ne
3517 1811 3767 1872 deﬁcia-

399 1909 647 1979 tentiam
680 1901 934 1994 ingressi
960 1913 1398 1994 redarguimur,
1431 1919 1488 1973 et
1510 1910 1853 1992 judicamur
1887 1930 1900 1970 :
1935 1911 2041 1973 sed
2125 1922 2262 1966 mus
2300 1903 2624 1994 pulsando,
2673 1901 3016 1994 quaerendo,
3053 1909 3111 1994 et
3142 1901 3402 1994 petendo
3447 1908 3768 1994 antequam

402 2002 648 2084 mystice
671 1989 965 2083 judicium
983 1989 1166 2078 istuc,
1185 2009 1244 2064 et
1261 1989 1634 2075 abscondite,
1667 1999 1729 2060 in
1757 1997 2046 2060 interiore
2129 1993 2538 2084 exaudiamur,
2566 1999 2624 2084 et
2637 1991 2960 2084 aperiatur,
2984 1991 3238 2084 etdetur
3267 1989 3437 2050 nobis
3473 2013 3485 2049 :
3523 1989 3772 2070 insuper

401 2078 734 2156 animarum
767 2100 1102 2154 nostrarum
1133 2091 1433 2165 cubiculo,
1486 2088 1559 2151 ad
1612 2089 2044 2170 purgationem,
2131 2082 2325 2144 donec
2354 2081 2604 2170 ingressi
2637 2080 2840 2142 lumen
2871 2078 3253 2170 accipiamus,
3275 2088 3335 2140 et
3367 2079 3511 2170 illud
3539 2079 3770 2140 exstin-

403 2188 463 2246 et
485 2180 901 2245 remissionem
935 2187 1314 2263 peccatorum
1346 2166 1685 2243 nostrorum
1716 2166 2053 2239 misericor-
2133 2179 2289 2233 ctum
2323 2171 2382 2232 in
2403 2169 2692 2263 cordibus
2725 2170 2943 2263 nostris
2979 2167 3324 2263 habeamus.
3370 2166 3561 2228 Nolite
3592 2167 3772 2263 igitur

405 2271 526 2348 dia,
563 2277 622 2333 et
648 2256 1014 2350 benignitate
1027 2270 1135 2333 Dei
1157 2269 1449 2350 subimus,
1476 2268 1602 2330 solo
1623 2267 1906 2327 nimirum
1928 2267 2052 2330 Deo
2135 2279 2357 2338 errare,
2389 2261 2626 2324 fratres.
2649 2259 2762 2332 Qui
2783 2258 2844 2320 in
2874 2257 3140 2320 tenebris
3169 2258 3326 2330 vivit,
3362 2265 3525 2318 extra
3552 2256 3770 2318 ostium

406 2378 505 2424 res
529 2366 760 2421 nostras
788 2359 1016 2422 sciente
1072 2375 1140 2423 ac
1189 2358 1480 2420 intuente.
1528 2354 1655 2418 Hoc
1697 2353 1876 2434 igitur
1931 2363 2049 2416 tam

405 2447 690 2531 praeclaro
739 2447 970 2526 judicio
1027 2447 1297 2528 quisquis
1348 2445 1444 2507 hic
1494 2443 1797 2525 judicatus
1842 2444 2045 2526 fuerit,

401 2535 564 2600 aliud
594 2535 950 2617 supplicium
1011 2545 1114 2598 aut
1169 2554 1416 2598 examen
1471 2552 1592 2595 non
1649 2532 1902 2609 timebit,
1937 2552 2048 2597 nec

401 2624 760 2687 tentationes
813 2624 927 2687 sibi
982 2632 1439 2706 superventuras
1482 2620 1844 2684 formidabit.
1896 2620 2044 2684 Tum

2133 2363 2243 2418 est.
2295 2354 2403 2428 Qui
2451 2362 2649 2416 autem
2692 2371 2759 2414 se
2794 2352 3127 2430 ingressum
3185 2350 3501 2424 existimat,
3549 2356 3609 2412 et
3665 2365 3773 2428 per

2133 2444 2349 2506 ostium
2382 2444 2688 2524 ingressus
2719 2460 2838 2502 non
2870 2449 2979 2514 est,
3014 2439 3193 2502 eliam
3225 2439 3355 2519 ipse
3403 2447 3568 2501 extra
3618 2437 3770 2498 ovile

2132 2541 2244 2596 est.
2277 2533 2340 2594 Si
2371 2533 2529 2595 enim
2560 2533 2656 2593 lux
2682 2529 2910 2604 mundi,
2945 2537 3002 2590 et
3057 2529 3272 2591 ostium
3331 2536 3423 2590 est
3480 2525 3764 2601 Christus,

2131 2623 2375 2684 omnino
2419 2621 2682 2686 lucidum
2715 2621 2927 2682 ostium
2960 2624 3070 2692 est,
3096 2637 3213 2678 non
3246 2618 3460 2679 ostium
3491 2617 3763 2697 simplex.

403 2731 565 2790 vero,
601 2713 715 2776 hoc
745 2723 861 2790 est,
909 2713 972 2775 in
1029 2713 1281 2776 adventu
1311 2710 1568 2793 Domini,
1631 2710 1705 2772 iis
1759 2710 1859 2791 qui
1890 2730 2047 2773 nunc
2128 2714 2200 2776 Et
2228 2716 2330 2796 qui
2358 2715 2419 2777 in
2450 2734 2520 2776 eo
2553 2723 2666 2796 est,
2697 2713 2760 2775 iu
2803 2714 2938 2774 luce
2987 2710 3193 2772 mundi
3245 2718 3357 2773 est.
3401 2713 3521 2774 Lux
3569 2718 3765 2772 autem

404 2802 478 2866 ad
509 2802 710 2864 lumen
738 2803 963 2880 venire,
996 2809 1056 2865 et
1082 2801 1156 2864 ab
1185 2802 1313 2884 ipso
1359 2799 1641 2881 judicari,
1692 2800 2047 2882 purgarique
2130 2805 2338 2866 mundi
2368 2811 2478 2879 est,
2513 2823 2631 2866 non
2661 2821 2834 2885 quam
2869 2802 3177 2864 oculorum
3208 2820 3418 2862 sensus
3447 2800 3760 2881 percipiat,

404 2891 636 2969 nolunt,
670 2890 777 2954 sed
805 2890 865 2953 id
896 2891 1170 2968 oderunt,
1224 2890 1384 2972 quod
1426 2888 1603 2951 modo
1634 2887 2045 2950 absconditum
2071 2967 2103 2975 Δ
2129 2893 2235 2955 sed
2285 2913 2460 2975 quam
2511 2894 2745 2956 animus
2791 2892 3011 2968 videat,
3072 2901 3246 2972 atque
3303 2890 3757 2970 contempletur.

401 2989 494 3044 est
522 2967 726 3043 lumen
754 2980 1132 3060 revelabitur,
1161 2967 1534 3062 ioc-cultaque
1584 2979 1797 3040 horum
1846 2967 2277 3047 omniaCNam
2302 2967 2396 3046 sol
2427 2983 2546 3059 hic,
2579 3001 2755 3066 quem
2797 2999 3006 3043 sensus
3053 2967 3304 3062 attingit,
3353 2967 3759 3040 tantummodo

403 3070 958 3136 manifestabuntur.
989 3071 1062 3134 Et
1089 3071 1294 3154 quales
1323 3088 1483 3132 nunc
1503 3069 2045 3150 sumusunusquis-
2127 3071 2397 3153 corporis
2441 3072 2643 3134 oculos
2686 3071 2982 3132 illuminat
3031 3069 3364 3142 hominum,
3409 3067 3760 3143 bestiarum,

404 3178 522 3240 que
549 3167 840 3238 nostrum,
867 3179 978 3223 nos
1016 3159 1179 3242 ipsos
1211 3160 1595 3240 occultantes,
1628 3165 1687 3221 et
1715 3175 1822 3239 per
1849 3158 2044 3237 poeni-
2124 3162 2430 3225 volucrum
2465 3183 2480 3224 :
2516 3171 2575 3224 at
2602 3163 2688 3224 sol
2711 3162 2813 3243 qui
2842 3161 2950 3223 sub
2973 3161 3418 3240 intelligentiam
3449 3158 3629 3233 cadit,
3663 3159 3768 3240 qui

401 3249 649 3311 tentiam
683 3257 886 3312 nostra
931 3249 1312 3313 manifestare
1351 3248 1643 3324 nolentes,
1679 3255 1818 3309 tunc
1846 3268 1879 3308 a
1910 3247 2044 3311 luce
2135 3253 2354 3314 mundo
2385 3252 2598 3326 illuxit,
2633 3255 2859 3314 animas
2889 3252 3163 3313 duntaxat
3200 3248 3429 3311 ratione
3461 3249 3762 3330 praeditas,

406 3338 728 3416 manifesti,
762 3346 821 3402 et
847 3340 1036 3422 aperti
1067 3340 1187 3404 Deo
1209 3347 1268 3402 et
1286 3337 1560 3401 omnibus
1588 3355 1815 3414 sumus,
1851 3345 1909 3400 et
1936 3339 2049 3400 eri-
2128 3360 2323 3424 neque
2361 3344 2466 3405 has
2513 3345 2665 3407 citra
2717 3341 3040 3404 discrimen
3089 3358 3323 3412 omnes,
3369 3348 3428 3400 et
3485 3338 3760 3419 indtgnas

400 3447 576 3507 mus;
601 3435 659 3491 et
686 3429 1028 3510 magnitudo
1057 3429 1302 3512 pudoris
1322 3447 1390 3491 ac
1410 3427 1721 3492 dedecoris
1749 3426 1870 3492 illic
1900 3447 2042 3510 pro-
2123 3431 2300 3494 etiam
2332 3432 2670 3494 illuminare
2697 3431 2878 3494 novit.
2912 3430 3078 3495 Haud
3099 3429 3260 3491 enim
3292 3429 3760 3512 inanimus,seu,

398 3518 740 3601 spectaculo
766 3519 899 3604 erit.
2122 3527 2188 3582 ut
2229 3522 2444 3584 melius
2471 3523 2686 3597 dicam,
2713 3540 2830 3582 non
2861 3520 3079 3582 animal
3113 3525 3226 3594 est,
3259 3538 3371 3581 nec
3401 3537 3626 3597 servus,
3663 3526 3764 3580 aut

478 3606 713 3671 Etenim
743 3608 896 3671 sicut
931 3607 994 3670 in
1041 3607 1218 3670 domo
1271 3608 1479 3687 januas
1529 3605 1692 3668 intus
1743 3605 2046 3670 obseratas
2127 3619 2398 3673 creatura
2452 3611 2523 3674 ad
2573 3611 2706 3673 aliis
2733 3609 3191 3672 ministrandum
3235 3608 3574 3680 constituta,
3608 3608 3762 3669 sicut

399 3697 680 3776 habente,
713 3697 764 3760 si
794 3697 929 3779 quis
963 3696 1207 3774 enobis,
1242 3697 1411 3780 quasi
1444 3695 1588 3758 foris
1618 3712 1651 3759 a
1681 3695 1924 3759 nemine
1953 3698 2042 3760 vi-
2128 3719 2342 3783 nempe
2374 3702 2486 3765 iste
2514 3701 2604 3764 sol
2633 3719 2810 3783 quem
2847 3699 3169 3774 cernimus,
3205 3699 3421 3780 quique
3449 3696 3636 3758 oritur
3663 3713 3760 3756 su-

402 3807 502 3851 sus
532 3788 716 3851 effuse
743 3795 970 3868 peccet,
1003 3788 1300 3852 adulteria
1329 3787 1580 3860 scilicet,
1616 3795 1717 3848 aut
1745 3788 2044 3851 masculo-
2135 3809 2239 3870 per
2247 3792 2442 3872 justos
2464 3791 2814 3873 etinjustos,
2843 3789 3061 3870 probos
3082 3789 3260 3851 simul
3285 3801 3338 3850 et
3363 3785 3662 3868 improbos
3676 3788 3758 3846 41.

400 3899 534 3943 rum
563 3878 935 3955 concubitus,
979 3886 1081 3941 aut
1109 3879 1224 3942 alia
1253 3877 1620 3942 exsecranda
1671 3894 2042 3959 perpetrans,
2132 3878 2246 3942 Sed
2277 3899 2608 3963 quanquam
2669 3880 2790 3957 lux,
2853 3887 2913 3940 et
2957 3879 3044 3938 sol
3084 3878 3444 3956 nominatur,
3479 3883 3675 3938 tamen
3705 3884 3767 3940 et

403 3969 622 4033 deinde
646 3968 843 4032 subito
871 3968 932 4031 in
962 3968 1091 4052 ipso
1122 3968 1342 4050 ﬂagitio
1373 3967 1879 4050 deprehendatur,
1913 3987 2044 4031 ma-
2128 3987 2307 4051 supra
2335 3969 2555 4046 lucem,
2589 3977 2646 4031 et
2674 3985 2855 4049 supra
2902 3967 3114 4040 solem,
3149 3973 3205 4027 et
3236 3973 3298 4026 ut
3340 3965 3493 4027 lucis
3521 3983 3590 4026 ac
3623 3965 3766 4026 solis

401 4077 578 4138 gnam
607 4058 862 4121 incurrit
891 4058 1196 4120 infamiam
1223 4075 1240 4132 ;
1268 4064 1368 4120 aut
1398 4059 1492 4136 (ut
1518 4056 1676 4120 aliud
1709 4058 2045 4138 exemplum
2127 4059 2404 4122 conditor
2429 4077 2498 4120 ac
2529 4057 2816 4119 Dominus
2845 4071 2957 4130 θεν,
3008 4055 3144 4131 vita,
3195 4054 3484 4130 vivificus,
3521 4056 3762 4130 veritas,

403 4148 667 4230 demus),
703 4148 752 4209 si
781 4147 914 4230 quis
933 4147 1215 4210 adversus
1239 4165 1440 4228 regem
1460 4145 1707 4209 insidias
1728 4146 2047 4211 meditetur
2119 4148 2366 4230 justitia,
2393 4155 2452 4209 et
2480 4146 2864 4209 sanctificatio
2887 4147 2970 4219 42,
3004 4145 3275 4226 simplex,
3308 4144 3382 4206 ab
3413 4145 3577 4206 omni
3607 4164 3769 4206 com-

403 4254 624 4319 easque
655 4237 741 4300 illi
781 4237 1000 4317 scripto
1032 4245 1308 4319 exponat,
1339 4244 1439 4298 aut
1467 4236 1517 4298 si
1546 4237 1726 4306 dicat,
1760 4243 2110 4301 statuaturD
2132 4238 2424 4319 positione
2451 4237 2624 4312 liber,
2677 4244 2734 4297 et
2783 4253 2960 4300 omne
2989 4235 3235 4310 bonum,
3273 4243 3324 4297 et
3355 4235 3572 4296 melior
3603 4235 3764 4296 omni

403 4327 570 4389 nefas
597 4326 856 4408 aliquod,
890 4326 1134 4389 omnino
1167 4327 1325 4389 intra
1369 4327 1550 4403 aedes,
1584 4334 1648 4387 ut
1673 4326 1896 4389 dictum
1929 4336 2040 4406 est,

399 4414 662 4490 latitans,
696 4422 828 4495 post
855 4433 961 4478 rex
989 4435 1121 4478 cum
1172 4423 1291 4478 toto
1321 4423 1530 4477 senatu
1556 4434 1686 4492 suo,
1721 4424 2042 4480 consueto-

397 4523 514 4585 que
543 4503 821 4566 satellitio
850 4504 1146 4580 adveniat,
1177 4512 1237 4568 et
1266 4505 1506 4566 domum
1559 4505 1777 4584 cingat,
1805 4507 2042 4568 statim-

396 4610 514 4675 que
543 4610 612 4654 ea
640 4598 766 4656 tota
795 4610 1002 4656 eversa
1038 4593 1190 4676 ipse,
1250 4601 1310 4655 et
1356 4593 1558 4655 omnia
1611 4595 1739 4676 ejus
1797 4595 2043 4658 consilia

394 4689 737 4764 appareant,
767 4699 1002 4764 poenam
1025 4701 1297 4764 magnam
1323 4682 1882 4766 damuationemque
1903 4704 2041 4748 sus-

395 4772 578 4846 tinet;
611 4773 683 4836 ad
715 4771 992 4834 eumdem
1045 4772 1288 4834 modum
1335 4778 1476 4835 tunc
1525 4771 1801 4834 omnibus
1846 4775 1947 4855 qui
1977 4777 2038 4839 in

392 4861 612 4925 mundo
643 4869 784 4925 sunt
813 4862 934 4925 ﬁet.
969 4860 1055 4924 Et
1072 4879 1195 4925 ηοω
1212 4862 1452 4942 quidem
1474 4862 1632 4924 sicut
1645 4863 1774 4924 dies
1803 4862 2038 4928 illumi-

388 4953 644 5016 nabitur
660 4951 736 5026 39,
767 4951 981 5014 domus
1009 4959 1208 5014 autem
1251 4951 1467 5032 omnis,
1502 4958 1562 5014 et
1615 4951 1922 5034 spelunca,
1977 4963 2040 5019 et

386 5043 604 5106 coelum
634 5041 830 5122 ipsum
884 5059 954 5104 ac
1002 5049 1162 5104 terra
1212 5042 1515 5115 tollentur,
1571 5059 1902 5122 omnesque
1933 5043 2034 5124 qui

382 5131 687 5196 Christum
717 5150 835 5194 non
861 5131 1202 5206 induerunt,
1227 5150 1332 5194 seu
1356 5131 1459 5213 qui
1485 5131 1686 5193 lumen
1707 5149 1827 5192 non
1857 5151 2033 5196 acce-

380 5229 615 5301 perunt,
648 5229 717 5284 ut
745 5240 926 5304 supra
952 5220 1338 5297 docebamus,
1373 5228 1434 5282 et
1469 5220 1530 5283 in
1558 5222 1690 5300 ipso
1721 5220 1885 5302 prius
1916 5241 2034 5285 non

378 5309 640 5390 fuerunt,
673 5319 734 5376 et
762 5313 962 5376 lumen
992 5331 1114 5376 non
1143 5310 1408 5388 fuerunt,
1463 5313 1608 5376 nudi
1636 5310 2030 5394 apparebunt,

2127 4327 2307 4389 bono.
2336 4325 2412 4390 Ut
2441 4326 2618 4406 igitur
2652 4325 2868 4388 veritas
2925 4337 3012 4386 est
3066 4343 3134 4386 ac
3175 4322 3416 4405 dicitur,
3443 4342 3581 4385 vere
3611 4343 3763 4385 cou-

2126 4414 2488 4478 vertentibus
2542 4434 2607 4476 se
2658 4414 2873 4478 veritas
2927 4414 3207 4476 efﬁcitur.
3259 4412 3335 4476 Ut
3369 4412 3600 4494 justitia
3644 4421 3756 4487 est,

2127 4525 2365 4569 omnem
2395 4503 2748 4586 injustitiam
2779 4504 3004 4568 exorsis
3027 4502 3256 4585 justitia
3286 4513 3396 4566 est.
3431 4503 3503 4565 Ut
3528 4503 3755 4564 sancti-

2125 4596 2344 4672 ﬁcatio,
2380 4595 2549 4657 elatis
2570 4612 2638 4655 ac
2661 4612 2767 4676 per
2787 4595 3074 4674 lacrymas
3095 4592 3372 4674 purgatis.
3391 4591 3462 4655 Ut
3478 4591 3754 4671 simplex,

2125 4686 2241 4748 illis
2263 4685 2362 4767 qui
2393 4683 2617 4746 nullam
2637 4684 3223 4765 perversitatem,aut
3255 4681 3573 4763 nequitiam
3597 4681 3761 4743 intus

2122 4783 2353 4857 gestant
2382 4775 2442 4836 in
2475 4773 2837 4856 praecordiis.
2875 4775 2952 4837 Ut
2987 4792 3103 4834 non
3129 4777 3513 4855 compositus,
3534 4773 3757 4837 nullum

2121 4865 2553 4947 duplicitatem,
2609 4872 2710 4926 aut
2765 4863 3234 4943 ambiguitatem,
3292 4871 3391 4924 aut
3430 4863 3758 4926 increduli-

2121 4963 2242 5018 tem
2273 4954 2456 5017 animi
2485 4954 2858 5017 habentibus.
2894 4953 2967 5018 Ut
2996 4953 3210 5033 bonus,
3244 4952 3317 5013 iis
3346 4953 3447 5034 qui
3479 4953 3762 5034 spiritua-

2114 5045 2272 5108 libus
2302 5044 2644 5126 peuitentiae
2673 5044 2980 5126 operibus,
3029 5043 3101 5106 ad
3143 5061 3380 5124 corpus,
3436 5051 3535 5107 aut
3585 5043 3758 5106 vitam

2116 5135 2287 5197 istam
2318 5135 2686 5215 pertinentes
2715 5153 2888 5196 curas
2935 5152 3003 5195 ac
3043 5132 3478 5195 sollicitudines
3509 5153 3628 5196 non
3658 5135 3759 5196 iu-

2116 5224 2360 5300 ducunt,
2417 5223 2633 5305 quibus
2685 5242 2754 5285 ea
2805 5222 3092 5285 misceant
3145 5231 3321 5304 atque
3355 5223 3757 5298 confundant;

2115 5313 2221 5377 sed
2253 5313 2413 5376 nuda
2438 5314 2760 5388 voluntate,
2787 5320 2846 5375 ct
2865 5312 3264 5394 applicatione
3282 5313 3553 5376 animiin
3578 5315 3761 5377 malo-

452 5515 661 5617 ξ’έᾶᾳ.
692 5519 946 5617 _tv,_‘t7.
1030 5519 1286 5586 88Joan.
1337 5536 1428 5597 tn,
1474 5522 1572 5586 2t.
1659 5521 1904 5591 39Psal,
1954 5539 2039 5589 ωε

2123 5541 2218 5617 ut,
2276 5521 2376 5588 12.
2462 5521 2524 5574 ιο
2568 5521 2773 5587 Matth.
2829 5538 2933 5602 vn,
2987 5522 3086 5590 t3.
3174 5525 3229 5578 41
3283 5525 3492 5591 Matth.
3545 5541 3609 5608 ν,
3655 5525 3758 5590 45.

369 5595 485 5664 6³1
519 5595 656 5666 Gor.
688 5614 734 5678 ι,
766 5595 869 5666 30.
