4112 6106
380 307 499 374 409
1845 316 1992 380 ORA

2075 315 2129 380 LO
2152 316 2304 380 XX.
3629 311 3752 380 410

370 457 505 502 rum
538 440 825 523 patientia
851 442 926 507 ad
956 462 1095 508 eum
1123 444 1578 523 accedentibus;
1601 464 1854 527 quorum
1887 447 2018 509 sin-
2036 467 2081 505 Αε
2108 446 2421 510 sanctusin
2434 445 2739 509 hominem
2758 464 2877 508 non
2899 444 3154 522 venerit,
3183 462 3294 508 nec
3317 446 3461 509 ineo
3482 443 3755 508 habitare

369 530 685 594 ceritatem
716 533 1076 615 approbans,
1104 535 1268 596 omni
1287 534 1447 601 bono
1478 535 1643 599 brevi
1674 554 1778 599 eos
1808 555 2023 599 cumu-
2107 535 2378 614 cognitus
2391 534 2866 613 fuerit,al.enum
2885 533 3634 616 estquemvisspiritualem
3652 551 3753 616 ap-

366 618 473 693 lat,
510 629 572 681 et
602 620 897 685 bonorum
926 623 1322 704 intellectum,
1347 625 1884 708 cogitationemque
1903 626 2026 688 vin-
2107 624 2340 705 pellavi.
2357 624 2470 697 Qui
2490 636 2692 687 autem
2711 624 3045 705 spiritualis
3069 624 3330 686 nondum
3354 623 3751 704 estquomodo

365 709 668 798 centibus,
703 712 844 773 dum
879 713 997 775 illis
1028 714 1347 790 revelatur,
1384 726 1769 798 apparetque,
1823 714 2020 778 statim
2103 721 2343 776 sanctus
2381 712 2544 776 erit?
2585 714 2687 794 qui
2726 721 2966 775 sanctus
2988 713 3255 775 nondum
3283 719 3374 775 est
3393 712 3609 786 factus,
3643 730 3752 792 per

370 797 697 881 participes
721 801 941 866 reddit.
974 804 1039 866 Si
1070 803 1231 865 enim
1277 797 1454 879 bona,
1493 823 1624 884 quae
1656 797 1870 867 oculus
1897 824 2022 868 non
2101 820 2369 882 quaenam
2401 802 2515 864 alia
2547 819 2752 883 opera,
2802 801 3188 883 actionesque
3241 801 3449 864 beatus
3492 800 3752 863 evadet?

373 887 549 962 vidit,
566 906 673 952 nec
693 891 866 953 auris
879 892 1142 968 audiuit,
1157 911 1264 956 nec
1285 895 1351 956 in
1365 911 1468 956 cor
1484 894 1746 958 hominis
1757 896 2020 958 ascende-

375 984 537 1049 runt,
567 994 699 1057 qua:
725 983 1093 1060 praeparavit
1122 982 1290 1045 Deus
1321 981 1712 1064 diligentibus
1734 1003 1798 1048 se
1811 985 2015 1061 4'5,hn-

371 1064 530 1136 mani
560 1066 783 1148 ingenii
814 1077 1048 1151 captum
1073 1070 1384 1147 excedunt,
1420 1081 1479 1135 et
1503 1075 1700 1137 omnia
1721 1093 1853 1155 quae
1876 1093 2012 1137 cer-

368 1155 757 1220 nunturbona
775 1171 1156 1241 exsuperant,
1177 1168 1393 1242 quanto
1417 1161 1603 1242 magis
1620 1164 1746 1242 ipse
1764 1165 1865 1244 qui
1886 1165 2012 1227 haec

370 1246 723 1324 praeparavit
765 1246 925 1310 Deus
959 1267 972 1309 :
1008 1268 1118 1312 nec
1151 1250 1340 1312 solum
1371 1251 1520 1332 ipse,
1562 1252 1666 1313 sed
1704 1252 1878 1314 etiam
1911 1253 2011 1334 qui

366 1350 499 1394 cum
535 1333 762 1412 videre,
788 1341 843 1400 ei
873 1337 1178 1415 assistere,
1208 1348 1410 1402 etcum
1434 1358 1504 1401 eo
1525 1341 1746 1403 versari
1771 1333 2012 1404 merule-

364 1429 504 1497 runt
533 1430 593 1485 et
621 1424 755 1505 ejus
793 1425 1141 1504 divinitatis,
1195 1428 1515 1509 gloriaeque
1570 1439 1895 1508 consortes,
1946 1450 2015 1494 ac

368 1511 692 1594 participes
716 1514 934 1591 effecti,
959 1516 1298 1596 superiores
1322 1518 1565 1580 omnino
1591 1519 1786 1600 bonis,
1819 1519 1966 1600 ipsis
1982 1540 2015 1583 a

367 1601 495 1662 Deo
526 1601 772 1685 paratis,
804 1611 1008 1685 utpote
1030 1605 1349 1670 Dominum
1379 1606 1710 1689 ipsum,qui
1741 1608 1893 1671 bona
1918 1610 2016 1672 illa

2096 889 2413 953 Beatitudo
2436 890 2600 953 Deus
2623 892 2922 973 est,cujus
2950 891 3052 973 qui
3079 910 3196 953 non
3219 902 3306 955 est
3323 890 3747 972 particeps,vel

2098 980 2294 1060 potius
2319 998 2498 1061 quem
2533 980 2637 1062 qui
2668 988 2853 1042 totum
2894 980 2956 1043 in
2997 999 3062 1042 se
3098 1000 3216 1043 non
3239 979 3438 1053 habet,
3471 999 3587 1062 quo
3609 986 3746 1040 tan-

2096 1069 2234 1131 dem
2275 1069 2448 1133 modo
2482 1070 2732 1134 beatus?
2762 1071 2946 1148 nullo,
2970 1079 3035 1133 ut
3058 1069 3201 1133 mihi
3221 1070 3466 1152 quidem
3490 1070 3742 1132 videtur.

2097 1158 2196 1221 Sol
2227 1158 2358 1220 sine
2388 1161 2542 1236 luce,
2571 1179 2712 1221 num
2745 1160 2977 1222 dicetur
3005 1159 3145 1223 sol?
3176 1167 3237 1221 et
3283 1160 3459 1222 homo
3491 1156 3743 1239 Spiritus

2097 1247 2285 1309 sancti
2315 1265 2548 1329 expers,
2584 1267 2724 1310 num
2772 1257 3011 1310 sanctus
3039 1249 3269 1312 dicatur
3288 1250 3318 1311 ἲ
3348 1248 3562 1311 Eslote
3589 1264 3741 1309 san-

2096 1340 2202 1411 cti,
2230 1335 2310 1397 ait
2330 1335 2950 1419 Dominus,quoniam
2968 1356 3072 1416 ego
3101 1346 3343 1402 sanctus
3362 1335 3742 1409 sum50.Qui-

2095 1423 2205 1486 bus
2239 1424 2437 1489 verbis
2468 1427 2910 1507 nosjexplorate
2956 1428 3223 1507 cognitos
3268 1435 3613 1507 peccatores
3664 1424 3739 1487 ad

2094 1512 2484 1577 imitationem
2518 1534 2622 1596 per
2652 1530 2838 1596 ‘opera
2869 1516 3210 1578 misericors
3241 1516 3344 1577 ille
3365 1516 3736 1591 cohortatur;

2094 1621 2163 1665 ac
2194 1603 2245 1664 si
2276 1603 2500 1666 diceret
2536 1625 2551 1666 :
2584 1604 2864 1667 Desistite
2912 1624 2946 1667 a
2992 1605 3173 1667 rebus
3224 1603 3539 1685 improbis,
3573 1612 3631 1664 et
3661 1602 3734 1665 ad

364 1690 717 1770 prmparavit
749 1710 854 1773 pro
884 1694 1229 1756 haereditate
1261 1696 1637 1776 possidentes
1665 1700 2008 1762 evaserunt?
2031 1702 2068 1751 Β
2089 1711 2328 1754 omnem
2353 1693 2704 1773 probitatem
2725 1693 3073 1770 incumbite,
3096 1712 3274 1756 omne
3291 1712 3479 1774 genus
3503 1691 3737 1756 virtutis

364 1776 540 1840 Tales
568 1790 767 1843 autem
797 1801 899 1845 eos
932 1786 1210 1859 evasisse,
1243 1792 1301 1846 et
1325 1804 1513 1866 usque
1544 1806 1703 1850 nunc
1731 1790 2002 1865 evadere,

368 1885 489 1929 non
521 1867 655 1931 dico
681 1880 809 1958 post
840 1882 1093 1935 mortem
1114 1874 1330 1949 solum,
1354 1874 1459 1937 sed
1489 1876 1681 1940 adhuc
1710 1882 2004 1958 supersti-

367 1965 482 2031 tes,
498 1965 619 2019 tota
631 1954 914 2024 divinitus
933 1961 1220 2044 inspirata
1237 1963 1541 2045 Scriptura
1561 1966 1754 2043 docet,
1773 1954 2007 2032 omnes-

369 2048 802 2136 quepervitam
823 2062 882 2114 et
908 2069 1103 2113 mores
1121 2070 1258 2116 suos
1285 2053 1653 2117 sanctitatem
1677 2059 1999 2136 consecuti,

370 2135 777 2225 testimonium
805 2139 1024 2203 ferunt.
1045 2142 1227 2203 Porro
1258 2150 1595 2205 sanctorum
1628 2145 1754 2207 laus
1783 2135 2000 2225 omnis,

359 2235 417 2283 et
445 2222 753 2289 beatitudo
784 2228 879 2290 his
908 2228 1137 2291 duobus
1161 2239 1410 2306 constat,
1445 2234 1769 2296 orthodoxa
1790 2236 1929 2311 ﬁde,
1946 2222 2005 2300 et

358 2311 644 2376 laudabili
666 2315 802 2380 vita.
826 2315 972 2379 Item
1003 2318 1160 2380 dono
1192 2320 1379 2382 sancti
1410 2321 2000 2402 Spiritus,etcharis-

2090 1799 2196 1861 pro
2219 1780 2442 1843 viribus
2462 1783 2678 1847 vestris
2701 1783 3150 1864 consectemini,
3176 1792 3232 1846 et
3248 1795 3534 1863 quantum
3561 1789 3732 1863 pote-

2087 1869 2215 1945 stis,
2231 1870 2692 1952 sanctievadite,
2709 1872 2759 1933 si
2780 1873 2953 1934 modo
2981 1873 3471 1935 communionem
3498 1889 3730 1933 mecum

2087 1958 2312 2022 habere
2355 1962 2729 2026 desideratis.
2764 1965 2884 2041 Ego
2938 1967 3096 2026 enim
3147 1973 3384 2026 sanctus
3429 1982 3583 2036 sum,
3618 1963 3732 2023 hoc

2088 2056 2199 2122 est,
2233 2069 2437 2130 purus,
2458 2051 2995 2129 ‘incontaminatus,
3027 2052 3205 2134 idque
3229 2052 3587 2115 natura.Vos
3617 2070 3728 2112 au-

2086 2145 2202 2198 tem
2224 2138 2284 2200 in
2302 2140 2600 2203 mandatis
2622 2140 2773 2202 meis
2798 2141 3196 2222 exsequendis
3221 2141 3293 2203 ab
3317 2140 3730 2220 inquinamen-

2085 2226 2162 2288 tis
2186 2236 2563 2308 peccatorum
2583 2229 2976 2311 abstinentes,
3002 2231 3235 2312 meique
3259 2230 3580 2312 participes
3608 2246 3735 2309 gra-

2085 2315 2167 2379 tia
2212 2318 2468 2398 Spiritus
2511 2320 2629 2381 mei
2674 2319 2833 2400 facti,
2883 2322 3072 2382 sancti
3111 2339 3346 2401 quoque
3380 2320 3569 2382 eritis.
3605 2318 3730 2380 Hoc
3802 2394 3807 2399 ι

361 2409 585 2495 ωειῑιιλιῃ
618 2406 772 2486 ejus,
807 2405 1039 2495 duobus
1064 2407 1222 2471 enim
1255 2408 1349 2471 his
1367 2410 1479 2472 hoc
1499 2412 1737 2473 tertium
1764 2415 2008 2495 copula-
2093 2406 2252 2467 enim
2276 2406 2390 2468 sibi
2420 2409 2563 2483 vult,
2594 2409 2810 2472 Estote.
2840 2410 2990 2487 Ergo
3012 2410 3163 2471 mala
3189 2409 3470 2489 fugiendo
3497 2417 3554 2469 et
3576 2406 3734 2469 bona

363 2499 480 2552 tur.
514 2493 666 2555 Nam
697 2513 830 2557 cum
862 2494 993 2576 quis
1016 2495 1193 2559 vitam
1228 2497 1403 2576 bene,
1437 2507 1495 2561 et
1523 2519 1656 2562 cum
1688 2493 2008 2567 amofeDei
2091 2495 2393 2575 operando
2422 2496 2489 2557 ﬁt
2518 2506 2755 2558 sanctus
2785 2498 2962 2560 homo
2992 2518 3006 2561 :
3043 2517 3162 2560 non
3193 2498 3360 2579 quasi
3383 2496 3627 2560 omnino
3660 2514 3732 2557 ex

363 2578 649 2656 traduxit,
686 2601 820 2644 cum
847 2600 1028 2646 sensu
1060 2584 1417 2675 orthodoxe,
1440 2594 1497 2649 et
1525 2589 1708 2667 gratia
1730 2590 2001 2675 donatus,
2091 2584 2371 2665 operibus
2392 2587 2799 2675 sanctiﬁcetur
2815 2586 2982 2668 (Non
3020 2593 3182 2650 enim
3184 2578 3624 2669 justi/imbitur
3652 2602 3732 2647 ea:

365 2674 542 2748 atque
562 2687 596 2731 a
619 2671 743 2758 Deo
770 2690 877 2752 per
901 2672 1090 2734 sancti
1110 2673 1362 2755 Spiritus
1393 2675 1617 2738 donum
1648 2671 2006 2757 gloriﬁcatué
2089 2675 2369 2753 operibus
2397 2674 2545 2755 legis
2587 2678 2783 2739 omnis
2819 2683 3029 2738 anima
3055 2679 3163 2753 51),
3197 2677 3300 2739 sed
3342 2681 3480 2758 quia
3522 2682 3728 2737 sancto

367 2757 824 2847 e_st,,comitatur
853 2760 1020 2824 illum
1049 2761 1198 2839 laus,
1233 2778 1291 2824 et
1318 2762 1393 2826 ab
1423 2765 1587 2826 omni
1613 2765 1875 2830 fidelium
1894 2771 2006 2834 Ec-
2086 2762 2210 2825 Det-
2240 2782 2346 2845 per
2374 2764 2716 2845 hujusmodi
2759 2766 3058 2827 actionum
3090 2757 3626 2847 frequentationem
3660 2781 3725 2824 se

361 2843 562 2940 clesia,
597 2847 1097 2940 ab_omnibusque
1125 2852 1423 2930 magistris
1453 2855 1584 2935 ejus
1613 2855 1820 2921 beatus
1852 2878 1998 2940 prae-
2084 2843 2377 2934 adjungit,
2413 2843 2669 2934 eumque
2697 2853 2809 2917 sibi
2839 2856 3140 2917 conciliat.
3170 2843 3294 2919 Hoc
3326 2874 3501 2937 porro
3542 2852 3723 2914 etiam

362 2931 617 3028 dicatur.
648 2935 796 3028 Fide
817 2947 1037 3017 autem,
1055 2947 1114 3002 et
1135 2941 1417 3022 operibus
1446 2931 1704 3025 perfecte
1730 2931 2002 3028 nonsup-
2083 2931 2311 3019 ad'eos,
2345 2943 2446 3024 qui
2469 2931 2596 3024 jaﬂl
2627 2941 2900 3023 ζδρίτὶιιιε
2947 2944 3191 3023 gratiam
3241 2931 3626 3025 δοίῖθρθΐυηῑν
3662 2947 3722 3003 θῑ

357 3022 591 3119 positis,
611 3026 976 3090 adorandum
1003 3048 1073 3090 ac
1097 3030 1359 3092 divinum
1374 3022 1661 3114 scriptum
1692 3022 1991 3119 advenire,
2014 3062 2054 3112 ο
2082 3032 2286 3113 ιῐιειείίς⁸
2307 3022 2547 3113 quidem
2577 3022 2894 3096 Dominum
2926 3022 3129 3096 dicere
3158 3022 3406 3115 opinor:
3427 3032 3540 3106 QUi
3564 3050 3721 3112 Pm-

353 3120 412 3202 et
481 3113 706 3176 donum
756 3118 884 3197 ejus
937 3121 1207 3199 accipere
1263 3113 1617 3202 quemquam
1677 3113 1986 3190 hominum

348 3199 720 3283 impossibile
751 3214 868 3288 est;
903 3209 1054 3270 sicut
1084 3209 1256 3270 etiam
1286 3199 1526 3271 Sanctus
1552 3212 1809 3274 Jacobus
1850 3215 1935 3280 ait
1969 3238 1982 3278 :

355 3291 517 3381 Quid
538 3294 818 3373 proderit
839 3297 1058 3375 fratres
1088 3300 1230 3379 mei,
1280 3301 1337 3361 si
1365 3300 1693 3379 quisldirat
1720 3303 1896 3381 ﬁdem
1922 3324 1987 3369 se

345 3377 586 3456 habere,
600 3400 787 3472 opera
818 3393 1022 3449 autem
1049 3386 1191 3465 ﬁdei
1217 3377 1344 3449 non
1371 3377 1634 3451 habeat?
1661 3377 1808 3452 num
1830 3393 1985 3472 fides

350 3485 487 3531 eum
519 3471 759 3535 salvare
776 3479 966 3554 potest
991 3477 1018 3537 ?
1042 3473 1354 3551 Quomodo
1400 3479 1558 3539 enim
1607 3471 1838 3560 corpus
1853 3484 1987 3546 sine

347 3560 565 3637 spiritu
586 3568 893 3625 mortuum
915 3569 1020 3638 est,
1037 3570 1124 3627 sic
1138 3564 1288 3644 ﬁdes
1298 3568 1432 3629 sine
1447 3568 1988 3648 operibusmortua

348 3648 515 3744 est‘i
645 3650 862 3744 iterum
892 3671 907 3715 :
942 3652 1017 3717 Si
1035 3656 1232 3734 frater
1261 3662 1368 3719 aut
1395 3657 1584 3719 Soror
1610 3661 1765 3722 nudi
1786 3667 1990 3744 sint,et

347 3739 706 3828 quotidiana
722 3743 880 3804 victu
902 3749 1145 3822 egeant,
1177 3744 1339 3807 dicat
1369 3753 1572 3808 autem
1601 3747 1825 3828 aliquis
1851 3739 1989 3815 ves-

345 3830 508 3889 trum
520 3826 671 3910 illis,
686 3828 777 3893 Ite
798 3831 865 3892 in
875 3848 1044 3911 pace,
1067 3834 1496 3911 calefacimini,
1511 3843 1566 3898 et
1590 3826 1932 3902 saturamin
1942 3842 1985 3916 i,

339 3931 460 4012 non
469 3917 715 4012 dederit
734 3926 935 4012 autem
949 3923 1033 3983 eis
1048 3940 1195 4012 qua:
1209 3927 1555 3987 necessaria
1569 3934 1709 3987 sunt
1725 3933 1982 4012 corpori,

338 4006 486 4084 quid
495 4007 804 4086 proderit?
813 4010 901 4072 sic
916 4016 969 4073 et
980 4011 1148 4089 ﬁdes,
1164 4013 1286 4075 nisi
1295 4030 1473 4093 opera
1485 4014 1724 4091 habeat,
1739 4006 1985 4082 mortua

337 4100 510 4184 estin
528 4098 854 4179 semetipsa
867 4100 951 4157 45.
971 4100 1109 4162 Haec
1134 4110 1193 4163 et
1213 4100 1475 4165 Joannes
1496 4106 1826 4184 apostolus:
1863 4107 1982 4171 Fi-

2072 3129 2272 3209 cipere
2302 3125 2553 3200 videtur,
2606 3144 2725 3187 non
2776 3127 3080 3190 ﬁdendum
3105 3128 3286 3203 dono,
3315 3135 3373 3189 et
3395 3145 3500 3208 per
3546 3124 3722 3189 desi-

2070 3219 2229 3282 diam
2264 3214 2336 3277 ad
2354 3214 2489 3276 vitia
2502 3222 2557 3276 et
2575 3224 2816 3296 peccata
2836 3216 3232 3298 redeundum,
3253 3230 3312 3278 et
3335 3216 3721 3297 quodammo-

2069 3307 2144 3368 do
2158 3304 2249 3367 his
2266 3303 2347 3364 uti
2364 3303 2579 3365 verbis.
2596 3305 2757 3366 Heus
2770 3311 2828 3365 tu
2845 3304 3281 3384 spiritualis,ne
3299 3314 3354 3367 te
3370 3305 3487 3367 otio
3506 3303 3714 3377 dedas,

2068 3394 2168 3476 qui
2195 3394 2439 3473 gratiam
2471 3392 2973 3474 sancti,Spiritus,
2998 3402 3056 3456 et
3093 3412 3199 3475 per
3219 3395 3382 3457 illam
3410 3412 3505 3456 me
3536 3410 3712 3455 acce-

2070 3484 2230 3566 pisti.
2283 3480 2477 3546 Otium
2526 3483 2686 3546 enim
2746 3492 2988 3565 generat
3040 3485 3388 3567 nequitiam,
3449 3482 3715 3565 nequitia

2072 3592 2250 3636 omne
2307 3590 2493 3652 genus
2542 3573 2815 3635 vitiorum
2871 3583 3168 3656 procreat.
3200 3575 3495 3639 Mandatis
3538 3573 3718 3654 igitur

2073 3660 2338 3742 quotidie
2388 3661 2697 3724 servandis
2736 3670 2977 3724 sanctus
3006 3670 3153 3735 esto,
3188 3663 3486 3744 siquidem
3521 3681 3615 3723 me
3649 3661 3711 3722 in

2073 3758 2153 3826 te,
2192 3759 2252 3812 et
2285 3759 2505 3825 tecum,
2541 3751 2688 3830 et:te
2718 3751 2780 3812 in
2813 3770 2926 3824 me,
2957 3758 3017 3813 et
3049 3770 3281 3813 mecum
3313 3771 3444 3814 esse
3474 3750 3582 3814 vis.
3604 3749 3712 3811 Ni-

2069 3838 2150 3901 hil
2184 3843 2344 3901 enim
2370 3845 2520 3900 adeo
2552 3857 2620 3901 ex
2652 3839 2930 3901 omnibus
2960 3839 3306 3903 inconstans
3337 3847 3394 3901 et
3427 3838 3713 3901 mutabile

2070 3935 2178 4001 est,
2215 3936 2278 3989 ut
2323 3944 2491 3988 mens
2537 3929 2820 4004 humana,
2875 3936 2997 3991 tum
3048 3928 3304 4010 denique
3352 3927 3709 4004 consistens,

2067 4036 2200 4079 cum
2232 4016 2407 4079 ﬂuxis
2437 4023 2497 4077 et
2526 4018 2764 4098 creatis,
2799 4030 2858 4079 et
2888 4036 3021 4099 quas
3050 4026 3379 4080 cernuntur
3425 4016 3711 4080 omnibus

2064 4106 2328 4187 rejectis,
2361 4105 2639 4169 tenebras
2662 4107 2878 4188 quibus
2908 4107 3402 4170 circumfunditur
3434 4115 3710 4188 pertran-

336 4181 492 4258 lioli,
509 4202 632 4248 non
652 4186 989 4266 diligamus
1009 4189 1210 4265 verba,
1230 4208 1421 4271 neque
1438 4181 1676 4273 lingua,
1690 4194 1796 4256 sed
1808 4212 1981 4275 opere
1997 4270 2032 4275 _
2065 4181 2235 4258 sierit

336 4279 397 4334 et
415 4275 763 4338 ueritate”.
776 4277 857 4339 Et
879 4293 898 4337 :
921 4276 995 4339 In
1015 4276 1124 4341 hoc
1146 4270 1569 4356 cognoscimus,
1590 4270 1881 4360 quoniam
1901 4302 1976 4348 ex
1997 4270 2043 4321 D
2139 4282 2429 4356 Quoniam
2455 4301 2590 4344 vero
2616 4282 2739 4347 haec
2763 4283 2844 4346 ita
2873 4303 2938 4347 se
2959 4285 3205 4361 habent,
3234 4293 3289 4347 et
3319 4303 3488 4346 mens
3505 4302 3604 4347 res
3620 4293 3712 4347 est

336 4363 593 4425 veritate
620 4374 923 4445 sumus,et
964 4367 1032 4428 in
1071 4376 1387 4448 conspectu
1426 4370 1554 4449 ejus
1591 4372 1978 4437 suadebimus

335 4451 522 4513 corda
538 4460 763 4525 nostra,
775 4457 1061 4535 quoniam
1083 4458 1139 4519 si
1147 4458 1596 4538 reprehenderit
1610 4478 1721 4523 nos
1735 4478 1839 4524 cor
1849 4482 1978 4527 nos.-

333 4545 526 4615 trum,
549 4544 747 4620 major
765 4550 854 4607 est
873 4543 1024 4607 Deus
1042 4545 1218 4609 corde
1233 4550 1724 4622 nostro,'etnovit
1746 4556 1972 4617 omnia.

327 4625 404 4721 Si
430 4632 591 4721 enim
602 4647 714 4721 cor
735 4639 1013 4696 nostrum
1036 4652 1162 4697 non
1192 4636 1652 4715 reprehenderit
1668 4657 1799 4715 nos,
1812 4641 1976 4721 ﬁdu-

328 4715 487 4808 ciam
514 4716 804 4783 habemus
833 4724 910 4784 ad
945 4724 1159 4805 Deum,
1191 4731 1247 4787 et
1275 4726 1576 4804 quidquid
1606 4715 1976 4808 petierimus,

326 4807 715 4885 accipiemus,
736 4813 1023 4891 quoniam
1045 4814 1351 4876 mandata
1381 4818 1512 4893 ejus
1538 4807 1906 4883 custodimus
1928 4829 1983 4886 et

325 4910 398 4955 ea
409 4910 478 4955 ea
491 4912 625 4975 qua
644 4906 784 4960 sunt
801 4899 1037 4980 placita
1047 4920 1257 4964 coram
1274 4920 1344 4964 eo
1363 4905 1622 4981 facimus
1643 4907 1725 4965 47.
1741 4911 1803 4970 Et
1823 4909 1981 4972 :Hoc

324 4986 417 5043 est
444 4985 808 5048 mandatum
827 4989 1063 5067 ejus,ut
1094 4990 1418 5054 credamus
1450 4993 1516 5054 in
1553 4996 1807 5059 nomine
1836 4997 1981 5061 Filii

325 5069 460 5164 ejus
476 5072 623 5136 Jesu
646 5072 899 5143 Christi,
918 5084 974 5141 et
998 5096 1299 5141 seruemus
1312 5082 1601 5145 mandata
1627 5086 1849 5164 ejus48.
1863 5088 1914 5149 Ε
1918 5097 1940 5152 t
1957 5136 1970 5149 .

327 5158 455 5250 Qui
466 5170 667 5250 servat
682 5171 976 5229 mandata
990 5169 1137 5248 ejus,
1167 5170 1233 5231 in
1261 5169 1382 5232 Deo
1405 5180 1628 5250 manet,
1649 5158 1705 5237 ἐι
1729 5177 1884 5240 Deus
1911 5185 1977 5241 in

320 5247 494 5339 eo.I_n
508 5249 621 5313 hoc
639 5258 844 5316 autem
864 5247 1477 5339 cognoscimusquod
1498 5264 1560 5323 in
1581 5247 1756 5326 nobis
1779 5276 1986 5331 manet

318 5353 404 5399 ese
421 5336 665 5419 Spiritu
700 5358 873 5420 quem
912 5344 1078 5407 dedit
1114 5346 1287 5410 nobis
1303 5336 1387 5412 59.
1406 5346 1554 5410 Nam
1599 5351 1648 5411 si
1692 5348 1972 5433 Spiritus,

392 5553 527 5639 ﬁl
578 5557 715 5639 Cor.
774 5575 837 5639 tt,
894 5564 958 5625 9.

2059 4390 2299 4454 semper
2331 4373 2595 4444 mobilis,
2625 4393 2925 4455 nunquam
2961 4376 3113 4456 potis
3132 4375 3540 4456 requiescere,
3574 4393 3705 4436 eam

2061 4461 2400 4544 sallicitam,
2436 4463 2887 4544 divinarumque
2934 4465 3128 4544 legum
3187 4464 3514 4526 studiosam
3576 4482 3707 4525 esse

2060 4560 2317 4628 oportet,
2353 4570 2485 4612 cum
2518 4550 2741 4633 alioqui
2765 4553 2879 4615 vita
2906 4555 3103 4615 omnis
3133 4554 3393 4615 humana
3422 4553 3708 4616 sollicitu-

2059 4637 2264 4699 dinum
2299 4649 2355 4700 et
2378 4659 2651 4702 curarum
2686 4641 2862 4722 plena
2889 4642 2988 4718 sit,
3024 4652 3081 4705 et
3112 4662 3179 4705 ex
3212 4661 3278 4704 re
3320 4643 3485 4706 nulla
3514 4644 3707 4723 possit

2060 4727 2321 4808 quietem
2375 4748 2609 4812 capere,
2664 4750 2999 4812 quanquam
3032 4732 3092 4793 id
3142 4732 3312 4794 mulli
3343 4750 3522 4813 supra
3552 4731 3708 4792 vires

2060 4834 2196 4878 suas
2234 4817 2692 4901 facultatemque
2741 4821 3181 4884 contenderunt
3239 4821 3392 4895 Quin
3422 4820 3495 4881 ab
3531 4819 3707 4881 initio

2061 4924 2133 4967 ea
2154 4907 2499 4970 conditione
2531 4909 2805 4972 conditus
2828 4923 2919 4973 est
2940 4911 3141 4973 homo.
3176 4910 3432 4991 Operari
3456 4910 3617 4971 enim
3640 4918 3699 4970 et

2060 4995 2361 5058 custodire
2395 4997 2731 5078 paradisum
2756 4999 2958 5080 jussus
2987 5008 3076 5062 est
3118 5000 3402 5079 Adamus,
3454 5007 3512 5060 et
3554 4997 3696 5059 dnm

2058 5088 2129 5149 ad
2163 5088 2536 5154 honestatem
2583 5110 2913 5166 movemur,
2964 5102 3172 5155 natura
3221 5109 3559 5173 Operamur.
3589 5088 3701 5163 Qui

2058 5175 2282 5258 itaque,
2302 5179 2421 5242 otio
2439 5187 2498 5243 et
2520 5180 2752 5243 inertiae
2772 5181 3002 5263 seipsos
3023 5181 3416 5262 tradiderunt,
3441 5183 3698 5264 quicun-

2059 5284 2174 5345 que
2203 5266 2442 5337 fuerint,
2475 5267 2698 5349 aiioqui
2729 5271 2919 5332 sancti
2948 5278 3006 5332 et
3034 5269 3397 5351 spirituales,
3419 5270 3479 5331 in
3513 5270 3696 5333 aﬂ‘ec-

2060 5358 2251 5419 tiones
2278 5365 2502 5419 natura;
2521 5375 2729 5438 parum
2750 5368 3184 5421 consentaneas
3204 5378 3269 5421 se
3300 5359 3693 5441 praecipitant.

1044 5561 1289 5656 £139;
1322 5582 1513 5656 guilty,
1566 5567 1779 5656 14:26.
1835 5570 2130 5656 _f5__Ibid.
2169 5577 2387 5641 15—17.
2474 5577 2591 5644 4θί
2646 5581 2814 5644 Joan.
2873 5580 3099 5656 111,18.
3184 5578 3246 5630 4⁷
3282 5577 3432 5645 Ibid.
3474 5577 3694 5646 {9-23.

305 5635 684 5705 *θυήειλᾶ
772 5635 1146 5708 ισίῢίά.24.
1227 5635 1748 5725 ωιθνίιζιι,44.
1834 5635 1992 5718 arce

2075 5635 2130 5723 ἶ(
2149 5635 2353 5736 [£16.-
