4112 6106
362 252 471 318 411

1664 264 2046 334 8ΥΜΕΟΝΙ8
2081 261 2432 336 JUNIORIS

3618 279 3739 345 412

358 382 433 496 με
456 384 616 447 enim
636 387 771 449 fons
802 407 1134 470 perennem
1159 413 1374 476 aquam
1399 399 1756 473 scaturiens,
1783 401 1834 462 si
1859 419 2009 482 pau-
2027 420 2079 459 Α
2097 399 2428 484 deuterque
2477 426 2742 492 oremus,
2778 385 2891 473 uti.
2914 431 3158 493 prorsus
3178 431 3211 477 a
3243 413 3415 476 nobis
3451 432 3529 476 ne
3551 431 3734 496 sepa-

359 471 482 535 lum
538 477 894 567 constiterit,
957 471 1311 565 exsiccatus,
1363 503 1476 548 nec
1524 487 1649 567 jam
1694 471 2009 566 fons,.sed

363 562 530 624 fovea
577 565 771 644 potius
822 575 912 630 est
965 587 978 632 :
1029 569 1113 632 ita
1161 573 1262 652 qui
1296 562 1618 639 mandatis
1674 562 2012 641 factitandis

358 668 600 746 semper
633 673 700 715 se
731 667 963 746 purgat,
1000 668 1059 720 et
1093 679 1160 722 ex
1192 661 1316 724 Deo
1368 674 1654 746 purgatus
1685 686 1754 730 ac
1785 669 2009 732 sancti-

357 741 565 804 ﬁcatus
595 751 706 835 est,
759 745 810 808 si
863 747 936 810 ab
989 741 1384 814 exsecutione
1401 741 1643 835 paulum
1673 757 2004 831 deflexerit,

359 848 465 910 pro
501 833 777 912 portione
809 837 985 899 etiam
1017 859 1049 899 a
1084 833 1708 907 sanctitate—deflectit.
1736 846 1847 919 Qui
1867 867 2006 910 vero

360 937 493 980 cum
519 940 636 984 uno
667 925 922 1004 quodam
950 938 1190 1008 peccato
1224 931 1422 995 sciens
1454 933 1631 997 simul
1662 935 2002 1013 abducitur,

357 1013 517 1106 totus
543 1029 576 1070 e
602 1013 854 1092 puritate
885 1017 1107 1079 excidit
1136 1039 1151 1093 ;
1184 1018 1339 1082 sicut
1361 1028 1418 1084 et
1439 1041 1537 1085 vas
1569 1043 1738 1105 aquae
1762 1026 2002 1106 plenum

360 1097 594 1161 modico
625 1119 794 1164 coeno
827 1112 1012 1166 totum
1043 1106 1417 1188 inquinatur.
1470 1113 1595 1174 Nec
1626 1097 1832 1176 'solu'm
1860 1134 2001 1195 pec-

357 1192 765 1285 catum_,_quod
799 1213 906 1285 per
936 1214 1153 1276 corpus
1181 1197 1536 1272 admittitur,
1570 1202 1678 1264 sed
1708 1203 1823 1265 alia
1846 1192 1999 1285 quo-

358 1291 474 1370 que
502 1277 665 1356 vitia,
701 1300 828 1370 quae
851 1281 1010 1345 intra
1039 1303 1148 1346 nos
1174 1305 1281 1366 per
1306 1307 1414 1350 nos
1446 1277 2001 1370 perpetrantur,nec

356 1361 656 1456 videntur,
709 1369 1002 1453 intelligo,
1057 1361 1264 1436 vanum
1325 1361 1600 1456 gloriam,
1663 1361 2002 1445 hominibus

359 1451 635 1551 placendi
682 1451 1397 1551 studium-superbiam,
1459 1467 1712 1551 fastum,
1765 1471 2001 1550 jactan-

359 1539 525 1633 tiam,
583 1539 961 1625 hypocrisin,
1013 1539 1281 1615 amorem
1343 1539 1711 1632 dominandi,
1765 1539 1999 1633 dolum,

359 1631 806 1726 malignitatem,
857 1638 1086 1715 odium,
1146 1643 1482 1723 perﬁdiam,
1530 1631 1842 1726 invidiam,
1878 1631 2062 1724 eia-‘3

363 1718 852 1812 tionem,zelum,
895 1729 985 1789 sui
1016 1718 1533 1811 com'placentinm,
1587 1755 1851 1798 amorem
1883 1739 1996 1812 sui,

357 1811 842 1889 contentionem,
897 1817 1325 1898 insipientiam,
1380 1831 1438 1884 et
1484 1825 1744 1906 reliquas
1794 1811 2002 1890 omnes

360 1899 668 1978 passiones
716 1903 1078 1983 ignominiaa,
1132 1928 1263 1989 quae
1311 1910 1372 1971 in
1422 1899 1994 1994 anima-operantur,

355 2005 391 2080 ἓ
433 1988 647 2068 quibus
678 2001 735 2052 et
767 1996 1051 2075 propheta
1104 1988 1282 2059 David
1331 1999 1574 2062 liberari
1623 1988 1998 2080 desiderans,

351 2073 539 2138 Deum
571 2081 815 2159 rogabat
855 2073 917 2143 in
945 2085 1106 2147 hunc
1142 2087 1382 2148 modum
1411 2108 1424 2152 :
1459 2091 1553 2152 Ab
1582 2093 1828 2154 occultis
1853 2073 2002 2156 meis

354 2169 587 2229 munda
618 2187 736 2246 me,
762 2174 917 2235 etab
947 2176 1170 2238 alienis
1198 2194 1387 2256 parce
1425 2197 1596 2242 servo
1643 2188 1760 2244 tuo.
1795 2183 1862 2247 Si
1883 2185 2003 2245 mei

354 2271 480 2316 non
536 2257 1034 2338 dominabuntur,
1087 2272 1227 2325 tunc
1286 2267 1718 2332 immaculatus
1766 2289 1888 2343 ero,
1941 2279 2002 2333 et

353 2345 743 2409 mundabora
759 2349 968 2414 dilecto
998 2354 1270 2414 maximo
1291 2355 1370 2418 59.
1395 2355 1466 2416 Et.
1494 2377 1508 2417 :
1533 2359 1662 2422 Fiat
1684 2377 1788 2421 cor
1807 2377 1996 2422 meum

351 2433 818 2500 immaculatum.
834 2445 897 2500 in
916 2442 1456 2521 iustiﬁcationibus
1475 2449 1615 2522 tuis,
1643 2455 1701 2510 et
1730 2467 1853 2510 non
1865 2467 2000 2511 con-

350 2522 595 2599 fundar
628 2528 711 2589 53.
757 2527 824 2589 Et
869 2547 1101 2590 rursum
1132 2549 1144 2593 :
1181 2533 1611 2596 Cormumlnm
1633 2555 1772 2599 crea
1793 2539 1861 2599 in
1880 2557 1994 2613 me,

351 2609 599 2686 θεας,σί
614 2619 897 2695 spiritum
920 2627 1155 2681 rectum
1179 2623 1403 2684 innova
1427 2626 1490 2685 in
1512 2609 2000 2689 visceribusmeis

348 2700 530 2764 54.Et:
561 2704 799 2784 Spiritu
815 2707 1140 2787 principali
1161 2711 1456 2790 conﬁrma
1481 2731 1572 2774 me
1591 2712 1820 2786 55.0uae
1839 2715 1997 2776 enim

352 2791 598 2869 utilitas,
620 2797 854 2872 fratres,
875 2797 1142 2859 laborum
1166 2802 1590 2884 corporalium,
1607 2805 1656 2865 si
1678 2824 1823 2885 opus
1840 2805 1998 2867 inte-

354 2880 484 2942 rius
509 2894 897 2965 postponatur
916 2887 945 2946 ‘I
977 2893 1065 2948 An
1093 2908 1208 2948 non
1232 2880 1508 2952 audimus
1528 2880 1771 2954 Paulum
1798 2894 1999 2956 dicen-

2092 497 2280 586 retur,
2313 512 2460 556 neve
2493 498 2649 561 sinat
2678 518 2785 562 nos
2812 500 2975 563 abire
3005 521 3039 564 a
3069 501 3185 585 via,
3209 503 3311 585 qui
3339 511 3430 566 est
3450 502 3734 586 ipsemet,

2092 578 2194 658 qui
2224 580 2372 643 dixit
2390 605 2406 646 ;
2430 584 2562 665 Ego
2583 605 2718 650 sum
2738 590 2860 667 via,
2875 578 3309 656 resurrectio—et
3327 578 3736 656 vitaMHunc

2092 683 2232 746 ergo
2274 673 2675 759 exquiramus,
2710 679 2868 740 hunc
2902 683 3228 758 praevenire
3268 681 3636 762 studeamus,
3673 692 3736 743 ut

2091 756 2269 851 etiam
2305 760 2469 824 illum
2505 756 2830 829 teneamus.
2876 756 3043 841 Quod
3091 770 3140 830 si
3177 772 3392 832 factum
3435 756 3636 851 fuerit,
3673 781 3736 832 et

2089 845 2162 906 ad
2195 848 2324 927 ejus
2371 854 2708 934 exemplum
2751 859 2924 918 vitam
2973 866 3235 920 nostram
3271 845 3730 940 instituerimus,

2091 953 2210 996 non
2259 939 2448 1002 solum
2497 962 2634 1005 cum
2681 946 2820 1008 hinc
2873 947 3380 1026 emigraverimus,
3414 947 3520 1009 sed
3569 939 3728 1008 nunc

2088 1024 2264 1086 etiam
2317 1027 2378 1090 in
2430 1032 2642 1094 coelum
2693 1054 2826 1097 cum
2881 1024 3016 1116 ipso
3056 1035 3473 1117 ascendemus,
3506 1044 3567 1097 et
3604 1055 3729 1098 una

2085 1130 2460 1181 assumemur
2494 1139 2508 1184 :
2545 1123 2664 1185 imo
2689 1125 2885 1205 potius
2916 1126 3043 1206 ipse
3064 1144 3172 1187 nos
3193 1145 3392 1188 secum
3427 1125 3724 1199 sustollet,

2086 1209 2144 1263 et
2187 1205 2572 1354 glorificabit,
2637 1221 2696 1275 et
2747 1205 2992 1276 donabit
3037 1214 3314 1277 felicitate
3367 1214 3732 1296 sempiterna

2086 1309 2188 1354 ner
2214 1311 2330 1354 rur.

2084 1309 2330 1380 pertrur.

2669 1394 2947 1460 ORATIO
3010 1395 3166 1459 XXI.

2705 1506 3126 1553 ARGUMENTUM.

2097 1570 2454 1662 Videndum,
2487 1582 2698 1660 ecquid
2741 1584 3110 1658 beatudines,
3157 1583 3232 1645 de
3259 1581 3475 1662 quibus
3503 1581 3731 1647 locutus

2164 1663 2251 1717 est
2272 1657 2578 1735 Grhz‘stus,
2599 1664 2666 1724 in
2687 1665 2860 1726 nobis
2884 1657 3210 1726 habeamus
3237 1657 3388 1734 {eos
3419 1664 3584 1724 enim
3601 1681 3731 1726 esse

2163 1736 2458 1824 indiciam
2482 1742 2812 1824 signaculi,
2845 1754 2899 1806 et
2934 1745 3337 1824 proprietates
3366 1743 3730 1806 characteris

2165 1816 2314 1901 ejus.
2373 1819 2489 1892 Qui
2523 1816 2694 1901 signo
2739 1816 2969 1886 Christi
3011 1816 3290 1900 signatus
3324 1840 3447 1884 non
3486 1832 3598 1896 est,
3623 1842 3729 1885 nec

2162 1896 2599 1984 cli/tractarem
2617 1903 2786 1964 illius
2829 1911 2895 1966 in
2934 1922 2998 1966 se
3035 1896 3173 1982 fert,
3207 1903 3366 1965 hunc
3391 1905 3457 1965 in
3477 1921 3728 1984 regnum

2165 1976 2448 2040 enatorum
2485 1982 2748 2044 introire
2781 1976 3135 2064 neutiquam
3158 2001 3349 2063 posse.

2167 2080 2514 2166 Quicunque
2555 2089 2722 2168 signo
2773 2091 3007 2152 Domini
3056 2109 3124 2151 ac
3155 2088 3286 2164 Dei,
3323 2096 3380 2150 et
3405 2087 3725 2152 Salvatoris

2083 2170 2271 2229 nostri
2299 2172 2437 2234 Jesu
2465 2173 2704 2253 Christi,
2740 2178 2953 2258 signati
2985 2197 3101 2239 non
3135 2196 3360 2252 sumus,
3413 2196 3724 2240 curramus

2084 2266 2146 2319 ut
2175 2258 2497 2336 signemur.
2533 2263 2883 2348 Quicunque
2905 2267 3169 2346 insigniti
3195 2285 3314 2326 non
3337 2285 3564 2343 sumus,
3586 2273 3727 2328 nota

2081 2347 2322 2427 Spiritus
2366 2351 2635 2429 insigniri
2669 2374 3078 2436 praperemus.
3116 2358 3270 2416 Mors
3302 2354 3462 2416 enim
3493 2354 3554 2415 in
3589 2355 3724 2416 ani-

2083 2454 2208 2496 mas
2241 2440 2673 2517 primitivorum
2726 2445 2779 2494 61
2836 2465 2940 2526 per
2985 2445 3331 2523 sanguinem
3385 2444 3631 2525 Christi,
3668 2453 3726 2506 et

2080 2524 2329 2600 gratiam
2361 2531 2716 2594 sanctissimi
2749 2524 3005 2615 Spiritus
3038 2553 3153 2595 non
3187 2533 3529 2594 dominatur
3563 2552 3576 2597 :
3613 2524 3726 2594 nec

2083 2611 2256 2692 lupus
2314 2617 2414 2696 qui
2465 2629 2662 2683 mente
2716 2611 3063 2704 percipitur,
3126 2621 3388 2700 sigillum
3441 2621 3727 2702 principis

2083 2711 2380 2781 pastorem
2411 2706 2652 2782 Christi,
2687 2731 2804 2791 quo
2849 2731 2986 2774 oves
3035 2730 3171 2773 suas
3201 2711 3436 2790 signare
3467 2729 3725 2772 consue-

2082 2791 2194 2881 vit,
2217 2803 2421 2856 contra
2469 2798 2685 2860 intueri
2734 2802 2933 2864 audet.
2989 2801 3213 2881 Itaque,
3242 2801 3453 2862 fratres
3483 2799 3714 2875 fideles,

2083 2879 2530 2964 divinarumque
2575 2907 2772 2950 rerum
2807 2891 3032 2972 cupidi,
3065 2879 3440 2963 festinemus,
3475 2895 3716 2966 agentes

351 2975 469 3033 tem
490 2990 503 3035 :
527 2975 874 3054 Corporalis
887 2978 1240 3067 exercitatio
1254 2979 1333 3040 ad
1351 2981 1654 3044 modicum
1673 2983 1897 3046 utilitis
1912 2991 1998 3046 est

2091 2976 2138 3067 et
2171 2970 2481 3034 molientes
2508 2979 2709 3038 omnia
2738 2999 2867 3060 qum
2889 2970 3135 3042 Christo
3159 2985 3290 3038 sunt
3312 2976 3544 3067 placita,
3562 2983 3624 3037 ut
3641 2973 3715 3036 ab

347 3062 540 3136 pietas
579 3072 784 3126 autem
822 3065 902 3127 ad
922 3067 1128 3127 omnia
1151 3067 1310 3130 56.Et
1333 3086 1602 3132 rursum:
1637 3070 2000 3135 Mundemus

348 3159 580 3212 nosmet
598 3153 754 3231 ipsos
771 3154 846 3216 ab
868 3160 1038 3216 omni
1057 3156 1520 3235 inquinamento
1533 3162 1743 3221 carnis
1753 3167 1808 3222 et
1823 3162 2000 3240 spiri-

356 3244 452 3300 tus
463 3238 775 3300 57.Eadem
790 3251 847 3302 et
869 3245 1329 3305 sanctusl’etrus
1350 3244 1562 3306 clamat
1582 3247 1637 3308 in
1654 3247 1779 3309 haec
1795 3238 1992 3310 verba:

353 3325 657 3392 Succincti
698 3333 928 3395 lumbos
973 3339 1188 3396 mentis
1221 3341 1451 3408 vestrae,
1493 3335 1685 3399 sobrii
1711 3338 1994 3417 perfecte,

351 3424 592 3494 sperate
607 3421 672 3480 in
687 3438 848 3495 eam,
871 3440 1004 3500 qua;
1024 3423 1287 3502 oﬁertur
1308 3425 1469 3484 vobis
1489 3427 1784 3504 gratiam,
1811 3427 1875 3486 in
1892 3443 1994 3488 re-

353 3505 709 3571 uelationem
723 3511 867 3572 Jesu
889 3510 1138 3586 Christi,
1156 3517 1331 3590 quasi
1349 3513 1468 3590 filii
1485 3515 1859 3588 obedientiaz,
1878 3533 1998 3577 non

353 3596 717 3675 conﬁgurati
731 3599 1040 3679 prioribus
1053 3602 1417 3681 ignorantite
1435 3610 1649 3664 vestra:
1660 3603 1990 3666 desideriis.

353 3684 462 3744 sed
497 3687 824 3750 secundum
853 3706 1012 3770 eum,
1037 3691 1144 3769 qui
1185 3691 1416 3751 vocavit
1458 3708 1581 3764 vos,
1610 3699 1907 3772 sanctum,
1941 3699 1999 3755 et

353 3773 471 3849 ipsi
483 3773 549 3835 in
571 3782 738 3837 omni
755 3783 1208 3840 conversatione
1225 3779 1422 3840 sancti
1433 3780 1588 3856 silis,
1606 3785 1660 3840 et
1676 3780 1999 3843 Dominum

352 3858 553 3924 Jesum
574 3866 945 3946 sanctiﬁcata
967 3867 1030 3928 in
1055 3866 1334 3928 cordibus
1359 3868 1836 3931 vestristcirco
1849 3871 1991 3930 scri-

349 3957 522 4030 ptum
547 3961 631 4015 est
654 3975 672 4016 :
699 3954 920 4018 Sancti
933 3962 1118 4019 estote
1137 3961 1557 4036 quoniamfego
1577 3967 1824 4020 sanctus
1839 3976 1992 4020 sum.

353 4039 455 4111 Et,
484 4047 539 4103 si
555 4050 788 4121 patrem
831 4047 1128 4108 invocatis
1163 4063 1322 4120 eum,
1355 4049 1461 4126 qui
1483 4047 1620 4108 sine
1653 4049 1999 4127 acceptione

348 4146 756 4208 personarum
813 4136 1061 4213 judicat
1126 4137 1459 4197 secundum
1528 4137 2000 4215 uniuscujusque

352 4235 522 4300 opus,
537 4221 604 4282 in
633 4224 850 4285 timore
872 4226 1168 4288 incolatus
1190 4227 1373 4287 vestri
1400 4235 1660 4305 tempore
1682 4243 1998 4289 conversa-

2081 3065 2208 3137 ipso
2231 3079 2466 3140 quoque
2489 3065 2724 3144 signati,
2751 3070 2824 3130 de
2843 3077 3054 3131 caetero
3080 3067 3210 3130 sine
3237 3073 3393 3126 metu
3414 3065 3673 3125 vivamus
3699 3084 3714 3126 :

2080 3147 2222 3226 quin
2256 3149 2455 3226 etiam,
2490 3164 2554 3216 ut
2585 3155 2659 3216 de
2693 3159 3033 3238 manwejus
3063 3153 3532 3217 misericordiam
3555 3152 3720 3214 acci-

2080 3235 2331 3316 piamus,
2359 3249 2416 3300 et
2439 3242 2601 3322 digni
2632 3235 2976 3321 habeamur,
3003 3245 3106 3327 qui
3135 3242 3480 3324 mysterium
3505 3241 3724 3306 Christi

2079 3344 2526 3404 cognoscamus.
2569 3333 2978 3414 Cognitionem
3028 3343 3223 3396 autem
3272 3331 3564 3409 intelligo,
3603 3350 3724 3392 non

2079 3434 2210 3494 quae
2254 3419 2432 3480 verbo
2483 3421 2763 3486 duntaxat
2819 3435 2877 3487 et
2929 3425 3229 3486 auditione
3277 3421 3528 3482 traditur
3563 3442 3576 3478 :
3611 3419 3724 3482 sed

2079 3522 2211 3584 qua:
2239 3505 2298 3566 in
2325 3507 2453 3587 ipso
2483 3528 2665 3590 Opere
2718 3522 2777 3574 et
2819 3517 3060 3576 actione
3105 3513 3322 3575 elucet.
3357 3508 3510 3570 Audi
3541 3508 3722 3585 igitur

2079 3597 2577 3675 quemadmodum
2645 3603 2899 3682 cognitio
2974 3601 3392 3683 mysteriorum
3446 3597 3724 3694 Debper

2081 3702 2251 3766 opus,
2286 3694 2342 3745 et
2372 3687 2662 3750 actionem
2695 3693 2757 3753 in
2789 3693 2959 3753 nobis
2991 3684 3716 3778 perspiciatupﬂChristus
3813 3775 3816 3778 ἢ

2083 3776 2241 3837 Deus
2272 3785 2473 3839 noster
2493 3797 2597 3858 per
2612 3781 2976 3858 evangelium
3010 3799 3180 3843 suum
3211 3774 3472 3860 quotidie
3500 3780 3712 3851 aperte

2081 3865 2322 3929 clamat:
2353 3867 2526 3930 Beati
2541 3887 2844 3950 pauperes
2861 3873 3106 3950 spiritu,
3132 3869 3423 3951 quoniam
3445 3866 3716 3943 ipsorum

2081 3963 2168 4016 est
2192 3974 2443 4036 regnum
2468 3958 2758 4022 caelorum
2772 3960 2849 4024 62.
2877 3961 3000 4022 Iloc
3021 3959 3253 4041 quoties
3272 3954 3550 4018 audimus
3571 3970 3714 4041 con-

2080 4043 2367 4119 siderare,
2398 4053 2456 4106 et
2484 4065 2590 4107 nos
2613 4047 2772 4127 ipsos
2804 4040 3119 4128 diligenter
3161 4052 3477 4142 executere
3524 4040 3714 4142 debe-l

2082 4151 2236 4213 mus,
2271 4153 2409 4194 num
2451 4153 2658 4196 revera
2707 4157 2995 4218 pauperes
3039 4133 3375 4199 istiusmodi
3407 4133 3618 4206 simus,
3659 4136 3726 4191 ut

2081 4220 2258 4282 etiam
2295 4231 2559 4284 nostrum
2593 4223 2668 4284 sit
2697 4245 2942 4306 regnum
2975 4227 3256 4289 cmlorum
3287 4246 3302 4300 ;
3335 4220 3484 4282 adeo
3518 4227 3579 4280 ut
3610 4237 3721 4279 nos

354 4309 510 4369 mini
541 4329 560 4368 :
591 4313 846 4374 scientes
877 4313 1036 4392 quod
1062 4332 1180 4375 non
1200 4313 1706 4394 corruptibilibus
1725 4305 2140 4387 auro,velDid
2207 4323 2331 4372 tulo
2377 4312 2683 4390 possidere
2727 4305 2925 4377 animo
2976 4314 3303 4377 sentiamus
3351 4310 3550 4391 itaque
3591 4308 3723 4386 ejus

355 4404 614 4474 argento
652 4401 954 4480 redempti
973 4407 1116 4463 estis
1144 4403 1222 4464 de
1252 4421 1411 4465 vanu
1441 4411 1645 4465 vestra
1667 4421 1997 4466 cvitversa-

350 4486 515 4547 tione
551 4494 827 4565 paternaa
868 4491 1243 4564 traditionis,
1271 4492 1373 4552 sed
1412 4494 1674 4570 pretioso
1696 4495 1998 4570 sanguine

353 4581 534 4654 quasi
547 4578 692 4656 agni
713 4579 1087 4641 immaculati
1111 4579 1336 4643 Christi
1357 4581 1922 4660 58.0ptemusigitur
1936 4589 1996 4644 et

353 4682 463 4725 nos
484 4672 603 4726 toto
625 4666 844 4744 animo,
865 4676 922 4729 et
945 4669 1058 4730 ﬁxa
1083 4669 1158 4730 sit
1179 4669 1498 4750 sententia,
1525 4689 1641 4730 non
1667 4669 1998 4752 decipi,aut

354 4751 430 4813 ab
461 4753 660 4832 aliqua
681 4757 1271 4838 corporis,animazve
1300 4751 1996 4838 perlurbationeineSca-

353 4840 427 4917 ri,
454 4851 512 4906 et
536 4843 781 4925 alligari,
817 4865 892 4907 ne
933 4864 1039 4927 per
1077 4865 1251 4907 unam
1285 4865 1387 4907 seu
1431 4865 1690 4926 parvam,
1729 4865 1834 4909 seu
1865 4866 1993 4910 ma-

354 4950 527 5010 gnam
543 4934 805 4998 mandati
830 4935 1360 5015 transgressionem
1383 4935 1543 4996 viain
1562 4936 1777 4998 cmlum
1799 4937 1996 4998 feren-

354 5029 412 5082 te
442 5023 804 5088 excidemus.
835 5023 948 5087 Sed
979 5044 1113 5086 cum
1154 5024 1675 5094 ambulaverunus,
1701 5044 1810 5087 nec
1835 5034 1992 5088 retro

350 5111 812 5192 respexerimus,
833 5114 1184 5177 festinemus
1200 5115 1649 5176 antecedentem
1667 5133 1774 5175 nos
1786 5114 1817 5176 J
1825 5133 1992 5177 esum

358 5202 707 5280 praevenire,
746 5203 1000 5285 factique
1022 5205 1149 5284 ejus
1170 5213 1495 5285 compotes,
1518 5213 1654 5266 ante
1685 5222 1820 5266 eum
1850 5221 1992 5284 pro-

355 5289 647 5373 cidamus,
686 5301 744 5355 et
772 5311 974 5355 coram
1011 5293 1861 5374 ejuslbonitateploremus59,
1892 5311 1991 5354 ar-

423 5503 484 5556 59
537 5503 694 5569 Psal.
750 5521 916 5575 xvul,
980 5505 1080 5576 13.
1143 5507 1230 5568 14.
1316 5507 1380 5558 53
1434 5503 1588 5566 Psal.
1649 5521 1857 5575 CXVIII,
1913 5507 2012 5570 80.

1841 5586 1906 5638 59
1958 5584 2118 5650 Psal.
2173 5598 2327 5658 xcrv,
2387 5582 2448 5644 6.

347 5582 520 5667 siit
577 5587 711 5667 Cor.
772 5587 836 5664 7,
900 5589 974 5667 t.
1019 5585 1158 5667 ἐξίει
1213 5586 1374 5651 Petr.
1435 5602 1478 5667 ι,
1541 5586 1754 5648 13-19.

345 5663 415 5732 οἳ
439 5663 644 5732 Matth.
677 5682 738 5752 v,
772 5663 833 5729 3.
915 5664 982 5718 63
1011 5666 1152 5732 Luc.
1185 5683 1331 5745 xvu,
1362 5667 1464 5732 21‘.

2083 4413 2290 4460 tenere
2320 4401 2573 4476 divitias,
2612 4411 2675 4462 ut
2698 4403 2846 4466 citra
2901 4401 3331 4494 dubitationem
3379 4397 3604 4494 nos_in
3648 4415 3719 4494 eo

2081 4505 2212 4548 esse
2264 4492 2660 4568 experiamur,
2724 4501 2780 4554 et
2828 4493 2988 4554 illius
3047 4490 3218 4553 bonis
3265 4497 3440 4582 atque
3490 4485 3719 4582 deliciis

2080 4575 2468 4641 oblectamur.
2495 4579 2655 4640 Intra
2681 4598 2788 4645 nos
2811 4582 2971 4643 enim
3001 4580 3146 4642 illud
3176 4596 3332 4654 esse,
3359 4572 3715 4672 ipsenDOIIti:

2081 4681 2190 4725 nus
2234 4667 2634 4745 pronuntiavit
2661 4667 2744 4729 63.
2775 4670 3138 4749 Argumenta
3177 4684 3374 4748 porro,
3410 4657 3713 4759 quibusid

2077 4752 2233 4814 intra
2285 4773 2396 4816 nos
2443 4774 2573 4818 esse
2621 4747 3089 4834 demonstretur,
3136 4747 3261 4818 haec
3312 4767 3450 4815 sunt
3500 4771 3515 4811 :
3558 4747 3716 4810 Nihil

2079 4861 2289 4906 eorum
2319 4864 2449 4924 quae
2478 4846 2663 4907 oculis
2693 4847 3091 4929 subjiciuntur
3111 4853 3172 4907 et
3201 4849 3476 4938 pereunt,
3501 4856 3717 4938 concu-

2079 4931 2347 5011 piscere;
2377 4951 2496 5006 res,
2534 4932 2777 5015 inquam
2811 4944 2868 4998 et
2899 4936 3336 4998 oblectamenta
3362 4930 3538 5010 hujus
3559 4930 3711 4997 vitae,

2078 5040 2193 5081 non
2229 5039 2395 5100 opes,
2429 5041 2545 5083 non
2577 5025 2846 5105 gloriam,
2885 5044 3003 5086 non
3043 5022 3314 5096 delicias,
3367 5039 3482 5081 non
3531 5015 3712 5078 ullam

2077 5110 2336 5191 denique
2364 5110 2540 5172 aliam
2576 5115 2706 5174 vitm
2729 5114 3057 5194 praesentis,
3093 5121 3193 5174 aut
3221 5108 3488 5206 corporis
3509 5106 3719 5206 volup-

2080 5207 2258 5262 tatem
2295 5218 2310 5262 :
2347 5200 2450 5262 sed
2483 5201 2562 5262 ita
2614 5221 2678 5264 se
2733 5204 2827 5265 his
2875 5203 3156 5264 omnibus
3189 5199 3511 5275 abstinere,
3548 5205 3607 5257 et
3632 5199 3720 5256 sic

2071 5289 2322 5371 judicio,
2356 5309 2426 5352 ac
2456 5291 2752 5354 voluntate
2780 5292 2853 5356 ab
2885 5293 3004 5354 illis
3035 5291 3383 5366 abhorrere,
3417 5295 3482 5349 ut
3510 5293 3713 5368 potos-

2098 5499 2348 5568 54Psal.
2399 5500 2593 5578 ι,12.
2677 5504 2742 5555 55
2796 5502 2920 5564 Ibid
2983 5503 3082 5565 14.
3165 5499 3231 5550 56
3279 5495 3512 5581 I_Tim.
3547 5494 3714 5581 lv,_§.

2531 5582 2598 5633 60
2653 5585 2822 5648 Joan.
2856 5599 2922 5662 ιι,
2954 5583 3055 5646 95.
3139 5581 3195 5630 ϐί
3243 5578 3429 5644 Hebr.
3471 5593 3576 5640 xu.
3609 5576 3711 5640 23.
