4112 6106
405 290 524 356 413

1877 292 2184 358 ORATIO
2225 293 2388 356 XXI.

3664 286 3780 352 414

400 432 520 488 tate
547 431 607 488 et
637 426 872 488 honore
897 427 1060 506 regio
1092 404 1513 506 praecedentes
1540 425 1614 488 ab
1646 426 1736 487 his
1754 424 1859 506 qui
1889 424 2053 504 lupa-
2070 430 2115 480 Α
2132 423 2458 502 spiritualis
2482 422 3068 505 notitia,ibiquoque
3090 422 3287 484 luctus
3313 419 3532 502 gaudio
3550 419 3784 482 mistus.

407 515 576 577 naria
609 514 856 590 obeunt,
891 515 1260 579 abhorrent:
1297 523 1354 578 et
1384 523 1668 597 quantum
1703 514 1802 596 qui
1834 532 1978 596 pura
2002 525 2063 574 et

412 602 632 663 munda
660 603 1008 665 vestimenta
1033 602 1244 678 induti,
1275 611 1332 666 et
1389 603 1870 666 suaveolentibus
1945 620 2060 663 un-

413 691 656 772 guentis
687 692 887 772 perliti
916 701 1074 767 sunt,
1096 693 1556 770 graveolentiam
1587 712 1656 756 ac
1687 693 1876 754 lutum
1899 708 2060 753 aver-

415 789 635 841 santur.
674 780 786 853 Qui
819 781 976 843 enim
1010 782 1082 844 ad
1117 802 1298 844 unum
1344 783 1582 861 aliquod
1619 781 2057 844 nominatorum

418 888 548 932 sese
580 871 894 946 convertit,
917 889 1167 951 regnum
1196 871 1340 934 illud
1364 873 1648 934 caelorum
1673 889 1868 951 neque
1890 869 2054 946 vidit,

417 976 607 1040 neque
637 958 862 1033 olfecit,
897 979 1089 1037 neque
1111 960 1555 1040 jucunditatem
1589 969 1647 1021 et
1675 959 2056 1021 dulcedinem

413 1048 542 1128 ejus
568 1047 920 1128 degustavit.
955 1049 1185 1112 Deinde
1219 1069 1232 1110 :
1279 1071 1302 1106 ii
1331 1051 1504 1112 Beati
1529 1052 1634 1129 qui
1661 1050 1889 1130 lugent,
1914 1065 2059 1129 quo-

410 1139 583 1200 niam
619 1138 739 1218 ipsi
769 1138 1238 1202 consolabuntur
1257 1138 1342 1202 64.
1372 1164 1399 1195 ››
1426 1138 1748 1202 Videamus
1777 1136 2060 1199 nuncite-

410 1245 568 1302 rum,
609 1234 666 1288 et
697 1227 758 1288 in
792 1235 1024 1288 nosmet
1055 1227 1452 1308 inquiramus,
1485 1247 1625 1290 num
1657 1228 1887 1290 huncce
1927 1227 2058 1287 luc-

412 1323 534 1376 tum
570 1317 632 1378 in
665 1316 840 1378 nobis
871 1317 1221 1390 habeamus,
1253 1327 1313 1380 et
1341 1338 1608 1399 quaenam
1636 1316 2064 1379 sitistaconso-

410 1405 582 1481 latio,
615 1427 748 1488 quae
793 1407 985 1469 luctus
1035 1409 1214 1487 hujus
1261 1427 1462 1470 comes
1507 1408 1746 1470 dicitur.
1798 1405 2060 1468 Primum

414 1494 660 1574 quidem
694 1515 990 1576 pauperes
1019 1497 1232 1576 spiritu
1265 1497 1467 1559 beatos
1496 1496 1830 1569 afﬁrmavit,
1862 1499 2064 1574 utpote

409 1600 662 1661 quorum
683 1584 758 1644 sit
789 1603 1036 1662 regnum
1075 1585 1388 1646 cmlorum.
1422 1584 1716 1665 Pauperes
1745 1591 1965 1654 autem,
2001 1591 2064 1644 ut

2141 510 2229 574 Ibi
2260 513 2400 575 item
2425 513 2649 594 jugiter
2675 519 2986 574 manantes
3024 511 3320 592 lacrymae,
3355 527 3484 590 quas
3525 509 3783 571 animam

2142 601 2296 663 hanc
2340 611 2634 664 amantem
2668 609 2940 684 purgent,
2971 619 3040 662 ac
3071 617 3313 682 prorsus
3357 597 3783 660 lucidissimam

2143 692 2417 755 reddant.
2446 696 2560 756 Per
2584 693 2708 754 haec
2740 691 2918 771 igitur
2936 690 3134 752 anima
3163 707 3398 751 sursum
3425 685 3782 767 respiciens,

2145 790 2204 842 et
2245 781 2558 844 Dominum
2611 799 2785 842 suum
2837 797 3210 861 cognoscens
3249 777 3509 858 reliquas
3538 775 3788 838 virtutes

2144 870 2411 934 studiose
2444 870 2792 952 progignere
2822 869 2956 936 sibi.
2997 878 3055 932 et
3088 867 3319 930 Christo
3367 865 3620 928 orditur.
3662 866 3788 928 Nec

2144 959 2467 1022 immerito.
2523 960 2764 1038 lrrigata
2809 959 2969 1021 enim
3014 954 3410 1030 cOntineuter,
3442 963 3498 1017 et
3530 953 3782 1035 pingue-

2143 1067 2317 1110 scens
2346 1048 2642 1130 lacrymis,
2679 1057 2737 1110 et
2761 1047 2911 1110 iram
2931 1047 2991 1109 in
3015 1064 3081 1109 se
3115 1045 3349 1126 penitus
3379 1042 3784 1120 exstinguetis,

2145 1137 2305 1199 mitis
2337 1147 2574 1219 totaque
2604 1138 2676 1199 ad
2708 1137 3086 1200 irascendum
3134 1132 3461 1196 immobilis
3504 1131 3782 1192 efﬁcitur.

2143 1228 2523 1309 Concupi:cit
2551 1236 2750 1291 autem
2789 1234 2847 1288 et
2896 1225 3141 1307 appetit,
3177 1221 3446 1285 esuriens
3490 1220 3693 1294 simul,
3727 1226 3788 1281 et

2144 1317 2356 1378 sitiens
2403 1317 2634 1379 discere
2678 1315 3131 1396 justiﬁcationes
3161 1312 3290 1374 Dei.
3337 1309 3402 1372 In
3435 1310 3526 1371 his
3558 1326 3694 1370 vero
3726 1315 3787 1369 et

2146 1406 2514 1482 misericors,
2542 1413 2600 1467 et
2630 1405 2842 1466 alienis
2871 1402 3269 1465 incommodis
3299 1400 3510 1462 dolens
3536 1398 3640 1460 ﬁt:
3670 1416 3786 1478 quo

2147 1514 2216 1556 ex
2251 1496 2342 1556 his
2371 1495 2649 1557 omnibus
2677 1494 2875 1556 cordis
2909 1491 3038 1574 eju's
3071 1492 3293 1574 puritas
3339 1487 3702 1571 perﬁciatur,
3729 1492 3787 1546 et

2146 1584 2274 1664 ipsa
2303 1585 2488 1647 Deum
2509 1584 2724 1655 videat,
2753 1585 3002 1664 ejusque
3024 1581 3268 1662 gloriam
3302 1577 3630 1640 secundum
3655 1593 3786 1656 pro-

407 1670 743 1746 docuimus,
785 1673 950 1735 hisce
976 1673 1365 1754 praesentibus
1391 1673 1563 1754 plane
1588 1691 1701 1738 non
1725 1673 2057 1753 capiuntur,
2083 1714 2122 1764 Β
2148 1676 2492 1738 missionem
2546 1675 2703 1736 clare
2752 1673 3070 1734 intueatur.
3105 1669 3240 1764 Qui.
3259 1667 3506 1764 huncin
3540 1667 3782 1764 modum

413 1777 610 1840 neque
643 1762 906 1823 animum
928 1753 1008 1824 ita
1029 1781 1162 1824 cum
1196 1763 1268 1824 iis
1294 1753 1592 1844 copulant,
1619 1771 1792 1842 atque
1815 1763 2061 1840 conjun‘
2084 1753 2121 1764 ”
2143 1766 2370 1827 animas
2400 1784 2535 1826 suas
2551 1770 2988 1844 compararunt,
3017 1757 3242 1841 paciﬁci
3270 1764 3406 1818 sunt
3428 1756 3488 1816 in
3511 1753 3778 1844 veritate,

413 1859 581 1928 gunt,
627 1858 692 1912 ut
727 1850 818 1912 vel
866 1852 1099 1912 modica
1129 1851 1527 1913 delectatione
1557 1851 1894 1913 deliniatur.
1929 1849 2057 1922 Quo

407 1939 590 2020 igitur
609 1947 800 2020 pacto,
829 1950 882 2004 et
909 1959 1081 2021 quam
1108 1939 1182 2001 ob
1209 1959 1447 2002 causam
1480 1941 1726 2020 lugebit,
1751 1941 1849 2022 qui
1873 1949 2054 2001 totum

414 2029 703 2090 mundum
736 2030 1060 2092 detestatus
1090 2039 1200 2105 est,
1237 2038 1296 2092 et
1326 2033 1504 2093 corde
1535 2039 1650 2092 tam
1687 2031 1858 2110 longe
1889 2029 1961 2091 ab
1986 2048 2055 2090 eo

408 2116 599 2191 abest,
635 2139 810 2200 quam
843 2137 1095 2200 corpore
1125 2119 1214 2181 illi
1245 2120 1730 2202 appropinquat?
1759 2120 1860 2201 qui
1892 2119 2053 2180 nullo

408 2225 610 2269 rerum
671 2209 1124 2290 aspectabilium
1175 2229 1380 2271 amore
1439 2217 1698 2284 tenetur,
1756 2208 2052 2290 quidest,

406 2296 686 2372 obsecro,
722 2318 829 2360 cur
853 2317 918 2361 se
951 2298 1227 2379 tristitiae,
1259 2298 1543 2361 laetitiaeve
1572 2299 1800 2361 dedat?
1828 2297 2055 2378 thuo-

408 2386 585 2448 modo
618 2387 863 2467 lugebit,
897 2387 1242 2468 solatiisque
1275 2388 1652 2460 mulcebilur,
1678 2387 1776 2467 qui
1800 2404 2048 2466 regnum

409 2477 697 2538 caelorum
731 2477 928 2556 habet,
965 2485 1022 2538 et
1042 2475 1102 2537 in
1134 2496 1204 2538 eo
1237 2477 1466 2538 laetatur
1497 2476 1781 2538 assidue?

487 2566 798 2627 Altendite
830 2573 1081 2641 mentes,
1117 2585 1282 2646 rogo,
1318 2566 1390 2628 iis
1421 2585 1551 2647 quae
1580 2565 1796 2640 dicam,
1817 2571 1874 2626 et
1895 2582 2052 2644 qua:-

411 2657 506 2718 siti
531 2657 822 2718 rationem
856 2675 990 2718 cum
1023 2659 1152 2737 ejus
1182 2657 1476 2718 solutione
1499 2656 1824 2737 accipietis.
1858 2655 2047 2716 Homo

409 2746 626 2820 ﬁdelis,
681 2746 785 2827 qui
834 2749 907 2808 ad
957 2747 1229 2808 mandata
1259 2746 1364 2808 Dei
1395 2745 1798 2807 exhaurienda
1841 2744 2047 2805 sedulo

410 2853 652 2915 semper
678 2834 996 2915 incumbit,
1024 2854 1157 2896 cum
1192 2835 1393 2897 omnia
1413 2834 1681 2908 servarit,
1699 2841 1756 2895 et
1782 2833 1852 2895 ad
1879 2831 2046 2894 fasti—

408 2925 566 3002 gium
599 2925 835 3000 horum,
872 2924 929 2986 id
963 2931 1073 2999 est,
1109 2924 1178 2984 ad
1207 2923 1566 3005 inculpatam
1595 2923 1867 3004 vitam,et
1891 2921 2050 3002 puri-

2142 1863 2200 1916 et
2225 1855 2331 1916 ﬁlii
2359 1853 2647 1916 Altissimi
2684 1842 3088 1924 nominantur,
3122 1848 3223 1930 qui
3266 1855 3327 1909 et
3369 1863 3514 1926 pure
3543 1842 3778 1930 Patrem

2140 1943 2579 2023 Dominumque
2621 1960 2793 2002 suum
2843 1929 3188 2018 agnoscunt,
3232 1944 3290 1996 et
3319 1953 3386 1996 ex
3407 1941 3542 2023 tota
3582 1929 3782 1992 anima

2139 2033 2307 2094 illum
2359 2021 2654 2110 diligunt;
2704 2029 2971 2112 quamvis
3019 2026 3282 2088 laborem
3329 2021 3784 2117 videlicettet

2138 2121 2406 2202 quamvis
2433 2111 2814 2181 afflictionem
2848 2119 2976 2199 ejus
3005 2134 3182 2206 causa
3214 2111 3779 2206 Sttstinentes,_inju-

2137 2194 2242 2270 riis
2270 2208 2482 2284 vexati,
2516 2194 2897 2270 contumeliis
2920 2203 3185 2287 appetiti,
3221 2195 3538 2278 augustiati
3561 2194 3781 2287 objus-

2139 2307 2260 2358 tum
2287 2299 2418 2378 ejus
2451 2283 2818 2371 mandatum,
2872 2283 3031 2377 quod
3082 2302 3138 2354 et
3189 2289 3360 2353 nobis
3411 2283 3777 2347 servandum

2133 2387 2438 2470 praecepit,
2462 2385 2970 2468 exprobrationes,
2991 2383 3460 2470 persecutiones,
3507 2381 3565 2436 et
3603 2389 3780 2470 omne

2132 2468 2375 2540 verbum
2429 2477 2647 2538 malum
2693 2475 2838 2536 falso
2891 2482 3096 2536 contra
3143 2490 3206 2532 se.
3252 2469 3504 2538 dictum,
3539 2468 3780 2544 propter

2132 2585 2356 2628 nomen
2406 2568 2534 2647 ejus
2581 2566 2902 2627 toleranter
2947 2563 3321 2635 sufferentes,
3383 2551 3775 2630 exsultantes,

2133 2656 2411 2737 quoniam
2441 2646 2624 2735 digni
2667 2663 2804 2716 sunt
2848 2653 3056 2728 habiti,
3104 2651 3205 2734 qui
3259 2646 3538 2742 pro‘ejus
3569 2657 3778 2742 amore

2131 2727 2459 2825 ignominia
2487 2727 2559 2806 ab
2587 2742 2930 2806 hominibus
2961 2727 3344 2804 afﬁcerentur
3369 2737 3456 2799 67.
3483 2727 3773 2825 Animad-

2130 2816 2408 2906 vertistis,
2442 2835 2675 2903 fratres,
2710 2832 2995 2910 signaculi
3027 2829 3248 2894 Christi
3273 2816 3770 2916 expressamefﬁ-

2129 2926 2283 3004 giem
2305 2924 2335 2985 ‘?
2370 2922 2702 3002 Agnovistis
2723 2922 2953 2995 ﬁdeles,
2981 2920 3372 3002 prOprietates
3401 2915 3769 3004 characteris

408 2999 584 3074 tatem
640 2999 943 3092 ingressus
990 3013 1188 3089 fuerit,
1224 2999 1390 3075 tunc'
1413 3012 1648 3075 modulo
1680 2999 1790 3074 suo
1819 2999 2045 3074 se—me-
2067 3042 2106 3092 ο
2132 2999 2268 3094 ejus
2289 3013 2320 3074 ?
2350 2999 2544 3078 Unum
2579 3012 2840 3094 profecto
2867 2999 3230 3090 signaculum
3264 3001 3614 3101 illuminatio
3636 2999 3773 3076 Spi-

406 3103 583 3179 tiens,
633 3102 998 3165 imbecillum
1049 3103 1332 3177 inveniet,
1367 3103 1588 3184 quique
1618 3102 1690 3164 ad
1721 3102 2048 3164 celsitatem
2134 3105 2283 3166 ritus
2329 3111 2442 3182 est,
2488 3109 2546 3164 et
2594 3101 2645 3163 si
2693 3101 2893 3162 multm
2940 3109 3077 3162 sunt
3124 3102 3327 3161 formae
3356 3100 3771 3189 operationum

412 3175 576 3254 illam
605 3192 1017 3255 mandatorum
1051 3175 1537 3273 pertingere'no-n
1575 3191 1761 3272 possit
1798 3211 1811 3251 ε
1858 3191 1960 3252 sed
1997 3199 2056 3252 et
2135 3175 2589 3254 illuminationis
2617 3192 2816 3271 hujus,
2845 3191 3142 3270 multaque
3166 3175 3441 3250 virtutum
3465 3183 3595 3273 ejus
3616 3175 3772 3273 ἰηᾱιτ

411 3301 733 3363 pauperem
764 3268 1083 3362 imprimis,
1118 3268 1589 3360 siveindignum'
1606 3279 1676 3341 ad
1713 3279 2050 3360 suscipien-
2139 3282 2250 3362 cia,
2302 3299 2552 3362 quornm
2603 3268 2880 3361 primum,
2916 3289 2973 3340 et
3004 3268 3192 3360 magis
3243 3268 3776 3364 necessariume”

407 3352 867 3444 dumDeum,ad
891 3352 1106 3449 gratias
1137 3378 1196 3432 et
1219 3352 1424 3432 laudes
1449 3368 1644 3430 eidem
1673 3352 2044 3443 tribuendas,
2139 3352 2418 3449 tanquam
2455 3352 2808 3450 principium
2840 3352 2908 3430 ac
2938 3352 3382 3429 fundamentum
3415 3369 3504 3424 est
3533 3352 3774 3450 humili-

407 3462 599 3541 utqui
633 3443 936 3541 nunquam
970 3458 1299 3540 proprium,
1335 3476 1404 3520 ac
1432 3476 1606 3519 suum
1653 3455 1896 3534 aliquod
1939 3456 2047 3518 bo-
2131 3443 3772 3541 tasz'Adquemenimrespiciam,inquit,nisisuper{l:1:

415 3529 555 3611 nam
609 3529 1135 3630 posséderit.'Haec
1177 3529 1298 3629 qui,
1324 3556 1567 3628 propter
1595 3565 1660 3608 se
1689 3529 1820 3608 cum
1867 3544 2051 3606 animi
2131 3549 2337 3612 milem
2360 3529 3161 3628 etqui'etum,ettremeitte1n
3178 3529 3478 3635 sermones
3497 3529 3776 3635 meoa‘68‘?

409 3657 591 3702 sensu
609 3622 880 3719 .reputat,
913 3637 1155 3699 omnino
1187 3622 1414 3719 lugebit
1436 3622 1618 3698 vluctu
1661 3654 1800 3698 vere
1833 3635 2054 3698 beatis-
2215 3638 2382 3700 Alter
2409 3622 2601 3700 luctus
2647 3622 2736 3700 est
2783 3639 3173 3719 lacrymarum
3215 3635 3368 3704 fons,
3423 3630 3497 3690 de
3556 3622 3771 3707 quibus

412 3727 588 3803 simo,
643 3727 744 3808 qui
794 3741 852 3790 et
902 3726 1311 3788 consolatione
1347 3726 1641 3805 promissa
1689 3726 1938 3800 levatur,
2000 3733 2059 3788 et
2140 3744 2274 3792 cum
2317 3729 2559 3810 copiose
2586 3727 2766 3790 velim
2798 3729 3097 3790 disserere
3119 3723 3316 3787 verbis
3353 3721 3426 3783 ad
3459 3734 3636 3780 sensa
3664 3731 3770 3772 ex-

410 3815 667 3878 animam
700 3816 904 3879 mitem
939 3815 1122 3878 efﬁcit
1159 3835 1173 3878 :
1201 3824 1290 3878 est
1323 3815 1616 3896 siquidem
1650 3816 1864 3896 pignus
1886 3811 2055 3893 regni
2141 3819 2416 3900 plicanda
2445 3818 2752 3880 destituor.
2791 3822 2908 3882 [tes
2929 3819 3103 3893 mira,
3137 3824 3194 3879 et
3221 3832 3394 3896 quam
3422 3811 3623 3888 lingua
3654 3821 3778 3865 non

411 3905 698 3968 caelorum
735 3923 808 3968 ex
837 3905 997 3966 luctu
1025 3914 1488 3986 progeneratum
1518 3903 2056 3984 solatiun1.«Ftdes
2139 3919 2331 3993 potest
2375 3909 2560 3970 effari.
2604 3911 2716 3972 Per
2749 3909 2954 3970 oculos
2998 3910 3183 3969 ﬂuere
3219 3903 3579 3993 sentiuntur,
3615 3901 3674 3957 et
3707 3910 3777 3993 ett

410 4013 687 4075 namque,
718 3995 1051 4058 secundum
1072 3995 1445 4075 Apostolum,
1462 4002 1547 4057 est
1571 4011 1785 4056 rerum
1807 4009 2053 4072 speran-

2138 3988 2334 4061 anima
2353 4018 2588 4061 caenum
2611 4007 2988 4081 peccatorum
3005 3999 3206 4059 eluere
3227 3992 3640 4070 intelliguntur
3676 4005 3689 4041 :
3718 3988 3779 4043 et

406 4103 542 4147 rum
565 4083 910 4147 substantia
930 4084 1014 4146 65.
1049 4082 1385 4146 Consolatio
1414 4103 1614 4164 porro,
1645 4102 1820 4163 quam
1847 4081 1905 4142 in
1929 4081 2050 4144 ani-
2130 4090 2192 4151 in
2224 4101 2440 4150 terram
2471 4090 2778 4163 cadentes,
2811 4089 3114 4150 daemones
3160 4091 3361 4157 urunt,
3405 4101 3473 4142 ac
3505 4082 3774 4172 proster-

413 4175 524 4236 mis
554 4174 892 4254 lugentibus
923 4175 1230 4236 illustratio
1253 4160 1494 4255 spiritus
1513 4160 1809 4246 conciliat,
1829 4173 2047 4234 adven-
2068 4243 2109 4259 ἢ
2132 4187 2302 4253 nunt,
2334 4179 2712 4259 animamque
2741 4160 2774 4240 e
2805 4177 3053 4238 vinculis
3078 4172 3304 4256 peccati
3336 4160 3779 4259 inaspectabili-

409 4272 502 4326 tus
533 4243 649 4327 Dei
671 4273 781 4338 est,
817 4264 1123 4345 praamium
1155 4243 1498 4326 certaminis
1529 4243 1925 4326 humilitatem
1960 4262 2048 4324 eis
2068 4243 2110 4293 Β
2133 4266 2242 4329 bus
2273 4243 2561 4329 eximunt.
2672 4267 2942 4347 lacryma;
2988 4283 3058 4327 ex
3079 4243 3296 4324 'divina
3326 4243 3771 4352 illuminatione

411 4353 662 4436 donans,
687 4342 900 4435 quae-et
929 4372 1158 4429 semen,
1193 4362 1250 4414 et
1280 4353 1560 4415 talentum
1595 4353 2048 4441 vocatur.Aucta
2127 4355 2542 4430 scaturientes,
2575 4342 2813 4418 (telum'
2847 4355 3040 4435 ipsum
3077 4359 3436 4441 reserantes,
3481 4353 3540 4407 et
3570 4342 3778 4441 divina

411 4442 650 4523 quippe,
676 4450 734 4503 et
763 4442 1145 4522 multiplicata
1178 4442 1238 4502 in
1269 4441 1415 4522 ipsis
1443 4442 1796 4503 certantium
1826 4440 2048 4502 anima—
2131 4445 2278 4507 mihi
2330 4445 2537 4506 solatia
2569 4445 2866 4526 parientes
2897 4466 2910 4507 :
2943 4443 3161 4504 iterum
3203 4439 3424 4521 quippe
3454 4444 3519 4526 et
3550 4439 3773 4526 saepius

411 4532 541 4604 bus,
593 4531 808 4612 partim
867 4531 1260 4604 tricesimum,
1321 4531 1532 4612 partim
1591 4530 2048 4606 sexagesimum,
2131 4535 2340 4596 eadem
2372 4553 2494 4612 prae
2516 4523 3240 4607 suavitate,etdesiderio
3271 4523 3778 4612 dico.Ubilacr_yj

411 4621 618 4701 partim
659 4620 1048 4682 centesimum
1080 4620 1204 4683 Deo
1235 4621 1487 4683 fructum
1528 4621 1636 4682 fert
1671 4620 1756 4699 66,
1791 4621 2048 4682 fructum

409 4717 676 4770 sanctum
707 4709 1152 4782 charismatum,
1187 4728 1258 4771 ac
1286 4709 1578 4771 donorum
1620 4710 1894 4790 Spiritus:
1931 4709 2046 4772 Ubi

411 4799 569 4860 enim
592 4817 712 4859 non
737 4797 930 4860 fucate
950 4799 1054 4860 sed
1088 4818 1223 4860 vere
1245 4799 1486 4860 humilis
1507 4818 1575 4860 ac
1593 4799 1888 4862 demissus
1909 4801 2044 4861 ani-

411 4906 562 4962 mus,
594 4886 676 4948 ibi
709 4886 883 4948 etiam
919 4887 1263 4950 humilitatis
1294 4887 1565 4950 fundum.
1612 4888 1810 4967 Et,ubi
1843 4889 2044 4950 humi-

410 4973 564 5047 litas,
597 4973 679 5036 ibi
721 4975 1076 5037 illuminatio
1110 4975 1371 5056 spiritus.
1401 4975 1514 5040 Ubi
1544 4977 1786 5056 spiritus
1816 4977 2043 5040 illumi-

407 5064 592 5136 natio,
640 5063 722 5125 ibi
769 5064 952 5126 divini
998 5065 1240 5127 luminis
1295 5067 1486 5145 copia,
1535 5075 1594 5128 et
1642 5065 1800 5128 Deus
1845 5067 1905 5128 in
1945 5087 2045 5130 sa-

413 5152 634 5233 pientia
683 5161 741 5215 et
770 5155 1114 5233 cognitione
1135 5156 1548 5236 mysteriorum
1581 5156 1731 5236 ejus.
1763 5156 1872 5220 Ubi
1907 5176 2047 5220 vero

414 5241 560 5317 haec,
617 5241 702 5303 ibi
741 5260 989 5322 regnum
1041 5247 1352 5321 caelorum,
1400 5253 1458 5307 et
1485 5245 1653 5322 regni
1682 5247 1962 5326 cognitio,
1996 5258 2055 5310 et

411 5330 742 5392 absconditi
767 5332 1026 5394 thesauri
1059 5333 1323 5396 scientiae
1348 5333 1480 5409 Dei,
1528 5335 1587 5396 in
1631 5336 1845 5416 quibus
1877 5337 2052 5400 etiam

410 5431 737 5502 paupertas
762 5421 1012 5502 spiritus
1035 5424 1304 5504 patescit.
1330 5424 1443 5488 Ubi
1466 5433 1661 5486 autem
1693 5429 2056 5508 paupertatis

483 5613 552 5668 64
575 5617 786 5682 Matth.
825 5638 884 5694 v,
917 5620 978 5684 5.
1060 5617 1126 5672 65
1152 5619 1346 5688 Hebr.
1375 5637 1460 5698 XI,
1496 5621 1554 5685 1.

2135 4609 2600 4703 ωδτυιῐιόορίῖι,
2637 4625 2868 4697 fratres,
2921 4639 3057 4686 cum
3112 4617 3449 4699 cognitione
3492 4632 3657 4686 vera,
3687 4609 3774 4703 ibi

2128 4712 2302 4775 etiam
2339 4701 2522 4773 divini
2553 4711 2794 4773 luminis
2827 4710 3151 4792 splendor;
3186 4707 3287 4769 ubi
3323 4704 3563 4767 luminis
3595 4701 3774 4792 hujus

2129 4800 2440 4881 Splendor,
2487 4801 2565 4862 ibi
2606 4801 2759 4862 bona
2788 4791 3171 4880 suppeditant
3214 4795 3443 4866 omnia,
3479 4801 3536 4853 et
3569 4791 3773 4881 signa-

2131 4880 2327 4951 culum
2361 4897 2547 4952 sancti
2578 4889 2832 4971 Spiritus
2864 4890 3154 4970 plantatur
3183 4885 3244 4946 in
3275 4883 3482 4956 corde,
3521 4880 3683 4942 unde
3715 4883 3776 4936 et

2131 4998 2340 5041 omnes
2367 4980 2499 5042 vitae
2528 4981 2751 5042 fructus
2777 4979 3142 5041 exoriuntur.
3171 4977 3322 5038 Hinc
3352 4971 3584 5035 Christo
3617 4986 3777 5067 man-

2129 5069 2378 5131 suetudo
2407 5070 2768 5150 producitur,
2806 5087 2938 5148 pax,
2971 5067 3366 5143 eleemosyna,
3410 5076 3774 5150 compassio,

2134 5147 2482 5238 benignitas,
2510 5158 2766 5238 bonitas,
2797 5147 2967 5231 ﬁdes,
3002 5147 3561 5245 continentia.Hin-c
3577 5157 3776 5245 manat.

2134 5236 2408 5310 inimicos
2453 5249 2727 5328 diligere,
2754 5236 2836 5310 iet
2869 5265 2971 5327 pro
3011 5243 3128 5305 illis
3158 5236 3644 5328 orare,gauder_e
3675 5236 3773 5294 in-

2135 5324 2589 5411 tentationibus,
2636 5324 2882 5416 gloriari
2909 5335 2965 5395 in
2999 5327 3502 5402 tribulationibus,
3541 5324 3774 5416 alienos

2135 5429 2336 5510 lapsus
2367 5428 2587 5490 ducere
2627 5415 2788 5502 suos,
2820 5435 2878 5488 et
2903 5424 3127 5486 deﬂere
3160 5430 3436 5500 tanquam
3470 5415 3762 5496 proprios,

1638 5619 1704 5671 66
1731 5621 1932 5689 Matth.
1965 5641 2053 5688 xu;

2137 5623 2163 5689 Β
2193 5641 2338 5709 seqq
2444 5625 2508 5674 67
2551 5624 2682 5688 Act.
2718 5641 2774 5702 v,
2809 5624 2907 5691 41.
2995 5617 3200 5683 68153.
3233 5631 3400 5694 LXVI,
3433 5614 3491 5685 2-
