4112 6106
332 267 450 334 415
1635 246 2010 334 svmuosls
2053 267 2385 336 JUNIORIS
3587 265 3705 331 416

331 405 594 468 animam
618 423 725 485 pro
746 405 1033 468 fratribus
1051 412 1323 486 prompte
1345 404 1418 466 ad
1452 413 1705 467 mortem
1738 405 1976 468 offerre.
2002 415 2045 463 Α
2067 407 2245 470 Multo
2267 407 2446 487 igitur
2473 407 2632 486 ignis
2660 406 3047 486 iutelligibilis
3075 406 3137 467 in
3181 405 3325 487 ipsis
3353 402 3704 482 intelligibi-

329 493 552 556 Audite
582 494 783 575 igitur,
819 493 1090 568 obsecro,
1126 492 1446 558 Christiani
1475 494 1714 571 fratres,
1744 502 1801 556 et
1823 494 1975 557 resi-
2061 498 2215 560 tibus
2248 497 2558 572 occultior,
2594 504 2651 558 et
2680 515 2930 561 arcanus
2963 496 3169 576 magis,
3196 515 3370 578 quam
3402 491 3704 558 sensibilis

333 583 566 661 piscite,
602 592 662 646 et
691 584 904 660 videte,
940 603 1079 645 num
1112 585 1312 647 lumen
1355 583 1417 646 in
1447 585 1731 646 cordibus
1768 584 1979 646 vestris
2059 585 2120 646 in
2153 585 2562 649 sensibilibus.

330 672 628 748 illuxerit;
662 693 804 735 num
849 692 1126 753 magnum
1176 673 1323 736 illud
1374 673 1576 735 lumen
1624 673 1976 753 cognitionis

332 762 682 842 aspexeritis
721 783 733 821 :
771 781 913 824 num
946 762 1265 824 visitaverit
1312 781 1409 825 vos
1457 760 1672 826 Oriens
1723 782 1792 824 ex
1833 762 1975 837 alto,

332 851 722 915 illuscescens
750 852 918 915 vobis
948 853 1009 914 in
1039 852 1330 934 tenebris,
1367 861 1424 914 et
1454 852 1514 913 in
1541 852 1751 914 umbra
1774 852 1981 913 mortis

334 940 682 1004 sedentibus
697 941 781 1002 69.
797 941 956 1004 Deus
977 943 1137 1004 enim
1161 961 1292 1004 cum
1321 941 1544 1003 nullius
1566 950 1756 1023 egeat,
1776 942 1980 1022 sitque

335 1031 634 1092 bonorum
685 1032 920 1112 plenus,
973 1030 1122 1092 nihil
1168 1050 1201 1092 a
1249 1029 1421 1094 nobis
1480 1042 1694 1110 praater
1731 1030 1980 1092 salutem

332 1127 593 1181 nostram
615 1121 866 1201 requirit
897 1141 912 1196 ;
944 1139 1058 1202 qua
1089 1120 1263 1181 aliter
1286 1119 1460 1199 potiri
1483 1120 1568 1181 fas
1595 1138 1712 1180 non
1735 1119 1981 1200 est,nisi

337 1227 505 1272 mens
535 1223 738 1274 nostra
769 1211 967 1274 divina
1002 1215 1218 1274 virtute
1249 1210 1620 1285 immutetur,
1673 1219 1735 1271 ut
1765 1211 1840 1272 sit
1871 1230 1980 1272 en-

335 1300 490 1373 thea,
520 1301 577 1363 id
606 1311 712 1375 est,
737 1301 974 1363 Nimine
1002 1301 1226 1381 affluta,
1259 1319 1292 1362 a
1322 1303 1444 1363 Deo
1475 1308 1627 1372 acta,
1664 1299 1784 1361 sive
1815 1299 1978 1362 omni

2142 675 2404 738 Proinde
2434 675 2844 756 inspiciamus,
2870 674 3102 755 fratres,
3137 673 3548 753 subtiliterque
3569 687 3700 732 nos-

2065 773 2184 826 met
2197 774 2661 846 perscrutemur,
2683 773 2739 827 et
2763 783 3183 846 pernosramus
3201 764 3430 825 animos
3447 769 3699 840 nostros,

2064 873 2205 916 num
2252 855 2309 916 in
2358 855 2529 916 nodis
2579 854 2796 918 Christi
2845 853 3215 933 signaculum
3247 853 3341 913 sit.
3391 852 3702 914 Discamus

2062 962 2135 1004 an
2167 943 2228 1004 in
2261 944 2431 1014 nobis
2461 945 2535 1004 sit
2566 943 2942 1018 Christus,ex
2975 941 3214 1004 indiciis
3245 949 3302 1002 et
3330 941 3534 1020 signis,
3575 957 3704 1020 quae

2065 1033 2441 1112 protulimus.
2477 1031 2642 1105 Quod
2677 1033 2725 1093 si
2756 1032 3076 1105 Christum,
3108 1039 3208 1091 aut
3245 1033 3374 1110 ejus
3422 1030 3700 1109 signacu-

2064 1121 2184 1183 lum
2220 1122 2472 1183 necdum
2507 1123 2870 1202 accepimus,
2905 1120 3181 1199 dictaque
3212 1120 3374 1199 signa
3420 1118 3480 1179 in
3530 1117 3702 1178 nobis

2062 1210 2207 1291 ipsis
2230 1212 2388 1274 haud
2419 1211 2822 1290 agnoscimus:
2861 1210 3005 1290 quin
3036 1218 3241 1270 contra
3273 1209 3486 1289 potius,
3523 1225 3701 1270 mun-

2063 1301 2173 1362 dus
2201 1301 2376 1363 fallax
2416 1301 2478 1362 in
2521 1300 2696 1363 nobis
2727 1299 2890 1376 vivit,
2925 1317 3151 1380 nosque
3181 1298 3242 1359 in
3272 1298 3399 1378 ipso
3430 1296 3701 1358 infelices

333 1390 780 1468 perturbatione
811 1409 1041 1463 carens,
1075 1397 1132 1451 et
1171 1397 1393 1450 sancta.
1439 1392 1604 1452 Mens
1655 1389 1810 1450 enim
1861 1407 1974 1450 en-
2058 1392 2322 1466 vivimus,
2355 1391 2712 1470 temporaria
2750 1389 2946 1468 magni
2977 1388 3285 1463 ducentes,
3321 1395 3380 1448 et
3404 1387 3465 1447 in
3498 1385 3694 1447 tribu-

332 1478 470 1539 thea
515 1486 624 1560 est,
669 1499 799 1560 quae
831 1480 1017 1542 Deum
1059 1480 1120 1540 in
1169 1499 1234 1541 se
1265 1478 1461 1541 habet.
1509 1479 1667 1540 Talis
1711 1486 1908 1540 autem
1940 1497 1973 1540 a
2057 1478 2306 1541 lationes
2353 1479 2711 1554 incidimus,
2767 1485 2825 1539 et
2879 1486 3120 1558 propter
3178 1475 3557 1555 ignominias,
3620 1492 3692 1536 ac

333 1568 653 1648 semetipso
679 1569 806 1630 ﬁeri
827 1570 978 1632 haud
1013 1577 1220 1650 potest.
1250 1570 1375 1631 Jam
1400 1569 1500 1649 qui
1524 1570 1776 1648 Deojper
1792 1569 1969 1628 ﬁdem
2054 1568 2412 1630 detrimenta
2510 1570 2842 1631 cruciamur
2881 1618 2895 1642 ,
2987 1566 3310 1628 honoribus
3414 1563 3694 1639 divitiis,

335 1658 1471 1740 conjunctusest,perquemandatorum
1497 1657 2285 1749 observationedeeliciis
2346 1657 2670 1736 gaudemus
2731 1665 2789 1717 et
2856 1656 3260 1729 exsultamus,
3329 1654 3476 1735 proh
3525 1653 3696 1749 dam-

331 1744 497 1806 iIlum
550 1748 730 1824 novit,
783 1768 918 1811 eum
967 1767 1200 1829 quoque
1256 1767 1361 1828 per
1409 1743 2222 1828 contemplationemem,
2277 1747 2425 1826 proh
2477 1746 2903 1824 ignorantiam,
2958 1746 3104 1825 proh
3154 1744 3505 1815 cmcitatem,
3541 1743 3693 1822 proh

337 1855 588 1900 cernere
621 1841 863 1901 omnino
898 1841 1110 1918 dignus
1160 1848 1266 1900 est.
1317 1838 1429 1900 Per
1460 1839 1638 1900 fidem
1679 1837 1972 1919 siquidem
2059 1834 2384 1914 miseriam,
2410 1842 2834 1915 stuporemque
2865 1843 3162 1909 nostrum,
3196 1852 3230 1894 a
3259 1832 3473 1914 quibus
3497 1832 3703 1893 subac-

2065 1924 2127 1997 ti,
2164 1924 2224 1984 in
2260 1937 2475 1984 terram
2506 1923 2938 2003 proculcamur.
2972 1924 3128 1985 Sane
3160 1921 3536 1983 miserabiles
3565 1921 3701 1982 lon-

2061 2033 2250 2094 geque
2272 2012 2693 2089 infelicissimi,
2727 2020 2902 2093 atque
2933 2012 3005 2074 ab
3038 2013 3166 2092 ipsa
3195 2021 3416 2073 aeterna
3449 2011 3562 2072 vita
3593 2018 3702 2072 eta

2061 2123 2248 2184 repno
2281 2103 2566 2164 caelorum
2601 2103 2866 2164 extranei
2916 2121 3147 2178 sumus,
3191 2121 3310 2162 non
3358 2101 3612 2181 amplius
3638 2099 3699 2160 in

2065 2193 2236 2253 nobis
2260 2193 2406 2273 ipsis
2431 2191 2730 2255 Christum
2765 2191 3158 2272 possidentes,
3191 2191 3294 2252 sed
3328 2189 3612 2252 mundum
3636 2190 3696 2250 in

2063 2283 2508 2363 nobismetipsis
2537 2282 2826 2343 viventem
2860 2282 3177 2356 habentes,
3212 2289 3274 2342 ut
3314 2289 3449 2360 pote
3480 2280 3540 2341 in
3574 2283 3697 2360 ipso

2061 2373 2341 2454 viventes,
2380 2381 2433 2434 et
2468 2380 2704 2433 terrana
2730 2371 3049 2452 sapientes.
3102 2371 3212 2444 Qui
3242 2371 3321 2432 ita
3353 2379 3441 2431 est
3469 2369 3699 2431 anima—

2066 2474 2182 2536 tus,
2214 2461 2493 2523 inimicus
2524 2460 2629 2524 Dei
2662 2469 2900 2541 apertus
2949 2469 3056 2523 est.
3105 2460 3252 2522 Nam
3293 2460 3523 2521 affectio
3559 2477 3700 2536 erga

2061 2551 2371 2624 mundum,
2405 2551 2648 2611 inimica
2679 2558 2767 2611 est
2795 2549 2916 2611 Deo
2943 2549 3366 2629 71.juxtaillu'l
3390 2547 3694 2628 Apostoli:

2057 2641 2146 2703 Ne
2185 2640 2458 2720 diligat-is
2492 2640 2809 2714 mundum,
2854 2657 3046 2719 neque
3089 2657 3160 2700 ea
3209 2657 3342 2718 quae
3376 2640 3444 2700 in
3473 2637 3699 2698 mundo

335 1934 556 1988 certam
589 1930 856 1993 Christus
887 1930 946 1991 in
983 1949 1051 1992 eo
1085 1929 1330 2003 habitat,
1367 1937 1420 1990 et
1452 1947 1620 1990 mens
1640 1930 1856 1990 enthea
1891 1929 1969 1989 fit.

335 2019 613 2081 Servatur
643 2039 816 2100 porro
849 2021 1063 2082 anthea
1102 2028 1159 2082 et
1191 2040 1282 2095 eo,
1319 2019 1472 2099 quod
1509 2037 1606 2079 res
1650 2018 1722 2079 ad
1771 2018 1977 2080 Chris-

337 2112 459 2168 tum
493 2110 859 2189 pertinentes
899 2129 1140 2190 semper
1191 2117 1453 2189 exercet,
1491 2117 1548 2171 et
1582 2108 1810 2187 legibus
1850 2109 1979 2188 ejus

332 2198 607 2259 attendit.
630 2199 874 2272 Indefit,
902 2207 962 2261 ut
987 2200 1162 2261 etiam
1195 2199 1470 2261 mandata
1501 2199 1632 2278 ejus
1662 2199 1976 2275 custodiat,

333 2288 838 2365 quemadmodum
862 2308 932 2350 ex
958 2309 1025 2350 eo
1051 2288 1204 2369 quod
1236 2296 1495 2349 mentem
1518 2287 1801 2347 divinitus
1823 2287 1979 2347 afﬂa-

331 2382 445 2435 tam
479 2376 680 2449 habet,
705 2377 985 2458 efficitur,
1017 2388 1079 2438 ut
1100 2377 1372 2439 mandata
1407 2375 1624 2439 Christi
1647 2383 1704 2436 et
1734 2376 1972 2453 cogitet,

333 2472 389 2525 et
424 2477 818 2546 exsequatur:
856 2467 1090 2545 singula
1115 2467 1273 2528 enim
1303 2473 1360 2527 et
1384 2465 1685 2534 cohibent,
1723 2465 1976 2545 comple-

329 2559 688 2635 ctunturque
718 2557 877 2637 quod
917 2556 1248 2636 proximum
1279 2563 1387 2630 est,
1425 2562 1480 2616 et
1521 2553 1876 2615 cohibentur
1903 2554 1975 2614 ab

336 2641 488 2724 ipso,
521 2645 1017 2727 continenturque
1059 2655 1114 2706 et
1144 2645 1474 2706 continent.
1526 2643 1966 2706 Contendamus

333 2729 532 2812 itaque
561 2733 667 2796 Dei
698 2725 1009 2815 praeceptis
1049 2733 1412 2795 facessendis
1462 2732 1597 2812 (per
1625 2733 1780 2811 quod
1814 2731 1966 2791 divi-
2047 2729 2269 2791 δτιηίῖἓ.
2289 2729 2435 2801 Quia
2459 2747 2634 2790 nemo
2655 2735 2844 2806 potest
2864 2729 2986 2791 Deo
3011 2729 3257 2802 servire,
3278 2736 3336 2790 et
3356 2725 3685 2815 secundum

330 2838 472 2880 num
507 2823 708 2885 lumen
741 2824 994 2904 amplius
1021 2841 1328 2902 apparere,
1361 2821 1785 2900 etamplificari
1818 2840 1965 2881 con-

331 2911 820 2991 suevit)divinum
855 2913 1051 2991 ignem
1075 2913 1134 2973 in
1161 2911 1332 2973 nobis
1365 2909 1758 2971 abundantius
1787 2910 1968 2971 alere.

2056 2819 2360 2880 hominem
2410 2817 2630 2880 vivere.
2667 2821 2823 2880 Vere
2866 2817 3014 2877 nihil
3058 2817 3292 2892 melius,
3342 2816 3570 2893 fratres,
3629 2813 3686 2873 in

2059 2908 2301 2982 mundo,
2343 2925 2516 2986 quam
2561 2905 2708 2967 nihil
2765 2905 2985 2967 habere
3036 2905 3264 2981 mundi,
3300 2922 3489 2982 neque
3539 2902 3691 2963 ultra

330 2999 404 3062 Ut
448 2989 605 3062 enim
659 3002 812 3082 apud
864 2989 970 3064 nos
1016 3002 1170 3080 ignis
1222 3000 1329 3062 sub
1379 3019 1618 3061 sensum
1667 2999 1885 3060 cadens
1913 2999 2031 3079 inc
2059 3017 2128 3059 ea
2154 3015 2284 3075 quae
2315 2997 2547 3075 corpori
2585 2996 2920 3056 necessaria
2949 3005 3106 3068 sunt,
3139 2994 3474 3056 desiderare
3506 2989 3683 3082 quid-

334 3088 494 3167 ligno
526 3081 912 3172 conspicitur,
939 3100 997 3154 et
1027 3091 1369 3170 scintillula,
1405 3089 1453 3150 si
1486 3088 1792 3150 materiam
1818 3108 1972 3149 com-
2057 3107 2253 3168 quam.
2286 3085 2618 3147 Necessitas
2647 3093 2844 3147 autem
2880 3089 3005 3159 ista,
3061 3085 3112 3145 si
3140 3083 3429 3145 rationem
3481 3081 3685 3143 audia-

329 3180 745 3258 prehenderit,
765 3200 1035 3259 magnam
1057 3181 1243 3243 facem
1268 3179 1554 3251 incendit,
1589 3178 1973 3259 appositoque

329 3269 693 3331 nutrimento
744 3273 1040 3332 flammam
1094 3272 1396 3350 ingentem
1445 3268 1737 3330 suscitat:
1773 3268 1861 3328 sic
1908 3287 1972 3330 se

330 3357 510 3420 habet
539 3361 691 3438 ignis
721 3359 823 3420 ille
855 3360 1202 3440 spiritualis,
1228 3360 1287 3419 in
1331 3357 1424 3420 his
1456 3376 1583 3438 quae
1601 3357 1713 3418 soli
1743 3356 1970 3419 intelli-

327 3448 542 3525 gentiae
571 3457 793 3529 patent.
827 3449 992 3522 Quod
1029 3448 1205 3526 igitur
1235 3449 1460 3526 lignum
1493 3454 1578 3508 est
1611 3445 1731 3525 igni
1765 3464 1971 3526 corpo-

325 3547 477 3608 rato,
512 3539 624 3600 hoc
650 3539 845 3600 anima
876 3539 1121 3600 rationis
1152 3556 1394 3618 compos
1425 3537 1655 3597 habens
1698 3537 1972 3598 mandata

324 3626 450 3705 igni
467 3627 818 3690 Divinitatis.
847 3628 974 3690 Non
997 3628 1154 3690 enim
1180 3626 1510 3690 secundum
1538 3627 1796 3703 seipsam
1817 3625 1971 3687 Divi-

325 3716 477 3779 nitas
528 3719 904 3799 perspicitur,
962 3719 1010 3780 si
1059 3718 1121 3778 in
1169 3717 1252 3791 id,
1306 3716 1462 3797 quod
1508 3722 1597 3776 est
1635 3715 1882 3775 rationis
1914 3722 1974 3776 et

324 3808 560 3871 consilii
591 3811 904 3890 particeps,
953 3828 1071 3870 non
1121 3805 1425 3869 inciderit.
1482 3805 1650 3868 Sicut
1679 3813 1873 3866 autem
1908 3824 1971 3866 se

327 3895 505 3959 habet
528 3898 679 3977 ignis
697 3899 792 3960 hic
815 3907 1017 3960 noster
1036 3897 1097 3958 in
1124 3897 1238 3971 his,
1256 3896 1328 3957 ad
1347 3914 1476 3974 quae
1498 3913 1709 3954 sensus
1738 3893 1968 3969 pertin-

327 3985 453 4064 git:
489 3987 566 4048 ita
619 3988 774 4067 ignis
807 3987 1198 4066 intelligibilis
1234 3987 1294 4046 in
1349 3985 1440 4045 his
1471 4003 1602 4064 quae
1641 3984 1713 4044 ad
1744 3983 1970 4045 intelli-

324 4075 588 4148 gentiam
617 4086 908 4156 spectant.
942 4077 1013 4138 Et
1035 4075 1329 4157 quomodo
1357 4073 1510 4153 ignis
1533 4072 1834 4134 sensibilis
1852 4092 1969 4132 non

323 4164 579 4244 videtur,
613 4165 730 4227 nisi
754 4167 814 4228 in
846 4166 1092 4229 materia
1120 4165 1295 4226 fuerit.
1320 4163 1603 4224 excitatus
1630 4183 1642 4224 :
1665 4163 1744 4223 ita
1764 4180 1969 4242 neque

322 4253 720 4333 intelligibilis
743 4256 804 4316 in
828 4254 1327 4334 intelligibilihus,
1362 4253 1475 4312 nisi
1508 4253 1569 4312 in
1599 4251 1846 4313 materia
1871 4270 1968 4311 sa-

2058 3195 2210 3251 mus,
2243 3186 2332 3237 est
2365 3176 2534 3255 panis
2562 3183 2618 3236 et
2647 3193 2818 3254 aqua,
2853 3174 3268 3237 vestimentum
3295 3181 3354 3233 et
3385 3180 3690 3250 tegumen-

2058 3275 2203 3340 tum,
2237 3265 2562 3327 secundum
2592 3265 2853 3326 divinum
2880 3261 3545 3343 Apostolum,hubentes
3570 3263 3692 3323 vic-

2055 3361 2184 3415 tum
2214 3361 2267 3415 et
2298 3354 2597 3426 vestitum,
2641 3351 2736 3414 his
2776 3352 3038 3412 contenti
3073 3353 3299 3413 erimus
3329 3351 3413 3412 73.
3438 3348 3608 3422 Quod
3641 3347 3692 3407 si

2051 3461 2118 3502 re
2149 3441 2344 3522 aliqua
2374 3440 2620 3521 insuper
2649 3439 2981 3516 egebimus,
3023 3439 3152 3519 ipse
3184 3458 3286 3519 pro
3319 3446 3482 3500 certo
3535 3455 3688 3517 prae-

2051 3531 2215 3592 bebit
2247 3529 2417 3591 nobis
2445 3530 2824 3609 credentiqus
2845 3538 2901 3590 et
2925 3527 3432 3609 sperantibus,qui
3466 3527 3692 3604 majora

2051 3624 2292 3702 largitus
2310 3631 2419 3696 est,
2438 3632 2491 3684 el
2506 3623 2704 3702 implet
2729 3641 2911 3684 omne
2935 3625 3102 3683 anim
3112 3621 3173 3682 al
3188 3621 3591 3684 benedictione
3603 3620 3686 3692 74,

2055 3713 2229 3774 modo
2281 3721 2493 3774 caetera
2533 3712 2731 3773 omnia
2776 3712 2953 3791 hujus
3000 3713 3172 3772 ﬂuxae
3220 3720 3274 3771 et
3306 3711 3534 3772 caducae
3560 3709 3690 3769 vitae

2053 3802 2499 3882 relinquamus;
2560 3811 2698 3881 puta
2754 3819 2959 3861 vanam
3019 3800 3294 3879 gloriam,
3354 3798 3685 3859 invidiam:

2053 3892 2496 3956 contentionem
2530 3908 2820 3966 mutuam,
2852 3891 3073 3965 dolum,
3131 3890 3686 3964 murmurationem,

2053 3983 2233 4056 I‘iXdS,
2270 3982 2671 4057 mendacium,
2705 3982 3056 4062 perjurium,
3101 3980 3446 4060 injustitiam
3497 3979 3693 4041 avari-

2057 4072 2216 4145 tiam,
2253 4071 2696 4151 contumeliam,
2730 4070 3113 4145 calumniam,
3149 4069 3700 4144 maledictum,con-

2053 4166 2463 4233 certationem,
2509 4159 3028 4233 obtrectationem,
3060 4157 3561 4230 criminationem,
3595 4176 3696 4218 su-

2053 4248 2347 4328 perbiam,
2380 4248 2686 4310 hominum
2732 4247 2956 4322 odium,
3013 4245 3480 4327 improbitatem,
3513 4255 3691 4308 caete-

321 4361 557 4404 rrorum
618 4345 1056 4417 mandatorum,
1093 4343 1259 4424 quasi
1305 4342 1365 4402 in
1412 4341 1589 4420 lignis
1624 4340 1918 4402 exstiterit
1952 4357 1965 4401 :
1993 4352 2234 4417 Draque
2258 4336 2555 4416 universa,
2577 4356 2706 4417 qum
2737 4337 3008 4398 diabolus
3039 4354 3224 4414 genus
3247 4337 3568 4398 humanum
3591 4335 3698 4397 do-

322 4432 436 4506 Qui
457 4433 658 4513 diligit
678 4452 795 4513 me,
823 4433 1011 4514 inquit
1038 4433 1347 4511 Dominus,
1363 4430 1656 4492 mandata
1682 4447 1812 4491 mea
1834 4446 1965 4490 ser-

321 4524 510 4598 vabit,
536 4530 593 4586 et
616 4541 721 4601 ego
760 4524 1014 4605 diligam
1052 4541 1206 4602 eum,
1229 4531 1284 4584 et
1328 4521 1730 4599 inani/“(astabo
1756 4525 1810 4580 ei
1840 4537 1970 4582 me-

319 4613 519 4693 ipsum
541 4613 624 4670 70.
652 4612 810 4692 Ignis
839 4631 1015 4694 quem
1042 4631 1219 4674 sensu
1245 4610 1627 4690 percipimus,
1658 4617 1970 4688 antequam

320 4701 557 4774 emicet,
595 4702 734 4763 latet
765 4703 826 4763 in
860 4700 1244 4762 sensibilibus
1275 4719 1288 4763 :
1323 4709 1380 4760 et
1400 4699 1664 4760 abditum
1693 4707 1781 4759 est
1816 4697 1966 4758 divi-

320 4809 458 4852 num
495 4792 718 4866 lumen,
741 4792 1082 4873 priusquam
1112 4791 1366 4864 eluceat,
1391 4789 1450 4848 in
1475 4788 1568 4849 his
1599 4806 1734 4868 qua:
1756 4786 1972 4846 intelli-

317 4881 531 4960 gentiae
565 4891 721 4944 sunt.
753 4880 909 4960 Ignis
940 4877 1297 4961 principium
1349 4897 1468 4938 non
1500 4873 1966 4955 comprehendi-

318 4978 435 5051 tur,
471 4978 678 5052 estque
714 4970 1007 5032 occultum
1053 4968 1112 5028 in
1155 4966 1571 5029 sensibilibus:
1613 4973 1674 5026 et
1722 4963 1966 5026 inzclle-

314 5061 526 5122 ctualis
562 5060 715 5140 ignis
741 5059 1120 5142 principium,
1158 5066 1246 5118 est
1271 5057 1568 5117 occultum
1593 5058 1650 5115 in
1675 5053 1858 5116 rebus
1885 5052 1958 5142 ad

312 5148 768 5228 intelligentiam
801 5147 1455 5230 spectantibus.\'erum
1489 5141 1961 5221 sensibilisignis

314 5239 701 5301 sensibilibus
747 5238 1074 5300 substantia
1124 5235 1336 5297 similis
1396 5242 1536 5296 est:
1572 5230 1962 5310 intelligibilis

311 5336 506 5389 autem
557 5329 714 5408 ignis
761 5325 1238 5403 intelligibilibus
1286 5323 1614 5384 substantia
1653 5319 1962 5381 dissimilis

313 5424 425 5489 est,
459 5417 597 5499 quia
625 5416 822 5499 opifex
874 5435 1008 5478 cum
1039 5414 1274 5498 opificio
1322 5432 1428 5475 suo
1479 5412 1637 5473 idem
1694 5428 1811 5471 non
1845 5418 1955 5470 est.

393 5619 459 5671 69
489 5618 633 5682 Luc.
663 5638 707 5696 ι,
733 5621 836 5696 78,
874 5620 973 5684 79.

321 5717 518 5783 οων,
548 5700 642 5767 16.

1059 5619 1122 5668 70
1149 5620 1322 5681 Joan.
1356 5633 1479 5692 xw,
1509 5617 1610 5679 21.

1697 5613 1749 5663 ’7¹
1782 5611 1911 5676 Jac.
1943 5629 2026 5694 1v,
2073 5611 2132 5672 4.

2051 4426 2173 4486 cuit
2205 4424 2451 4504 Propter
2481 4425 2606 4486 haec
2633 4426 2792 4486 enim
2821 4445 2938 4486 non
2984 4425 3233 4504 diligere
3267 4425 3692 4500 mundum,nec

2053 4533 2122 4576 ea
2155 4533 2287 4595 qum
2318 4514 2377 4574 in
2408 4514 2628 4576 mundo
2662 4523 2821 4588 sunt,
2849 4514 3004 4594 jussi
3027 4534 3257 4575 sumus.
3290 4513 3416 4576 Non
3448 4523 3509 4576 ut
3531 4532 3689 4575 crea-

2055 4612 2214 4665 turas
2236 4603 2344 4664 Dei
2367 4604 2499 4665 sine
2528 4604 2648 4665 ullo
2675 4605 3023 4666 discrimine
3050 4604 3186 4666 odio
3212 4621 3680 4685 persequamur:

2054 4696 2156 4755 sed
2199 4701 2262 4754 ut
2294 4693 2583 4754 malorum
2612 4694 2958 4755 occasiones
2990 4693 3404 4773 praecidamus,
3441 4694 3688 4773 Propter

2053 4784 2181 4844 haec
2211 4783 2406 4862 itaque
2440 4783 2750 4858 mundum,
2789 4792 2843 4844 et
2874 4784 3072 4844 omnia
3104 4802 3136 4844 a
3166 4783 3285 4844 Deo
3339 4785 3689 4855 avertentia,

2055 4881 2113 4932 et
2140 4871 2214 4933 ad
2249 4872 2577 4950 periculum
2603 4872 2816 4934 animae
2845 4871 3207 4933 deducentia
3234 4870 3525 4949 fugiamus
3555 4889 3689 4934 cen-

2053 4979 2178 5021 seo.
2234 4959 2467 5020 Etenim
2522 4960 2654 5040 quis
2687 4960 2889 5040 gloriae
2919 4967 2977 5021 et
3007 4959 3253 5021 honoris
3283 4960 3526 5023 humani
3567 4960 3694 5022 avi-

2044 5048 2176 5128 dus,
2238 5055 2571 5109 extremum
2632 5049 3104 5128 vilissimumque
3159 5048 3424 5109 omnium
3467 5068 3533 5111 se
3575 5068 3690 5110 un-

2043 5156 2221 5217 quam
2251 5138 2574 5219 reputabit,
2607 5148 2667 5199 et
2689 5139 2932 5200 humilis
2959 5137 3195 5218 Spiritu,
3229 5146 3330 5198 aut
3357 5138 3536 5200 corde
3555 5157 3690 5200 con-

2046 5225 2218 5287 tritus
2271 5228 2392 5300 fiet,
2426 5236 2526 5288 aut
2565 5228 2768 5306 lugere
2801 5246 3082 5309 unquam,
3137 5225 3379 5288 omnino
3431 5228 3694 5308 poterit?

2045 5314 2186 5386 Quis
2205 5315 2348 5376 item
2370 5335 2574 5378 amans
2587 5317 2845 5396 divitias,
2867 5316 3375 5397 pecuniarumque
3387 5329 3447 5377 et
3464 5335 3694 5396 posses-

2043 5405 2277 5467 sionum
2295 5406 2613 5487 cupiditate
2631 5403 3143 5488 pessumdatus,ad
3159 5404 3294 5466 aliis
3310 5406 3690 5468 tribuendum

3452 5611 3516 5662 74
3537 5609 3690 5673 Ρεειὶο

2219 5607 2331 5672 ἸΞΙ
2374 5611 2545 5673 .Ioan.
2583 5628 2648 5687 ιι,
2687 5613 2780 5676 15.
2865 5613 2919 5657 73
2951 5616 2973 5678 Ι
3001 5613 3158 5676 Tim.
3191 5629 3272 5694 v1,
3305 5613 3366 5677 8.
