4112 6106
415 285 528 358 417

1820 292 2102 368 ORATIO
2146 290 2314 367 ΧΧΙῘ
2328 313 2349 365 .’

3667 288 3786 362 418

422 431 791 511 misericors,
839 443 897 498 et
943 435 1137 498 aliena
1187 436 1339 499 mala
1368 436 1602 519 dolens,
1638 444 1696 499 et
1722 456 1839 499 non
1868 438 2125 518 potiusA
2148 455 2252 518 per
2282 436 2367 517 id,
2393 454 2504 498 nec
2525 434 2714 496 videri
2749 435 2821 497 ab
2851 433 2969 497 alio
3005 454 3018 499 :
3053 433 3156 497 sed
3189 452 3261 496 ex
3291 433 3432 497 inde
3462 427 3604 497 solis
3635 435 3786 502 invi-

421 523 583 584 omni
629 524 753 586 fera
808 525 1095 587 immitior
1139 535 1313 607 atque
1347 528 1647 589 credulior
1675 526 2061 589 invenietur?

421 607 563 681 Quis
593 629 754 674 vanae
784 613 987 690 gloriae
1010 614 1394 695 mancipium,
1423 622 1481 676 et
1497 614 1834 692 arrogantia
1859 614 2061 677 obses-

423 716 543 771 sus,
581 701 901 782 aliquando
925 703 996 765 ab
1030 705 1377 778 invidentia,
1405 713 1467 768 et
1486 705 1918 768 obtrectatione
1941 706 2062 768 dis-

423 788 624 850 cedet?
652 790 764 863 Qui
785 800 984 854 autem
1010 795 1084 855 ad
1108 795 1376 876 corporis
1395 796 1565 857 etiam
1587 796 1913 876 voluptates
1934 815 2060 876 per-

431 876 706 942 fruendas
723 901 858 943 sese
872 882 927 943 di
938 883 1321 965 miserit,etin
1336 904 1500 947 cceno
1520 885 1830 946 libidinum
1842 885 2066 947 voluta-

440 973 797 1055 tur,quando
816 972 1053 1034 tandem
1071 975 1327 1036 mundus
1343 975 1518 1037 corde
1543 973 2065 1055 evadet,autquan-

424 1053 497 1115 do
511 1061 878 1138 etquomodo
896 1060 1082 1122 Deum
1098 1061 1510 1124 fabricatorem
1529 1080 1699 1123 suum
1724 1053 1984 1122 videbit?

500 1145 628 1207 Jam
660 1150 944 1228 paciﬁcus
976 1169 1090 1230 quo
1123 1159 1295 1231 pacto
1345 1152 1579 1213 futurus
1620 1159 1730 1226 est,
1766 1151 1868 1230 qui
1899 1150 2062 1230 seip-

418 1253 548 1296 sum
591 1236 867 1298 alienavit
915 1255 947 1299 a
997 1238 1144 1319 Deo,
1180 1259 1289 1301 nec
1341 1241 1640 1301 dicentem
1691 1240 1902 1301 audit:
1945 1239 2062 1302 Pro

419 1324 654 1386 Christo
686 1326 981 1406 legatione
998 1328 1346 1408 fungimur,
1367 1337 1593 1408 t‘unqua
1604 1347 1657 1389 m
1679 1329 1804 1390 Deo
1822 1347 1934 1406 per
1955 1346 2060 1390 nos

418 1415 796 1489 exhortante,
829 1417 1314 1480 reconciliamini
1338 1420 1462 1481 Deo
1494 1421 1556 1469 75
1597 1419 1874 1498 Quisquis
1899 1418 2059 1479 enim

417 1522 526 1583 per
558 1505 973 1567 mandatorum
1005 1507 1384 1570 violationem
1419 1527 1551 1569 cum
1578 1510 1698 1570 Deo
1723 1507 1940 1569 bellum
1962 1527 2063 1584 ge-

415 1592 516 1666 rit,
551 1594 785 1657 etiamsi
818 1615 1025 1657 omnes
1055 1596 1210 1657 inter
1237 1615 1300 1658 se
1333 1596 1754 1677 paciﬁcaverit,
1792 1596 2062 1657 Deihos-

417 1681 492 1743 tis
525 1692 653 1745 est:
690 1685 985 1764 siquidem
1018 1704 1131 1747 nec
1163 1693 1226 1746 ut
1271 1685 1410 1766 ipsi,
1462 1686 1618 1748 inter
1667 1705 1814 1766 quos
1859 1704 2063 1763 pacem

418 1772 718 1843 conciliat,
753 1777 875 1836 Deo
909 1775 1200 1854 placeant,
1237 1774 1295 1835 id
1349 1774 1508 1836 facit.
1562 1777 1708 1837 Nam
1765 1793 1896 1836 cum
1938 1775 2066 1855 ipse

2145 525 2420 588 sibilibus
2450 525 2722 600 afﬁcitur,
2773 524 3092 606 nullusque
3128 524 3181 585 ei
3230 525 3435 585 harum
3471 545 3601 606 quae
3629 533 3784 610 apud

2144 633 2253 676 nos
2281 622 2417 676 sunt
2439 633 2637 676 rerum
2673 632 2904 688 sensus,
2931 622 3028 674 aut
3052 630 3195 674 cura
3213 621 3473 692 superat,
3507 633 3639 678 cum
3664 620 3786 683 illic

2145 703 2444 784 duplicem
2473 705 2676 784 vitam,
2728 711 2786 764 et
2836 701 3138 779 geminum
3195 711 3493 766 certamen
3547 705 3782 786 habeat,

2148 802 2249 854 aut
2278 792 2443 872 regni
2475 791 2752 866 cmlestis,
2782 799 2839 852 et
2869 799 3105 852 aeternae
3147 790 3388 869 gloriae;
3427 801 3523 852 aut
3552 796 3784 873 gehen-

2148 901 2260 956 nae,
2293 901 2360 943 ac
2392 899 2579 962 pcenaz
2609 881 2786 960 ignis.
2839 880 3110 944 Alterum
3169 879 3389 960 quippe
3447 881 3657 945 horum
3709 888 3783 949 ad

2146 971 2553 1032 hiereditatem
2588 969 3013 1048 sempiternam
3048 987 3152 1049 pro
3178 968 3404 1030 meritis
3429 988 3461 1030 a
3487 969 3608 1035 Deo
3629 977 3785 1038 reci-

2147 1061 2253 1142 pit.
2279 1059 2568 1132 Quocirca
2601 1059 2675 1120 ob
2702 1060 2825 1120 haec
2856 1058 3148 1120 fallaciam
3182 1057 3358 1137 hujus
3387 1058 3539 1138 vitae,
3569 1073 3626 1126 et
3657 1084 3787 1146 quae

2148 1158 2405 1231 putatur,
2429 1150 2560 1228 ejus
2585 1149 2840 1210 lmtitiam
2867 1147 3182 1227 fugiamus.
3215 1155 3272 1209 et
3288 1148 3362 1209 ad
3384 1149 3574 1212 solum
3593 1152 3789 1217 Chris-

2147 1249 2266 1300 tum
2318 1239 2651 1300 animarum
2704 1238 3067 1300 Salvatorem
3123 1255 3526 1321 accurramus,
3561 1260 3783 1322 quaeso.

2143 1328 2313 1391 Hunc
2363 1326 2631 1389 invenire
2679 1325 3046 1400 studeamus,
3097 1325 3197 1405 qui
3249 1324 3470 1406 ubique
3525 1347 3787 1409 praesens

2144 1419 2331 1493 adest,
2369 1423 2424 1478 et
2455 1417 2766 1477 inventum
2808 1423 3139 1488 teneamus,
3175 1416 3573 1498 prostratique
3613 1422 3786 1500 pedi-

2146 1507 2256 1568 bus
2287 1509 2437 1586 ejus,
2475 1525 2576 1567 eos
2605 1505 2830 1567 fervide
2863 1504 3317 1594 amplectamur.
3361 1503 3467 1567 Eia
3508 1507 3786 1594 obsecro,

2145 1599 2490 1659 studeamus
2513 1596 2650 1657 dum
2686 1611 3075 1674 supersumus
3100 1592 3294 1673 ipsum
3319 1594 3518 1657 videre
3549 1605 3606 1658 et
3638 1592 3784 1661 con;

2148 1687 2442 1766 tcmplari.
2484 1685 2543 1748 Si
2571 1685 2730 1745 enim
2773 1683 2942 1763 digni
2983 1682 3358 1764 habebimur,
3400 1685 3502 1765 qui
3526 1705 3660 1749 eum
3689 1689 3787 1752 hic

2149 1794 2329 1836 sensu
2359 1775 2579 1854 vigenti
2610 1773 2938 1846 videamus,
2969 1791 3084 1832 non
3104 1775 3789 1854 moriemur,morsnos.

421 1861 649 1939 primus
694 1863 771 1926 sit
801 1864 1076 1926 inimicus
1120 1865 1210 1924 sui
1240 1883 1307 1926 ac
1339 1864 1468 1939 Dei,
1523 1864 1750 1926 inimici
1781 1865 1887 1927 Dei
1918 1865 2226 1944 fiuntBtri
2276 1884 2392 1925 non
2444 1862 2846 1925 dominabitur
2889 1862 2974 1924 76.
3027 1863 3115 1924 Ne
3163 1871 3574 1942 exspectemus
3623 1876 3687 1928 ut
3724 1869 3786 1930 in

419 1951 596 2013 etiam
630 1952 712 2028 hi,
750 1953 848 2034 qui
875 1972 980 2034 per
999 1954 1144 2015 tales
1171 1973 1376 2034 pacem
1404 1954 1864 2035 amplectuntur.
1892 1957 2064 2018 Pror-

420 2058 519 2101 sus
551 2041 709 2101 enim
744 2043 844 2121 qui
874 2043 1153 2103 adversus
1202 2043 1540 2124 quempiam
1586 2043 1865 2106 hostilem
1916 2044 2066 2122 gerit

417 2130 707 2206 animum,
742 2150 870 2212 quae
899 2133 1055 2193 hosti
1087 2132 1360 2194 videntur
1389 2141 1446 2195 et
1477 2133 1710 2214 placent
1741 2134 1969 2195 caeteris
1993 2151 2062 2194 ex

419 2217 618 2280 animo
671 2221 945 2296 suadere,
1010 2229 1066 2283 et
1114 2222 1332 2285 docere
1383 2241 1485 2284 eos
1531 2223 1749 2303 facere,
1802 2240 1933 2302 qua:
1964 2223 2065 2283 ille

418 2307 563 2383 vult,
618 2310 830 2389 nescit,
883 2318 1088 2391 utpote
1146 2312 1262 2373 alia
1313 2311 1430 2391 via,
1477 2319 1536 2372 et
1581 2310 1738 2372 illius
1781 2311 2066 2375 voluntati

421 2399 720 2459 contraria
749 2399 1061 2463 incedens.
1094 2403 1316 2481 Itaque,
1343 2400 1547 2462 dilecti
1583 2400 1816 2474 fratres,
1860 2400 2054 2461 oderi-

423 2504 555 2546 mus
611 2489 921 2563 mundum,
959 2497 1015 2550 et
1047 2508 1115 2550 ea
1149 2509 1280 2570 quze
1332 2489 1393 2550 in
1446 2489 1665 2550 mundo
1721 2497 1857 2550 sunt
1913 2488 2066 2561 Quid

422 2593 683 2656 namque
715 2577 885 2638 nobis
915 2598 1047 2639 cum
1081 2579 1325 2652 mundo,
1352 2585 1408 2638 et
1437 2596 1569 2639 cum
1595 2578 1666 2638 iis
1688 2579 1788 2658 qui
1813 2579 1872 2639 in
1902 2597 2069 2638 mun-

424 2663 499 2722 do
520 2665 720 2726 vivunt
749 2666 1134 2728 hominibus?
1166 2667 1590 2731 Desideremus
1613 2676 1818 2729 contra
1839 2667 2068 2728 medul-

422 2752 583 2832 litus,
617 2773 747 2834 quae
777 2754 936 2817 Deus
966 2757 1243 2836 amplecti
1275 2775 1382 2817 nos
1422 2756 1617 2835 jubet,
1657 2765 2064 2838 paupertatem

423 2843 688 2922 spiritus,
724 2864 898 2924 quam
932 2845 1174 2906 divinus
1205 2864 1400 2907 sermo
1439 2846 1832 2908 humilitatem
1865 2846 2063 2906 nomi-

424 2942 566 2994 nat:
604 2933 824 2994 luctum
859 2943 1206 3015 perpetuum
1240 2934 1334 2995 die
1383 2953 1450 2996 ac
1489 2944 1766 3014 nocte,ex
1797 2954 1912 3015 quo
1945 2942 2066 2995 tan-

427 3040 604 3100 quam
634 3040 666 3082 e
694 3022 852 3084 fonte
873 3024 1154 3102 gaudium
1179 3023 1413 3099 animae,
1448 3025 1852 3086 etconsolatio
1877 3024 2062 3085 Deum

425 3110 816 3188 diligentibus
847 3112 904 3172 in
939 3113 1117 3174 horas
1148 3113 1410 3193 profluit.
1448 3113 1528 3174 Ex
1561 3115 1671 3175 hoc
1698 3113 1973 3175 omnibus
2004 3113 2064 3173 in

423 3199 678 3261 veritate
737 3200 1099 3262 certantibus
1148 3202 1536 3263 mansuetudo
1585 3203 1762 3264 etiam
1813 3202 2069 3264 feliciter

425 3288 717 3368 procedit,
771 3289 1063 3368 justitiam
1124 3290 1526 3352 esurientibus
1576 3309 1644 3352 ac
1702 3291 2064 3372 sitientibus,

422 3394 783 3457 semperque
810 3396 1058 3455 regnum
1089 3378 1219 3454 Dei,
1263 3379 1417 3459 quod
1452 3398 1690 3441 omnem
1743 3381 2067 3441 humanum

428 3483 672 3527 sensum
705 3475 1040 3548 exsuperat,
1076 3467 1500 3548 quaerentibus.
1536 3472 1741 3548 Neque
1785 3471 1896 3530 hoc
1933 3478 2067 3531 tan-

430 3560 581 3630 tum,
642 3556 747 3616 sed
809 3565 866 3618 et
910 3557 1250 3638 quempiam
1313 3557 1758 3620 misericordem
1810 3557 1963 3634 fieri,
2013 3566 2072 3621 et

429 3644 652 3705 mundo
684 3645 887 3722 corde,
937 3647 1177 3726 plenum
1225 3647 1404 3727 pacis,
1441 3655 1500 3707 et
1541 3647 1874 3728 paciticum,
1922 3668 2070 3710 con-

431 3741 640 3814 traque
671 3735 1028 3796 tentationes
1058 3736 1393 3797 animosum
1426 3755 1494 3798 ac
1525 3737 1751 3798 virilem
1786 3737 1940 3798 hinc
1959 3745 2068 3812 est,

432 3840 504 3883 ex
535 3823 884 3902 quotidiano
918 3825 1076 3886 luctu
1113 3825 1410 3887 videlicet.
1445 3825 1596 3887 Hinc
1628 3829 1764 3888 item
1799 3835 2076 3906 peccato-

433 3931 564 3972 rum
618 3913 820 3973 odium
869 3914 929 3974 in
978 3913 1151 3974 nobis
1208 3918 1488 3976 nascitur.
1553 3915 1700 3976 Hinc
1755 3915 1986 3976 divinas
2013 3915 2075 3976 in

432 4000 634 4061 anima
663 4001 828 4063 zelus
856 4003 1222 4076 accenditur,
1258 4003 1362 4083 qui
1394 4004 1553 4065 nullo
1580 4004 1753 4064 modo
1787 4023 1916 4064 eam
1948 4003 2075 4084 qui-

433 4107 667 4170 escere,
699 4097 798 4151 aut
833 4109 966 4151 cum
1005 4091 1291 4170 improbis
1312 4092 1382 4152 ad
1409 4091 1848 4172 improbitatem
1881 4093 2073 4153 decli-

435 4195 580 4240 nare
599 4178 854 4258 patitur:
891 4179 996 4240 sed
1030 4197 1158 4240 eam
1189 4179 1458 4241 virilitate
1491 4199 1560 4241 ac
1593 4180 1808 4240 virtute
1840 4179 2068 4261 implet,

435 4284 551 4346 quo
585 4266 644 4326 in
673 4266 854 4328 rebus
881 4268 1162 4329 adversus
1193 4287 1386 4348 usque
1407 4270 1477 4329 ad
1505 4268 1686 4329 ﬁnem
1717 4277 2074 4348 perseveret.

436 4358 779 4445 curramus.
815 4375 1267 4437 persequamur,
1311 4357 1501 4420 donec
1531 4357 1834 4438 quippiam
1867 4377 1898 4419 e
1924 4365 2142 4445 stan—D

438 4444 618 4526 tibus,
664 4464 732 4508 ac
791 4445 1040 4507 minime
1096 4447 1416 4508 ﬂuentibus
1472 4448 2072 4527 comprehendamus.

435 4534 763 4596 Pmsentia
815 4543 1027 4596 cuncta
1074 4544 1344 4616 pereunt,
1380 4544 1438 4597 et
1489 4544 1549 4597 ut
1597 4536 1827 4597 somnia
1862 4545 2077 4613 praete-

435 4633 632 4699 reunt,
668 4623 939 4705 nihilque
997 4625 1158 4686 inter
1215 4643 1283 4686 ea
1337 4643 1465 4706 quae
1511 4625 1700 4686 oculis
1731 4625 2072 4704 aspicimus,

440 4711 679 4773 ﬁrmum
710 4721 820 4790 est,
849 4734 916 4776 ac
946 4715 1175 4776 stabile.
1205 4713 1324 4788 Sol,
1353 4723 1528 4789 astra,
1559 4715 1793 4789 ctelum,
1816 4722 1874 4776 et
1897 4723 2074 4794 terra,

439 4801 638 4862 omnia
670 4810 1020 4879 transeunt;
1051 4803 1211 4865 solus
1242 4821 1308 4864 ex
1343 4803 1618 4864 omnibus
1649 4804 1828 4864 homo
1855 4812 2075 4866 manet.

438 4889 591 4961 Quid
626 4910 763 4970 ergo
783 4911 849 4953 ex
869 4892 1329 4972 aspectabilibus
1351 4891 1642 4954 universis
1665 4893 1943 4970 prodesse
1967 4911 2076 4953 uo-

439 4979 532 5040 bis
563 4981 802 5060 poterit,
838 5001 970 5043 cum
1013 4981 1336 5061 moriendi,
1359 4981 1682 5043 necessitas
1727 4980 2080 5044 advenerit?

441 5088 572 5132 cum
607 5071 747 5132 hinc
769 5071 839 5132 ad
864 5071 1027 5131 illam
1050 5071 1206 5132 illius
1236 5071 1438 5131 szeculi
1466 5070 1734 5150 requiem
1759 5070 2076 5151 abibimus,

444 5165 506 5220 et
536 5159 766 5238 fugacia
791 5159 899 5220 ista
923 5169 1052 5240 post
1076 5178 1184 5220 nos
1204 5159 1660 5239 relinquemus?
1691 5157 1858 5230 Quod
1878 5159 1925 5220 si
1960 5159 2084 5220 haec

444 5246 699 5311 visibilia
756 5249 1024 5310 nondum
1103 5247 1474 5320 transibunt,
1539 5247 1679 5327 quid
1734 5247 1885 5308 lucri
1942 5247 2082 5308 inde

445 5337 643 5415 nobis,
677 5357 748 5400 ex
791 5338 903 5400 hoc
924 5338 1137 5400 szeculo
1169 5345 1358 5399 morte
1389 5337 1693 5416 digressis,
1729 5345 1787 5398 et
1815 5339 1912 5400 hic
1943 5355 2084 5399 exa-

445 5425 598 5488 nimi
641 5428 848 5488 relicto
898 5429 1200 5507 corpore?
1251 5430 1335 5490 Ex
1379 5444 1498 5506 quo
1530 5427 1686 5487 enim
1720 5429 1917 5488 anima
1949 5445 2086 5489 cor-

2146 1956 2340 2016 futuro
2375 1973 2509 2015 eum
2533 1953 2860 2033 videamus,
2896 1951 3000 2013 sed
3035 1969 3192 2012 nunc
3221 1969 3356 2013 eum
3378 1953 3582 2017 videre
3608 1958 3785 2018 anni-

2148 2051 2361 2119 tamur,
2389 2062 2522 2105 cum
2538 2053 2592 2104 et
2607 2041 2868 2104 Joannes
2889 2040 3223 2118 Theologus
3240 2039 3320 2101 ita
3343 2041 3528 2105 dicat:
3545 2043 3786 2109 Scimus

2147 2140 2368 2208 autem,
2398 2134 2689 2213 quoniam
2711 2133 2898 2194 Deum
2921 2130 3206 2192 habemus
3228 2132 3292 2192 in
3327 2133 3602 2196 cordibus
3640 2154 3785 2198 nos-

2149 2230 2280 2298 tris,
2331 2241 2408 2285 ex-
2455 2224 2714 2303 Spiritu,
2762 2239 2939 2300 quem
2988 2221 3062 2281 ab
3116 2224 3239 2299 ipso
3302 2223 3644 2302 accep-imus
3698 2227 3783 2290 77.

2148 2312 2496 2392 Quicunque
2549 2311 2723 2390 igitur
2773 2310 2950 2371 ﬁdem
3014 2311 3068 2370 in
3129 2309 3322 2389 ipsum
3385 2329 3455 2372 ex
3508 2313 3790 2393 operibus

2149 2401 2459 2463 infractam
2511 2419 2578 2463 ac
2622 2399 2896 2462 stabilem
2928 2397 3294 2476 ostendistis,
3330 2418 3461 2479 quae
3490 2420 3523 2462 a
3554 2403 3726 2465 nobis
3757 2423 3792 2466 a

2151 2491 2448 2572 principio
2481 2490 2639 2552 dicta
2660 2499 2798 2551 sunt
2829 2498 3124 2564 accurate,
3151 2488 3422 2569 beneque
3451 2491 3786 2570 dijudican-

2150 2587 2262 2654 tes,
2297 2587 2522 2654 cavete,
2550 2598 2624 2639 ne
2645 2579 2783 2638 dum
2811 2576 3024 2657 putatis
3056 2596 3160 2638 vos
3186 2577 3474 2639 christum
3506 2579 3565 2640 in
3591 2581 3789 2643 vobis-

2151 2679 2273 2728 met
2300 2667 2544 2743 habere,
2571 2686 2687 2727 non
2711 2665 3198 2727 animadvertetis
3226 2684 3326 2728 vos
3362 2667 3511 2729 nihil
3542 2669 3789 2745 habere,

2148 2756 2462 2837 vacuisque
2493 2755 2767 2817 manibus
2799 2774 2831 2816 e
2852 2754 2968 2817 vita
2995 2755 3431 2832 subducamini,
3459 2767 3517 2818 et
3542 2759 3792 2823 audiatis

2150 2845 2328 2926 (quod
2379 2847 2534 2907 Deus
2582 2845 2827 2924 avertat)
2887 2863 3091 2905 vocem
3144 2844 3303 2905 illam
3364 2847 3717 2909 horribilem
3772 2868 3786 2909 :

2156 2936 2367 2998 Tollite
2396 2937 2549 3015 quod
2595 2953 2806 2996 servus
2864 2951 3118 3012 nequam
3177 2935 3415 2998 videtur
3463 2938 3700 3010 habere,
3735 2944 3794 3000 et

2148 3025 2285 3086 date
2309 3025 2446 3102 plus
2470 3023 2720 3087 habenti
2749 3023 2831 3085 78.
2857 3024 3023 3085 Tunc
3050 3023 3108 3082 in
3133 3043 3371 3084 omnem
3403 3027 3788 3088 aeternitatem

2149 3113 2478 3193 plorabitis,
2513 3121 2570 3174 et
2601 3111 2902 3191 lugebitis,
2940 3119 2997 3172 et
3023 3111 3429 3176 tristabimini.

2710 3218 2995 3283 ORATIO
3049 3219 3228 3282 XXII.

2755 3329 3182 3376 ABGUMENTUM.

2151 3419 2295 3487 Quid
2338 3421 2446 3477 sibi
2491 3421 2621 3478 velit
2667 3439 2682 3474 :
2733 3441 2756 3475 ‹
2813 3422 2920 3488 Qui
2956 3421 3302 3494 crediderit,
3361 3433 3433 3494 et,
3470 3422 3792 3494 baptizafus

2218 3494 2414 3564 fuerit,
2443 3494 2629 3550 salvus
2658 3495 2766 3549 erit
2809 3511 2827 3550 :
2867 3493 2964 3564 qui
2999 3507 3127 3548 vero
3154 3509 3268 3548 non
3308 3493 3628 3557 crediderit,
3660 3510 3792 3550 con-

2224 3564 2574 3621 demnabitur
2603 3565 2675 3616 79.
2715 3585 2734 3615 ιι
2773 3565 2904 3632 Quae
2930 3564 3041 3620 sint
3076 3565 3368 3622 charitatis
3411 3579 3545 3636 erga
3593 3566 3792 3634 Deum,

2223 3640 2274 3692 et
2313 3638 2642 3707 proximum
2690 3641 3039 3702 argumenta.
3073 3638 3143 3690 De
3165 3636 3429 3707 perfecta,
3462 3641 3512 3691 et
3539 3651 3796 3692 consum-

2224 3705 2378 3763 mata
2407 3708 2700 3772 charitate,
2730 3708 2950 3778 ejusque
2985 3705 3298 3778 efﬁcientia.
3335 3705 3457 3763 Nisi
3486 3708 3575 3762 hic
3603 3708 3795 3763 chari-

2230 3779 2377 3839 tatis.
2413 3786 2459 3834 et
2484 3779 2820 3835 sanctissimi
2848 3778 3090 3850 Spiritus
3114 3779 3410 3850 participes
3433 3779 3558 3849 ﬁeri
3578 3778 3793 3834 labore-

2227 3865 2514 3922 mus,rnon
2540 3864 2714 3922 posse
2749 3865 2845 3922 nec
2873 3849 3213 3922 ﬁdeles,_nec
3238 3849 3621 3922 Christianos
3659 3865 3790 3922 esse,

2227 3936 2324 3977 nec
2351 3919 2631 3992 ﬁliosiDei
2657 3920 2932 3992 appellari
2963 3943 2975 3974 :
3010 3919 3117 3992 sed,
3129 3919 3313 3992 potius
3336 3935 3441 3992 pro
3484 3919 3795 3990 inﬁdelibus

2227 3991 2288 4048 in
2309 3993 2396 4047 die
2412 3991 2620 4062 judicii
2647 3990 3069 4047 condemnatum
3097 3990 3194 4046 iri.

2236 4089 2521 4152 Dominus
2551 4108 2618 4150 ac
2645 4091 2801 4152 Deus
2834 4097 3034 4150 noster
3053 4090 3224 4150 Jesus
3247 4089 3536 4172 Christus,
3558 4109 3792 4169 germa-

2155 4199 2266 4241 nus
2308 4178 2410 4240 Dei
2444 4177 2632 4240 Patris
2662 4177 2867 4252 Filius,
2904 4177 3174 4257 ejusdem
3205 4197 3339 4238 cum
3383 4178 3483 4240 illo
3514 4179 3788 4242 substan-

2161 4268 2276 4344 tize,
2311 4275 2556 4339 naturae,
2590 4265 2812 4345 gloriae,
2849 4266 3068 4328 sedens
3111 4267 3174 4326 in
3224 4267 3433 4328 eodem
3470 4269 3704 4344 throno,
3741 4278 3797 4330 et

2161 4356 2360 4418 throni
2400 4355 2620 4427 socius,
2659 4355 2719 4415 in
2752 4355 2922 4416 Patre
2956 4373 3224 4432 manens,
3260 4355 3415 4417 sicut
3446 4365 3504 4418 et
3535 4357 3707 4420 Pater
3737 4358 3799 4419 in

2159 4446 2312 4528 ipso,
2344 4446 2417 4507 ad
2451 4444 2774 4520 miseriam,
2807 4444 3312 4526 aﬂlictionemque
3344 4455 3625 4521 nostram,
3655 4450 3800 4529 quin

2162 4536 2337 4597 etiam
2369 4535 2441 4596 ad
2472 4533 2841 4613 servitutem,
2875 4551 3050 4614 quam
3086 4553 3192 4615 per
3221 4543 3526 4616 peccatum
3559 4536 3633 4598 ab
3679 4538 3798 4599 ini—

2164 4624 2316 4685 mico
2367 4623 2618 4688 seducti.
2672 4623 2867 4685 eidem
2919 4621 3160 4684 inimico
3205 4624 3632 4702 serviebamus,
3667 4645 3801 4689 cum

2159 4712 2543 4792 respexisset,
2571 4711 2935 4791 benignitate
2956 4730 3061 4773 sua
3091 4720 3309 4792 quanta
3330 4713 3448 4776 dici
3470 4734 3588 4776 non
3611 4723 3805 4795 potest

2162 4820 2269 4862 nos
2301 4801 2633 4882 miseratus,
2658 4801 2978 4882 volensque
3001 4819 3032 4862 e
3058 4801 3360 4876 servitute,
3377 4811 3437 4863 et
3457 4803 3804 4866 seductione

2161 4888 2501 4970 turpissima
2522 4889 2779 4971 eripere,
2807 4898 2964 4952 totus
2991 4891 3133 4953 inde
3155 4891 3466 4954 descendit
3487 4901 3795 4973 paternum

2160 4979 2355 5040 sinum
2389 4979 2544 5039 haud
2575 4978 2943 5061 relinquens,
2977 4987 3038 5040 ut
3070 4983 3194 5060 ipse
3231 4981 3414 5055 novit,
3437 4989 3494 5042 et
3516 4981 3806 5044 exsistens

2165 5069 2225 5128 in
2258 5074 2437 5147 terra,
2470 5067 2531 5127 in
2564 5067 2849 5142 tenebris,
2887 5075 2945 5130 et
2975 5069 3034 5129 in
3070 5067 3277 5130 umbra
3312 5068 3520 5132 mortis
3549 5070 3810 5132 sedenti-

2166 5155 2277 5218 bus
2332 5157 2607 5236 apparuit
2647 5157 2769 5238 79",
2802 5157 2876 5219 de
2926 5156 3152 5238 Spiritu
3211 5163 3440 5232 sancto,
3501 5166 3558 5219 et
3605 5167 3810 5222 sancta

2167 5262 2406 5324 semper
2437 5243 2682 5324 Virgine
2711 5245 2893 5308 Maria
2921 5245 3196 5306 humanis
3225 5243 3471 5307 artubus
3500 5256 3809 5310 contectus

2169 5332 2468 5396 videlicet.
2501 5337 2766 5416 Cumque
2797 5333 3183 5414 ambulasset,
3216 5341 3274 5396 et
3302 5353 3438 5396 cum
3469 5335 3811 5398 hominibus

2172 5419 2348 5483 nobis
2376 5441 2443 5483 ac
2477 5423 2890 5503 peccatoribus
2928 5430 3309 5485 conversatus
3340 5431 3522 5500 esset,
3554 5441 3622 5486 ac
3653 5424 3811 5486 divi-

449 5534 562 5597 pus
612 5535 784 5578 suum
837 5515 1192 5592 deseruerit,
1227 5534 1341 5578 nec
1385 5515 1588 5577 videre
1619 5515 1871 5596 amplius
1899 5524 2093 5598 potest
2173 5530 2311 5575 nam
2341 5513 2576 5576 vivendi
2602 5513 2920 5590 rationem,
2953 5512 3315 5594 modumque
3347 5512 3522 5576 nobis
3557 5513 3808 5576 demon-

528 5651 592 5702 75
619 5649 672 5714 II
705 5651 842 5712 Cor.
872 5666 936 5729 ν,
964 5651 1067 5714 20.

1155 5648 1217 5699 76
1258 5650 1434 5713 Rom.
1467 5665 1548 5725 vt,
1579 5649 1618 5712 8
1649 5666 1815 5731 seqq.

447 5730 656 5798 72133.
688 5747 768 5794 IX.

1902 5650 1962 5700 77
1988 5651 2160 5715 Joan.
2194 5666 2234 5726 ι,
2271 5648 2372 5710 t3.

2457 5647 2520 5696 78
2547 5649 2693 5710 Luc.
2743 5662 2864 5725 nx,
2897 5643 2977 5709 24
3004 5661 3174 5727 seqq.
3259 5644 3324 5696 79
3349 5647 3530 5712 Marc.
3559 5661 3679 5724 xw,
3713 5645 3812 5710 16.
