4112 6106
351 265 472 335 419
1657 252 2035 328 SYMEONIS
2073 259 2424 328 IUNIORIS
3610 257 3730 324 420

348 413 617 482 strasset,
651 408 1063 487 praeceptaque
1094 399 1377 462 salutaria
1408 400 1629 462 sanctis
1677 394 2053 478 discipulisA
2075 396 2264 487 magis
2289 403 2354 458 ut
2381 393 2664 487 inﬁdelis,
2697 400 2796 487 aut
2826 393 3003 487 etiam
3039 392 3292 487 inﬁdeli
3319 391 3722 487 ‘deterior_ju-

349 496 473 559 suis
497 481 805 573 edidisset,
831 481 1038 554 rursus
1068 489 1139 551 ad
1173 498 1400 570 patrem
1431 507 1602 550 suum
1635 507 1770 551 cum
1807 487 1993 567 gloria
2075 483 2410 561 dicabitur;
2443 483 2721 566 quoniam
2751 483 2812 544 in
2845 482 3172 573 majoribus
3195 482 3435 564 quidem
3464 481 3721 573 conﬁte-

348 584 637 664 ascendit,
663 571 800 646 dato
819 578 1032 642 iisdem
1063 578 1366 652 mandato,
1398 596 1612 660 nempe
1637 579 1790 640 hoc:
1817 576 1991 639 Eun-
2077 581 2174 664 tur
2192 593 2257 636 se
2293 573 2825 664 Christo_credere,
2861 572 2925 664 in
2967 571 3232 664 minimis
3261 580 3460 634 autem
3494 572 3716 664 ipsum,

350 683 433 737 tes
461 659 694 736 docetes
723 687 931 733 omnes
961 664 1992 748 gentes,baptizanteseosinnomi-
2073 662 2493 725 universorum
2536 661 2744 737 Deum,
2770 681 2839 724 ac
2882 661 3198 723 Dominum
3247 659 3577 724 contemnit
3611 677 3624 721 :
3667 665 3728 748 et

348 782 426 827 ne
447 763 675 837 Patris,
695 769 748 825 et
766 759 926 831 Filii,
944 747 999 821 et
1023 747 1292 838 Spiritus
1333 762 1559 832 sancti,
1592 757 1864 818 docentes
1895 772 1995 817 eos
2076 752 2362 834 proﬁtens
2385 771 2450 814 se
2479 753 2540 813 in
2561 749 2694 814 aliis
2725 750 2972 812 credere
3003 757 3066 812 ut
3095 749 3238 830 Deo,
3268 768 3436 831 aeque
3481 755 3546 838 ut
3590 747 3724 838 cui-

347 870 600 917 servare
621 836 996 914 omnia.Non
1013 836 1126 908 hoc
1145 855 1248 910 aut
1272 846 1419 908 illud
1444 863 1703 920 servare,
1729 844 1836 906 sed
1859 861 1993 906 om-
2077 840 2232 920 piam
2277 841 2535 922 plebeio,
2568 859 2638 902 ac
2686 839 2911 918 vulgari
2956 838 3129 902 ﬁdem
3163 839 3435 918 denegat,
3470 836 3720 907 dicenti,

350 944 460 1005 nia
476 957 864 1022 quiscumque
883 937 1174 998 mandavi
1194 935 1358 999 vobis
1377 935 1462 996 80.
1482 934 1771 1007 Quoniam
1793 941 1992 995 autem
2076 929 2251 1022 etiam
2284 931 2359 1022 de
2385 930 2567 1022 verbo
2596 929 2784 1022 otioso
2819 927 3094 990 homines
3123 929 3416 1022 rationem
3447 925 3722 1022 redditu-

352 1014 518 1110 dixit,
545 1014 797 1101 Omnia,
824 1025 970 1088 nihil
992 1023 1388 1105 praetermisit,
1419 1023 1574 1105 quod
1601 1041 1717 1084 non
1751 1039 1994 1083 servare
2074 1037 2172 1080 ros
2203 1019 2262 1080 in
2295 1019 2401 1110 die
2417 1018 2637 1110 judicii
2667 1038 2681 1079 :
2718 1024 3002 1110 putatque
3051 1035 3115 1110 s_e
3153 1018 3472 1110 ridentem,
3508 1014 3722 1110 obsce-

344 1103 611 1200 jusse'rit.
652 1115 802 1190 Quid
835 1103 1135 1195 amplius?
1163 1112 1285 1189 Qui
1316 1103 1666 1187 crediderit,
1695 1111 1905 1192 inquit,
1937 1115 1997 1172 et
2077 1115 2366 1200 naque,et
2388 1106 2587 1200 inania
2608 1105 2968 1200 garrieutcm
2997 1104 3212 1200 salvari
3242 1121 3591 1186 posse,cum
3623 1103 3723 1200 ille

352 1191 696 1288 baptizatus
722 1191 1339 1284 fuerin—satvabitur:
1361 1204 1466 1282 qui
1496 1209 1702 1263 autem
1730 1191 1854 1262 non
1874 1216 1994 1288 cre-
2077 1196 2351 1288 miseros;
2377 1197 2658 1288 afﬁrmet,
2715 1194 2818 1288 qui
2868 1194 3096 1267 rident,
3129 1193 3353 1288 beatos
3382 1202 3578 1288 autem
3622 1191 3722 1272 qui

350 1281 1282 1372 diderit,condemnabitur.Num
1307 1281 1752 1370 igitur,'fratres
1773 1286 1992 1350 charis-
2077 1283 2375 1362 lugent85.
2403 1284 2684 1358 Quinimo
2716 1284 2816 1365 qui
2848 1301 2909 1344 se
2942 1303 3060 1345 non
3093 1281 3345 1362 abnegat
3369 1283 3572 1372 etiam,
3605 1298 3720 1372 ne-

349 1383 669 1466 simi,quid
692 1383 805 1444 hoc
829 1381 905 1443 sit
928 1381 1136 1448 nostis,
1159 1381 1316 1460 quod
1337 1381 1417 1441 ait
1441 1399 1455 1442 :
1483 1379 1608 1456 Qui
1645 1379 1989 1448 crediderit,
2077 1392 2192 1454 que
2222 1393 2461 1436 crucem
2497 1374 2740 1466 bajulat,
2783 1372 2844 1434 in
2877 1373 3141 1466 omnium
3180 1371 3567 1466 tentationum
3599 1371 3718 1431 im-

351 1484 410 1540 et
441 1461 784 1555 baptizatus
811 1472 1026 1549 fuerit;
1041 1469 1260 1531 deinde
1283 1469 1495 1531 iterum
1525 1469 1677 1543 εθιιὶ
1701 1485 1825 1530 non
1854 1484 1995 1528 cre-
2079 1482 2216 1555 petu
2247 1483 2438 1544 usque
2467 1463 2540 1525 ad
2575 1471 2826 1555 mortem
2859 1462 3139 1523 alacriter
3163 1461 3540 1555 sustinendo,
3567 1479 3714 1555 quo-

349 1549 630 1628 didertt?
654 1559 928 1622 Arbitror
971 1559 1126 1620 enim
1163 1558 1316 1640 quod
1353 1558 1578 1619 dictum
1619 1559 1728 1636 est}
1751 1555 1994 1637 planum
2082 1552 2256 1614 modo
2286 1572 2392 1615 sua
2425 1572 2601 1614 causa
2629 1553 2978 1614 cruciﬁxum
3012 1551 3180 1632 sequi
3210 1568 3274 1614 se
3299 1550 3631 1611 existimat?
3654 1549 3724 1610 Et

350 1672 512 1728 esse,
546 1659 615 1713 ac
646 1650 819 1712 facile
842 1648 915 1710 ad
939 1639 1413 1725 intelligendum.
1448 1645 1636 1708 Habet
1659 1656 1857 1709 tamen
1879 1643 1993 1705 ali-
2079 1641 2178 1722 qui
2212 1643 2342 1721 plus
2372 1642 2474 1703 illo
2509 1650 2808 1723 parentes,
2857 1649 3259 1720 cognatosque
3309 1639 3516 1718 diligit,
3568 1659 3721 1720 quo-

350 1741 488 1804 cubi
535 1757 751 1802 sensus
798 1736 1086 1818 profunde
1128 1737 1402 1798 latentes.
1457 1733 1664 1796 Fidem
1699 1735 1796 1796 hic
1825 1733 1989 1808 dicit,
2016 1766 2054 1815 Β
2079 1731 2254 1793 modo
2289 1750 2353 1793 se
2377 1731 2598 1794 Christi
2629 1730 2874 1810 dignum
2907 1729 3264 1818 discipulum
3299 1748 3367 1791 ex
3399 1728 3600 1788 animo
3632 1746 3721 1818 ref

349 1850 469 1893 non
498 1831 660 1891 hunc
683 1817 894 1900 solam,
930 1825 1226 1889 Chrismm
1262 1843 1393 1886 esse
1423 1823 1637 1896 Deum,
1671 1824 1774 1885 sed
1826 1823 1989 1886 illam
2077 1824 2282 1900 putat?
2310 1819 2380 1882 Et
2409 1821 2508 1900 qui
2559 1838 2678 1881 non
2727 1819 3026 1899 abnegant
3082 1817 3339 1879 animam
3383 1835 3574 1891 suam,
3613 1817 3716 1877 sed

351 1919 626 1992 maxime,
685 1935 815 1998 quae
873 1914 1076 1977 omnia
1123 1914 1197 1975 de
1258 1913 1478 1975 sanctis
1526 1911 1818 1973 mandatis
1861 1912 1990 1991 ejus
2076 1909 2307 1990 seipsos
2335 1917 2533 1972 amant
2571 1909 2788 1990 potius,
2824 1909 3066 1990 suisque
3094 1905 3720 1998 vitluntatibus,rmag‘s

349 2011 506 2073 dicta
561 1996 998 2087 complectitur,
1045 2021 1296 2084 quaeque
1339 2003 1400 2063 in
1452 2021 1516 2064 se
1564 2001 1763 2063 omnia
1790 2001 1992 2063 divina
2074 2018 2248 2080 quam
2278 1999 2384 2062 Dei
2415 1999 2846 2080 obsequuntur,
2890 1999 3107 2060 frustra
3136 2016 3198 2058 se
3231 1998 3364 2078 ejus
3393 1996 3720 2075 discipulos

346 2099 475 2180 ejus
520 2095 795 2158 mandata
843 2093 1131 2165 continet,
1186 2099 1247 2154 et
1296 2091 1513 2172 credit,
1559 2091 1709 2152 nihil
1745 2092 1814 2180 in
1845 2090 1986 2180 illis,
2075 2107 2204 2180 esse
2235 2090 2560 2152 conﬁdunt.
2601 2088 2670 2150 Et
2693 2088 2792 2169 qui
2823 2087 3083 2180 inhoras
3115 2106 3232 2148 non
3261 2105 3467 2180 unum,
3505 2102 3554 2147 et
3597 2087 3714 2180 mi-

346 2177 534 2267 u'sque
563 2185 635 2247 ad
669 2183 944 2246 ultimum
997 2181 1227 2262 apicem
1283 2180 1537 2242 otiosum
1589 2201 1602 2240 :
1655 2179 1759 2241 sed
1793 2179 1994 2241 omnia
2076 2179 2302 2240 nimum
2334 2181 2770 2252 mandatorum,
2804 2177 2909 2240 sed
2945 2180 3144 2252 multa,
3182 2186 3237 2238 et
3272 2178 3567 2257 praecipua
3587 2177 3714 2239 sol-

345 2293 536 2356 usque
565 2273 637 2334 ad
671 2291 853 2333 unum
882 2270 1000 2331 iota
1027 2269 1228 2344 vitam,
1264 2276 1324 2330 et
1353 2268 1528 2330 vitam
1563 2267 1988 2350 sempiternam
2073 2276 2237 2343 vunt,
2265 2269 2415 2330 nihil
2447 2267 2715 2356 omnino,
2747 2268 3022 2330 illicitum
3057 2267 3541 2356 secommittere,
3567 2285 3714 2356 con-

346 2355 689 2425 conciliare.
722 2362 925 2439 Itaque
947 2359 996 2420 si
1019 2358 1150 2439 quis
1179 2358 1389 2432 credit,
1417 2357 1494 2418 ita
1526 2376 1590 2420 se
1619 2358 1720 2420 illa
1743 2358 1985 2438 habere,
2074 2357 2308 2421 mittere
2357 2355 2596 2419 autem?
2651 2357 2771 2417 imo
2819 2356 2906 2417 sic
2958 2355 3256 2417 constituti
3287 2373 3531 2434 magnos
3561 2373 3626 2416 se
3655 2355 3718 2416 in

345 2459 405 2511 et
433 2468 540 2532 per
568 2467 802 2511 sacrum
833 2446 1128 2526 baptisma
1156 2446 1230 2507 ad
1281 2447 1408 2507 haec
1442 2449 1642 2507 omnia
1669 2443 1985 2518 sorvanda,
2072 2464 2256 2524 regno
2301 2445 2588 2508 ctelorum
2619 2444 2747 2506 fore
2777 2444 3162 2505 arbitrantur.
3209 2445 3286 2506 Et
3331 2444 3488 2525 quod
3541 2451 3720 2526 caput

345 2557 414 2600 ac
444 2539 574 2600 sine
619 2533 1122 2616 praetermissione
1175 2533 1448 2596 facienda
1490 2533 1830 2614 descriptus
1875 2539 1984 2605 est,
2073 2535 2360 2596 malorum
2383 2543 2470 2596 est
2490 2533 2781 2609 omnium,
2809 2533 3052 2596 omnino
3076 2551 3152 2594 ne
3175 2533 3453 2596 mandata
3473 2533 3715 2615 quidem

345 2626 685 2690 salvabitur.
708 2623 819 2696 Qui
834 2641 972 2684 vero
1001 2640 1312 2683 sermones
1344 2622 1474 2701 ejus
1504 2623 1680 2683 etiam
1706 2639 1893 2701 usque
1914 2619 1988 2682 ad
2069 2641 2135 2684 se
2163 2622 2255 2684 his
2288 2622 2479 2684 modis
2528 2621 2750 2683 violare
2796 2628 3122 2695 autumant,
3174 2632 3235 2686 et
3295 2641 3402 2684 nos
3455 2623 3718 2703 patroci-

343 2735 526 2778 unum
559 2714 812 2794 apicem,
847 2719 1154 2773 autunum
1186 2711 1325 2786 iota,
1365 2718 1427 2772 ut
1465 2709 1690 2772 dictum
1723 2725 1836 2785 est,
1869 2729 1988 2771 non

347 2804 692 2878 crediderit,
729 2820 846 2862 non
879 2817 1070 2880 secus,
1105 2818 1285 2878 quam
1331 2799 1383 2860 si
1415 2807 1600 2860 totum
1632 2801 1984 2877 negavisset,

347 2891 745 2956 damnabitur.
781 2889 852 2951 Et
890 2888 1129 2951 merito.
1184 2887 1296 2960 Qui
1347 2889 1507 2950 enim
1556 2888 1618 2950 in
1671 2890 1897 2968 magnis
1933 2888 1986 2950 ei

2068 2712 2257 2785 nium,
2291 2711 2558 2774 veritatis
2592 2709 2978 2792 sucipientes,
3032 2712 3105 2774 ad
3136 2712 3295 2774 idem
3334 2712 3713 2775 sentiendum

2069 2800 2355 2863 inducere
2383 2801 2602 2863 stolide
2633 2809 2947 2865 conantur.

2151 2891 2280 2954 Duo
2311 2890 2474 2951 enim
2522 2897 2658 2952 sunt
2689 2889 2829 2951 mali
2875 2907 3117 2970 genera,
3165 2908 3371 2966 unum,
3416 2908 3550 2952 cum
3584 2889 3714 2971 quis

353 2979 954 3055 credidit,nimirum,
984 2977 1143 3059 quod
1167 2977 1323 3040 Deus
1353 2997 1492 3041 cum
1523 2985 1701 3054 esset,
1727 2980 1859 3040 sine
1881 2977 2046 3060 im-c
2071 2978 2134 3041 in
2187 2978 2630 3041 multitudinem
2691 2987 3072 3059 peccatorum
3129 2978 3409 3060 delapsus
3458 2979 3710 3040 salutem

352 3070 676 3134 mutatione
707 3069 896 3131 factus
925 3067 999 3130 sit
1020 3068 1226 3145 homo;
1273 3067 1432 3148 quod
1451 3068 1512 3130 in
1535 3085 1776 3130 crucem
1797 3079 1985 3143 actus;

348 3159 508 3241 quod
552 3165 840 3232 mortuus,
897 3157 1056 3237 quod
1113 3155 1184 3217 ab
1238 3156 1447 3218 inferis
1492 3157 1776 3233 redierit;
1831 3157 1988 3238 quod

342 3248 648 3312 redivivus
689 3247 886 3311 clausa
927 3247 1112 3327 janua
1163 3246 1494 3326 ingressus,
1527 3245 1837 3327 discipulis
1866 3246 1989 3307 suis

341 3340 404 3400 in
437 3346 820 3419 conspectum
841 3355 906 3398 se
937 3336 1195 3410 dederit;
1229 3336 1386 3418 quod
1422 3337 1484 3398 in
1512 3338 1729 3398 caelum
1761 3335 1990 3416 profec-

343 3438 458 3503 tus,
494 3427 568 3488 ad
599 3426 863 3488 dextram
896 3423 1004 3487 Dei
1035 3424 1226 3486 Patris
1256 3425 1482 3502 sedeat;
1514 3425 1669 3506 quod
1701 3433 1984 3486 venturus

333 3517 608 3599 judicare
632 3515 792 3577 vivos
810 3522 867 3576 et
895 3521 1183 3589 mortuos,
1208 3523 1267 3577 et
1297 3513 1620 3595 unicuique
1651 3513 1982 3576 secundum

343 3625 522 3688 opera
553 3624 660 3668 sua
679 3604 1021 3668 redditurus
1048 3622 1061 3666 :
1097 3603 1387 3666 restitutis
1419 3603 1697 3666 videlicet
1723 3603 1784 3664 in
1807 3602 1980 3664 vitam

341 3695 506 3777 prius
563 3693 737 3756 nobis
795 3692 1074 3754 omnibus
1119 3691 1332 3754 Adami
1377 3691 1651 3773 posteris,
1688 3710 1879 3773 usque
1909 3692 1981 3754 ad

339 3785 614 3846 ultimum
641 3783 809 3845 illum
832 3783 988 3844 diem
1016 3781 1348 3844 nascituris.
1367 3781 1469 3862 qui
1488 3781 1550 3842 in
1574 3781 1688 3856 his,
1713 3782 1979 3862 inquam,

340 3876 392 3935 ei
426 3873 704 3950 credidit,
735 3871 959 3934 dicenti
979 3880 1175 3934 autem
1201 3893 1215 3933 :
1246 3872 1591 3934 Amendico
1614 3872 1798 3947 vobis,
1835 3873 1983 3952 quia

342 3968 526 4026 etiam
557 3963 631 4026 de
658 3962 835 4025 verba
864 3965 1054 4025 otioso
1081 3963 1344 4024 reddent
1372 3959 1646 4023 homines
1675 3961 1984 4024 rationem

340 4053 409 4113 in
431 4054 526 4114 die
553 4052 768 4126 iudicii
794 4052 876 4128 εί,
900 4051 1001 4131 qui
1021 4049 1196 4124 istuc,
1221 4049 1487 4131 inquam,
1527 4049 1583 4111 ei
1614 4067 1732 4111 non
1763 4048 1979 4130 credit,

340 4141 445 4221 qui
474 4141 716 4203 tandem
749 4139 942 4202 ﬁdelis
981 4139 1116 4215 erit,
1149 4141 1422 4220 interque
1453 4139 1662 4202 fideles
1693 4157 1977 4201 numera-

2071 3087 2238 3130 suam
2291 3067 2608 3149 desperat;
2661 3068 2944 3149 alterum,
2996 3087 3128 3130 cum
3181 3068 3334 3130 malo
3388 3069 3515 3130 loco
3574 3068 3717 3130 boni

2071 3157 2273 3234 habet,
2329 3166 2614 3238 certoque
2666 3156 2781 3219 sibi
2838 3159 3173 3240 persuadet,
3209 3177 3274 3221 se
3308 3158 3462 3221 mala
3492 3177 3715 3240 perpe-

2071 3250 2281 3310 trando
2311 3247 2690 3311 benefacere.
2727 3247 2811 3310 Ac
2836 3247 2998 3328 prior
3028 3247 3293 3329 quidem,
3327 3247 3382 3311 si
3408 3249 3484 3312 de
3516 3249 3715 3330 pteni-

2070 3338 2273 3412 tentia,
2309 3350 2369 3399 et
2398 3336 2765 3414 benignitate
2799 3336 2906 3398 Dei
2935 3337 3146 3400 doctus
3176 3338 3712 3420 didicerit,nullam

2071 3445 2204 3489 esse
2230 3434 2606 3507 peccatorum
2633 3435 2854 3488 tantam
2887 3425 3360 3502 multitudinem,
3393 3446 3569 3508 quam
3595 3446 3717 3508 poe-

2067 3516 2316 3579 nitentia
2337 3535 2454 3577 non
2471 3515 2668 3578 deleat
2688 3533 2701 3579 :
2719 3515 2803 3579 Et
2823 3515 2929 3578 ubi
2949 3516 3287 3580 abundavit
3307 3516 3717 3587 delictum,ibi

2066 3612 2124 3669 et
2141 3606 2657 3686 superabundasse
2691 3611 2967 3687 gratiam
3001 3605 3100 3682 86;
3141 3606 3284 3666 item
3327 3605 3472 3666 illud
3499 3626 3513 3666 :
3540 3604 3712 3669 Gau-

2063 3695 2233 3758 dium
2257 3697 2433 3757 estin
2451 3695 2594 3773 caelo
2616 3713 2799 3776 super
2821 3712 2944 3757 uno
2962 3703 3274 3773 peccatore
3291 3697 3711 3774 pamitentiam

2063 3794 2283 3864 agente
2319 3785 2403 3861 87,
2436 3783 2684 3846 forsitan
2726 3802 2791 3846 se
2839 3783 3150 3863 colligans,
3203 3791 3262 3844 et
3295 3791 3705 3864 compunctus,

2065 3874 2440 3956 concupiscet
2467 3874 2787 3954 aliquando
2820 3873 3078 3954 peccatis
3110 3871 3376 3955 liberari,
3399 3891 3468 3934 ac
3511 3874 3709 3954 poeni-

2067 3965 2312 4026 tentiam
2359 3963 2663 4025 ferventer
2710 3963 3022 4044 amplexus
3053 3969 3351 4041 exsurget,
3384 3961 3712 4025 intoleran-

2063 4052 2262 4134 doque
2292 4053 2674 4115 conscientiae
2694 4070 2878 4114 onere
2905 4051 3214 4114 levabitur.
3240 4053 3412 4114 Alter
3433 4063 3713 4117 revocatu

2061 4141 2378 4217 difficilior,
2399 4161 2641 4222 prorsus
2670 4141 3125 4204 medicamentis
3143 4143 3488 4222 hujusmodi
3512 4148 3706 4208 curari

345 4229 506 4292 bitur
532 4236 560 4292 ?
590 4229 700 4301 Qui
731 4248 872 4307 ergo
902 4229 962 4290 in
997 4229 1354 4290 venerandus
1403 4228 1546 4305 illis,
1600 4236 1980 4310 mentemque
2058 4239 2318 4294 recusat.
2351 4230 2462 4304 Qui
2482 4232 2642 4293 enim
2668 4231 3041 4295 curationem
3066 4230 3364 4307 admittat,
3392 4233 3492 4314 qui
3516 4233 3710 4313 poeni-

344 4326 405 4378 et
433 4319 751 4380 humanam
793 4335 1030 4378 omnem
1071 4316 1492 4395 cogitationem
1551 4317 1980 4379 excedentibus
1999 4351 2045 4402 D
2062 4326 2157 4382 tus
2177 4339 2252 4382 ne
2274 4321 2333 4381 in
2357 4321 2566 4383 morbo
2593 4321 2833 4401 quidem
2855 4340 2920 4381 se
2943 4339 3097 4391 esse,
3132 4328 3232 4382 aut
3254 4321 3484 4402 lapsum
3507 4322 3712 4400 jacere

349 4405 583 4470 Christo
635 4405 847 4481 credit,
895 4406 1218 4486 factisque,
1279 4412 1338 4467 et
1381 4405 1670 4468 faciendis
1719 4406 1792 4468 ab
1849 4405 1980 4487 ipso
2061 4409 2302 4470 credit?
2332 4409 2691 4490 Neutiqnam
2723 4409 3010 4490 profecto.
3045 4406 3233 4470 Nemo
3268 4409 3447 4488 igitur
3475 4429 3576 4470 vos
3604 4428 3706 4470 se-
3780 4406 3784 4410 ’

343 4495 595 4557 Ι)οωὶηο
639 4502 847 4556 nostro
891 4495 1031 4557 lesu
1076 4494 1310 4557 Christo
1355 4493 1892 4576 obtemperantem,
1925 4502 1984 4556 et
2059 4499 2258 4582 ducat,
2293 4498 2525 4561 fratres.
2561 4496 2776 4561 Omnia
2805 4497 3024 4578 quippe
3075 4515 3207 4576 quae
3234 4499 3501 4561 Christus
3544 4499 3706 4560 Deus

343 4583 820 4647 consentientem
872 4583 1027 4662 gerit
1074 4583 1362 4662 animum,
1396 4603 1516 4646 non
1545 4585 1734 4646 credit
1781 4595 1979 4646 autem
2059 4589 2346 4668 apostolis
2377 4587 2684 4668 praecepit,
2738 4605 2846 4648 nos
2898 4603 3133 4668 quoque
3163 4585 3438 4648 similiter
3467 4604 3710 4649 servare

346 4674 458 4750 illi,
491 4693 626 4736 cum
657 4672 732 4735 ab
759 4691 830 4736 eo
860 4672 1072 4735 audit:
1111 4673 1227 4747 Qui
1269 4672 1394 4737 vult
1441 4677 1650 4737 venire
1690 4680 1825 4756 post
1860 4691 1978 4750 me,
2054 4678 2274 4759 jussit;
2307 4695 2443 4758 quae
2484 4679 2729 4758 quidem
2782 4675 2844 4736 in
2895 4676 3008 4736 hoc
3038 4673 3258 4735 mundo
3298 4693 3536 4738 servare
3567 4694 3708 4757 pos-

342 4764 597 4845 abneget
640 4764 1050 4844 semetipsum,
1095 4770 1149 4825 et
1197 4761 1364 4826 tollat
1409 4781 1651 4826 crucem
1686 4781 1886 4834 suam,
1921 4770 1982 4826 et
2063 4785 2290 4829 sumus.
2324 4765 2441 4828 Sed
2474 4768 2532 4826 in
2575 4765 2748 4845 plane
2802 4763 3202 4826 deliberatum
3235 4763 3409 4825 nobis
3441 4783 3561 4827 non
3590 4773 3704 4847 est,

332 4859 625 4933 sequatur
645 4869 740 4914 me
753 4851 913 4913 89.Et
934 4872 948 4912 :
972 4851 1086 4926 Qui
1113 4851 1318 4933 diligit
1327 4860 1674 4933 patrem,et
1695 4861 1980 4930 matrem,
2065 4855 2204 4936 quia
2235 4853 2353 4916 ﬁde
2379 4853 2795 4934 charitateque
2825 4853 2886 4914 in
2916 4853 3455 4917 Christuminﬁrmi
3477 4874 3707 4918 sumus.

335 4948 393 5004 et
421 4944 669 5023 fratres,
720 4948 777 5004 et
819 4957 1076 5016 sorores,
1102 4947 1155 5001 et
1179 4957 1460 5017 uxorem,
1492 4949 1552 5004 et
1577 4941 1758 5021 ﬁlios,
1784 4941 1985 5006 adhuc

336 5036 540 5092 autem
569 5035 628 5092 et
655 5031 930 5093 animam
948 5045 1120 5091 suam
1139 5031 1283 5110 plus
1304 5047 1488 5110 quam
1505 5048 1622 5108 me,
1645 5048 1772 5094 non
1787 5039 1986 5112 potest

335 5134 503 5181 meus
529 5135 652 5180 esse
671 5117 1014 5199 discipulus
1029 5119 1114 5179 83.
1137 5118 1241 5181 Et:
1271 5121 1392 5195 Qui
1418 5119 1658 5183 solverit
1697 5139 1885 5184 unum
1913 5122 1986 5186 de

337 5207 653 5270 mandatis
701 5207 834 5270 istis
865 5208 1164 5290 minimis,
1204 5209 1500 5271 minimus
1551 5209 1866 5273 vocabitur
1917 5216 1985 5274 in

336 5312 525 5378 regno
571 5294 859 5360 calorum
879 5295 966 5362 84.
1000 5295 1310 5370 Quomodo
1358 5297 1458 5360 hic
1493 5297 1712 5382 ﬁdelis,
1761 5306 1822 5362 et
1861 5319 1983 5365 non

2064 4943 2139 5007 Et
2168 4944 2281 5007 hoc
2311 4961 2514 5006 verum
2561 4961 2694 5005 esse
2731 4951 3021 5006 testantur
3057 4961 3290 5018 omnes,
3322 4943 3426 5025 qui
3455 4952 3591 5006 ante
3615 4943 3710 5007 le-

2065 5051 2221 5113 gem,
2258 5040 2317 5096 et
2345 5031 2406 5094 in
2437 5032 2594 5112 lege,
2618 5040 2680 5096 et
2709 5042 2843 5114 post
2873 5031 3190 5095 Salvatoris
3228 5033 3542 5095 adventum
3575 5052 3709 5095 cum

2063 5122 2274 5185 liberis
2303 5130 2362 5186 et
2388 5121 2768 5204 conjugibus,
2799 5131 2860 5184 et
2887 5123 3154 5185 omnium
3184 5125 3260 5185 ad
3290 5121 3466 5184 vitam
3495 5123 3707 5203 requi-

2064 5213 2312 5275 sitorum
2343 5211 2526 5289 curis,
2559 5230 2627 5274 ac
2653 5212 3163 5276 sollicitudinibus
3188 5215 3312 5276 Deo
3335 5211 3708 5293 placuerunt,

2063 5321 2200 5365 cum
2230 5321 2295 5366 se
2321 5300 2623 5364 voluntate
2666 5308 2728 5365 et
2745 5301 2983 5380 aﬁ’ectu,
3008 5321 3128 5384 quo
3158 5301 3280 5364 illis
3309 5299 3704 5378 inhaerebant,

407 5484 474 5535 80
500 5483 704 5572 Matth.
739 5485 1082 5572 xxvm,_18,
1100 5486 1224 5572 19,
1302 5489 1359 5540 81
1391 5489 1602 5572 Matth.
1659 5506 1768 5566 xu,
1801 5491 1903 5558 36.
1989 5493 2055 5546 82
2080 5491 2289 5556 Matth.
2346 5510 2470 5570 ππ,
2500 5491 2604 5557 24.
2688 5491 2753 5542 83
2794 5491 3006 5557 Matth.
3036 5507 3098 5570 x,
3131 5489 3230 5556 37.
3317 5491 3384 5541 84
3407 5491 3618 5555 Matth.
3648 5505 3710 5572 v,

335 5563 436 5628 19.
525 5565 590 5616 85
614 5563 759 5628 Luc.
789 5581 874 5642 v1,

993 5610 1011 5630 .
1095 5567 1160 5618 88
1187 5567 1363 5636 Rom.
1395 5587 1460 5654 ν,
1484 5569 1586 5634 20.
1671 5572 1736 5622 87
1761 5573 1904 5638 Luc.
1939 5589 2042 5652 xv,
2072 5575 2134 5636 9.
