4112 6106
327 254 441 322 421

1757 252 2040 329 ORATIO
2082 259 2280 327 XXII.

3589 271 3709 336 42?

311 406 720 478 separassent,
753 400 829 467 tis
851 402 951 484 qui
979 402 1039 464 in
1065 402 1369 467 montibus
1401 411 1459 466 et
1486 404 1798 486 speluncis
1819 401 2040 468 vixe-A
2059 398 2365 462 ambulare
2394 408 2724 480 coeperunt,
2749 400 2823 463 ad
2854 421 3032 464 unam
3064 411 3281 466 metam
3313 402 3535 467 debent
3563 424 3708 467 cur-

319 495 464 549 runt
511 487 894 566 illustriores,
946 491 1064 555 ﬁde
1093 500 1150 554 et
1181 493 1448 556 moribus
1491 514 1600 575 per
1626 495 1973 557 charitatem

319 594 466 656 erga
494 579 684 640 Deum
710 580 1042 660 conspicui.
1075 580 1365 644 Primum
1398 584 1561 645 enim
1605 590 1659 646 et
1689 602 1976 665 magnum

317 666 679 729 mandatum
701 674 807 744 est,
832 668 1016 750 dilige
1027 687 1096 732 re
1123 670 1317 733 Deum
1340 689 1417 734 ea:
1440 680 1556 733 toto
1587 673 1782 748 corde,
1817 679 1872 736 et
1900 691 1978 735 ea:

327 760 452 817 tota
472 758 705 825 anima.
733 765 788 819 et
821 763 1054 820 artatis
1077 759 1326 834 viribus,
1351 767 1406 822 et
1427 779 1502 822 ea:
1523 767 1641 823 tota
1662 768 1861 824 mente
1889 763 1971 833 88,

335 851 402 904 ut
427 844 552 924 ipse
582 845 870 908 Dominus
893 855 950 908 et
977 848 1216 928 antiqua
1244 849 1338 909 lex
1369 849 1472 912 ait.
1510 851 1804 924 Alterum,
1828 852 1976 914 dili-

333 950 472 1012 gere
485 935 938 1015 proximum,ut
951 937 1212 1016 seipsum
1240 937 1325 998 89.
1350 940 1518 999 Notae
1531 947 1751 1014 autem,
1772 947 1830 1000 et
1847 959 1978 1020 pro-

333 1020 599 1082 bationes
630 1025 817 1086 Deum
851 1025 1106 1086 amantis
1136 1035 1296 1100 sunt,
1333 1025 1654 1088 observare
1709 1029 1981 1090 mandata

330 1109 574 1190 Christi,
602 1118 657 1171 et
691 1129 795 1192 pro
825 1131 896 1173 eo
920 1132 1110 1193 usque
1141 1113 1212 1174 ad
1243 1123 1495 1175 mortem
1527 1115 1675 1176 dura
1706 1117 1935 1196 perpeti
1963 1144 1975 1184 ;

333 1197 455 1272 Qui
475 1199 671 1269 habet,
706 1200 918 1280 inquit,
942 1201 1234 1263 mandata
1260 1220 1416 1274 mea,
1441 1209 1498 1266 et
1521 1210 1723 1266 servat
1746 1223 1842 1285 ea,
1869 1206 1982 1267 iste

327 1293 416 1347 est
444 1288 553 1366 qui
581 1287 784 1364 diligit
806 1306 901 1350 me
921 1289 1006 1350 90.
1024 1290 1091 1350 Et
1111 1291 1426 1368 Apostolus
1455 1311 1467 1354 :
1506 1292 1659 1368 Quis
1687 1310 1795 1355 nos
1815 1312 1982 1373 sepa—

325 1374 492 1436 rabit
521 1393 560 1436 a
590 1375 883 1439 charitate
908 1378 1178 1441 Christi?
1205 1381 1537 1454 tribulatio,
1567 1399 1646 1444 an
1671 1390 1974 1464 augustia,

327 1481 409 1551 an
434 1466 790 1543 persecutio.
833 1485 908 1528 an
935 1470 1153 1545 fames,
1204 1485 1286 1530 an
1317 1471 1592 1544 nuditas,
1639 1489 1720 1532 an
1741 1474 1980 1551 pericu-

331 1550 478 1626 lum,
503 1569 586 1613 an
611 1555 1054 1633 gladius?sicut
1071 1557 1366 1636 scriptum
1391 1550 1979 1639 est,quoniamprop.

2058 506 2216 559 rere,
2253 498 2314 550 ut
2355 509 2422 551 ex
2474 490 2723 552 diversis
2773 491 3119 568 regionibus
3166 501 3224 554 et
3255 493 3406 554 locis
3437 493 3496 554 in
3527 512 3704 556 unam

2059 579 2267 640 urbem
2301 587 2567 657 (regnum
2601 580 2886 641 caelorum
2919 581 3107 662 puta),
3137 589 3199 643 ut
3227 600 3404 662 supra
3425 581 3704 660 diximus,

2059 667 2432 744 conveniant,
2491 676 2549 729 et
2599 668 2761 747 digni
2821 669 3220 742 habebuntur,
3261 669 3364 750 qui
3405 689 3524 732 una
3573 690 3708 733 cum

2061 753 2288 817 Christo
2319 764 2589 833 regnent.
2623 756 2844 819 Urbem
2881 757 2976 818 hic
3003 774 3181 820 unam
3211 757 3382 831 mihi,
3414 776 3533 820 non
3557 759 3711 821 mul-

2063 849 2174 920 tas,
2209 854 2496 914 sanctam,
2548 853 2605 906 et
2647 844 3008 906 individuam
3053 846 3336 907 virtutum
3384 846 3708 908 trinitatem

2060 933 2375 1009 intelligito
2409 953 2423 993 :
2461 934 2549 996 vel
2582 933 2775 1013 potius
2809 933 3057 1012 primam
3090 935 3480 1016 reliquarum,
3530 954 3706 1017 quam

2061 1031 2120 1083 et
2146 1022 2410 1082 ultimam
2445 1022 2672 1096 dicunt,
2704 1031 2768 1084 ut
2798 1023 2978 1084 ﬁnem
3013 1024 3307 1105 bonorum
3337 1037 3398 1086 et
3425 1025 3709 1105 majorem

2063 1112 2365 1184 omnibus,
2415 1111 2788 1184 charitatem,
2823 1111 3088 1192 inquam,
3125 1131 3194 1174 ex
3227 1132 3366 1194 qua,
3415 1120 3473 1174 et
3503 1113 3564 1174 in
3594 1131 3714 1194 qua

2065 1201 2212 1261 ﬁdes
2243 1201 2439 1262 omnis
2462 1201 2724 1275 fundata,
2761 1207 2819 1263 et
2850 1220 2988 1282 spes
3019 1201 3306 1264 aediﬁcata
3338 1211 3450 1274 est,
3482 1221 3552 1264 ac
3577 1202 3707 1264 sine

2065 1289 2175 1350 hac
2233 1289 2377 1350 nihil
2437 1308 2642 1350 eorum
2695 1309 2826 1370 qum
2885 1299 3048 1364 sunt,
3099 1299 3503 1352 constructum
3534 1299 3713 1371 atque

2064 1382 2443 1442 constitutum
2478 1390 2590 1462 est,
2621 1399 2730 1442 nec
2761 1382 3153 1444 constituetur
3175 1380 3443 1444 omnino.
3470 1379 3707 1442 Etenim

2063 1469 2309 1532 virtutes
2343 1488 2556 1530 omnes
2586 1471 2715 1531 sine
2747 1471 2856 1530 hac
2889 1471 3190 1550 marcidae,
3225 1478 3282 1532 et
3312 1469 3552 1532 inutiles
3569 1487 3710 1532 cen-

2064 1568 2287 1622 sentur.
2323 1561 2398 1622 Et
2430 1561 2530 1639 qui
2563 1561 2850 1622 charitate
2883 1560 3307 1636 destituuntur,
3326 1561 3592 1642 quamvis
3613 1560 3712 1621 in-

330 1645 417 1702 ter
440 1648 497 1701 te
521 1641 606 1720 (id
631 1644 991 1723 est,justum
1018 1645 1358 1707 mandatum
1386 1648 1603 1728 tuum),
1638 1648 1967 1727 mortiﬁca-
2000 1645 2041 1694 Β
2067 1649 2235 1710 terim
2269 1649 2431 1710 nulla
2457 1648 2673 1710 virtute
2703 1658 2964 1726 careant,
2996 1650 3192 1711 divina
3221 1641 3413 1728 gloria
3455 1649 3602 1711 nudi
3648 1648 3711 1710 in

328 1747 473 1791 mur
506 1738 630 1794 tota
658 1733 778 1813 die,
805 1736 1090 1797 mstimati
1128 1753 1339 1797 sumus
1379 1738 1532 1798 sicut
1561 1755 1694 1799 oves
1721 1739 1971 1800 occisio—
2058 1739 2155 1800 die
2198 1737 2408 1816 judicii
2461 1738 2823 1801 invenintur.
2876 1737 3102 1819 Corpus
3150 1739 3444 1820 siquidem
3487 1737 3716 1819 absque

330 1819 667 1893 nis9i.Qui
697 1823 858 1884 enim
890 1823 1192 1885 universas
1223 1825 1352 1885 vitae
1373 1825 1550 1904 hujus
1583 1825 1975 1905 cogitationes
2059 1827 2252 1907 capite
2305 1834 2630 1901 mortuum,
2685 1846 2752 1888 ac
2797 1827 3012 1908 spiritu
3062 1819 3311 1889 vacuum
3361 1836 3474 1890 est.
3527 1828 3714 1888 Multa

330 1909 844 1988 transcendentes,
877 1912 1026 1974 nihil
1059 1912 1242 1988 aliud,
1275 1933 1451 1993 quam
1495 1915 1680 1976 solam
1711 1915 1820 1975 Dei
1869 1935 1978 1976 vo-

331 1995 619 2060 luntatem
652 1999 939 2078 cogitant,
975 2008 1040 2062 ut
1069 2001 1138 2062 ad
1166 2001 1490 2082 perfectam
1517 2003 1738 2066 Christi
1779 2004 1980 2066 chari-

335 2091 512 2146 tatem
546 2088 858 2167 pervenire
888 2090 1138 2171 possint,
1171 2091 1436 2171 quotidie
1469 2093 1819 2156 moriuntur.
1856 2091 1980 2155 Hoc

334 2175 496 2236 idem
534 2175 742 2239 beatus
795 2179 1008 2239 Paulus
1049 2178 1397 2240 desiderans
1450 2181 1688 2242 dicebat
1723 2203 1736 2242 :
1772 2183 1982 2245 Perse-

333 2282 509 2344 quor,
551 2266 607 2327 si
643 2269 940 2346 quomodo
969 2269 1486 2353 comprehendam,
1510 2272 1709 2351 inquo
1734 2281 1790 2332 et
1815 2290 1980 2335 com-

333 2353 667 2443 prehensus
693 2374 826 2418 sum
856 2377 893 2419 a
929 2360 1167 2421 Christo
1204 2357 1286 2432 93,
1332 2359 1442 2420 hoc
1476 2369 1588 2441 est,
1624 2371 1686 2421 ut
1715 2361 1976 2443 diligam,

335 2439 399 2500 in
428 2460 542 2521 quo
575 2448 634 2503 et
664 2444 916 2507 dilectus
947 2465 1076 2507 sum
1123 2465 1157 2509 a
1203 2444 1463 2522 Christo,
1516 2439 1980 2512 consummatam

340 2529 689 2592 charitatem
716 2551 822 2612 per
849 2534 1269 2614 hujuscemodi
1301 2536 1476 2597 verba
1508 2537 1800 2600 indicans.

420 2619 852 2708 Documentum
911 2641 1087 2703 porro
1137 2642 1255 2684 non
1314 2624 1613 2702 diEigentis
1672 2626 1885 2708 Deum,
1931 2635 1984 2689 et

342 2703 637 2795 Christum
659 2710 919 2788 ejns,est
941 2711 1232 2773 mandatis
1253 2712 1412 2773 illius
1444 2733 1562 2774 nou
1593 2703 1983 2795 parere,quod

348 2793 476 2873 ipse
503 2794 790 2860 Dominus
821 2799 1190 2875 testiﬁcatur,
1222 2820 1355 2862 cum
1378 2804 1482 2882 ait,
1508 2793 1624 2878 Qui
1646 2823 1766 2865 non
1783 2793 1988 2885 diligit

343 2900 455 2957 me,
470 2902 778 2950 sermones
797 2906 960 2951 meos
981 2908 1099 2952 non
1117 2890 1687 2954 servat95.Proinde
1709 2901 1769 2954 et
1792 2892 1982 2969 nobis,

2063 1935 2243 1996 porro
2294 1916 2596 1977 charitatis
2644 1916 2905 1997 nomina,
2955 1920 3152 1978 multae
3196 1918 3487 1988 actiones,
3524 1915 3711 1978 multa

2063 2004 2305 2079 indicia,
2357 2004 2750 2085 proprietates
2801 2004 3017 2065 divinae
3065 2012 3122 2066 et
3173 2005 3466 2084 plurimae,
3499 2011 3712 2064 natura

2063 2113 2200 2169 una,
2222 2102 2279 2154 et
2297 2094 2606 2174 aequaliter
2623 2093 2902 2154 omnibus
2923 2112 3165 2174 prorsus
3185 2091 3524 2167 ineﬂ‘abilis,
3539 2109 3706 2170 ange-

2065 2183 2255 2263 lisque
2283 2191 2340 2243 et
2373 2182 2737 2262 hominibus,
2761 2191 2817 2243 et
2844 2183 3004 2243 omni
3028 2183 3127 2244 alii
3153 2181 3532 2260 creaturae(7)
3559 2180 3716 2260 (qua

2063 2273 2214 2335 forte
2237 2273 2634 2350 ignoradtura
2655 2273 2850 2354 nobis)
2866 2275 3115 2344 ,ratione
3133 2269 3710 2352 incomprehensibi-

2065 2363 2160 2438 tis,
2205 2362 2394 2440 gloria
2436 2364 2758 2442 inaccessa,
2797 2361 3047 2423 consilio
3085 2380 3204 2422 non
3251 2357 3706 2437 iuvestigabilis,

2063 2459 2304 2532 aeterna,
2345 2451 2483 2531 quia
2523 2459 2581 2513 et
2620 2450 2748 2512 sine
2787 2459 3080 2531 tempore,
3106 2450 3216 2512 sub
3249 2455 3556 2528 aspectum
3590 2465 3708 2507 non

2067 2539 2308 2616 cadens,
2360 2550 2419 2600 et
2465 2558 2596 2620 quae
2647 2540 3000 2618 intelligitur
3048 2539 3316 2621 quidem,
3351 2545 3705 2598 nontamen

2069 2628 2617 2709 comprehenditur.
2670 2629 2850 2690 Multa
2881 2629 3060 2708 hujus
3092 2647 3211 2688 non
3243 2626 3616 2700 manufactze,
3653 2631 3710 2684 et

2069 2730 2288 2778 sanctae
2311 2716 2510 2780 Sionis
2555 2717 2772 2779 decora
2805 2726 2861 2777 et
2892 2717 3222 2795 elegantiae,
3265 2733 3441 2796 quam
3473 2713 3576 2794 qui
3603 2712 3703 2774 in-

2073 2809 2222 2869 tueri
2256 2805 2454 2886 ccepit,
2473 2805 2545 2866 de
2567 2805 2795 2867 caeteris
2816 2805 3173 2884 Spectaculis
3197 2822 3443 2866 sensum
3470 2818 3713 2862 moven-

2069 2894 2226 2956 tibus
2250 2914 2366 2955 non
2394 2893 2750 2976 delectatur;
2781 2913 2898 2955 non
2943 2894 3202 2975 amplius
3253 2891 3456 2970 gloriae
3499 2889 3708 2952 mundi

354 2970 588 3064 fratres,
620 2994 736 3036 una
766 2979 1102 3040 communis
1133 2979 1224 3041 via
1252 2988 1400 3054 esto,
1432 2981 1711 3042 mandata
1761 2981 1986 3044 scilicet
2008 3003 2050 3055 α
2075 2984 2253 3064 hujus
2283 2985 2567 3045 adhaeret.

351 3060 593 3151 Christi,
627 3083 758 3145 qua;
787 3086 895 3128 nos
927 3068 998 3128 ad
1031 3069 1279 3147 cmlum,
1314 3087 1381 3131 ac
1412 3070 1598 3132 Deum
1633 3069 1976 3151 perducant.

348 3147 696 3232 Quanquam
745 3155 906 3216 cnim
958 3175 1126 3218 sacra
1184 3157 1492 3236 Scriptura
1549 3147 1812 3221 diversas
1864 3161 1984 3221 vias

343 3240 696 3318 praescribit,
724 3263 840 3305 non
861 3251 1057 3306 tamen
1080 3247 1336 3326 poenitus
1365 3247 1691 3309 secundum
1712 3257 1980 3311 naturam

345 3343 509 3389 suam
536 3349 552 3409 ;
587 3348 790 3392 verum
821 3334 892 3395 ad
924 3334 1282 3415 facultatem,
1307 3335 1620 3397 consilium
1650 3343 1826 3417 atque
1855 3356 1981 3398 scc-

344 3433 480 3493 pum
531 3436 817 3501 cujusque
869 3421 931 3483 in
973 3424 1154 3484 multa
1204 3423 1442 3504 ﬁgurari
1473 3424 1710 3500 dicitur,
1744 3426 1980 3506 quando

339 3521 408 3566 ex
438 3507 662 3585 multis,
683 3509 1004 3573 etdiversis
1039 3513 1320 3593 operibus
1351 3513 1810 3594 actionibusque
1833 3515 1980 3576 inci-

339 3597 596 3678 pientes,
619 3603 789 3682 quasi
810 3622 880 3666 ex
902 3604 1049 3667 locis
1077 3606 1353 3683 diversis,
1379 3607 1700 3687 multisque
1731 3607 1981 3671 urbibus

338 3687 552 3767 singuli
582 3691 900 3767 abiremus,
936 3695 995 3756 in
1026 3714 1209 3757 unum
1243 3695 1894 3777 diversorium,nempc
1919 3697 1980 3759 in

2148 3075 2197 3137 Ο
2229 3071 2738 3134 desideratissima
2767 3071 3046 3141 Charitas,
3072 3069 3284 3134 beatus
3314 3070 3414 3151 qui
3447 3077 3502 3129 te
3534 3087 3704 3129 com-

2066 3161 2271 3244 plexus
2303 3158 2699 3240 est,quoniam
2726 3168 2856 3240 post
2877 3161 3030 3222 hanc
3055 3173 3356 3222 terrenam
3382 3157 3706 3239 pulchritu-

2066 3251 2267 3312 dinem
2292 3248 2529 3310 turbido
2563 3247 2814 3325 agitatus
2849 3250 3063 3310 affectu
3103 3267 3220 3310 non
3245 3244 3700 3327 amplexabitur.

2062 3341 2279 3402 Beatus
2301 3338 2402 3419 qui
2427 3357 2497 3399 ex
2526 3356 2729 3400 amore
2759 3338 2862 3401 Dei
2889 3339 2996 3399 tibi
3023 3347 3112 3399 est
3136 3336 3497 3414 implicitus:
3523 3341 3708 3394 totum

2062 3429 2280 3510 quippe
2304 3427 2611 3488 mumdum
2646 3425 2986 3506 abnegabit,
3031 3436 3090 3488 et
3131 3445 3264 3487 cum
3291 3424 3532 3486 homine
3557 3441 3709 3510 quo-

2064 3509 2296 3597 cunque
2311 3515 2660 3577 familiarius
2686 3532 3336 3596 versans,nequaquam
3361 3509 3703 3591 inquinabi-

2065 3613 2175 3668 tur.
2221 3607 2434 3667 Beatus
2473 3605 2573 3684 qui
2601 3613 2937 3666 venustates
2965 3613 3090 3665 tuas
3115 3601 3492 3664 exosculatus
3514 3607 3625 3675 est,
3650 3607 3708 3661 et

2063 3694 2296 3756 inﬁnita
2321 3695 2400 3755 tui
2425 3695 2778 3774 cupidinein
2802 3703 2856 3755 te
2880 3693 3126 3755 delicias
3149 3710 3284 3752 suas
3303 3688 3540 3752 habuit:
3572 3705 3708 3749 nam

336 3795 581 3856 regnum
609 3781 886 3842 caelorum
918 3784 1226 3844 studemus
1248 3785 1550 3846 devenire.
1576 3776 1858 3846 Actiones
1874 3805 1984 3847 au-
2069 3803 2219 3865 aqua
2238 3785 2599 3862 etsanguine
2614 3803 2682 3844 ex
2696 3793 2750 3844 te
2776 3783 3000 3863 puriter
3015 3776 3709 3852 diSIillante,secundum

340 3873 480 3941 tem,
510 3877 567 3928 et
597 3869 937 3948 Spirituales
960 3871 1293 3933 divinorum
1317 3872 1577 3933 virorum
1601 3872 1708 3933 viae
1742 3873 1987 3936 virtutes
2067 3873 2326 3935 animam
2358 3871 2851 3934 sanctiﬁcabitur.
2898 3875 3113 3934 Beatus
3145 3868 3248 3948 qui
3281 3875 3337 3928 te
3368 3865 3587 3944 cupide
3617 3873 3712 3925 at-

345 3953 708 4036 intelligente
733 3969 891 4020 sunt.
943 3959 1152 4023 Omnis
1195 3961 1354 4022 enim
1385 3962 1572 4021 virtus
1603 3960 1707 4022 Dei
1743 3963 1989 4024 manda-
2070 3961 2272 4035 traxit,
2333 3959 2470 4040 quia
2525 3960 2774 4039 pulchra
2821 3957 3234 4020 immutatione
3277 3952 3708 4033 immutabitur,

340 4049 461 4106 tum
498 4056 610 4110 est.
661 4047 958 4112 Cmternm
1010 4049 1168 4110 aliud
1218 4050 1500 4125 mandati,
1553 4048 1713 4110 aliud
1756 4050 1991 4120 virtutis
2072 4050 2401 4130 spirituque
2432 4056 2488 4109 et
2519 4047 2718 4108 animo
2743 4047 3059 4120 laetabitur,
3085 4043 3367 4126 quoniam
3387 4052 3448 4103 tu
3477 4060 3544 4103 es
3572 4061 3712 4120 gau-

339 4134 490 4196 actio
515 4144 619 4216 est,
647 4138 880 4199 tametsi
911 4137 1199 4202 bonorum
1227 4138 1572 4200 occasiones
1601 4156 1669 4202 ex
1690 4155 1755 4201 se
1779 4151 1989 4202 mutuo
2072 4139 2238 4201 dium
2268 4135 2706 4218 inexplicabile.
2727 4137 2944 4198 Beatus
2975 4134 3076 4216 qui
3107 4143 3162 4194 te
3191 4130 3521 4213 acquisivit,
3554 4149 3710 4212 quo-

341 4224 858 4328 accipiant..Actio
886 4229 1149 4328 mandati
1187 4237 1298 4328 est,
1331 4230 1526 4292 lacere
1577 4229 1748 4328 quod
1761 4230 1988 4309 justum
2011 4227 2231 4328 Dniam
2265 4226 2574 4326 thesauros
2608 4225 2817 4328 mundi
2863 4243 2968 4306 pro
3018 4222 3222 4328 nihilo.
3255 4219 3576 4328 riputabit.
3624 4218 3711 4328 "Tu

347 4321 456 4388 est,
490 4314 748 4392 virtutis,
772 4326 835 4378 ut
860 4317 1016 4398 quod
1047 4318 1132 4388 fit,
1159 4317 1387 4379 veritati
1421 4319 1672 4399 placeat.
1706 4318 1808 4379 Est
1827 4320 1985 4381 enim
2011 4310 2054 4328 ν
2073 4316 2233 4380 enim
2261 4333 2470 4377 revera
2496 4314 2848 4376 inexhausta
2868 4333 2932 4376 es
2958 4310 3718 4394 opulentia.Beatus,acter

344 4402 444 4482 qui
481 4405 752 4466 mandato
784 4407 1175 4487 obtemperat,
1206 4414 1262 4467 et
1282 4417 1487 4487 aperte
1519 4406 1725 4468 vitioso
1753 4408 1994 4473 aﬂ‘ectui
2075 4407 2304 4482 beatus,
2332 4423 2511 4486 quem
2545 4413 2605 4467 tu
2635 4404 3034 4485 assumpsistt.
3068 4400 3195 4464 Erit
3223 4401 3383 4462 enim
3416 4401 3477 4460 in
3507 4399 3714 4479 abjec-

347 4492 548 4566 servit,
603 4501 662 4554 et
709 4495 903 4574 pravis
951 4495 1406 4574 cogitationibus
1454 4495 1664 4556 bonam
1695 4496 1989 4559 actionem
2075 4497 2235 4559 tione
2273 4514 2403 4576 qua:
2432 4495 2720 4568 cernitur,
2764 4493 3041 4555 omnibus
3073 4490 3348 4570 gloriosis
3375 4488 3712 4569 gloriosior,

347 4578 646 4655 obscurat,
674 4602 744 4645 ac
775 4583 1034 4664 perimit.
1059 4583 1367 4663 Quiigitur
1385 4585 1445 4645 in
1472 4583 1759 4645 mandatis
1777 4585 1992 4648 Christi
2073 4594 2133 4648 et
2153 4583 2458 4647 honoratis
2479 4581 2756 4644 omnibus
2784 4581 3150 4658 honoratior,
3183 4587 3358 4661 atque
3387 4577 3712 4658 augustior.

425 4748 490 4833 βε
518 4749 721 4815 Matth.
755 4769 898 4828 XXII,
921 4755 1022 4828 37,
1057 4751 1156 4817 38.
1241 4753 1306 4804 89
1332 4752 1484 4816 Ibid.
1517 4753 1617 4816 39.
1701 4753 1764 4804 90
1790 4751 1968 4818 Joan.
1998 4772 2122 4833 xlv,
2157 4755 2258 4818 21.
2340 4754 2396 4805 9|
2432 4752 2606 4816 Rom.
2642 4767 2767 4829 vm,
2792 4752 2894 4832 35,
2916 4752 3017 4816 36.

3103 4749 3168 4802 92
3195 4749 3456 4831 Philipp.
3488 4763 3578 4825 ιιι,
3612 4748 3710 4810 12.

342 4827 396 4871 93
422 4832 595 4893 Joan.
628 4849 747 4908 xw,
777 4835 878 4897 23.

440 5000 504 5080 (7)
535 4998 786 5065 Videtur
817 5005 1068 5084 Symeon
1099 5002 1394 5078 dubitare,
1420 5021 1562 5084 num
1585 5008 1796 5084 praeter
1815 5020 1985 5084 ange-

353 5078 524 5141 licam
580 5091 633 5142 et
688 5078 1004 5146 humanam
1057 5091 1386 5145 creaturam
1429 5083 1504 5143 sit
1547 5078 1661 5143 alia
1688 5078 1990 5144 intellectu

354 5160 620 5244 praedita.
669 5162 781 5244 Sed
831 5183 938 5244 pro
984 5171 1145 5225 certo
1189 5163 1564 5244 statuendum
1599 5172 1687 5224 est
1717 5181 1833 5222 non
1858 5181 1991 5224 esse

2075 5008 2305 5085 quisua
2318 5000 3236 5090 omnipotentivirtutesimuluti
3252 4997 3426 5061 initio
3439 4996 3718 5090 temporis

2072 5081 2395 5163 utramque
2407 5081 2681 5146 deitihilo
2695 5083 3058 5156 condiderit,
3074 5087 3409 5163 creaturam
3419 5081 3714 5163 spiritua-

2073 5163 2190 5225 lem
2211 5174 2265 5225 et
2287 5158 2683 5242 corporalem;
2715 5164 3047 5242 angelicam
3064 5159 3344 5224 videlicet
3373 5165 3427 5219 et
3448 5158 3713 5220 munda-

358 5241 531 5325 aliam
551 5263 567 5314 ;
591 5243 751 5306 unde
777 5241 936 5305 enim
961 5245 1094 5325 quis
1111 5243 1337 5306 divinet
1357 5243 1531 5304 aliam
1549 5261 1703 5315 esse,
1730 5261 1998 5325 tumncc

358 5318 701 5402 Scripturae,
719 5342 829 5385 nec
846 5318 1380 5400 conéiliorum,nec
1400 5325 1641 5386 Patrum
1655 5323 1991 5397 auctoritas,

364 5419 475 5485 nec
490 5402 640 5464 ratio
651 5404 1111 5485 autexperentia
1130 5403 1452 5485 quidquam
1467 5403 1540 5466 de
1553 5402 1990 5485 eatradat‘tlmo

358 5480 427 5566 in
462 5500 608 5566 cap.
636 5480 956 5566 Firmiter,
991 5480 1327 5566 extraZVoy'.
1352 5487 1435 5547 De
1451 5500 1666 5566 summ,
1690 5483 1914 5566 Trinit.
1934 5488 1994 5566 et

346 5562 464 5626 ﬁde
488 5562 786 5629 catholica
810 5565 1038 5629 Dicitur
1053 5563 1213 5628 Deus
1246 5562 1472 5630 creator
1491 5564 1764 5627 omnium
1782 5562 1993 5626 visibi-

349 5642 498 5707 lium
518 5651 578 5707 et
596 5644 1028 5726 invisibilium,
1053 5645 1476 5728 spiritualium
1489 5643 1547 5709 et
1555 5641 1988 5726 corporalium,

2078 5261 2244 5329 nam,
2277 5261 2347 5307 ac
2374 5237 2589 5305 deinde
2619 5237 2977 5315 humanam,
3012 5242 3212 5329 quqsi
3237 5255 3605 5329 communem
3636 5255 3716 5298 ea;

2075 5325 2298 5401 spiritu
2321 5333 2380 5386 et
2401 5340 2654 5408 corpore
2675 5317 3086 5408 constitutam,
3105 5321 3219 5383 Ubi
3242 5317 3401 5408 nulla
3421 5317 3537 5378 alia
3550 5334 3712 5408 crea-

2074 5397 2206 5466 tura
2253 5421 2422 5465 mere
2451 5397 2799 5489 __spiritualis
2848 5401 3188 5489 agnoscitur
3241 5405 3456 5489 praater
3482 5397 3713 5489 angeli—

2073 5501 2200 5544 cam
2227 5500 2244 5559 ;
2272 5492 2333 5564 et
2367 5475 2530 5544 nulla
2564 5483 2778 5564 partim
2807 5475 3155 5564 spiritualis,
3181 5475 3395 5564 partim
3417 5475 3712 5556 coporalis

2075 5569 2294 5644 praeter
2321 5563 2660 5626 humanam.
