4112 6106
439 232 560 301 423

1758 219 2140 292 SYMEONIS
2178 222 2318 293 JUN
2328 218 2530 292 IORIS

3701 229 3820 298 424

439 367 778 434 Laudabilis
803 367 904 449 qui
926 373 982 428 te
1007 361 1239 446 quierit,
1267 364 1618 428 laudabilior
1634 365 1734 447 qui
1754 375 1811 432 te
1831 369 2082 434 invenit.
2101 372 2148 431 Α
2168 359 2298 442 ipse
2322 363 2593 427 Christus
2618 364 2992 448 loquebatur-
3027 366 3305 448 Quinque
3333 367 3494 430 enim
3526 366 3821 432 excellen-

439 458 680 522 Beatior
700 457 800 538 qui
832 463 1142 536 susceptus
1194 463 1281 518 est
1313 463 1451 530 ate,
1484 455 1583 536 qui
1625 456 1832 520 doctus
1873 463 1981 524 abs
2007 470 2084 537 te,

2175 450 2254 512 tia
2279 451 2435 514 dona
2449 454 2818 537 complexus,
2847 467 2908 518 et
2927 457 3077 519 citra
3103 458 3451 520 cbaritatem
3473 458 3726 534 inutilia,
3761 467 3819 520 et

440 549 544 632 qui
574 546 858 610 habitavit
885 545 946 606 in
981 553 1060 623 te,
1097 545 1198 626 qui
1231 564 1338 627 per
1358 545 1701 632 alimentum
1727 554 1892 610 tuum
1919 550 2089 614 Chri-
2170 541 2507 632 periculosa
2528 562 2659 607 esse
2680 545 2873 622 docet,
2905 547 3261 627 linguarum,
3283 548 3630 629 prophetiae,
3650 547 3814 625 ﬁdei,

438 631 592 700 stum
624 635 1018 698 immortalem
1051 635 1309 697 nutritus
1343 641 1455 696 est.
1490 631 1537 696 Ο
1570 634 1766 697 divina
1803 638 2080 721 charitas,

437 727 542 790 ubi
573 726 868 789 Christum
904 723 1176 788 contines
1204 723 1227 785 ?
1259 723 1362 785 ubi
1393 741 1526 784 eum
1557 722 1916 788 abscondis?
1939 727 2081 790 Cur-

435 824 678 897 arrepto
698 815 1007 876 Salvatore
1038 811 1248 874 mundi
1283 813 1456 892 longe
1487 831 1520 874 a
1552 812 1720 875 nobis
1750 817 2085 879 recessisti?

437 906 624 986 Aperi
656 904 833 966 etiam
866 903 1039 964 nobis
1082 901 1343 980 indignis
1395 903 1673 963 ostiolum
1721 912 1906 983 tuum,
1933 914 1996 967 ut
2028 916 2085 969 et

433 1013 542 1056 nos
563 1013 696 1056 eum
723 992 1056 1073 videamus,
1083 991 1400 1056 Christum.
1426 990 1690 1070 inquam,
1709 1002 1954 1074 propter
1973 1013 2082 1058 nos

434 1102 698 1166 passum,
753 1091 809 1144 et
859 1082 1171 1144 credamus
1227 1079 1652 1140 misericordiae
1701 1079 1880 1160 illius,
1919 1092 1980 1145 ut
2011 1101 2081 1150 eo

433 1180 756 1254 conspecto
777 1190 852 1233 ne
874 1171 1133 1251 amplius
1154 1169 1500 1231 moriamur.
1527 1168 1709 1248 Aperi
1731 1169 1928 1249 nobis,
1953 1192 2084 1253 qum

432 1266 584 1325 facta
613 1269 704 1322 est
736 1261 864 1341 ejus
888 1261 1092 1340 janua,
1119 1258 1258 1321 utin
1288 1276 1465 1320 carne
1499 1267 1834 1339 appareret,
1861 1272 1920 1322 et
1946 1281 2080 1343 quae

431 1353 616 1432 larga,
668 1359 727 1413 et
777 1369 910 1430 quae
943 1349 1074 1428 cogi
1111 1367 1228 1409 non
1263 1355 1536 1427 poterant
1579 1348 1806 1409 viscera
1838 1352 2079 1413 Domini

428 1441 642 1521 nostri,
698 1447 940 1520 peccata
993 1446 1049 1500 et
1097 1437 1474 1498 inﬁrmitates
1523 1437 1791 1498 omnium
1844 1448 2079 1519 portare

429 1530 700 1608 coegisti.
730 1528 816 1590 Ne
839 1527 1085 1608 abjicias
1106 1545 1239 1602 nos,
1259 1526 1467 1587 dicens
1495 1547 1507 1584 :
1537 1525 1677 1587 Non
1698 1528 1842 1589 novi
1863 1545 1965 1590 vos
1987 1529 2073 1592 94.

429 1618 568 1682 Esto
611 1619 946 1690 nobiscum,
979 1625 1044 1678 ut
1071 1616 1305 1678 noveris
1335 1633 1479 1690 nos;
1515 1616 1733 1678 etenim
1769 1617 1872 1678 tibi
1903 1618 2073 1680 inco—

2170 628 2586 711 eleemosynae,
2625 641 2685 694 et
2711 635 3006 714 martyrii:
3031 635 3099 699 Si
3121 635 3349 715 linguis
3386 628 3722 712 hominum,
3759 642 3817 698 et

2167 718 2519 797 angelorum
2540 721 2778 800 loquar,
2805 721 3020 804 inquit,
3052 729 3112 785 si
3125 723 3390 786 habuero
3404 725 3808 804 prephetiam.

2167 813 2505 870 etnoverfm
2519 813 2803 890 mysteria
2823 815 3046 888 omnia,
3067 821 3121 876 et
3141 831 3374 876 omnem
3394 815 3739 876 scientiam:
3761 815 3816 875 si

2166 894 2432 958 habuero
2460 915 2696 961 omnem
2733 900 2935 978 ﬁdem,
2959 910 3272 964 utmontes
3302 904 3670 981 transferam
3710 922 3724 960 :
3760 903 3815 964 si

2165 983 2529 1049 distribuere
2575 990 2642 1049 in
2681 989 2840 1051 cibos
2873 1008 3212 1071 pauperum
3261 1009 3465 1054 omnes
3491 991 3814 1069 farultates

2164 1089 2331 1135 meas
2350 1077 2502 1136 :etsi
2531 1077 2838 1140 tradidero
2873 1095 3094 1159 corpus
3124 1098 3322 1142 meum
3346 1083 3432 1143 ita
3452 1089 3517 1142 ut
3538 1081 3808 1152 ardeam,

2164 1160 2518 1226 charitatem
2531 1174 2870 1230 autemnon
2885 1166 3811 1249 habuer0,nihilmihiprodest97

2161 1249 2272 1339 Qui
2298 1261 2494 1315 autem
2536 1273 2673 1317 vere
2695 1273 2764 1317 ea
2791 1257 3075 1338 praeditus
3099 1259 3196 1330 sit,
3219 1277 3288 1320 ex
3310 1257 3591 1339 operibus
3613 1257 3808 1318 mani-

2158 1338 2309 1402 feste
2335 1341 2672 1423 declarans,
2694 1343 2774 1406 ait
2800 1363 2813 1408 :
2841 1345 3127 1409 Charitas
3151 1338 3390 1427 patiens
3423 1353 3528 1421 est,
3549 1345 3807 1426 benigna

2159 1437 2271 1503 est,
2286 1448 2408 1492 non
2421 1433 2895 1508 wmulatur,non
2908 1438 3037 1516 agit
3043 1453 3511 1516 perperamnwn
3527 1434 3799 1515 iuﬂatur,

2155 1535 2274 1579 non
2290 1527 2373 1581 est
2395 1519 2737 1602 ambitiosa,
2759 1541 2876 1585 non
2893 1526 3105 1602 quaerit
3120 1543 3251 1604 qua:
3265 1543 3376 1588 sua
3398 1531 3558 1596 sunt,
3573 1541 3694 1585 non
3719 1529 3802 1583 ir-

2158 1612 2408 1684 ritatur,
2423 1625 2547 1670 non
2579 1613 2803 1691 cogitat
2827 1613 3075 1694 malum,
3094 1631 3219 1676 non.
3237 1613 3462 1693 gaudet
3477 1629 3661 1692 super
3675 1613 3800 1674 ini-

432 1709 576 1788 gniti
609 1726 836 1770 sumus.
881 1705 1094 1768 Habita
1115 1708 1174 1766 in
1205 1704 1400 1779 nobis,
1429 1711 1492 1766 ut
1516 1714 1758 1784 propter
1782 1713 1839 1766 te
1863 1705 2071 1768 Domi-
2095 1695 2133 1744 Β
2156 1701 2400 1778 quitate,
2439 1705 2766 1782 congaudet
2794 1714 2996 1768 autem
3026 1707 3318 1768 veritati:
3345 1707 3548 1768 omnia
3568 1705 3798 1785 δαῆναι-ι,

435 1815 570 1871 nus,
605 1815 739 1858 cum
764 1795 850 1856 illi
872 1794 1230 1870 occurreris,
1266 1811 1374 1855 nos
1395 1810 1629 1874 quoque
1653 1795 1910 1856 humiles
1938 1797 2073 1858 visi-

427 1893 509 1949 tet
539 1887 680 1966 (nos
716 1885 936 1966 quippe
972 1884 1147 1946 simul
1189 1892 1248 1946 et
1269 1883 1455 1945 semel
1491 1883 1718 1962 indigni
1749 1887 1976 1965 sumus)
2010 1894 2072 1947 ut

427 1984 685 2049 maneat,
707 1974 1008 2054 paululum
1037 1981 1232 2035 tecum
1254 1972 1622 2052 colioquens,
1645 1979 1703 2034 et
1723 1973 2061 2035 sinatetiam

423 2081 532 2126 nos
563 2072 909 2144 peccatores
940 2081 1008 2125 ac
1037 2062 1448 2124 immaculatos
1479 2062 1606 2141 ejus
1638 2062 1819 2142 pedes
1862 2063 2058 2145 proci-

422 2153 567 2215 dere
607 2175 619 2214 :
657 2161 715 2216 et
735 2152 982 2233 loquere
1014 2171 1121 2232 pro
1151 2149 1325 2212 nobis
1354 2149 1534 2226 bona,
1567 2168 1826 2232 rogaque
1845 2163 1906 2215 ut
1927 2172 2062 2234 pec-

421 2251 688 2305 catorum
723 2242 923 2304 debita
953 2241 1125 2302 nobis
1155 2241 1572 2303 remittantur:
1601 2253 1668 2302 ut
1696 2242 1811 2322 ipsi
1853 2261 1957 2323 per
2007 2251 2064 2304 te

417 2349 626 2393 rursus
655 2331 815 2410 digni
847 2347 1076 2403 sumus,
1111 2329 1209 2409 qui
1235 2329 1487 2391 Domino
1520 2330 1866 2407 serviamus,
1911 2341 1969 2392 et
2011 2331 2062 2394 is

422 2421 704 2482 alimenta
736 2419 907 2480 nobis
939 2419 1262 2500 provideat.
1299 2418 1444 2479 Nam
1477 2419 1625 2482 nihil
1665 2420 1904 2500 quidem
1951 2421 2060 2482 de-

425 2508 588 2579 bere,
625 2509 778 2570 fame
797 2516 994 2571 autem
1014 2527 1083 2570 ex
1107 2507 1489 2570 mendicitate
1513 2511 1725 2585 emori,
1755 2528 1940 2590 ptente
1957 2529 2062 2590 par

418 2597 775 2678 supplicium
820 2597 1115 2678 importat.
1154 2600 1265 2657 Per
1296 2605 1376 2671 te,
1411 2605 1612 2658 sancta
1642 2598 1920 2673 Charitas,
1953 2617 2058 2660 ve-

422 2686 580 2749 niam
623 2703 1082 2766 consequamur.
1127 2689 1241 2747 Per
1292 2694 1347 2747 te
1393 2685 1566 2747 bonis
1604 2686 1840 2748 Domini
1874 2688 2060 2750 nostri

2154 1792 3798 1876 omniacredit,ommasperat,omniasustinet.0haritas

2153 1895 2467 1957 nunquam
2486 1883 2710 1945 excidit
2731 1884 2814 1942 98.
2843 1888 3098 1965 Propter
3119 1887 3271 1948 hanc
3296 1892 3354 1946 et
3387 1885 3631 1947 Verbum
3658 1901 3797 1946 caro

2145 1967 2370 2055 [actum
2385 1977 2562 2044 est,et
2572 1970 2872 2036 habitavit
2883 1974 2950 2036 in
2962 1973 3155 2036 nobis.
3174 1973 3602 2055 Propterquam
3617 1974 3794 2034 homo

2143 2052 2332 2118 factus
2367 2056 2475 2120 Dei
2508 2058 2716 2135 Filius,
2745 2081 2952 2124 omnes
2986 2062 3246 2126 viviticos
3269 2052 3564 2126 cruciatus
3586 2071 3794 2142 sponte

2145 2161 2212 2206 ac
2237 2144 2430 2208 libens
2453 2149 2716 2227 pertulit,
2740 2159 2803 2211 ut
2827 2152 3051 2232 plasma
3071 2171 3264 2226 suum,
3286 2153 3600 2214 humanam
3627 2159 3785 2212 uatu-

2143 2251 2270 2293 ram
2299 2235 2360 2295 in
2393 2238 2610 2298 multas
2638 2248 2835 2318 partes
2872 2259 2905 2302 a
2945 2240 3180 2303 diabolo
3222 2241 3548 2303 dissectum
3591 2259 3660 2302 ac
3693 2239 3791 2300 di-

2141 2331 2464 2410 remptum,
2489 2345 2596 2406 per
2620 2328 2794 2390 tidem
2815 2338 3034 2392 rectam
3062 2340 3120 2393 et
3141 2330 3486 2392 charitatem
3511 2329 3790 2410 spiritua-

2143 2409 2260 2501 lem
2289 2411 2349 2473 in
2370 2433 2554 2476 unum
2577 2429 2986 2501 congregaret,
3018 2428 3075 2482 et
3108 2439 3141 2482 a
3169 2419 3424 2481 vinculis
3452 2409 3676 2480 inferni
3711 2417 3786 2479 li-

2143 2499 2408 2590 beratum
2461 2499 2994 2590 recuperatamque
3033 2510 3095 2571 in
3137 2510 3354 2572 coelum
3402 2508 3784 2571 subveheret.

2141 2587 2392 2670 Propter
2412 2593 2565 2657 hanc
2583 2607 2642 2659 et
2665 2587 2920 2678 apostoli
2941 2599 3334 2680 irrequietum
3353 2599 3516 2660 illum
3540 2617 3784 2660 cursum

2141 2692 2554 2759 cucurrerunt,
2583 2693 2640 2746 et
2661 2705 2794 2747 cum
2820 2695 3002 2748 totum
3034 2689 3322 2750 mundum
3339 2688 3450 2749 reti
3469 2706 3538 2750 ac
3565 2706 3786 2766 sagena

422 2775 816 2856 perfruamur,
836 2793 1085 2856 quorum
1112 2773 1481 2849 suavitatem,
1512 2775 1624 2835 nisi
1658 2795 1762 2855 per
1795 2783 1850 2837 te
1881 2795 2056 2838 nemo
2139 2768 2300 2830 verbi
2327 2773 2781 2856 conclusissent,
2807 2795 2840 2838 e
2875 2775 3559 2858 profundoidolomaniae
3585 2777 3658 2836 ad
3682 2776 3780 2836 lit-

417 2865 695 2942 gustabit.
725 2863 836 2937 Qui
871 2864 1030 2926 enim
1063 2871 1119 2925 te
1151 2883 1293 2935 non,
1326 2872 1390 2925 ut
1420 2863 1702 2944 oportuit,
1739 2864 1962 2946 dilexit,
1999 2873 2057 2927 et
2137 2860 2718 2946 tusregniccelorum
2740 2863 3103 2927 incolumem
3121 2863 3779 2944 extraxerunt.Propter

418 2953 524 3015 abs
555 2960 612 3015 te
643 2972 762 3015 non
797 2961 886 3014 est
926 2953 1178 3016 dilectus
1207 2961 1270 3014 ut
1299 2951 1526 3026 debuit,
1583 2952 1767 3014 currit
1809 2953 2050 3034 quidem
2135 2945 2287 3008 hanc
2326 2947 2543 3011 Christi
2583 2960 2870 3033 martyres
2895 3002 2911 3029 ,
2958 2973 3034 3017 ne
3067 2955 3367 3017 Christum
3406 2952 3772 3034 amitterent,

412 3042 682 3118 fortasse,
717 3042 820 3104 sed
856 3061 972 3103 non
994 3041 1468 3122 comprehendit.
1489 3039 1697 3105 Omnis
1725 3050 1920 3106 autem
1951 3043 2053 3124 qui
2132 3036 2481 3125 eanguinem
2512 3058 2681 3103 suum
2717 3043 3389 3125 profuderunt.Propter
3411 3045 3561 3105 hanc
3592 3042 3781 3105 divini

413 3131 622 3213 currit,
654 3139 794 3194 ante
815 3131 1149 3192 confectum
1174 3131 1536 3192 curriculum
1555 3130 1628 3192 de
1642 3131 1836 3212 palma
1856 3123 2053 3194 incero
2133 3123 2338 3186 Patres
2367 3127 2575 3204 nostri,
2627 3139 2685 3191 et
2727 3131 2889 3194 orbis
2923 3141 3216 3195 terrarum
3251 3123 3511 3212 magistri
3540 3133 3776 3195 animas

411 3228 506 3282 ιυε
530 3229 622 3282 εει
642 3221 726 3282 93,
745 3227 851 3282 Λει
870 3220 970 3300 qui
995 3229 1050 3282 ιθ
1073 3220 1547 3300 comprehendit,
1573 3229 1673 3280 aut
1691 3220 1797 3282 abs
1817 3231 1873 3283 ιε
1895 3240 2057 3284 com-
2137 3229 2276 3302 suas
2302 3233 2407 3295 pro
2425 3218 2718 3281 catholica
2739 3228 2798 3282 et
2821 3222 3144 3302 apostolica
3171 3222 3446 3284 Ecclesia
3471 3241 3592 3284 non
3611 3222 3784 3286 inviti

406 3311 742 3402 prehensus
765 3310 1138 3402 est,om_nino
1171 3315 1372 3402 certus
1415 3318 1523 3402 est,
1570 3299 2503 3402 quandoquidemcabjecerunt.
2563 3309 2816 3402 Propter
2861 3299 3230 3372 'charitatem
3268 3401 3273 3402 γ
3304 3311 3492 3373 sancti
3568 3331 3780 3375 omnes

404 3400 540 3461 ﬁnis
575 3399 723 3476 legis
757 3406 818 3460 tu
853 3417 936 3460 es.
971 3397 1057 3460 Tu
1089 3400 1247 3460 enim
1284 3400 1714 3480 prophetarum
1746 3401 2044 3480 magistra,

401 3488 710 3568 apostolici
742 3505 952 3550 cursus
986 3487 1169 3562 socia,
1206 3494 1533 3568 martyrum
1559 3487 1770 3570 virtus,
1806 3491 2047 3552 Patrum

402 3584 462 3638 et
485 3577 794 3638 doctorum
828 3575 1162 3657 inspiratio.

405 3721 408 3723 λ
482 3662 800 3726 Curramus
833 3663 1014 3743 igitur
1047 3671 1106 3724 et
1132 3682 1239 3726 nos
1260 3663 1493 3745 fratres,
1531 3672 1815 3745 quantum
1838 3684 2049 3748 possu-

400 3771 533 3814 mus
564 3771 814 3834 eamque
859 3772 990 3815 cum
1042 3753 1161 3815 ﬁde
1209 3763 1268 3817 et
1317 3751 1730 3817 observatione
1778 3757 2046 3818 omnium

401 3841 621 3904 Christi
684 3841 1094 3904 mandatorum
1139 3851 1580 3906 consectemur.
1623 3843 1732 3916 Qui
1789 3863 2048 3926 namque

399 3931 555 3993 banc
576 3932 1089 4012 comprehendere
1119 3938 1494 4012 meruerunt,
1527 3951 1633 4014 spe
1678 3953 1784 3995 sua
1815 3953 2045 4015 nequa-

401 4038 581 4101 quam
621 4020 938 4101 aliquando
971 4021 1342 4084 exciderunt.
1383 4020 1693 4085 Enitamur
1708 4042 1869 4098 vero,
1897 4023 2050 4086 sicut

2133 3407 2322 3471 usque
2358 3394 2431 3454 ad
2472 3395 2822 3475 sanguinem
2855 3407 3094 3478 peccato
3136 3401 3507 3477 restiterunt,
3555 3403 3779 3465 nullam

2129 3480 2425 3543 rationem
2461 3485 2770 3563 praesentis
2807 3486 2938 3548 vitae
2971 3487 3281 3564 ducentes,
3309 3490 3547 3552 etvaria
3567 3492 3776 3553 mortis

2129 3585 2350 3659 genera
2375 3573 2805 3648 sustinuerunt,
2831 3584 2896 3636 ut
2928 3594 2963 3638 a
2994 3577 3212 3640 mundo
3234 3577 3308 3639 ad
3329 3579 3579 3659 seipsos,
3613 3586 3674 3641 et
3699 3578 3774 3640 ad

2126 3655 2316 3718 Deum
2343 3661 2789 3740 colligerenter,
2815 3671 2875 3726 et
2895 3674 3120 3726 naturae
3137 3666 3314 3728 verba
3333 3667 3393 3726 in
3417 3655 3774 3745 seipsisuui-

2128 3756 2263 3835 rent
2283 3747 2527 3828 (8).Haec
2550 3758 2639 3812 est
2661 3753 2819 3813 enim
2837 3772 2999 3835 vera,
3020 3762 3078 3815 et
3092 3755 3391 3835 inculpata
3410 3757 3516 3817 Det
3537 3754 3773 3835 sapien-

2129 3834 2233 3924 tia,
2268 3837 2436 3917 cujus
2459 3839 2594 3900 ﬁnis
2624 3840 2770 3902 illud
2821 3834 3044 3904 bonum
3072 3851 3179 3917 est,
3207 3834 3272 3904 et
3293 3843 3506 3905 veritas
3533 3865 3546 3903 :
3577 3834 3770 3924 siqui-

2129 3923 2268 3986 dem
2293 3925 2510 3988 bonum
2535 3929 2899 4007 humanitas,
2926 3940 2984 3993 et
3007 3933 3222 3994 veritas
3242 3951 3411 3994 amor
3437 3932 3545 3996 Dei
3564 3923 3778 3996 secun-

2131 4012 2271 4074 dum
2303 4015 2518 4093 fidem;
2552 4029 2900 4098 argumenta
2940 4022 3266 4099 charitatis,
3320 4025 3443 4086 Deo
3474 4024 3776 4100 homines,

401 4126 511 4190 per
529 4109 853 4181 omnia,ita
875 4109 1049 4170 etiam
1075 4129 1181 4190 per
1203 4118 1466 4171 mutuam
1490 4112 1838 4173 charitatem
1859 4111 2047 4174 Deum
2132 4110 2188 4190 et
2227 4102 2364 4165 illos
2407 4104 2565 4166 inter
2611 4125 2674 4168 se
2714 4109 3067 4190 copulantis,
3115 4120 3174 4172 et
3212 4112 3436 4174 idcirco
3491 4112 3767 4176 stabilem

400 4188 620 4259 holere,
645 4199 838 4261 omne
867 4188 1162 4279 siquidém
1206 4198 1487 4277 studium,
1533 4199 1848 4281 omnisque
1881 4201 2047 4263 exci-
2069 4271 2109 4284 ﬁ
2130 4188 2422 4284 bonorum
2451 4188 2930 4274 permansionem
2961 4199 3402 4264 habentis.Haac
3425 4210 3534 4284 est,
3558 4203 3775 4265 ostium

402 4285 545 4346 tatio
577 4304 709 4347 cum
737 4271 1284 4366 multis-conjuncta
1322 4271 1647 4371 laboribus,
1671 4271 1803 4370 qua;
1836 4309 1954 4352 non
1985 4290 2048 4351 in
2069 4271 2189 4340 Del
2217 4279 2306 4342 Via
2334 4271 2509 4362 quain
2541 4286 2647 4346 Dei
2679 4285 2944 4349 Verbum
2969 4288 3232 4369 seipsum
3262 4271 3604 4371 appellavit,
3639 4291 3778 4354 etin

405 4373 918 4462 charitatum_cum
943 4374 1152 4455 spiritu
1178 4376 1430 4438 contrito
1455 4378 1667 4450 tendit,
1702 4379 1896 4440 inanis
1933 4387 2045 4462 est,
2128 4385 2198 4462 ee
2229 4373 2642 4454 ProcedenteS,
2675 4373 2798 4437 Deo
2829 4385 2888 4438 et
2918 4377 3077 4440 Patri
3109 4397 3288 4458 puros
3317 4379 3390 4440 ab
3422 4379 3584 4440 omni
3623 4399 3774 4442 con-

402 4461 544 4524 etin
567 4460 716 4522 nihil
745 4457 1112 4526 fructuosum
1137 4465 1681 4547 desinit.Discipuli
1706 4469 1864 4529 enim
1887 4457 2046 4532 Chril
2129 4457 2390 4542 Citatala,
2420 4476 2478 4525 et
2506 4463 2746 4526 sinislra
2777 4465 3035 4529 motione
3063 4457 3329 4529 eihihet.

399 4550 476 4613 sti
499 4569 569 4612 ex
595 4549 913 4613 dilectione
937 4561 1158 4625 mutua,
1207 4561 1486 4634 tanquam
1531 4564 1763 4630 tessera
1804 4576 2053 4636 cognos—
2219 4548 2353 4612 Vidi
2382 4569 2490 4630 ego
2542 4553 2869 4632 hominem,
2912 4554 3145 4629 fratres,
3179 4556 3282 4636 qui
3320 4554 3667 4632 diligens-in
3697 4573 3768 4617 eo

405 4647 645 4703 cuntur:
666 4658 778 4701 nec
800 4647 992 4720 potest
1011 4641 1305 4723 quispiam
1325 4643 1385 4704 in
1399 4644 1512 4706 alia
1525 4646 1798 4727 quapiam
1810 4648 2046 4724 virtute,

2148 4637 2394 4727 ttudium
2419 4649 2688 4722 poneret,
2712 4647 3024 4723 variosque
3046 4643 3254 4705 modos
3277 4643 3668 4724 experiretur,
3705 4649 3773 4707 ut

402 4724 2056 4816 autobservationeDominicimandatidiscipulusChri.-
2136 4724 2404 4803 fra'rum,
2466 4729 2814 4809 quibuscum
2876 4729 3246 4794 familiariter
3299 4731 3552 4808 vivebat,
3609 4731 3771 4794 hunc

395 4819 470 4882 sti
493 4817 1251 4902 agnosci:Inhoc,inquit,
1272 4826 2054 4906 cognoscentomnes.quod
2133 4819 2375 4898 quidem
2422 4836 2719 4896 sermone,
2769 4819 2950 4882 alium
3008 4821 3373 4896 meneribus,
3426 4821 3607 4883 alium
3658 4821 3773 4884 alia

395 4907 689 4989 discipuli
723 4911 845 4970 mei
876 4910 1044 4985 estis,
1092 4915 1149 4971 si
1175 4910 1554 4975 dilectionem
1594 4914 1935 4978 habueritis
1970 4916 2052 4978 ad
2133 4908 2390 4988 quadam
2422 4906 3032 4970 occasioneavitiosis
3054 4909 3390 4973 actionibus
3411 4919 3472 4973 et
3499 4911 3771 4991 cogitatis

392 4997 654 5062 invicem
667 4995 755 5059 96.
778 4995 947 5070 Quod
973 4997 1134 5061 idem
1153 5001 1301 5064 etB.
1329 5001 1546 5064 Paulus
1575 5002 1820 5080 indicat,
1847 5003 1907 5065 in
1931 5022 2047 5085 quo
2129 4999 2479 5063 abduceret.
2513 5000 2589 5063 Et
2608 4998 2728 5062 vidi
2757 4999 2934 5064 talem
2954 5019 3110 5064 nunc
3126 5003 3369 5084 quidem
3394 5005 3637 5067 ﬂentem
3655 5004 3767 5066 hu-

467 5253 536 5308 95
562 5255 767 5321 Matth.
798 5273 937 5338 xxv,
976 5259 1072 5323 12.
1154 5259 1220 5313 95
1249 5257 1275 5322 Ι
1305 5259 1442 5325 Cor.
1476 5276 1558 5338 Iv,
1589 5262 1690 5341 24,
1717 5262 1817 5327 25.
1901 5261 1967 5314 96
1993 5259 2170 5325 Joau.
2201 5274 2330 5338 xm,
2365 5257 2465 5325 35.
2550 5259 2614 5311 97
2642 5259 2667 5324 Ι
2697 5263 2830 5326 Cor.
2861 5279 2988 5342 xm,
3023 5264 3148 5332 1-3.
3233 5266 3298 5317 98
3326 5263 3480 5329 Ibid.
3513 5264 3655 5329 4-8.

445 5512 786 5612 ’(8).ςίι“ωοθ
841 5521 930 5577 καὶ
964 5519 1052 5612 ,διξὰ
1092 5524 1192 5588 τῆς
1247 5521 1487 5612 φύσεως·
1511 5520 1594 5612 ἐφ’
1638 5524 2033 5612 ἐαρτῷνωὲνώ-

2148 5540 2271 5612 eges
2297 5525 2353 5612 et
2375 5520 2606 5612 decreta
2643 5529 2908 5612 naturae,
2934 5546 3039 5612 seu
3061 5528 3459 5612 appetitiones
3496 5534 3764 5592 natura-

386 5613 519 5653 σωσι
546 5596 786 5680 ῥήματα,
812 5615 929 5679 per
954 5599 1168 5676 ῥήματα
1197 5596 1400 5682 φύὲνεως
1424 5596 1668 5668 videtur
1691 5603 2039 5686 intelligere

2148 5596 2303 5667 tiles.
2317 5601 2444 5667 Ista
2461 5604 2625 5668 enim
2635 5610 2800 5682 sunt,
2816 5596 2998 5690 quasi
3006 5596 3208 5675 uei'ba
3233 5617 3290 5676 et
3305 5619 3759 5675 vocesnatum.
