4112 6106
329 293 448 360 425

1795 303 2077 365 ΟΒΑΤΙΟ
2119 303 2312 364 XXII.

3583 301 3718 370 £26

325 429 446 506 jus.
482 449 641 492 nunc
665 430 1097 494 lamentantem
1124 432 1284 495 illius
1314 452 1492 494 causa
1524 452 1536 495 :
1572 434 1892 514 aliquando
1927 424 2044 496 etA
2067 434 2228 496 solus
2274 453 2476 495 eorum
2531 433 2856 507 miseriam,
2909 433 3131 514 quibus
3161 434 3278 498 illa:
3306 436 3712 515 dominantur,

333 518 544 580 faciem
567 538 753 580 suam.
778 528 836 582 et
853 530 1056 600 pectus
1077 521 1490 584 vcrberantem
1522 524 1979 603 propteralium,

335 607 435 686 qui
465 607 669 684 verbo,
698 617 795 670 aut
815 629 994 688 opere
1021 611 1373 685 offenderat;
1405 611 1831 691 suscipientem
1857 613 1986 691 ejus

335 714 650 773 personam
699 697 997 773 videlicet,
1028 708 1084 761 et
1110 718 1174 760 se
1204 699 1372 760 illum
1414 703 1632 780 ipsum,
1686 701 1786 780 qui
1831 701 1983 762 deli-

334 795 544 863 querat
592 794 988 864 reputantem,
1037 808 1107 851 ac
1160 788 1280 848 Deo
1330 790 1736 863 conﬁtentem,
1794 797 1849 850 et
1897 789 1985 850 illi

339 873 824 952 procumbentem
840 877 1210 957 suppliciter,
1234 877 1986 958 lugentemquevehemen-

341 969 450 1024 ter.
486 961 616 1024 Vidi
648 963 826 1025 alium
862 984 1042 1045 super
1091 965 1456 1027 certantibus
1503 974 1563 1028 et
1612 968 1983 1030 vincentibus

339 1058 646 1132 tantopere
675 1053 1056 1132 gaudentem,
1092 1055 1445 1135 illorumque
1489 1055 1548 1116 in
1594 1057 1808 1117 virtute
1839 1075 1979 1135 pro-

335 1158 576 1218 gressus
607 1141 1053 1221 approbantem,
1086 1151 1151 1204 ut
1179 1152 1512 1224 appareret,
1565 1146 1760 1225 ipsum
1813 1145 1978 1205 illum

337 1230 558 1309 potius,
609 1249 781 1310 quam
832 1251 934 1293 eos
987 1233 1264 1293 virtutum
1317 1233 1703 1312 laboremque
1739 1234 1979 1314 prazmia

334 1329 744 1398 accepturum.
809 1323 1058 1400 Propter
1100 1341 1204 1383 eos
1245 1329 1465 1398 autem,
1501 1323 1600 1403 qui
1633 1323 1833 1402 verbo,
1886 1331 1982 1384 aut

2071 523 2350 602 praeclare
2374 523 3087 605 cognoscit..Prin<-ipium
3123 525 3316 605 itaque
3341 525 3402 586 in
3437 528 3716 590 Christia-

2069 612 2259 673 nismo
2291 612 2628 692 quempiam
2657 612 2944 674 consendi
2975 614 3087 674 hoc
3133 621 3246 675 est.
3295 613 3582 677 Caeterum
3614 617 3713 696 qui

2068 699 2290 762 bonum
2325 703 2436 762 tale
2462 701 2722 762 nondum
2749 711 3172 780 cognoverunt,
3207 713 3268 764 et
3297 703 3707 786 inspexerunt,

2070 806 2180 850 nec
2212 789 2401 869 ipsum
2427 790 2867 870 perseverantia
2895 790 3096 852 multa.
3133 792 3526 873 lamentisque
3552 801 3609 854 et
3631 794 3712 854 la-

2069 878 2286 956 crymis
2319 878 2734 958 quaesiverunt,
2759 886 2821 938 ut
2854 898 2962 958 per
3003 879 3418 958 hujuscemodi
3449 883 3713 944 actiones

2068 965 2301 1046 purgati
2329 986 2398 1027 eo
2425 966 2780 1045 potirentur,
2808 974 2864 1028 et
2888 968 3148 1046 perfecte
3168 967 3254 1029 illi
3280 969 3454 1049 uniti,
3481 989 3613 1031 cum
3641 989 3711 1032 eo

2066 1056 2544 1116 communionem
2572 1055 2884 1136 haberent,
2912 1059 3538 1136 quomodo,dic~mihi,
3567 1059 3712 1121 sim-

2066 1143 2322 1222 pliciter,
2355 1152 2412 1204 et
2441 1143 2709 1205 absolute
2759 1145 3100 1223 spirituales
3130 1146 3514 1209 nominentur
3536 1151 3565 1209 ?
3593 1167 3711 1210 non

2066 1231 2223 1291 enim
2270 1242 2426 1306 sunt,
2464 1233 2666 1313 quales
2716 1253 2847 1295 esse
2895 1244 3146 1314 oportet.
3200 1234 3263 1297 Si
3309 1237 3466 1298 enim
3498 1240 3715 1316 quode

2063 1338 2246 1381 carne
2265 1330 2475 1382 natum
2498 1330 2606 1394 est,
2627 1341 2768 1384 caro
2788 1330 2961 1397 est,et
2982 1324 3138 1401 quod
3161 1341 3238 1385 ea:
3251 1327 3474 1403 spiritu
3496 1333 3713 1389 natum

335 1426 522 1486 Opere
552 1408 992 1488 delinquerent,
1028 1418 1081 1472 et
1115 1411 1171 1470 in
1209 1411 1464 1489 peccatis
1509 1419 1978 1491 perseverarent,
2065 1415 2149 1470 est
2176 1405 2449 1488 spiritus
2487 1418 2572 1472 est
2611 1411 2697 1484 99,
2719 1410 2819 1490 qui
2851 1411 3179 1472 secundum
3227 1432 3443 1494 corpus
3471 1415 3714 1493 geni-tus

333 1499 486 1558 adeo
517 1497 744 1558 tristem
779 1518 846 1559 ac
876 1499 1340 1578 gemebundum,
1365 1501 1639 1579 utipsum
1663 1500 1848 1560 solum
1877 1519 1974 1560 re-
2062 1505 2169 1570 est,
2208 1506 2268 1558 et
2301 1499 2531 1559 virilem
2565 1509 2794 1560 aetatem
2829 1499 3042 1580 attigit,
3077 1501 3468 1580 spiritualiter
3511 1512 3708 1566 autem

332 1604 472 1646 vera
505 1605 610 1666 pro
642 1586 714 1647 iis
742 1588 1018 1649 omnibus
1068 1588 1363 1649 rationem
1410 1591 1868 1668 reposcendum,
1922 1597 1979 1649 et
2061 1604 2123 1647 se
2146 1586 2544 1649 nascidebere
2565 1601 2662 1649 aut
2689 1588 2987 1668 cogitavit,
3016 1609 3121 1650 nec
3149 1590 3428 1665 credidit,
3460 1611 3569 1654 nec
3591 1613 3706 1654 un-

335 1675 526 1754 poenis
554 1676 904 1738 tradendum
927 1677 1321 1738 existimares.
1340 1679 1412 1738 Et
1432 1678 1551 1739 vidi
1571 1679 1749 1738 alium
1774 1679 1975 1739 salutis
2000 1711 2036 1758 ῃ
2061 1695 2236 1753 quam
2270 1675 2504 1756 studuit,
2532 1679 2829 1757 quomodo
2856 1679 3089 1738 tandem
3119 1680 3446 1758 spirituatis
3468 1682 3707 1758 ﬁdet,et

331 1763 577 1823 fratrum
593 1773 1011 1827 suorumtanto
1037 1767 1380 1844 flagrantem
1401 1765 1721 1839 desiderio,
1747 1775 1975 1846 utsaepe

331 1853 666 1915 calentibus
719 1855 1014 1934 lacrymis,
1067 1861 1190 1917 toto
1239 1864 1504 1935 pectore,
1539 1855 1884 1934 divinoque,
1919 1864 1977 1915 et

331 1943 590 2002 Mosaico
622 1942 746 2004 zelo
771 1942 1088 2022 benignum
1111 1943 1296 2004 Deum
1317 1951 1532 2018 oraret,
1558 1953 1657 2005 aut
1677 1945 1792 2004 illis
1809 1945 1972 2005 salu-

334 2040 453 2091 tem
484 2030 636 2113 dari,
671 2040 767 2092 aut
813 2051 878 2092 se
927 2051 1159 2112 quoque
1206 2052 1337 2093 cum
1376 2033 1524 2112 ipsis
1555 2032 1969 2094 condemnari.

333 2119 548 2181 Sancta
577 2121 735 2181 enim
763 2123 1046 2182 charitate
1071 2122 1128 2182 in
1163 2131 1364 2182 sancto
1394 2122 1615 2202 Spiritu
1648 2121 1973 2202 spirituali-

335 2217 426 2268 ter
454 2208 528 2269 iis
573 2209 902 2286 colligatus,
957 2229 1032 2271 ne
1073 2211 1132 2271 in
1184 2211 1380 2290 ipsum
1432 2210 1674 2292 quidem
1722 2229 1974 2289 regnum

335 2297 622 2358 cceloru'm
655 2299 899 2372 intrare,
933 2299 1087 2360 etab
1121 2301 1209 2362 eis
1233 2301 1462 2378 sejungi
1496 2300 1748 2362 volebat.

416 2387 465 2449 Ο
497 2395 770 2448 sanctum
803 2388 1121 2464 vinculum,
1161 2409 1193 2450 o
1226 2389 1310 2448 vis
1341 2389 1776 2464 inenarrabilis,
1799 2409 1832 2449 o
1866 2407 1980 2450 caa-

334 2474 508 2538 lestia
541 2477 826 2556 cogitans,
855 2479 944 2538 vel
979 2478 1173 2558 potius
1197 2477 1393 2538 divino
1424 2478 1620 2538 afﬂatu
1665 2478 1976 2542 concitata.

333 2573 508 2644 atque
545 2566 602 2625 in
637 2565 741 2626 Dei
778 2567 1151 2647 proximique
1198 2566 1483 2628 charitate
1514 2567 1749 2645 egregie
1782 2567 1978 2643 perfe-

332 2663 426 2714 cta
456 2655 690 2716 animat
725 2655 835 2726 Qui
857 2655 1038 2734 igitur
1059 2656 1129 2716 ad
1157 2656 1307 2716 hanc
1337 2655 1683 2716 charitatem
1716 2655 1976 2715 nondum

337 2743 633 2824 pervenit,
659 2760 772 2805 nec
791 2743 1102 2822 vestigium
1122 2745 1250 2822 ejus
1277 2745 1333 2803 in
1353 2744 1550 2806 anima
1569 2745 1848 2823 suavidit,
1869 2764 1978 2804 nec

336 2831 471 2911 ejus
496 2832 866 2911 praesentiam
892 2834 1010 2893 ulla
1035 2853 1100 2894 ex
1127 2843 1291 2912 parte
1315 2832 1500 2894 sensit
1524 2833 1718 2896 adhuc
1740 2833 1796 2893 in
1819 2845 1978 2894 terra

337 2929 391 2980 et
421 2922 696 2996 terrenis,
726 2921 845 2982 imo
868 2922 1358 2983 subterrainstar
1379 2923 1753 3002 talpaajacet,
1786 2941 1976 2983 caicus

2058 1763 2464 1842 spiritualibus
2495 1782 2628 1827 sese
2658 1765 3074 1828 annumerabit
3096 1771 3122 1826 ἐ
3161 1768 3275 1828 nisi
3316 1769 3491 1849 clam,
3516 1778 3579 1830 ut
3607 1771 3711 1851 qui

2058 1852 2326 1914 sordidas
2356 1863 2551 1915 vestes
2574 1854 2788 1928 induit,
2813 1873 2946 1916 sese
2970 1858 3188 1917 sanctis
3218 1857 3531 1936 splendide
3557 1859 3708 1920 ami-

2059 1941 2166 2001 ctis
2197 1942 2536 2020 interserat,
2567 1952 2624 2004 et
2651 1943 2712 2004 in
2739 1962 2942 2006 mensa
2967 1945 3130 2022 regia
3153 1964 3284 2005 cum
3311 1946 3426 2007 illis
3449 1946 3709 2010 discum-

2060 2029 2234 2102 bens,
2261 2032 2542 2112 ejiciatur
2571 2033 2750 2108 foras,
2778 2035 2990 2112 ligatus
3014 2053 3220 2095 manus
3245 2042 3302 2095 et
3324 2035 3508 2116 pedes
3531 2037 3708 2111 4,non

2059 2129 2123 2179 ut
2153 2121 2309 2181 ﬁlius
2333 2121 2502 2196 lucis,
2536 2122 2642 2183 sed
2685 2124 2881 2184 carnis
2914 2133 2972 2184 et
3000 2123 3330 2201 sanguinis,
3356 2133 3413 2185 et
3442 2126 3706 2187 mittatur

2060 2209 2126 2268 in
2158 2210 2351 2285 ignem
2372 2217 2687 2284 aeternum,
2713 2215 2817 2290 qui
2841 2221 3234 2292 praeparatus
3265 2221 3350 2274 est
3389 2214 3626 2276 diabolo
3652 2229 3705 2278 et

2063 2298 2300 2377 angelis
2329 2301 2458 2375 eius
2486 2298 2536 2356 2.

2144 2387 2672 2466 Uurramus,igitur
2703 2386 2910 2448 ﬁdeles
2931 2389 3064 2450 totis
3081 2388 3329 2466 viribus;
3352 2389 3702 2456 festinemus

2065 2475 2214 2555 pigri
2239 2475 2296 2536 in
2320 2476 2586 2538 laborum
2612 2475 2933 2557 patientia;
2959 2495 3339 2554 resurgamus
3373 2482 3613 2558 mortui,
3641 2492 3706 2544 ut

2064 2565 2458 2636 obtineamus,
2485 2584 2590 2626 seu
2613 2564 2808 2644 potius
2830 2573 2894 2625 ut
2915 2566 3234 2646 participes
3265 2568 3474 2630 ﬁamus
3502 2570 3702 2632 chari-

2062 2656 2215 2728 tat.s,
2265 2662 2322 2714 et
2351 2653 2430 2714 ita
2459 2673 2590 2714 cum
2639 2653 2769 2733 ipsa
2811 2654 2883 2715 ab
2935 2655 3027 2716 his
3069 2655 3248 2717 rebus
3297 2657 3701 2736 demigrantes

2061 2742 2326 2804 Creatori
2371 2762 2441 2803 ac
2482 2741 2732 2803 Domino
2781 2744 3149 2820 assistamus,
3187 2751 3349 2806 extra
3401 2755 3700 2809 creaturas

2059 2831 2450 2909 aspectabiles
2477 2850 2610 2892 cum
2656 2831 2786 2912 ipsa
2815 2833 3143 2907 constituti,
3179 2841 3236 2894 et
3268 2836 3698 2915 inaspectabili,

2060 2921 2376 2994 increato,t
2398 2920 2655 3000 texperti
2677 2922 2873 2982 omnis
2897 2921 3171 3001 principii
3193 2921 3314 2984 Deo
3347 2924 3523 3000 uniti,
3562 2944 3695 2987 cum

334 3009 642 3082 nimirum,
667 3021 730 3072 ut
762 3012 863 3072 illa
893 3010 1164 3091 bestiola,
1192 3020 1248 3072 et
1279 3011 1404 3071 solo
1435 3030 1613 3073 sensu
1644 3011 1875 3072 aurium
1910 3014 1966 3071 in
1989 3027 2027 3075 C
2055 3008 3698 3090 ipsoinaspectabilibus,etincorruptibilibusuniamur:

336 3105 493 3159 terra
525 3099 833 3179 loquentes
863 3103 1220 3162 auscultans.
1270 3097 1316 3162 Ο
1370 3101 1785 3168 calamitatem,
1822 3119 1974 3179 quo-
2062 3096 2333 3160 I’rwterit
2363 3100 2521 3158 enim
2548 3099 2748 3177 ﬁgura
2777 3098 2956 3172 huius
2991 3099 3204 3160 mundi
3222 3101 3274 3170 ὅ,
3298 3107 3353 3162 et
3391 3101 3604 3164 caelum
3631 3119 3713 3164 ac

336 3187 496 3247 nium
535 3207 604 3248 ex
636 3187 755 3248 Deo
788 3185 930 3269 nati,
963 3199 1018 3250 et
1053 3189 1497 3251 immortalitate
1550 3189 1770 3268 donati,
1797 3207 1974 3248 voca-
2057 3193 2219 3247 terra
2249 3204 2471 3266 magno
2501 3189 2732 3267 impetu
2755 3189 3132 3261 transibunt,
3159 3187 3447 3252 elementa
3470 3209 3616 3252 vero
3637 3197 3704 3253 in

335 3275 515 3337 tionis
546 3277 801 3338 ccelestis
832 3278 1248 3358 participes,et
1269 3277 1538 3339 haaredes
1565 3278 1694 3357 Dei,
1714 3278 1977 3338 cohaere-
2055 3275 2250 3337 medio
2281 3277 2570 3338 ardentia
2593 3275 2902 3338 solventur
2922 3276 2970 3333 4.
3007 3278 3074 3336 Et
3107 3277 3208 3356 qui
3240 3278 3527 3341 charitate
3573 3288 3694 3341 tum

333 3363 444 3425 des
471 3374 668 3425 autem
688 3365 928 3440 Christi,
961 3367 1193 3428 etcives
1214 3367 1498 3428 coelorum
1529 3366 1687 3438 facti,
1707 3366 1973 3426 nondum
2055 3365 2417 3440 vacaverint,
2452 3384 2585 3426 cum
2619 3364 2954 3427 visibilibus
2984 3366 3274 3427 creaturis
3303 3377 3366 3428 ut
3406 3378 3694 3431 creaturae

334 3461 629 3515 tantorum
683 3453 968 3516 bonorum
1022 3474 1261 3516 sensum
1314 3454 1621 3516 hausimus
1655 3473 1668 3516 :
1707 3455 1814 3516 sed
1844 3456 1974 3515 sine
2057 3454 2346 3534 derelicti,
2376 3455 2438 3515 in
2472 3455 2607 3531 igne
2648 3462 2709 3516 et
2751 3455 3135 3517 horribilibus
3182 3457 3488 3536 suppliciis
3521 3457 3692 3520 inve-

333 3561 536 3622 sensu,
571 3551 635 3604 ut
663 3544 745 3605 ita
773 3545 990 3619 dicam,
1015 3545 1168 3605 sicut
1200 3544 1424 3605 ferrum
1460 3545 1518 3604 in
1552 3544 1747 3624 ignem
1787 3544 1975 3604 mitti-
2061 3543 2337 3622 nientur;
2372 3545 2628 3605 Charitas
2655 3545 2813 3605 enim
2845 3545 3001 3606 Deus
3030 3553 3139 3618 est,
3170 3552 3225 3605 et
3249 3564 3364 3606 non
3389 3555 3694 3608 creatura:

336 3640 451 3708 tur,
487 3641 587 3693 aut
614 3639 678 3693 ut
709 3632 969 3694 inanima
1002 3633 1173 3713 pellis
1205 3636 1405 3695 colore
1434 3651 1733 3713 purpureo
1766 3631 1978 3693 imbui-
2059 3632 2140 3694 Et
2161 3635 2265 3712 qui
2286 3642 2487 3696 manet
2519 3636 2584 3695 in
2614 3635 2934 3708 charitate,
2969 3636 3037 3695 in
3059 3633 3177 3695 Deo
3201 3640 3428 3714 manet,
3452 3642 3506 3696 et
3538 3635 3701 3697 Deus

337 3728 452 3794 tur,
482 3739 594 3781 nec
622 3721 837 3780 sentit:
867 3721 946 3780 ita
963 3730 1144 3781 etnos
1168 3721 1362 3782 adhuc
1392 3721 1452 3782 in
1484 3730 1599 3780 tam
1641 3720 1841 3780 multis
1872 3719 1978 3781 Dei
2062 3723 2226 3795 ineo,
2249 3722 2691 3783 utdilectusille
2712 3722 2970 3784 Joannes
2992 3722 3136 3784 ait5.
3158 3723 3274 3784 Sed
3299 3723 3540 3784 forsitan
3564 3741 3577 3784 :
3597 3725 3706 3784 ali-

335 3809 510 3872 bonis
542 3828 851 3870 manemus
883 3819 938 3870 et
968 3828 1298 3886 versamur,
1333 3828 1439 3871 nos
1463 3809 1522 3869 in
1555 3809 1670 3870 illis
1701 3809 1860 3870 nullo
1885 3809 1974 3869 af-
2059 3811 2192 3891 quis
2213 3811 2566 3891 insipienter
2581 3812 3136 3892 quaerat,quomodo
3161 3819 3323 3872 extra
3344 3812 3694 3888 thalamum,

335 3898 431 3960 ﬁci
460 3916 639 3960 sensu
657 3899 1030 3972 conﬁtentes,
1057 3911 1114 3960 et
1139 3915 1203 3961 ut
1226 3899 1351 3978 jam
1378 3896 1606 3976 salvati,
1637 3897 1973 3978 sanctisque
2060 3908 2117 3960 et
2137 3919 2408 3977 regnum,
2431 3908 2488 3962 et
2509 3901 2752 3962 chorum
2763 3901 3061 3980 justorum
3093 3900 3242 3961 alius
3263 3900 3508 3981 insuper
3532 3901 3700 3962 locus

334 3989 577 4068 ascripti
631 3989 957 4069 efferimur,
1008 3997 1065 4050 et
1112 3992 1268 4051 velut
1315 3989 1618 4050 schemate
1650 3987 1710 4048 in
1742 3989 1974 4048 theatro
2059 3988 2284 4062 salutis,
2312 3997 2411 4050 aut
2444 3989 2674 4069 requiei
2711 4008 2830 4050 non
2862 3988 2993 4050 est?
3024 3987 3236 4064 Stulte,
3268 4006 3497 4050 sacram
3534 3987 3702 4050 Scri-

334 4079 611 4153 obvelati,
659 4078 1107 4142 sanctimoniam
1141 4089 1203 4142 ut
1234 4078 1557 4140 histriones
1599 4078 1970 4154 simulamus,
2060 4085 2288 4157 pturam
2325 4077 2622 4139 dicentem
2665 4096 2783 4138 non
2815 4077 3008 4158 audis,
3052 4078 3247 4137 locum
3299 4078 3562 4138 omnium
3599 4077 3701 4158 qui

334 4169 509 4230 vitam
534 4168 813 4229 miseram
831 4168 1142 4244 ducentes;
1163 4167 1476 4248 mimisque
1499 4174 1558 4228 ot
1578 4167 1793 4228 scortis
1816 4165 1977 4226 simi-
2059 4166 2357 4227 salvantur
2380 4169 2564 4229 Deum
2585 4185 2714 4227 esse
2735 4169 2763 4226 ‘3
2792 4167 2938 4228 Esto
2965 4167 3119 4228 mihi
3128 4216 3140 4245 ,
3160 4166 3372 4247 inquit,
3409 4168 3475 4227 in
3502 4167 3699 4228 Deum

335 4259 442 4330 les,
476 4277 608 4339 qua;
631 4257 879 4320 naturali
909 4264 1180 4320 (arentes
1211 4256 1674 4337 pulchritudine,
1701 4255 1847 4317 fucis
1875 4255 1978 4316 in-
1997 4325 2036 4339 ἢ
2057 4263 2466 4336 protectorem,
2495 4263 2551 4319 et
2577 4257 2642 4317 in
2663 4258 2856 4317 locum
2872 4255 3121 4335 refugit,
3147 4263 3211 4317 ut
3233 4254 3465 4317 salvum
3490 4273 3585 4318 me
3599 4260 3701 4333 fa-

333 4325 639 4422 fricandis,
669 4357 728 4409 et
757 4347 1002 4409 exoticis
1034 4325 1352 4425 pigmentis
1385 4347 1612 4427 seipsas
1653 4325 1827 4406 stulte
1876 4364 1971 4406 or-
1997 4325 2250 4408 Dcirtsti.
2277 4325 2664 4406 Salus'autem
2691 4352 2799 4416 est,
2833 4325 2963 4424 quae
2987 4325 3166 4404 avDeo
3212 4343 3446 4405 dabitur
3477 4325 3696 4421 dignis,

332 4456 476 4500 nare
501 4437 847 4499 creduntur.
870 4436 942 4497 At
962 4455 1078 4497 non
1110 4447 1450 4497 sanctorum
1475 4437 1670 4496 denuo
1700 4441 1970 4496 natorum
2059 4434 2398 4514 plenissima
2420 4433 2809 4496 deiﬁcationis
2832 4433 3037 4512 gratia,
3077 4451 3252 4512 quam
3286 4433 3377 4494 vix
3407 4451 3697 4513 asseque-

333 4525 1082 4606 charactereshujusmodi.
1108 4525 1428 4589 Sciendum
1445 4524 1972 4603 autem,quomodo

331 4618 528 4680 infans
569 4622 736 4678 utero
783 4623 1053 4676 materno
1094 4632 1388 4691 egressus,
1426 4632 1558 4674 cum
1581 4631 1781 4674 aerem
1816 4612 1974 4674 hunc

332 4727 450 4769 non
483 4705 746 4768 sentiens
777 4703 976 4784 sentit,
1014 4703 1209 4765 statim
1245 4701 1315 4763 ad
1350 4704 1552 4763 tletum
1606 4709 1664 4762 et
1711 4699 1971 4779 vagitum

332 4796 554 4858 nullius
582 4794 840 4876 impulsu
870 4799 1174 4854 movetur:
1209 4791 1297 4852 sic
1336 4799 1393 4852 et
1439 4790 1540 4871 qui
1577 4791 1772 4853 denuo
1801 4799 1972 4852 natus

333 4896 444 4957 est,
483 4893 539 4947 et
561 4903 592 4946 e
616 4883 835 4945 mundo
861 4885 998 4958 hoc,
1024 4891 1166 4945 utex
1193 4890 1362 4944 utero
1384 4880 1701 4941 tenebroso
1727 4880 1966 4960 prodiit,

328 4987 392 5038 et
420 4976 483 5036 in
509 4973 995 5045 cmlestelumen,
1029 4972 1183 5054 quod
1221 4978 1418 5031 mente
1468 4968 1731 5030 cernitur
1761 4968 1966 5047 ingre-

331 5066 522 5139 diens,
550 5063 789 5145 paulum
819 5061 1048 5124 inillud
1078 5059 1245 5142 quasi
1270 5058 1589 5140 prospexit,
1619 5076 1753 5118 mox
1776 5056 1970 5118 incre-

331 5151 501 5213 dibili
550 5150 763 5231 gaudio
820 5150 1111 5230 repletur,
1170 5156 1232 5211 et
1275 5147 1405 5208 sine
1437 5146 1653 5226 ,dolore
1684 5145 1970 5225 lacrymas

329 5241 631 5322 profundit
659 5239 922 5319 cogitans
953 5247 1018 5300 ut
1038 5243 1502 5300 consentaneum
1555 5243 1664 5316 est,
1697 5233 1972 5315 qualibus

330 5349 364 5392 e
392 5329 663 5392 tenebris
694 5330 1000 5401 liberatus,
1035 5328 1097 5389 in
1126 5327 1284 5408 quali
1318 5327 1448 5389 luce
1494 5325 1715 5387 versari
1757 5323 1974 5403 dignus

328 5419 408 5482 sit
437 5419 827 5482 existimatus.
874 5417 1020 5480 Nam
1046 5417 1148 5498 qui
1178 5436 1210 5478 e
1236 5414 1500 5478 tenebris
1544 5414 1844 5495 eximitur,
1877 5412 1974 5476 hic

405 5553 472 5634 θεὲ
500 5549 676 5615 Joan.
709 5554 903 5634 m,_6.
956 5631 971 5634 ᾼ
1007 5551 1052 5634 _1
1082 5547 1288 5634 Matth.
1333 5563 1478 5634 xxii,
1529 5548 1624 5612 13.

324 5636 359 5686 5
385 5632 412 5697 Ι
438 5633 609 5698 Joan.
644 5649 726 5712 Iv,
762 5629 863 5698 4⁷6.
945 5631 979 5683 6
1007 5629 1164 5694 Psal.
1196 5647 1334 5706 xxx,
1365 5629 1428 5692 3.

643 5741 896 5807 PATROL.
928 5737 1039 5806 Gn.
1071 5734 1236 5804 CXX.

1749 5547 1777 5591 9
1805 5547 2011 5612 Matth.
2057 5563 2200 5628 xxv,
2232 5546 2332 5609 40.

2059 4533 2172 4604 tur,
2229 4525 2333 4604 qui
2378 4532 2678 4603 acceptam
2727 4523 2787 4584 in
2837 4539 3007 4586 sacro
3058 4522 3416 4604 baptismate
3446 4523 3692 4600 gratiam

2056 4613 2313 4674 ﬁdeliter
2343 4612 2676 4687 custodivit,
2734 4623 2795 4673 et
2840 4631 2946 4692 per
2993 4613 3176 4674 multa
3210 4631 3341 4692 quae
3369 4630 3577 4693 passus
3609 4622 3698 4674 est

2056 4701 2228 4780 mala,
2262 4701 2642 4780 adoptionem
2675 4701 2930 4764 ﬁliorum
2967 4718 3071 4780 per
3096 4701 3385 4780 Spiritum
3423 4708 3702 4763 sanctum

2053 4790 2115 4851 in
2153 4790 2265 4850 hoc
2310 4790 2530 4850 mundo
2563 4798 2775 4850 sartam
2811 4796 3026 4851 tectam
3079 4790 3473 4852 conservavit.
3514 4788 3704 4852 Pauci

2053 4878 2210 4940 enim
2242 4887 2379 4940 sunt
2409 4878 2692 4960 profecto,
2727 4879 2829 4960 qui
2853 4880 3018 4960 quasi
3051 4879 3402 4941 decumanis
3434 4879 3570 4939 vitae
3591 4879 3700 4939 ﬁu-

2052 4967 2242 5029 ctibus
2272 4985 2390 5031 non
2421 4970 2747 5048 jactentur,
2779 4987 2973 5049 neque
3005 4969 3195 5050 spinis
3227 4970 3356 5048 ejus
3387 4968 3701 5028 sutfocen-

2051 5072 2166 5133 tur,
2195 5065 2251 5118 et
2274 5057 2404 5136 ejus
2419 5057 2813 5137 voluptatibus
2826 5057 3171 5118 inescentur
3190 5075 3258 5118 ac
3274 5055 3559 5118 serviant.
3579 5054 3701 5116 Do-

2054 5161 2186 5208 mus
2209 5153 2406 5208 autem
2429 5145 2558 5222 Dei,
2585 5145 2899 5221 thalamus,
2930 5153 2988 5208 et
3026 5161 3282 5226 regnum
3304 5143 3504 5205 omnia
3528 5162 3695 5204 com~

2054 5234 2228 5316 plexu
2247 5233 2515 5296 ambiens
2533 5235 2801 5315 suo,ejus
2818 5235 3008 5296 deitas
3031 5233 3291 5310 est,solis
3306 5231 3697 5307 daemonibus,

2057 5323 3139 5404 etpeccatoribusinaccessa.Videtur
3159 5322 3398 5403 quidem
3415 5321 3704 5403 praeclusa

2057 5411 2336 5474 omnibus
2366 5413 2470 5474 sed
2499 5412 2775 5475 ﬁdelibus
2805 5433 2873 5476 ac
2913 5432 3020 5494 pro
3053 5412 3228 5474 nobis
3255 5419 3486 5474 tantum
3513 5415 3694 5492 patet.

2454 5545 2488 5594 5
2518 5545 2542 5608 Ι
2573 5547 2707 5607 Cor.
2752 5557 2859 5622 vn,
2893 5548 2995 5611 31.
3122 5544 3208 5608 41
3251 5543 3413 5609 Petr.
3459 5561 3548 5618 In,
3603 5543 3699 5606 10.

3144 5736 3217 5799 14
