4112 6106
222 309 344 374 429

1634 298 1916 366 ORATIO
1956 295 2181 363 XXIII.

3474 308 3591 377 430

219 459 339 523 que
369 441 625 520 virgines
655 441 828 502 fatum
859 437 1269 520 persuadeant,
1317 431 1865 523 quiqueimultasi-
1887 438 1930 486 A
1951 430 2136 506 enim,
2169 430 2446 523 discipuli
2493 433 2870 514 disciplinum
2915 439 3131 511 vocari,
3165 458 3340 520 quam
3370 443 3442 504 ad
3474 465 3588 507 nu-
3644 436 3646 438 ’

217 522 335 609 gna
368 538 424 590 et
457 529 719 610 prodigia
755 535 1192 608 perpetrat-unt.
1229 523 1378 597 Quid
1413 522 1567 604 quod
1602 522 1862 584 charita-

222 630 346 681 tem
396 618 456 679 in
509 637 595 698 se,
651 627 707 678 et
759 614 1116 678 sanctissimi
1164 613 1418 694 Spiritus
1470 611 1713 689 gratiam
1746 627 1863 670 non

216 707 536 781 haberem,
570 726 603 767 a
643 705 894 768 Domino
927 704 1281 764 audiverunt
1316 725 1328 761 :
1369 702 1669 764 Discedite
1707 721 1744 760 α
1777 718 1867 761 me

218 797 491 875 operarii
521 797 870 874 iniquitatis
898 815 915 854 :
948 811 1072 854 non
1097 797 1263 854 enim
1296 792 1437 852 novi
1467 807 1570 852 vos
1601 790 1681 863 18,
1704 787 1863 849 unde

219 883 375 946 sitis.
419 883 538 944 Nec
575 884 670 944 isti
720 882 920 962 modo,
960 882 1062 943 sed
1108 899 1242 941 cum
1290 879 1418 941 istis
1449 879 1548 940 alii
1581 886 1865 958 prreterea

222 993 342 1034 non
376 973 564 1054 pauci,
594 973 692 1053 qui
725 972 962 1033 fuerunt
988 970 1229 1051 quidem
1250 989 1282 1029 a
1306 968 1526 1029 sanctis
1556 966 1858 1046 apostolis,

223 1080 552 1141 eorumque
582 1058 1028 1122 successoribus
1059 1058 1350 1136 baptizati,
1383 1075 1584 1118 verum
1610 1056 1865 1136 Spiritus

221 1149 414 1212 sancti
443 1149 626 1227 gratia
658 1161 899 1230 propter
945 1146 1342 1227 improbitatis
1397 1145 1860 1224 magnitudinem

221 1246 544 1301 caruerunt
578 1256 590 1299 :
628 1257 737 1298 nec
765 1237 942 1298 vitam
972 1234 1276 1297 vocatione
1311 1254 1428 1313 qua
1458 1235 1644 1294 vocali
1674 1242 1861 1309 erant,

220 1337 682 1389 consentaneam
706 1333 984 1404 egerunt:
1012 1343 1121 1385 nec
1141 1322 1246 1386 Dei
1269 1323 1373 1384 filii
1403 1323 1681 1402 appellati
1705 1331 1861 1396 sunt,

218 1417 328 1478 sed
366 1435 503 1477 caro
537 1425 593 1477 et
622 1415 859 1493 sanguis
892 1420 1272 1487 manserunt;
1299 1430 1407 1472 nec
1438 1431 1510 1472 an
1548 1421 1708 1474 esset
1733 1432 1865 1472 om-

220 1505 370 1566 nino
401 1505 662 1584 Spiritus
692 1510 927 1564 sanctus
969 1501 1282 1564 credentes
1319 1523 1332 1562 :
1365 1520 1474 1561 nec
1507 1501 1669 1562 illum
1704 1520 1866 1582 quze-

1947 537 2142 614 meros
2173 541 2316 614 suos
2340 522 2513 584 vitam
2561 525 2893 614 instituere,
2948 527 3308 614 inutilesque
3337 535 3593 614 propriae

1947 609 2259 698 voluntatis
2289 610 2512 673 fructus
2541 612 2890 693 decerpere.
2938 613 3190 687 Quando
3212 609 3392 698 igitur
3418 609 3490 682 ab
3520 641 3611 685 e0‘

1946 697 2174 790 audies,
2213 699 2305 759 exi
2336 699 2410 761 de
2454 712 2616 790 terra
2665 703 2978 765 voluntatis
3011 711 3143 787 tuae,
3181 697 3337 772 etde
3369 729 3589 790 cogna-

1947 784 2107 846 tione
2139 804 2350 876 sensus
2383 788 2490 861 tui,
2528 808 2602 851 ne
2633 792 2955 866 cuncteris,
3002 784 3148 856 neve
3183 784 3524 876 erubescas,
3559 821 3593 863 a

1947 875 2317 967 vanagloria
2366 877 2550 967 victus
2595 879 2892 941 videlicet.
2931 882 2991 943 Si
3022 883 3233 946 dixerit
3269 907 3282 946 :
3318 875 3591 967 Agedum

1947 962 2080 1022 veni
2104 965 2159 1023 in
2186 971 2399 1026 terram
2427 965 2866 1043 obiendientiae,
2887 989 3060 1050 quam
3088 962 3430 1038 monstrabo
3457 978 3586 1055 tibi,

1949 1071 2145 1127 curre,
2176 1056 2251 1116 mi
2288 1056 2470 1116 frater
2499 1065 2782 1136 quantum
2809 1067 2974 1139 potes
3009 1081 3022 1120 :
3059 1081 3134 1122 ne
3165 1063 3274 1126 des
3317 1083 3590 1128 somnum

1948 1140 2169 1236 oculis
2207 1141 2345 1216 tuis,
2381 1161 2454 1203 ne
2482 1145 2735 1236 pigritia,
2809 1155 2912 1209 aut
2961 1147 3192 1212 desidia
3240 1151 3591 1236 dissolutus,

1949 1230 2260 1322 contrahas
2284 1250 2474 1322 genua
2505 1240 2621 1294 tua.
2641 1232 2932 1297 FortaSsis
2957 1237 3116 1298 enim
3144 1239 3264 1302 illic
3285 1230 3598 1322 apparebit

1950 1317 2056 1377 tibi
2082 1317 2255 1389 Deus,
2293 1320 2390 1399 qui
2419 1329 2646 1400 patrem
2675 1325 2992 1386 multorum
3024 1327 3281 1390 filiorum
3317 1317 3379 1392 te
3399 1335 3592 1396 factu-

1949 1423 2071 1471 rus.
2113 1415 2445 1490 terramque
2499 1413 2910 1490 promissionis
2961 1415 3066 1476 tibi
3113 1419 3438 1484 donaturus
3482 1430 3592 1487 est.

1951 1515 2128 1576 quam
2161 1499 2580 1561 haeredidatem
2627 1500 2780 1581 j'uxti
2811 1503 3097 1566 duntaxat
3145 1509 3414 1575 adibunt.
3448 1510 3508 1575 Si
3541 1521 3597 1574 te

219 1602 469 1669 rentes;
508 1612 618 1654 nec
647 1612 712 1654 se
742 1601 1086 1672 accepturos
1109 1598 1539 1670 exspectantes.
1565 1589 1733 1652 Unde
1758 1593 1867 1650 hu-
1953 1603 2186 1645 sursum
2221 1586 2278 1646 in
2325 1597 2583 1649 montem
2624 1591 2882 1666 duxerit,
2932 1593 3184 1674 impigre
3233 1601 3594 1664 conscende.

211 1681 485 1764 jrismodi
537 1683 811 1743 homines
853 1691 973 1742 nec
1025 1679 1461 1740 desideriorum
1507 1680 1726 1760 carnis,
1763 1675 2192 1764 necBEtenim
2244 1683 2334 1736 sat
2379 1677 2527 1752 scio,
2561 1679 2863 1740 Christum
2904 1684 3380 1763 transfiguratum
3415 1699 3472 1750 et
3501 1690 3598 1752 di-

223 1771 594 1832 turbilarum
629 1770 1002 1832 atl‘ectionum
1053 1787 1366 1849 capessere
1414 1768 1728 1847 imperium
1756 1787 1868 1828 un-

127 1878 132 1885 '
226 1878 404 1939 quam
436 1865 733 1938 poterunt,
759 1876 866 1918 nec
889 1858 1072 1918 ullum
1101 1858 1405 1936 egregium
1433 1855 1664 1916 virtutis
1695 1856 1872 1916 docu-

227 1955 496 2008 mentum
529 1946 1049 2028 praebebunt,cum
1076 1945 1362 2008 Dominus
1387 1945 1545 2006 dicat
1575 1964 1588 2007 :
1616 1944 1758 2008 Sine
1781 1964 1872 2007 me

227 2036 386 2098 nihil
401 2039 650 2116 potestis
673 2037 872 2114 facere
901 2035 978 2096 19.
1013 2033 1129 2096 Sed
1162 2033 1554 2104 elaboremus,
1594 2033 1866 2107 obsecro,

228 2135 429 2206 patres
459 2134 514 2186 et
546 2125 778 2198 fratres,
813 2141 871 2186 et
902 2130 1185 2204 quantum
1238 2123 1295 2182 iu
1352 2123 1523 2183 nobis
1558 2130 1667 2202 est,
1705 2131 1765 2184 ut
1795 2122 1870 2184 de

227 2225 444 2278 catero
467 2213 793 2294 charitatis,
819 2222 876 2274 et
895 2211 1149 2293 Spiritus
1168 2211 1355 2273 sancti
1387 2212 1868 2272 communionem

228 2321 701 2383 promereamur,
755 2321 870 2382 quo
915 2310 973 2362 et
1020 2301 1352 2380 praesentia,
1389 2308 1449 2360 et
1480 2300 1676 2361 futura
1717 2299 1871 2361 bona

227 2410 638 2471 assequamur,
689 2390 875 2469 gratia
923 2398 981 2452 et
1032 2389 1391 2468 benignitate
1422 2387 1657 2450 Domini
1689 2389 1872 2450 nostri

225 2478 370 2543 Jesu
428 2478 668 2561 Christi,
715 2479 808 2541 cui
859 2477 1045 2553 gloria
1102 2479 1162 2538 in
1220 2477 1431 2539 saecula
1487 2478 1861 2540 saeculorum.

229 2571 447 2631 Amen.

775 2654 1052 2718 ORATIO
1117 2655 1320 2717 XXIII.

232 2761 308 2817 De
344 2761 705 2834 abnegatione
731 2767 780 2818 et
804 2763 1046 2818 exscidio
1092 2762 1333 2832 propria:
1379 2760 1695 2818 voluntatis.
1747 2766 1876 2832 Qua

306 2834 524 2889 ratione
563 2834 678 2888 vita
724 2835 954 2890 ascetica
990 2834 1216 2889 cote-uda
1244 2834 1354 2899 sit;
1385 2835 1445 2888 in
1483 2849 1593 2903 qua
1622 2835 1877 2904 expediat

307 2904 504 2961 habere
548 2904 760 2969 ducem,
793 2905 852 2960 id
898 2911 992 2968 est,
1046 2907 1272 2960 Putrem
1304 2906 1672 2976 spirituatem,
1717 2907 1876 2976 cujus

305 2977 800 3048 aperaﬂoi-rtutgm,
848 2977 1219 3048 asceliscosquc
1263 2977 1404 3048 artis
1456 2991 1590 3045 Opus
1621 2976 1933 3048 perdi/ﬁ-c

307 3045 408 3103 cite
457 3047 632 3118 dicas.
683 3045 756 3102 De
800 3047 907 3118 ﬁde
953 3049 1012 3102 in
1064 3045 1254 3104 Patres
1303 3045 1644 3118 spirituatcs,
1695 3053 1746 3103 et
1783 3045 1875 3103 ei-

304 3119 458 3174 sione
495 3117 740 3190 luminis,
776 3117 809 3173 α
832 3133 936 3188 quo
968 3118 1289 3174 ittuminata
1320 3117 1498 3175 amnis
1523 3134 1713 3174 animo
1735 3135 1868 3190 pro-

303 3191 421 3261 ﬁcit
445 3190 507 3245 in
534 3189 808 3245 charitate
827 3205 959 3260 ergo
987 3190 1162 3246 Deum

313 3290 457 3350 Cum
484 3295 539 3348 te
560 3286 620 3347 in
643 3285 936 3359 ccenobio,
965 3287 1164 3361 frater,
1192 3286 1597 3361 collocaveris,
1625 3286 1744 3346 noli
1779 3305 1880 3368 pa-

232 3384 411 3451 trem,
445 3395 480 3436 a
510 3395 627 3456 quo
678 3375 964 3436 detonsus
997 3393 1060 3436 es
1091 3376 1413 3456 adversari,
1449 3377 1681 3437 tametsi
1709 3395 1882 3436 scor-

233 3465 334 3537 tis,
369 3473 470 3524 aut
503 3463 728 3544 poculis
757 3463 1119 3539 deditum,et
1150 3464 1431 3544 opinione
1464 3472 1561 3524 tua
1592 3472 1884 3526 monaste-

233 3553 308 3613 rii
350 3570 449 3612 res
502 3551 656 3613 male
701 3551 1210 3614 administrantem
1261 3552 1479 3614 videas.
1503 3561 1678 3633 atque
1707 3554 1881 3614 etiam

236 3639 586 3701 verberibus
607 3648 664 3701 et
697 3640 1047 3718 ignominia,
1069 3641 1388 3721 multisque
1411 3640 1542 3702 aliis
1563 3641 1883 3702 vexationi-

239 3728 348 3789 bus
369 3727 443 3788 ab
462 3727 672 3790 eodem
695 3728 974 3790 afﬁciare.
999 3727 1084 3790 Ne
1106 3729 1310 3790 sedete
1332 3746 1464 3791 cum
1485 3728 1602 3790 illis
1625 3728 1724 3809 qui
1743 3748 1881 3808 pro-

239 3816 344 3878 bra
378 3817 440 3877 in
473 3836 609 3878 eum
645 3825 958 3896 torquent:
996 3837 1142 3880 neve
1159 3819 1456 3880 ambulato
1481 3837 1613 3879 cum
1649 3819 1723 3880 iis
1743 3819 1878 3898 qui-

239 3907 460 3968 malum
479 3909 530 3968 ei
553 3906 1378 3987 manichanlur.Quaecunque
1399 3915 1595 3970 autem
1619 3907 1882 3968 laudabi-

238 3993 316 4056 lia
339 3993 702 4055 factitantem
735 3995 956 4076 cernis,
984 4015 1052 4056 ea
1077 3999 1132 4056 in
1156 3999 1338 4059 corde
1365 4004 1463 4057 tuo
1480 3995 1764 4070 reconde,
1787 4013 1882 4057 ea-

238 4101 353 4164 que
395 4083 804 4147 tantummodo
848 4085 1196 4146 meminisse
1223 4085 1539 4148 contende.
1573 4083 1713 4156 Quze
1741 4102 1879 4144 vero

240 4171 604 4247 indecentia,
633 4182 691 4234 et
722 4171 992 4253 improba
1021 4173 1110 4234 vel
1141 4183 1416 4251 agentem
1434 4173 1524 4235 vel
1544 4173 1880 4253 loquentem

240 4258 558 4335 notaveris,
608 4277 679 4321 ea
727 4259 959 4321 tibimet
1006 4261 1266 4335 ascribe,
1299 4270 1357 4323 et
1389 4263 1450 4322 in
1482 4260 1737 4341 peccatis
1767 4261 1883 4320 tuis

1953 1762 2089 1824 vino
2125 1765 2582 1857 luminelclarius
2603 1766 2730 1857 ipse
2753 1769 2879 1830 sole
2901 1762 3295 1836 collucentem
3319 1777 3596 1857 aspicies,

1955 1871 2064 1912 nec
2113 1853 2416 1948 sustinens
2463 1855 2702 1948 intueri,
2756 1876 2887 1937 quze
2945 1879 3245 1943 nunquam
3295 1853 3604 1948 spectasti,

1955 1960 2173 2036 pronus
2203 1943 2451 2036 fortasse
2500 1945 2700 2036 cades,
2756 1965 3080 2036 vocemque
3127 1943 3603 2036 Patris—desuper

1953 2031 2182 2107 audies,
2234 2041 2292 2092 et
2347 2034 2565 2096 nubem
2617 2033 3094 2122 obumbrantem,
3153 2059 3222 2104 ac
3273 2031 3600 2124 prephetas

1953 2127 2236 2195 astantes,
2256 2131 2464 2184 eteum
2489 2123 2746 2184 vivorum
2771 2135 3262 2211 mortuorumque
3282 2132 3597 2196 Dominum

1953 2227 2085 2299 esse
2106 2211 2527 2274 confirmantes
2546 2212 2772 2275 videbis
2784 2215 2868 2274 20.
2889 2215 2950 2278 Si
2977 2225 3032 2279 te
3051 2221 3218 2299 sequi
3244 2221 3597 2298 hortabitur,

1953 2297 2205 2385 fidenter
2234 2318 2365 2359 cum
2405 2319 2474 2360 eo
2507 2319 2612 2380 per
2639 2302 2859 2382 oppida
2889 2306 3060 2385 vade,
3108 2297 3425 2369 maximum
3459 2297 3600 2372 inde

1951 2384 2538 2478 fructumcapturus,
2572 2389 2621 2449 si
2654 2389 2712 2450 in
2754 2391 2946 2471 ipsum
2999 2384 3190 2456 solum
3242 2399 3599 2478 respexeris.

1954 2471 2016 2536 Si
2045 2494 2175 2536 cum
2211 2475 2566 2554 fornicariis,
2591 2486 2648 2539 et
2671 2479 3002 2558 publicanis
3037 2471 3445 2548 manducatem
3469 2506 3603 2551 cer-

1955 2563 2320 2659 nes91,nihil
2363 2585 2794 2644 commoveare,
2839 2590 2950 2633 nec
2991 2571 3322 2637 humanum
3355 2575 3603 2659 aliquid,

1958 2652 2061 2714 sed
2107 2654 2308 2714 omnia
2354 2656 2566 2717 affectu
2613 2655 2857 2720 sinistro
2895 2661 3176 2737 carentia,
3210 2673 3267 2724 et
3300 2652 3502 2727 sancta
3532 2652 3607 2728 de

1957 2739 2085 2820 ipso
2099 2741 2311 2838 cogita.
2331 2742 2476 2805 Item
2496 2745 2642 2838 illud
2664 2768 2676 2807 :
2699 2747 2994 2811 Omnibus
3007 2751 3215 2813 omnia
3231 2754 3436 2830 lactus
3448 2775 3602 2838 sum,

1958 2838 2024 2892 ut
2047 2850 2246 2922 attines
2268 2831 2540 2896 lucrarer
2557 2835 2632 2912 93,
2654 2839 2710 2898 in
2744 2838 2942 2899 animo
2964 2859 3156 2922 versa,
3181 2841 3321 2903 dum
3344 2861 3478 2905 eum
3498 2831 3608 2906 hu;

1963 2920 2154 2982 manis
2179 2940 2244 2982 se
2275 2923 2582 2986 affectibus
2626 2934 3120 3006 attemperantem
3142 2920 3456 2994 iobservas.
3484 2932 3603 2996 Sed

1960 3011 2260 3100 nequeusi
2310 3012 2496 3074 oculis
2549 3015 2661 3076 tuis
2712 3017 2911 3078 videas
2958 3019 3205 3100 aliquid,
3244 3021 3514 3083 universe
3543 3032 3606 3086 et

1960 3095 2133 3176 plane
2162 3097 2279 3159 illis
2309 3100 2534 3190 credito
2562 3123 2576 3162 :
2611 3103 2891 3166 falluntur
2920 3095 3078 3167 enim
3106 3107 3284 3168 etiam
3327 3109 3412 3184 hi,
3444 3110 3602 3190 quod

1959 3194 2243 3278 erpertns
2281 3189 2435 3248 novi.
2490 3192 2687 3270 Ipsum
2740 3212 3016 3276 sequens,
3066 3195 3272 3278 illique
3305 3189 3604 3261 dicto’au-

1964 3274 2155 3366 cliens,
2178 3293 2265 3366 ne
2298 3279 2544 3339 comites
2574 3288 2629 3342 et
2658 3274 2854 3343 socios
2895 3274 3026 3346 tuos
3079 3274 3417 3366 considera,
3452 3307 3603 3351 neve

1964 3363 2128 3455 dicas
2158 3365 2232 3426 de
2262 3366 2459 3447 aliquo
2487 3390 2499 3426 :
2541 3369 2814 3452 Domine,
2839 3371 2937 3433 hic
2975 3383 3179 3438 autem
3209 3376 3354 3455 quid
3375 3363 3476 3439 23?
3499 3379 3604 3440 sed

1966 3453 2072 3513 tibi
2103 3472 2340 3534 semper
2381 3459 2642 3533 attende,
2679 3468 2736 3522 et
2764 3470 2896 3522 ante
2929 3463 3132 3524 oculos
3164 3453 3412 3527 mortem
3459 3485 3597 3546 pro«

1967 3561 2143 3633 pone,
2177 3561 2244 3604 ac
2277 3550 2470 3605 tecum
2495 3549 2787 3629 expende,
2821 3568 2938 3628 qua
2965 3551 3176 3614 virtute
3199 3555 3385 3615 Deum
3416 3555 3604 3633 glori-

1969 3632 2135 3692 ﬁcos.

2047 3721 2136 3782 Ne
2167 3723 2551 3801 supercilium
2584 3725 2752 3786 tollas
2776 3735 3016 3807 propter
3042 3729 3386 3808 magistrum
3414 3739 3600 3808 tuum,

1968 3809 2016 3869 si
2057 3809 2350 3871 honorere
2381 3830 2414 3872 a
2447 3812 2798 3890 majoribus:
2823 3834 2962 3890 non,
2990 3817 3146 3896 quod
3173 3827 3413 3897 propter
3444 3819 3605 3882 illius

1964 3898 2177 3958 famam
2204 3899 2416 3960 multas
2446 3899 2553 3962 tibi
2575 3901 2968 3982 obsequentes
2991 3903 3252 3968 habens:
3289 3907 3392 3967 sed
3418 3909 3608 3985 gaude

1966 3987 2181 4067 potius,
2202 3989 2252 4048 si
2273 4007 2490 4049 nomen
2509 3995 2673 4051 tuum
2698 3991 2759 4050 in
2777 3993 2924 4053 caelo
2947 3993 3296 4055 humilitatis
3317 3995 3604 4074 scriptum

1964 4075 2038 4135 sit
2058 4076 2138 4134 24.
2167 4075 2331 4148 Quod
2359 4076 2410 4137 si
2433 4077 2606 4139 etiam
2634 4079 2904 4141 umbram
2938 4089 3100 4143 tuam
3126 4083 3348 4146 videris
3377 4083 3606 4147 daemo-

1968 4165 2142 4226 nibus
2176 4165 2636 4242 formidabilem,
2679 4188 2753 4229 ne
2799 4169 2904 4231 tibi
2943 4171 3117 4247 istuc,
3165 4172 3268 4233 sed
3318 4175 3498 4254 patris
3526 4175 3611 4235 tui

1935 4254 2245 4334 'precibus
2274 4255 2550 4330 attribue,
2574 4265 2632 4318 et
2662 4257 2914 4338 amplius
2938 4268 2991 4321 te
3017 4260 3440 4326 formidabunt.
3469 4261 3531 4325 Si
3555 4271 3612 4325 te

243 4365 511 4420 numera,
537 4353 595 4407 et
623 4365 757 4408 cum
783 4347 1054 4429 lacrymis
1087 4349 1492 4428 pmnitentiam
1523 4367 1630 4428 age
1665 4366 1678 4411 :
1716 4349 1880 4410 illum
1904 4357 1947 4408 D
1968 4344 2026 4405 in
2054 4363 2281 4418 mensa,
2309 4352 2365 4404 et
2403 4347 2645 4426 propius
2681 4348 2946 4410 assidere
2971 4349 3320 4428 hortabitur,
3356 4371 3612 4432 agnosce

243 4454 345 4516 pro
375 4436 504 4496 viro
535 4443 736 4497 sancto
772 4437 942 4513 habe,
972 4446 1029 4499 et
1051 4457 1257 4519 preces
1279 4439 1408 4519 ejus
1428 4438 1698 4518 implora.
1721 4436 1886 4509 Quod

245 4527 289 4586 si
320 4525 382 4586 in
416 4525 691 4586 coenobio
751 4545 868 4586 non
917 4526 1084 4604 vivis,
1119 4529 1307 4589 Deum
1341 4528 1613 4607 impense
1643 4545 1768 4600 ora,
1803 4527 1888 4588 uti

247 4613 550 4674 hominem
581 4612 689 4675 tibi
719 4613 1111 4688 demonstret,
1146 4615 1249 4696 qui
1275 4625 1332 4678 te
1363 4615 1675 4677 commodo
1701 4623 1885 4694 regat:

246 4720 546 4783 quemque
592 4702 694 4764 ille
743 4711 848 4765 aut
899 4714 1130 4768 secreto
1185 4725 1290 4787 per
1339 4703 1750 4784 semetipsum,
1793 4715 1892 4766 aut

245 4798 448 4871 aperte
499 4808 605 4871 per
641 4791 900 4873 aliquem
949 4812 1254 4856 servorum
1286 4811 1531 4856 suorum
1563 4792 1893 4854 ostenderit

245 4897 380 4940 eum
415 4887 572 4959 pete,
603 4897 716 4944 nec
744 4881 916 4943 aliter
944 4901 1118 4963 quam
1153 4885 1203 4944 si
1233 4883 1526 4947 Christum
1559 4883 1886 4962 aSpiceres,

247 4976 304 5029 et
330 4967 732 5050 alloquerere,
768 4981 1094 5035 venerator.
1152 4972 1297 5035 Nam
1349 4992 1466 5034 non
1509 4991 1686 5034 secus
1717 4991 1892 5053 quam

245 5057 360 5137 ipsi
388 5055 513 5118 Deo
545 5059 674 5138 ejus
707 5059 993 5121 voluntati
1046 5080 1254 5142 parere
1295 5062 1478 5124 debes
1511 5080 1525 5124 :
1559 5069 1626 5125 ut
1669 5080 1804 5141 quae
1835 5061 1896 5122 in

248 5163 376 5206 rem
414 5154 572 5207 tuam
623 5154 782 5222 sunt,
831 5147 904 5209 ab
951 5149 1052 5211 illo
1095 5151 1391 5215 doceare:
1427 5168 1673 5233 quaeque
1704 5151 1754 5212 is
1789 5151 1894 5212 tibi

1972 4433 2214 4513 gratiam
2258 4442 2317 4496 et
2360 4435 2623 4511 admitte,
2677 4437 2963 4518 illumque
3013 4439 3222 4501 tacitus
3269 4449 3466 4503 sancte
3498 4441 3611 4503 ob-

1972 4542 2168 4596 serva,
2216 4532 2273 4584 et
2323 4524 2472 4598 cole,
2519 4535 2576 4588 ct
2617 4525 2759 4605 quid
2807 4527 2882 4588 de
2926 4528 3233 4608 appositis,
3269 4529 3383 4592 nisi
3414 4530 3614 4610 preci-

1973 4609 2084 4671 bus
2108 4611 2180 4671 ab
2212 4630 2281 4672 eo
2311 4611 2498 4692 factis,
2523 4613 2741 4692 attinge
2775 4632 2788 4676 :
2825 4634 2933 4678 nec
2963 4615 3109 4677 citra
3141 4617 3268 4696 ejus
3291 4609 3525 4697 jussum
3550 4637 3619 4679 ac

1973 4699 2332 4760 voluntatem
2374 4701 2543 4762 alteri
2592 4702 2828 4782 porrige
2867 4722 2882 4767 :
2930 4724 3041 4766 nec
3073 4705 3412 4787 quempiam
3443 4707 3618 4768 alteri

1977 4790 2257 4871 praeferre
2286 4789 2460 4851 aude.
2496 4789 2661 4864 Quod
2690 4793 2740 4853 si
2766 4801 2896 4873 post
2930 4813 3139 4856 omnes
3179 4795 3326 4858 alios
3356 4805 3412 4858 te
3443 4814 3615 4857 voca-

1978 4878 2084 4952 bit,
2120 4895 2259 4939 cave
2299 4877 2542 4942 dicere:
2574 4881 2621 4941 A
2665 4881 2908 4959 dextris,
2945 4892 3048 4944 aut
3079 4884 3336 4945 sinistris
3369 4883 3615 4955 sedebo,

1980 4986 2112 5031 cum
2146 4968 2257 5028 hoc
2281 4967 2414 5028 aliis
2447 4978 2713 5049 paratum
2746 4989 2876 5033 esse
2903 4991 3019 5034 non
3049 4972 3307 5052 ignores,
3333 4981 3391 5034 et
3419 4973 3622 5035 audie-

1979 5056 2094 5119 ris:
2122 5055 2246 5131 Qui
2269 5061 2396 5119 vult
2417 5062 2655 5120 omnim
2676 5065 2908 5140 primus
2920 5080 3065 5138 esse,
3081 5063 3160 5125 sit
3183 5063 3455 5124 omnium
3479 5061 3623 5125 ulti-

1980 5163 2114 5208 mus
2129 5146 2211 5207 ‘25.
2234 5148 2469 5209 Partem
2493 5145 2786 5224 intimam,
2819 5157 2883 5210 ut
2912 5149 3118 5230 primae
3157 5149 3622 5212 conciliatricem

246 5233 488 5309 dixerit,
515 5235 644 5296 sine
663 5237 1168 5302 ullahaesitatione
1193 5241 1252 5302 in
1277 5259 1424 5321 opus
1445 5239 1668 5313 confer,
1687 5257 1898 5319 quam-
1983 5235 2366 5317 amplectere,
2401 5243 2460 5298 et
2491 5238 2837 5316 magistrum
2868 5238 3071 5320 dilige,
3103 5238 3322 5320 quippe
3346 5238 3448 5320 qui
3479 5237 3627 5300 scite

246 5323 334 5384 vis
363 5323 472 5384 tibi
519 5342 639 5386 non
669 5325 849 5404 bona,
883 5333 941 5388 et
970 5327 1256 5393 damnosa
1283 5329 1618 5392 videantur.
1661 5326 1906 5391 Praestat
1986 5345 2094 5408 per
2119 5326 2263 5389 vilia
2295 5332 2359 5389 et
2385 5324 2616 5407 abjecta
2637 5327 2711 5389 ad
2742 5328 2967 5408 majora
2998 5336 3054 5391 te
3081 5327 3312 5392 laboret
3344 5329 3623 5392 evehere.

325 5492 381 5536 ‘3
407 5494 556 5558 Luc.
585 5511 715 5570 xm,
747 5496 850 5558 27.

243 5571 299 5616 ³³
327 5570 502 5638 Joan.
526 5590 652 5649 χιι,
685 5576 752 5636 2t
775 5620 790 5636 .

938 5495 991 5579 1?
1015 5497 1186 5564 Joan.
1219 5518 1322 5576 xv,
1352 5501 1413 5563 5.
1501 5497 1556 5579 ἐς)
1585 5496 1793 5579 matth.
1827 5514 1974 5579 xvu,
2008 5498 2029 5561 1
2087 5514 2259 5576 seqq.

875 5575 936 5627 9‘
957 5577 1096 5641 Luc.
1131 5599 1192 5655 ι,
1225 5575 1324 5646 20.
1408 5579 1468 5630 ³⁸
1498 5577 1705 5641 Matth.
1737 5595 1840 5656 xx,
1868 5575 1967 5643 27.

2345 5494 2398 5538 ²ι
2428 5495 2635 5559 Matth.
2667 5511 2749 5573 IX,
2785 5498 2884 5573 10,
2919 5498 3019 5560 11.
3105 5496 3160 5542 εί
3187 5500 3212 5561 Ι
3243 5497 3380 5564 Cor.
3414 5514 3498 5578 Ix,
3527 5497 3628 5562 22.
