4112 6106
443 275 553 340 431

1749 278 1897 339 SYM
1908 274 2126 341 EONIS
2165 278 2515 342 JUNIORIS

3707 280 3827 342 432

445 406 651 489 Neque
679 425 818 470 vero
844 425 948 489 per
963 405 1357 484 arrogantiam
1389 405 1614 485 primus
1644 424 1777 466 cum
1811 405 1940 485 ipso
1963 425 2086 466 ma-
2111 418 2150 465 Α
2172 427 2300 469 sum
2335 419 2391 472 te
2420 414 2663 486 vocarit,
2698 421 2755 473 et
2786 413 2857 473 ad
2891 413 3316 494 quiescendum
3350 414 3644 489 hortatus,
3664 413 3828 477 dixe-

446 516 592 560 num
635 499 698 560 in
729 496 1068 579 parosidem
1101 495 1359 572 intinges
1405 516 1418 556 :
1471 495 1640 576 cujus
1671 494 1832 556 enim
1863 495 1937 555 sit
1968 497 2094 556 haec

447 586 718 667 audacia,
755 605 870 648 non
902 594 956 646 te
975 583 1141 663 fugit.
1177 583 1240 646 Si
1272 583 1380 646 tibi
1412 583 1594 663 pedes
1625 583 1870 646 abluere
1895 584 2096 646 volue-

448 674 547 751 rit,
602 694 740 736 eum
785 680 855 737 ut
901 673 1208 736 dominum
1241 680 1298 732 et
1326 672 1672 748 magistrum
1707 690 2005 754 reverere,
2040 681 2100 734 et

451 763 737 826 renitere.
781 762 888 825 Sin
920 760 1168 824 dixerit:
1197 760 1332 822 Nisi
1358 762 1541 841 pedes
1571 762 1682 824 tibi
1711 761 1945 837 lavero,
1979 780 2098 824 non

451 852 695 916 habebis
706 859 946 933 partem
957 849 1280 925 mecumiﬁ,
1299 851 1475 910 etiam
1498 857 1680 912 totum
1695 869 1910 932 corpus
1933 858 2096 912 tuum

449 940 811 1003 abluendum
860 939 1138 1002 alacriter
1169 956 1438 1019 expone:
1475 947 1538 1000 ut
1569 958 1638 1000 ex
1689 939 1784 1002 bis
1835 959 1966 1020 quae
1997 939 2101 1001 tibi

451 1031 620 1110 ﬁunt,
649 1029 1074 1091 sublimitatem
1118 1035 1176 1089 et
1224 1046 1494 1106 magnam
1521 1028 1890 1102 humilitatis,
1926 1029 2103 1090 etiam

451 1120 597 1182 deos
617 1119 914 1196 facientis,
949 1118 1272 1196 intelligas,
1305 1127 1364 1179 ct
1395 1119 1686 1198 majorem
1721 1127 1861 1180 tunc
1888 1119 2105 1180 ulilita-

454 1217 570 1270 tem
591 1208 836 1285 referas,
870 1207 923 1269 si
959 1207 1420 1280 animadvertas,
1445 1226 1618 1287 quam
1647 1207 1699 1268 si
1726 1216 1786 1269 tu
1811 1207 1992 1288 patris
2023 1211 2104 1270 tui

451 1296 637 1378 pedes
667 1296 982 1359 abluisses.
1018 1293 1080 1357 Si
1109 1294 1326 1356 dixerit
1367 1295 1528 1357 inter
1579 1295 2054 1357 accumbendum
2085 1317 2098 1358 :

459 1385 625 1449 Unus
645 1404 724 1450 ea:
740 1387 905 1448 vobis
926 1404 1020 1448 me
1047 1387 1248 1448 tradet
1266 1383 1350 1465 27,
1372 1385 1842 1448 autscandalizat
1877 1404 1992 1466 me,
2030 1405 2103 1447 ne

454 1484 616 1556 tegas
636 1475 872 1537 dolum:
899 1475 1003 1536 sed
1026 1475 1076 1535 si
1098 1476 1375 1536 conscius
1413 1474 1516 1535 tibi
1553 1493 1638 1546 es,
1664 1475 1984 1536 conﬁtere:
2009 1475 2103 1536 sin

2176 502 2251 560 rit
2280 518 2290 561 :
2320 501 2461 562 sede
2492 502 2610 575 hic,
2652 511 2712 562 et
2741 503 2976 582 publico
3009 503 3268 576 abstine,
3318 506 3505 566 donec
3536 506 3829 566 induaris

2177 592 2402 652 virtute
2426 607 2503 651 ea:
2523 590 2733 665 alio“,
2759 612 2892 652 cum
2915 594 3082 653 ﬁrma
3105 611 3208 672 spe
3234 603 3290 654 et
3311 592 3666 673 inexplebili
3689 611 3827 672 gau-

2179 677 2277 739 dio
2317 677 2492 738 obedi
2519 697 2532 740 :
2561 697 2736 740 verax
2767 680 3089 761 siquidem,
3115 683 3324 742 fratres
3358 682 3496 761 mei,
3537 682 3671 743 talis
3699 700 3826 742 ma-

2179 767 2382 846 gister,
2410 776 2465 829 et
2487 788 2520 828 a
2546 768 2857 834 mendacio
2880 771 3112 832 alienus
3129 771 3831 850 est.Supervenietnam-

2181 876 2294 936 que
2327 858 2386 918 in
2419 865 2475 918 te
2495 859 2673 921 etiam
2700 879 2855 921 nunc
2887 879 2991 940 par
3020 861 3381 922 sanctissimi
3422 861 3678 940 Spiritus
3705 860 3831 921 vir-

2188 955 2302 1021 tus,
2331 967 2448 1007 non
2490 947 2550 1008 in
2581 949 2782 1029 specie
2833 949 3006 1027 ignis,
3053 959 3116 1009 ut
3147 969 3324 1010 sensu
3359 950 3585 1031 percipi
3619 951 3825 1030 possit,

2187 1054 2509 1115 apparens;
2539 1056 2647 1096 nec
2679 1056 2812 1098 cum
2845 1038 3028 1098 multo
3061 1039 3282 1111 sonitu,
3307 1038 3365 1099 in
3400 1039 3612 1118 spiritu
3643 1039 3829 1100 vehe-

2192 1127 2373 1185 menti
2389 1126 2542 1204 (haac
2558 1126 2716 1186 enim
2736 1136 2978 1206 propter
3009 1127 3350 1188 incredulos
3383 1129 3701 1203 factasunt)
3720 1128 3824 1188 sed

2189 1213 2248 1274 in
2279 1215 2479 1294 specie
2511 1215 2779 1286 luminis,
2824 1216 2979 1296 quod
3036 1217 3218 1277 menti
3274 1225 3451 1297 patet,
3499 1237 3634 1278 cum
3665 1217 3829 1277 omni

2189 1303 2612 1384 tranquillitate
2653 1311 2711 1364 et
2733 1305 3104 1383 jucunditate
3136 1306 3340 1380 animi,
3371 1305 3477 1380 sic,
3506 1314 3572 1366 ut
3597 1305 3832 1367 intelli-

2186 1411 2308 1470 gas,
2339 1393 2442 1453 tibi
2475 1392 2781 1472 apparebit
2808 1412 2821 1456 :
2851 1395 3003 1474 quod
3028 1394 3233 1455 aeterni
3257 1412 3323 1455 ac
3349 1394 3523 1475 primi
3552 1394 3714 1457 illius
3736 1395 3831 1455 lu-

2187 1481 2364 1542 minis
2399 1483 2776 1561 prooemium,
2817 1491 2875 1544 et
2926 1483 3117 1561 fulgor
3165 1492 3224 1544 at
3267 1483 3526 1545 scintilla
3560 1483 3828 1564 quaedam

454 1572 676 1662 autem,
721 1564 796 1626 ad
833 1564 1014 1662 pedes
1045 1564 1176 1642 ejus
1214 1563 1275 1624 in
1307 1563 1523 1662 faciem
1557 1571 1713 1662 tuam
1749 1571 2099 1662 prostratus,
2124 1613 2162 1662 Β
2185 1570 2566 1651 sempiternae
2589 1569 2925 1631 beatudinis
2949 1580 3058 1633 est.
3082 1571 3207 1632 Hoc
3226 1563 3637 1633 nunclucente
3661 1572 3837 1632 lumi-

455 1673 590 1715 cum
623 1653 892 1734 lacrymis
921 1653 1260 1732 interroga:
1290 1651 1608 1732 Numquid
1646 1670 1757 1731 ego
1794 1671 1952 1726 sum,
1977 1654 2101 1715 Do-

455 1746 617 1806 mine
635 1743 734 1804 33?
769 1742 1006 1805 Etenim
1028 1744 1090 1803 in
1115 1743 1422 1822 plurimis,
1455 1747 1510 1804 et
1541 1759 1654 1820 per
1683 1743 2102 1820 ignorantiam

455 1835 912 1916 o/fmdimus29.
938 1837 1119 1896 Porro
1164 1835 1222 1895 in
1267 1843 1474 1914 pectus
1518 1831 1706 1896 Patris
1746 1835 2100 1897 recumbere

457 1943 575 1986 non
593 1924 869 1986 conducit
891 1923 1022 1985 tibi.
1046 1921 1191 1984 Nam
1208 1923 1319 1984 etsi
1340 1925 1600 1985 Joannes
1626 1941 1745 2003 prae
1761 1924 1944 1984 multa
1962 1942 2100 2002 erga

455 2014 754 2076 Christem
799 2013 1110 2087 cbaritate,
1155 2021 1215 2075 ut
1259 2031 1393 2074 cum
1445 2013 1688 2074 homine
1737 2014 1855 2092 egit
1883 2012 2095 2088 libere,

457 2102 847 2165 nihilominus
879 2113 940 2165 et
968 2101 1098 2182 ipse
1129 2118 1264 2162 cum
1289 2100 1589 2177 omnibus,
1625 2120 1757 2162 cum
1791 2101 1994 2163 omnia
2022 2102 2103 2162 fe-

458 2191 655 2270 cisset,
677 2193 942 2272 seipsum
963 2189 1236 2252 inutilem
1263 2207 1496 2251 servum
1529 2208 1736 2252 vocare
1761 2191 1966 2270 jussus
1987 2199 2098 2253 est.

459 2279 522 2343 Si
550 2281 770 2343 videris
791 2281 1005 2341 ducem
1036 2287 1202 2340 tuum
1234 2297 1412 2360 supra
1441 2287 1662 2341 natura;
1695 2299 1920 2341 morem
1954 2280 2105 2340 mira

459 2369 660 2445 edere,
694 2370 970 2449 famaque
998 2369 1349 2443 clarescere,
1375 2369 1578 2450 crede,
1603 2377 1662 2431 et
1691 2369 1918 2442 laetare,
1945 2370 2100 2431 Deo-

459 2477 574 2538 que
603 2457 820 2537 gratias
846 2475 976 2537 age,
1012 2458 1170 2537 quod
1201 2458 1546 2536 hujusmodi
1592 2458 1936 2537 magistrum
1967 2475 2102 2518 sor-

462 2547 603 2608 titus
635 2566 722 2611 es.
757 2546 874 2610 Sed
914 2565 990 2608 ne
1035 2545 1230 2607 invidi
1278 2546 1624 2610 scandalum
1678 2546 1784 2607 tibi
1842 2546 2098 2625 pariant,

459 2654 596 2698 cum
628 2655 763 2698 eum
794 2635 868 2698 ab
908 2635 1026 2696 illis
1065 2635 1312 2696 fortasse
1361 2634 1702 2713 ignominiis
1751 2634 2010 2715 multari,
2047 2644 2105 2699 et

463 2725 647 2806 alapis
667 2725 835 2801 caedi,
858 2731 918 2786 et
935 2724 1153 2804 raptari
1178 2724 1511 2804 conspicies
1542 2745 1554 2783 :
1588 2724 1731 2804 quin
1753 2734 1818 2786 ut
1842 2725 2104 2786 fervidus

459 2815 563 2877 ille
611 2815 821 2877 Petrus
868 2813 1128 2893 gladium
1186 2812 1403 2894 arripe,
1469 2816 1716 2894 ejusque
1748 2812 1850 2894 qui
1898 2821 2106 2876 contra

463 2912 692 2986 patrem
746 2913 913 2966 tuum
971 2902 1288 2979 blaterare,
1341 2910 1441 2964 aut
1486 2922 1621 2964 eum
1667 2903 1954 2982 attingere
1983 2922 2102 2964 non

2186 1677 2283 1736 ne,
2309 1659 2504 1720 omnis
2539 1659 2804 1740 inquieta
2833 1678 2903 1720 ac
2937 1660 3275 1722 turbulenta
3304 1661 3584 1740 cogitatio
3617 1661 3828 1741 dispe-

2185 1749 2282 1822 rit,
2319 1756 2376 1808 et
2406 1747 2600 1808 omnis
2633 1747 2982 1809 concitatior
3030 1748 3212 1809 animi
3267 1750 3447 1811 motio
3481 1749 3830 1830 dissipatur,

2186 1836 2380 1897 omnis
2407 1836 2674 1916 corporis
2707 1836 2950 1897 morbus
2979 1837 3420 1901 sanatur.Tunc
3445 1837 3602 1899 oculi
3633 1838 3835 1900 cordis

2183 1925 2262 1986 tui
2297 1935 2642 2010 purgantur,
2673 1933 3043 2005 cernuntque
3075 1927 3464 2007 Deum,quod
3487 1927 3548 1988 in
3582 1927 3836 1988 beatitu-

2183 2014 2424 2076 dinibus
2447 2015 2731 2096 scriptum
2751 2015 3106 2077 est53.Tunc
3133 2015 3363 2078 velutin
3389 2017 3630 2096 speculo
3657 2034 3835 2096 parva

2187 2114 2380 2166 errata
2410 2123 2516 2164 sua
2545 2104 2783 2164 intuens
2817 2104 3034 2178 anima,
3077 2107 3134 2165 in
3173 2104 3444 2185 abyssum
3479 2105 3834 2166 humilitatis

2187 2193 2932 2273 dejicitur,perspectaque
2969 2193 3174 2271 gloria:
3203 2193 3633 2270 magnitudine,
3667 2194 3832 2254 omni

2186 2281 2387 2343 lmtitia
2401 2281 2766 2358 etVoluptate
2785 2281 3138 2362 repletur,et
3163 2281 3224 2342 in
3251 2283 3551 2361 insperato
3585 2282 3832 2344 attonita

2187 2371 2495 2435 miraculo.
2543 2369 2814 2450 lacrymis
2844 2370 3102 2433 ubertim
3130 2379 3290 2431 rorat
3316 2392 3329 2430 :
3359 2379 3536 2450 atque
3570 2370 3649 2431 ita
3681 2379 3833 2431 totus

2187 2460 2361 2520 homo
2415 2459 2785 2532 immutatur,
2837 2467 2894 2518 et
2942 2458 3129 2520 Deum
3171 2459 3497 2538 cognoscit,
3531 2457 3607 2520 ab
3640 2478 3830 2540 eoque

2189 2549 2443 2629 primum
2475 2548 2872 2626 cognosL-itur.
2925 2548 3061 2610 Hzec
3112 2567 3369 2628 namque
3402 2548 3528 2608 sola
3556 2547 3825 2608 omnium

2188 2637 2512 2699 cmlestium
2546 2655 2612 2697 ac
2647 2637 3434 2717 terrestrium,pr:esentium
3488 2644 3547 2698 et
3597 2637 3829 2698 futuro-

2186 2745 2341 2800 rum,
2372 2725 2801 2800 tristiﬁcorum,
2818 2726 3305 2806 laetiﬁcorumque
3324 2724 3830 2805 contemptionem

2189 2813 2413 2875 homini
2437 2815 2766 2892 ingenerat,
2791 2833 2966 2894 quem
2997 2815 3174 2876 simul
3211 2815 3469 2876 amicum
3498 2814 3628 2890 Dei,
3648 2814 3828 2876 etFi-

2186 2904 2328 2964 lium
2363 2903 2674 2980 Altissimi,
2713 2911 2772 2965 et
2806 2907 2990 2966 Deum
3028 2905 3335 2985 (quantum
3367 2903 3600 2984 quidem
3632 2906 3692 2966 in
3725 2904 3830 2965 ho-

464 3002 698 3056 veretur
745 3011 865 3054 non
915 2991 1238 3054 auriculam
1293 2991 1507 3066 solum,
1550 2991 1653 3053 sed
1687 3000 1744 3053 et
1777 3009 2014 3053 manum
2047 3001 2161 3070 etc
2189 2993 2410 3054 minem
2438 2991 2614 3071 cadit)
2652 2991 2854 3055 efﬁcit.

461 3083 724 3162 linguam
756 3089 1018 3162 amputa.
1051 3079 1218 3153 Quod
1249 3080 1299 3141 si
1323 3081 1525 3155 etiam,
1553 3089 1618 3142 ut
1640 3081 1763 3157 ille,
1784 3081 2098 3162 castigere,

464 3172 708 3233 omnino
738 3180 943 3234 tamen
973 3169 1048 3231 ob
1081 3170 1375 3249 egregiam
1427 3169 1606 3232 ﬁdem
1649 3178 1708 3232 et
1754 3171 2099 3232 charitatem

465 3261 648 3339 magis
669 3259 1015 3322 laudabere.
1041 3258 1166 3332 Sin,
1185 3267 1248 3319 ut
1271 3260 1468 3334 homo,
1503 3261 1821 3340 perteritus
1837 3260 2058 3322 dixeris
2085 3283 2096 3317 :

460 3351 598 3414 Non
619 3351 756 3412 novi
784 3349 1086 3411 hominem
1105 3349 1189 3428 30,
1225 3367 1460 3409 rursum
1524 3368 1704 3430 super
1760 3349 1872 3412 hoc
1901 3369 2101 3411 amare

466 3439 652 3518 plora,
701 3446 760 3500 et
809 3456 884 3499 ne
934 3436 1349 3517 desperatione
1393 3436 1774 3499 absorbeare.
1825 3437 1994 3510 Quod
2052 3439 2101 3500 si

460 3527 628 3604 faxis,
657 3544 1004 3608 persuasum
1035 3523 1224 3586 habeo
1257 3524 1402 3599 fore,
1435 3532 1499 3585 ut
1519 3525 1620 3586 ille
1651 3534 1708 3588 te
1738 3527 1996 3605 primum
2027 3527 2100 3586 ad

463 3635 528 3678 se
558 3615 838 3679 attrahat.
872 3613 936 3677 Si
966 3633 1100 3674 eum
1155 3623 1429 3693 tanquam
1480 3614 1836 3676 sceleratum
1867 3614 1929 3674 in
1958 3633 2098 3676 cru-

462 3723 590 3768 cem
622 3704 805 3784 afﬁgi,
835 3713 892 3765 et
916 3721 1020 3786 pro
1052 3702 1356 3765 sceleratis
1389 3703 1539 3763 mori
1570 3702 1891 3783 aspexeris,
1926 3703 1976 3764 si
1995 3723 2099 3784 po-

463 3802 573 3869 tes,
606 3811 977 3856 commorere
1018 3813 1032 3852 :
1074 3799 1174 3853 aut
1201 3799 1362 3853 certe
1393 3810 1469 3852 ne
1499 3791 1672 3854 malis
1701 3800 1765 3853 ut
1796 3792 2006 3874 malus,
2042 3801 2102 3854 et

463 3883 730 3965 proditor
760 3891 816 3944 te
835 3881 1114 3962 adjunge,
1150 3897 1348 3960 neque
1382 3899 1516 3941 cum
1541 3880 1687 3960 ipsis
1711 3881 1773 3941 in
1812 3881 2101 3958 sanguine

459 3972 771 4036 innocenti
799 3969 1204 4047 communica;
1235 3968 1338 4030 sed
1369 3976 1433 4030 ut
1455 3969 1558 4049 qui
1579 3986 1649 4030 ex
1673 3968 2010 4050 timiditate,
2047 3978 2104 4032 et

459 4065 816 4127 infractione
845 4063 1029 4125 animi
1063 4062 1362 4142 paulisper
1391 4069 1687 4141 pastorem
1735 4061 2101 4144 deserueris,

463 4154 643 4216 ﬁdem
672 4154 734 4215 in
781 4152 948 4214 illum
978 4152 1054 4212 de
1084 4151 1315 4229 integro
1345 4148 1601 4211 custodi.
1636 4147 1699 4210 Si
1729 4150 1980 4212 vinculis
2011 4153 2102 4225 le:

464 4242 714 4324 vabitur,
768 4261 836 4303 ac
882 4242 1234 4316 dimittetur,
1287 4240 1530 4302 itterum
1576 4239 1816 4309 accede,
1848 4260 1916 4302 ac
1945 4242 2104 4302 velut

466 4339 782 4411 martyrem
814 4329 1072 4410 amplius
1102 4346 1409 4390 venerare.
1429 4327 1595 4399 Quod
1614 4328 1664 4389 si
1686 4329 1746 4389 in
1769 4329 2101 4391 tentationi«

463 4420 575 4482 bus
595 4421 850 4481 animam
871 4417 1224 4490 reddiderit,
1259 4435 1472 4497 corpus
1502 4418 1633 4496 ejus
1661 4417 1792 4479 sine
1821 4424 1979 4479 metu
2001 4436 2103 4479 re-

465 4509 659 4590 quire,
699 4517 756 4572 et
785 4507 933 4569 illud
966 4507 1150 4568 multo
1182 4506 1367 4585 magis
1397 4525 1573 4586 quam
1605 4506 1807 4568 vivens
1843 4525 2106 4587 prmsens

465 4601 1144 4676 honora,unguentoque
1169 4595 1519 4671 delibutum,
1535 4604 1882 4675 sumptuose
1907 4606 2105 4659 tumu-

465 4687 907 4767 la.Quanquam
930 4684 1089 4746 enim
1123 4702 1244 4744 non
1275 4691 1404 4764 post
1427 4683 1686 4745 triduum
1722 4692 1984 4747 extremo
2009 4686 2106 4748 die

467 4778 732 4859 profecto
784 4793 919 4837 cum
965 4771 1269 4834 universis
1318 4781 1611 4852 resurget.
1659 4774 1848 4836 Crede
1877 4785 2097 4852 autem,

465 4868 632 4929 illum
666 4884 799 4928 cum
832 4862 1048 4926 ﬁducia
1067 4872 1260 4924 astare
1282 4864 1424 4938 Deo,
1450 4862 1682 4924 tametsi
1728 4880 1941 4944 corpus
1973 4865 2105 4944 ejus

466 4956 744 5036 sepulcro
774 4956 879 5017 abs
909 4963 964 5016 te
994 4953 1295 5014 conditum
1338 4952 1555 5031 jaceat,
1587 4971 1656 5014 ac
1686 4953 1816 5013 sine
1865 4952 2102 5014 dubita-

466 5047 628 5110 tione
661 5062 865 5127 preces
891 5042 1163 5123 ejusdem
1194 5059 1469 5122 exposce,
1501 5049 1562 5102 et
1589 5040 1974 5122 opitulabitur
1998 5041 2106 5104 tibi

466 5137 585 5212 hic,
603 5143 779 5216 atque
798 5135 860 5195 in
883 5131 1150 5194 adversis
1180 5129 1456 5192 omnibus
1479 5129 1738 5191 tuebitur
1758 5138 1816 5191 te
1838 5149 1870 5193 e
1898 5149 2107 5212 corpo-

463 5244 530 5287 re
559 5225 945 5287 excedentem
973 5220 1256 5302 recepiet,
1288 5229 1690 5301 aeternamque
1734 5221 2104 5282 mansionem

467 5313 821 5397 praeparabit
843 5312 971 5375 tibi.
1004 5312 1068 5376 Si
1094 5317 1226 5392 post
1241 5309 1441 5372 omnia
1459 5327 1592 5390 qua)
1627 5307 1908 5391 diximus,
1935 5328 2105 5372 seor-

545 5482 610 5534 26
633 5484 768 5547 Jan.
801 5498 931 5557 xm,
967 5481 1069 5546 i8.
1152 5481 1211 5531 θ’]
1241 5479 1449 5546 Matth.
1476 5493 1636 5554 nm,
1668 5479 1768 5543 21.

465 5581 593 5643 ut,
629 5566 729 5627 t9.
813 5563 869 5607 ⁸³
898 5562 1104 5626 Matth.
1135 5581 1194 5638 v,
1225 5563 1257 5625 1
1295 5579 1466 5644 seqq.
1549 5559 1603 5604 33
1627 5559 1778 5624 Ibid.
1812 5577 1916 5638 vn,
1955 5565 2050 5624 15.

1853 5479 1913 5530 98
1961 5477 2117 5543 Ibid.
2146 5467 2244 5544 9‘2.

2265 3080 2415 3142 Vide
2441 3079 2642 3161 igitur,
2675 3080 2879 3156 frater,
2910 3099 2986 3143 ne
3037 3081 3188 3143 forte
3222 3090 3433 3162 praeter
3453 3081 3819 3143 voluntatem

2185 3170 2516 3233 deteriores
2549 3170 2835 3250 sequaris.
2879 3168 3026 3230 Nam
3057 3173 3160 3250 qui
3192 3171 3613 3252 perspicientia
3641 3170 3819 3251 valet,

2185 3261 2390 3340 lupum
2422 3257 2494 3319 ab
2539 3278 2670 3332 ove,
2717 3257 3002 3320 latronem
3036 3277 3068 3320 a
3123 3268 3357 3339 pastore
3404 3261 3818 3322 internoscet:

2184 3350 2338 3411 sicut
2367 3347 2646 3408 nimirum
2681 3346 2808 3427 ipse
2843 3347 3130 3409 Dominus
3161 3365 3226 3408 ac
3255 3348 3414 3411 Deus
3445 3357 3650 3411 noster
3677 3348 3832 3409 δαιτ-

2185 3438 2390 3499 mavit:
2414 3437 2736 3512 Attenditc,
2762 3435 2976 3516 inquit,
3006 3453 3044 3498 α
3064 3438 3243 3515 falsis
3259 3440 3590 3518 prophetis,
3611 3445 3719 3516 qui
3738 3456 3831 3500 ve-

2183 3530 2359 3589 niunt
2383 3528 2460 3588 ad
2485 3544 2586 3589 vos
2607 3527 2674 3587 in
2698 3528 3066 3588 vestimentis
3091 3528 3693 3608 ovium,intrinsecus
3713 3546 3828 3589 au-

2185 3624 2300 3678 tem
2323 3621 2465 3678 sunt
2489 3617 2618 3696 lupi.
2633 3617 2952 3696 rapaces.A
2973 3615 3272 3694 fructibus
3291 3634 3494 3678 eorum
3507 3633 3830 3695 cognosce-

2185 3709 2258 3769 tis
2281 3704 2558 3768 60335.Ut
2579 3705 2737 3766 enim
2765 3705 2941 3766 arbor
2964 3723 3032 3766 ex
3054 3705 3266 3785 fructu,
3283 3704 3368 3767 sic
3392 3705 3570 3765 homo
3599 3722 3668 3764 ex
3694 3722 3826 3765 ser-

2185 3786 2359 3859 mone
2389 3806 2444 3856 et
2467 3813 2647 3876 opere
2670 3813 2774 3856 suo
2816 3795 3006 3875 qualis
3043 3795 3120 3856 sit
3150 3793 3556 3873 cognoscitur:
3589 3793 3694 3854 sed
3720 3813 3830 3856 co-

2183 3886 2487 3965 gnoscitur
2502 3885 2574 3946 ab
2598 3885 2668 3946 iis
2694 3885 2753 3945 in
2779 3883 2994 3965 quibus
3023 3902 3163 3946 sana
3193 3893 3283 3945 est
3311 3884 3488 3958 ratio,
3523 3892 3581 3944 et
3611 3883 3832 3946 animae

2185 3993 2395 4037 sensus
2425 3982 2676 4036 constat.
2711 3972 2922 4036 Czeteri
2953 3993 3209 4055 namque
3239 3975 3515 4036 homines
3545 3977 3723 4036 etiam
3755 3974 3828 4036 ad

2184 4064 2313 4144 ipsa
2362 4081 2544 4144 opera
2593 4063 2989 4125 discernenda
3039 4064 3260 4144 stupidi
3308 4082 3376 4125 ac
3426 4063 3630 4125 stolidi
3663 4073 3826 4126 sunt.

2185 4151 2533 4232 Quempiam
2561 4169 2629 4212 ex
2651 4151 2850 4212 inedia
2880 4160 3213 4232 captantem
3246 4169 3450 4213 auram
3481 4151 3830 4233 popularem

2187 4241 2452 4302 videntes
2469 4239 2916 4320 commendant,
2932 4250 3136 4302 etcum
3166 4241 3494 4302 humilitate
3511 4241 3832 4302 comeden-

2189 4337 2306 4390 tem
2329 4329 2840 4391 damnant.Alium
2855 4329 2914 4390 in
2936 4329 3268 4390 humilitata
3285 4329 3416 4391 cibo
3430 4328 3828 4390 abstinentem

2188 4438 2294 4499 pro
2327 4420 2644 4498 hypocryta
2675 4418 2937 4494 habent;
2967 4426 3172 4479 contra
3204 4418 3484 4497 ingluviei
3533 4417 3825 4493 deditum,

2187 4506 2884 4587 simplicem,etmimme
2908 4509 2967 4567 in
2994 4508 3186 4589 epulis
3215 4515 3553 4569 accuratum
3580 4507 3823 4582 ducunt,

2189 4596 2457 4676 quicum
2489 4594 2697 4656 crebro
2745 4597 3099 4658 accumbere
3143 4597 3542 4672 delecrantur,
3589 4595 3833 4655 vitiosas

2188 4684 2328 4745 inde
2357 4683 2702 4744 atfectiones
2734 4703 2869 4745 suas
2901 4685 3300 4746 consolantes.
3336 4683 3486 4755 Quin
3519 4682 3698 4744 etiam
3731 4700 3831 4743 sa-

2187 4774 2303 4834 lem
2354 4772 2724 4848 simulantes,
2780 4773 3114 4854 facetasque
3173 4792 3359 4853 nugas
3417 4771 3834 4852 intempestive

2188 4864 2545 4932 cﬁ'uticntes,
2581 4870 2639 4922 et
2669 4863 2932 4941 gestibus
2963 4864 3264 4925 indecoris
3313 4863 3500 4924 risum
3531 4861 3665 4922 aliis
3695 4879 3831 4922 m0-

2188 4961 2410 5024 ventes,
2445 4950 2604 5012 velut
2633 4952 2729 5031 qui
2776 4971 2880 5032 per
2909 4952 3103 5014 studia
3132 4951 3488 5026 istiusmodi,
3520 4958 3740 5029 gestus,
3776 4958 3837 5010 et

2185 5057 2497 5102 sermones
2543 5039 2823 5102 virtutem
2869 5061 3061 5110 suam,
3097 5049 3156 5104 et
3186 5042 3439 5098 ἀπάθειαν
3487 5048 3687 5118 tegere
3721 5057 3829 5099 co-

2188 5138 2402 5190 nentur
2431 5129 2571 5189 dum
2602 5138 2902 5210 reputant,
2928 5149 3032 5192 eos
3058 5131 3158 5211 qui
3189 5148 3322 5192 cum
3353 5128 3666 5208 religione,
3695 5146 3831 5188 cum

2187 5220 2401 5280 virtute
2449 5225 2508 5278 et
2555 5217 2933 5298 simplicitate
2999 5219 3196 5281 cordis
3250 5219 3428 5280 vitam
3488 5217 3832 5295 traducunt,

2186 5327 2326 5371 vere
2357 5315 2616 5386 sanctos,
2641 5319 2704 5370 ut
2733 5309 2964 5389 aliquos
2983 5309 3060 5372 de
3079 5309 3224 5372 faece
3240 5308 3397 5388 vulgi
3418 5305 3578 5369 falsis
3607 5307 3839 5369 ratiun-

2330 5475 2390 5526 99
2442 5479 2568 5541 Jac.
2616 5492 2702 5554 ιιι,
2736 5481 2796 5541 2.
2882 5477 2936 5521 3°
2981 5478 3190 5543 Matth.
3220 5495 3385 5557 xxvr,
3420 5477 3516 5544 '72.
3603 5477 3654 5520 31
3685 5479 3837 5553 Luc,
