4112 6106
292 247 412 313 433
1759 250 1958 314 ORA'I

2043 256 2055 309 l
2098 251 2316 315 XXIV.
3536 252 3656 318 434

294 384 446 445 culis
475 383 804 466 decipiant,
838 383 1036 464 iisque
1068 391 1467 453 antevortunt.
1501 384 1720 446 Adhaec
1749 382 1852 445 alii
1873 381 1961 444 lo-
1982 390 2024 439 Α
2046 381 2116 444 Et
2144 384 2334 446 sancti
2365 387 2564 447 Patres
2588 383 2865 446 Ecclesia)
2884 384 3112 446 lumina
3128 403 3198 447 ac
3218 384 3502 464 magistri,
3527 385 3678 449 nihil

296 491 576 549 quacem,
609 482 667 535 et
700 471 1589 552 ostendabundum,apposilum
1620 472 1692 533 ad
1724 470 1950 532 docen-
2035 471 2274 552 scriptis
2296 472 2681 553 mandarunt,
2706 480 2807 534 aut
2835 490 2983 535 voce
3014 472 3368 551 docuerunt,
3393 475 3683 558 quodipsi

298 562 464 635 dum,
498 570 555 621 et
585 561 958 641 spiritualem
998 580 1128 622 esse
1161 561 1540 623 existimant:
1571 561 1946 622 taciturnum.
2037 561 2199 640 prius
2246 561 2397 623 facto
2446 579 2573 622 non
2609 560 3010 641 praetitissent,
3049 569 3107 623 et
3135 561 3238 624 ubi
3268 564 3682 643 praestiterunt,

301 651 569 712 etoliosa
600 649 777 710 verba
798 659 1109 710 caventem
1144 651 1375 727 sedulo,
1409 659 1700 727 agrestem
1740 659 1798 711 et
1830 669 1953 710 mu-
2036 668 2134 711 res
2165 650 2280 711 illis
2311 651 2610 715 successit
2656 670 2724 712 ex
2778 650 3088 713 sententia.
3134 650 3368 713 Etenim
3411 652 3689 734 discipuli

302 748 423 799 tum
458 738 992 818 pronuntiant.Alii
1023 738 1081 799 in
1112 739 1338 817 Spiritu
1362 739 1947 819 sanctoloquentem.
2038 739 2316 817 magistro
2349 740 2447 802 tali
2480 758 2729 820 operam
2765 739 2993 815 dantes,
3032 740 3106 802 ad
3137 742 3265 821 ejus
3292 741 3687 804 imitationem

303 837 363 888 ut
394 829 510 888 alta
537 827 871 907 sapientem
900 847 967 889 ac
996 828 1322 908 superbum
1354 838 1719 901 aversantur,
1757 828 1953 889 verbis
2033 828 2357 890 incitantur
2384 847 2396 891 :
2426 848 2536 891 nec
2589 838 2821 891 tantum
2852 847 2922 892 ex
2949 829 3070 890 illis
3097 828 3475 891 sermonibus
3503 830 3687 912 proli-

304 918 436 997 ejus
465 916 702 978 attoniti
739 917 949 996 magis,
980 936 1157 998 quam
1193 919 1530 996 compuncti
1562 940 1573 976 :
1600 926 1807 978 natura
1838 936 1951 977 au-
2038 917 2224 990 ciunt,
2272 927 2556 998 quantum
2611 917 2912 999 praeclaris
2953 918 3228 998 ejusdem
3272 917 3603 982 actionibus
3632 929 3691 983 et

304 1015 450 1082 tem,
486 1012 590 1067 aut
619 1023 687 1067 ex
711 1006 1165 1087 disciplinarum
1198 1006 1408 1088 peritia
1433 1025 1536 1068 ore
1562 1006 1816 1068 rotundo
1834 1004 1955 1066 dis-
2035 1007 2308 1086 exemplo
2341 1006 2414 1069 ad
2479 1007 2758 1068 virtutem
2801 1006 3231 1088 capessendam
3278 1008 3690 1092 exardescunt,

304 1104 631 1171 serentem,
650 1110 707 1157 et
722 1103 929 1156 contra
956 1095 1202 1157 salutem
1227 1113 1390 1156 suam
1418 1096 1827 1171 mentientem,
1848 1114 1948 1155 su-

305 1203 410 1266 pra
441 1186 683 1248 modum
714 1184 1096 1271 commedant
1124 1192 1182 1245 et
1208 1184 1478 1265 probant.
1513 1190 1703 1265 Atque
1723 1185 1803 1245 ita
1820 1185 1954 1246 nul-

304 1275 398 1336 lus
427 1274 584 1335 inter
606 1276 715 1336 hos
740 1281 851 1348 est,
878 1273 979 1354 qui
1001 1281 1190 1354 recte,
1214 1282 1275 1336 et
1310 1283 1373 1334 ut
1396 1293 1460 1336 se
1483 1274 1682 1348 habet,
1712 1292 1840 1336 rem
1865 1273 1954 1333 vi-

302 1362 472 1442 dere,
503 1362 956 1442 dijudicareque
998 1361 1203 1442 possit.
1242 1361 1380 1423 Rari
1413 1362 1757 1438 suntenim,
1781 1372 1839 1424 et
1863 1362 1958 1424 his

305 1451 678 1531 temporibus
710 1450 1106 1531 potissimum,
1132 1452 1233 1531 qui
1258 1452 1488 1512 animos
1529 1451 1682 1513 bene
1721 1470 1954 1530 regere,

2041 1102 2100 1154 et
2120 1094 2330 1156 iisdem
2362 1095 2638 1175 vestigiis
2658 1095 2942 1157 incedere
2966 1108 3273 1175 coguntur.
3302 1096 3382 1158 At
3396 1096 3579 1172 enim,
3606 1114 3691 1158 vae

2041 1183 2234 1260 nobis,
2282 1184 2515 1266 fratres,
2560 1204 2695 1247 cum
2745 1184 2804 1246 in
2856 1184 3030 1246 istam
3061 1184 3506 1266 confidenttam,
3540 1193 3600 1247 et
3624 1185 3685 1248 in

2042 1273 2150 1334 has
2202 1273 2479 1335 tenebras
2523 1273 3175 1348 monachi-incidimus,
3220 1281 3285 1335 ut
3326 1292 3429 1336 vos
3468 1274 3689 1338 Christi

2044 1380 2183 1424 oves
2213 1362 2343 1423 sine
2374 1362 2605 1426 Christo
2631 1381 2878 1444 pascere
2897 1364 3376 1443 aggrederemnr,
3401 1382 3470 1425 ac
3499 1382 3680 1446 prop-

2045 1462 2135 1512 ter
2155 1451 2540 1532 voluptatem,
2556 1452 2984 1533 commodaque
3001 1452 3288 1533 corporis,
3305 1452 3684 1533 etacquiren—

304 1558 636 1620 eorumque
682 1539 925 1600 morbos
969 1538 1153 1619 probe
1212 1558 1421 1601 curare
1465 1540 1681 1602 sciant.
1723 1539 1962 1620 Jejunia
2043 1538 2178 1600 dam
2201 1539 2963 1621 pecuniam,honoremque
2992 1538 3065 1602 ab
3090 1539 3433 1601 hominibus
3457 1538 3681 1620 (vetab-

305 1629 567 1702 enim,et
596 1628 823 1708 vigilias
850 1636 906 1689 et
949 1627 1211 1709 speciem
1237 1628 1468 1709 pietatis
1500 1629 1674 1689 multi
1707 1629 2015 1710 fortasse“
2034 1629 2195 1708 jecto
2241 1629 2384 1690 mihi
2423 1638 2599 1710 atque
2639 1629 2885 1706 misero)
2906 1629 3291 1710 apostolicam
3335 1628 3680 1709 dignitatem

302 1717 685 1794 simularunt,
712 1726 813 1779 aut
836 1718 1009 1779 etiam
1032 1736 1215 1798 opere
1234 1726 1649 1790 exercuerunt,
1687 1736 1796 1781 nec
1822 1736 1959 1798 pau-

306 1827 373 1868 ca
410 1825 443 1867 e
466 1815 707 1887 pectore
739 1808 1112 1887 depromere,
1168 1815 1229 1868 et
1275 1806 1471 1868 verbis
1506 1808 1726 1869 docere
1756 1807 1956 1889 plures

309 1896 485 1957 facile
518 1905 801 1975 possunt:
836 1904 926 1958 ast
954 1896 1051 1976 qui
1084 1915 1217 1958 cum
1255 1897 1532 1977 lacrymis
1566 1905 1759 1958 motus
1788 1916 1821 1958 a
1851 1916 1951 1959 ra-

306 1987 469 2047 tione
501 2004 739 2048 aversos
769 1986 1138 2066 exscindant,
1165 1986 1529 2067 virtutesque
1553 1987 1952 2066 comprehen-

303 2074 460 2135 sivas
494 2074 574 2135 ita
608 2074 951 2152 possideant
982 2083 1046 2135 ut
1077 2074 1146 2136 iis
1176 2076 1419 2155 spoliari
1471 2084 1789 2156 nequeant,
1826 2093 1958 2155 per-

305 2163 583 2226 hensivas
614 2165 694 2225 ita
726 2163 1069 2245 possideant
1114 2172 1177 2224 ut
1226 2164 1299 2225 iis
1354 2164 1596 2244 Spoliari
1630 2172 1948 2244 nequeant.

304 2252 589 2332 perpauci
646 2252 1047 2333 reperiuntur.
1101 2251 1364 2315 Virtutes
1434 2251 1957 2333 comprehensivas

302 2342 674 2422 appellamus
724 2342 1144 2423 humilitatem,
1175 2342 1522 2404 vitiosarum
1573 2342 1951 2403 atfectionum

299 2430 748 2512 jugulatricem,
793 2438 850 2492 et
884 2431 1143 2494 cmlestis
1172 2441 1350 2512 atque
1392 2430 1677 2510 angelicae
1704 2430 1956 2511 apathiaa

306 2519 803 2582 conciliatrioem.
856 2521 1003 2582 Item
1053 2520 1421 2595 charitatem,
1470 2538 1600 2600 quas
1651 2537 1951 2599 nunquam

307 2617 447 2682 stat,
475 2627 672 2689 neque
694 2609 875 2684 cadit;
895 2609 998 2671 sed
1031 2609 1330 2688 prioribus
1351 2626 1590 2688 semper
1609 2607 1835 2687 adjicit,
1854 2606 1955 2668 de-

310 2697 599 2758 siderium
621 2697 945 2776 desiderio,
979 2715 1243 2759 amorem
1270 2716 1475 2759 amore
1505 2698 1836 2759 cumulans.
1871 2695 1956 2757 Ex

311 2804 428 2866 qua
452 2786 731 2849 discretio
766 2787 1018 2859 exsistit,
1052 2806 1186 2865 quae
1209 2794 1268 2848 et
1299 2786 1582 2868 seipsam,
1618 2793 1678 2847 et
1706 2805 1955 2867 sequen-

310 2883 397 2937 tes
418 2894 484 2935 se
514 2885 676 2938 recta
708 2876 893 2952 ducit,
944 2885 1003 2937 et
1044 2875 1198 2938 bene
1240 2875 1623 2957 procedendo
1668 2895 1736 2936 ac
1767 2876 1953 2956 proti-

2040 1718 2396 1781 omnimodis
2413 1736 2718 1781 assumere
2740 1717 3177 1793 contendimus,
3205 1718 3560 1800 illorumque
3583 1737 3682 1800 po-

2038 1815 2309 1869 testatem
2332 1826 2474 1869 auro
2496 1826 2851 1883 mercamur,
2885 1826 2997 1869 nec
3027 1806 3214 1869 Deum
3248 1808 3550 1884 timentes,
3570 1826 3684 1871 nec

2037 1896 2310 1958 homines
2340 1916 2449 1959 nos
2479 1896 2778 1960 intuentes
2806 1896 3068 1958 reveriti.
3100 1901 3181 1957 Ac
3203 1896 3417 1958 solium
3442 1897 3683 1978 quidem

2037 1986 2196 2065 regis
2219 1986 2316 2047 illo
2348 1986 2530 2048 invito
2554 1984 2961 2049 conscendere
2994 2003 3170 2047 nemo
3201 1985 3400 2049 audet.
3431 1984 3547 2048 Sed
3568 2004 3683 2048 ne-

2038 2092 2153 2154 que
2203 2074 2600 2152 grammatici,
2643 2082 2743 2136 aut
2790 2073 3047 2135 rhetoris
3091 2072 3340 2152 alicujus
3388 2091 3685 2155 occupare

2038 2163 2256 2235 locum,
2284 2163 2383 2240 qui
2414 2162 2598 2224 idiota
2626 2163 2721 2231 sit.
2751 2179 2944 2243 neque
2973 2161 3254 2223 audiente
3289 2161 3506 2243 populo
3526 2161 3681 2224 Scri-

2039 2259 2237 2332 pturas
2256 2251 2529 2321 recitare,
2555 2250 2653 2332 qui
2678 2250 2904 2315 litteras
2927 2250 3142 2324 nescit,
3159 2269 3296 2313 cum
3312 2269 3420 2312 nos
3440 2250 3683 2314 interim

2036 2340 2346 2420 apostolici
2395 2340 2660 2403 muneris
2707 2339 3160 2420 amplitudinem
3192 2340 3549 2421 quaerimus;
3583 2350 3684 2402 aut

2038 2429 2214 2492 etiam
2238 2429 2491 2491 delatam
2515 2448 2632 2490 non
2665 2429 2995 2509 rejicimus,
3026 2428 3127 2510 qui
3157 2430 3405 2509 gratiam
3435 2437 3682 2510 aposto-

2035 2519 2229 2579 lorum
2262 2519 2524 2579 nondum
2548 2519 2884 2598 accepimus
2900 2536 3092 2598 neque
3111 2519 3332 2581 fructus
3346 2519 3475 2599 ejus
3499 2518 3561 2580 in
3582 2538 3686 2582 no-

2037 2606 2129 2668 bis
2151 2606 2457 2668 demessos
2481 2606 2839 2687 aspeximus.
2865 2605 2934 2667 Et
2956 2608 3275 2687 quomodo,
3302 2607 3537 2684 fratres,
3556 2617 3688 2671 tan-

2042 2703 2157 2756 tam
2179 2695 2443 2757 audacite
2468 2693 2935 2774 magnitudinem
2967 2695 3293 2777 concipere
3318 2714 3436 2758 non
3475 2696 3685 2758 formi-

2038 2784 2297 2846 damus?
2330 2784 2518 2846 Dicite
2564 2783 2735 2856 mihi,
2785 2784 3010 2866 dilecti,
3052 2784 3103 2846 si
3145 2785 3428 2863 frequens
3456 2787 3592 2862 ista,
3630 2794 3689 2849 et

2037 2874 2231 2953 ampla
2260 2873 2460 2935 civitas
2484 2873 2821 2955 quempiam
2844 2875 3177 2949 advocaret,
3204 2892 3276 2937 ac
3306 2874 3572 2938 diceret:
3600 2875 3686 2939 Te

310 2965 523 3026 ciendo
558 2983 743 3040 mare,
792 2965 949 3045 quod
1000 2966 1126 3026 sola
1165 2964 1561 3043 intelligentia
1600 2963 1950 3045 percipitur,
2044 2962 2442 3043 praepositum,
2467 2971 2523 3023 et
2544 2962 2920 3043 imperatoris
2944 2963 3438 3043 protovestiarum
3462 2964 3688 3027 creabi-

308 3054 557 3132 trajicit;
600 3072 774 3133 quam
808 3066 868 3115 et
902 3062 960 3114 tu
1009 3053 1197 3115 Deum
1251 3071 1500 3135 poscere
1549 3052 1756 3125 debes,
1801 3070 1960 3114 nunc
2042 3069 2198 3126 mus,
2234 3057 2295 3112 tu
2325 3051 2489 3112 solus
2527 3050 2786 3113 ascende
2827 3051 2890 3113 in
2939 3052 3187 3131 regiam,
3238 3052 3683 3135 ingressusque,

306 3141 583 3217 maxime,
606 3161 721 3223 quo
745 3150 980 3203 restuas
1004 3141 1335 3204 secundum
1363 3143 1492 3220 ejus
1516 3140 1959 3219 beneplacitum
1980 3167 2019 3217 ο
2045 3158 2286 3202 causam
2320 3149 2581 3201 nostram
2611 3140 2766 3220 apud
2797 3140 3216 3221 imperatorem
3238 3142 3691 3225 age,ipsumque

309 3230 622 3320 discernas
643 3239 817 3310 atque
834 3230 1151 3320 dijudices,
1180 3238 1238 3292 et
1257 3231 1335 3291 ita
1355 3231 1591 3292 labores
1611 3229 1962 3320 contendas-
2044 3254 2311 3318 precare,
2332 3244 2396 3297 ut
2419 3237 2545 3299 haec
2567 3245 2625 3298 et
2647 3236 2747 3298 illa
2765 3237 2937 3299 nobis
2959 3245 3215 3318 praestet.
3244 3239 3306 3301 Si
3332 3240 3382 3301 is
3404 3240 3686 3320 palatium

308 3338 444 3399 que,
492 3328 556 3380 ut
598 3319 892 3382 Christum
929 3327 991 3381 et
1028 3319 1088 3381 in
1135 3320 1244 3381 hac
1275 3327 1391 3380 vlta
1419 3320 1782 3408 adiutorem;
1813 3327 1872 3379 el
1900 3319 1959 3408 in
2044 3345 2347 3407 nunquam
2377 3325 2739 3402 intravisset;
2773 3326 2879 3388 sed
2915 3336 3029 3389 tam
3060 3326 3208 3408 ipsis
3234 3319 3463 3390 audicis
3488 3330 3686 3392 omni-

314 3414 507 3469 tutura
558 3408 846 3471 claritatis
898 3427 1021 3470 suae
1064 3410 1418 3489 voluptatem
1469 3407 1692 3471 affatim
1743 3418 1804 3472 et
1854 3407 1963 3470 tibi
2044 3417 2178 3491 bus,
2233 3434 2407 3496 quam
2460 3414 2807 3496 imperatori
2845 3407 3097 3495 ignotus,
3130 3425 3309 3492 esset,
3345 3436 3484 3479 num
3535 3418 3687 3481 istuc

305 3497 748 3577 impertientem
781 3496 1072 3559 invenias.
1104 3502 1175 3559 Et
1206 3517 1399 3578 neque
1431 3506 1493 3559 ut
1528 3506 1824 3577 pastorem
1855 3516 1958 3560 se-
2044 3523 2304 3586 unquam
2334 3504 2551 3581 facere,
2585 3514 2683 3567 aut
2710 3503 3056 3583 dignitatem
3092 3506 3259 3567 istam
3292 3505 3447 3568 inire
3497 3508 3680 3569 susti-

311 3587 509 3667 quaris
543 3586 770 3666 lupum,
790 3604 983 3666 neque
1016 3585 1285 3676 morbido
1316 3586 1480 3666 gregi
1512 3593 1568 3648 te
1598 3586 1955 3661 immisceas,
2045 3585 2255 3655 neret‘?
2276 3592 2444 3655 Adeo
2468 3594 2797 3673 projectum
2829 3593 2957 3655 fore
2978 3595 3286 3656 neminem
3313 3613 3522 3656 omnes
3545 3614 3686 3676 pro-

310 3694 502 3756 neque
547 3677 709 3737 solus
757 3693 1027 3737 seorsum
1068 3675 1425 3756 reperiare:
1460 3684 1525 3738 ut
1574 3694 1769 3756 neque
1800 3683 1900 3737 aut
1928 3693 1963 3737 a
2046 3681 2139 3743 cul
2173 3681 2352 3743 dubio
2385 3680 2729 3757 fatebimur,
2757 3689 2816 3743 et
2845 3700 3119 3745 suasores
3167 3683 3313 3744 istos
3353 3692 3414 3745 ut
3446 3675 3685 3746 insanos

310 3765 447 3842 lupo
478 3764 811 3825 animarum
847 3764 1175 3844 perditore,
1221 3775 1323 3826 aut
1361 3783 1395 3826 a
1424 3765 1623 3826 bellua
1655 3766 1962 3845 intercep-

315 3862 406 3914 tus
435 3852 809 3933 conspiciare
836 3874 852 3929 ;
876 3861 978 3914 aut
1007 3854 1123 3915 alio
1155 3863 1329 3934 atque
1359 3854 1476 3916 alio
1510 3855 1721 3915 morbo
1767 3872 1960 3931 aegro-

315 3949 430 4011 tus,
467 3941 796 4003 secundum
843 3942 1100 4003 animam
1148 3941 1450 4014 intereas;
1483 3949 1584 4003 aut
1631 3961 1764 4003 cum
1799 3942 1961 4003 solus

318 4028 638 4103 cecideris,
680 4030 826 4091 illud
883 4029 977 4093 Vw
1026 4030 1088 4091 in
1148 4038 1203 4091 te
1261 4030 1595 4111 quadret?“
1643 4029 1754 4103 Qui
1800 4030 1960 4091 enim

318 4119 470 4181 bono
501 4138 567 4180 se
599 4118 945 4199 praeceptori
998 4119 1330 4193 tradiderit,
1383 4121 1532 4182 nihil
1577 4120 1823 4181 istorum
1854 4139 1961 4181 cu—

316 4208 494 4282 rabit,
544 4208 646 4269 sed
703 4208 1123 4271 sollicitudinis
1177 4227 1415 4290 expers,
1446 4210 1562 4271 vita
1610 4218 1871 4291 peracta,
1904 4208 1965 4269 in

318 4297 553 4361 Christo
582 4299 722 4362 Jesu
754 4296 1003 4359 Domino
1026 4305 1229 4359 nostro
1262 4298 1600 4360 salvabitur.

866 4384 1151 4450 ORATIO
1206 4387 1413 4452 XXIV.

927 4484 1353 4529 ΑιισυιιΕΝΤωι.

320 4546 527 4626 Ducem
558 4547 771 4603 Christi
797 4549 979 4626 gregis
1005 4548 1224 4626 ratione
1243 4548 1470 4619 prwdili
1506 4548 1965 4626 primum_semet-

389 4617 569 4687 ipsum
617 4617 1276 4691 accurathconsiderar'e
1315 4625 1365 4674 et
1411 4617 1717 4691 explorare,
1735 4617 1967 4682 debere;

390 4690 586 4760 quippe
640 4705 799 4761 quem
859 4689 1053 4762 dicere.
1116 4694 1182 4762 et,
1222 4698 1445 4762 exsequi
1476 4688 1590 4745 'Dei
1633 4689 1967 4762 uoluntatem

386 4759 597 4831 semper
645 4759 876 4831 oportet,
925 4765 976 4817 et
1021 4760 1104 4816 ita
1147 4759 1374 4816 demu-m'
1415 4761 1552 4818 alios
1600 4759 1967 4831 idipsumrdo-

386 4830 509 4886 cere
537 4830 846 4904 φιλο-ξενηιο
872 4831 1141 4887 ἁνεοινὶηω
1178 4833 1295 4904 ejus
1325 4848 1451 4904 cum
1478 4832 1692 4904 actione
1728 4830 1964 4904 conjun-

388 4907 528 4971 ctus,
550 4900 906 4960 auditoribus
951 4909 1145 4973 gratus
1188 4900 1420 4959 occidat.
1467 4903 1689 4974 Alioqui
1729 4900 1965 4974 salutem

385 4973 495 5029 sibi
543 4989 707 5057 suam
754 4975 868 5057 ipse
933 4978 1226 5057 curetum
1275 4976 1392 5057 tum
1439 4975 1576 5057 sibi,
1606 4973 1738 5030 tum
1765 4973 1962 5044 quibus

381 5049 603 5117 prtem,
627 5046 917 5116 perniciem
939 5050 1100 5117 atque
1123 5046 1404 5117 interitum
1433 5050 1601 5102 creet.

405 5115 692 5178 Dominus
723 5124 925 5178 noster
970 5115 1144 5177 .lesus
1186 5116 1454 5179 Christus
1487 5134 1602 5182 non
1634 5117 1824 5179 solum
1848 5115 1960 5178 do-

318 5214 555 5266 centem
604 5206 839 5267 beatum
896 5204 1216 5285 praedicat:
1259 5205 1363 5267 sed
1404 5225 1537 5268 eum
1570 5223 1830 5288 quoque,
1863 5207 1959 5286 qui

318 5292 482 5367 fecit,
509 5300 645 5355 ante
662 5312 835 5375 quam
852 5291 1124 5356 doceret:
1142 5294 1724 5376 Beatus,inquit,qui
1743 5295 1890 5373 fecit
1906 5300 1965 5356 et

318 5380 521 5445 docuit
554 5384 652 5445 hic
678 5399 941 5464 magnus
967 5381 1857 5465 vocabiturinregnocwlorum
1875 5383 1960 5446 35.

403 5566 457 5611 34
485 5566 661 5630 Eccle
688 5584 769 5646 ιν,
808 5567 902 5633 10.
992 5567 1047 5611 35
1072 5569 1282 5633 Matth.
1316 5588 1378 5652 v,
1418 5572 1512 5636 19.

2046 3782 2104 3834 et
2135 3778 2400 3833 amentes
2426 3772 2933 3851 reprehensurum
2967 3779 3019 3833 et
3053 3771 3393 3853 irrisurum,
3427 3771 3685 3851 dignita—

2048 3868 2286 3940 temque
2311 3876 2430 3921 non
2462 3867 2529 3923 ut
2559 3859 2823 3937 honoris,
2854 3860 2959 3922 sed
2990 3866 3054 3921 ut
3083 3861 3419 3937 dedecoris,
3452 3869 3510 3922 et
3540 3880 3685 3941 sup-

2046 3949 2206 4030 plicii
2240 3947 2548 4010 materiam
2580 3947 3051 4028 repudiaturum.
3088 3945 3149 4009 Si
3178 3947 3356 4026 igitur
3403 3949 3465 4010 in
3505 3949 3688 4013 rebus

2046 4036 2321 4099 humanis
2368 4036 2515 4111 hinc,
2570 4044 2628 4097 et
2677 4035 2896 4099 similia
2948 4036 3324 4098 committere
3363 4038 3529 4100 nefas
3574 4048 3687 4117 est,

2047 4146 2203 4189 none
2234 4125 2522 4188 horribile
2547 4132 2636 4187 est
2664 4143 2733 4186 ac
2765 4124 3016 4201 videtur,
3041 4124 3276 4200 fratres,
3302 4128 3688 4207 apostolicam

2048 4215 2393 4296 dignitatem
2450 4213 2895 4277 inconsiderate
2954 4214 3279 4295 suscipere,
3314 4224 3373 4277 et
3398 4217 3471 4278 ad
3525 4218 3688 4281 inac-

2048 4306 2327 4370 cessibile
2370 4305 2567 4366 lemen
2613 4303 2925 4379 accedere,
2960 4305 3466 4387 mediatoresque,
3503 4317 3564 4370 et
3589 4309 3687 4371 in-

2050 4402 2341 4477 terpretes
2374 4393 2473 4456 Dei
2506 4401 2565 4454 et
2594 4393 2901 4454 hominum
2935 4393 3113 4455 ﬁeri?
3152 4394 3301 4456 Num
3354 4397 3481 4458 leve
3510 4398 3688 4479 quid-

2049 4487 2208 4558 dam,
2242 4493 2298 4546 et
2333 4481 2681 4564 dispicabile
2713 4484 2890 4563 hujus
2919 4482 3007 4547 rei
3039 4492 3317 4545 conatum
3366 4485 3641 4549 ducimus
3663 4486 3694 4548 ?

2051 4577 2206 4640 l’roh
2239 4572 2412 4636 dolo!
2447 4574 2681 4649 fratres,
2705 4575 3009 4655 quoniam,
3042 4582 3105 4635 ut
3127 4593 3356 4657 vereor,
3384 4576 3445 4638 in
3475 4597 3692 4659 quam-

2049 4667 2184 4727 dam
2236 4662 2614 4725 tenebrarum
2666 4665 3109 4726 universitatem
3160 4665 3421 4728 devoluti
3453 4685 3683 4746 sumus,

2049 4764 2228 4834 atque
2258 4751 2482 4814 idcirco
2509 4770 2683 4833 quam
2705 4753 2915 4815 audaci
2939 4772 3047 4817 nos
3069 4754 3333 4817 facinore
3356 4755 3690 4819 obstrinxe-

2045 4848 2257 4916 rimus,
2285 4860 2402 4903 non
2433 4841 2889 4905 videmus.Nam
2919 4842 2969 4904 si
3000 4844 3345 4917 viderimus,
3384 4862 3687 4925 nunquam

2047 4951 2118 4995 eo
2149 4930 2519 5011 arrogantiae,
2543 4930 3037 5013 coutidentiaepue
3071 4931 3596 5011 processissemus,
3626 4941 3692 4993 ut

2047 5021 2263 5083 divinis
2290 5020 2470 5082 rebus
2507 5019 2957 5096 insultaremus,
2994 5022 3335 5100 majoreque
3368 5021 3591 5081 honore
3620 5039 3690 5083 ac

2046 5113 2260 5173 timore
2290 5117 2620 5191 terrenum,
2652 5128 2826 5190 quam
2858 5110 3251 5171 immortalem
3282 5126 3482 5189 regem
3512 5109 3688 5174 Chri-

2046 5208 2199 5262 stum
2232 5200 2588 5261 coleremus.
2615 5198 2906 5271 Quocirca
2927 5217 3034 5261 nos
3053 5198 3215 5277 ipsos
3244 5205 3545 5274 excutere,
3580 5216 3689 5260 ex-

2046 5288 2452 5370 aminareque,
2500 5295 2558 5350 et
2585 5288 2658 5349 ad
2694 5288 2850 5350 hunc
2897 5287 3244 5365 magistrum
3287 5285 3533 5366 indigne
3581 5305 3689 5349 co-

2047 5398 2163 5442 nan
2174 5387 2263 5441 tes
2275 5375 2803 5455 ascendere,omni
2821 5377 3049 5439 ratione
3062 5383 3502 5452 evertere,eoru
3511 5392 3689 5457 mque
