4112 6106
403 230 521 297 435
1724 234 2100 301 SYMEONIS
2137 235 2489 300 JUNIOBIS

404 360 670 423 consiliis
699 361 934 424 obviam
962 361 1052 424 ire
1084 381 1159 424 ne
1191 361 1557 438 desinamus,
1591 365 1696 427 sed
1738 381 1844 444 pro
1887 361 2040 424 virili
2064 383 2103 421 Α
2127 369 2849 441 tuum,etcommissarum
2873 368 2979 430 tibi
3003 367 3534 448 ovium,vrlp0lius
3559 374 3795 446 patrum

407 456 608 510 nostra
637 451 900 530 appetitu
935 451 1147 512 rationi
1175 452 1326 513 haud
1351 460 1750 515 consentaneo
1783 471 1886 514 eos
1922 471 2052 532 pro-
2136 465 2192 518 et
2217 458 2464 518 fratrum
2491 465 2719 518 tuorum
2748 458 3088 538 perspicere
3116 457 3359 537 poteris,
3383 455 3537 516 bene
3558 456 3804 516 illosiu-

411 538 620 602 bibere
647 541 1014 622 studeamus,
1050 550 1116 602 ut
1143 549 1202 602 et
1233 541 1392 622 ipsos
1417 543 1799 604 damnatione
1823 543 2048 603 libere-
2138 556 2508 628 Iernoscens,
2533 565 2600 607 ac
2625 565 2728 626 pro
2751 566 2820 607 eo
2843 555 2908 606 ut
2938 546 3110 608 decet
3141 545 3504 622 gubernans.
3524 544 3798 605 Ecclesia

411 647 565 703 mus,
597 637 655 690 et
690 649 798 691 nos
829 633 1001 692 vitam
1034 631 1398 692 securiorem
1428 633 1746 711 agitemus.
2135 636 2318 710 enim,
2363 653 2469 696 seu
2509 642 2836 696 conventus
2867 645 2924 695 et
2950 632 3325 712 congregatio
3352 635 3788 695 monachorum

491 720 674 781 Porro
708 719 808 799 qui
838 718 900 780 in
931 727 1122 780 semet
1172 719 1490 799 diligenter
1522 720 1854 800 inquirens,
1891 718 2052 780 omni
2135 741 2350 802 corpus
2371 723 2666 803 quoddam
2686 730 2793 794 est,
2814 731 2877 782 ut
2898 722 3067 782 audis
3091 741 3158 782 ex
3186 722 3360 783 Paulo
3377 723 3461 772 ὅδ’
3481 721 3555 782 de
3580 719 3790 784 Chris-

410 807 612 884 gloriae
640 808 1235 882 desideriosolutum,
1272 827 1381 871 nec
1405 810 1588 870 ullum
1612 810 1670 870 in
1696 827 1760 870 se
1790 808 2052 888 volupta-
2137 811 2433 874 tianorum
2475 811 2763 891 Ecclesia,
2791 818 2848 871 et
2872 811 3000 890 ejus
3044 818 3219 891 caput
3259 809 3629 890 praepositus.
3660 812 3789 871 Jam

410 897 505 972 tis,
543 906 641 959 aut
671 916 937 978 corporae
966 898 1258 978 cupidatis
1287 899 1598 978 vestigium
1628 897 1876 977 invenit,
1911 915 2049 958 ava-
2136 899 2640 980 quemadmodum
2687 908 2903 960 caetera
2949 899 3220 979 corporis
3252 898 3522 960 membra
3562 898 3800 977 singula

407 985 685 1068 ritiaque,
714 997 772 1049 et
801 987 1218 1050 malevolentia
1249 988 1322 1048 ob
1354 989 1574 1048 illatam
1612 987 1886 1066 injurtam
1923 1003 2053 1065 pur-
2136 1006 2403 1049 seorsum
2429 1007 2592 1049 suam
2621 989 2919 1069 propriam
2943 987 3302 1050 functionem
3330 987 3656 1069 habent,ut
3685 1005 3795 1066 pes

405 1083 630 1158 gatum,
685 1077 941 1157 perfecte
975 1086 1374 1138 mansuetum.
1426 1085 1482 1137 et
1531 1075 1711 1136 irasci
1752 1075 2047 1147 nescium,
2136 1076 2512 1151 ambulandi,
2543 1095 2753 1138 manus
2790 1076 3034 1138 tenendi
3067 1085 3124 1137 et
3149 1076 3458 1156 operandi,
3489 1085 3664 1156 caput
3695 1095 3800 1138 διι-

407 1173 473 1225 ut
506 1165 631 1226 sola
659 1165 961 1227 auditione
1007 1167 1264 1227 nominis
1312 1166 1528 1228 Christi
1576 1167 1706 1246 ejus
1753 1183 1952 1226 amore
1984 1183 2050 1223 ac
2137 1174 2257 1226 tem
2290 1165 2468 1227 totius
2501 1168 2689 1227 instar
2716 1175 2830 1242 cst,
2854 1173 3054 1244 utpote
3083 1166 3141 1226 in
3169 1185 3284 1246 quo
3318 1185 3524 1227 omnes
3557 1184 3798 1236 sensus,

409 1253 710 1316 desiderio
745 1255 1125 1325 accendatur,
1159 1265 1218 1317 et
1249 1257 1520 1337 opleatur
1551 1257 1843 1337 lacrymis,
1879 1255 2052 1315 etin-
2137 1262 2195 1315 et
2232 1273 2425 1335 mens,
2474 1263 2531 1316 et
2581 1255 2729 1316 ratio
2781 1255 2817 1315 h
2840 1254 3089 1331 tbitant;
3137 1253 3222 1315 sic
3253 1261 3310 1315 et
3337 1253 3397 1314 in
3433 1254 3798 1315 monasterio

411 1359 592 1420 super
623 1343 1027 1423 proximorum
1061 1343 1185 1404 vice
1225 1345 1442 1423 lugeat,
1476 1343 1789 1424 alienaque
1841 1342 2055 1404 delicta
2138 1340 2348 1408 fratres
2381 1367 2496 1409 non
2521 1367 2726 1409 omnes
2759 1348 2981 1419 omnia,
3008 1348 3112 1409 sed
3134 1347 3283 1408 alius
3317 1347 3474 1410 aliud
3503 1348 3794 1428 quiddam

408 1447 514 1490 sua
544 1431 816 1507 aestimet,
842 1452 910 1494 ac
943 1452 1006 1494 se
1038 1435 1323 1510 majorem
1368 1433 1646 1493 omnibus
1681 1441 2054 1512 peccatorem
2139 1436 2399 1510 efficere,
2428 1445 2486 1498 et
2523 1437 2582 1498 in
2630 1438 2742 1499 hoc
2783 1437 2871 1497 vel
2919 1437 3020 1498 illo
3074 1437 3412 1499 ministrare
3450 1437 3786 1498 consuevit.

410 1536 480 1580 ex
510 1521 708 1581 animo
739 1531 992 1600 reputet,
1021 1541 1088 1583 ac
1123 1530 1440 1601 postremo,
1487 1523 1533 1582 si
1591 1522 1838 1582 uberem
1869 1525 2056 1586 sancti
2138 1523 2307 1587 Unde
2331 1526 2391 1586 in
2413 1535 2567 1587 ccetu
2596 1525 2704 1586 sub
2742 1525 2916 1587 unius
2941 1525 3288 1587 obedientia
3317 1526 3659 1605 degentium
3694 1526 3788 1587 vix

410 1606 666 1700 Spiritus
695 1610 965 1690 gratiam,
1001 1611 1144 1671 solis
1177 1610 1361 1670 instar
1393 1613 1448 1670 in
1498 1629 1560 1671 se
1605 1609 1946 1678 micantem,
1994 1621 2054 1670 et
2078 1653 2116 1700 Β
2139 1632 2343 1687 unam,
2379 1623 2477 1675 aut
2505 1615 2650 1675 duas
2685 1614 2934 1676 virtutes
2978 1615 3036 1674 in
3083 1616 3292 1676 eodem
3339 1615 3631 1679 invenias.
3660 1619 3787 1679 Nec

408 1696 694 1760 interiora
714 1700 910 1760 cordis
931 1701 1061 1779 ejus
1085 1700 1496 1780 perficientem
1523 1700 1703 1772 videt,
1735 1706 1792 1760 et
1815 1698 1914 1758 ubi
1936 1700 2052 1760 mi-
2078 1696 2109 1700 ”
2139 1703 2381 1779 mirum,
2422 1702 2682 1764 membra
2717 1705 2876 1765 enim
2924 1703 3318 1783 particulatim
3353 1713 3490 1765 sunt
3517 1725 3532 1781 ;
3567 1723 3789 1784 praeses

411 1787 678 1848 raculum
708 1789 768 1848 in
799 1807 862 1849 se
894 1788 1204 1850 manifeste
1245 1789 1576 1869 perpetrari
1610 1789 2048 1859 animadvertit,
2135 1801 2358 1864 autem,
2415 1792 2537 1854 sive
2579 1793 2925 1874 przepositus
2963 1811 3171 1854 omnes
3204 1795 3444 1855 virtutes
3483 1794 3783 1873 poscitur;

409 1883 472 1937 ut
501 1877 702 1938 ardeat
730 1878 969 1959 quidem
1016 1879 1075 1938 in
1126 1899 1214 1947 eo,
1271 1879 1428 1959 quod
1477 1878 1598 1958 igni
1629 1877 2051 1938 inacccssibilii
2137 1899 2248 1943 nec
2280 1881 2470 1942 solum
2505 1881 2633 1942 illus
2675 1901 2806 1962 quas
2836 1881 2895 1941 in
2927 1881 3143 1958 anima,
3179 1883 3284 1943 sed
3336 1881 3509 1942 etiam
3560 1902 3690 1962 qua
3719 1882 3782 1943 in

410 1966 668 2040 uniatur,
705 1986 823 2028 non
857 1975 1050 2029 autem
1087 1968 1488 2042 comburatur,
1523 1968 1582 2028 in
1616 1987 1709 2044 eo,
1737 1967 1893 2047 quod
1922 1967 2054 2046 ejus
2135 1989 2388 2050 corpore
2422 1971 2842 2050 subjuciuntur
2874 1988 2887 2032 :
2945 1978 3002 2030 et
3035 1970 3277 2051 insuper
3308 1990 3441 2032 cum
3473 1971 3788 2032 virtutibus

406 2055 603 2116 anima
635 2057 796 2117 omni
839 2057 1076 2118 turbido
1111 2067 1270 2118 motu
1303 2065 1507 2120 vacet:
1548 2064 1854 2136 prmterea,
1893 2057 1940 2116 si
1969 2057 2053 2116 sic
2138 2059 2266 2138 ipsa
2297 2060 2562 2138 mystica,
2600 2077 2927 2138 magnaque
2977 2059 3358 2120 charismata.
3413 2059 3579 2121 Sicut
3612 2079 3786 2121 nam-

407 2144 777 2223 humiliatur,
804 2155 948 2208 utse
972 2145 1128 2207 haud
1150 2145 1453 2216 idoneum,
1482 2155 1540 2207 et
1569 2145 1898 2224 indignum.
1931 2146 2048 2206 hu-
2137 2166 2250 2227 que
2281 2147 2391 2206 viri
2425 2157 2620 2226 caput,
2649 2147 2722 2207 ab
2747 2158 2985 2208 externa
3015 2147 3504 2223 conformatione,
3528 2148 3788 2210 etdeco-

411 2253 599 2296 manae
630 2244 853 2296 natura;
882 2235 1522 2308 infirmitatemsciens,
1553 2235 1894 2307 arbitretur,
1925 2236 2051 2296 fidit
2134 2236 2410 2316 raspecie
2443 2236 2982 2311 eximiam,honore
3004 2236 3239 2314 dignam
3275 2237 3510 2315 prtefert
3539 2238 3786 2316 elegan-

407 2340 547 2382 vero
577 2341 849 2402 supernae
878 2325 1100 2404 gratim,
1136 2331 1193 2384 et
1221 2323 1556 2404 aptitudini‘,
1592 2341 1765 2403 quam
1797 2324 1896 2383 illa
1927 2323 2046 2385 lar-
2134 2325 2274 2385 tiam
2305 2345 2318 2384 :
2363 2333 2774 2386 verumtamen
2835 2325 2949 2385 nisi
2999 2343 3168 2385 mens
3203 2325 3261 2384 in
3299 2344 3364 2385 eo
3399 2325 3610 2404 vigeat,
3646 2345 3790 2387 sen-

411 2410 588 2490 gitur,
610 2419 668 2471 et
698 2413 906 2474 eadem
935 2413 1015 2473 ita
1047 2413 1382 2492 postulante
1416 2431 1632 2474 munus
1662 2412 1936 2473 alacriter
1957 2432 2050 2474 ca-
2142 2413 2589 2493 susquesalvos,
2609 2413 2944 2492 etintegros
2965 2412 3198 2489 habeat,
3228 2413 3436 2474 inutile
3460 2415 3787 2493 judicatur,

414 2501 616 2579 pessit,
652 2520 891 2563 omnem
937 2502 1252 2564 humanam
1301 2501 1812 2563 ratiocinationem
1853 2505 2054 2580 repct-
2142 2501 2564 2581 sperniturque
2595 2501 2667 2562 ab
2701 2501 2978 2562 omnibus
3015 2523 3026 2560 :
3063 2501 3144 2562 ita
3186 2520 3329 2562 sane
3361 2511 3417 2562 et
3451 2503 3786 2582 praafectus.

412 2588 565 2659 lens,
599 2590 978 2672 animamque
1008 2591 1195 2671 ipsam
1233 2603 1476 2671 propter
1519 2590 1712 2652 solum
1737 2589 1843 2650 Dei
1878 2608 2054 2651 man-
2143 2590 2268 2652 Non
2329 2591 2488 2652 enim
2551 2590 2958 2652 tantummodo
3015 2589 3087 2651 ab
3145 2590 3362 2651 anima)
3414 2599 3472 2651 et
3519 2592 3792 2670 corporis

413 2675 638 2750 datum,
665 2679 1138 2760 charitatemque
1172 2679 1424 2759 proximi
1452 2697 1555 2759 pro
1583 2677 1860 2738 fratribus
1887 2680 2063 2740 morti
2146 2678 2389 2740 dotibus
2419 2680 2621 2740 ornari
2651 2688 2710 2740 ct
2741 2679 2990 2758 fulgere,
3035 2697 3238 2740 verum
3291 2679 3466 2740 etiam
3498 2697 3531 2740 a
3562 2681 3790 2742 charis-

413 2763 671 2844 objectat
700 2785 712 2830 :
752 2768 803 2828 si
828 2769 1074 2848 insuper
1107 2775 1364 2829 mentem
1389 2767 1552 2828 omni
1583 2761 1878 2826 mundana
1895 2767 2061 2845 cogi-
2147 2767 2320 2829 matis
2343 2767 2754 2848 spiritualibus
2777 2769 2906 2848 plus
2926 2768 3226 2829 honestari
3251 2767 3466 2830 debet:
3496 2769 3791 2849 siquidem

413 2855 636 2918 talione
663 2857 991 2920 immunem
1024 2857 1220 2938 habet,
1253 2865 1311 2917 et
1348 2856 1546 2917 lucida
1577 2855 1927 2917 humilitatis
1958 2865 2057 2918 tu-
2085 2931 2116 2938 _
2147 2855 2308 2918 aliud
2369 2871 2454 2916 est
2514 2857 2723 2932 virtus,
2782 2864 2841 2918 et
2881 2855 3040 2917 aliud
3093 2857 3411 2919 charisma.
3459 2856 3789 2919 Virtutibus

415 2942 549 3005 nica
578 2954 892 3026 coopertus
925 2953 1034 3020 est,
1071 2955 1131 3006 ut
1161 2931 1265 3024 ega
1288 2945 1590 3025 adjutores
1621 2962 1759 3004 suos
1791 2962 1900 3004 nec
1925 2963 2056 3004 mo-
2078 2931 2117 2979 (ἶ
2143 2946 2300 3006 enim
2336 2945 2532 3006 studio
2565 2965 2630 3006 ac
2664 2931 2973 3024 diligentia
3017 2956 3220 3006 nostra
3261 2954 3423 3007 recte
3466 2945 3784 3024 fungimur,

415 3031 546 3094 dice
603 3034 919 3110 efficiatur,
977 3036 1081 3096 sed
1147 3035 1273 3116 pari
1335 3034 1618 3107 bonitate,
1675 3033 1953 3109 candore,
2002 3043 2060 3094 et
2142 3042 2201 3094 et
2251 3034 2442 3094 nostri
2490 3052 2572 3096 eae
2622 3033 2924 3095 laboribus
2969 3042 3432 3114 comparantur:
3468 3034 3794 3114 spiritualia

413 3121 754 3185 innocentia
776 3125 974 3187 cordis
995 3125 1118 3185 suis
1140 3125 1200 3184 in
1225 3141 1436 3185 omnes
1455 3131 1579 3197 est;
1607 3141 1716 3184 nec
1756 3130 1894 3183 tunc
1918 3123 2055 3203 qui-
2140 3141 2278 3183 vero
2311 3121 2672 3184 charismata
2701 3122 2860 3183 dona
2887 3131 3024 3184 sunt
3079 3141 3210 3202 quas
3241 3123 3653 3186 certantibusa
3673 3126 3792 3186 Deo

412 3210 550 3272 dem
575 3211 722 3274 citra
760 3213 940 3294 patris
962 3213 1050 3274 sui
1073 3213 1388 3274 consilium
1428 3231 1498 3272 ac
1521 3211 1877 3272 voluntatem
1914 3229 2054 3288 pro-
2141 3210 2380 3273 dantur.
2419 3210 2602 3272 Verbi
2635 3230 2833 3287 causa,
2879 3211 3197 3292 jejunium,
3231 3220 3287 3272 et
3330 3213 3572 3274 castitas
3602 3211 3791 3275 virtu-

413 3298 666 3363 vinciam
698 3302 1002 3382 suscipere
1032 3302 1247 3364 audeat
1283 3323 1296 3364 :
1333 3300 1436 3362 sed
1470 3300 1744 3361 humiliet
1773 3317 1859 3375 se,
1895 3308 1952 3360 et
1984 3319 2054 3362 eo
2142 3315 2230 3367 tes
2263 3307 2421 3376 sunt,
2469 3300 2734 3361 marcida
2785 3301 3002 3361 etenim
3051 3301 3311 3362 reddunt
3350 3301 3701 3382 voluptates,
3737 3309 3796 3362 et

414 3388 570 3451 bene
589 3400 869 3468 precante
892 3392 1257 3472 jubenteque
1294 3390 1350 3450 id
1376 3389 1572 3461 faciat,
1604 3389 2054 3468 praafecturam-
2145 3388 2426 3468 conporis
2458 3387 2742 3449 incendia
2777 3396 3164 3468 compescunt
3196 3409 3211 3448 :
3244 3408 3377 3468 quae
3398 3390 3638 3470 quidem
3671 3407 3802 3451 nos-

414 3498 529 3560 que
569 3479 643 3541 ob
693 3482 877 3542 solom
930 3481 1175 3542 fratrum
1208 3480 1455 3540 salutem
1489 3476 1994 3557 accipiat.Verum
2016 3479 2066 3539 si
2153 3486 2255 3539 traz
2284 3479 2606 3539 voluntatis
2638 3485 2697 3540 et
2728 3481 2811 3538 art
2841 3478 2960 3538 itrii
2988 3496 3171 3559 opera
3200 3493 3354 3539 sunt.
3384 3483 3466 3541 At
3495 3497 3631 3539 vero
3665 3479 3794 3539 sine

415 3577 648 3648 patrem
685 3588 857 3632 suum
889 3569 1254 3651 spiritualem
1288 3568 1560 3648 ejusdem
1609 3565 1850 3647 spiritus
1874 3567 2063 3646 parti-
2149 3567 2494 3641 afflictione,
2547 3586 2614 3628 ac
2661 3566 2864 3628 labore
2915 3567 3019 3627 has
3068 3583 3368 3639 exercere,
3405 3575 3463 3626 et
3492 3567 3561 3625 ad
3611 3566 3794 3627 casti-

413 3661 630 3744 cipem,
669 3671 730 3726 et
762 3664 970 3726 eadem
1028 3664 1372 3743 cognitione
1425 3680 1493 3722 ac
1543 3661 1698 3721 dono
1760 3659 2062 3738 dignatum
2154 3657 2437 3735 moniam,
2470 3656 2916 3736 absolutamque
2968 3653 3483 3744 perturbationum
3531 3654 3794 3715 vacuita-

3671 232 3798 298 436
3867 253 3874 260 ‘

413 3752 598 3832 novit,
626 3761 818 3815 utnon
857 3753 1072 3814 divina;
1111 3751 1398 3813 voluntati
1457 3748 1778 3829 contraria,
1823 3748 1924 3809 sed
1967 3767 2066 3809 se-

418 3841 679 3902 cundum
712 3844 904 3923 ipsum
947 3841 1169 3903 donum
1207 3850 1260 3903 et
1297 3857 1639 3902 mansuram
1687 3838 1956 3917 loquatur
1987 3836 2065 3914 ei,

416 3949 549 4011 quae
581 3930 700 3992 Deo
733 3932 988 4012 placent,
1017 3940 1075 3992 et
1118 3931 1251 4010 ejus
1283 3929 1499 3991 anima;
1549 3926 1905 3997 conducant,
1953 3946 2068 4007 quo

416 4039 534 4081 non
569 4024 714 4095 Deo,
737 4023 840 4083 sed
866 4021 1095 4084 homini
1120 4020 1410 4082 obediens
1434 4017 1867 4096 inveniatur,et
1885 4016 2070 4094 gloria

417 4110 753 4191 collatoque
779 4111 895 4172 sibi
938 4113 1095 4174 dono
1142 4117 1414 4171 exuatur.
1451 4107 1510 4169 Si
1552 4109 1710 4168 enim
1738 4105 2069 4185 adjutorem

421 4199 1124 4281 bonum,etspiritualem
1143 4195 1858 4267 consiliaruminvenerit,
1889 4195 2072 4256 tutius

417 4289 569 4350 istuc
592 4309 806 4350 munus
826 4289 1254 4370 auspicabitur,
1276 4297 1332 4349 et
1355 4286 1640 4348 humilius
1654 4285 1727 4346 de
1749 4303 1812 4345 se
1830 4284 2065 4344 sentiet.

416 4376 554 4438 Haec
582 4377 779 4456 itaque
809 4378 1010 4438 omnia
1042 4385 1103 4439 et
1134 4377 1226 4437 his
1278 4377 1445 4456 plura
1493 4373 1540 4434 si
1591 4373 1799 4433 videns
1830 4372 2066 4445 viderit,

416 4483 556 4527 vere
587 4465 872 4539 inveniet,
903 4475 956 4527 et
991 4483 1096 4546 per
1115 4464 1379 4545 seipsum
1419 4470 1758 4542 cognoscet,
1795 4460 1913 4521 imo
1933 4479 2069 4521 vero

423 4573 459 4616 a
482 4552 620 4616 Sole
644 4553 889 4633 justitiae
919 4553 1130 4626 discet,
1165 4553 1213 4613 si
1243 4552 1395 4613 forte
1427 4551 1605 4612 etiam
1636 4552 1694 4611 in
1728 4551 1912 4612 solem
1955 4549 2069 4610 ali-

421 4643 658 4725 quando
689 4643 894 4704 oculos
923 4641 1195 4704 intendit.
1226 4641 1392 4714 Quod
1443 4638 1493 4699 si
1541 4658 1672 4719 qua;
1701 4646 2066 4717 prwtextun-

423 4738 520 4793 tur
551 4731 689 4793 talia
718 4741 777 4792 et
807 4739 923 4791 tam
955 4730 1221 4792 difficilia
1251 4739 1407 4804 sunt,
1445 4746 1558 4789 nec
1581 4726 1751 4787 facile
1779 4735 1867 4786 est
1896 4727 2070 4788 intel-

419 4821 626 4900 ligere,
675 4819 972 4902 quomodo
1033 4819 1357 4880 secundum
1419 4817 1570 4879 Dum
1631 4815 1792 4888 fiant,
1817 4815 2066 4894 {quanto

419 4911 659 4974 tandem
714 4909 1020 4990 operosior
1067 4910 1178 4969 erit
1228 4907 1314 4969 rei
1371 4907 1560 4988 ipsius
1618 4903 1950 4984 aggressio,
2013 4910 2071 4964 et

419 4999 875 5074 administratio,
893 5005 952 5058 et
967 4999 1037 5060 ad
1062 4996 1416 5058 tentationes
1437 4993 1809 5056 suﬂ‘erendas
1841 4992 2069 5071 patien-

422 5089 526 5166 tia,
547 5089 684 5151 etin
710 5089 882 5152 bellis
903 5085 1240 5149 istiusmodi
1272 5084 1660 5147 subtilissima
1698 5081 2064 5161 dijudicatio.

499 5177 715 5259 Quare,
750 5186 916 5258 pater
962 5175 1287 5258 spiritualis
1320 5174 1498 5236 etiam
1535 5179 1710 5252 atque
1756 5169 1930 5231 etiam
1967 5189 2070 5231 cor

2157 3753 2274 3805 tem
2300 3745 2634 3826 pervenire,
2667 3746 2776 3806 hoc
2808 3745 3026 3804 donum
3056 3742 3182 3817 Dei,
3213 3751 3269 3802 et
3299 3741 3596 3802 charisma
3627 3761 3788 3802 sum-

2155 3853 2313 3894 mum
2348 3842 2456 3896 est.
2491 3833 2770 3907 Rursum,
2812 3832 2934 3908 irae,
2979 3840 3034 3892 et
3065 3830 3572 3892 excandescentia.1
3603 3832 3797 3912 impe-

2153 3941 2309 3997 rare,
2342 3922 2538 4002 magni
2579 3922 2926 3983 certaminis
2977 3926 3086 3993 est,
3139 3919 3477 3999 laborisque
3511 3939 3628 3980 non
3662 3939 3794 3982 me-

2154 4011 2394 4072 diocris.
2429 4011 2511 4072 Eo
2532 4019 2727 4071 autem
2755 4010 2979 4090 venire,
3008 4018 3068 4071 ut
3089 4009 3161 4070 ab
3190 4010 3284 4070 his
3307 4017 3529 4070 motum
3559 4009 3786 4070 nullum

2153 4099 2394 4176 sentias,
2457 4108 2515 4160 et
2554 4099 2752 4161 cordis
2796 4099 3308 4179 tranquillitatem,
3343 4099 3787 4180 perfectamque

2156 4189 2673 4250 mansuetudinem
2725 4187 3058 4268 possideas,
3119 4188 3303 4249 solius
3362 4187 3469 4248 Dei
3525 4207 3699 4268 opus,
3745 4195 3802 4249 et

2153 4279 2309 4340 illius
2339 4281 2558 4340 dextrae
2612 4279 2854 4340 mutatio
2886 4287 2974 4339 est
3000 4279 3084 4340 36.
3133 4280 3417 4357 Rursum,
3454 4279 3800 4358 dispergere

2153 4387 2221 4429 ac
2253 4369 2616 4430 distribuere
2646 4368 2950 4428 facaltates
2981 4386 3190 4428 omnes
3224 4367 3605 4447 pauperibus,
3636 4387 3801 4429 men-

2151 4459 2472 4540 dicumque
2517 4457 2668 4533 fieri,
2702 4466 2760 4518 et
2789 4457 3005 4536 stipem
3038 4475 3271 4533 cogere,
3316 4455 3499 4515 nostri
3533 4465 3621 4515 est
3653 4475 3796 4534 pro-

2153 4547 2328 4628 positi
2352 4563 2530 4628 atque
2565 4546 2818 4608 consilii.
2845 4545 2961 4605 Sed
2993 4543 3142 4604 nihil
3173 4541 3624 4621 concupiscere,
3652 4544 3798 4622 quin

2151 4656 2286 4699 cum
2330 4637 2544 4717 gaudio
2592 4643 2650 4696 et
2691 4633 2990 4713 voluptate
3037 4630 3436 4692 mendicitatis
3475 4631 3797 4695 durissima

2153 4727 2416 4804 perferre
2463 4722 2865 4797 incommoda,
2903 4719 3149 4800 mystica
3177 4719 3471 4800 quaedam,
3507 4729 3564 4780 et
3594 4719 3794 4783 divina

2151 4815 2414 4895 operatio
2449 4821 2557 4875 est.
2604 4811 2702 4875 Sic
2739 4808 3018 4891 quaelibet
3045 4807 3200 4870 actio
3232 4808 3386 4869 bona
3425 4818 3484 4871 et
3515 4811 3792 4886 honesta,

2151 4905 2478 4965 secundum
2505 4901 2608 4966 Dei
2631 4901 2822 4980 legem
2866 4897 3360 4979 suscepta,virtus
3394 4897 3635 4960 dicitur.
3670 4904 3792 4960 Ta-

2153 5011 2289 5054 men
2345 4993 2499 5054 sicut
2545 4991 2803 5072 agricola
2855 4988 3046 5049 solum
3100 4987 3346 5062 arando,
3397 4987 3700 5063 fodiendo,
3735 5001 3799 5050 et

2152 5081 2380 5142 semina
2411 5082 2587 5141 homo
2619 5079 2928 5141 obruendo
2952 5076 3204 5150 laborat,
3232 5075 3339 5136 Dei
3361 5083 3556 5137 autem
3583 5096 3797 5138 munus

2153 5177 2262 5246 est,
2295 5176 2358 5232 ut
2380 5169 2590 5230 eadem
2623 5169 2850 5230 semina
2877 5165 3418 5247 comprehendant,
3443 5173 3502 5225 et
3541 5165 3792 5229 fructum

423 5253 1639 5347 tuuminspecta,oculumanimituimagis
1659 5259 2060 5340 semperlava,
2148 5259 2337 5320 ferant
2384 5261 2734 5320 matutinum
2789 5276 2857 5318 ac
2898 5255 3225 5347 serotinum
3262 5253 3477 5347 :_ita_e_t
3510 5254 3568 5314 in
3611 5255 3799 5334 spiri-

418 5342 752 5438 purumqu'e
783 5365 840 5419 et
869 5355 1156 5417 mundum
1187 5370 1497 5427 conserva,
1525 5367 1632 5432 per
1663 5367 1841 5430 quem
1875 5357 1932 5410 et
1955 5367 2063 5409 cor
2147 5348 2401 5411 tualibus
2427 5347 2673 5409 omnino
2700 5344 3019 5408 usuvenire
3047 5342 3688 5426 comperiesNostrum
3709 5350 3801 5404 est

499 5524 554 5600 Q5
580 5523 757 5590 Rom.
781 5543 886 5602 xu,
921 5525 957 5590 4
988 5541 1158 5607 seqq.
1241 5523 1297 5568 ³6
1324 5520 1477 5585 Psal.
1509 5536 1715 5595 Lxxvi,
1748 5518 1848 5581 lt.
