4112 6106
348 221 470 288 439
1647 223 1972 286 SYMEON]

2110 223 2424 286 UNIORIS
3616 221 3730 286 440

351 356 467 418 tico
497 356 633 431 (hoc
666 364 778 436 est,
802 353 1266 419 solemnioribus
1297 354 1533 415 Domini
1565 354 1737 415 festis
1759 371 1865 434 per
1885 371 1996 414 an-
2018 361 2058 408 Α
2083 353 2238 432 piam
2262 358 2473 420 afﬁxus
2493 377 2577 431 es,
2603 368 2659 420 et
2675 359 2898 439 idcirco
2934 360 3294 421 horrendum
3315 362 3418 423 Dei
3436 358 3724 440 judicium

350 445 580 526 num)a
608 444 852 506 cellario
885 443 1288 505 communiter
1311 442 1689 523 paretur.Ubi
1720 443 1864 503 nihil
1891 461 1998 502 ex-
2085 466 2203 508 non
2253 447 2516 526 effugias.
2560 446 2716 510 Scito
2759 448 2916 509 enim
2954 450 3278 530 unicuique
3313 448 3514 510 talium
3549 447 3622 508 ab
3657 445 3729 505 iis

351 538 717 616 sistit,quod
745 538 961 600 animae
985 537 1315 617 periculum
1352 537 1582 609 afferat,
1615 535 1853 597 cavebis
1886 536 1994 611 ira,
2082 538 2184 615 qui
2228 544 2615 617 spectatores,
2683 546 2740 600 et
2787 537 3064 618 discipuli
3113 539 3409 600 sermonis
3466 538 3723 604 fuerunt,

351 636 410 690 et
438 628 698 690 clamore
727 635 933 689 contra
961 627 1171 688 fratres
1201 644 1268 686 ac
1301 625 1453 686 ﬁlios
1485 634 1615 686 tuos
1648 625 1993 702 insurgere;
2081 618 2272 686 locum
2303 627 2755 688 convenientem
2783 628 2988 706 (9),ac
3011 628 3146 707 jure
3178 627 3539 689 destinatum
3571 642 3724 698 esse,

350 716 456 779 sed
490 715 617 777 miti
639 734 915 778 sermone
938 714 1276 794 etalloquio
1299 712 1543 775 docebis
1565 712 1995 794 eos,quomodo
2079 732 2327 793 quorum
2380 714 2727 789 canonibus,
2774 716 3418 796 constitutionibusque
3461 712 3729 794 legendis

350 823 837 886 unumquemque
886 804 1215 878 ambulare,
1265 811 1323 864 et
1380 803 1440 864 in
1500 804 1696 864 medio
1748 802 1995 863 fratrum
2078 801 2427 863 incumbere
2459 804 2795 865 necessario
2829 804 3013 866 debes
3061 812 3125 866 ut
3177 825 3253 866 ne
3301 805 3566 884 ignores,
3598 819 3726 884 quae

351 897 686 958 conversari
719 895 946 958 deceat.
978 894 1278 969 Juniores,
1299 900 1355 954 et
1387 893 1653 954 nondum
1676 893 1994 953 conﬁrma-
2081 891 2449 953 credentium
2483 891 2544 952 in
2576 893 2876 955 Christum
2910 892 3257 955 abscondita
3277 895 3396 955 sint
3423 891 3722 974 mysteria,

352 991 444 1045 tos
490 983 762 1045 monebis
810 1002 1057 1064 parcere
1090 983 1203 1044 sibi
1237 982 1404 1063 ipsis,
1443 989 1498 1042 et
1531 981 1663 1042 aliis
1692 980 1995 1053 fratribus,
2084 988 2234 1041 etne
2267 998 2501 1060 pecces,
2537 980 2676 1042 dum
2717 982 2920 1063 pietati
2953 1000 3092 1061 erga
3124 981 3306 1044 Deum
3341 999 3545 1063 parum
3579 998 3727 1041 con-

353 1093 428 1135 ne
467 1073 895 1154 aspicientibus
935 1074 1198 1147 incessu,
1240 1071 1651 1150 moribusque,
1687 1087 1755 1130 ac
1785 1068 1999 1130 studiis
2085 1079 2369 1130 sentanea
2398 1069 2575 1148 geris.
2627 1071 2974 1150 Spirituales
3024 1071 3179 1132 ﬁlios
3230 1082 3361 1132 tuos
3393 1069 3723 1132 secundum

351 1162 764 1244 incompositis
786 1162 1146 1224 offendicqu
1170 1160 1427 1232 sint.Qui
1456 1161 1516 1221 in
1543 1167 1693 1220 statu
1723 1158 2000 1234 religioso
2085 1157 2421 1238 Scripturas
2448 1160 2742 1237 religiosis
2768 1160 2974 1235 redde,
3012 1179 3234 1241 eosque
3259 1179 3294 1222 a
3316 1159 3499 1221 sacris
3529 1165 3591 1220 et
3627 1158 3724 1218 di-

355 1253 579 1315 diutius
608 1253 902 1327 vixerunt,
941 1273 1043 1315 eos
1074 1254 1354 1332 prudenti
1389 1252 1658 1312 oratione
1682 1250 1752 1310 ad
1781 1251 2004 1328 patien-
2086 1248 2241 1309 vinis
2273 1249 2436 1320 locis,
2470 1249 2644 1310 simul
2679 1259 2736 1311 et
2767 1249 2924 1312 vasis
2955 1251 3161 1332 templi
3193 1249 3296 1312 Dei
3344 1247 3721 1319 sanctiﬁcati,

352 1345 490 1404 tiam
515 1341 866 1404 tetationum
897 1341 970 1404 ab
1002 1340 1247 1402 inimico
1279 1339 1856 1420 supervenientium,
1887 1339 2001 1398 hu-
2086 1345 2145 1398 et.
2165 1336 2621 1416 ministeriiejus
2635 1337 3096 1401 abstineredoce
3125 1338 3419 1419 siquidem
3437 1337 3721 1417 scriptum

354 1431 688 1505 militatem,
721 1431 1139 1492 contritionem
1193 1430 1413 1507 cordis,
1444 1427 1996 1508 compunctionem,
2087 1433 2210 1486 est:
2243 1426 3056 1508 Beatushomo,quisemper
3079 1435 3169 1490 est
3181 1425 3521 1508 pavidus”,
3544 1443 3727 1506 quan-

353 1519 1548 1600 lacrymas,diligentiam,persolutionem
1564 1516 1993 1598 precationum,
2085 1515 2405 1594 doquidem
2426 1515 2571 1576 solis
2592 1517 2978 1590 consecratis,
3012 1523 3070 1577 et
3089 1519 3188 1597 qui
3209 1536 3279 1578 ex
3301 1513 3724 1578 certaminibus

353 1608 590 1671 beatum
615 1607 863 1681 luctum,
885 1616 943 1669 et
963 1607 1037 1668 ad
1061 1607 1237 1668 verbo
1264 1624 1562 1686 opereque
1589 1605 1820 1666 caeteris
1843 1623 2002 1665 com-
2021 1681 2056 1687 _
2083 1622 2151 1665 ac
2184 1605 2526 1684 poenitentia
2556 1625 2660 1686 per
2690 1608 2974 1685 lacrymas
2999 1607 3212 1668 multas
3239 1605 3492 1687 purgati,
3517 1607 3724 1665 imma-

354 1696 716 1759 modandum
745 1696 1007 1757 erudies.
1043 1681 1396 1758 Sacerdotes
1425 1681 1704 1774 pietatem
1731 1693 1995 1768 docebis,
2021 1681 2060 1729 Β
2085 1681 2537 1774 culatorumque
2550 1681 2764 1757 Christi
2785 1681 3195 1774 mysteriorum
3231 1681 3543 1775 participes
3561 1703 3722 1768 sunt,

355 1786 641 1868 quietem,
670 1785 1006 1845 divinarum
1045 1783 1493 1863 Scripturarum
1526 1783 1996 1856 meditationem,
2083 1782 2484 1862 sanctiﬁcatis,
2511 1792 2568 1844 et
2588 1783 3056 1862 religiosissimis
3089 1788 3512 1846 monachorum
3541 1783 3720 1844 mini-

353 1881 688 1936 accuratam
719 1874 1178 1955 apostolicorum
1224 1891 1544 1944 canonum,
1579 1871 1999 1932 traditionum-
2082 1873 2326 1934 sterium
2361 1873 2590 1948 talium,
2622 1881 2684 1935 et
2715 1873 3472 1948 contrectatioaPatribus,
3509 1881 3568 1934 et
3587 1892 3725 1952 apo-

355 1983 472 2044 que
521 1963 856 2036 scientiam,
914 1963 1252 2042 dogmatum
1317 1961 1745 2036 sinceritatem,
1804 1961 2001 2022 cordis
2083 1964 2249 2025 stolis
2281 1964 2474 2025 dicata
2509 1973 2618 2027 est.
2653 1964 2780 2026 Non
2812 1965 3112 2046 omnibus,
3146 1976 3204 2028 et
3247 1966 3462 2046 cuique
3504 1965 3726 2026 volenti

355 2052 694 2134 puritatem,
728 2051 790 2113 in
824 2051 1106 2130 precibus
1155 2050 1553 2112 constantiam
1586 2058 1640 2110 et
1673 2067 1998 2127 compunc-
2082 2053 2415 2130 ingressum
2466 2053 2650 2115 divini
2699 2053 3086 2128 tabernaculi,
3135 2056 3237 2116 sed
3287 2057 3534 2115 sacratis
3567 2055 3723 2115 dun-

353 2143 601 2216 tionem,
649 2143 708 2203 in
740 2141 956 2203 timore
987 2150 1045 2202 et
1075 2150 1336 2204 tremore
1370 2158 1402 2200 a
1430 2139 1535 2200 Dei
1567 2140 1776 2200 solium
1810 2139 1998 2200 assis-
2086 2151 2259 2216 taxat,
2296 2151 2357 2203 ut
2389 2143 2612 2204 dictum
2655 2151 2767 2216 est,
2805 2154 2860 2204 et
2891 2143 3292 2218 sanctiﬁcatis,
3335 2144 3721 2222 religiosissi-

356 2232 625 2307 tentiam,
653 2230 930 2292 sacriﬁcii
972 2230 1342 2310 mysterium,
1378 2228 1799 2290 revelationem
1844 2247 2002 2308 mys-
2087 2231 2314 2310 misque
2351 2232 2654 2306 fratribus,
2698 2243 2756 2294 et
2787 2233 3051 2313 patribus
3082 2233 3198 2294 tuis
3224 2233 3570 2314 permittite.
3603 2233 3723 2294 Re-

358 2320 644 2384 teriorum
689 2319 829 2393 Dei,
889 2319 1168 2400 quoniam
1228 2317 1556 2380 secundum
1611 2316 1848 2380 Domini
1895 2336 2002 2377 vo-
2089 2320 2290 2400 liquis,
2321 2329 2378 2381 et
2423 2321 2755 2382 inordinate
2795 2322 3231 2383 ambulantibus
3266 2323 3422 2404 (vide
3452 2321 3592 2402 quid
3624 2322 3728 2383 tibi

355 2428 486 2471 cem
508 2409 589 2485 41,
614 2408 761 2488 ipsis
787 2408 985 2469 datum
1009 2416 1098 2468 est
1118 2426 1294 2469 nosse
1315 2410 1656 2486 mysterium
1680 2405 1848 2484 regni
1873 2405 1999 2482 Dei,
2088 2409 2337 2488 dicatur)
2373 2409 2564 2490 ipsum
2600 2410 2861 2472 claudes.
2887 2411 3050 2473 Multi
3075 2412 3316 2491 quippe,
3343 2411 3488 2472 mihi
3518 2411 3720 2487 crede,

356 2505 422 2559 ut
444 2498 546 2559 toti
579 2496 826 2558 fratrum
880 2497 1270 2572 multitudini,
1303 2505 1361 2557 et
1401 2496 1697 2556 extraneis
1741 2495 2004 2555 divinant
2089 2505 2330 2578 propter
2359 2508 2761 2578 contemptum
2819 2499 3120 2561 itiusmodi
3150 2519 3353 2561 rerum
3383 2518 3414 2560 e
3437 2500 3550 2559 vita
3568 2518 3722 2580 pra;-

357 2588 471 2662 sal,
499 2593 558 2648 et
595 2587 822 2656 lumen,
851 2585 1095 2646 verbum
1128 2585 1258 2646 vitae
1278 2585 1338 2645 in
1387 2584 1600 2666 seipsis
1630 2585 2006 2646 continentes
2089 2587 2242 2649 senti
2288 2587 2590 2649 tolluntur.
2625 2587 2694 2648 Et
2727 2588 2922 2668 plane,
2957 2589 3007 2648 si
3036 2589 3149 2649 hoc
3196 2596 3556 2669 praeceptum
3588 2589 3723 2649 vili-

358 2675 522 2737 ﬁant.
558 2674 726 2746 Quod
772 2675 822 2736 si
875 2675 1052 2735 etiam
1079 2682 1285 2735 contra
1318 2673 1712 2754 turbulentos,
1745 2685 1807 2734 et
1836 2674 2006 2734 inor-
2092 2675 2395 2756 pentleris,
2428 2677 2668 2754 sanguis
2698 2677 2772 2737 de
2803 2677 2911 2738 hac
2942 2678 3058 2740 vita
3088 2676 3456 2739 sublatorum
3489 2678 3562 2738 de
3595 2696 3721 2738 ma-

355 2764 592 2826 dinatos
618 2763 936 2844 aliquando
965 2772 1018 2825 te
1042 2764 1100 2824 in
1127 2763 1289 2842 virga
1319 2771 1376 2824 et
1397 2763 1606 2824 baculo
1628 2783 1762 2824 cum
1781 2763 2009 2823 ratione
2091 2764 2265 2825 nibus
2297 2764 2410 2824 tuis
2442 2764 2776 2844 requiretur
2801 2765 2908 2827 43*.

356 2853 541 2914 irasci
573 2863 827 2933 oportet,
891 2866 954 2914 ut
1014 2853 1234 2914 malum
1291 2851 1527 2932 aliquod
1579 2851 1919 2932 prohibeas,
1954 2858 2012 2912 et
2171 2853 2308 2914 Haec
2336 2861 2493 2926 sunt,
2520 2862 2578 2914 et
2609 2853 2775 2933 plura
2803 2854 2918 2934 his,
2955 2875 2987 2916 o
3021 2862 3220 2936 pastor
3249 2855 3440 2916 ovium
3474 2853 3715 2925 Christi,

357 2941 702 3023 pestiferam
762 2941 921 3003 inter
981 2960 1084 3002 eos
1141 2940 1334 3002 labem
1387 2945 1707 3021 reprimas,
1739 2960 1814 3000 ne
1862 2958 2010 3019 opus
2028 2995 2067 3044 C
2092 2962 2222 3022 quae
2251 2943 2322 3004 ad
2355 2945 2550 3022 gregis
2569 2943 2657 3004 tui
2679 2944 3008 3004 custodiam
3048 2945 3309 3024 perfecte
3327 2945 3497 3014 scire,
3525 2952 3580 3005 et
3601 2951 3718 3003 stu-

356 3035 600 3110 malum,
626 3042 684 3096 et
704 3035 919 3096 affectu
947 3034 1270 3095 vitiosnsin
1289 3033 1548 3095 deterius
1567 3041 1785 3113 serpat,
1813 3051 2009 3114 neque
2030 3031 2067 3044 ν
2093 3032 2265 3092 diose
2293 3031 2487 3093 facere
2518 3031 2725 3094 debes.
2759 3033 3016 3095 Proinde
3046 3036 3096 3095 si
3123 3035 3302 3109 nosti,
3334 3044 3386 3095 te
3407 3033 3476 3094 ad
3501 3041 3717 3095 tantam

357 3122 510 3184 istuc
539 3122 882 3203 apostolicis
913 3122 1470 3195 Constitutionibus,
1508 3129 1567 3184 et
1595 3121 1810 3182 divinis
1831 3122 2012 3184 l’atri-
2093 3121 2505 3183 sufﬁcientiam
2541 3140 2944 3204 progressum,
2971 3132 3249 3205 tantaque
3270 3124 3621 3186 charismata
3642 3125 3724 3184 fc-

357 3211 470 3272 bus
499 3210 758 3273 alienum
784 3211 1113 3289 judicatur.
1141 3209 1350 3274 Omnis
1385 3211 1682 3291 siquidem
1716 3209 1919 3284 motio,
1955 3219 2012 3272 et
2095 3210 2287 3272 liciter
2333 3210 2636 3291 adeptum,
2689 3229 2757 3272 ex
2807 3213 2932 3273 solo
2993 3213 3266 3276 elucente
3315 3232 3384 3275 ex
3417 3223 3473 3275 te
3504 3213 3728 3274 lumine

355 3298 507 3360 actio
567 3307 792 3374 nostra,
850 3317 982 3379 quae
1035 3299 1477 3380 improbitatem
1543 3300 1892 3379 compescit,
1943 3318 2012 3361 ac
2095 3299 2382 3361 bonorum
2416 3318 2688 3380 operum,
2724 3307 2779 3361 et
2810 3300 3024 3363 divinae
3052 3303 3354 3382 sapientia:
3384 3321 3452 3364 ac
3483 3303 3725 3378 notitiae,

357 3388 1018 3468 persequitur,justitize
1037 3396 1234 3450 autem
1252 3407 1321 3450 ac
1346 3388 1568 3465 virtuti,
1587 3387 2006 3467 patrocinatur,
2094 3389 2166 3450 ad
2198 3388 2650 3450 illuminandum
2686 3409 2895 3452 omnes
2925 3391 3294 3452 familiariter
3343 3397 3628 3452 adeuntes
3657 3392 3725 3452 ad

354 3474 677 3538 laudabilis
710 3486 822 3553 est,
872 3487 931 3539 et
961 3479 1084 3540 Deo
1125 3478 1338 3558 placet,
1382 3476 1680 3556 justisque
1731 3476 2012 3538 omnibus
2094 3487 2151 3538 te
2185 3487 2335 3548 tuos,
2373 3477 2718 3557 alienosque
2767 3487 2822 3539 et
2871 3498 3015 3558 rege
3067 3481 3321 3541 ﬁdenter
3348 3499 3484 3541 oves
3515 3479 3730 3541 Christi

357 3567 648 3645 probatur
699 3567 974 3629 maxime.
1031 3567 1228 3632 Testis
1274 3567 1448 3631 Jesus
1498 3566 1601 3646 qui
1632 3575 2011 3626 contumaces
2095 3565 2308 3628 scienti
2332 3585 2611 3628 sermone
2643 3567 2856 3628 collate
2888 3569 2990 3628 tibi
3031 3570 3230 3646 gratiae
3261 3577 3320 3630 et
3345 3568 3576 3629 actione
3605 3567 3723 3626 vir-

352 3654 592 3716 Judaeos
635 3675 707 3717 ex
757 3655 934 3717 domo
966 3654 1257 3718 orationis
1305 3656 1549 3717 domum
1595 3654 2011 3732 negotiationis
2094 3655 2232 3716 tutis
2257 3657 2582 3718 secundum
2622 3657 2860 3716 modum
2892 3665 2948 3716 et
2973 3657 3159 3734 legem
3193 3655 3294 3717 tibi
3340 3655 3500 3735 prius
3528 3655 3719 3715 datam

357 3742 666 3817 facientes,
704 3745 938 3823 ﬂagello
975 3745 1292 3826 percussit,
1324 3752 1384 3806 et
1414 3761 1650 3806 mensas
1682 3745 2012 3804 nummula-
2095 3747 2382 3823 desuper;
2416 3757 2475 3806 et
2504 3761 2681 3824 pasce
2713 3745 3032 3824 agnosejus
3064 3748 3120 3803 in
3143 3743 3378 3824 pascuis
3407 3743 3725 3804 salutiferis

361 3831 588 3894 riorum
625 3833 944 3895 evertit”.
979 3833 1063 3894 Ne
1085 3834 1264 3911 igitur
1304 3841 1630 3914 praetexens
1663 3839 2004 3892 mansuetu-
2094 3834 2506 3896 mandotorum
2537 3832 2716 3912 illius,
2752 3833 2942 3894 donec
2972 3841 3263 3905 crescant,
3294 3841 3353 3895 et
3386 3833 3442 3893 iu
3477 3851 3723 3893 mensu-

360 3921 588 3996 dinem,
626 3933 870 4005 propter
898 3926 1084 3987 solam
1105 3923 1340 3986 laudem
1363 3925 1678 3985 humanam
1705 3921 2003 3983 modicum
2088 3943 2214 3985 ram
2237 3923 2422 3985 aetatis
2452 3923 2841 4002 plenitudinis
2863 3923 3078 3987 Christi
3099 3925 3478 3998 occurantM,
3505 3933 3562 3983 et
3584 3922 3725 3983 inde

357 4013 666 4093 quidpiam
693 4023 906 4094 praeter
928 4015 1030 4076 Dei
1064 4013 1407 4076 mandatum
1433 4012 1758 4076 admissum
1780 4010 1849 4072 ad
1876 4010 2006 4071 sub-
2092 4014 2395 4091 praemium
2428 4029 2814 4092 consequere,
2851 4012 3084 4092 quando
3116 4032 3247 4072 cum
3279 4011 3557 4092 apostolis
3580 4031 3729 4072 con-

357 4101 696 4162 versionem
721 4105 1180 4182 apostolicorum
1212 4120 1531 4176 canonum,
1562 4112 1622 4162 et
1643 4099 2010 4161 constitutio-
2092 4098 2317 4161 sidebis
2350 4107 2407 4158 et
2430 4097 2666 4160 habitis.
2703 4097 2800 4160 Sin
2835 4101 3056 4174 minus,
3090 4100 3246 4179 apud
3282 4111 3338 4162 te
3375 4101 3569 4181 ipsum
3623 4119 3727 4180 [a-

361 4210 524 4265 num,
578 4195 1117 4275 contumeliamque
1160 4195 1290 4255 vitae
1322 4193 1696 4270 evangelicae,
1735 4198 1790 4251 et
1823 4198 2072 4287 statusD
2096 4188 2234 4260 vita,
2270 4187 2318 4287 si
2349 4187 2488 4287 quid
2535 4187 2682 4247 mihi
2712 4189 2909 4249 credis
2949 4187 3022 4249 de
3053 4190 3240 4250 salute
3288 4199 3385 4251 tua
3422 4190 3675 4252 sollicito
3711 4211 3725 4251 :

360 4280 674 4342 monastici
721 4283 1099 4361 neglexeris;
1155 4285 1259 4344 sed
1316 4285 1518 4343 Jesum
1571 4299 1640 4340 ac
1689 4276 2391 4356 Dominum"siquidem
2440 4276 2596 4338 Deus
2639 4286 2841 4339 noster
2883 4278 3036 4357 ignis
3087 4298 3445 4340 consumens
3503 4289 3591 4340 est
3646 4281 3728 4354 45,

361 4375 528 4428 tuum
562 4368 848 4447 imitatus,
875 4371 1226 4450 infremens,
1261 4390 1329 4432 ac
1356 4371 1608 4451 teipsunt
1637 4368 1768 4430 sine
1807 4365 2008 4428 turba-
2092 4385 2270 4447 quem
2319 4365 2492 4427 decet
2541 4367 2734 4427 omnis
2785 4367 2997 4446 gloria,
3053 4368 3244 4428 honor
3289 4377 3345 4429 et
3373 4369 3638 4430 adorat-io
3670 4368 3728 4429 in

360 4455 521 4517 tione
555 4455 818 4533 turbans,
871 4461 1146 4522 mandata
1183 4460 1310 4534 Dei,
1352 4468 1413 4521 et
1456 4475 1716 4520 canones
1765 4455 1837 4516 ab
1884 4456 2011 4533 ejus
2093 4457 2324 4518 smonla.
2360 4457 2578 4518 Amen.

360 4545 647 4625 apostolis
675 4549 1053 4628 prmscriptus
1078 4549 1390 4610 ulciscere.
1417 4550 1558 4610 Cum
1585 4544 1860 4606 omnibus
1883 4543 2011 4604 istis
2669 4543 2938 4628 ORATiO
2994 4545 3167 4608 XXV.

366 4632 544 4694 etiam
575 4635 865 4715 cujusque
916 4627 1305 4716 Cogitationes
1349 4636 1666 4715 diligenter
1695 4633 2005 4712 investiga,
2705 4627 3134 4688 ARGUMENTL’M.

303 4791 314 4805 ,
362 4728 428 4782 ut
457 4721 646 4795 noris,
680 4723 784 4803 qui
810 4742 878 4785 ex
903 4725 1049 4804 ipsis
1080 4726 1151 4786 ad
1187 4723 1720 4806 comprecantium,
1756 4736 1813 4783 et
1847 4741 1927 4783 σοι

2109 4721 2173 4777 De
2208 4718 2711 4806 primordiis-.1)in
2750 4719 3056 4802 _udmodum
3103 4719 3397 4806 frugiferis
3428 4736 3492 4774 ac
3519 4721 3733 4806 saluta-

365 4790 796 4874 municantium
824 4790 1040 4876 cretum
1066 4790 1443 4894 admittendi,
1467 4821 1524 4874 et
1546 4812 1763 4893 quibus
1784 4830 1987 4874 excom

368 4899 773 4932 Μηηζηηιζηηη
797 4921 860 4932 η-
887 4903 1225 4932 κη..-ει,...ιζ,.
1254 4922 1383 4932 -..κη
1409 4902 1682 4932 1.......ηνιεη
1732 4900 1983 4932 ρθηΙζΛηΛ

2163 4790 2342 4850 ribus.
2396 4806 2502 4861 pro
2543 4790 2612 4847 iis
2663 4792 2760 4862 qui
2815 4807 2981 4861 nuper
3027 4790 3266 4852 mundo,
3323 4795 3372 4846 et
3433 4793 3733 4850 mundanis

2166 4863 2579 4926 renuntiantes,
2633 4863 2706 4917 ad
2747 4863 2920 4919 vitam
2976 4861 3292 4917 solitariam
3348 4865 3733 4932 confugerunt,

519 4899 532 4912 .
639 4900 651 4912 .
1029 4903 1040 4915 .
1179 4905 1189 4916 .
1433 4878 1443 4894 ι
1565 4878 1583 4893 ·
1637 4902 1647 4912 .
1851 4900 1863 4911 .
2166 4878 2579 4926 renuntiantes,
2633 4878 2706 4917 aa
2747 4878 2920 4919 vitam
2976 4878 3292 4917 scutarium
3348 4878 3737 4934 con/agerum,

367 4909 862 5005 ωυωθδηξξηθέθ
886 4913 1230 5005 Ρωηηθηίξέ
1251 4904 1706 5005 θυωηιδίῖίὙΨηδν
1732 4909 2014 5005 δίδίφηθ·
2165 4939 2216 4990 et
2264 4933 2520 4988 doctrina
2549 4934 2619 4988 ad
2648 4939 2888 5004 tyrones,
2941 4947 3036 4989 seu
3077 4932 3312 4988 nouitio:
3359 4933 3514 5005 longe
3550 4935 3740 4992 utilis-

363 5006 478 5069 que
511 4990 929 5069 ptenitentium
961 5010 1109 5073 Opus
1138 4993 1238 5067 sit,
1271 5009 1346 5053 ne
1372 4989 1696 5052 Ecclesiam
1733 5007 1835 5070 pro
1871 4996 2011 5049 tem-
2165 4989 2327 5062 sima.

367 5081 464 5159 plo
498 5089 702 5142 sancto
736 5082 1080 5163 speluncam
1115 5084 1436 5154 latronum,
1490 5089 1588 5142 aut
1629 5081 1878 5161 lupanar
1917 5078 2010 5139 vel
2175 5075 2547 5155 Quicunque,
2576 5076 2810 5150 fratres,
2847 5075 3066 5138 mundo
3097 5080 3154 5163 et
3180 5073 3251 5134 iis
3278 5073 3488 5154 quaein
3517 5076 3736 5139 mundo

367 5168 523 5231 scias
553 5169 648 5230 vel
679 5162 940 5233 insciens
973 5173 1218 5248 faciens,
1253 5171 1395 5233 dum
1438 5188 1543 5252 per
1575 5168 1847 5231 affectum
1881 5167 2011 5228 cui-
2095 5173 2233 5227 sunt
2263 5167 2554 5226 universis
2581 5182 2791 5226 recens
2821 5162 3200 5244 renuntiavit,
3235 5181 3419 5243 seque
3453 5163 3526 5224 ad
3560 5165 3734 5228 vitam

445 5327 494 5372 “
527 5332 675 5392 Luc.
709 5348 833 5408 vui,
869 5334 968 5395 10.
1058 5334 1112 5384 42
1139 5332 1310 5398 Joan.
1346 5349 1410 5408 ιι,
1446 5333 1472 5391 1
1511 5348 1678 5410 seqq.
1763 5329 1816 5372 43
1843 5327 1987 5389 Prov

363 5408 428 5460 45
453 5407 623 5472 Deut.
661 5427 740 5474 IV.
772 5410 872 5474 24.

2092 5343 2249 5403 xvnt,
2286 5326 2383 5389 14.
2471 5325 2546 5369 43‘
2576 5325 2795 5389 Ezech.
2829 5341 2916 5398 1n,
2955 5325 3054 5389 18.
3166 5325 3231 5375 44
3257 5324 3484 5406 Ephes.
3516 5341 3598 5399 tv,
3639 5326 3716 5392 13

448 5570 531 5649 (9)
561 5571 647 5634 De
667 5570 799 5633 loco
830 5572 1241 5652 pcenitentium
1269 5574 1404 5638 vide
1432 5573 1606 5654 epist.
1639 5571 1703 5633 5.
1733 5566 2008 5648 Gregorii
2091 5565 2194 5630 cit.
2227 5567 2361 5630 Ant.
2399 5568 2789 5650 Augustinum
2822 5568 2882 5630 in
2923 5566 3078 5630 notis
3119 5566 3192 5630 ad
3238 5567 3520 5632 eumdem
3548 5584 3737 5630 cano-

367 5656 786 5744 Thaumaturgi
820 5678 1057 5726 can.x1.
1086 5664 1212 5728 Bal.
1234 5665 1401 5731 Sum.
1429 5663 1492 5726 in
1514 5659 1759 5725 scholiis
1774 5657 1846 5720 ad
1873 5674 2006 5718 can.
2095 5673 2257 5718 nem.
