4112 6106
324 268 428 331 441

1740 274 2023 338 ORATIO
2067 276 2258 339 XXV.

3568 279 3701 345 442

328 402 385 493 et
411 395 671 493 stadium
705 400 1127 493 monachorum
1162 400 1428 473 contulit,
1474 401 1522 461 si
1554 401 1793 493 quidem
1826 421 1966 482 pro-
1986 412 2031 462 Α
2054 406 2157 468 tibi
2182 418 2232 469 et
2260 410 2413 469 hanc
2440 408 2657 488 legem,
2687 427 2762 470 ne
2782 418 2920 472 ante
2941 410 3209 473 ultimam
3233 414 3692 493 precationeme
3734 422 3739 427 ‘

333 492 461 564 pter
491 484 677 547 Deum
713 487 771 548 in
805 489 963 557 fecit,
1001 499 1056 549 et
1090 491 1241 551 hanc.
1271 498 1455 550 artem
1490 494 1703 550 artium
1737 491 1968 552 discere

332 575 656 651 consttuit,
692 594 983 658 suumque
1018 598 1047 640 e
1082 579 1303 640 mundo
1336 578 1659 639 discessum
1697 599 1814 641 non
1846 581 1942 640 ina

334 679 466 724 nem
498 681 631 725 esse
662 666 984 741 desiderat,
1033 668 1106 728 ab
1136 668 1267 748 ipso
1299 676 1494 728 stat-1n
1527 669 1691 729 initio
1722 670 1967 748 impige-

330 751 501 827 rime,
535 761 591 814 et
619 755 1037 818 ardentissima
1067 777 1200 818 cum
1251 758 1575 831 voluntate,
1628 758 1962 838 proposito-

333 859 444 921 que
475 841 547 902 ad
579 843 807 906 virtutis
838 864 1017 924 opera
1063 846 1410 908 incumbere
1447 846 1645 909 debet.
1682 846 1872 927 Atque
1903 855 1967 908 ut

332 930 630 994 elementa
649 940 708 995 et
725 934 1016 1014 principia
1042 935 1305 996 scientia;
1329 935 1734 1010 scientiarum,
1754 938 1958 1014 nostri,

329 1018 592 1100 inquam,
658 1023 918 1102 religiosi
966 1024 1214 1085 instituti
1281 1033 1338 1085 et
1388 1025 1662 1096 ἀςκήσεως
1722 1025 1815 1085 his
1862 1024 1964 1106 qui

330 1126 522 1189 nuper
540 1129 574 1172 e
597 1114 819 1173 mundo
842 1112 914 1173 ad
932 1132 1059 1173 eam
1094 1124 1367 1194 tauquam
1399 1113 1468 1174 ad
1497 1113 1760 1174 scholam
1788 1133 1944 1194 quan

329 1197 461 1258 dam
502 1207 908 1281 accesserunt,
942 1201 1380 1265 introductione
1422 1202 1674 1283 quadam
1723 1204 1962 1283 scriptis

327 1288 645 1366 tradamus,
681 1290 871 1371 primo
901 1293 1029 1353 loco
1061 1292 1227 1372 ipsis,
1262 1300 1319 1353 et
1349 1293 1449 1373 qui
1481 1311 1585 1353 eos
1612 1302 1954 1373 sequentur,

327 1376 449 1438 hazc
464 1379 676 1440 rudius
693 1380 1151 1461 summatimquc
1175 1382 1568 1462 praecipimus.
1595 1379 1763 1443 Scire
1784 1382 1962 1459 igitur

326 1466 484 1540 licet,
518 1468 617 1547 qui
641 1468 766 1548 jam
804 1477 1106 1531 terrenum
1138 1470 1440 1531 hominem
1476 1488 1609 1530 cum
1646 1469 1961 1549 prudentia

325 1575 428 1617 sua
461 1575 567 1637 per
597 1576 664 1618 ea
695 1577 809 1637 que
838 1566 1125 1639 apparent
1152 1559 1333 1629 exuit,
1367 1559 1791 1641 scelestamque
1822 1578 1955 1621 cum

2051 496 2253 574 synaxi
2304 496 2434 557 sine
2487 515 2698 575 magna
2747 498 3122 580 necessitate,
3159 508 3260 562 aut
3302 504 3572 583 corporis
3606 504 3696 563 le-

2051 586 2217 645 vandi
2252 605 2510 666 ur-quam
2541 604 2715 647 exeas
2748 606 2761 649 :
2797 588 2898 647 sed
2933 587 2991 649 in
3018 590 3270 651 statione
3304 599 3424 665 tua,
3458 601 3521 653 ut
3555 591 3685 653 dic-

2053 690 2171 737 tum
2216 684 2325 747 est,
2369 693 2681 754 persevera
2706 695 2720 735 :
2744 677 3042 753 siquidem
3076 682 3181 758 qui
3207 682 3684 758 perseveraverit

2044 781 2233 841 usque
2279 771 2342 825 in
2383 766 2590 845 ﬁnem,
2637 766 2753 846 hic,
2792 774 2853 826 ut
2892 767 3177 846 scriptum
3228 778 3439 845 exstat,
3482 769 3688 831 salvus

2045 852 2378 916 eritW.Non
2405 853 2516 915 hoc
2541 862 2762 916 tantum
2788 875 2803 928 ;
2838 855 2939 916 sed
2974 855 3229 935 primum
3251 858 3490 939 quidem
3515 856 3684 919 auxi-

2046 941 2188 1003 lium
2230 943 2480 1015 occulte,
2509 951 2708 1005 utnon
2743 944 2957 1006 sentiat
2978 966 2991 977 ·
3019 944 3240 1008 deinde
3264 947 3438 1008 etiam
3458 955 3517 1008 ut
3540 965 3683 1009 sen-

2047 1030 2172 1109 tiat,
2196 1030 2484 1110 pauloque
2507 1039 2637 1111 post
2658 1031 2714 1092 in
2746 1032 3181 1094 illuminatione
3195 1032 3267 1095 ab
3293 1033 3687 1114 omnipotenti

2047 1118 2167 1180 Deo
2199 1121 2468 1199 accipiet.
2495 1120 2773 1185 Absoluta
2818 1122 3103 1184 matutina
3126 1123 3460 1201 doxologia,
3487 1122 3682 1185 statim

2046 1207 2362 1286 egrediens
2403 1227 2478 1269 ne
2511 1209 2583 1270 ab
2628 1210 2825 1289 hujus,
2861 1218 2959 1271 aut
2988 1211 3149 1272 illius
3170 1229 3273 1271 ore
3306 1211 3592 1292 pendere,
3626 1217 3686 1271 et

2045 1295 2215 1358 otisia
2239 1297 2494 1377 colloqui
2529 1297 2795 1378 incipias.
2824 1302 3044 1361 Verum
3074 1309 3381 1381 postquam
3413 1317 3679 1361 seorsum

2044 1384 2105 1446 in
2138 1386 2286 1446 cella
2328 1396 2691 1459 consuetam,
2729 1395 2784 1447 et
2816 1387 3048 1467 longam
3102 1388 3503 1468 precationem
3546 1407 3680 1449 cum

2042 1474 2335 1554 lacrymis,
2357 1483 2414 1535 et
2445 1476 2791 1537 arloratione
2826 1477 3006 1537 multa
3038 1478 3389 1557 persolveris
3438 1479 3512 1538 ad
3538 1495 3687 1556 opus

2039 1562 2274 1643 aliquod
2326 1583 2673 1644 cerporeum
2724 1567 3066 1644 aggredere.
3116 1569 3437 1647 statimque
3470 1585 3538 1627 eo
3574 1569 3682 1627 ἀθ-

324 1645 524 1707 habitu
550 1647 1109 1729 monasticoinduit,
1142 1656 1313 1709 nocte
1335 1647 1708 1721 med'a,ante
1732 1647 1958 1710 dilueu—
2040 1670 2237 1732 curre,
2274 1653 2398 1713 sive
2447 1652 2842 1714 ministerium
2870 1663 2958 1714 est
2988 1655 3062 1714 ad
3096 1645 3517 1724 ministerium,
3558 1655 3685 1717 sive

326 1735 440 1796 lum
465 1754 711 1816 surgere
734 1737 1233 1817 debere,precem
1258 1736 1647 1816 prescriptam
1680 1736 1946 1809 fundere,
1978 1733 2015 1781 Β
2039 1759 2189 1820 opus
2237 1760 2514 1801 manuum
2568 1741 2636 1802 ad
2689 1761 2837 1823 opus
2887 1760 3190 1815 manuum,
3240 1744 3364 1803 sive
3398 1743 3572 1805 lectio
3607 1745 3681 1806 ad

324 1838 495 1909 atque
546 1830 625 1891 ita
673 1830 912 1892 demum
960 1849 1096 1892 cum
1151 1829 1425 1892 omnibus
1464 1830 1537 1890 ad
1585 1827 1954 1908 doxelogiam
2036 1828 2376 1891 lectionem.
2405 1829 2490 1891 Ne
2515 1848 2690 1910 poaro
2722 1830 2946 1890 otiosus
2977 1831 3218 1892 omnino
3242 1830 3311 1892 in
3341 1833 3492 1893 cella
3520 1832 3682 1893 desi-

327 1918 689 1997 congregari,
725 1937 915 2000 eaque
939 1919 1335 1993 considerate,
1371 1924 1433 1980 et
1472 1918 1781 1998 vigilanter
1812 1936 1953 1998 per-

325 2005 503 2086 fungi,
555 2016 617 2067 ut
656 2014 714 2068 at
770 2008 1127 2088 principium
1186 2007 1519 2087 hymnodiae
1574 2015 1834 2068 attentus
1882 2007 1960 2068 sit

324 2095 727 2171 vehementer,
754 2098 876 2158 sive
907 2098 975 2158 ad
1006 2097 1468 2177 hexapsalmum,
1507 2094 1576 2156 ad
1608 2095 1952 2169 versiculos,

323 2184 389 2244 ad
413 2185 752 2259 lectionem,
770 2186 914 2248 citra
936 2204 1170 2246 omnem
1197 2184 1516 2265 pigritiam;
1535 2202 1650 2243 non
1669 2184 1955 2245 discincto

323 2292 590 2354 corpore,
618 2283 671 2335 et
706 2276 917 2355 pedem
948 2283 1083 2335 ante
1118 2275 1327 2354 pedem
1353 2274 1676 2343 collocans,
1709 2280 1809 2333 aut
1840 2291 1956 2333 mu-

322 2361 418 2429 ris,
464 2362 830 2423 colunmisve
880 2380 947 2425 se
990 2362 1314 2423 acelinans.
1362 2366 1570 2424 Manus
1617 2367 1959 2422 constanter

314 2451 573 2529 junctas,
608 2451 791 2531 pedes
820 2452 1126 2530 aequaliter
1152 2451 1212 2512 in
1237 2460 1392 2512 terra
1421 2450 1687 2511 ﬁrmatos
1712 2450 1954 2521 habere,

246 2606 253 2609 _
320 2547 490 2618 caput
532 2560 653 2601 non
710 2540 819 2602 hac
866 2541 1004 2602 illae
1046 2540 1293 2617 agitare,
1342 2548 1401 2600 et
1441 2547 1775 2599 antrorsum
1808 2537 1954 2598 illud

318 2627 648 2703 inﬂectere,
671 2638 868 2690 mente
891 2648 1007 2691 non
1029 2629 1250 2709 elTerri,
1285 2647 1396 2689 nec
1418 2628 1652 2689 curiosa
1675 2626 1953 2706 cogitare,

319 2725 411 2777 aut
442 2736 575 2778 cum
605 2718 1158 2797 negligentioribus,
1188 2726 1248 2777 it
1277 2718 1435 2778 inter
1465 2736 1529 2778 se
1561 2714 1957 2777 l'abulantibus

318 2825 382 2867 ac
411 2807 862 2868 susurrantibus
894 2827 926 2868 a
955 2807 1168 2888 emptis
1193 2806 1404 2868 al‘duci
1434 2807 1608 2885 :qnin
1633 2805 1826 2885 potius
1848 2823 1958 2865 nec

2037 1917 2181 1979 dere
2198 1917 2363 1989 velis,
2381 1938 2476 1990 ne,
2494 1919 2649 1998 quod
2669 1918 2825 1978 dictu
2851 1918 3043 1979 nefas:
3063 1919 3339 1982 Otiostus
3359 1930 3413 1982 te
3427 1940 3475 1981 ιη
3487 1922 3685 1983 ultam

2039 2007 2347 2067 malitiam
2410 2009 2621 2068 doceat
2675 2008 2758 2065 4ῖ.
2826 2005 2941 2068 Sed
3002 2025 3196 2087 neque
3252 2010 3682 2071 monasterium

2041 2095 2382 2167 obambula,
2403 2095 2881 2174 laborantcsqnc,
2899 2103 2996 2156 aut
3019 2096 3424 2158 ministrantes
3450 2098 3684 2160 curiose

2041 2184 2310 2247 observa.
2333 2184 2572 2245 Custodi
2597 2194 2790 2245 autem
2817 2184 3146 2255 silentium,
3182 2195 3235 2246 et
3267 2186 3495 2247 abstine
3524 2196 3578 2247 te
3609 2188 3682 2248 ab
3752 2241 3768 2251 .

2040 2275 2305 2333 omnium
2355 2273 2753 2335 familiaritate
2812 2282 2870 2333 et
2918 2276 3372 2347 consuetudine,
3426 2295 3556 2356 quae
3596 2285 3686 2337 est

2039 2380 2175 2423 vera
2228 2363 2639 2443 peregrinitas.
2690 2363 2822 2425 Tibi
2876 2364 3008 2436 soli,
3068 2372 3121 2424 et
3181 2364 3350 2444 operi
3400 2384 3681 2425 manuum

2042 2450 2457 2532 qualecunque
2487 2461 2599 2525 est,
2634 2452 2894 2512 attende.
2929 2452 3193 2514 Alteiius
3236 2453 3471 2524 cellam,
3507 2453 3621 2513 nisi
3651 2473 3684 2514 a

2041 2548 2205 2623 patre
2256 2549 2351 2600 tuo
2410 2540 2723 2619 spiriteali,
2782 2548 2884 2601 aut
2930 2559 2964 2601 a
3013 2540 3353 2601 monasterii
3403 2550 3682 2603 curatore

2043 2628 2259 2690 missus
2286 2629 2369 2690 sis
2401 2628 2546 2707 (10),
2583 2647 2657 2689 ne
2689 2628 3045 2707 ingrediare.
3095 2628 3219 2699 Quo
3253 2648 3389 2690 cum
3423 2631 3676 2705 veneris,

2042 2736 2181 2779 eave
2213 2736 2362 2779 neve
2392 2718 2573 2790 dicas,
2631 2737 2780 2779 neve
2829 2718 3033 2779 audias
3080 2719 3381 2799 quidpiam
3430 2730 3593 2781 extra
3622 2720 3682 2781 id

2041 2807 2196 2887 quod
2230 2825 2326 2869 res
2356 2806 2637 2887 postulat,
2666 2807 2834 2886 cujus
2865 2825 3008 2885 ergo
3042 2808 3258 2868 missus
3288 2826 3354 2868 es
3383 2830 3395 2865 :
3421 2808 3524 2869 sed
3548 2827 3681 2869 cum

318 2897 540 2977 oculos,
590 2915 701 2957 nec
742 2896 1004 2957 animum
1058 2897 1116 2957 in
1171 2895 1425 2957 sublime
1458 2896 1686 2970 tollere,
1720 2894 1955 2975 solique
2038 2895 3252 2977 hreviterresponderis,revertere.Quod
3273 2896 3408 2956 siin
3438 2897 3682 2958 transitu

319 2984 679 3065 psalmodiaa,
713 2993 771 3047 et
795 2986 1056 3065 lectioni,
1094 2995 1151 3048 et
1182 2986 1377 3046 virtuti
1403 3004 1607 3047 eorum
1641 3002 1768 3064 quae
1799 2984 1953 3063 spal-
1975 3052 2009 3065 Λ
2038 2985 2274 3045 fratrem
2300 2985 2514 3059 solum,
2540 2993 2790 3045 autcum
2816 2984 3006 3046 altero
3035 2984 3372 3045 sedentem.
3399 2984 3682 3046 etintem-

317 3052 538 3149 luutur,
571 3052 747 3154 atque
765 3093 796 3135 e
816 3052 1391 3154 divinis'Scripturis
1424 3052 1723 3155 leguutiir,
1759 3052 1950 3151 quoad
1971 3052 2011 3101 C
2040 3073 2262 3152 pestive
2286 3074 2645 3152 garrientem
2673 3073 2997 3153 aspexeris,
3019 3074 3209 3153 capite
3233 3074 3684 3153 profundiusiu-

321 3164 447 3243 ejus
477 3162 608 3224 ﬁeri
640 3172 851 3243 potest,
886 3172 1174 3225 attentum
1209 3183 1271 3224 se
1308 3163 1593 3243 przebere,
1621 3171 1683 3222 ul
1708 3180 1782 3222 ne
1805 3160 1950 3237 quid
2037 3163 2254 3223 clinato
2286 3162 2495 3222 tacitus
2527 3161 2787 3243 prieteri.
2812 3161 2946 3224 Noli
2974 3163 3265 3224 accedere
3295 3171 3353 3224 et
3384 3182 3498 3224 una
3528 3181 3680 3225 con-

315 3271 448 3313 eum
500 3272 617 3313 non
665 3254 1142 3314 animadversum
1196 3261 1508 3333 picetereat
1563 3273 1575 3309 :
1630 3268 1835 3312 verum
1883 3269 1950 3310 ex
2035 3251 2253 3326 sidere,
2292 3269 2526 3312 memor
2554 3251 2713 3313 illius
2742 3270 2811 3317 ex
2844 3250 3122 3313 Psalmo:
3165 3250 3385 3315 Beatus
3424 3254 3543 3328 vir,
3575 3254 3683 3333 qui

314 3340 589 3401 omnibus
621 3340 1012 3420 pinguescens
1042 3341 1171 3420 ejus
1190 3341 1409 3415 anima,
1435 3340 1504 3401 ad
1535 3338 1937 3418 compunctio-
2034 3339 2319 3402 nonabiit
2333 3341 2399 3402 in
2417 3341 2671 3403 concilio
2686 3344 3096 3422 impiorum,et
3112 3343 3284 3404 invia
3305 3350 3680 3421 peccatorum

314 3448 475 3509 nem,
506 3429 900 3491 humilitatem
948 3438 1007 3491 et
1047 3428 1544 3490 illuminationem
1593 3426 1780 3488 sancti
1810 3423 1949 3507 Spi-
2034 3432 2536 3507 nonstetit,,etin
2562 3429 2856 3492 cathedra
2883 3432 3244 3509 pestilentia:
3274 3447 3391 3492 non
3421 3432 3677 3494 sedit“.

310 3524 457 3577 ritus
488 3518 801 3598 pertingat.
2038 3516 2389 3578 Pestilenles
2419 3535 2677 3597 namque
2710 3526 2845 3579 sunt
2877 3518 3239 3597 hujusmo'li,
3274 3518 3428 3580 sicut
3457 3528 3517 3580 et
3538 3523 3686 3583 Pau-

391 3605 682 3677 Quocirca
702 3626 806 3667 vos
837 3606 1143 3667 universos
1176 3613 1451 3684 tanquam
1485 3621 1691 3676 unum,
1719 3607 1941 3678 Patres,
2027 3608 2123 3668 lus
2156 3606 2276 3668 ait:
2316 3607 2723 3684 Corrumpunt
2756 3609 2942 3669 bonos
2971 3624 3169 3667 mores
3198 3606 3500 3686 colloquio
3526 3628 3681 3688 pra-

312 3698 547 3770 l'ratres,
572 3704 630 3756 et
660 3696 764 3756 filii
799 3696 935 3771 mci,
968 3725 983 3753 ι
1010 3696 1243 3768 bsecro,
1271 3706 1327 3755 et
1349 3696 1461 3757 hoc
1485 3705 1545 3755 ut
1570 3696 1760 3773 legem
1793 3693 1948 3754 salu-
2028 3695 2190 3757 c049.
2226 3696 2351 3756 Jam
2385 3696 2430 3755 si
2461 3694 2601 3773 quid
2631 3695 2812 3773 pestis
2834 3703 2948 3766 est,
2972 3694 3131 3756 idem
3162 3702 3329 3755 estet
3350 3697 3677 3776 eorruplio.

313 3796 497 3847 tarem
521 3784 727 3865 jubeo,
754 3794 816 3845 ut
839 3790 1242 3865 unusquisque
1273 3796 1535 3845 vestrum
1572 3787 1685 3845 tale
1714 3782 1947 3843 initium
2032 3781 2227 3854 Quare
2248 3801 2383 3842 cum
2402 3783 2594 3843 otiosa
2615 3782 3031 3856 fabulanlibus,
3051 3783 3288 3853 dilecte,
3310 3803 3384 3843 nc
3409 3784 3639 3845 sederis
3663 3836 3677 3862 ,

309 3875 379 3936 ad
411 3894 559 3953 opus
591 3874 842 3945 virtutis,
872 3874 991 3933 imo
1024 3893 1159 3934 vero
1191 3873 1264 3935 ad
1295 3891 1442 3953 opus
1476 3873 1582 3935 Dei
1614 3873 1788 3933 faciat
1823 3890 1947 3951 iper
2035 3893 2146 3934 nec
2184 3873 2345 3934 dicas
2385 3890 2398 3935 :
2441 3873 2695 3935 Audiam
2728 3882 2787 3935 et
2817 3894 2923 3951 ego
2952 3874 3091 3953 quid
3130 3874 3431 3949 locamiui;
3473 3876 3577 3936 sed
3620 3885 3684 3937 ut

309 3965 462 4044 quod
517 3973 573 4023 et
619 3964 958 4024 mercedem
1011 3962 1271 4023 laborius
1318 3962 1534 4022 uestris
1580 3962 1951 4041 responden-
2036 3962 2208 4023 modo
2231 3961 2603 4028 aiebam,sub
2627 3961 2807 4023 misso
2827 3965 3677 4043 revrentercapute,prteteri.

311 4064 451 4125 tem,
486 4070 593 4112 ceu
625 4053 697 4112 ab
729 4071 798 4113 eo
830 4051 928 4132 qui
963 4052 1149 4111 bonos
1194 4066 1349 4111 amet
1398 4049 1745 4130 accipimus)
1795 4058 1855 4109 ut
1897 4049 1947 4108 si
2113 4052 2428 4114 Silentium
2460 4061 2518 4111 (ιι
2547 4062 2759 4112 statum
2805 4052 3331 4132 conditionemqne
3377 4055 3678 4133 peregrini

313 4142 439 4203 ﬁeri
481 4150 679 4221 queat,
722 4160 896 4203 nemo
949 4149 1212 4201 nostrum
1245 4139 1373 4199 sine
1406 4139 1677 4219 lacrymis
1705 4138 1777 4199 ad
1810 4138 1943 4199 ofﬁ-
2031 4159 2219 4203 serva.
2255 4139 2594 4212 Silentium,
2622 4140 2760 4200 dum
2787 4140 3134 4219 tibimelipsi
3158 4151 3357 4202 tacens
3378 4142 3487 4217 ais,
3507 4145 3678 4224 quid-

310 4234 467 4291 cium
499 4239 557 4292 et
590 4229 906 4290 lectionem
934 4229 1199 4289 accedat.
1228 4228 1290 4290 Si
1319 4228 1506 4302 enim,
1541 4228 1619 4288 ini
1645 4226 1946 4307 frater,ita
1972 4291 2011 4309 ἢ
2035 4248 2164 4290 nam
2217 4249 2321 4308 ego
2377 4228 2515 4289 boni
2566 4245 2801 4306 possunt
2850 4230 3141 4309 proloqui,
3177 4229 3277 4309 qui
3331 4239 3489 4292 totus
3544 4253 3674 4294 sum

308 4332 367 4380 te
396 4320 467 4378 ad
490 4337 637 4399 opus
658 4319 770 4379 hoc
793 4318 1210 4390 assuet’cceris,
1233 4317 1392 4378 brevi
1420 4329 1685 4397 tempore
1707 4335 1943 4397 proccs~
1968 4291 2011 4339 Β
2032 4320 2240 4381 lutum.
2277 4328 2334 4378 et
2366 4319 2602 4380 fatuus?
2627 4320 2743 4378 imo
2776 4319 2955 4380 e'iam
2986 4319 3224 4398 hospes,
3272 4332 3327 4380 ct
3369 4320 3672 4400 indignus,

307 4428 409 4469 sus
438 4408 681 4481 etlicics,
711 4417 765 4469 et
797 4408 855 4468 in
889 4409 1076 4468 virum
1121 4407 1478 4487 perfectum,
1514 4406 1572 4465 in
1607 4424 1945 4467 mensuram
2028 4407 2128 4488 qui
2160 4408 2386 4486 loquar,
2418 4423 2515 4467 aut
2549 4408 2808 4485 audiam,
2833 4419 2930 4468 aut
2964 4408 3115 4468 inter
3150 4409 3423 4471 uotniues
3462 4432 3676 4473 nume-

304 4496 491 4559 aetatis
524 4496 913 4578 plenitudinis
945 4495 1160 4559 Christi
1193 4514 1493 4557 occurres.
1525 4494 1755 4555 lusians
1787 4496 1944 4556 enim

308 4588 413 4647 tibi
446 4586 579 4666 ipsi,
602 4606 676 4647 ne
700 4588 847 4647 citra
880 4586 1165 4667 lacrymas
1198 4585 1604 4666 prtescriptum
1642 4584 1942 4656 Ecclesiae,

306 4696 412 4737 seu
463 4676 939 4755 congregationis
995 4677 1260 4737 ofﬁciunt
1314 4676 1621 4751 decurras,
1681 4673 1947 4735 habitum

307 4765 444 4826 boni
478 4767 654 4845 hujus
684 4767 1051 4844 adip'sceris,
1089 4776 1263 4846 atque
1312 4764 1370 4825 iu
1418 4766 1541 4846 ipsa
1571 4763 1944 4841 stichologia,

306 4864 364 4915 et
395 4856 667 4934 tropartis
699 4875 828 4936 quae
862 4856 1082 4936 psallis,
1120 4856 1296 4915 alitur
1342 4855 1578 4915 animus
1614 4864 1769 4926 tuus,
1804 4855 1945 4913 dum

304 4942 536 5004 divinos
567 4963 770 5005 eorum
802 4962 1034 5015 sensus,
1078 4946 1134 5004 in
1160 4963 1224 5004 se
1244 4944 1477 5023 recipit,
1506 4950 1565 5003 et
1594 4960 1700 5023 per
1728 4961 1796 5001 ea
1818 4959 1949 5021 qua:

302 5032 601 5113 dicuntur,
636 5053 705 5095 ac
736 5053 804 5095 ea
836 5052 966 5115 qua:
997 5034 1429 5112 intelliguntur,
1466 5052 1635 5095 mens
1665 5030 1946 5113 provehi-

304 5129 417 5194 tur,
451 5121 733 5202 dulcique
782 5124 917 5183 tletu
950 5122 1206 5195 stillans,
1246 5128 1320 5182 ita
1368 5121 1429 5182 in
1481 5130 1635 5189 emta
1676 5121 1942 5195 fratrum,

304 5217 366 5269 ut
395 5208 455 5269 in
480 5211 629 5271 cutio
665 5229 801 5272 cum
833 5209 1022 5273 beatis
1055 5209 1356 5271 mentibus
1403 5210 1548 5270 vivis
1608 5211 1720 5275 Fer
1767 5208 1949 5288 igitur

383 5377 449 5428 ιϐ
472 5378 679 5442 Matth.
713 5398 771 5459 κ,
804 5379 903 5443 22.

989 5378 1051 5429 47
1077 5377 1241 5441 Eccli
1269 5396 1475 5455 xxxnt,
1513 5376 1615 5442 29.
1700 5379 1765 5431 48
1796 5381 1947 5444 Psal.
1982 5398 2024 5457 1,
2066 5380 2117 5442 t.

2032 4513 2153 4559 rer.
2199 4495 2685 4573 l’eregrinitatem
2719 4515 2885 4573 vero,
2928 4501 3245 4578 fugamque
3294 4500 3492 4559 omnis
3524 4522 3676 4562 Cull-

2032 4584 2383 4664 sortii,dum
2412 4585 2532 4646 hate
2559 4585 2802 4665 cogitas,
2823 4595 2877 4646 et
2912 4586 3140 4649 tibimet
3171 4588 3418 4653 ucciuis.
3442 4593 3674 4651 eon~ti-

2032 4684 2207 4736 tuens
2238 4673 2340 4734 tibi
2370 4683 2609 4753 peccata
2633 4685 2732 4734 tua
2762 4685 2894 4735 ante
2918 4677 3140 4757 oculos,
3178 4697 3287 4737 nec
3312 4678 3671 4756 primoribus

2030 4763 2315 4823 duntaxat
2341 4762 2547 4833 labris,
2577 4764 2679 4823 sed
2715 4783 2780 4824 ex
2812 4765 3141 4843 precordiis
3168 4765 3317 4826 ditis
3344 4784 3356 4828 :
3381 4766 3521 4839 Quis
3538 4787 3667 4828 sum

2030 4869 2138 4930 ego
2189 4850 2455 4931 abjectus
2505 4863 2562 4913 et
2606 4852 2756 4927 vilis,
2810 4854 3090 4930 ignobilis
3139 4861 3196 4914 et
3241 4856 3575 4924 mendicus,
3615 4866 3681 4917 ut

2030 4940 2243 5000 cellam
2293 4941 2539 5002 alterius
2589 4941 2885 5004 subeam?
2938 4963 3135 5004 nonne
3188 4953 3247 5004 ut
3298 4963 3392 5003 me
3438 4945 3674 5017 viderit,

2030 5028 2199 5109 quasi
2251 5039 2579 5090 monstrum
2629 5031 3048 5095 aversabitur?
3080 5049 3279 5092 nonne
3322 5032 3502 5105 dicet,
3533 5034 3674 5114 quid

2032 5119 2430 5179 exsecran'las
2465 5120 2574 5180 iste
2602 5120 2672 5182 ad
2707 5139 2801 5181 me
2834 5122 3013 5193 venit,
3058 5129 3119 5180 ut
3155 5120 3429 5180 cellulam
3478 5139 3668 5182 meam

2030 5207 2330 5271 incestet?
2358 5206 2425 5270 Et
2461 5226 2799 5289 quanquam
2829 5228 2863 5269 a
2893 5206 3185 5292 principio
3235 5208 3357 5269 haec
3403 5210 3555 5294 apud
3610 5218 3665 5275 te

2204 5376 2267 5428 49
2294 5374 2318 5437 Ι
2349 5376 2482 5439 Cor.
2516 5392 2614 5459 xv,
2651 5375 2750 5440 33.

384 5546 510 5628 (10)
545 5551 667 5628 Περὶ
697 5560 790 5609 τοῦ
818 5547 1113 5608 δικκονιτοῦ
1142 5554 1238 5616 τῆς
1271 5572 1439 5624 μονης
1470 5547 1606 5610 vide
1637 5547 1902 5613 Cassian.
1939 5548 1954 5610 i

2040 5547 2154 5610 .lat.
2195 5560 2321 5619 XXI,
2355 5563 2482 5625 cap.
2525 5546 2546 5606 l
2582 5545 2635 5607 el
2665 5544 2726 5610 2.
