4112 6106
387 240 507 307 443
1671 239 1822 300 SYM
1836 238 2033 300 EONIE

2119 235 2464 300 'UNIORIS.
3631 226 3751 291 444

391 373 592 435 dicere
625 391 744 435 non
778 372 1038 454 potuisti,
1087 378 1284 434 tamen
1327 371 1546 433 sensim
1582 369 1758 432 etiam
1790 369 1863 431 ad
1893 369 2027 442 hoc,
2053 377 2095 425 Λ
2118 369 2452 448 quempiam
2488 368 2702 429 sedere
2731 367 3128 446 conspiceris;
3155 365 3406 448 perinde
3434 383 3503 426 ac
3533 362 3757 454 sidom-

389 464 574 541 gratia
604 463 709 523 tibi
740 451 1098 542 cooperante
1130 463 1466 540 pervenies.
1491 462 1738 520 Tantum
1769 457 1903 519 andi
1939 476 2031 518 me
2117 476 2222 518 nes
2253 459 2336 518 illi
2367 457 2577 518 divites
2601 457 2718 517 sint
2741 457 3079 527 virtutibus,
3107 465 3166 516 tu
3191 465 3384 516 autem
3420 451 3751 542 mendicus,

389 540 672 613 humilem
703 569 718 624 ;
753 540 973 612 tantum
1007 551 1094 611 fac
1116 551 1327 612 horum
1359 549 1620 621 initium,
1658 547 1860 626 frater,
1895 557 2028 606 tan-
2115 556 2172 608 et
2202 549 2418 619 nudus,
2451 555 2508 608 et
2538 547 2636 627 qui
2666 548 2822 608 inter
2847 565 2948 607 eos
2978 564 3238 622 versere,
3273 561 3594 623 eorumque
3624 540 3754 601 vul-

391 649 512 701 tum
540 641 665 701 haec
695 640 914 719 facere,
953 647 1011 700 et
1039 656 1238 717 agere,
1273 647 1327 699 et
1359 638 1520 718 loqui
1545 637 1766 710 ordire,
1793 646 1845 696 el
1873 638 2029 698 Deus
2115 644 2207 696 tus
2231 636 2506 716 aspicias,
2542 635 3012 712 indignissimus.

392 737 449 790 te
480 747 594 789 non
628 729 864 790 deseret
893 750 906 789 :
934 729 1082 789 mire
1118 727 1276 788 enim
1301 737 1355 788 te
1374 735 1550 800 amat,
1581 734 1752 804 teque
1776 725 1845 785 ad
1869 725 2029 801 agni-
2191 723 2476 786 Czeterum
2523 725 2718 785 cibum
2755 733 3036 797 tacturus,
3071 742 3302 784 rursum
3337 722 3443 782 ista
3475 727 3750 802 peccato-

389 819 608 879 tionem
635 817 897 879 veritatis
920 817 1217 883 venire50,
1241 824 1297 876 et
1319 816 1528 877 salvari
1554 814 2024 877 desideraLCum
2112 833 2241 874 rum
2296 825 2530 876 tuorum
2584 815 2930 875 recordatus
2989 813 3315 892 cogitabis:
3377 812 3466 872 An
3525 828 3643 870 non
3690 809 3754 868 in

389 914 623 988 tempus
651 924 839 988 usque
877 907 951 968 ad
1000 908 1207 968 horam
1244 904 1517 983 liturgiae,
1551 923 1652 964 seu
1706 901 1898 963 missae
1943 902 2029 965 sic
2103 902 2398 983 judicium
2434 912 2490 966 et
2522 903 3080 966 condemnationem
3115 903 3236 977 ﬁat,
3273 901 3320 962 si
3360 900 3500 982 quid
3545 917 3615 960 ex
3645 916 3752 977 ap-

389 997 772 1076 transegeris,
813 996 1030 1058 iterum
1053 1013 1262 1073 magno
1284 993 1510 1074 studio,
1535 1001 1593 1054 et
1621 991 1926 1054 alacritate
1954 991 2030 1053 ad

377 1081 633 1166 synaxin
692 1087 862 1148 vade.
913 1085 1016 1146 Sta
1064 1102 1130 1145 ea
1183 1084 1394 1159 forma,
1439 1101 1612 1162 quam
1654 1081 1714 1142 in
1747 1079 2034 1143 matutina

388 1174 696 1254 doxologia
729 1174 831 1235 tibi
866 1173 1365 1256 praeseripsimus,
1391 1181 1446 1234 et
1479 1173 1667 1232 luctus
1689 1170 2031 1256 neutiquam

389 1262 771 1342 obliviscere.
797 1253 938 1325 Asta
959 1281 1094 1328 cum
1130 1271 1414 1331 tremore,
1445 1266 1647 1340 utpote
1677 1259 1891 1321 Filium
1926 1253 2032 1321 Dei

387 1359 631 1432 propter
662 1360 716 1412 te
748 1349 1071 1412 sacriﬁcari
1102 1347 1503 1429 conspiciens,
1540 1355 1597 1408 et
1618 1347 1668 1407 si
1699 1347 1908 1426 dignos
1939 1366 2026 1425 es,

389 1448 563 1520 atque
584 1440 658 1501 ad
685 1441 795 1502 hoc
827 1439 1116 1518 expiatus,
1151 1439 1210 1499 in
1244 1439 1455 1500 timore
1487 1444 1542 1498 et
1567 1435 1779 1513 gaudio
1810 1436 2030 1497 accede

389 1530 931 1591 communicaturus
973 1529 1146 1589 bonis
1190 1526 1710 1589 inenarrabilibus.
1752 1528 1891 1588 Post
1921 1545 2026 1587 ex-

2114 992 2322 1072 positis
2365 992 2719 1069 contigero?
2757 993 2878 1054 Deo
2917 993 3078 1056 enim
3112 991 3212 1074 qui
3242 993 3369 1054 haec
3399 988 3752 1072 procreavit,

2120 1081 2408 1162 nobisque
2458 1083 2750 1144 vescenda
2798 1081 3040 1162 largitus
3090 1089 3202 1156 est,
3251 1100 3358 1160 ego
3390 1079 3463 1140 ab
3508 1077 3760 1139 infantia

2118 1189 2251 1233 mea
2279 1170 2635 1234 inobediens
2661 1171 2766 1245 fui,
2800 1179 2859 1232 et
2887 1179 3119 1232 sanctas
3148 1171 3310 1249 leges
3343 1169 3470 1249 ejus
3499 1186 3617 1228 non
3648 1185 3758 1227 cu-

2115 1261 2351 1325 stodivi.
2377 1262 2449 1326 Et
2479 1262 2776 1343 quomodo
2800 1261 2972 1324 bonis
2995 1261 3180 1341 ipsius
3203 1260 3448 1342 proinde
3469 1266 3535 1318 ut
3566 1255 3756 1320 sancti

2113 1348 2314 1412 Patres
2344 1351 2438 1412 isti
2472 1369 2578 1429 ego
2603 1370 2837 1432 quoque
2869 1351 3148 1430 indignus
3175 1361 3232 1412 et
3262 1367 3403 1412 reus
3443 1345 3757 1428 perfruar?

2113 1436 2238 1510 Quo
2272 1440 2428 1500 vultu
2461 1448 2596 1500 ante
2628 1439 2835 1500 oculus
2863 1438 3098 1499 Domini
3132 1439 3249 1499 mei
3279 1457 3384 1517 ego
3417 1454 3670 1516 nequam
3698 1442 3761 1494 et

2113 1526 2421 1607 improbus
2469 1538 2526 1590 et
2576 1529 2840 1606 ingratus
2883 1547 3109 1600 servus,
3144 1527 3484 1607 priusquam
3536 1543 3756 1604 pecca-

388 1626 607 1679 tremas
640 1637 848 1697 preces
879 1625 1202 1695 ingressus,
1230 1635 1362 1677 cum
1387 1614 1663 1676 omnibus
1693 1615 2028 1676 accubitum
2053 1623 2091 1670 B
2116 1625 2310 1677 torum
2361 1636 2456 1678 me
2505 1619 2885 1698 pmnituerit,
2939 1626 2996 1678 et
3043 1618 3116 1678 ab
3177 1617 3334 1677 illius
3391 1614 3759 1692 benignitate

388 1708 492 1780 ite,
516 1725 627 1768 nec
651 1715 705 1768 te
733 1707 1065 1767 afratribus
1091 1706 1204 1766 tuis
1226 1723 1457 1785 separa.
1485 1703 1554 1766 Et
1586 1704 1881 1784 Siquidem
1918 1705 2030 1764 mi-
2114 1705 2341 1766 veniam
2369 1707 2628 1787 perfecte
2662 1708 3022 1786 acceperim,
3066 1709 3219 1768 sicut
3255 1706 3356 1783 qui
3391 1724 3508 1766 non
3543 1721 3758 1783 pecca-

392 1797 646 1858 nistrare
667 1795 1004 1876 jubeberis,
1031 1803 1155 1856 asta
1179 1796 1513 1860 utChristo,
1542 1812 1658 1854 non
1683 1793 2028 1854 uthomini-
2113 1805 2342 1869 verunt,
2378 1805 2477 1857 aut
2517 1815 2648 1857 cum
2688 1805 3056 1876 peccassent,
3101 1813 3205 1876 per
3230 1794 3640 1875 penitentiam
3659 1811 3760 1852 ve-

388 1885 520 1960 bus,
555 1888 788 1946 sincero
820 1886 1054 1958 affectu,
1091 1893 1147 1945 et
1179 1903 1247 1945 ex
1291 1884 1602 1956 cliarilate,
1636 1881 1933 1945 omnibus.
1972 1890 2034 1942 ut
2117 1885 2862 1965 niamimpetrarunt,ipse
2893 1887 3114 1965 pariter
3131 1884 3536 1956 comedam,et
3561 1882 3767 1954 bibam,

384 1975 627 2055 sanctis,
649 1975 736 2035 vel
767 1974 982 2054 potius,
1012 1974 1166 2034 sicut
1191 1973 1556 2043 dicebamus,
1581 1981 1642 2032 ut
1664 1971 1778 2052 ipsi
1798 1971 2030 2034 Christo

384 2064 859 2126 ministraturus:
894 2064 1092 2124 animo
1124 2062 1388 2140 singulos
1419 2061 1596 2122 veluti
1623 2062 2026 2141 complexans,

384 2159 441 2212 et
473 2151 723 2231 teipsum
752 2151 1115 2212 intentiones
1131 2170 1198 2212 ac
1221 2151 1523 2211 voluntate
1550 2157 1732 2210 totum
1759 2167 1863 2230 per
1891 2151 2029 2210 eba-

383 2240 615 2301 ritatem
639 2244 724 2301 eis
757 2241 1138 2320 impendens,
1170 2250 1228 2300 et
1259 2247 1314 2301 te
1345 2258 1412 2300 ex
1447 2238 1780 2299 ministerio
1813 2239 1924 2299 isto
1953 2241 2026 2300 ad

382 2329 749 2390 sarctimonii
807 2329 1062 2390 fructum
1131 2327 1583 2408 percipiendum
1645 2328 2024 2389 conﬁrmans.

384 2418 548 2490 Quod
573 2418 622 2478 si
651 2437 853 2480 mense
879 2437 1012 2480 cum
1037 2417 1267 2478 czeteris
1301 2426 1361 2477 tu
1388 2436 1624 2497 quoque
1655 2416 2028 2498 accubueris,

386 2527 460 2568 en
490 2507 632 2587 quid
668 2507 797 2581 tibi,
834 2517 894 2567 ut
923 2507 1141 2568 dilecto
1176 2505 1349 2586 patri,
1381 2525 1449 2566 ac
1481 2506 1646 2566 fratri
1691 2525 1820 2565 meo
1858 2525 2028 2566 man-

385 2595 544 2657 dem.
568 2596 652 2656 Ad
686 2597 986 2675 appositas
1017 2594 1222 2674 epulas
1267 2611 1340 2655 ne
1377 2594 1629 2655 festinus
1670 2613 1738 2654 ac
1771 2613 2032 2674 praeceps

387 2702 629 2747 manum
672 2685 978 2759 extendas,
1005 2693 1320 2764 antequam
1348 2683 1617 2744 seniores
1648 2683 1720 2744 de
1752 2683 2031 2744 fratribus

387 2773 700 2836 comedere
737 2773 1044 2853 incipiant,
1076 2781 1133 2834 et
1156 2782 1466 2852 antequam
1493 2790 1751 2850 superne
1770 2791 1802 2833 a
1827 2790 2029 2834 sacer-

386 2864 525 2926 dote
542 2863 791 2926 recilata
813 2863 889 2924 sit
915 2863 1274 2924 benedictio.
1290 2866 1551 2942 Cumque
1574 2861 1747 2922 simul
1767 2881 1898 2923 cum
1923 2863 2031 2923 fra-

2117 1980 2331 2034 etcum
2360 1978 2583 2036 sanctis
2625 1974 2958 2052 gaudeam?
2980 1974 3156 2036 Nullo
3182 1975 3358 2034 modo
3409 1972 3510 2033 sed
3535 1972 3668 2032 cibo
3701 1979 3761 2031 et

2117 2061 2356 2140 potione
2379 2063 2570 2123 solum
2603 2078 2758 2136 utar,
2786 2082 2860 2124 ne
2891 2064 3009 2126 vita
3039 2062 3332 2136 deliciam,
3368 2069 3426 2122 et
3463 2061 3754 2138 meipsum

2117 2151 2452 2230 macerabo,
2479 2152 2756 2212 cruciabo
2784 2161 2841 2211 et
2877 2150 3192 2225 damnabo,
3219 2160 3284 2212 ut
3314 2155 3470 2214 Deus
3501 2150 3759 2229 desuper

2113 2241 2466 2320 respiciens,
2515 2251 2573 2302 et
2613 2243 2910 2321 angustias
2939 2242 3445 2322 voluntariamque
3475 2241 3754 2302 afﬂictio-

2114 2346 2250 2389 nem
2306 2349 2494 2390 meam
2543 2331 2803 2403 intuens,
2857 2330 3234 2399 misereatur,
3285 2339 3342 2390 et
3388 2329 3574 2390 multa
3613 2329 3758 2390 milii

2116 2426 2356 2496 peccata
2407 2437 2535 2478 mea
2582 2420 2865 2497 ignoscat.
2913 2419 3048 2479 llmc
3081 2419 3252 2497 igitur
3283 2417 3497 2496 cogita,
3547 2419 3757 2478 borum

2123 2503 2384 2566 identem
2421 2517 2746 2570 memento.
2780 2508 3001 2568 Adbaac
3034 2507 3263 2585 impera
3314 2507 3418 2566 tibi
3468 2515 3552 2568 tot
3593 2506 3762 2566 bolos

2115 2592 2316 2674 cdere,
2343 2603 2403 2654 ut
2434 2596 2713 2656 saturitas
2741 2615 2856 2656 non
2889 2603 3191 2675 sequatur,
3220 2595 3401 2656 multo
3453 2599 3761 2676 pauciores

2115 2681 2342 2762 utique,
2364 2702 2539 2763 quam
2568 2703 2670 2764 pro
2695 2685 3076 2765 necessitate,
3099 2694 3158 2746 et
3179 2703 3354 2764 quam
3388 2702 3759 2764 concoquere

2114 2771 2504 2850 posses.Item
2530 2793 2735 2844 unum,
2769 2784 2866 2834 aut
2897 2774 3012 2834 duo
3037 2775 3268 2851 pocula,
3291 2786 3348 2834 et
3379 2774 3437 2833 id
3475 2792 3588 2832 una
3610 2774 3756 2833 hora

2112 2859 2232 2920 diei
2255 2862 2544 2922 constitua
2593 2881 2855 2924 sumere.
2897 2861 3038 2924 Cum
3093 2862 3378 2933 comedis,
3421 2881 3494 2922 ne
3525 2861 3750 2938 cogita-

387 2953 575 3013 tribus
593 2971 659 3014 ac
677 2952 940 3032 patribus
966 2952 1079 3012 tuis
1095 2951 1454 3032 corpuscibo
1477 2952 1726 3012 reticere
1747 2953 2021 3031 cmperis,
2046 2978 2085 3028 ρ
2115 2947 2259 3007 tioni
2285 2948 2562 3010 subeunti
2596 2950 2793 3024 cedas,
2814 2960 2873 3012 ut
2889 2951 3112 3031 aliquid
3132 2951 3205 3011 de
3226 2949 3507 3030 appositis
3540 2950 3744 3028 eligas,

385 3041 622 3102 attende
662 3041 790 3116 tibi,
839 3060 1014 3121 quam
1048 3039 1566 3120 compositissime,
1601 3040 1894 3115 et_tacitus
1924 3059 2023 3101 se-
2109 3035 2266 3115 quod
2316 3037 2627 3099 absumas:
2657 3040 2758 3100 sed
2813 3058 2949 3100 cave
2985 3058 3059 3099 ne
3091 3039 3226 3120 quid
3262 3037 3558 3111 comedas,
3592 3037 3749 3117 quod

385 3130 556 3209 dens,
591 3150 722 3192 cum
759 3132 920 3191 nullo
974 3130 1206 3210 penitus
1233 3131 1502 3209 loquens,
1536 3129 1594 3190 in
1629 3128 1884 3190 lectione
1915 3129 2026 3190 de-
2114 3126 2219 3185 tibi
2265 3126 2536 3202 sapidum
2581 3127 2706 3188 fore
2750 3128 2936 3188 visum
2987 3137 3110 3188 est:
3137 3127 3260 3188 sola
3289 3146 3424 3187 vero
3456 3145 3586 3206 qua;
3614 3139 3756 3188 ante

389 3220 562 3296 ﬁxus,
595 3227 655 3280 et
685 3232 748 3279 ut
779 3237 1016 3299 corpus,
1043 3220 1130 3280 sic
1160 3219 1424 3279 animum
1458 3237 1689 3298 quoque
1720 3237 1790 3279 ex
1814 3219 2028 3280 divinis
2117 3222 2172 3275 te
2202 3225 2362 3288 sunt,
2398 3217 2670 3277 comede.
2723 3218 2876 3289 Quin
2910 3217 3086 3277 etiam
3123 3216 3171 3276 si
3202 3217 3347 3277 forte
3378 3216 3631 3289 fructus,
3658 3225 3760 3276 aut

387 3309 576 3368 sancti
618 3307 877 3387 Spiritus
928 3308 1185 3369 oraculis
1233 3308 1421 3368 alens.
1457 3305 1704 3387 Oportet
1756 3308 1914 3368 enim
1950 3318 2028 3382 te,
2116 3302 2228 3363 alia
2277 3303 2546 3382 quaedam
2596 3303 2842 3366 bellaria
2885 3305 3125 3378 fuerint,
3161 3315 3219 3366 et
3251 3324 3434 3366 unum
3473 3304 3759 3385 quiddam

388 3415 524 3457 cum
570 3395 844 3475 geminus
876 3397 982 3476 sis,
1017 3416 1084 3458 ex
1114 3396 1336 3470 animo,
1371 3395 1634 3476 inquam,
1687 3405 1745 3458 et
1785 3416 2033 3476 corpore
2118 3391 3084 3474 tibi‘arriserit,dixeritquetacita
3105 3394 3413 3471 cogitatio:
3443 3394 3758 3456 Pulchrum

387 3495 685 3559 constans,
714 3486 1140 3546 convenienter
1163 3486 1405 3564 gemino
1429 3485 1712 3547 alimento
1743 3503 1812 3547 ac
1831 3504 2032 3548 mensa
2120 3493 2209 3542 est
2237 3481 2407 3552 illud,
2433 3487 2636 3561 accipe
2655 3490 2714 3544 et
2734 3484 3005 3556 comede,
3032 3484 3104 3543 da
3127 3501 3369 3562 operam
3395 3503 3468 3545 ne
3493 3485 3759 3564 vincare,

387 3574 496 3636 uti.
540 3573 769 3635 Etcum
804 3593 1020 3654 corpus
1055 3573 1158 3636 tibi
1200 3575 1274 3634 sit
1317 3584 1336 3635 t
1377 3584 1624 3646 rrestre,
1659 3575 1814 3655 quod
1859 3594 2038 3636 sensu

389 3661 718 3741 percipitur
742 3663 975 3724 animus
1001 3682 1087 3724 vei
1107 3683 1165 3736 ο,
1202 3663 1302 3743 qui
1344 3664 1468 3724 sola
1498 3662 1724 3724 ratione
1755 3682 2036 3742 compre-

389 3750 690 3831 henditur,
724 3769 795 3812 ac
821 3751 1060 3813 divinus
1090 3759 1200 3825 est,
1230 3753 1378 3813 illud
1414 3752 1590 3813 etiam
1629 3751 2036 3832 sensibilibus,

390 3847 510 3901 ete
542 3849 698 3900 terra
730 3841 1113 3902 nascentibus
1165 3841 1403 3920 eduliis,
1453 3843 1612 3903 hunc
1664 3841 2038 3902 intellectua-

390 3927 567 4003 libus,
602 3928 940 4008 divinisque
985 3928 1427 4010 Scripturarum
1481 3930 1734 4011 dapibus
1783 3930 2032 3990 nutrire.

2122 3588 2268 3631 neve
2293 3579 2492 3649 tangas
2514 3572 2658 3632 illud
2687 3593 2703 3646 ;
2728 3574 2964 3652 quando
2988 3591 3092 3652 per
3113 3572 3274 3632 aliud
3320 3572 3467 3632 nihil
3499 3573 3762 3633 Ada'nus

2122 3676 2155 3718 e
2206 3659 2476 3736 paradiso
2535 3663 2956 3722 exterminatus
3017 3669 3128 3733 est,
3173 3660 3286 3721 nisi
3342 3661 3479 3740 quia
3531 3660 3762 3723 arboris

2120 3747 2344 3808 fructus
2389 3750 2638 3828 pulcher
2668 3751 2745 3826 ei,
2781 3761 2839 3812 et
2871 3750 3059 3810 bonus
3089 3748 3158 3808 ad
3188 3749 3544 3809 vescendum
3571 3767 3759 3828 appa-

2121 3836 2258 3910 ruit,
2297 3845 2354 3897 et
2379 3839 2638 3899 comedit
2663 3857 2734 3901 ex
2758 3840 2908 3919 ipso,
2933 3838 3187 3917 ideoque
3218 3837 3442 3917 ejectus
3464 3846 3521 3898 et
3551 3839 3763 3918 expul-

2120 3945 2243 4000 sus,
2280 3935 2586 4007 morteque
2619 3937 2676 3989 et
2707 3929 3086 4008 corruptione
3136 3929 3449 3987 damnatus
3499 3935 3608 3988 est.
3655 3926 3765 3998 Qui

390 4015 597 4097 Itaque
628 4025 824 4095 partes
855 4019 915 4078 in
953 4037 1156 4079 mensa
1185 4019 1506 4099 appositas,
1531 4038 1645 4100 que
1678 4019 1828 4080 forte
1855 4020 2042 4098 major
2123 4033 2261 4092 ergo
2294 4016 2352 4075 in
2401 4015 2735 4096 paradisum
2783 4017 2974 4091 illum,
3027 4018 3116 4078 vel
3166 4016 3355 4096 potius
3401 4015 3461 4077 in
3512 4035 3762 4084 regnum

389 4113 489 4166 aut
539 4105 732 4166 minor
761 4107 838 4168 sit
869 4107 1103 4169 curiose
1147 4127 1222 4168 ne
1270 4108 1592 4188 inspicias:
1635 4109 1738 4169 sed
1774 4128 1904 4188 qlia}
1935 4109 2042 4168 tibi
2123 4104 2406 4165 caelorum
2459 4106 2673 4166 reverti
2731 4107 2953 4175 volunt,
2989 4105 3414 4167 continentiam
3469 4106 3597 4165 sine
3648 4106 3768 4166 ulla

395 4193 641 4274 praabita
679 4194 875 4270 fuerit,
901 4215 1029 4256 eam
1064 4217 1196 4257 cum
1249 4198 1411 4258 omni
1457 4201 1774 4276 gratiarum
1810 4198 2041 4258 actione
2127 4193 2595 4271 transgressione
2616 4195 2790 4255 etiam
2813 4195 2883 4254 ad
2913 4196 3038 4255 haec
3063 4213 3248 4275 usque
3267 4213 3501 4255 servare
3521 4193 3762 4268 debent,

394 4292 729 4362 susceptam
763 4285 1034 4358 comede,
1065 4287 1244 4365 idque
1277 4295 1702 4366 temperanter,
1734 4287 1792 4346 in
1840 4285 2038 4345 omni-
2063 4301 2200 4385 l)ne
2235 4283 2509 4362 paulatim
2538 4283 2597 4342 in
2633 4286 2909 4362 majores.
2957 4292 3016 4344 et
3044 4285 3248 4345 noxias
3291 4283 3642 4362 cupiditates
3671 4283 3764 4343 in-

396 4369 508 4430 bus
559 4375 922 4432 saturitatem
977 4375 1236 4450 fugiens;
1290 4375 1598 4452 indignum
1659 4375 1934 4435 videlicet
1986 4383 2040 4435 te
2068 4369 2385 4432 "currant.
2422 4370 2482 4433 Si
2511 4380 2567 4432 te
2600 4371 2811 4432 fratres
2857 4371 3034 4431 simul
3076 4371 3495 4433 accumbentes
3521 4373 3764 4432 hortan-

394 4460 644 4519 fratrum
678 4478 883 4521 mensa
913 4471 1219 4541 reputans,
1253 4463 1508 4543 taliaque
1535 4473 1732 4525 tecum
1759 4463 2034 4523 volvens:
2125 4469 2240 4533 tur,
2285 4472 2344 4522 ut
2390 4460 2644 4540 amplius
2690 4462 2989 4533 comedas,
3036 4469 3142 4520 aut
3180 4459 3369 4538 bibas,
3424 4459 3568 4520 nihil
3611 4459 3764 4521 aliud

396 4545 540 4619 Quis
579 4565 708 4606 sum
745 4566 853 4624 ego
893 4549 1158 4628 aijctus
1187 4559 1245 4612 et
1275 4552 1494 4612 nullius
1528 4551 1724 4631 pretii,
1773 4561 1836 4612 ut
1876 4553 2042 4612 hisce
2124 4551 2538 4631 respondebis,
2594 4550 2706 4610 nisi
2757 4549 2912 4629 quod
2958 4549 3182 4628 junctis
3229 4548 3500 4609 manibus
3532 4549 3767 4628 paulum

392 4634 618 4697 sanctis
650 4636 1050 4718 assideam,et
1073 4640 1268 4701 cibum
1293 4660 1409 4701 una
1429 4646 1655 4721 capiam
1676 4643 1704 4701 ’Ξ
1731 4640 1824 4702 Sic
1845 4649 2037 4701 tecum
2124 4658 2464 4718 assurgens,
2513 4639 2793 4699 inclinato
2843 4646 3058 4718 capite,
3107 4656 3171 4698 ac
3225 4656 3369 4698 voce
3399 4636 3762 4699 lenidices:

395 4724 670 4804 loquens,
717 4733 836 4784 toto
869 4727 1049 4788 corde
1081 4737 1137 4788 te
1168 4728 1358 4788 solum
1404 4739 1771 4808 peccatorem
1811 4729 2033 4790 ducito.

392 4811 905 4884 Quemadmodum
932 4816 1242 4877 mendicus
1270 4817 1509 4897 aliquis,
1543 4825 1600 4878 et
1631 4819 1848 4897 pannis
1876 4819 2042 4879 obsi-

396 4909 511 4976 tus,
539 4901 586 4962 si
613 4901 672 4963 in
697 4902 958 4964 medium
997 4904 1330 4985 principum
1356 4924 1424 4966 ac
1453 4906 1696 4968 divitum
1730 4907 2043 4986 splendide

397 4999 866 5071 sumptuoseque
907 4993 1247 5055 vestitorum
1283 4994 1582 5076 inciderit,
1622 4995 1939 5074 erubescit,
1974 5014 2042 5057 ac

399 5078 612 5140 timore
645 5082 940 5161 perfusus,
995 5101 1068 5144 ne
1111 5087 1589 5166 appropinquare
1624 5084 1906 5165 quidem,
1942 5092 2042 5144 aut

397 5168 644 5230 liberius
674 5171 960 5232 accedere.
991 5173 1063 5232 ad
1097 5193 1454 5253 quemquam
1489 5193 1700 5236 eorum
1731 5174 1926 5235 audet.
1955 5172 2040 5236 Si-

398 5257 621 5320 militer
652 5267 708 5318 tu
741 5278 880 5339 erga
906 5280 1114 5322 omnes
1151 5270 1207 5323 te
1237 5282 1400 5342 gere,
1433 5263 1627 5324 locum
1677 5271 2041 5342 postremum

399 5363 639 5427 semper
665 5346 914 5428 eligens,
937 5368 988 5412 et
1019 5369 1082 5411 os
1104 5351 1328 5432 pudore
1350 5351 1719 5425 suffundens,
1753 5369 1883 5411 cum
1905 5366 2044 5413 ante

475 5508 534 5567 50
576 5505 601 5570 Ι
631 5505 788 5573 Tim.
823 5527 887 5586 lt,
922 5511 982 5574 4.

2123 4728 2390 4806 Ignosce.
2417 4726 2514 4789 Sic
2559 4745 2799 4806 semper
2827 4727 2886 4787 in
2921 4726 3200 4786 omnibus
3232 4726 3612 4806 respondeto.
3650 4725 3772 4788 Nec

2127 4835 2486 4898 quemquam
2531 4816 2606 4877 de
2651 4816 2766 4876 tuis
2804 4815 3076 4896 reliquiis
3109 4815 3355 4886 honora,
3391 4834 3502 4876 nec
3533 4815 3609 4876 ab
3639 4815 3772 4876 aliis

2126 4907 2448 4988 quidquam
2498 4905 2722 4984 accipe.
2777 4905 2836 4966 Si
2895 4905 3093 4965 vinum
3138 4923 3255 4964 non
3304 4902 3479 4975 bibis,
3522 4903 3666 4965 illud
3697 4923 3772 4966 ne

2127 5014 2358 5076 poscas;
2385 4996 2488 5055 sed
2522 5012 2631 5055 nec
2661 4993 2831 5055 alteri
2875 4995 3128 5073 cuipiam
3163 5011 3230 5054 ex
3265 4992 3542 5054 fratribus
3575 4993 3770 5072 porri-

2124 5104 2248 5165 gas,
2299 5084 2411 5146 nisi
2453 5086 2603 5145 forte
2654 5084 3024 5163 peregrimus
3075 5091 3186 5150 est,
3236 5091 3294 5142 et
3341 5101 3485 5143 usus
3524 5083 3773 5163 alicujus

2123 5174 2314 5252 gratia
2345 5173 2417 5234 ad
2451 5181 2506 5233 te
2531 5175 2713 5233 venit.
2750 5171 2884 5234 Noli
2915 5189 3171 5251 unquam
3205 5189 3338 5230 cum
3391 5171 3592 5251 aliquo
3638 5181 3774 5233 ante

2128 5271 2360 5342 tempus
2382 5270 2637 5339 gustare,
2661 5279 2771 5321 nec
2799 5261 3032 5341 vesperi
3055 5259 3398 5341 comedere,
3415 5269 3515 5322 aut
3540 5259 3776 5335 bibere,

2127 5359 2228 5413 aut
2255 5368 2495 5414 ccenare
2525 5349 2770 5424 iterum;
2806 5349 2943 5410 hinc
2979 5349 3140 5410 enim
3173 5348 3328 5409 mala
3357 5349 3560 5411 omnia
3591 5352 3772 5432 proti-
