4112 6106
376 257 410 321 4
427 257 494 321 45
1803 262 2004 324 ORAT

2127 261 2314 322 xxv.
3600 236 3733 328 ’446

370 393 700 454 ciscuntur.
773 392 967 474 Atque
1018 394 1108 454 hae
1155 401 1291 454 sunt
1336 391 1589 464 insidiae,
1624 399 1679 453 et
1715 390 2015 453 1ἱιιᾶὶοιιιω
2034 401 2075 449 Α
2099 410 2295 452 coram
2330 393 2449 454 Deo
2484 395 2762 474 psallens,
2797 397 2874 467 ei,
2911 403 2969 458 et
2998 395 3310 468 conﬁtens,
3337 393 3604 473 nihilque
3624 410 3736 474 pe-

373 479 616 555 diaboli,
644 501 774 562 quae
813 501 944 542 cum
991 481 1250 561 Speciem
1297 481 1436 542 boni
1486 480 1761 554 habeant,
1817 490 2014 542 tamen
2098 481 2256 542 nilus
2289 483 2617 562 negligens.
2673 485 3026 565 Vespertino
3077 483 3273 545 ofﬁcio
3328 487 3649 561 completo,
3686 482 3735 542 si

370 590 664 633 venenum
698 581 900 651 tegunt
933 573 1331 647 mortiferum,
1363 590 1530 652 quas,
1567 571 1664 651 qui
1701 571 1886 631 credit
1914 590 2014 630 no-

370 660 482 734 bis,
500 661 706 740 fugiet,
726 669 782 723 et
811 661 910 742 qui
937 671 1100 741 paret
1120 661 1315 722 verbis
1333 660 1480 722 meis
1501 660 1670 733 meis,
1697 660 1765 720 ad
1769 661 1792 739 j
1805 668 2014 722 uvante

368 749 515 825 Deo,
555 761 613 811 et
634 750 891 832 Spiritus
928 750 1114 812 sancti
1143 751 1352 829 gratia,
1387 749 1614 811 nullum
1649 749 1720 809 ab
1755 750 1842 810 eis
1875 749 2010 809 vul-

368 857 482 902 nus
503 839 1004 902 detrimentumve
1031 839 1374 919 reportahit.
1396 839 1604 903 Caeteri
1635 839 1811 898 vitam
1844 857 2015 898 mun-

369 928 581 990 danam
605 931 717 991 sub
736 929 936 991 habitu
970 927 1243 989 monachi
1276 947 1340 989 se
1363 927 1692 989 consectari
1715 929 2006 999 nesciunt,

366 1035 478 1080 nec
528 1036 594 1079 se
642 1018 704 1081 in
753 1017 1029 1080 baratbra
1078 1026 1136 1079 et
1182 1017 1507 1098 praecipitia
1557 1015 1836 1078 incedere
1866 1034 2009 1078 sen-

369 1107 542 1170 tiunt.

448 1196 536 1258 Tu
558 1196 760 1277 igitur,
779 1197 958 1257 frater
977 1195 1403 1271 amantissime,
1429 1195 1553 1256 haec
1583 1212 1818 1255 servare
1840 1194 2008 1269 velis,

365 1285 757 1347 etiamsi'tibi
809 1285 1184 1346 moriendum
1228 1285 1344 1359 sit;
1397 1284 1616 1365 alioqui
1675 1284 2006 1345 daemonem

362 1374 812 1456 gastrimargiae,
843 1393 950 1436 seu
999 1375 1151 1454 gula:
1197 1375 1458 1452 effugere
1505 1393 1621 1434 non
1668 1372 1910 1454 poteris.
1945 1371 2009 1435 Si

361 1465 715 1540 servaveris,
767 1466 915 1526 scito
947 1464 1247 1525 diabolum
1279 1472 1664 1543 conspectum
1697 1469 1859 1523 tuum
1889 1480 2004 1523 non

2096 579 2265 648 potes
2289 592 2318 628 ει
2353 572 2484 633 cibo
2518 580 2576 632 et
2613 582 2748 654 potu
2797 573 3103 634 abstinere
3143 571 3410 647 omnino,
3447 572 3730 632 decreve-

2094 658 2294 740 risque
2311 667 2492 721 semel
2520 662 2580 722 in
2598 663 2907 724 die‘cibum
2923 681 3188 734 sumere,
3215 681 3331 722 non
3350 661 3650 739 vulgarem
3676 661 3736 720 in

2097 749 2490 827 persolvendo
2519 753 2860 831 vespertino
2884 751 3078 812 ofﬁcio
3113 759 3235 825 tuo,
3263 759 3321 812 et
3352 752 3412 810 in
3445 759 3740 810 nocturna

2094 838 2456 916 precatione,
2484 840 2805 921 vigiliaque
2825 841 3140 904 utilitatem
3173 841 3465 902 invenies.
3489 838 3592 900 Sin
3623 857 3736 899 au-

2095 933 2238 1005 tem,
2259 944 2379 988 uno
2409 928 2722 1008 paximatio
2754 948 2855 990 seu
2882 949 3056 1010 pane,
3083 939 3270 991 etuno
3296 948 3462 1010 aquae
3493 928 3733 1009 poculo,

2093 1022 2254 1076 extra
2275 1015 2336 1076 in
2361 1017 2744 1079 valitudinem
2769 1017 3026 1098 aliquam
3077 1031 3138 1082 et
3179 1020 3483 1098 langorem
3509 1026 3734 1078 stoma-

2095 1103 2212 1176 chi,
2265 1114 2578 1168 contentus
2626 1116 2776 1169 esto.
2835 1107 2949 1171 Ubi
3003 1127 3137 1170 cum
3200 1107 3478 1169 fratribus
3522 1124 3736 1187 preces

2091 1195 2461 1271 vespertinas
2509 1197 2631 1257 Dea
2665 1196 3028 1276 reddideris,
3080 1197 3151 1258 ad
3213 1197 3395 1277 pedes
3435 1195 3734 1277 praepositi

2094 1282 2343 1359 perinde
2373 1291 2435 1346 ut
2465 1285 2540 1346 ad
2587 1285 2750 1365 ipsos
2796 1285 3012 1347 Christi
3063 1285 3246 1366 pedes
3293 1285 3650 1364 procumbes
3679 1290 3736 1344 et

2091 1367 2511 1434 benedictione
2540 1373 2612 1435 ab
2646 1391 2718 1436 eo
2751 1381 3056 1454 percepta,
3090 1375 3478 1454 salutatisque
3517 1372 3736 1434 sanctis

2087 1457 2390 1535 fratribus,
2421 1465 2651 1536 tacitus,
2679 1464 2905 1526 nemini
2928 1463 3169 1524 verbum
3191 1464 3415 1525 faciens
3437 1463 3494 1523 in
3520 1462 3730 1522 cellam

358 1553 677 1629 ferentem,
733 1572 940 1615 omnes
989 1561 1193 1614 contra
1251 1563 1305 1614 te
1355 1552 1595 1632 ignavos
1647 1570 1719 1612 ac
1764 1551 2245 1612 (lesidethuam
2283 1553 2521 1625 recede,
2565 1553 2958 1632 obscratoque
3000 1553 3171 1627 ostio,
3217 1553 3452 1632 corripe
3479 1551 3733 1632 primum

362 1643 882 1722 cxcitaturum,qui
899 1641 1200 1723 pterobris
1224 1642 1626 1715 conscindent,
1642 1639 2010 1718 irredebunt,

362 1732 750 1795 invidebunt.
781 1733 1056 1809 illudent,
1083 1732 1490 1812 vexabuntque
1528 1731 1774 1811 millies,
1805 1739 1867 1791 ut
1901 1740 1958 1792 te
1982 1750 2014 1791 a

361 1820 520 1882 bono
564 1822 840 1895 consilio,
877 1829 933 1882 et
965 1822 1300 1884 actionibus
1349 1821 1675 1883 salutiferis
1709 1833 1956 1883 avocent
1993 1839 2005 1882 :

363 1930 495 1992 qua:
531 1911 582 1972 si
615 1931 782 1992 aequo
834 1911 1034 1973 animo
1079 1912 1317 1984 toleres,
1375 1929 1650 1988 magnum
1699 1929 1732 1970 a
1783 1912 1904 1972 Deo
1955 1917 2014 1970 nt

365 1999 672 2062 Satvatore
726 2009 928 2062 nostro
978 2001 1284 2077 auxilium,
1336 1998 1735 2079 solatiumque
1790 2016 2009 2061 conse-

365 2108 573 2169 quere.
609 2088 864 2151 Proinde
895 2097 953 2150 et
975 2089 1106 2150 aliis
1133 2089 1192 2150 in
1225 2107 1390 2151 ctena
1422 2088 1766 2150 sedentibus
1797 2107 1865 2149 ac
1888 2107 2012 2149 ves-

364 2178 664 2259 centibus,
719 2186 773 2239 te
815 2188 1014 2241 autem
1067 2197 1212 2250 non,
1263 2179 1367 2240 sed
1427 2178 1548 2238 sive
1611 2177 2005 2249 ministrante,

369 2268 493 2328 sive
527 2267 687 2328 aliud
720 2276 953 2346 agente,
991 2287 1063 2328 ne
1085 2267 1460 2347 obliviscare,
1497 2266 1672 2327 etiam
1707 2267 1831 2327 haec
1863 2266 2007 2328 tibi-

366 2365 486 2416 met
519 2356 728 2416 tacitus
758 2364 1032 2417 cantare:
1061 2355 1118 2418 Si
1146 2355 1290 2417 satis
1322 2365 1378 2416 et
1405 2375 1498 2416 me
1533 2355 1929 2434 paenituisset.
1953 2363 2010 2415 et

365 2444 514 2505 mihi
535 2463 771 2526 quoque
811 2455 1045 2524 peccata
1087 2464 1219 2506 mea
1257 2445 1507 2506 remissa
1529 2453 1750 2518 essent,
1787 2445 2007 2522 gaude-

364 2552 492 2595 rem
527 2541 587 2594 et
617 2552 748 2614 ego,
787 2543 844 2595 et
873 2553 1009 2596 cum
1045 2535 1323 2595 fratribus
1368 2534 1515 2595 meis
1563 2533 2000 2595 accumberem.

367 2622 660 2696 Quoniam
693 2635 893 2684 autem
927 2642 1030 2702 per
1059 2624 1208 2685 foeda
1243 2624 1505 2685 facinora
1535 2641 1665 2685 mea
1695 2622 2005 2701 indignum

367 2730 463 2774 me
494 2711 729 2773 reddidi
763 2713 966 2787 miser,
999 2713 1095 2774 hic
1125 2713 1447 2775 secundem
1483 2731 1662 2790 opera
1688 2731 1817 2772 mea
1847 2711 2006 2771 reci-

2099 1637 2392 1714 codicem,
2409 1650 2465 1702 et
2482 1642 2708 1720 paginis
2726 1642 3172 1705 circitertribus
3195 1651 3416 1703 attente
3432 1639 3732 1721 perlectis,

2097 1736 2184 1786 sta
2206 1727 2277 1787 ad
2302 1731 2612 1811 orandum,
2655 1733 2859 1810 psalle,
2887 1742 2945 1795 et
2973 1735 3156 1794 adora
3196 1735 3376 1795 Deum
3411 1731 3632 1812 quiete,
3670 1739 3735 1790 ut

2094 1833 2126 1875 a
2151 1817 2309 1876 nullo
2332 1819 2614 1884 audiaris.
2642 1819 2742 1883 Sta
2765 1831 2957 1882 autem
2982 1823 3252 1896 honeste,
3277 1841 3388 1883 nec
3422 1819 3733 1897 cogitatio-

2094 1923 2199 1965 nes
2230 1905 2372 1967 alibi
2406 1916 2630 1969 temere
2661 1913 2852 1986 vagari
2885 1911 3038 1985 sine,
3065 1913 3167 1972 sed
3197 1930 3296 1973 eas
3318 1910 3550 1986 collige.
3575 1909 3734 1971 Con-

2084 1994 2269 2073 junge
2290 2015 2524 2078 manus,
2553 1999 2845 2078 conjunge
2877 2001 3060 2080 pedes
3089 2000 3419 2080 aequaliter,
3444 1999 3735 2060 etimmo-

2091 2082 2313 2165 biliter,
2349 2087 2474 2165 pari
2495 2087 2761 2166 vestigio.
2788 2087 3005 2151 Oculos
3025 2089 3256 2164 claude,
3287 2107 3360 2149 ne
3383 2087 3543 2149 aliud
3574 2085 3732 2165 aspi-

2092 2172 2272 2247 ciant,
2315 2184 2696 2256 mentemque
2736 2177 3086 2240 distrahant.
3141 2179 3402 2239 Mentem
3437 2174 3729 2256 porroip-

2091 2271 2579 2345 samptotumque
2603 2274 2886 2327 cortuum
2910 2266 2967 2326 in
3002 2267 3216 2328 ccelum
3246 2266 3316 2328 ad
3338 2265 3523 2326 Deum
3544 2265 3727 2326 eleva.

2091 2349 2229 2412 inde
2279 2371 2410 2413 cum
2457 2353 2772 2432 gemitibus
2827 2364 2885 2416 et
2931 2356 3204 2436 lacrymis
3254 2353 3730 2416 misericordiam

2090 2441 2438 2519 implorans.
2467 2443 2727 2504 Psalmos
2758 2463 2790 2504 a
2825 2449 2990 2506 Patre
3014 2454 3110 2506 tuo
3134 2443 3430 2524 spirituali
3463 2442 3568 2502 tibi
3593 2461 3733 2502 con-

2093 2531 2330 2592 stitutos
2362 2530 2536 2600 habe,
2590 2533 2692 2611 qui
2744 2534 3026 2596 nimirum
3073 2533 3252 2596 verba
3284 2531 3646 2614 paenitentiae
3675 2539 3734 2592 et

2093 2619 2571 2698 compunctionis
2602 2622 2929 2698 continent,
2965 2631 3023 2684 et
3053 2632 3339 2704 quotquot
3365 2622 3613 2702 viribus,
3642 2640 3732 2681 vo-

2092 2707 2424 2790 luntatique
2468 2711 2792 2773 sufﬁciunt.
2842 2711 3101 2774 Necesse
3151 2723 3241 2774 est
3273 2712 3432 2774 enim
3469 2719 3524 2771 te
3569 2711 3729 2790 psal-

369 2801 489 2882 pio.
539 2802 678 2863 Haec
726 2800 836 2862 tibi
882 2801 1088 2882 dicito,
1137 2810 1194 2862 et
1241 2802 1468 2881 impera
1497 2799 1688 2862 ventri
1719 2799 2065 2880 quantumC
2094 2817 2326 2859 morum
2375 2800 2858 2880 hymnodiam,ct
2889 2801 3234 2863 crebitatem
3277 2799 3729 2880 genuﬁexionis,

369 2897 559 2971 potes.
606 2889 834 2950 Primos
863 2890 1167 2951 accubitus
1216 2909 1516 2970 nunquam
1562 2889 1871 2962 desidera;
1904 2889 2009 2950 sed

300 3050 305 3054 ,
369 2980 469 3040 odi
510 2998 580 3041 ex
625 2982 847 3054 animo,
882 2987 944 3039 ut
973 2978 1268 3058 superbia:
1309 2977 1640 3040 materiam.
1695 2978 2011 3040 Humilitas

371 3067 531 3129 enim
566 3075 666 3130 tua
689 3066 968 3129 exaltabit
1013 3075 1106 3128 te:
1142 3077 1198 3128 et
1228 3067 1497 3127 inﬁmum
1545 3085 1675 3126 esse
1716 3066 2006 3142 omnium,

371 3157 627 3236 primum
653 3162 708 3216 te
739 3155 999 3232 efﬁciet;
1033 3157 1168 3236 quia
1191 3155 1472 3234 scriptum
1504 3165 1630 3217 est:
1658 3153 1875 3217 Omnis
1905 3155 2012 3234 qui

368 3246 630 3325 seipsum
647 3245 1345 3318 exaltathumiliabitur,
1359 3253 1416 3304 et
1429 3243 2011 3324 quiseipsumhumi-

371 3332 484 3396 liat
504 3334 968 3397 exaltabituriil.
994 3333 1101 3397 Ubi
1128 3352 1264 3394 vero
1302 3353 1432 3394 cum
1470 3333 1750 3394 fratribus
1774 3332 2012 3394 univer-

373 3421 454 3483 sis
485 3422 559 3483 de
591 3440 798 3482 mensa
853 3424 1206 3495 surrexeris,
1259 3421 1500 3502 Deoque
1536 3421 1752 3498 gratias
1793 3421 2010 3501 egeris,

372 3519 545 3591 atque
574 3531 604 3571 a
630 3511 938 3572 sacerdote
962 3510 1241 3572 dimissus
1281 3511 1486 3584 fueris,
1527 3529 1662 3571 cum
1687 3509 1925 3572 silentio
1949 3510 2007 3570 in

373 3601 577 3661 cellam
601 3609 756 3660 tuam
782 3600 1016 3681 festina,
1042 3602 1358 3680 clausoque
1385 3599 1764 3684 ostiolibrum
1786 3599 2002 3679 arripe,

374 3698 429 3750 et
461 3695 592 3769 post
623 3689 863 3751 brevem
898 3690 1240 3763 lectionem,
1285 3693 1334 3750 si
1379 3690 1618 3770 quidem
1661 3689 1787 3750 dies
1825 3689 2008 3750 azstivi

373 3786 528 3853 sunt,
555 3796 737 3856 super
757 3779 1071 3839 store‘olam
1098 3786 1253 3840 tuam
1283 3777 1599 3852 recubans,
1645 3777 2008 3838 breviculum

374 3884 642 3926 somnum
703 3884 901 3946 carpe.
971 3867 1204 3929 Etenim
1259 3869 1620 3928 saturitatem
1681 3866 1891 3939 vitans,
1955 3874 2013 3926 et

375 3964 609 4017 tenuem
660 3955 950 4016 adhibens
997 3957 1337 4017 alimoniam
1417 3976 1628 4037 panem
1676 3956 1904 4017 scilicet
1956 3963 2014 4017 et

2092 2895 2328 2968 tempus
2358 2890 2625 2950 stationis
2655 2890 2725 2950 ad
2760 2890 2932 2964 vires,
2969 2899 3028 2952 et
3057 2892 3242 2952 robur
3272 2899 3435 2951 tuum
3469 2888 3727 2968 exigere,

2094 2995 2169 3037 ne
2200 2987 2256 3039 te
2304 2979 2670 3040 conscientia
2714 2987 2813 3041 tua
2862 2980 3269 3060 reprehendes
3299 2979 3491 3040 dicat:
3523 2978 3735 3041 Adhuc

2095 3075 2273 3148 stare,
2300 3068 2549 3148 hymnos
2587 3088 2884 3150 promere,
2919 3089 2986 3130 ac
3018 3069 3138 3132 Deo
3169 3069 3439 3131 conﬁteri
3471 3076 3727 3148 poteras.

2093 3157 2311 3217 ΑΜ]ωο
2334 3157 2452 3217 sint
2474 3157 2579 3218 tibi
2603 3161 2774 3218 etiam
2801 3177 3008 3238 preces
3028 3159 3173 3240 ipsae
3197 3157 3478 3238 deﬁnitw,
3499 3153 3733 3216 matuti-

2095 3263 2229 3305 nam
2254 3251 2314 3305 et
2339 3247 2740 3325 vespertinam
2773 3249 2842 3308 ad
2878 3247 3063 3310 Deum
3100 3247 3542 3308 confessionem
3582 3263 3729 3305 con-

2096 3333 2374 3396 tinentes.
2426 3335 2754 3397 Defunctus
2813 3338 3115 3417 precibus,
3176 3336 3374 3398 denuo
3435 3333 3734 3415 paulisper

2095 3424 2249 3502 lege.
2283 3422 2513 3485 Deinde
2547 3444 2697 3506 opus
2730 3445 3007 3487 manuum
3044 3444 3313 3506 capesse,
3347 3432 3404 3486 et
3437 3441 3626 3504 usque
3655 3422 3731 3482 ad

2099 3513 2346 3592 primam
2373 3513 2626 3591 vigiliam
2660 3515 2910 3589 ﬁnitam,
2936 3514 2994 3575 id
3033 3523 3142 3585 est,
3183 3532 3370 3594 usque
3392 3512 3465 3573 ad
3499 3510 3730 3572 tertiam

2095 3603 2301 3663 horam
2333 3603 2522 3665 noctis
2545 3605 2657 3664 hoc
2683 3622 2809 3683 age.
2840 3603 2982 3667 Cum
3004 3609 3089 3665 sic
3115 3602 3470 3675 surrexeris,
3490 3609 3546 3660 et
3567 3601 3732 3662 fece-

2093 3689 2176 3750 ris
2204 3693 2294 3747 τὸν
2338 3690 2574 3772 ὅμαιμον,
2607 3693 2972 3771 (ρεθιιηοίὶὶω
3000 3710 3186 3769 genus
3216 3696 3323 3763 est)
3352 3689 3580 3768 signato
3606 3707 3734 3750 cor-

2097 3796 2238 3857 pore
2267 3784 2390 3841 toto
2426 3798 2607 3860 super
2645 3789 2902 3840 stoream
2953 3789 3110 3840 tuam
3142 3779 3314 3852 cuba,
3351 3789 3409 3840 et
3441 3794 3623 3858 usque
3655 3777 3728 3836 ad

2094 3875 2327 3928 noctem
2371 3869 2629 3929 mediam
2676 3885 2888 3933 somno
2938 3877 3131 3949 capto,
3187 3869 3470 3947 deinceps
3522 3868 3632 3939 fac,
3669 3874 3732 3926 ut

2093 3955 2197 4015 tibi
2227 3975 2258 4016 a
2292 3957 2584 4038 principio
2616 3957 2864 4017 formam
2901 3957 3229 4018 traddimus
3254 3956 3406 4036 (12).

371 4065 578 4126 aquam
613 4064 747 4106 cum
779 4065 1079 4118 mensura,
1110 4053 1166 4106 et
1191 4047 1372 4121 olora,
1407 4055 1503 4106 aut
1535 4045 1853 4120 legumina,
1891 4047 1969 4106 mi
2030 4063 2072 4112 D
2172 4044 2466 4106 Praeterea
2509 4046 2759 4124 cogitata
2806 4046 3002 4106 cordis
3049 4045 3130 4104 tui
3166 4045 3317 4104 l’atri
3352 4054 3447 4104 tuo
3479 4041 3728 4123 Spiritu-

372 4155 478 4196 nus
509 4135 792 4206 dormies,
844 4144 899 4195 et
929 4135 1107 4196 citius
1138 4154 1438 4211 exsurges.
1476 4133 1536 4196 Si
1570 4135 1758 4196 hiems
1801 4135 2001 4208 fuerit,

371 4235 676 4304 postquam
712 4242 894 4304 pauca
915 4223 1153 4300 legeris,
1177 4224 1342 4303 operi
1363 4242 1639 4284 manuum
1667 4223 1999 4301 accingere,

369 4314 502 4373 etin
528 4332 596 4374 eo
624 4331 962 4390 perseveia,
991 4314 1180 4392 quoad
1229 4313 1448 4391 lignum
1486 4313 1560 4373 ad
1604 4313 2001 4392 vespertinam

368 4401 740 4481 hymnodiam
793 4420 892 4462 vos
940 4403 1348 4462 convocavcrit
1406 4403 1560 4480 (ll).
1597 4400 1744 4461 Tum
1795 4420 2001 4462 rursus

368 4491 604 4570 synaxin
637 4490 960 4568 ingressus,
1005 4499 1092 4551 sta
1123 4510 1257 4552 cum
1305 4490 1515 4551 timore
1569 4498 1625 4550 ct
1673 4491 2001 4552 attentione

438 4676 491 4726 δι
529 4676 731 4738 Matth.
768 4693 932 4750 xxnt,
978 4677 1068 4741 12.

443 4835 525 4916 (ί)
611 4823 730 4902 Ἑως
790 4861 850 4895 το
921 4837 1068 4903 ξύλον
1140 4839 1238 4905 τὴν
1308 4836 1564 4913 ὑμνῳδίαν
1635 4839 1851 4914 σημάνῃ
1910 4844 2001 4894 τοῦ

359 4914 673 4998 λυχνεσιοῦγ
700 4917 835 4998 Syn.
879 4921 910 4976 7
936 4939 962 4998 7:
1004 4927 1116 4980 act.
1162 4919 1196 4980 4
1240 4936 1415 4979 sacra
1451 4917 1619 4994 ligna
1661 4917 1996 4998 pulsantes;

359 5013 550 5076 neque
581 4997 1162 5061 enim'oliminhunc
1185 5017 1352 5058 usum
1389 5007 1554 5059 erant
1586 5007 1801 5070 aera,ut
1822 4997 2002 5058 hodie

437 5077 556 5158 (1:2)
588 5076 1014 5158 Prancipiebant
1045 5079 1169 5140 haec
1197 5087 1254 5138 et
1277 5077 1496 5138 similia
1519 5085 1694 5158 veter.
1721 5076 1848 5136 silli
1879 5095 2004 5137 mo-

356 5157 596 5218 nasticaz
627 5158 758 5218 vita;
780 5157 1074 5234 magistri,
1110 5168 1232 5219 tum
1274 5157 1625 5219 reverentiae
1657 5175 1835 5218 causa
1858 5174 1998 5232 erga

354 5237 736 5317 superiores;
776 5246 896 5298 tum
932 5247 992 5297 ut
1023 5238 1290 5299 subditos
1323 5256 1354 5298 a
1399 5236 1729 5300 temerariis
1753 5236 1997 5314 judiciis

353 5325 670 5379 arcerent:
706 5337 738 5379 ε
772 5319 991 5396 quibus
1039 5337 1216 5378 nemo
1265 5322 1551 5379 remotius
1605 5317 1788 5379 distat
1819 5335 1994 5395 quam

351 5396 450 5478 ille
481 5397 690 5478 quiune
719 5397 1169 5478 demanifestis
1213 5397 1452 5478 quidem
1499 5396 1791 5478 judicium
1840 5397 1998 5478 ferre

351 5475 522 5560 solet.
568 5475 692 5560 Nec
741 5477 981 5560 mirum,
1019 5478 1154 5560 talia
1198 5475 1517 5560 praecepta
1545 5475 1839 5560 religiosa;
1867 5476 2001 5560 vita),

391 5557 788 5620 rofessoribus
816 5557 1002 5618 fuisse
1035 5555 1215 5634 data;
1238 5555 1476 5634 quando
1500 5565 1562 5618 ut
1593 5555 1998 5619 Constantium

411 5578 788 5620 ὀιεεεοι-ιουε
816 5578 1002 5618 ιυιεδθ
1035 5578 1192 5634 nata,
1283 5578 1476 5620 uanao
1500 5578 1562 5618 ιιι
1593 5578 1998 5619 uonsranuum

411 5656 628 5719 agnum
662 5638 1085 5719 imperatorem
1114 5578 1308 5701 simile.
1333 5637 1474 5720 quid
1505 5636 1806 5701 factitasse
1835 5655 2004 5700 acce-

2087 4135 2164 4195 ali
2195 4135 2254 4195 in
2283 4136 2482 4209 horas,
2507 4135 2555 4195 si
2586 4145 2798 4216 potest,
2825 4135 3041 4194 indica.
3072 4133 3161 4193 sin
3187 4136 3408 4204 minus,
3443 4151 3519 4194 ne
3551 4149 3728 4191 unam

2085 4240 2417 4302 vesperam,
2480 4223 2716 4296 dilecte,
2773 4228 3110 4301 praetereas,
3165 4219 3268 4281 sed
3319 4228 3450 4300 post
3491 4217 3730 4278 matuti-

2087 4331 2249 4386 num,
2295 4311 2550 4372 dicussis
2597 4311 2877 4372 omnibus
2925 4329 3056 4390 qua:
3089 4310 3191 4368 tibi
3225 4317 3618 4386 cont'g-runt,
3677 4307 3729 4368 ei

2087 4415 2405 4480 expone,et
2447 4401 2620 4462 ﬁdem
2663 4400 3048 4460 indubitatam
3075 4417 3211 4476 erga
3243 4399 3407 4459 illum
3457 4397 3634 4469 habe,
3673 4404 3731 4456 et

2085 4491 2133 4552 si
2168 4499 2319 4554 totus
2353 4491 2608 4552 mundus
2636 4490 2686 4551 ei
2721 4489 3070 4552 convitietur
3101 4499 3274 4568 atque
3322 4488 3637 4561 obtrectet,
3677 4495 3735 4546 et

2087 4835 2279 4916 pimus
2305 4854 2317 4898 :
2341 4836 2416 4896 In
2456 4835 2813 4916 Scripturis
2845 4845 3147 4916 n‘qrrqur
3164 4838 3594 4916 Constantinus
3618 4836 3732 4916 im-

2084 4913 2330 4994 perator
2357 4913 2621 4978 dixisse.
2652 4915 2845 4995 inquit
2874 4913 3150 4976 Nicolaus
3175 4919 3400 4994 primus
3431 4915 3726 4986 Pontifex,

2085 4996 2350 5075 ingepist.
2384 5001 2454 5056 at
2503 4996 2858 5056 Ludovicum
2891 4995 3336 5075 imperatorem.
3375 5005 3428 5056 et
3480 4995 3734 5055 refertur

2086 5094 2118 5136 a
2149 5073 2428 5138 Grationo
2455 5075 2516 5137 d.
2547 5077 2663 5139 96:
2708 5075 2848 5137 Vere
2877 5078 2930 5136 si
2973 5073 3244 5154 propriis
3291 5077 3486 5137 mulis
3537 5075 3727 5135 vidis-

2077 5173 2200 5216 sem
2231 5158 2598 5219 sacerdotem
2638 5155 2770 5228 Dei,
2805 5164 2915 5217 aut
2945 5157 3204 5232 aliquem
3236 5173 3448 5216 corum
3477 5154 3582 5232 qui
3607 5170 3732 5214 mo-

2078 5235 2328 5298 nachico
2375 5235 2590 5298 habitu
2621 5241 2856 5298 circum
2885 5235 3091 5297 amicti
3136 5243 3301 5308 sunt,
3354 5240 3726 5314 peccantem,

2078 5315 2458 5401 chlamydem
2506 5333 2705 5401 meum
2745 5315 3191 5401 caspotiurem,
3245 5322 3301 5401 et
3353 5313 3730 5401 reaper-irem

2080 5413 2213 5457 cum
2247 5393 2321 5457 ne
2352 5397 2428 5458 ab
2457 5396 2664 5474 aliqua
2692 5393 3032 5457 videretur.
3066 5393 3206 5474 Hzec
3236 5394 3310 5455 de
3340 5393 3730 5474 Constantino

2081 5474 2358 5538 Nicolaus
2389 5472 2686 5552 Ponti—fex,
2723 5483 2782 5536 ct
2810 5481 2946 5536 ante
2977 5493 3114 5537 eum
3139 5473 3410 5537 Rufﬁnus
3439 5482 3497 5538 et
3523 5472 3729 5536 Theo-

2082 5558 2354 5620 doretus.
