4112 6106
352 303 470 368 449

1786 292 2066 371 ORATIO
2110 304 2321 371 XXVI.

3611 296 3731 374 450

345 440 548 501 odium
571 439 920 515 fraternum,
942 440 1248 516 invidiam,
1273 442 1489 515 zelum,
1512 443 1989 512 contentionem,
2017 451 2052 498 Α
2077 458 2214 501 rum
2236 447 2438 501 autem
2464 457 2585 501 non
2607 439 2867 503 audiunt
2889 438 2973 499 68.
3009 439 3297 520 Reliquos
3326 438 3591 500 omnium
3622 437 3729 500 ho-

351 528 849 590 existimationem
869 529 1211 607 praeclaram
1223 531 1397 610 sui,et
1412 531 1673 612 reliquos
1693 532 1993 614 deinceps)

355 617 629 679 mandata
661 630 723 677 ut
756 617 1105 692 medicinas,
1158 620 1517 681 ten'ationcs
1574 627 1636 681 ut
1666 629 1990 689 cauti-rem.

352 725 455 767 seu
475 706 697 768 ferrum
724 706 1122 786 chirurgicum
1150 709 1243 769 his
1263 709 1598 788 imponens.
1630 710 2000 773 humiliatus-

354 813 471 875 que
501 814 569 856 ac
594 794 826 873 lugens,
866 804 922 856 et
955 815 1128 876 opem
1184 797 1441 859 divinam
1475 798 1755 860 ardenter
1786 800 1993 880 exqui-

359 903 521 951 rens.
585 883 837 963 gratiam
887 886 1074 945 sancti
1132 884 1387 966 Spiritus
1443 887 1882 963 advenientem,
1936 909 2003 951 ac

359 973 627 1053 singulos
672 973 1022 1034 evellentem
1057 976 1569 1057 perimentemque
1595 976 1778 1058 videt,
1812 978 2007 1040 donec

361 1061 620 1122 animam
656 1065 789 1139 ejus
821 1060 891 1123 ab
952 1063 1227 1125 omnibus
1286 1064 1414 1125 istis
1473 1065 1710 1126 tandem
1746 1068 2007 1145 perfecte

362 1149 613 1210 liberam
636 1150 1020 1213 reddat.Non
1044 1152 1203 1213 enim
1224 1153 1384 1213 illam
1411 1171 1479 1214 ex
1513 1162 1698 1233 parte,
1733 1155 1836 1216 sed
1873 1175 2006 1216 om-

362 1238 502 1299 nino
538 1257 607 1301 ac
659 1257 805 1320 pure
863 1241 1198 1303 l’aracletus
1260 1260 1517 1322 praesens
1579 1243 1635 1303 in
1670 1243 2004 1305 libertatem

363 1328 667 1390 vindicare
696 1328 838 1389 vult.
874 1328 1017 1391 Cum
1054 1330 1373 1392 nominatis
1403 1334 1561 1392 enim
1595 1332 2008 1393 affectionibus

360 1417 646 1497 quidquid
682 1427 770 1479 est
804 1419 1242 1494 mmstitudinis,
1288 1421 1575 1501 quidquid
1610 1423 2005 1502 negligentiae,

361 1507 655 1587 quidquid
689 1509 958 1584 desidiae,
992 1509 1366 1587 ignorantiae,
1416 1511 1753 1583 oblivionis,
1788 1504 2009 1590 gastrii

366 1596 633 1675 rnargiae,
667 1598 846 1659 studii
904 1598 1239 1678 voluptarii,
1303 1600 1447 1680 haec,
1512 1600 1774 1680 inquam,
1808 1601 2007 1681 omnia

362 1683 542 1762 fugat,
598 1685 868 1766 adeoque
923 1687 1225 1748 hominem
1282 1698 1548 1761 renovat,
1614 1698 1670 1751 et
1718 1690 2007 1752 instaurat

364 1773 559 1834 anima
589 1773 767 1835 simul
792 1784 1132 1858 etcorpore,
1158 1786 1220 1839 ut
1242 1796 1359 1837 non
1377 1778 1636 1838 interitui
1660 1777 2003 1853 obnoxium,

366 1869 421 1923 et
467 1863 869 1942 ponderosum
902 1872 1077 1945 atque
1108 1884 1395 1941 crassum,
1432 1867 1536 1926 sed
1589 1867 1916 1948 spirituale,
1953 1880 2011 1929 et

365 1968 580 2030 expers
613 1951 896 2028 materiae,
924 1961 981 2014 et
1010 1955 1138 2034 jam
1169 1955 1475 2025 idoneum,
1514 1954 1668 2035 quod
1696 1955 1755 2017 in
1792 1957 2006 2017 ccelum

363 2039 650 2119 rapiatur,
679 2059 895 2122 corpus
913 2051 1145 2121 gestare
1169 2043 1458 2107 videatur.
1484 2043 1605 2106 Nec
1636 2043 1791 2107 istud
1817 2046 2011 2107 solum

368 2129 558 2206 gratia
589 2128 846 2208 Spiritus
878 2131 938 2193 in
998 2151 1067 2193 eo
1129 2126 1445 2214 operatur:
1513 2133 1615 2195 sed
1652 2152 1761 2196 nec
1792 2134 2012 2197 intueri

370 2217 673 2297 quidpiam
732 2220 1106 2281 sensibilium
1162 2221 1217 2282 ei
1275 2222 1607 2302 permittit:
1668 2223 1759 2285 vel
1819 2224 2014 2304 potius

371 2307 536 2385 quasi
562 2326 679 2368 non
704 2308 1056 2384 intueretur,
1081 2311 1159 2371 ita
1179 2329 1312 2372 eum
1339 2311 1442 2371 has
1473 2330 1569 2373 res
1602 2312 1818 2373 intueri
1851 2313 2009 2375 facit.

372 2395 522 2457 Nam
554 2415 689 2457 cum
717 2417 882 2461 mens
906 2399 981 2460 iis
1003 2418 1134 2480 quae
1167 2399 1678 2479 intelliguntur.se
1694 2401 2010 2473 dediderit,

373 2482 443 2543 ab
476 2482 568 2544 his
599 2504 730 2564 quae
759 2486 819 2547 in
873 2506 1110 2548 sensum
1170 2489 1389 2550 cadunt
1445 2497 1566 2550 tota
1599 2490 1870 2566 eiscedit,
1906 2490 2017 2552 etsi

374 2589 443 2632 ea
468 2572 674 2635 videre
704 2583 759 2635 et
792 2577 1266 2639 animadvertere
1325 2585 1581 2658 putetur.
1618 2580 1716 2642 Sic
1747 2579 1926 2659 igitur
1956 2580 2018 2642 in

375 2660 491 2724 his.
533 2682 745 2744 nempe
775 2684 913 2745 quae
960 2665 1351 2743 in=elligentia
1402 2668 1526 2729 sola
1558 2669 2013 2749 perspiciuntur,

380 2768 733 2827 numerans,
767 2755 1095 2816 secundum
1151 2768 1447 2837 sanctum,
1506 2759 1674 2838 cujus
1730 2759 1831 2819 illa
1860 2778 2015 2821 vox:

2082 528 2304 588 minum
2339 546 2648 589 sermones
2679 528 2844 589 audit
2900 527 2995 589 illa
3057 529 3324 609 quidem,
3379 548 3497 589 non
3531 535 3731 588 tamen

2079 616 2355 697 admittit,
2395 635 2502 681 nec
2560 616 2632 677 ad
2692 637 2757 678 se
2810 626 3122 698 penetrare
3179 618 3400 697 patitur
3436 638 3452 690 ;
3484 619 3587 678 sed
3628 636 3729 677 eos

2079 714 2365 776 aversata,
2395 724 2611 767 vacuos
2635 706 2907 769 dimittit.
2927 706 3263 786 Aliquando
3289 726 3398 768 nec
3415 705 3728 786 allapsum,

2083 803 2183 855 aut
2216 795 2442 872 pullum
2470 815 2677 856 eorum
2713 797 3004 877 percipit:
3039 795 3143 857 sed
3177 814 3510 877 quanquam
3546 795 3729 870 audit,

2086 883 2266 944 veluti
2288 886 2505 945 surdus
2531 904 2643 945 non
2670 885 3100 964 audiensﬂ9,sic
3120 904 3255 964 erga
3269 904 3371 946 eos
3385 884 3728 958 essehabet,

2091 975 2345 1033 l‘rnindc
2376 993 2509 1035 cum
2539 975 2672 1035 talis
2702 977 2978 1051 evaserit,
3006 976 3199 1038 statim
3225 974 3379 1037 Deus
3403 993 3536 1036 eam
3564 974 3735 1037 inha-

2091 1062 2260 1135 bitat,
2297 1063 2564 1143 tiuntque
2596 1065 2653 1125 in
2690 1082 2759 1125 ea
2790 1083 3162 1145 quaecunque
3209 1063 3524 1145 cupiverit,
3555 1063 3733 1126 etiam

2091 1169 2273 1229 supra
2306 1171 2479 1231 quam
2518 1153 2832 1234 cupiverit.
2898 1154 3049 1216 Deus
3091 1155 3248 1216 enim
3281 1173 3415 1215 cum
3448 1153 3525 1214 sit
3555 1173 3733 1216 omne

2093 1240 2338 1315 bonum,
2374 1246 2654 1317 animam,
2717 1243 2774 1304 in
2835 1264 2950 1325 qua
3011 1244 3212 1305 sezlem
3249 1241 3536 1324 posuerit,
3570 1240 3736 1302 omni

2091 1329 2248 1390 bono
2281 1330 2514 1410 implet,
2543 1340 2830 1412 quantum
2866 1333 3018 1414 potis
3050 1341 3138 1393 est
3167 1341 3375 1392 natura
3406 1340 3605 1393 nostra
3627 1330 3736 1391 im-

2093 1418 2238 1498 pleri
2279 1440 2294 1495 ;
2356 1419 2511 1481 Deus
2543 1421 2761 1501 quippe
2791 1441 2823 1483 a
2860 1422 3019 1482 nulla
3049 1441 3113 1482 re
3141 1419 3378 1483 condita
3409 1420 3640 1497 capitur
3667 1439 3735 1482 ac

2090 1508 2433 1570 sustinetur.
2474 1512 2637 1572 Bona
2654 1520 2847 1571 autem
2872 1511 2973 1571 illa
2998 1509 3263 1589 intelligo
3296 1530 3323 1571 :-
3348 1508 3499 1585 Quae
3530 1510 3735 1572 oculus

2088 1616 2203 1658 non
2235 1600 2411 1667 vidit,
2441 1606 2499 1661 et
2521 1602 2689 1661 auris
2706 1619 2829 1663 non
2859 1600 3120 1674 audivit,
3148 1618 3253 1662 nec
3279 1602 3336 1661 in
3360 1601 3735 1662 corhomim's

2091 1689 2491 1750 ascenderunt
2514 1689 2595 1763 70,
2633 1691 2764 1770 ejus
2786 1699 2941 1771 puta,
2974 1690 3074 1770 qui
3101 1690 3230 1752 talis
3256 1690 3518 1751 nondum
3545 1689 3732 1750 exsti-

2094 1777 2159 1836 tit
2215 1774 2407 1847 Quare
2443 1777 2620 1840 etiam
2652 1782 2822 1841 docet
2846 1778 3192 1857 hujusmodi
3224 1778 3529 1840 hominem
3564 1777 3731 1840 habi-

2093 1873 2222 1926 tans
2254 1865 2313 1926 in
2344 1884 2413 1926 eo
2448 1870 2628 1944 Deus,
2661 1867 2734 1930 de
2765 1867 3001 1942 futuris,
3036 1875 3092 1929 et
3126 1867 3570 1946 praesentibus;
3622 1888 3734 1931 nec

2091 1953 2267 2015 verbo
2300 1955 2401 2016 sed
2436 1975 2639 2035 opere,
2664 1957 3049 2036 experientia,
3073 1956 3731 2037 ctreipsaintellectua-

2094 2043 2180 2104 les
2229 2044 2359 2124 ejus
2389 2047 2593 2107 oculos
2623 2050 2915 2122 revolans,
2968 2065 3335 2127 quaecunque
3366 2047 3484 2123 vul,
3515 2054 3572 2109 et
3601 2066 3733 2127 quae

2096 2132 2151 2196 ei
2180 2134 2537 2211 conducum,
2575 2136 2963 2199 demonstrat.
2989 2138 3213 2199 Caetera
3234 2155 3349 2197 non
3377 2136 3728 2215 indaganda.

2097 2239 2208 2281 nec
2239 2223 2580 2301 quaerenda,
2618 2244 2726 2285 nec
2757 2224 2994 2285 curiose
3053 2223 3367 2284 scrutanda
3395 2224 3605 2285 suadet
3633 2224 3687 2275 Ἠ
3717 2241 3734 2300 °,

2096 2310 2579 2391 quandoquidem
2613 2332 2724 2373 nec
2744 2332 2876 2393 quae
2894 2311 3183 2393 Deusipsi
3216 2311 3437 2373 revelat
3472 2322 3746 2376 etOSIen-

2099 2399 2207 2473 dit,
2245 2400 2374 2460 sine
2407 2402 2763 2478 reverentia,
2824 2422 2893 2463 ac
2952 2400 3141 2464 libere
3175 2408 3369 2481 potest
3399 2402 3745 2482 perspicere

2100 2495 2275 2568 atque
2304 2486 2524 2550 intueri
2559 2507 2572 2551 :
2609 2490 2713 2551 sed
2744 2489 2911 2571 quasi
2943 2508 3049 2570 per
3077 2497 3456 2551 transennam
3492 2492 3741 2570 profun-

2100 2576 2343 2639 ditatem
2378 2579 2713 2641 divitiarum
2744 2579 3076 2663 sapientiae,
3137 2588 3196 2642 et
3242 2579 3598 2658 cognitionis
3635 2582 3740 2644 Dei

2099 2665 2447 2746 inspiciens,
2484 2687 2617 2729 mox
2643 2677 2867 2738 aestuat,
2897 2668 3342 2749 etpercellitur,
3377 2679 3564 2731 semet
3587 2672 3741 2751 a-pi-

2105 2754 2290 2829 ciens,
2325 2766 2384 2816 ct
2413 2758 2678 2836 cogitans
2708 2758 2841 2838 quis
2871 2757 2969 2831 sit,
3004 2763 3062 2818 et
3102 2756 3373 2838 qualibus
3402 2760 3742 2838 spectandis

378 2840 598 2928 Nostra
617 2849 821 2905 autem
840 2847 1294 2908 conrcrsatioa'n
1314 2847 2022 2928 cwlisest,nonr‘outem-
2105 2844 2380 2924 dignatus
2404 2846 2498 2909 sit.
2537 2847 2995 2926 Magnitudinem
3043 2847 3203 2908 enim
3233 2845 3609 2925 benignitatis
3638 2847 3746 2910 Dei

376 2926 683 3006 plantibus
703 2933 875 2995 nobis
893 2952 1025 3012 quae
1050 2936 1353 3009 videntur,
1377 2938 1487 2999 sed
1507 2926 1641 3016 quo:
1662 2956 1785 2999 non
1808 2939 2023 3000 viden~
2054 3016 2063 3017 ί
2104 2935 2508 3011 considerans,
2545 2945 2603 2997 et
2632 2936 3081 3017 obstupeseens,
3116 2954 3299 3017 seque
3331 2936 3533 2997 talium
3566 2936 3747 2999 bono-

380 3022 482 3079 tur
503 3018 590 3101 67,
615 3019 1437 3104 ibidetinetur,iliuminatur,
1463 3025 2014 3106 assiduo'spiriauali
2038 3016 2077 3066 ο
2103 3040 2231 3083 rum
2267 3025 2607 3104 spectaculo
2642 3034 2762 3088 toto
2814 3016 3064 3106 pectore
3114 3016 3419 3105 indignum
3454 3033 3741 3102 statuens,

380 3114 547 3195 aetate
577 3107 927 3189 augescens,
982 3121 1040 3173 et
1088 3113 1352 3177 infantiae
1383 3114 1656 3177 sensibus
1689 3117 2010 3189 evacuatis,
2097 3130 2205 3172 nec
2227 3115 2302 3175 ad
2330 3130 2398 3175 ea
2418 3123 2620 3195 aperte
2638 3114 2965 3195 respicere,
2994 3134 3102 3175 nec
3124 3132 3567 3195 eapernoscere
3594 3116 3738 3177 vult:

379 3194 438 3256 in
468 3198 699 3261 virilem
760 3201 1189 3280 perfectionem
1244 3204 1582 3284 proﬁciens.
1645 3203 2018 3286 Quapropter
2097 3200 2199 3260 sed
2228 3194 2544 3266 timore’et
2598 3194 2878 3284 tremore,
2912 3194 2981 3264 ac
3010 3194 3345 3264 reverentia
3398 3212 3732 3266 coarctatus

375 3284 536 3362 juxta
565 3306 904 3351 mensuram
937 3310 1171 3372 quoque
1200 3293 1388 3355 aetatis
1429 3294 1607 3374 hujus
1637 3284 1789 3370 suae,
1810 3284 2018 3355 secun-
2098 3290 2424 3353 exclamat:
2464 3291 2608 3366 Quis
2628 3311 2763 3355 sum
2806 3310 2934 3374 ego,
2971 3293 3249 3368 Domine,
3285 3298 3337 3354 et
3370 3310 3502 3372 qum
3530 3293 3746 3355 dormis

380 3375 516 3435 dum
551 3376 702 3439 vires
734 3386 793 3440 et
820 3379 1152 3443 functiones
1182 3384 1393 3444 animae
1445 3383 1814 3454 immutatur,
1850 3392 1907 3443 et
1941 3382 2014 3444 ad
2095 3380 2295 3458 patris
2325 3388 2438 3443 mei
2483 3382 2566 3459 72,
2622 3382 2904 3463 quoniam
2965 3382 3102 3444 talia
3160 3382 3441 3463 mysteria
3498 3383 3744 3463 indigno

383 3464 655 3526 mandata
683 3466 786 3529 Dei
836 3469 1152 3533 factitanda
1204 3472 1413 3533 fortior
1469 3490 1537 3535 ac
1591 3472 1891 3552 potentior
1919 3471 2002 3533 fit.
2100 3469 2473 3533 committere
2504 3490 2621 3532 non
2651 3470 2955 3542 dubitasti.
2993 3488 3205 3551 meque
3228 3479 3524 3534 tantorum
3559 3471 3742 3534 bono.

383 3552 523 3624 Quae
553 3556 818 3635 quotidie
847 3558 1124 3639 implens,
1160 3579 1265 3641 pro
1316 3561 1585 3642 portione
1616 3561 2011 3623 exsecutionis
2095 3572 2226 3615 rum
2253 3565 2484 3619 tuorum
2513 3579 2630 3621 non
2654 3560 2831 3621 modo
2852 3560 3408 3640 contemplatorem,
3434 3562 3536 3623 sed
3558 3562 3741 3623 etiam

382 3654 582 3700 eorum
616 3642 808 3705 adhuc
839 3655 1138 3726 purgatur,
1191 3648 1577 3729 splendescit,
1612 3650 2013 3724 collustratur,
2104 3645 2446 3727 participem
2502 3657 2560 3710 et
2614 3659 2952 3713 consortem
3012 3648 3448 3710 admirabiliter
3494 3651 3747 3712 fecisti?

383 3746 733 3807 magnorum
797 3736 1206 3814 mysteriorum
1281 3738 1673 3799 revelationes
1731 3750 2015 3810 meretur,
2104 3732 2259 3794 Talis
2289 3735 2484 3817 itaque
2516 3738 2765 3819 quijam
2796 3756 2978 3818 super
3024 3756 3261 3799 omnem
3314 3747 3646 3799 creaturam
3679 3757 3745 3801 se

383 3834 634 3909 quorum
674 3823 1131 3901 profunditatem
1167 3846 1342 3889 nemo
1374 3827 1608 3889 illorum
1642 3827 1742 3909 qui
1772 3828 1834 3888 in
1864 3847 2022 3890 eam-
2106 3823 2332 3898 extulit,
2364 3834 2523 3888 retro
2554 3828 2779 3903 redire,
2817 3838 2874 3888 et
2913 3845 3047 3905 quae
3079 3834 3365 3888 creaturae
3393 3835 3550 3901 sunt,
3581 3827 3643 3887 in
3674 3826 3747 3888 iis

383 3905 516 3968 dem
542 3911 854 3998 puritatem
875 3923 933 3976 ut
956 3917 1383 3998 eveheruntur,
1411 3936 1531 3978 non
1553 3905 2017 3993 contenderunt,
2107 3910 2339 3975 curiose
2387 3915 2759 3994 inquirendis
2773 3913 2999 3977 versari
3021 3913 3421 3976 minimevult.
3443 3913 3588 3975 Nam
3606 3934 3741 3976 cum

384 4004 485 4055 aut
513 3997 655 4061 vidit
688 4020 972 4083 unquam,
1007 4012 1106 4067 aut
1135 4005 1339 4068 videre
1369 3997 1588 4087 potest,
2104 4000 2449 4078 angelorum
2483 4002 2799 4066 Dominum
2832 4002 3131 4084 possidea,
3191 4003 3508 4065 essentiam
3544 4013 3604 4065 et
3631 4022 3741 4065 na-

464 4090 740 4168 Mysteria
800 4100 993 4155 autem
1052 4094 1209 4173 dico,
1268 4114 1398 4173 qua;
1456 4115 1589 4157 cum
1640 4094 1714 4156 ab
1746 4093 2025 4156 omnibus
2110 4094 2297 4148 turam
2335 4089 2794 4153 ministrantium
2854 4091 2912 4152 ei
2968 4091 3313 4171 angelorum
3349 4092 3747 4172 pervestigare

382 4173 710 4252 videantur,
751 4201 868 4244 non
901 4191 1096 4247 tamen
1142 4184 1759 4265 comprehunduntur.
1791 4183 2078 4265 Etenim_
2108 4174 2411 4251 abhorret,
2445 4198 2580 4241 cum
2611 4180 2779 4255 sciat,
2813 4178 2937 4242 Deo
2997 4198 3113 4241 non
3146 4180 3409 4261 placere,
3439 4181 3744 4244 hominem

388 4282 554 4327 mens
583 4285 616 4328 a
635 4269 859 4350 Spiritu
902 4275 1243 4336 innovatore
1273 4260 1625 4348 illuminata,
1661 4272 1839 4335 etiam
1874 4292 2022 4334 ocu-
2043 4260 2235 4346 unaa
2262 4284 2439 4348 supra
2470 4268 2773 4331 hominem
2802 4277 2958 4344 sunt,
2996 4286 3104 4351 Ρθτ
3133 4260 3540 4333 (infimitatem
3568 4270 3745 4333 inda-

386 4353 475 4415 los
504 4373 707 4435 novos,
736 4378 909 4423 aures
930 4362 1071 4423 item
1095 4382 1276 4425 novas
1296 4361 1569 4444 acquirit,
1605 4370 1669 4422 ut
1698 4362 1773 4423 de
1806 4369 2021 4423 caetero
2104 4372 2266 4432 gare.
2299 4357 2360 4420 Si
2384 4359 2543 4419 enim
2561 4357 2715 4439 jussi
2757 4376 2961 4421 sumus
3000 4357 3229 4421 divinas
3259 4357 3597 4441 Scripturas
3628 4378 3747 4423 non

386 4460 500 4505 non
531 4453 597 4508 ut
624 4448 799 4511 homo
816 4452 1123 4513 sensibilia
1149 4452 1534 4526 sensibiliter,
1569 4450 1673 4513 sed
1700 4459 1761 4511 ut
1783 4452 2022 4513 homine
2105 4444 2337 4507 curiose
2366 4447 2666 4510 discutere
2693 4448 2776 4527 73,
2839 4449 3022 4510 multo
3085 4447 3267 4527 magis
3312 4466 3491 4528 supra
3524 4468 3592 4512 ea
3616 4467 3749 4531 quae

379 4531 500 4609 jam
532 4536 828 4620 superior,
868 4540 1171 4603 sensibilia
1201 4550 1260 4604 et
1289 4559 1575 4622 corporea
1606 4538 2018 4620 spiritualiter,
2103 4532 2324 4614 εοτὶριει
2376 4545 2534 4611 sunt.
2591 4556 2699 4599 1108
2755 4540 3021 4600 curiosos
3097 4554 3232 4599 esse
3289 4537 3532 4599 οῐηηίηο
3593 4538 3749 4600 hand

387 4630 441 4681 et
472 4630 751 4705 tanquam
781 4628 1757 4711 similitudinesinaspectabilium,
1779 4646 2021 4689 eorum-

387 4728 499 4789 que
544 4712 762 4779 turmas
817 4720 973 4781 velut
1027 4722 1317 4783 informes
1371 4738 1440 4782 ac
1498 4717 1698 4799 specie
1746 4727 2024 4779 carentes

386 4801 664 4879 intuetur,
698 4805 999 4890 auditque,
1032 4829 1150 4872 non
1208 4818 1271 4872 ut
1325 4807 1617 4890 quispiam
1648 4806 1882 4883 diXerit,
1915 4825 2021 4868 vo-

387 4905 538 4967 cem,
572 4902 672 4956 aut
703 4915 876 4960 voces
902 4899 1261 4976 hominum;
1297 4898 1400 4959 sed
1442 4896 1656 4971 setius,
1686 4905 1743 4958 et
1771 4895 2022 4958 viventis

388 4981 588 5062 Verbi,
623 4990 859 5069 quando
890 5010 996 5072 per
1028 4993 1346 5054 humanam
1378 5008 1580 5051 vocem
1607 5008 1671 5051 se
1696 4988 2032 5058 exeruerit.

387 5073 513 5137 Hoc
544 5078 728 5156 enim,
764 5087 822 5142 et
850 5081 1064 5158 solum,
1100 5089 1376 5162 tanquam
1405 5087 1608 5141 notum
1630 5077 1769 5153 sibi,
1795 5087 1854 5140 et
1881 5077 2035 5139 ami-

387 5187 523 5230 cum
551 5189 657 5252 per
686 5191 860 5235 aures
888 5174 1086 5236 anima
1115 5174 1387 5254 suscipit,
1422 5173 1597 5253 eique
1628 5170 1853 5232 aditum
1889 5190 2028 5232 con-

388 5258 567 5335 cedit,
598 5272 659 5323 et
685 5270 997 5343 receptum
1052 5262 1246 5325 libens
1274 5260 1655 5342 amplectitur
1688 5278 1702 5323 :
1757 5259 1912 5322 sicut
1950 5258 2031 5321 ait

386 5346 672 5415 Dominus
690 5373 702 5415 :
738 5351 898 5416 Oves
914 5370 1063 5417 meae
1079 5370 1274 5417 vocem
1286 5369 1477 5414 meam
1494 5350 1778 5427 audiunt,
1806 5350 2032 5413 alieno-

2107 4631 2358 4701 oportet.
2409 4624 2572 4688 Talis
2612 4629 2797 4690 Deum
2832 4625 3012 4702 videt,
3058 4633 3345 4707 quantum
3371 4627 3498 4690 ﬁeri
3531 4636 3748 4706 potest,

2108 4719 2166 4772 et
2190 4723 2473 4792 quantum
2503 4715 2620 4796 ipsi
2649 4718 2771 4779 Deo
2802 4714 2972 4796 libet,
3007 4725 3064 4777 et
3116 4733 3353 4795 semper
3383 4735 3516 4778 eum
3551 4716 3752 4778 videre

2105 4804 2324 4880 studet,
2355 4813 2528 4886 atque
2558 4813 2623 4867 ut
2657 4812 2786 4886 post
2807 4804 3033 4867 obitum
3078 4804 3292 4880 videat,
3330 4813 3616 4886 perpetuo
3646 4822 3750 4867 ro-

2103 4901 2218 4972 gat,
2253 4900 2312 4955 et
2341 4895 2466 4956 sola
2495 4897 2627 4976 ejus
2664 4894 2891 4956 visione
2912 4903 3251 4971 contentus,
3287 4894 3435 4955 nihil
3466 4903 3757 4975 praeterea

2112 4982 2388 5064 requirit.
2420 4982 2593 5047 Unde
2620 5003 2733 5047 nec
2761 4985 2951 5047 Deum
3008 5001 3077 5046 ac
3134 4982 3448 5046 Dominum
3478 5001 3675 5060 suum,
3721 5003 3757 5045 a

2115 5091 2231 5154 quo
2260 5072 2800 5153 repleturlumine,
2856 5081 2915 5135 et
2968 5091 3002 5134 a
3056 5090 3175 5152 quo
3231 5072 3362 5134 vitae
3388 5070 3661 5148 sincerae,
3696 5077 3756 5133 et

2114 5164 2476 5247 incorruptae
2505 5163 2865 5246 voluptatem
2919 5160 3116 5237 habet,
3178 5159 3544 5241 relinquere,
3593 5167 3651 5220 et
3679 5160 3754 5221 ad

2112 5272 2218 5315 sua
2240 5253 2474 5316 vincula
2494 5254 2797 5335 respicere
2817 5251 3001 5333 cupit.
3021 5249 3182 5312 Talis
3211 5251 3391 5324 visus,
3428 5248 3552 5310 sive
3582 5248 3757 5311 desu-

2113 5362 2221 5425 per
2243 5362 2278 5405 a
2302 5344 2424 5407 Deo
2457 5344 2812 5419 illustratus,
2859 5350 2919 5404 et
2967 5339 3096 5421 ipse
3152 5337 3593 5420 praecellentem
3624 5337 3756 5417 ejus

472 5508 542 5594 οἶ
562 5510 822 5594 Philipp.
858 5528 923 5589 tt,
957 5512 1077 5591 20;
1108 5510 1162 5575 II
1189 5511 1322 5577 Cor.
1358 5510 1614 5594 tv,_18.__
1652 5507 1900 5594 38.10am.
1933 5526 1996 5590 Χ,

2096 5510 2128 5568 i.
2215 5506 2280 5559 69
2304 5504 2462 5569 Psal.
2494 5519 2725 5583 xxxvu,
2757 5501 2859 5566 14.
2946 5496 3056 5561 τοι
3086 5498 3221 5564 Cor.
3255 5479 3409 5577 “,9.
3492 5494 3546 5539 71
3576 5496 3754 5558 Rom.

392 5605 475 5667 ιι,
512 5590 611 5656 33.
697 5589 838 5657 79⁷11
869 5597 1022 5675 Reg.
1055 5589 1161 5676 vn,
1194 5594 1295 5660 18.
1379 5591 1433 5636 ⁷³
1454 5589 1641 5655 Eccli.
1671 5607 1759 5669 m,
1789 5590 1892 5655 22.
